1890 2826
673 189 706 211 IN

84 252 508 334 ἑὲῑξὲέᾞειέῑρέῒᾚ
493 261 522 319 a
531 248 722 325 ιέῑιςέίεῑῖᾱ,
734 261 853 324 ama

84 323 241 373 ἀποφάσεως
253 334 271 367 ἡ
286 331 347 367 δίκη
362 330 405 360 ἐπὶ
421 329 463 358 σοὶ
477 330 607 358 ἀνατελεῖ.
623 328 690 359 τΌτε
704 330 734 358 τὸ
747 329 851 368 ἔκγονον

84 373 197 408 &utba-H:
210 371 311 404 κοιλίας
328 382 376 400 σου
398 369 489 409 με’λλει
510 367 680 409 ἐξέρχεσθαι,
702 368 763 398 τότε
806 380 852 405 νη-

84 411 170 451 σθήοῃ
181 413 235 440 τῶν
250 410 376 451 ῥημάτων
393 421 457 448 μου·
476 408 520 438 ὅτε
534 408 654 446 ἐνόδύνῃ
675 408 736 442 τοὺς
758 380 852 442 πύξους

82 453 230 520 ‘'wilfi‘'
243 451 302 480 τότε
311 447 852 521 ffiess'ffss‘ssffivfffflssffssffiss

84 502 140 521 σει·
184 503 196 520 ε
209 502 238 520 σε
259 502 311 520 κατ
607 510 615 524 ,

83 532 131 566 τῆς
152 530 270 570 κατάρας
291 528 489 569 μνημονεύσεις.
506 529 601 557 Ταῦτα
623 527 670 558 καὶ
691 527 726 556 τὰ
749 526 852 561 τούτοις

83 570 161 609 ὅμοια
181 573 198 600 ὁ
216 569 300 609 Ἀδὰμ
321 568 385 609 πρὸς
405 568 454 604 τὴν
475 567 601 607 ὁμόζυγον
616 568 644 596 ἐν
657 566 751 618 πικρίᾳ
763 568 852 607 ψυχῆς

82 609 259 651 προσεφώνει·
280 608 380 642 τούτοις
403 612 457 641 τοῖς
479 607 567 646 λόγοις
591 608 785 643 καταπληττων
801 606 851 642 τὴν

82 649 155 679 Εὔαν
167 651 229 679 καθ”
238 649 352 685 ἑκάστην
364 647 483 687 ἡμέραν,
498 645 705 687 ἀπαραμύθητον
720 646 769 683 τὴν
780 646 851 686 ᾠδὴν

83 690 112 718 ἔτ
129 688 240 728 αγῴδει·
253 688 354 718 τούτων
372 690 425 717 τῶν
439 686 551 727 θλίψεων
570 688 585 716 ὁ
601 685 808 725 πρωτόπλαστος
819 686 852 716 τὸ

83 701 196 768 πᾷαγος
209 728 383 767 κεκτημένος,
397 726 446 763 τὴν
463 726 590 762 θεήλατον
602 725 780 765 πολυμόχθοις
793 726 851 760 ἑξε-

83 764 186 808 πλῆρου
199 768 290 808 ὀργήν.
305 766 469 803 Ἠκούσατε,
482 761 505 795 ὦ
517 765 597 796 τέκνα
607 787 616 802 ,
638 769 684 795 τοῦ
705 765 788 804 Ἀδὰμ
802 765 851 802 τὴν

83 807 240 837 διάπλασιν·
263 807 394 847 ἐγνώκατε
415 807 495 836 αὐτοῦ
517 807 565 841 τῆς
586 807 667 844 τιμῆς
689 805 737 841 τὴν
759 804 850 839 ἀξίαν·

733 188 879 212 GENESIM
905 188 1017 211 SERMO
1048 189 1081 211 ΙΙΙ
1089 205 1097 213 .

1578 180 1644 226 64ι

903 255 969 278 tunc
981 249 1116 279 sententiae
1135 249 1195 279 latae
1207 256 1312 291 tempus
1323 252 1442 291 orietur3
1456 263 1518 283 cum
1531 259 1556 283 te
1568 253 1649 283 dolo-

903 298 946 317 res
960 296 1054 327 partus
1079 289 1289 329 apprehendent,
1300 298 1364 320 tune
1377 292 1428 321 Dei
1451 292 1649 323 maledictionis

901 327 1095 358 recordaberis.
1113 329 1162 358 His
1182 337 1209 359 et
1229 330 1366 360 similibus
1379 342 1492 361 uxorem
1504 332 1532 361 in
1546 334 1648 362 amari—

903 366 998 396 tudine
1023 367 1118 397 animae
1144 369 1232 398 Adam
1255 369 1443 409 alloquebatur
1457 383 1464 400 ε
1489 371 1533 400 his
1556 372 1648 402 verbis

902 406 992 436 Evam
1008 407 1130 445 quotidie
1144 408 1284 448 increpans
1302 410 1380 439 nulla
1401 411 1514 440 mixtam
1524 411 1648 440 consola-

901 445 974 475 tione
987 446 1149 476 cantilenam
1168 449 1268 488 tragice
1281 449 1436 489 emittebat3
1449 451 1477 480 in
1491 451 1648 490 hujusmodi

901 495 1081 516 aerumnarum
1095 487 1190 526 pelago
1212 488 1318 527 primus
1335 488 1418 518 homo
1444 489 1577 520 divinitus
1595 491 1648 519 im-

901 524 1011 554 missam
1024 525 1094 555 iram
1111 537 1174 555 cum
1187 527 1283 556 'multo
1303 528 1396 558 labore
1409 529 1571 569 excipiebat.
1585 531 1648 559 Au-

900 563 992 602 distis,
1006 575 1022 593 o
1039 565 1101 602 filii,
1116 565 1214 595 Adami
1228 566 1414 597 formationem
1426 580 1434 604 3
1448 569 1531 598 nostis
1553 569 1647 609 digni-

900 609 982 633 tatem
1002 604 1056 644 ipsi
1077 605 1218 643 collatam;
1234 605 1368 636 didicistis
1389 607 1460 637 dona
1486 619 1500 637 a
1523 610 1581 638 Deo
1594 609 1648 648 ipsi

900 643 997 672 collata
1007 655 1016 682 5
1033 643 1139 674 vidistis
1157 646 1216 685 ejus
1228 646 1447 686 transgressionis
1457 648 1577 685 exitum3
1590 649 1649 688 ejus

899 693 954 712 non
974 683 1166 713 consolabilem
1179 685 1338 730 tragoediam
1356 685 1507 717 deflevistis
1517 698 1526 725 3
1539 687 1649 717 vidistis

901 733 964 752 eum
976 733 991 751 e
1003 723 1111 763 regione
1119 724 1239 764 paradiffl
1249 732 1374 755 moestum
1387 737 1418 755 ac
1428 726 1588 756 demissum.
1600 727 1649 756 Fi-

901 772 998 791 nemne
1015 763 1110 792 orandi
1123 764 1261 800 faciemus,
1275 775 1308 794 an
1323 766 1493 795 narrabimus
1506 766 1648 797 odiosissiv

901 802 1061 832 mamillam
1074 803 1260 840 hereditatem,
1271 815 1353 843 quam
1375 806 1435 835 Eva
1457 805 1558 835 suturis
1578 806 1648 835 reli-

866 413 885 437 E

82 847 193 886 ἐμάθετε
213 847 289 877 τὸέκ
308 848 379 876 Θεοῦ
399 845 505 882 &edm
518 844 756 885 αὐτῷ·ἑθεάσασοε
770 841 960 885 αὖτοῦωςιιίῑ
982 843 1220 881 generationibus?
1241 844 1354 874 Necesse
1374 851 1414 874 est
1434 855 1555 874 sermone
1576 845 1647 875 ultra

82 887 190 923 καὶτῆς
209 886 384 927 παραδόσεως
399 885 448 921 τὴν
472 885 594 919 ἐξέωσιν·
609 885 756 915 ἐκλαύσατε
770 886 850 914 αὐτοῦ
865 893 886 915 Α
901 881 1026 926 progredi
1036 905 1046 917 ,
1062 888 1092 911 ut
1110 883 1237 912 omnibus
1257 893 1411 913 enarremus
1435 884 1511 913 illam
1529 884 1645 914 maledi-

82 925 351 966 rhvimpnutiflnwv
368 924 516 965 τραγῳδίαν
525 937 532 943 ·
546 924 675 965 ἐὸλέψατε
688 925 766 954 αὐτὸν
783 925 851 954 ἀπέ-

81 969 214 1002 vamme?
226 978 265 995 πα
282 965 386 996 αδείσου
400 965 508 1004 στυγνὸν
530 964 575 994 καὶ
593 966 699 1005 κατηφῆ
714 964 849 1003 γεγονότα.

82 1005 222 1044 Σειῆσομεν
283 1017 315 1045 -ρι
334 1005 427 1035 τούτου
447 1005 492 1034 τὸν
513 1004 608 1043 λόγον,
628 1004 647 1039 ἢ
669 1006 712 1039 διη
750 1003 851 1042 σόμεθα

82 1044 149 1085 ἅπερ
159 1047 225 1084 ἡμῖν
235 1048 252 1081 ἡ
268 1017 324 1075 ἔῦα
335 1044 511 1084 κληρονομίαν
523 1043 647 1083 ἐχθίστην
658 1055 709 1072 κατ
741 1052 782 1072 ιπε
794 1047 852 1076 ταῖς

82 1085 226 1123 μετέπειτα
252 1089 370 1123 γενεαῖς;
394 1085 546 1122 Ἀναγκαῖον
568 1086 685 1121 μηκῦναι
707 1083 751 1112 τὸν
774 1082 851 1121 λόγον

81 1125 148 1164 πρὸς
165 1125 196 1154 τὸ
209 1124 343 1157 ὑποδεῖξαι
356 1128 424 1152 πᾶσι
444 1122 498 1158 τὴν,
511 1124 542 1152 ἐκ
560 1125 607 1158 τῆς
627 1121 745 1161 κατάρας
765 1122 852 1152 θεόθεν

81 1163 223 1202 γενομένην
235 1163 356 1202 πληγήν·
371 1164 428 1196 πῶς
442 1162 550 1198 εὔδηλος
563 1164 628 1201 ἡμῖν
641 1164 659 1197 ἡ
674 1161 732 1198 δίκη
746 1161 851 1201 γέγονε,

82 1202 128 1232 καὶ
140 1202 200 1236 τοὺς
212 1202 287 1243 ὅρους
295 1203 378 1238 αὐτῆς
392 1201 425 1240 μέ
445 1213 486 1241 ρις
503 1203 596 1235 αἰῶνος
608 1205 747 1241 συντηρεῖ,
763 1201 808 1231 καὶ
821 1202 852 1232 τὸ

81 1241 127 1271 τοῢ
153 1243 223 1272 Θεοῦ
249 1242 360 1282 ἀψευδὲς
385 1214 471 1280 στοξια
491 1241 522 1271 τὸ
545 1240 745 1281 ἀποφηνάμενον
765 1242 832 1280 αὐτῇ
843 1252 851 1260 ·

81 1281 227 1317 Πληθύνων
237 1283 362 1317 πληθυνῶ
374 1281 422 1314 τὰς
433 1280 519 1313 λύπας
530 1291 576 1310 σου
590 1280 635 1310 καὶ
648 1280 693 1310 τὸν
705 1280 851 1319 στεναγμόν

82 1332 142 1350 σοιν
157 1321 203 1351 καὶ
215 1320 392 1390 &Gerasimos
411 1320 459 1356 τὴν
478 1319 548 1354 λέξιν
561 1323 668 1360 φανεροῖ
680 1323 739 1353 ταῖς
750 1324 851 1359 γενεαῖς

83 1360 202 1394 ταύταις.
252 1371 319 1400 σπερ
335 1360 388 1400 γὰρ
401 1371 452 1399 μορ
491 1371 504 1388 ν
519 1359 620 1400 μητρὸς
634 1359 753 1395 εἷκονίζει
770 1359 850 1399 θυγά-

85 1412 148 1440 τηρ,
159 1400 213 1430 εἴτε
232 1400 427 1440 δι’,ὀφθαλμοῢ,
441 1411 454 1428 ε
465 1410 495 1428 τε
512 1398 556 1428 διὰ
569 1398 724 1439 προσώπου,
739 1399 792 1428 εἴτε
807 1399 851 1429 διὰ

84 1439 204 1476 ἡλικίας·
217 1439 285 1470 οὕτω
296 1439 342 1470 καὶ
354 1443 398 1470 νῦν
410 1437 504 1479 μέχρις
513 1440 606 1472 αἰῶνος
617 1439 721 1474 εἰσῆλθε
733 1439 848 1478 κοσμικὴ

85 1482 103 1516 ἡ
117 1480 193 1517 δίκη,
210 1479 326 1530 ’καὶΙὲως
345 1480 394 1515 τῆς
413 1477 561 1512 συντελείας
572 1477 607 1507 τὰ
620 1477 704 1518 μέτρα
725 1479 808 1514 αὐτῆς
820 1480 849 1509 οὔ

83 1521 414 1597 παῖῖλτῖδῗετιὲιῖᾝέῗῖῑμῇ
428 1557 638 1591 ἀναπετάσαντες
656 1557 722 1598 πρὸς
738 1558 788 1595 τὴν
801 1560 850 1594 τῆς

84 1598 231 1637 διηγήσεως
252 1597 368 1631 ἐξέτασιν
391 1597 629 1637 ἑμφιλοχωρήσατε
638 1619 648 1633 ,
674 1598 719 1627 καὶ
743 1598 778 1627 τὰ
802 1600 850 1633 τῆς

84 1637 208 1674 ἀληθείας
218 1637 370 1677 διηγήματα
383 1638 409 1666 ἐν
423 1640 481 1669 ταῖς
494 1638 568 1675 ὑμῶν
589 1636 713 1670 διανοίαις
728 1637 848 1676 περιθέν-

83 1689 141 1713 τες,
153 1676 271 1716 ἀσμένως
284 1679 368 1706 ταῦτα
388 1675 530 1705 ἀκούσατε.
545 1677 586 1706 Οὐ
599 1675 651 1715 γὰρ
668 1676 729 1716 περὶ
744 1676 850 1716 σωφρό-

83 1728 134 1746 νων
149 1717 194 1746 καὶ
206 1715 314 1746 δικαίων
324 1717 454 1755 γυναικῶν
472 1715 503 1744 τὸ
516 1714 623 1755 θέατρον
636 1718 682 1745 τοῦ
696 1715 774 1754 λόγου
786 1717 849 1745 ἀνε-

83 1756 246 1796 καθήραμεν,
260 1755 328 1785 ἀλλὰ
341 1754 402 1794 περὶ
428 1756 549 1794 πονηρῶν
570 1754 616 1784 καὶ
629 1754 782 1785 ἀκολάστων
803 1755 849 1784 καὶ

84 1796 206 1835 βεὸήλων
222 1797 237 1825 ὁ
252 1794 328 1834 λόγος
344 1797 392 1830 τῆς
405 1793 551 1833 διηγήσεως
565 1794 741 1835 ἀνιστορήσει.
763 1794 847 1824 Ποίαν

82 1835 157 1870 τάξιν
163 1837 254 1864 αὐτῶν
268 1837 282 1864 ὁ
294 1834 370 1874 λόγος
382 1833 564 1874 παραστήσει;
575 1836 628 1863 τῶν
641 1834 787 1874 παρθένων,
795 1835 848 1864 τῶν

82 1876 183 1915 ἀνδρῶν
196 1875 286 1911 κοίτην
302 1874 339 1913 μὴ
355 1877 366 1890 ²
377 1872 555 1912 ἀγνοούντων;
569 1875 621 1902 τῶν
640 1875 666 1902 ἔν
679 1873 758 1914 γάμῳ
769 1885 848 1914 περι-

81 1914 208 1944 ελθόντων
218 1914 263 1944 καὶ
274 1913 450 1952 τεκνογονίαις
457 1912 578 1953 μητέρων
587 1913 734 1952 γενομένων
744 1925 750 1945 ;
764 1913 782 1949 ἢ
795 1915 848 1942 τῶν

81 1953 384 1993 ἐγκαταλιμπανομένων
397 1954 424 1982 ἐν
438 1952 573 2002 χηρείαις,
585 1952 630 1981 καὶ
648 1951 693 1982 τὸν
713 1956 759 1982 τοῦ
776 1954 847 1982 Θεοῦ

80 1993 161 2024 οόὸον
179 1993 217 2033 μὴ
241 1993 424 2032 κεκτημένων;
443 1993 519 2022 Αλλὰ
542 1992 647 2025 πάντως
670 1992 719 2028 τὴν
738 1992 847 2032 πρώτην

79 2025 185 2069 ἦλικίαν
199 2033 298 2063 δίκαιον
312 2033 357 2062 καὶ
370 2031 440 2061 ὅσιόν
453 2033 509 2061 ἔστι
525 2033 630 2072 πρῶτον
644 2031 781 2068 ἐξετάσαι,
803 2032 849 2061 καὶ

79 2073 162 2106 οὕτως
186 2075 222 2106 εἰς
243 2073 290 2106 τὰς
317 2072 459 2111 μετέπειτα
478 2070 551 2105 ἀξίας
582 2072 750 2101 ἐπεισελθεῖν.
775 2071 848 2111 Φέρε

80 2108 125 2142 οὖν
137 2114 190 2141 τῶν
203 2111 325 2141 νεανίδων
343 2112 375 2141 τὸ
387 2111 477 2150 τάγμα
490 2113 527 2144 εἷς
541 2110 620 2150 μέσον
634 2110 846 2151 παρεισάξωμεν,

79 2154 132 2181 τῶν
142 2151 286 2180 δοκούντων
299 2146 365 2180 εἶναι
379 2151 525 2191 παρθένων,
534 2150 578 2180 καὶ
588 2151 797 2190 ἐγκαυχωμένων
812 2153 846 2190 τῇ

80 2190 171 2230 ἁγνεία
185 2191 282 2226 αὐτῶν,
300 2190 346 2220 καὶ
358 2189 420 2229 περὶ
432 2190 534 2219 τούτων
546 2190 591 2219 τὸν
604 2189 681 2229 λόγον
703 2190 847 2230 παραστή-

79 2242 178 2269 σωμεν.
195 2229 232 2259 Τί
251 2231 337 2259 αὐτῶν
351 2229 429 2266 εἶπω;
444 2229 488 2259 Τὰ
506 2229 648 2269 σχήματα,
660 2228 691 2258 τὸ
708 2225 785 2265 ἦθος,
797 2229 845 2265 τὴν

79 2270 192 2306 σύνεσιν,
204 2270 261 2302 πῶς
274 2267 414 2308 ἅγρεύουσι
426 2268 486 2302 τοὺς
505 2268 578 2301 νέους
593 2272 647 2302 τοῖς
669 2268 781 2301 δικτύοις
797 2271 846 2298 αὖ·

78 2312 131 2339 τῶν
143 2310 189 2339 καὶ
201 2313 254 2342 τοῖς
268 2308 430 2346 δελεάσμασι
442 2319 448 2325 ·
460 2306 607 2340 1’πολλάκις
623 2308 650 2336 ἐν
663 2312 718 2341 τοῖς
730 2307 845 2338 κουὸου-

78 2350 174 2382 κλείοις
188 2350 275 2378 αὐτῶν
294 2347 476 2387 διερχόμεναι,
490 2346 535 2376 καὶ
545 2346 625 2376 τόπον
640 2348 670 2375 ἐκ
685 2347 766 2376 τόπου
783 2348 844 2376 δια-

77 2388 232 2429 τρέχουσαι,
246 2387 290 2417 διὰ
308 2390 353 2416 τοῦ
377 2386 538 2425 βαδίσματος
559 2387 612 2415 τῶν
634 2386 723 2415 ποδῶν
745 2386 844 2416 κτύπον

79 2429 250 2465 ἀποτελοῦσι,
263 2427 308 2457 καὶ
329 2426 499 2466 μειδιάμασιν
512 2424 701 2465 ἀσχημοσύνης
709 2429 720 2442 ⁰
729 2425 846 2466 θορύὸων

108 2527 119 2537 n
136 2517 228 2550 [savit.
242 2518 310 2550 conj.
325 2522 450 2551 ἀγνοουσῶν
463 2522 489 2542 et
502 2516 684 2551 περισλθουσῶν.]

111 2558 124 2576 1,
142 2556 219 2582 Multa
232 2555 272 2581 hie
282 2555 411 2581 adduntur
421 2555 489 2588 apud
500 2554 634 2587 SaviLquae
646 2555 672 2580 in
683 2554 737 2580 MS.
748 2560 836 2580 nostro

79 2605 128 2621 non
150 2601 264 2625 exstant,
283 2603 386 2628 «piaeque
405 2593 520 2619 consulto
534 2592 673 2625 mittimus,
686 2602 717 2619 ne
739 2599 835 2619 tantam

900 927 996 950 ettonis
1020 921 1127 961 plagam
1154 921 1285 952 divinitus
1308 923 1455 953 immissam
1479 935 1486 952 ε
1511 923 1647 963 quomodo

900 959 978 989 nobis
1001 960 1137 990 damnatio
1159 961 1302 1001 conspicua
1325 962 1449 999 evaserit,
1464 963 1645 1003 terminosque

901 1009 964 1028 suos
979 1010 1063 1038 usque
1075 1000 1103 1029 in
1117 1001 1245 1030 saeculum
1259 1010 1407 1036 conservet,
1422 1009 1448 1032 et
1463 1013 1545 1041 quam
1556 1003 1645 1033 veraci

901 1048 948 1068 ore
961 1039 1034 1068 Deus
1053 1040 1198 1079 protulerit
1217 1040 1289 1069 illud
1303 1053 1309 1069 :
1326 1042 1531 1081 Multiplicans
1545 1044 1645 1072 multi·
1658 1049 1714 1070 Gen.
1723 1047 1745 1071 3.
1760 1046 1794 1070 ιδ.

902 1079 974 1107 cabo
996 1078 1110 1109 dolores
1135 1086 1198 1109 tuos
1220 1086 1249 1110 et
1272 1082 1411 1120 gemitum
1436 1088 1519 1111 tuum
1537 1094 1545 1111 .-
1567 1084 1644 1123 cujus

901 1117 967 1147 dieti
998 1118 1153 1148 firmitatem
1187 1119 1231 1149 his
1267 1120 1481 1159 generationibus
1513 1121 1643 1152 declarat.

901 1157 1137 1194 Quemadmodum
1149 1159 1220 1188 enim
1234 1160 1327 1189 matris
1350 1161 1464 1190 formam
1482 1160 1540 1190 filia
1552 1162 1645 1198 refert,

901 1197 959 1227 sive
977 1207 1026 1236 per
1038 1198 1141 1236 oculos,
1155 1198 1213 1229 sive
1223 1209 1273 1238 per
1294 1199 1400 1235 faciem,
1413 1199 1470 1230 sive
1490 1211 1539 1240 per
1559 1208 1646 1231 statu-

901 1247 959 1266 ram
975 1248 982 1264 :
999 1237 1036 1266 ita
1048 1243 1075 1266 et
1087 1248 1159 1267 nunc
1179 1248 1265 1277 usque
1279 1238 1308 1268 in
1331 1239 1461 1268 saeculum
1485 1240 1645 1270 universalis

900 1276 950 1305 illa
960 1275 1097 1306 damnatio
1120 1277 1252 1317 procedit,
1265 1284 1291 1307 et
1304 1289 1430 1309 mensura
1443 1279 1503 1319 ejus
1517 1290 1602 1319 usque
1616 1280 1645 1309 in

901 1315 1032 1346 saeculum
1045 1326 1100 1346 non
1113 1317 1337 1348 commovebitur.

867 1489 886 1514 B

939 1561 979 1590 k:
992 1562 1098 1592 Verum
1110 1569 1202 1607 aperta
1215 1569 1304 1591 mente
1313 1562 1348 1592 ad
1362 1563 1520 1593 narrationis
1529 1560 1639 1594 examen

899 1600 1026 1636 accedite,
1046 1607 1072 1630 et
1095 1611 1185 1630 ammo
1211 1602 1342 1642 perceptis
1366 1603 1486 1632 veritatis
1512 1603 1638 1641 eloquiis,

898 1639 942 1668 his
959 1639 1065 1685 placide
1078 1651 1154 1669 aures
1171 1640 1307 1670 adhibete.
1322 1642 1383 1671 Non
1403 1642 1475 1670 enim
1492 1641 1526 1671 de
1539 1649 1641 1684 tempe-

898 1679 1020 1708 rantibus
1039 1686 1064 1708 et
1077 1679 1149 1719 frugi
1170 1680 1331 1709 mulieribus
1341 1681 1426 1710 -verhi
1440 1681 1576 1711 theatrum
1587 1694 1640 1722 pu-

897 1729 959 1747 rum
981 1718 1179 1755 exhibebimus,
1200 1719 1248 1748 sed
1266 1719 1300 1748 de
1319 1720 1462 1760 improbis,
1484 1720 1592 1752 lascivis
1615 1730 1642 1752 et

897 1758 1021 1797 profanis·
1042 1769 1162 1798 agemus.
1191 1760 1279 1795 Quem
1303 1770 1397 1789 earum
1416 1759 1539 1789 ordinem
1559 1762 1643 1792 oratio

898 1798 1095 1836 prosequetur?
1109 1798 1302 1837 Virgfflumne,
1322 1809 1382 1838 quae
1404 1799 1479 1829 viros
1502 1810 1556 1829 non
1580 1808 1642 1831 sunt

898 1837 1078 1876 expertae?an
1091 1847 1185 1866 earum
1206 1848 1265 1876 quae
1288 1838 1316 1867 in
1339 1849 1374 1868 nu
1397 1838 1456 1868 tiali
1476 1845 1535 1868 toro
1549 1840 1643 1870 liberis

898 1886 1007 1915 operam
1032 1876 1124 1906 dantes
1148 1883 1245 1906 matres
1267 1884 1331 1906 sunt
1352 1849 1470 1907 eliisetae?
1483 1888 1516 1907 an
1538 1890 1640 1917 earum,

898 1926 958 1954 quae
982 1915 1010 1944 in
1033 1915 1166 1945 viduitate
1189 1916 1299 1953 relictae,
1311 1917 1362 1946 Dei
1383 1917 1478 1947 timore
1504 1928 1558 1947 non
1579 1926 1643 1949 sunt

898 1961 997 1983 ornatoe
1005 1954 1019 1983 ἰ’
1030 1956 1133 1986 Verum
1143 1965 1231 1995 operae
1242 1957 1359 1996 pretium
1366 1963 1405 1986 est
1438 1958 1496 1987 rius
1510 1957 1545 1987 de
1554 1959 1643 1998 prima

899 2000 974 2023 aetate
987 1993 1126 2031 disserere,
1139 2001 1165 2024 et
1181 1995 1216 2025 ad
1230 2003 1337 2025 caeteros
1354 1968 1452 2026 deinge
1466 1997 1643 2037 gradusper-

895 2034 1021 2063 transire.
1040 2034 1162 2073 Agedum
1174 2035 1381 2075 juvencularum
1395 2036 1516 2066 ordinem
1540 2037 1568 2066 in
1581 2048 1639 2067 me-

863 2088 882 2113 c
899 2073 975 2102 dium
989 2072 1182 2112 producamus,
1198 2085 1258 2113 quae
1277 2075 1396 2114 virgines
1422 2087 1479 2106 csse
1502 2076 1641 2114 videntur,

898 2119 924 2141 et
937 2111 971 2141 de
981 2112 1100 2142 castitate
1109 2124 1158 2143 sua
1171 2113 1330 2153 gloriantur,
1343 2115 1431 2154 deque
1453 2116 1487 2144 iis
1509 2117 1591 2147 verba
1602 2117 1643 2146 fa-

898 2152 1009 2180 ciamus.
1025 2152 1100 2189 Quid
1123 2163 1215 2183 earum
1240 2155 1467 2184 commemorem?
1491 2156 1640 2191 Habitum,

898 2201 1003 2226 mores,
1029 2191 1182 2230 solertiam,
1209 2193 1344 2232 quomodo
1369 2194 1482 2234 juvenes
1506 2194 1641 2224 illecebris

897 2230 953 2259 suis
971 2230 1094 2271 capiant,
1109 2231 1137 2261 in
1161 2242 1254 2262 eorum
1281 2234 1495 2273 saepeeubicula
1515 2244 1543 2263 se
1566 2234 1644 2273 inge-

897 2276 996 2306 rentes,
1008 2276 1034 2299 et
1053 2281 1088 2300 ex
1110 2271 1166 2301 alio
1188 2272 1216 2301 in
1239 2272 1325 2302 alium
1341 2273 1430 2302 locum
1452 2273 1640 2307 discurrentes,

899 2309 1003 2339 incessu
1017 2310 1170 2350 strepitum,
1184 2311 1242 2341 risu
1257 2312 1404 2341 tumultum
1418 2312 1536 2348 edentes,
1550 2311 1641 2349 sicque

899 2348 927 2377 in
943 2348 1056 2380 illorum
1067 2360 1145 2380 aures
1160 2361 1216 2380 sese
1228 2351 1375 2388 insinuant,
1392 2358 1470 2389 atque
1481 2362 1514 2379 ex
1528 2351 1641 2379 fenestra

897 2387 926 2417 in
939 2388 1082 2419 fenestram
1096 2390 1268 2430 procedentes
1285 2401 1431 2428 manusque
1451 2389 1640 2429 expandentes,

898 2437 982 2467 usque
1005 2428 1040 2458 ad
1061 2436 1156 2469 peetus
1178 2430 1240 2459 illas
1258 2429 1428 2469 impudenter
1456 2428 1638 2468 protendunt5

886 2521 996 2554 φλυαρίαν
1007 2518 1212 2552 multiplicemus.

920 2565 930 2577 θ
947 2557 1040 2590 [Snvil.
1054 2558 1120 2590 conj.
1135 2559 1234 2591 Οορύθοις
1245 2559 1282 2583 καὶ
1291 2557 1399 2590 κρότοςς.]
