1890 2826
636 161 753 184 norm..
778 160 820 182 DE
847 159 1091 182 LEGlsLATonE.

93 234 139 262 ρας
149 225 187 262 τῷ
200 222 347 262 ὗπερμάχῳ
364 224 412 258 τῆς
423 221 570 258 sime-‚Geton
589 221 637 258 Μὴ
652 221 783 262 φοὸηθῇς·
803 218 857 249 ἰδοὺ

91 268 254 308 παραδίδωσί
269 280 310 298 σοι
321 267 399 298 αὐτὸν
410 267 507 308 Κύριος
517 270 554 302 εἷς
568 267 615 301 τὰς
627 267 718 308 χεῖράς
735 279 781 296 σου
789 289 797 302 ,
813 266 858 295 καὶ

91 312 165 342 ἔσται
179 312 209 342 τὸ
230 313 390 353 κατόρθωμα
413 315 443 343 οὗ
471 316 519 349 τῆς
544 313 632 354 χειρός
656 325 716 349 σου,
739 313 796 342 ἀλλ’
820 313 856 344 εἷς

89 362 180 398 χεῖρας
193 359 324 398 γυναικός.
348 360 435 390 Βλέπε
457 362 514 393 πῶς
525 362 538 389 ὁ
552 359 621 393 Θεὸς
641 359 688 395 τὴν
703 357 856 392 ἀλαζονείαν

90 404 224 434 ἐκόλασεν.
236 405 341 445 Ἄνδρες
351 407 401 446 οὐχ
410 406 562 442 ὑπέστησαν
571 427 579 442 ,
593 406 638 435 καὶ
651 405 716 445 γυνὴ
729 404 856 444 ἐστρατή-

89 462 180 490 γησεν.
194 453 325 488 Εἰσῆλθεν
337 454 351 481 ὁ
365 453 470 493 Σισάρα
482 452 584 493 φεύγων
598 453 663 492 πρὸς
681 452 730 488 τὴν
744 455 856 492 γυναῖκα

91 496 167 534 Ἰαὴλ
177 498 331 537 λεγομένην,
344 498 390 528 καὶ
402 497 519 528 καύσωνι
532 498 775 538 “κατειλημμένος,
788 498 856 526 αἰτεῖ

90 545 153 583 παρ’
171 545 253 579 αὐτῆς
270 543 354 584 ὕδωρ·
378 546 395 580 ἡ
418 544 446 573 δὲ
466 544 567 578 ποτίζει
587 545 665 574 αὐτὸν
685 544 764 584 γάλα.
785 543 857 583 αΟρα

90 588 182 628 σοφίαν
202 590 334 629 γυναικός.
353 590 464 625 Ἐπειδὴ
487 590 538 630 γὰρ
556 586 589 626 ἦν
609 590 803 630 καταψυκτικὸν
825 590 856 620 τὸ

88 635 174 674 γάλα,
193 636 237 665 καὶ
254 638 291 669 εἷς
310 636 390 666 ὕπνον
413 637 636 676 προκαλούμενον,
658 637 758 671 ποτίζει
777 636 855 666 αὐτὸν

89 682 170 720 γάλα,
196 681 239 710 ἵνα
265 682 396 721 ἀληθεύοῃ
415 684 432 718 ἡ
456 682 549 722 Γραφὴ
573 686 589 718 ἡ
607 682 721 722 λέγουσα
731 705 739 718 ,
765 682 855 723 Ὕδωρ

90 727 172 763 αὐτὴν
184 727 285 767 ᾔτησε,
299 728 344 757 καὶ
354 728 425 767 γάλα
443 726 550 765 ἔδωκεν,
566 727 609 758 ἵνα
620 729 666 758 καὶ
679 729 774 768 ποτίσῃ
787 752 794 765 ,
810 729 855 758 καὶ

89 772 207 813 κοιμίσῃ.
233 768 302 802 Εἶτα
321 773 492 812 κοιμηθέντας
511 777 556 803 τοῦ
575 774 722 814 ἀλλοφύλου
734 797 742 811 ,
761 774 854 811 ἔλαὸε,

89 818 177 858 φησὶν,
189 820 206 854 ἡ
221 818 286 858 γυνὴ
301 819 387 856 ἐκείνη
402 819 538 849 πάσσαλον
553 819 602 848 καῖ
612 823 722 860 σφῦραν,
736 821 781 850 καὶ
795 820 855 850 ἔπε’-

88 866 172 904 δραμε
185 867 224 904 τῷ
237 865 365 906 πολεμίῳ.
381 865 435 895 Καὶ
447 865 495 906 ὅρα
509 866 602 906 σοφίαν
619 866 749 906 γυναικός.
765 867 816 896 Διὰ
829 867 855 895 τί

1581 149 1662 194 485μ

910 229 958 248 rex
977 226 1033 248 erat
1046 219 1255 259 alienigenarum
1267 233 1274 248 .-
1289 220 1377 250 Sisara
1390 231 1455 251 vero
1468 221 1527 250 dux
1544 222 1650 250 exerci-

909 271 963 294 tus.
980 265 1064 294 Erant
1076 272 1165 295 autem
1176 266 1226 306 ipsi
1241 276 1337 295 currus
1356 266 1433 296 ferrei
1448 267 1609 306 octingenti,
1625 275 1652 296 et

912 321 1006 340 manus
1027 311 1141 340 infinita.
1165 311 1287 351 Populus
1300 312 1388 350 itaque
1408 311 1564 342 Judaeorum
1583 313 1651 342 exti-

911 357 991 395 muit,
1003 358 1142 398 conspexit
1150 358 1268 397 ingentes
1279 358 1340 387 illas
1352 358 1453 398 copias,
1464 365 1490 387 et
1500 358 1650 389 exhorruit.

911 403 1005 440 Quid
997 405 1082 444 igitur
1092 404 1289 434 amantissimus
1297 404 1438 433 hominum
1450 406 1523 434 Deus
1535 415 1582 444 per
1590 415 1652 444 pro-

910 449 1055 488 phetissam
1066 451 1201 480 Deboram
1213 450 1347 480 defensori
1359 450 1465 490 pietatis
1476 450 1596 480 indicat?
1608 452 1653 481 Ne
1662 460 1686 481 .1ι
1687 461 1732 481 ιιιιι»
1736 461 1776 488 ..4

912 504 1031 534 metuas,
1044 498 1102 527 ait.
1117 509 1184 528 ecce
1197 499 1285 527 tradit
1298 499 1372 526 tibi
1361 508 1453 537 tpsum
1468 499 1654 527 Dominusin
1665 489 1700 520 ¹4

912 554 1016 573 manus
1038 551 1116 582 tuas,
1132 555 1179 574 nec
1199 544 1250 574 erit
1262 544 1366 573 facinus
1388 544 1459 573 illud
1480 554 1574 573 manus
1587 551 1653 581 tuae,

911 590 959 619 sed
982 601 1078 620 manus
1095 590 1247 620 muliebris.
1271 590 1399 631 Adverte,
1425 590 1559 629 quomodo
1580 592 1654 620 Deus

910 637 1089 675 arrogantiam
1109 637 1237 666 coercuit.
1259 636 1323 668 Viri
1345 647 1399 666 non
1419 637 1609 673 sustinuerant,
1629 644 1655 666 et

884 701 892 709 ι
909 682 1009 712 mulier
1022 683 1170 712 exercitum
1192 683 1282 712 duxit.
1303 683 1444 722 Ingressus
1460 690 1500 712 est
1516 682 1608 713 Sisara
1620 682 1655 711 ad

910 729 1063 766 mulierem,
1075 739 1135 768 quae
1145 729 1206 760 Jael
1218 729 1369 766 dicebatur,
1384 736 1411 758 et
1423 740 1486 758 cum
1498 736 1563 758 aestu
1577 729 1655 758 labo—

911 782 991 813 raret,
1006 786 1104 814 aquam
1117 776 1152 804 ab
1171 775 1230 815 ipsa
1243 776 1310 816 petit
1323 788 1330 805 ι
1348 776 1394 804 illa
1414 786 1478 805 vcro
1500 775 1542 805 lac
1555 775 1579 804 ei
1592 787 1655 816 por-

909 821 991 850 rexit.
999 821 1072 852 Vide
1081 821 1241 861 sapientiam
1253 821 1384 850 mulieris.
1398 822 1466 851 Cum
1478 821 1549 850 enim
1561 821 1603 851 lac
1616 833 1655 851 re-

909 866 1057 906 frigerandi
1079 867 1137 896 vim
1159 867 1292 903 obtineat,
1320 874 1346 896 et
1367 877 1491 896 somnum
1509 867 1632 896 conciliet
1645 891 1655 904 ,

88 912 136 940 οὐκ
149 910 228 940 ἔλαὸε
244 911 314 952 ξίφος
326 911 344 947 ἢ
359 912 503 952 μάχαιραν,
525 912 594 942 ἀλλὰ
606 912 760 948 πάσσαλον;
776 914 853 953 Ἐφο-
865 932 901 953 10¹⁵
912 911 972 941 ideo
986 912 1026 942 lac
1040 913 1092 952 ipsi
1106 913 1200 949 affert,
1218 920 1247 942 ut
1261 913 1399 952 Scriptura
1413 923 1475 942 vere
1488 913 1653 952 pronuntiat,

88 957 173 993 ὅήθη,
186 958 223 990 ὡς
235 958 318 997 γυνὴ,
333 958 371 996 μὴ
385 957 491 992 ἔξυπνος
505 958 642 998 γενόμενος
653 959 791 998 καταλάὸῃ
807 960 855 988 αὐ-
875 961 892 982 Α
911 969 970 997 qum
992 958 1028 988 ait
1043 972 1050 988 z
1067 959 1189 999 Aquam
1209 961 1245 988 ab
1270 961 1333 998 ipsa
1355 960 1453 998 petiit,
1478 965 1507 988 et
1526 960 1582 988 illa
1608 960 1655 988 lac
1665 957 1751 979 ’ΜΛ-ν·
1767 963 1802 986 ¹9·

87 1002 136 1039 τὴν
150 1002 314 1043 κατέχωσαν
329 1004 408 1044 ξίφος.
428 1004 481 1033 Διὰ
499 1007 576 1033 τοῦτο
589 1005 619 1033 οὐ
632 1003 763 1042 λαμὸάιει
777 1004 857 1033 ὅπλον

88 1049 197 1089 ἀνδρὸς,
211 1050 269 1079 ἀλλ’
284 1050 447 1088 ἐπιτήδευμα
459 1053 615 1088 γυναικεῖον.
629 1049 709 1083 Ἔθος
720 1049 794 1089 γὰρ’
800 1054 857 1083 ταῖς

88 1095 274 1134 διεζωσμέναις
299 1095 401 1134 γυναιξὶ
423 1095 560 1124 πάσσαλον
583 1095 754 1135 κατακρούειν
773 1097 800 1124 ἐν
820 1097 857 1135 τῷ

87 1140 189 1180 τοίχω,
204 1141 250 1170 καὶ
263 1141 331 1170 ουτω
345 1141 463 1180 μετιέναι
474 1141 522 1177 τὴν
537 1141 630 1170 ἰδίαν
618 1141 752 1181 εργασίαν.
767 1143 856 1171 Κατα-

90 1187 210 1221 σχευάζει
235 1181 280 1215 ουν
307 1187 360 1216 ἀπὸ
383 1190 429 1216 τοῦ
454 1186 605 1217 ἀνυπόπτου
632 1189 690 1218 ὁδὸν
723 1187 855 1227 δευτέραν.

90 1232 201 1269 Ἐπειδὴ
219 1232 246 1262 δὲ
260 1234 274 1261 ὁ
288 1233 357 1266 Θεὸς
379 1233 527 1272 συνήργησε
538 1255 546 1268 ,
572 1233 617 1262 καὶ
637 1234 708 1263 Θεοῦ
727 1229 759 1269 ἦν
781 1233 856 1273 ἔργον

87 1279 228 1319 πληρῶσαι
240 1278 274 1308 τὰ
287 1280 335 1314 τῆς
345 1278 506 1318 προφητείας
515 1291 521 1297 ·
539 1280 568 1308 οὐ
585 1278 635 1319 γὰρ
658 1274 690 1314 ἦν
711 1278 813 1314 ἐκείνης
825 1279 856 1308 τὸ

87 1324 279 1364 στρατήγημα,
304 1324 372 1353 ἀλλὰ
393 1326 464 1354 Θεοῦ
477 1324 508 1353 τὸ
522 1324 678 1364 ἀπόφθεγμα
690 1336 696 1343 ·
718 1326 766 1354 Ἐν
785 1325 855 1364 χειρὶ

61 1380 71 1388 ·
86 1369 137 1410 γὰρ
151 1370 272 1409 γυναικὸς
285 1370 360 1400 ἔσται
373 1372 387 1399 ὁ
401 1369 510 1403 θάνατός
531 1382 586 1400 σου.
606 1370 762 1411 Συνήργησε
776 1370 853 1407 Θεὸς,

86 1415 159 1456 ὕπνῳ
173 1416 254 1452 δήσας
265 1415 310 1446 τὸν
326 1416 476 1456 ἀλάστορα,
496 1416 541 1446 καὶ
558 1417 678 1447 λαὸοῦσα
690 1420 707 1453 ἡ
722 1417 786 1457 γυνὴ
808 1416 853 1446 τὸν

85 1461 222 1491 πάσσαλον
233 1462 279 1492 καὶ
290 1462 339 1498 τὴν
353 1465 466 1503 σφῦραν,
481 1463 590 1499 διήλασε
609 1463 678 1493 κατὰ
699 1466 744 1492 τοῦ
760 1464 853 1503 κροτά-

82 1519 133 1547 φου
145 1506 223 1538 αὐτοῦ
237 1508 318 1542 οὕτως
333 1510 459 1549 ἰσχυρῶς,
472 1511 508 1542 ὡς
526 1509 571 1539 καὶ
591 1511 640 1545 τῆς
659 1511 708 1549 γῆς
719 1510 836 1550 ἅψασθαι
845 1522 851 1528 ”

84 1554 129 1583 καὶ
141 1554 210 1584 οὕτω
222 1554 319 1593 μεταξὺ
332 1556 385 1584 τῶν
398 1556 486 1584 ποδῶν
497 1557 544 1591 τῆς
557 1556 677 1595 γυναικὸς
689 1555 811 1586 ἀπέθανε.

119 1978 167 2015 Μὴ
180 1978 267 2008 λείπει
286 1981 325 2019 τῷ
345 1980 408 2019 Θεῷ
421 1978 550 2019 πρόφασις
559 2001 566 2013 ,
587 1978 632 2008 καὶ
646 1979 689 2008 ὅτε
705 1979 845 2019 βούλεται,

79 2026 127 2053 οὐκ
151 2024 286 2063 ἐμποδίζει
308 2024 339 2053 τὸ
367 2024 404 2063 μὴ
427 2028 552 2065 παρεῖναι
576 2025 732 2066 συμμαχίαν
744 2038 749 2044 ·
775 2027 845 2055 Θεοῦ

79 2070 170 2106 ὅπλον,
198 2071 269 2100 Θεοῦ
298 2069 461 2111 στρατιώτης
471 2093 478 2106 ,
510 2072 580 2100 Θεοῦ
609 2071 718 2110 δύναμις
729 2094 736 2108 ,
763 2074 846 2110 νεῦμα

79 2115 158 2155 μόνον
169 2117 249 2146 Θεοῦ.
263 2117 312 2156 Τῷ
325 2117 432 2157 Χριστῷ
446 2119 523 2146 τοῦτο
536 2117 652 2156 εἴπωμεν
660 2130 666 2135 ·
688 2117 744 2147 εἷπὲ
756 2118 826 2157 λόγῳ
836 2139 844 2153 ,

78 2162 124 2191 καὶ
144 2162 382 2202 σκορπισθήσονται
395 2163 420 2192 οἱ
433 2163 522 2203 ἐχθροί
536 2175 581 2192 σου
591 2175 598 2182 ·
619 2163 676 2193 εἰπὲ
695 2163 764 2203 λόγῳ
773 2186 780 2200 ,
801 2164 845 2193 καὶ

78 2207 196 2243 ἔλεήσεις
211 2207 260 2243 τὴν
273 2207 350 2237 πόλιν
360 2219 407 2237 σου
418 2220 424 2227 ·
438 2208 496 2238 εἰπὲ
513 2209 599 2249 λόγῳ,
614 2209 659 2239 καὶ
673 2209 845 2249 οἷκτειρήσεις

77 2253 122 2291 τὸν
133 2253 232 2294 κόσμον
245 2265 302 2283 σου.
319 2253 446 2293 Εἴπωμεν
459 2256 530 2294 αὐτῷ
539 2268 545 2274 ·
559 2255 627 2284 Ἰδοὺ
646 2257 669 2284 οἱ
689 2255 779 2295 ἐχθροί
798 2267 844 2284 σου

76 2300 192 2340 ἤχησαν,
216 2300 261 2329 καὶ
279 2301 303 2329 οἱ
321 2300 457 2339 μισοῦντές
471 2313 501 2331 σε
520 2297 587 2340 ἦραν
610 2302 736 2340 κεφαλήν.
751 2301 846 2334 Θέλεις

78 2348 169 2384 μαθεῖν
182 2346 228 2375 καὶ
238 2345 319 2383 ἄλλης
329 2346 450 2386 γυναικὸς
459 2347 637 2387 στρατήγημα
645 2368 652 2382 ,
664 2347 754 2382 ἐπειδὴ
767 2350 845 2376 τοῦτο

77 2391 205 2428 ἠθέλησεν
218 2394 233 2422 ὁ
245 2391 329 2428 Θεός;
344 2392 436 2426 Ἄλλος
458 2405 498 2426 τις
521 2388 563 2429 ἦν,
586 2392 728 2432 Ἀὸιμελὲχ
741 2393 824 2431 ὄνομα
835 2416 843 2430 ,

76 2436 174 2466 ἀνελὼν
185 2439 278 2467 ἑαυτοῦ
294 2437 419 2478 ἀδελφοὺς
433 2438 613 2476 ἑὸδομήκοντα
623 2460 631 2474 ,
653 2437 698 2466 καὶ
709 2437 842 2477 κρατήσας

108 2535 118 2546 ⁹·
136 2527 206 2552 Unus
213 2531 399 2561 κατειλημμίνος,
408 2532 484 2553 recte.
493 2526 559 2552 Alius
567 2530 736 2560 ἐπειλημμένος.
744 2522 828 2555 Morel.

75 2572 100 2590 et
112 2566 156 2591 Sat
162 2565 187 2590 il.
200 2569 375 2599 ἀπειὶημμενος.

222 2609 283 2627 Tou
290 2621 295 2627 .
319 2610 348 2627 Vl
356 2621 362 2627 .

912 1006 1034 1042 obtulit,
1049 1012 1077 1034 ut
1097 1005 1218 1035 simulet
1240 1005 1312 1034 sitim
1333 1005 1526 1044 restingueret,
1547 1013 1572 1036 et
1590 1017 1654 1036 con-

910 1050 1022 1090 sopiret.
1044 1051 1150 1081 Deinde
1172 1050 1322 1080 dormiente
1350 1050 1498 1091 alienigena
1507 1075 1515 1088 ,
1541 1052 1656 1092 arripuit

911 1095 960 1125 illa
984 1096 1082 1126 mulier
1101 1096 1209 1126 clavum
1227 1104 1252 1126 et
1275 1096 1403 1126 malleum
1412 1119 1420 1134 ‚
1446 1104 1471 1126 et
1490 1097 1526 1126 ad
1551 1098 1654 1127 hostem

911 1142 1037 1171 accurrit.
1051 1142 1123 1173 Vide
1142 1142 1300 1182 sapientiam
1319 1142 1452 1172 mulieris.
1466 1144 1524 1173 Cur
1538 1143 1586 1172 illa
1600 1154 1653 1173 non

910 1186 1002 1228 potius
1017 1188 1138 1228 gladium
1151 1196 1198 1220 aut
1211 1189 1379 1226 machaeram,
1395 1189 1443 1218 sed
1460 1189 1595 1229 paxillum
1611 1201 1653 1219 ar-

910 1233 995 1273 ripuit
1007 1235 1021 1263 f.)
1033 1235 1181 1271 Metuebat,
1195 1234 1309 1272 scilicet,
1327 1241 1357 1263 ut
1371 1234 1479 1271 mulier,
1496 1245 1529 1264 ne
1542 1235 1590 1264 ille
1603 1247 1654 1265 ex—

910 1287 1046 1319 perrectus
1069 1279 1280 1321 deprehenderet
1304 1280 1380 1309 illam
1390 1302 1398 1317 ‚
1426 1280 1548 1320 gladium
1571 1292 1653 1311 manu

909 1332 1048 1356 tenentem.
1072 1327 1147 1356 Hanc
1164 1326 1199 1355 ob
1212 1336 1319 1355 causam
1337 1326 1386 1355 illa
1398 1326 1505 1356 nullum
1520 1327 1600 1357 virile
1611 1335 1653 1358 te-

910 1372 968 1402 lum
982 1372 1108 1412 arripuit,
1126 1372 1171 1402 sed
1196 1372 1350 1402 institutum
1364 1373 1496 1402 muliebre
1513 1374 1651 1404 assumsit.

909 1420 1002 1450 Solent
1019 1420 1093 1449 enim
1112 1419 1240 1449 mulieres
1254 1419 1395 1449 succinctae
1412 1420 1548 1460 paxillum
1565 1421 1593 1450 in
1606 1432 1653 1461 pa-

907 1467 1000 1495 rietem
1019 1477 1146 1506 pangere,
1167 1473 1193 1496 et
1214 1465 1253 1495 sic
1276 1476 1356 1495 suum
1378 1477 1447 1506 opus
1470 1468 1605 1508 suscipere
1627 1475 1653 1498 et
1698 1485 1710 1489 -

907 1512 1028 1552 aggredi.
1051 1514 1120 1542 Rem
1138 1512 1223 1552 igitur
1245 1512 1298 1541 alia
1317 1512 1363 1542 via
1386 1513 1510 1547 instituit,
1532 1521 1562 1543 ut
1576 1521 1651 1544 extra

905 1569 1011 1588 omnem
1023 1558 1201 1598 suspicionem
1215 1565 1293 1587 esset.
1308 1559 1379 1588 Cum
1396 1569 1461 1589 vero
1478 1559 1555 1588 Deus
1568 1561 1650 1589 auxi-

906 1605 1028 1641 liaretur,
1039 1604 1091 1634 Dei
1104 1614 1212 1643 quoque
1225 1610 1292 1640 erat,
1306 1605 1444 1634 oraculum
1458 1605 1529 1635 illud
1542 1606 1577 1635 ad
1591 1606 1650 1636 exi—

906 1659 962 1680 tum
973 1651 1120 1680 deducere:
1129 1661 1213 1689 neque
1222 1650 1293 1680 enim
1302 1650 1424 1680 mulieris
1431 1651 1482 1681 hoc
1493 1658 1648 1692 stratagema

905 1705 972 1734 crat,
992 1696 1039 1726 sed
1054 1696 1106 1726 Dei
1120 1696 1279 1725 oraculum·
1292 1697 1330 1724 In
1347 1706 1436 1726 manu
1451 1698 1581 1728 mulieris
1593 1701 1648 1728 en't
1657 1710 1713 1734 lud
1727 1714 1750 1741 4
1762 1716 1785 1743 9

906 1754 983 1773 mors
995 1749 1054 1772 tua.
1067 1745 1140 1773 Deus
1150 1753 1214 1783 ergo
1225 1753 1287 1773 cum
1297 1742 1453 1772 administer
1463 1743 1539 1773 illius
1550 1745 1647 1774 facino-

904 1791 942 1820 ris
954 1798 1032 1826 esset,
1045 1801 1138 1820 somno
1147 1791 1250 1820 hostem
1262 1791 1342 1821 illum
1351 1790 1491 1820 devinxit:
1500 1797 1526 1819 et
1538 1792 1645 1830 mulier,

904 1838 1007 1878 paxillo
1021 1844 1127 1877 arrepto
1138 1844 1164 1866 et
1175 1837 1283 1874 malleo,
1299 1837 1388 1877 adegit
1399 1848 1448 1877 per
1458 1844 1576 1878 tempora
1590 1816 1645 1868 ictui

903 1893 957 1914 tam
972 1885 1044 1920 sorti,
1061 1891 1091 1913 ut
1103 1883 1182 1913 etiam
1195 1891 1293 1914 terram
1306 1890 1454 1924 penetraret
1469 1896 1476 1912 τ
1492 1891 1519 1913 et
1531 1885 1569 1914 sic
1582 1886 1644 1924 qui-

902 1931 964 1960 dem
977 1930 1024 1959 ille
1037 1930 1107 1959 intra
1122 1929 1202 1970 pedes
1216 1930 1336 1959 mulieris
1347 1937 1471 1959 mortuus
1484 1937 1534 1959 est.

944 1979 972 2006 ⁷.
995 1978 1055 2006 Nou
1077 1975 1173 2005 desunt
1194 1977 1252 2005 Deo
1278 1975 1439 2011 occasiones,
1454 1982 1479 2005 et
1499 1986 1561 2005 cum
1585 1977 1643 2016 ipse

902 2024 972 2059 vult,
988 2022 1056 2052 nihil
1070 2023 1149 2052 refert
1161 2032 1210 2052 nos
1231 2022 1310 2051 etiam
1324 2022 1458 2051 sociorum
1471 2022 1581 2052 auxiliis
1595 2023 1642 2053 de-

900 2070 975 2099 stitui
992 2082 998 2098 :
1015 2069 1066 2098 Dei
1090 2078 1180 2105 arma,
1198 2067 1246 2097 Dei
1270 2067 1362 2104 miles,
1377 2068 1429 2097 Dei
1452 2068 1551 2105 virtus,
1567 2069 1641 2098 solus

900 2123 981 2145 nutus
992 2114 1042 2144 Dei
1055 2115 1145 2144 omnia
1158 2120 1279 2154 possunt.
1295 2115 1353 2144 Hoc
1369 2114 1479 2144 Christo
1493 2115 1614 2144 dicamus
1632 2128 1638 2143 ε

899 2162 950 2191 Dic
962 2162 1085 2197 verbum,
1095 2167 1121 2190 et
1131 2160 1219 2190 hostes
1230 2160 1271 2189 tui
1284 2159 1488 2200 dissipabuntur
1501 2173 1507 2189 :
1523 2160 1568 2190 dic
1581 2171 1641 2191 ver·

898 2209 975 2245 bum,
991 2215 1017 2237 et
1030 2206 1214 2237 misericordia
1225 2206 1360 2235 civitatem
1375 2213 1449 2236 tuam
1462 2207 1562 2237 afficies
1575 2218 1582 2235 :
1596 2206 1641 2235 dic

899 2254 1023 2291 verbum,
1037 2260 1063 2283 et
1077 2252 1172 2282 mundi
1191 2252 1231 2281 tui
1251 2251 1429 2281 misereberis.
1445 2252 1572 2281 Dicamus
1585 2251 1638 2287 illi,

898 2301 977 2329 Ecce
1002 2301 1097 2329 hostes
1112 2300 1155 2328 tui
1169 2304 1340 2335 sonuerunt,
1355 2305 1383 2327 et
1397 2300 1447 2338 qui
1463 2305 1490 2327 te
1505 2298 1636 2334 oderunt,
1649 2307 1748 2330 stul&
1765 2309 1787 2331 3,

899 2346 1079 2379 sustulerunt
1089 2350 1187 2384 caput.
1199 2344 1285 2374 Visne
1295 2343 1407 2373 alterius
1418 2343 1534 2372 ediscere
1546 2342 1638 2371 mulie-

899 2391 937 2422 ris
955 2399 1124 2431 stratagema,
1140 2390 1214 2429 quod
1234 2397 1258 2418 et
1281 2390 1370 2428 ipsum
1389 2389 1482 2418 divina
1501 2388 1638 2417 voluntate

900 2444 1081 2478 perpetratum
1107 2437 1166 2466 est?
1181 2437 1246 2466 Erat
1269 2435 1338 2463 alius
1364 2434 1496 2474 quispiam
1508 2456 1516 2470 ,
1532 2434 1638 2463 nomine
1647 2438 1702 2458 Jud-
1716 2445 1738 2465 3)-

915 2536 924 2548 =
940 2529 995 2554 Duo
1007 2529 1065 2553 Mss.
1077 2530 1225 2560 ὃιωςομὲναις.

1463 2596 1500 2624 32
