1890 2826
550 267 593 290 DE
618 267 687 290 MUN
694 267 725 289 Dl
751 265 955 295 cuEATmNE,

76 337 136 366 κατ’
147 331 274 366 ἀνατολὰς
289 332 316 361 ἐν
328 332 367 371 τῷ
379 329 532 370 ’παραδείσῳ
545 329 633 364 τίθησι
641 329 686 358 τὸν
698 328 843 367 ἄνθρωπον,

75 381 118 410 ἵνα
133 379 202 416 δείξῃ
213 399 221 413 ,
243 376 320 408 ὅτισ
301 388 392 416 ωσπερ
412 371 483 406 οἶτοι
504 376 528 404 οἱ
543 376 678 415 φωστῆρες
693 372 845 403 ἀνατέλλον-

76 438 117 460 τες
137 425 275 466 τρέχουσιν
287 425 323 457 εἰς
336 422 420 458 δύσιν,
431 422 477 452 καὶ
493 421 627 452 δύνουσιν·
641 420 710 450 ούτω
726 419 772 450 καὶ
785 421 844 448 τοῦ·

77 484 120 502 τον
135 472 174 501 δεῖ
189 470 242 500 ἀπὸ
254 471 322 504 ζωης
335 470 371 502 εἰς
386 468 496 498 θάνατον
489 468 619 514 δραμεῖν
633 466 678 496 καὶ
689 466 766 495 δῦσαι
776 464 845 507 και-δι

77 518 121 547 τὸν
131 516 214 546 τύπον
225 518 279 545 τῶν
292 514 437 555 φωνεῖ-ἥρων
445 535 454 550 ,
468 498 513 543 καὶ
526 513 610 549 ἄλλην
623 510 753 547 ἀνατολὴν
765 502 846 541 πάλιν

76 563 168 593 λαὸεἶν
181 561 209 596 ἐξ
227 560 395 594 ἀναστάσεως
407 561 515 600 νεκρῶν.
532 558 667 599 Ἐδραμεν
680 560 695 588 ὁ
709 557 792 596 Ἀδὰμ
809 558 846 590 εἷς

78 609 167 643 δύσιν,
195 607 284 637 ἔδυσεν
297 607 334 640 εἷς
344 606 443 646 τάφον·
457 604 633 651 ἠκολούθησεν
647 605 719 645 αὐτῷ
732 602 766 633 τὰ
779 603 846 643 πρά-

74 666 168 696 γματα
179 656 228 689 τῆς
240 665 303 693 γης,
322 664 367 682 και
382 651 513 691 συνετάφη
529 653 567 691 τῷ
586 651 701 681 δύσαντι.
712 645 811 680 ’Ἦλθεν
831 652 845 679 ὃ

71 699 210 740 Χριστὸς,
233 698 278 728 καὶ
290 697 414 734 ἐποίησεν
426 681 560 728 ἀνατεῖλαι
579 697 624 726 τὸν
648 696 771 726 δύσαντα.
794 695 845 725 Διὰ

79 757 156 775 τουτο
165 745 237 784 λέγει
249 747 265 774 ὁ
274 743 411 784 προφήτης
424 744 486 784 περὶ
497 744 590 773 αὐτοῦ·
604 743 672 773 Ἰδοὺ
686 743 768 784 ἀνὴρ,
784 743 846 772 ἀνα-

79 791 144 828 τολὴ
157 791 240 829 ὄνομα
255 791 342 830 αὐτῷ,
365 789 410 819 καὶ
424 789 591 819 ὑποκάτωθεν
603 790 682 820 αὐτοῦ
697 789 846 819 ἀνατέλλει·

80 837 230 873 τουτέστιν,
244 838 275 866 ἐκ
285 838 338 866 τῶν
348 835 449 876 τάφων.
464 837 513 865 Ἐν
526 837 565 876 τῷ
576 835 660 875 Ἀδὰμ
673 835 763 866 ἔδυσεν
774 838 788 865 δ
802 836 846 864 ἄν-
863 840 880 862 Β

79 886 199 923 θροητος,
216 884 244 912 ἔν
268 883 375 922 Χριστῷ
397 881 537 912 ἀνέτειλεν.
562 883 699 922 Μαρτυρεῖ
723 882 847 914 Παῦλος·

79 929 189 969 Ὥσπερ
212 928 264 968 γὰρ
289 929 316 957 ἐν
343 930 382 968 τῷ
400 927 484 967 ’Λδὰμ
502 927 598 961 πάντες
622 927 849 964 ἀποθνήσκωσιν,

80 974 150 1004 οὕτω
160 974 205 1004 καὶ
215 976 243 1004 ἐν
256 975 294 1014 τῷ
307 974 416 1013 Χριστῷ
425 973 521 1006 πάντες
533 973 780 1009 ζωοποιηθήσονται.
797 973 850 1002 Καὶ

81 1020 174 1050 ἔλαθεν
191 1021 206 1049 ὁ
217 1019 286 1053 Θεὸς
297 1019 342 1048 τὸν
356 1019 504 1059 ἄνθρωπον,
522 1019 551 1048 ὃν
571 1019 678 1055 ἐποίησε
688 1041 697 1054 ,
719 1019 765 1048 καὶ
779 1019 852 1048 ἔθετο

81 1066 159 1096 αὐτὸν
173 1066 201 1095 ἐν
211 1067 250 1105 τῷ
266 1064 430 1105 παραδείσῳῖ
451 1064 612 1104 Εἰσήνεγκεν
626 1064 704 1094 αὐτὸν
729 1066 765 1098 εἷς
782 1064 847 1094 ἕτοι-

83 1123 133 1150 μον
143 1106 223 1142 οἶκον.
237 1110 342 1150 Ὥσπερ
353 1112 367 1139 ὁ
379 1111 468 1140 καλῶν
482 1121 542 1139 τινα
551 1111 588 1143 εἰς
601 1110 734 1146 ἑστίασιν,
748 1111 852 1150 πρῶτον
879 1107 880 1111 ’
909 1109 914 1114 “

83 1156 276 1198 παρασκευάζει
292 1156 337 1185 τὸν
351 1151 421 1185 οἷκον
432 1178 440 1191 ,
460 1155 505 1185 καὶ
518 1155 577 1185 τότε
586 1156 686 1195 εἰσάγει
699 1155 743 1185 τὸν
757 1157 854 1191 κεκλη-

85 1202 175 1242 μένον
199 1202 268 1231 οὕτω
284 1201 333 1231 καὶ
348 1202 474 1231 ἐνταῦθα·
498 1201 695 1241 παρεσκεύασεν
716 1202 788 1241 αὐτῷ
811 1203 874 1231 ἐν-,

86 1247 214 1287 διαίτημα
229 1246 384 1287 ἄξιοπρεπὲς
396 1246 440 1276 τὸν
453 1246 611 1286 παράδεισον
619 1268 627 1282 ,
645 1247 689 1276 καὶ
706 1246 788 1281 οὕτως
800 1249 856 1276 εἷσ-

87 1293 170 1333 ήγαγε
194 1293 238 1322 τὸν
259 1291 431 1332 κεκλημένον.
446 1293 504 1321 Ποῦ
526 1292 660 1328 ἐπλάσθη,
679 1292 727 1323 Ἐν
750 1294 783 1332 τῇ
806 1295 840 1332 γῇ
850 1315 858 1329 ,

88 1339 138 1373 ἔξω
153 1341 199 1368 τοῦ
223 1337 394 1379 παραδείσου.
408 1337 512 1379 Ὠσπερ
524 1338 576 1378 γὰρ
589 1340 726 1378 φωστῆρες
739 1339 857 1379 ἀλλαχοῦ

89 1385 223 1425 ἐγένοντο,
234 1384 279 1414 καὶ
291 1384 418 1420 ἐτέθησαν
432 1385 460 1413 ἐν
473 1385 511 1424 τῷ
521 1385 622 1424 οὐρανῷ
631 1406 640 1420 ,
651 1384 734 1419 οὕτως
747 1387 762 1414 ὁ
775 1385 859 1423 Ἀδὰμ.

88 1431 209 1467 ἐπλάσθη
219 1430 270 1465 ἔξω
283 1432 319 1464 εἷς
332 1430 416 1466 ἄλλην
432 1431 499 1469 γῆν,
524 1431 570 1460 καὶ
588 1430 647 1460 τότε
663 1431 803 1471 εἰσηνέχθη
823 1433 859 1465 εἰς

89 1476 134 1506 τὸν
143 1476 311 1516 παράδεισον.
331 1476 419 1506 Πόθεν
435 1477 533 1512 τοῦτος
556 1475 635 1515 Λέγει
660 1479 676 1512 ἡ
697 1478 720 1507 Γ
721 1477 791 1517 ραφὴ
815 1478 860 1507 ἐπὶ
875 1479 894 1502 C

89 1523 173 1559 τέλει,
193 1521 236 1551 ὅτε
251 1520 407 1556 ἐξεὸάλλετο
420 1523 435 1551 ὁ
449 1521 546 1561 Ἀδάμ·
570 1522 623 1551 Καὶ
643 1522 826 1556 ἐξαπέστειλεν
847 1525 862 1552 ὁ

90 1568 159 1601 Θεὸς
170 1567 215 1597 τὸν
226 1567 310 1606 ’Λδὰμ
322 1568 354 1596 ἐκ
365 1570 412 1603 τοῦ
425 1567 585 1607 παραδείσου
609 1569 657 1602 τῆς
673 1570 772 1608 τρυφῆς
783 1590 790 1605 ,
819 1569 862 1608 ἔρ-

95 1613 218 1653 γάζεσθαι
231 1613 279 1650 τὴν
292 1615 361 1653 γ’ἣν,
374 1612 403 1647 ἐξ
415 1609 446 1649 ἧς
460 1613 570 1653 ἐλήφθη.
583 1612 679 1643 Ἒθετο
697 1614 775 1644 αὐτὸν
790 1615 816 1643 ἐν
825 1616 864 1653 τῷ

96 1659 249 1700 παραδείσῳ
260 1661 308 1695 τῆς
319 1661 434 1699 τρυφῆς,
446 1658 600 1698 ἐργάζεσθαι
612 1659 656 1688 καὶ
668 1659 807 1698 φυλάττειν
819 1659 865 1688 τὸν

97 1705 264 1746 παράδεισον.
281 1704 464 1744 Ἐργάζεσθαι.
477 1705 514 1733 Τί
532 1703 584 1744 γὰρ
597 1704 699 1734 ἔλειπεν
719 1706 746 1734 ἔν
762 1707 800 1745 τῷ
813 1718 865 1735 πα-

99 1751 228 1791 ραδείσῳ;
242 1752 265 1780 εἷ
279 1750 307 1779 δὲ
320 1750 365 1779 καὶ
377 1749 456 1790 χρεία
468 1745 500 1786 ἦν
514 1750 640 1789 ἐργάτου,
649 1749 726 1780 πόθεν
738 1751 846 1791 ἄροτρον
856 1762 865 1789 ;

99 1797 178 1826 πόθεν
203 1796 238 1826 τὰ
254 1795 323 1825 ἄλλα
341 1797 389 1831 τῆς
410 1795 540 1835 γεωργίας
554 1796 670 1836 ὄργανα;
696 1795 870 1836 Ἐργάζεσθαι

101 1843 147 1872 καὶ
169 1841 308 1883 φυλάττειν
332 1840 380 1877 τὴν
395 1841 503 1878 ἐντολὴν
518 1845 562 1871 τοῦ
576 1843 663 1878 Θεοῦ,
678 1842 723 1871 καὶ
736 1842 870 1871 πιστεύειν

100 1891 135 1929 τῇ
154 1889 266 1928 ἐντολῇ,
287 1890 334 1917 τοῦ
361 1889 432 1918 Θεοῦ
460 1887 534 1927 ἔργον
560 1883 602 1924 ἧν.
636 1887 717 1928 Λέγει
730 1890 744 1918 ὁ
758 1888 870 1927 Σωτήρ·

101 1934 189 1965 Τοῦτό
210 1935 280 1963 ἐστιν
295 1932 370 1973 ἔργον
383 1935 429 1962 τοῦ
443 1935 514 1963 Θεοῦ
526 1955 535 1970 ,
558 1933 601 1963 ἵνα
614 1933 774 1970 πιστεύσητε
787 1935 823 1967 εἷς
843 1933 871 1963 ὃν

101 1980 256 2011 ἀπέστειλεν
281 1980 387 2012 ἐκεῖνος.
402 2014 408 2018 .
418 1978 522 2019 Ὠσπερ
548 1975 592 2008 οὖν
618 1979 648 2009 τὸ
670 1981 811 2009 πιστεῦσαι
835 1981 873 2019 τῷ

103 2027 211 2066 Χριστῷ
222 2025 297 2066 ἔργον
309 2024 381 2054 ἐστὶν
396 2047 404 2062 ‚
426 2024 495 2054 οὕτω
512 2024 542 2054 τὸ
555 2027 696 2055 πιστεῦσαι
715 2027 748 2065 τῇ
762 2025 873 2064 ἐντολῇ,

103 2071 144 2101 ὅτι
153 2071 198 2102 ἐὰν
211 2071 312 2111 ἅψηται
323 2093 331 2107 ,
350 2071 510 2107 ἀποθνήσκει
520 2084 526 2090 ·
542 2071 586 2101 ἐὰν
605 2072 633 2101 δὲ
648 2071 685 2111 μὴ
701 2071 815 2111 ἅψηται,
830 2072 873 2110 ζῇ.

103 2117 201 2157 Ἔργον
214 2112 247 2152 ἦν
260 2117 314 2145 τῶν
327 2118 514 2155 πνευματικῶν
527 2116 612 2156 λόγων
626 2120 644 2153 ἡ
659 2117 781 2157 τήρησις.
797 2117 875 2146 Παύ-

106 2163 153 2191 λου
166 2161 242 2201 ἔργον
255 2165 330 2191 ποῖον
341 2173 350 2197 ;
373 2162 411 2201 μὴ
424 2163 539 2202 γεωργὸς
551 2159 584 2199 ἦν
598 2165 612 2192 ὁ
627 2164 746 2200 Παῦλος
768 2163 806 2202 μὴ
820 2162 876 2192 ἑτέ-

108 2219 154 2247 ραν
167 2207 245 2247 1σχεν
259 2207 398 2247 ἐργασίαν,
412 2210 441 2238 οὗ
455 2208 486 2238 τὸ
497 2213 551 2237 πᾶν
563 2210 636 2249 αὐτῷ
650 2208 724 2249 ἔργον
739 2209 815 2249 λόγος
826 2205 876 2245 {u

106 2254 136 2282 οὗ
150 2252 274 2292 κήρυγμα
286 2248 337 2288 Ru
359 2253 413 2282 Καὶ
425 2253 499 2292 λέγει
511 2258 566 2287 τοῖς
579 2257 710 2293 μαθηταῖς
721 2267 727 2273 ·
743 2255 783 2284 Τὸ
803 2254 877 2294 ἔργον

109 2311 159 2338 μον
169 2300 244 2337 ὓμεῖς
253 2299 312 2327 ἕστε
326 2300 353 2327 ἐν
366 2298 467 2338 Κυρίῳ.
488 2298 664 2338 Ἐργάζεσθαι
672 2322 681 2336 ,
697 2300 791 2340 φησὶν,
801 2299 878 2328 αὐτὸν

109 2344 155 2374 καὶ
167 2344 316 2385 φυλάττειν.
340 2344 404 2374 ’Λπὸ
415 2344 499 2380 τίνος;
521 2345 630 2384 Λῃστὴς
641 2347 689 2375 οὐκ
699 2341 747 2382 ἦν,
769 2349 782 2375 δ
795 2357 880 2385 παρο-

110 2390 182 2425 δίτης
195 2391 243 2419 οὐκ
261 2386 310 2427 ἦν,
328 2391 343 2419 ὃ
362 2390 539 2420 ἑπιὸουλεύων
553 2391 601 2420 οὐκ
615 2387 663 2427 ἦν·
683 2390 737 2420 ἀπὸ
747 2390 815 2425 τίνος
834 2403 882 2431 φυ-

111 2435 232 2473 λάττειν;
247 2435 306 2465 Ἵνα
324 2435 425 2475 φυλάξῃ
446 2435 524 2464 αὐτὸν
537 2437 635 2476 ἑαυτῷ·
650 2436 694 2466 ἵνα
708 2436 746 2475 μὴ
759 2437 882 2477 παραὸὰς

115 2480 233 2520 ἀπολέσῃ
251 2481 330 2511 αὐτόν
343 2494 350 2499 ·
374 2482 431 2511 ἀλλ’
443 2480 487 2510 ἵνα
499 2481 548 2517 τὴν
562 2481 670 2518 ἐντολὴν
682 2482 820 2523 φυλάττων
833 2494 883 2523 φυ-

114 2526 181 2565 λάξῃ
196 2528 281 2566 ἐαυτῷ
294 2527 338 2556 τὸν
352 2527 520 2567 παράδεισον.
535 2527 688 2565 Συγκάμνει
700 2529 734 2566 τῇ
748 2530 821 2568 φωνῇ
839 2529 885 2558 καὶ

117 2575 133 2607 ἡ
149 2572 267 2601 διάνοια·
293 2573 362 2602 ἀλλὰ
384 2575 436 2602 τῶν
458 2573 597 2611 νοημάτων
618 2573 770 2613 γενώμεθα·
795 2574 887 2611 ἔθηκεν

986 264 1090 286 ORAT.
1120 264 1155 286 V.

1568 246 1636 294 569

852 325 889 375 Ἣ]
898 307 1117 365 teminparadiso
1128 324 1355 375 ponithominem‚
1367 331 1395 352 ut
1406 322 1535 358 ostendit
1547 332 1636 360 quem·

897 371 1044 401 admodum
1058 371 1202 400 luminaria
1224 370 1271 400 illa
1296 369 1409 400 orientia
1422 374 1534 398 currunt
1548 367 1583 396 ad
1596 378 1636 396 oc-

897 417 1039 453 ridentem,
1053 423 1078 446 et
1089 416 1216 447 occidunt
1231 428 1237 445 :
1253 416 1289 445 ita
1301 422 1326 445 et
1338 415 1411 444 hunc
1419 420 1542 455 oportere
1555 420 1570 442 a
1582 413 1636 442 vita

897 463 925 493 in
949 469 1063 492 mortem
1086 472 1193 492 currere
1212 468 1238 491 et
1263 461 1394 497 occidere,
1409 458 1637 499 quemadmodum

897 507 1052 545 luminaria,
1067 507 1205 546 aliumque
1219 518 1327 536 rursum
1345 506 1472 536 orientem
1486 515 1590 535 sumere
1604 515 1638 533 cx

897 554 1090 584 resurrectione
1103 561 1280 583 mortuorum.
1304 553 1433 583 Cucurrit
1445 552 1531 582 Adam
1543 551 1578 590 ad
1592 561 1637 581 oc-

897 599 1040 637 cidentem,
1059 599 1158 630 occidit
1183 600 1209 629 in
1230 600 1382 640 sepulcrum
1401 611 1409 628 z
1434 605 1552 637 sequutae
1576 604 1639 627 sunt

900 645 978 675 illum
997 656 1040 676 res
1059 652 1148 684 terrae,
1167 653 1194 676 et
1211 656 1273 675 cum
1298 645 1348 674 illo
1371 643 1507 673 occidente
1527 643 1638 683 sepultae

899 699 971 722 sunt.
987 692 1071 723 Venit
1086 693 1220 728 Christus,
1234 699 1332 722 etcum
1345 691 1393 730 qui
1415 690 1548 722 occiderat
1574 690 1641 719 oriri

900 738 1014 769 curavit.
1035 738 1100 769 Ideo
1116 738 1187 777 ‚dicit
1205 738 1240 768 de
1253 738 1301 768 illo
1324 738 1452 778 propheta
1470 748 1475 764 :
1494 738 1571 766 Ecce
1580 738 1638 773 vir,
1648 736 1788 758 zai-hom.

903 785 1005 822 Oriens
1019 795 1122 815 nomen
1130 786 1204 825 ejus,
1215 791 1244 815 et
1260 786 1312 814 sub
1327 785 1381 814 illo
1403 786 1511 814 orietur
1517 795 1530 819 ‚·
1546 793 1641 821 nempe

901 841 934 860 ex
949 831 1089 872 sepulcris.
1105 832 1135 861 In
1151 827 1255 860 Adamo
1265 830 1364 861 occidit
1376 831 1468 864 homo,
1487 829 1515 858 in
1532 828 1640 858 Christo

901 883 976 906 ortus
987 884 1026 907 cst
1042 888 1048 905 :
1066 877 1095 906 id
1108 877 1264 907 testificatur
1276 877 1377 907 Paulus
1389 889 1400 905 τ
1416 877 1493 906 Ναηι
1515 876 1589 905 sicut
1609 876 1642 902 in
1653 875 1730 897 ¹·Cv1·-
1748 874 1783 896 ¹5·

903 924 1005 952 Adam
1014 934 1113 953 omnes
1121 925 1294 959 moriuntur,
1303 924 1379 952 itaet
1385 925 1417 951 in
1423 922 1538 952 Christo
1544 930 1641 949 omnes
1651 913 1688 928 ²⁷¹·

904 969 1143 1009 vivificabuntur.
1165 970 1207 999 Et
1235 971 1346 1008 accepit
1370 969 1450 997 Deus
1482 968 1641 1002 hominem,
1656 970 1712 990 Gen*
1724 975 1744 990 2·
1757 967 1791 988 ¹³3-

905 1026 992 1055 quem
1000 1016 1122 1055 fecerat,
1135 1022 1163 1045 et
1172 1017 1268 1055 posuit
1281 1015 1367 1052 illum
1382 1019 1413 1044 in
1430 1015 1578 1054 paradiso.
1602 1014 1645 1042 ln-

905 1061 968 1091 tulit
986 1061 1066 1091 illum
1085 1061 1112 1090 in
1138 1067 1258 1102 paratam
1271 1061 1394 1091 domum.
1410 1058 1646 1097 Quemadmodum

907 1120 941 1145 is,
956 1108 1004 1147 qui
1015 1108 1133 1147 aliquem
1147 1108 1242 1138 invitat
1258 1107 1294 1137 ad
1311 1107 1478 1141 convivium,
1494 1106 1583 1146 primo
1596 1116 1647 1144 ap-

908 1161 983 1195 parat
995 1154 1075 1189 aedes..
1090 1161 1116 1184 et
1139 1161 1203 1184 tunc
1215 1153 1321 1183 inducit
1331 1164 1394 1183 eum
1406 1163 1487 1192 quem
1500 1151 1624 1182 invitavit
1640 1164 1646 1180 :
1666 1170 1668 1173 v

908 1202 983 1231 sicet
1002 1200 1048 1230 hic
1066 1211 1173 1239 quoque
1187 1211 1193 1228 ι
1208 1200 1313 1240 paravit
1331 1199 1375 1229 illi
1394 1199 1464 1228 aedes
1480 1198 1648 1238 magnificas,

910 1246 1076 1287 paradisum,
1091 1253 1118 1276 et
1129 1246 1167 1276 sic
1178 1246 1321 1276 invitatum
1329 1245 1448 1275 induxit.
1464 1244 1584 1274 Ubinam
1596 1244 1650 1273 sor-

912 1300 1000 1323 matus
1017 1293 1078 1322 est?
1090 1294 1122 1322 In
1135 1299 1216 1329 terra,
1240 1298 1316 1322 extra
1330 1291 1495 1332 paradisum.
1515 1291 1652 1328 Quemad-

913 1338 1024 1368 modum
1035 1338 1105 1368 enim
1120 1338 1274 1373 luminaria,
1283 1337 1349 1367 alibi
1360 1338 1428 1367 facta
1439 1344 1512 1373 sunt,
1529 1344 1555 1366 et
1568 1337 1654 1376 posita

913 1385 1014 1415 suntin
1028 1385 1094 1416 caelo
1109 1397 1116 1414 :
1139 1385 1178 1414 sic
1197 1391 1223 1414 et
1235 1383 1322 1414 Adam
1334 1391 1408 1414 extra
1426 1384 1556 1414 formatus
1573 1390 1612 1413 est
1627 1383 1653 1412 in

914 1432 966 1462 alia
981 1438 1057 1462 ten-ze
1070 1437 1157 1472 parte.
1177 1437 1203 1460 et
1223 1437 1287 1460 tunc
1301 1430 1427 1460 inductus
1445 1437 1484 1459 est
1504 1430 1531 1459 in
1544 1429 1654 1470 paradi-

915 1477 1137 1508 sum.Undenam
1149 1477 1218 1506 hoc?
1233 1477 1279 1506 Ait
1285 1477 1425 1517 Scriptura
1440 1476 1467 1506 in
1476 1474 1656 1514 fine‚quandu

916 1526 1015 1565 ejectus
1034 1531 1074 1553 est
1095 1523 1182 1552 Adam
1198 1533 1206 1550 ι
1223 1524 1263 1553 Et
1279 1525 1372 1552 emisit
1391 1524 1471 1553 Deus
1492 1522 1594 1551 Adam
1621 1521 1657 1549 de
1670 1520 1805 1542 ⁶⁶¹¹·2-23·

915 1570 1055 1610 paradiso
1068 1569 1242 1608 voluptatis,
1259 1575 1291 1598 ut
1304 1576 1471 1607 operaretur
1490 1573 1608 1602 terram,
1622 1567 1658 1596 de

918 1627 979 1656 qua
989 1622 1100 1646 sumtus
1111 1621 1163 1644 ese.
1179 1616 1281 1644 Posuit
1300 1615 1387 1644 illum
1409 1618 1441 1644 in
1451 1616 1590 1654 paradiso
1604 1625 1658 1643 vo-

921 1663 1052 1701 luptatis,
1065 1669 1096 1690 ut
1115 1667 1282 1700 operaretur
1292 1667 1320 1690 et
1336 1662 1492 1690 custodiret
1511 1661 1608 1690 illum.
1621 1661 1660 1690 Ut

919 1714 1086 1747 operaretur.
1097 1706 1174 1743 Quid
1190 1706 1217 1735 iu
1236 1706 1359 1746 paradiso
1372 1706 1597 1736 desiderabatur?
1619 1706 1661 1735 sin

920 1752 1042 1793 operario
1060 1763 1129 1792 opus
1145 1758 1212 1789 erat,
1224 1752 1357 1781 undenam
1373 1753 1512 1782 aratrum?
1527 1753 1598 1782 unde
1607 1752 1661 1782 alia

922 1799 1094 1838 agriculturae
1117 1799 1293 1828 instrumenta
1305 1798 1320 1826 ἶ)
1347 1799 1460 1838 Operari
1477 1805 1504 1828 et
1528 1799 1663 1828 custodire

923 1853 1086 1888 praeceptum
1108 1845 1170 1881 Dei,
1183 1845 1280 1884 illique
1301 1845 1420 1882 credere,
1434 1846 1486 1875 Dei
1505 1856 1574 1885 opus
1593 1853 1660 1875 erat.

925 1893 972 1935 Ait
981 1893 1107 1923 Servatur
1122 1904 1129 1920 :
1146 1892 1211 1920 Hoc
1222 1896 1264 1920 est
1285 1901 1357 1930 opus
1373 1892 1439 1928 Dei,
1453 1898 1485 1921 ut
1498 1892 1622 1921 credatis
1633 1894 1665 1920 in
1673 1895 1740 1916 lanu·
1749 1892 1814 1924 6129-

925 1949 1002 1974 eum,
1024 1948 1111 1978 quem
1133 1939 1211 1967 misit
1235 1937 1298 1966 ille.
1320 1937 1556 1974 Quemadmodum
1581 1938 1665 1977 igitur

926 1984 1034 2014 Christo
1044 1983 1153 2013 credere
1176 1993 1245 2023 opus
1257 1990 1308 2024 ost,
1326 1983 1365 2012 sic
1377 1983 1456 2012 etiam
1475 1983 1582 2012 credere
1594 1994 1666 2023 pra:-

928 2037 1016 2071 cept0‚
1030 2029 1192 2059 moriturum
1212 2039 1279 2065 esse,
1303 2029 1325 2058 si
1338 2029 1471 2069 tetigerit;
1484 2029 1630 2066 victurum,
1644 2029 1668 2058 si

928 2087 982 2107 non
1005 2075 1131 2116 tetigerit,
1153 2077 1231 2116 Opus
1252 2083 1308 2105 erat
1324 2075 1506 2116 spiritualium
1522 2075 1668 2105 verborum

928 2122 1090 2153 observatio.
1104 2121 1183 2151 Pauli
1200 2132 1270 2163 opus
1287 2121 1445 2161 quodnam?
1466 2132 1532 2150 num
1553 2122 1669 2160 agricola

911 2188 913 2190 -
930 2169 1031 2199 Paulus
1042 2168 1116 2198 erat?
1131 2178 1195 2197 num
1208 2168 1288 2197 aliam
1299 2167 1394 2197 habuit
1407 2168 1590 2198 vacationem?
1601 2178 1669 2197 non-

932 2226 966 2245 ne
979 2222 1065 2245 totum
1077 2214 1137 2254 ejus
1156 2224 1225 2254 opus
1245 2221 1312 2251 erat,
1339 2214 1476 2243 verbum?
1489 2225 1576 2244 nonne
1600 2225 1669 2254 prae-

933 2261 1032 2292 dicatio
1041 2261 1056 2290 ἒ
1068 2259 1145 2290 Dicit
1152 2267 1239 2289 tamen
1250 2260 1402 2300 discipulis,
1417 2260 1494 2300 Opus
1507 2271 1600 2289 meum
1616 2268 1671 2288 vos
1685 2266 1793 2294 μεως).
1803 2270 1821 2284 ι.

935 2310 1004 2338 estis
1016 2309 1047 2336 in
1062 2308 1198 2336 Domino.
1220 2307 1258 2336 Ut
1271 2313 1449 2345 operaretur,
1461 2306 1559 2344 inquit,
1572 2312 1599 2335 et
1620 2315 1671 2333 cu-

935 2355 1054 2389 stodiret
1068 2354 1163 2383 illum.
1175 2355 1198 2382 A
1214 2352 1353 2392 quonam?
1368 2353 1425 2381 Fur
1439 2362 1489 2380 non
1508 2358 1574 2386 erat,
1588 2350 1674 2379 viator

937 2400 1040 2436 nullus,
1062 2400 1203 2430 insidiator
1222 2399 1315 2428 nullus
1332 2410 1338 2426 :
1354 2409 1368 2427 a
1391 2408 1444 2436 quo
1458 2395 1623 2425 custodiret?
1637 2397 1676 2425 Ut

938 2445 1085 2476 custodiret
1098 2446 1177 2474 illum
1191 2445 1259 2482 sibi;
1280 2454 1313 2473 ne
1326 2442 1514 2483 praevaricatus
1525 2440 1655 2470 amitteret
1667 2452 1676 2477 ;

940 2489 988 2519 sed
997 2497 1028 2519 ut
1039 2488 1194 2518 mandatum
1205 2487 1356 2517 custodiens
1365 2491 1481 2515 servaret
1495 2484 1546 2513 sibi
1569 2483 1679 2523 paradi-

942 2546 1012 2565 sum.
1033 2537 1095 2565 Una
1117 2545 1179 2563 cum
1204 2543 1268 2563 voce
1282 2541 1356 2560 mens
1374 2530 1464 2559 deficit
1477 2543 1483 2558 ε
1500 2540 1596 2559 verum
1618 2540 1680 2559 sen-

943 2579 1033 2609 tentiis
1045 2578 1206 2607 insistamus.
1222 2574 1321 2604 Posuit
1332 2574 1416 2603 illum
1430 2585 1462 2602 ιη
1468 2574 1616 2613 paradiso
1627 2575 1682 2603 Dc-

119 2618 196 2647 αὐτον
209 2618 235 2647 ἐν
249 2630 287 2646 τω
301 2618 461 2659 παραδείσῳ.
478 2619 575 2648 Λοιπὸν
597 2623 750 2659 σκιογραφεῖ
761 2622 778 2656 ἡ
795 2620 887 2660 Γραφὴ
909 2636 926 2659 g
946 2623 1036 2662 inoeps
1048 2621 1188 2660 Scriptura
1201 2630 1235 2648 ex
1250 2618 1283 2647 iis
1308 2628 1366 2656 quae
1380 2624 1568 2657 praecesserunt
1587 2617 1683 2646 subin-

122 2663 155 2692 τὰ
171 2663 299 2701 μέλλοντα
311 2663 353 2694 διὰ
366 2667 418 2694 τῶν
431 2664 625 2703 προλαὸόντων
641 2665 763 2704 Ποταμὸς
775 2666 802 2695 δὲ
814 2667 891 2695 ἐκπο-

947 2665 1017 2695 dicat
1042 2665 1141 2693 l'·ut=ua.
1163 2663 1287 2691 Flavius
1309 2668 1404 2691 aulem
1425 2661 1626 2699 egrediebatur
1649 2671 1684 2690 ex
1699 2662 1746 2682 Gen
1751 2664 1789 2680 ²
1803 2663 1837 2678 ¹⁰·
