1890 2826
100 786 123 840 9'51

126 787 178 808 rod.
203 786 239 808 23.

260 150 326 186 ¹0ss

254 223 301 262 qui
319 223 381 260 fiat,
401 229 431 252 ut
457 222 522 252 dum
543 223 685 264 Seraphim
705 222 884 253 indesinenter
907 223 996 252 Deum

253 269 478 308 contemplantur,
491 280 553 299 eum
568 269 745 299 indesinenter
764 279 871 309 quoque
889 268 996 309 glorisi-

253 321 312 343 cent
328 326 335 343 :
349 315 598 345 commonefecimus
617 325 665 345 vos
679 315 787 345 cuinam
802 314 885 344 choro
900 323 996 343 accen-

252 370 370 398 seamur,
394 368 421 390 et
445 371 508 390 cum
530 361 629 400 quibus
655 371 823 391 communem
848 360 996 390 Dominum

254 406 394 437 laudemus
409 420 416 436 ε
431 407 580 448 adjecimus
591 415 616 438 et
630 408 665 438 de
677 408 831 449 poenitentia
842 417 994 437 sermones:

252 464 282 484 ac
292 453 412 492 demum,
426 465 506 494 quam
517 466 598 495 grave
608 455 641 485 sit
654 455 757 485 malum
766 465 827 485 cum
835 466 919 495 prava
931 465 996 484 eon-

252 501 359 529 scientia
374 500 408 530 ad
426 511 499 531 sacra
524 502 650 542 mysteria
672 500 805 539 accedere,
828 501 994 531 demonstra·
1013 495 1032 519 C

252 546 353 584 vimus,
373 553 399 576 et
418 558 471 586 quo
490 555 567 587 pacto
583 547 641 577 fieri
659 554 783 586 nequeat,
799 555 829 577 ut
847 547 894 587 qui
908 553 997 576 manet

252 593 425 630 incorrectus,
449 604 553 634 poenam
585 594 675 624 evitet.
697 595 761 624 Haec
778 601 804 622 et
823 604 893 623 uxor
907 604 922 622 a
935 592 996 623 viro

251 637 347 673 discat,
367 645 393 668 et
411 639 485 668 filius
506 651 519 668 a
540 647 625 679 patre,
641 646 667 668 et
687 649 781 669 servus
799 650 815 668 a
833 638 955 674 domino,
969 644 996 667 et

251 685 357 715 vicinus
372 697 386 714 a
402 685 503 722 vicino,
519 693 544 715 et
555 686 658 715 amicus
672 686 706 714 ab
724 686 810 715 amico
825 698 832 714 ε
847 685 902 714 imo
915 685 997 715 etiam

251 730 368 760 inimicis
387 731 436 760 ista
458 741 596 760 narremus
614 743 620 760 :
641 741 702 760 nam
725 738 752 760 et
771 731 883 761 illorum
903 731 996 761 salutis

251 776 329 806 nobis
342 783 380 806 est
394 776 460 806 ratio
475 776 622 806 reddenda.
642 777 671 807 Si
683 777 757 806 enim
775 777 885 807 illorum
895 778 996 818 erigere

247 823 368 862 jumenta
380 832 440 861 quae
456 822 610 859 ceciderint,
625 830 651 852 et
664 834 724 862 quae
736 823 919 854 aberraverint
932 833 996 853 con-

249 879 356 899 servare
375 880 406 898 ac
429 869 555 899 reducere
573 869 702 910 jubemur
722 881 729 898 ι
746 869 832 899 multo
842 870 934 910 magis
950 881 994 900 er-

249 922 351 944 rantem
364 926 458 944 eorum
470 915 586 945 animam
598 925 648 946 nos
659 915 798 952 reducere,
813 923 838 946 et
848 917 996 957 collapsam

248 968 352 1002 oportet
371 962 482 1002 erigere.
501 962 532 992 Si
550 962 602 991 hoc
616 969 692 1002 paeto
705 970 808 992 nostras
818 970 845 992 et
858 963 996 1003 proximo-

248 1019 310 1038 rum
332 1008 654 1048 resdispensaverimus,
676 1015 736 1037 ante
754 1008 874 1038 tribunal
892 1008 995 1038 Christi

249 1063 311 1081 cum
344 1051 443 1089 fiducia
471 1058 539 1081 stare
563 1052 721 1092 poterimus,
742 1063 805 1081 cum
841 1063 896 1091 quo
921 1054 995 1083 Patri

249 1097 346 1137 gloria,
361 1098 459 1135 honor,
474 1097 685 1138 imperium,una
696 1109 759 1127 cum
771 1105 861 1128 sancto
876 1109 906 1128 ac
919 1099 995 1129 vivi--

250 1143 301 1173 fico
328 1143 444 1183 Spiritu,
464 1153 535 1173 nunc
549 1150 575 1173 et
587 1153 702 1184 semper,
717 1150 743 1173 et
757 1144 783 1174 in
798 1145 894 1174 saecula
908 1155 996 1175 saecu-

250 1190 350 1219 lorum.
364 1191 458 1219 Amen.

577 162 607 185 S.
633 161 774 185 JOANNJS
800 160 983 185 cuanosT.
1011 160 1168 187 ARCRIEP.
1195 164 1467 189 CONSTANTINOP.

1049 223 1164 264 στηρίοις
1176 225 1244 264 μετὰ
1254 227 1369 266 πονηροῦ
1389 225 1553 263 συνειδότος,
1571 224 1758 263 ἀπεδείξαμεν,
1772 223 1817 254 καὶ

1049 269 1105 302 πῶς
1111 270 1158 298 οὐκ
1166 270 1238 300 ἔστι’
1243 271 1378 311 διαφυγεῖν
1385 271 1428 301 τὸν
1438 270 1595 311 ἀδιόρθωτον
1602 270 1820 310 μένοντα.Ταῧτα

1049 313 1095 343 καὶ
1107 315 1172 353 γυνὴ
1191 316 1265 356 παρὰ
1289 317 1381 357 ἀνδρὸς
1406 316 1575 356 μανθανέτω,
1595 316 1641 346 καὶ
1661 319 1725 350 παῖς
1746 314 1820 354 παρὰ

1049 358 1159 398 πατρὸς,
1175 359 1220 389 καὶ
1233 360 1337 396 οἰκέτης
1347 360 1421 400 παρὰ
1436 360 1573 395 δεσπότου,
1585 359 1629 390 καὶ
1642 359 1736 400 γείτων
1746 358 1820 398 παρὰ

1049 402 1172 441 γείτονος,
1186 404 1232 434 καὶ
1246 404 1320 445 φίλος
1333 405 1406 445 παρὰ
1427 404 1514 445 φίλου,
1530 404 1630 444 μᾶλλον
1651 403 1680 433 δὲ
1697 403 1743 434 καὶ
1756 402 1822 443 πρὸς

1050 448 1110 483 τοὺς
1129 450 1238 491 ἐχθροὺς
1259 454 1344 481 ταῦτα
1367 451 1562 491 διαλεγώμεθα·
1576 450 1622 480 καὶ
1638 450 1692 490 γὰρ
1714 449 1822 485 καὶτῆς

1050 495 1156 525 ἐκείνων
1170 497 1302 537 σωτηρίας
1313 499 1391 537 ἡμεῖς
1405 499 1483 536 ἐσμεν
1498 496 1647 526 ὑπεύθυνοι.
1662 497 1698 526 Εἰ
1711 495 1763 535 γὰρ
1774 494 1820 524 καὶ

1050 540 1083 569 τὰ
1097 541 1224 581 ὑποζύγια
1237 544 1322 572 αὐτῶν
1333 543 1493 572 πεπτωκότα
1511 543 1697 579 διαναστῆσαι,
1712 541 1759 571 καὶ
1769 552 1821 570 πε-

1049 587 1207 626 πλανημένα
1229 588 1357 618 διασῶσαι
1378 589 1423 618 καὶ
1447 590 1623 628 ἐπαναγαγεῖν
1645 586 1819 626 zelandiae«,

1050 633 1142 673 πολλῷ
1156 635 1255 672 μᾶλλον
1267 633 1314 670 τὴν
1327 634 1416 674 ψυχὴν
1427 636 1514 664 αὐτῶν
1526 632 1702 672 πλανωμένην
1718 633 1824 662 inova--

1049 683 1141 718 γαγεῖν
1153 679 1206 719 χρὴ
1215 702 1223 716 ,
1245 679 1291 709 καὶ
1303 684 1473 710 πεπτωκυῖαν
1489 681 1633 719 διανιστᾷν.
1644 678 1692 709 Ἂν
1704 678 1774 708 οὕτω
1786 677 1821 707 τὰ

1050 727 1109 755 καθ’
1122 725 1228 759 ἑαυτοὺς
1242 726 1286 756 καὶ
1298 725 1333 755 τὰ
1343 725 1413 755 κατὰ
1424 725 1484 759 τοὺς
1497 724 1610 760 πλησίον
1621 725 1802 763 οἷκονομίὁμιν
1810 745 1819 759 ,

1051 772 1215 811 δυνησόμεθα
1239 771 1307 811 μετὰ
1320 770 1470 812 παῤῥησίας
1491 771 1585 806 στῆναι
1607 770 1754 810 ἔμπροσθεν
1773 771 1821 799 τοῦ

1051 818 1169 857 βήματος
1180 821 1225 861 τοῦ
1238 819 1366 858 Χριστοῦ,
1381 819 1437 858 μεθ’
1453 813 1484 847 οὗ
1502 819 1540 857 τῷ
1552 816 1641 857 Πατρὶ
1654 815 1725 853 δόξα,
1736 816 1802 855 τιμὴ
1811 832 1821 851 ,

1050 864 1159 904 κράτος,
1183 863 1230 894 σὺν
1250 866 1288 904 τῷ
1311 864 1378 904 ἁγίῳ
1400 864 1445 894 καὶ
1460 865 1580 903 ζωοποιῷ
1602 861 1744 901 Πνιύματι-
1749 884 1760 899 ,
1775 864 1822 892 νῦν

1049 909 1094 940 καὶ
1109 910 1162 947 ἀεὶ,
1177 910 1221 939 καὶ
1235 911 1272 943 εἷς
1284 909 1344 944 τοὺς
1355 912 1452 943 αἰῶνας
1465 911 1517 938 τῶν
1528 909 1641 939 αἰώνων.
1654 907 1746 948 Ἀμήν.

283 1296 293 1307 ²
310 1288 366 1313 Duo
376 1288 435 1313 Mss.
450 1289 560 1323 διαφυγεῖν
569 1292 605 1315 τὸν
615 1292 645 1315 τὰ
656 1291 750 1315 τοιαῦτα
758 1291 912 1322 τολμήσαντα.
924 1289 1028 1316 Utrovis
1039 1289 1117 1319 modo
1129 1288 1226 1323 legeris,
1237 1289 1327 1315 eodem
1339 1289 1430 1315 recidit
1441 1290 1534 1315 oratio.

833 1489 1241 1579 MONITUM

657 1639 726 1676 AD
758 1640 790 1675 H
801 1638 1035 1675 OMlLlAM
1069 1639 1416 1687 SEQUENTEM.

290 1769 335 1799 Aa
347 1769 416 1799 hanc
434 1767 574 1798 homiliam
586 1767 644 1797 haec
657 1774 729 1797 notat
742 1766 861 1797 Savilius
877 1778 884 1795 z
896 1778 910 1793 α
925 1766 1000 1796 Hane
1014 1766 1161 1796 orationem
1181 1776 1243 1796 sane
1255 1777 1386 1807 perquam
1400 1767 1548 1807 elegantem
1563 1775 1590 1797 et
1607 1768 1718 1808 γνησίαν
1731 1767 1816 1799 dehe-

250 1827 311 1845 mus
324 1814 497 1846 Bibliothecae
508 1813 677 1844 Serenissimi
691 1812 810 1843 Bavariae
823 1811 911 1841 Ducis
924 1822 932 1839 z
954 1821 1009 1850 quo
1031 1810 1179 1841 dolendum
1199 1811 1286 1852 magis
1297 1812 1409 1842 unicum
1420 1812 1498 1842 nobis
1513 1814 1572 1854 ejus
1586 1814 1713 1854 obtigisse
1724 1824 1818 1845 exem-

249 1863 321 1903 plar,
336 1861 411 1902 quod
422 1868 509 1891 tamen
530 1861 584 1891 tale
596 1860 658 1896 fuit,
674 1866 704 1889 ut
717 1870 803 1899 pauca
817 1857 965 1888 admodum
980 1858 1116 1898 supersint
1127 1858 1305 1897 emendanda,
1316 1866 1412 1899 praeter
1426 1870 1506 1889 unam
1517 1867 1565 1890 aut
1578 1861 1689 1891 alteram
1701 1861 1818 1892 laeunu-

250 1908 314 1938 lam.
330 1921 344 1936 ι)
359 1910 429 1938 Loca
441 1917 505 1939 vero
515 1906 573 1942 illa,
587 1917 646 1945 quae
656 1905 756 1935 vitium
766 1904 954 1944 praeferebant,
969 1911 1114 1943 utcumque
1131 1905 1332 1945 supplevimus,
1347 1912 1377 1935 ut
1389 1907 1417 1935 in
1435 1907 1506 1937 notis
1518 1906 1635 1937 videbis.

290 1954 409 1985 Difficile
420 1964 502 1994 porro
523 1960 562 1982 est
581 1959 696 1982 statuere
716 1950 898 1981 Antiochiaene
920 1961 954 1980 an
976 1951 1206 1991 Constantinopoli
1221 1952 1289 1981 hanc
1308 1952 1432 1982 habuerit
1444 1952 1585 1982 homiliam
1597 1953 1816 1994 ChrysostomuS.

250 2003 408 2040 Auguratur
418 1998 620 2035 Tillemontius,
635 1997 865 2037 Constantinopoli
878 1996 1083 2032 dictam-fuisse,
1099 1997 1163 2036 quia
1175 1997 1383 2037 Chrysostomus
1397 1998 1442 2028 hic
1464 2006 1525 2040 post
1543 1999 1628 2030 alium
1641 2000 1816 2031 concionatus

250 2048 361 2083 (licitum
374 2046 422 2076 sed
435 2053 489 2075 tam
501 2044 555 2075 levi
569 2043 727 2082 conjecturae
741 2053 774 2072 ne
782 2044 839 2083 ipse
850 2043 962 2082 quidem
975 2043 1164 2075 Tillemontius
1178 2043 1340 2085 adstipulari
1354 2044 1446 2075 audet.

289 2091 478 2133 Interpretatio
489 2090 584 2121 Latina
596 2096 637 2120 est
648 2089 792 2119 Frontonis
803 2089 907 2120 Ducaei.

297 2287 338 2317 IN
359 2285 629 2316 PROPHETICUM
650 2282 797 2312 DICTUM
817 2281 944 2318 ILLUD,

103 2379 308 2420 rsaf.45.7.Ego
341 2377 475 2409 Dominus
506 2378 580 2406 Deus
605 2375 655 2405 feci
683 2375 775 2404 lumen
803 2381 830 2404 et
853 2373 992 2412 tenebras,

386 2424 484 2454 faciens
503 2433 606 2463 pacem,
621 2428 648 2451 et
664 2431 756 2451 creans
774 2421 853 2452 mala.

287 2522 316 2549 1.
340 2520 428 2548 Pauca
449 2524 512 2547 sunt
528 2516 639 2556 quidem
655 2514 738 2552 dicta,
759 2514 807 2544 sed
827 2514 916 2545 duleis
933 2515 991 2544 fons

245 2566 333 2596 mellis
352 2573 402 2604 est,
419 2565 510 2595 mellis
527 2562 600 2603 quod
621 2561 759 2592 fastidium
780 2561 891 2591 minime
904 2561 988 2601 parit.

1135 2282 1199 2312 ΕΙΣ
1219 2282 1297 2312 ΤΗΝ
1317 2283 1571 2314 ΠΡΟΦΗΤΙΚΗΝ
1592 2285 1724 2323 ΡΗΣΙΝ,

1043 2373 1092 2409 τὴν
1114 2373 1257 2413 λέγουσαν·
1282 2373 1355 2414 Ἐγὼ
1377 2374 1475 2415 Κύριος
1496 2376 1510 2404 ὁ
1534 2376 1603 2410 Θεὸς
1623 2375 1736 2412 ἐποίησα
1759 2378 1815 2417 φῶς

1103 2420 1148 2450 καὶ
1161 2420 1267 2458 σκότος,
1281 2421 1364 2450 ποιῶν
1375 2419 1497 2460 εἰρήνην,
1509 2421 1555 2450 καὶ
1568 2421 1663 2456 κτίζων
1674 2421 1753 2452 κακά.

1082 2512 1179 2552 Ὀλίγα
1193 2511 1240 2552 μὲν
1253 2511 1288 2542 τὰ
1299 2512 1438 2552 εἰρημένα,
1452 2514 1561 2553 γλυκεῖα
1572 2512 1600 2542 δὲ
1614 2515 1660 2543 τοῦ
1674 2514 1779 2552 μέλιτος
1793 2518 1810 2552 ἡ

1040 2559 1131 2599 πηγὴ,
1146 2559 1250 2599 μέλιτος
1263 2558 1339 2599 κόρον
1358 2562 1405 2589 οὐκ
1425 2560 1538 2600 ἔχοντος.
1549 2561 1636 2590 Τοῦτο
1652 2561 1700 2601 μὲν
1712 2562 1763 2602 γὰρ
1779 2564 1810 2594 τὸ
