1904 2840
103 732 170 755 Rom.
191 738 226 754 ro.

68 784 70 786 .
107 770 142 786 10.

126 1245 230 1273 ·[.ιι,ιι,

113 1277 193 1299 tantis.

249 178 320 214 836

841 186 924 210 OPUS
953 184 1194 209 IMPERFECTUM

249 252 316 282 siam
326 249 474 286 ascendere,
486 259 544 288 quae
555 259 633 279 mons
643 248 753 279 Domini
766 239 930 293 appellatur,
942 259 990 278 nec
1007 251 1027 274 A
1044 254 1136 286 gerent
1155 247 1270 286 lepram.
1284 246 1431 317 Idw'ffi⁰
1449 247 1531 288 jussit
1554 258 1608 278 non
1629 255 1736 289 tangere
1749 249 1785 279 le-

249 291 344 320 audire
352 289 519 329 spiritualem
533 288 693 318 doctrinam.
705 289 740 318 Et
750 288 772 318 si
783 295 867 325 venit,
879 297 990 328 corpore

248 330 358 369 quidem
368 330 452 365 venit,
462 330 552 358 auimo
565 335 654 358 autem
663 339 716 358 non
729 327 856 357 ascendit.
873 328 929 364 Qui
941 339 990 357 au-

248 377 301 399 tem
319 380 380 399 cum
393 379 463 408 puro
476 368 556 399 corde
569 378 622 398 non
632 368 717 404 venit,
731 367 802 397 nihil
814 367 856 396 illi
869 367 989 407 prodest,

248 410 312 448 quia
325 418 436 448 corpore
445 409 529 437 venit.
545 408 582 436 Et
592 407 616 436 si
627 407 703 436 audit
716 406 883 446 spiritualem
891 406 992 436 doctri-

248 459 321 486 nam,
338 458 391 477 non
413 447 554 487 intelligit,
568 446 633 485 quia
649 456 743 476 sensus
762 446 820 489 ejus
842 447 991 476 carnalium

249 488 377 518 vitioriun
388 487 464 526 lepra
474 493 617 526 corruptus
624 493 675 515 est.
685 487 770 516 Nemo
778 495 850 514 emm
858 485 992 514 bonarum

249 538 339 557 rerum
351 533 437 567 potest
449 526 546 556 sentire
559 536 689 565 saporem,
700 523 830 564 quamdiu
844 524 993 554 delectatur

250 567 278 596 in
289 566 378 596 malis.
390 565 529 603 Quamdiu
537 565 608 595 enim
618 565 730 594 delectat
740 575 803 593 eum
813 565 926 600 malum,
939 574 993 594 non

249 613 335 647 potest
349 616 410 635 eum
424 605 555 635 delectare
571 605 686 634 bonum.
703 605 781 634 Tunc
796 611 886 633 autem
899 604 995 644 incipit

249 647 273 675 ei
288 646 392 686 placere
406 645 519 680 bonum,
534 655 596 674 cum
611 645 722 684 eoeperit
740 646 764 672 ei
777 643 921 683 displicere
934 654 995 673 ma-

250 685 319 715 lum.
336 685 462 714 Veniens
476 684 620 714 adorabat
633 694 712 713 eum.
727 683 817 713 Oratio
829 684 944 723 perfecta
956 691 996 713 est

251 725 318 755 fides
329 731 357 754 et
369 725 509 759 confessio,
523 724 593 754 sicut
603 724 642 753 ait
653 723 790 763 apostolus
805 734 812 751 ε
828 723 922 752 Corde
935 733 996 752 cre-

252 766 332 795 ditur
344 765 387 793 ad
399 766 558 804 justitiam,
571 774 621 793 ore
633 770 731 792 autem
744 762 889 803 consessio
901 763 944 803 fit
956 764 997 792 ad

252 805 389 834 salutem.
403 804 451 834 Sic
467 810 494 833 et
512 804 635 843 leprosus
647 802 711 833 fidei
727 813 795 842 opus
812 802 928 832 adorans
942 803 996 832 im-

1044 297 1131 326 pram,
1145 287 1209 325 quia
1221 296 1275 315 non
1289 287 1365 326 potui
1413 298 1482 324 cere,
1498 294 1528 317 ut
1541 287 1616 329 lepra
1629 299 1682 318 non
1694 289 1784 318 sordi-

1043 326 1119 355 daret
1129 333 1291 366 tangentem.
1305 327 1360 356 Iste
1378 337 1455 367 ergo,
1468 327 1516 366 qui
1537 334 1646 367 tangens
1665 328 1690 358 le
1711 339 1781 366 ram,

1043 365 1197 395 sordidatus
1211 376 1263 395 non
1277 373 1316 395 est
1325 377 1341 395 a
1353 366 1439 406 lepra,
1454 376 1506 397 non
1514 367 1569 406 egit
1581 374 1672 397 eontra
1695 378 1782 408 egem,

1043 405 1090 434 sed
1111 405 1229 445 amplius
1252 406 1315 435 fecit
1326 416 1408 445 quam
1432 406 1477 436 lex
1498 407 1632 447 jubebat:
1648 407 1712 446 quia
1730 417 1785 437 non

1043 445 1131 474 solum
1143 444 1296 475 sordidatus
1311 455 1363 475 non
1376 453 1416 475 est
1429 457 1445 475 a
1458 445 1545 487 lepra,
1559 447 1608 476 sed
1618 446 1709 477 adhue
1727 448 1786 488 ipse

1043 484 1145 523 lepram
1169 484 1322 515 mundavit.
1337 486 1393 516 Nec
1412 493 1452 516 est
1472 486 1612 523 credibile,
1628 493 1659 516 ut
1680 486 1787 518 dicatur

1044 523 1196 553 sordidatus
1207 535 1263 554 esse
1272 535 1288 554 a
1299 526 1386 566 lepra,
1399 527 1447 565 qui
1459 526 1545 570 ipsam
1555 526 1659 566 lepram
1669 526 1786 557 munda—

1044 563 1094 593 vit.
1112 565 1169 593 Lex
1182 564 1253 593 enim
1266 575 1319 594 non
1333 565 1395 594 ideo
1405 572 1492 595 vetuit
1506 572 1614 606 tangere
1628 566 1742 606 lepram,
1755 572 1788 597 ut

1046 613 1078 631 ne
1089 602 1188 642 leprosi
1201 612 1358 634 sanarentur
1366 616 1374 634 ι
1382 605 1430 635 sed
1439 612 1470 635 ut
1476 615 1510 635 ne
1523 612 1658 646 tangentes
1670 606 1785 651 lepram,

1047 642 1292 681 coinquinarentur.
1308 646 1362 674 Iste
1382 655 1457 684 ergo,
1473 645 1522 684 qui
1541 652 1651 685 tangens
1663 646 1787 684 coinqui-

1047 688 1126 711 natus
1139 693 1190 712 non
1205 690 1255 720 est,
1269 684 1315 713 sed
1326 684 1416 714 adhuc
1428 684 1581 722 mundavit,
1595 685 1715 726 amplius
1723 685 1788 716 fecit

1047 732 1129 760 quam
1142 722 1230 752 voluit
1252 724 1307 753 lex.
1334 724 1436 764 Tetigit
1455 735 1484 754 er
1501 734 1518 754 o
1544 724 1658 765 lepram,
1671 731 1698 754 et
1720 724 1788 765 legis

1047 761 1152 790 literam
1174 762 1273 799 solvit,
1289 770 1319 792 ut
1337 763 1394 803 jam
1413 774 1468 793 non
1484 735 1565 805 §epra
1585 764 1726 804 corporis,
1740 764 1789 794 sed

1047 800 1122 845 lepra
1145 801 1241 831 animae
1264 803 1392 842 fugiatur.
1408 804 1478 833 Nam
1501 803 1643 834 infirmitas
1668 804 1789 844 eorporis

252 844 348 884 plevit,
363 843 535 873 confessionis
556 849 656 877 autem,
671 842 700 871 in
719 841 811 872 verbis
830 854 837 870 ι
855 842 994 878 Domine,
1012 850 1031 873 Β
1047 840 1198 870 miseranda
1211 848 1261 879 est,
1273 853 1326 871 non
1339 842 1455 872 odienda
1468 856 1474 872 :
1485 843 1724 875 infirmitasautem
1731 843 1790 873 ani·

252 886 278 913 si
298 885 356 919 vis,
370 889 452 923 potes
471 893 518 912 me
540 883 691 912 mundare.
708 883 768 911 Non
790 881 870 911 illum
891 882 997 922 petebat

253 923 328 962 quasi
338 923 474 952 hominem
480 922 617 958 artificem,
627 921 674 951 sed
681 921 809 951 adorabat
815 922 892 960 quasi
900 923 996 952 Deum.

255 963 396 1002 Spirituali
417 962 521 992 medico
534 961 723 1001 ¹’spiritualem
746 960 875 990 afferebat
895 972 996 991 merce-

255 1001 327 1031 dem.
342 1001 415 1032 Nam
428 1012 518 1031 omnes
530 1001 626 1030 medici
638 1000 770 1040 pecuniis,
782 1000 830 1029 iste
842 1007 931 1030 autem
941 1001 998 1030 sola

255 1041 373 1071 oratione
396 1041 526 1081 placatur.
542 1042 615 1071 Vere
641 1041 712 1070 enim
735 1039 805 1068 nihil
827 1048 867 1070 est
887 1040 998 1080 dignius

255 1080 330 1120 quod
349 1081 492 1110 offeramus
512 1082 578 1117 Deo,
593 1091 674 1120 quam
692 1079 776 1109 oratio
790 1079 879 1110 fidelis
893 1093 899 1109 :
913 1080 998 1125 'quic-

256 1120 322 1159 quid
336 1121 406 1149 enim
421 1120 608 1157 obtulerimus,
623 1120 657 1149 de
671 1119 767 1149 nostris
788 1126 837 1156 est,
852 1126 937 1150 oratio
950 1130 999 1149 au-

257 1166 312 1188 tem
330 1160 364 1189 de
377 1160 465 1189 nobis.
482 1161 619 1196 Domine,
637 1161 662 1189 εἰ
680 1161 737 1196 vis,
749 1166 830 1198 potes
844 1170 889 1189 me
913 1170 999 1189 mun-

259 1200 340 1228 dare.
356 1200 417 1228 Non
430 1198 464 1228 de
481 1199 618 1229 voluntate
633 1198 735 1228 Christi
757 1199 791 1228 ad
805 1209 883 1228 omne
898 1199 1000 1228 bonum

233 1247 251 1266 ῑ-
281 1245 351 1267 arata
370 1237 511 1267 dubitabat
523 1238 624 1275 dicens,
637 1238 667 1267 Si
682 1239 731 1266 vis
744 1250 755 1266 .-
774 1238 826 1267 hoc
839 1238 910 1267 enim
919 1239 931 1252 ¹*
945 1238 999 1268 du-

260 1249 366 1306 iiietatis
384 1284 451 1306 esset
463 1276 497 1306 de
508 1277 611 1317 judicio
627 1277 773 1306 voluntatis
792 1278 861 1317 ejus.
876 1277 1001 1307 Christus

260 1316 332 1345 enim
350 1327 414 1345 cum
432 1316 466 1345 sit
477 1316 576 1353 bonus,
596 1316 691 1345 nociva
708 1326 760 1344 non
780 1317 841 1346 vult
865 1323 1000 1355 praestare,

261 1355 341 1385 etiam
353 1356 376 1384 si
387 1362 507 1394 rogetur.
521 1357 577 1385 Nec
591 1356 663 1384 enim
676 1354 786 1394 expedit
799 1356 925 1384 omnibus
939 1366 1001 1384 cor-

260 1395 362 1435 poralis
372 1394 518 1434 integritas.
531 1394 666 1431 Quoniam
677 1404 740 1433 ergo
751 1394 894 1429 nesciebat,
912 1401 1002 1424 utrum

263 1473 365 1502 luntate
378 1473 475 1512 ipsius,
487 1473 610 1511 quamvis
629 1472 729 1502 sciebat
740 1482 798 1501 eam
811 1472 846 1501 ad
859 1483 937 1503 omne
950 1473 1002 1502 bo-

263 1523 328 1541 num
360 1519 470 1541 aratam.
485 1513 552 1542 Nam
566 1512 673 1542 credere
685 1511 796 1550 quidem
809 1512 910 1542 bonum
923 1513 1003 1542 mise-

263 1552 333 1581 ricor
354 1552 385 1580 iae
406 1552 471 1587 Dei,
487 1551 605 1581 hominis
630 1558 670 1580 est
695 1550 784 1580 fidelis
792 1573 800 1587 ,
825 1552 892 1580 scire
914 1559 1002 1581 autem

261 1590 363 1630 judicia
376 1591 566 1620 misericordiae
584 1592 643 1631 ejus
656 1600 708 1619 non
722 1597 761 1619 est
778 1591 905 1628 hominis,
919 1598 1005 1630 neque

264 1630 363 1667 fidelis,
373 1641 435 1660 cum
445 1637 546 1660 constet
557 1641 605 1659 nec
618 1630 708 1670 ipsum
721 1630 872 1669 apostolum
905 1632 1005 1660 otuisse

265 1680 432 1710 cognoscere,
443 1681 504 1699 cum
518 1670 664 1699 Dominum
674 1676 713 1698 ter
722 1677 827 1709 rogaret
841 1677 870 1699 ut
901 1670 1004 1701 isoede-

265 1716 305 1739 ret
315 1710 349 1739 ab
360 1720 391 1738 eo
407 1710 454 1738 ille
467 1710 592 1739 stimulus
604 1709 702 1744 carnis,
714 1709 826 1748 angelus
837 1716 944 1747 satanae,
957 1710 1005 1749 qui

265 1748 343 1778 datus
356 1749 382 1778 ei
393 1750 488 1785 suerat,
505 1756 534 1778 ut
546 1759 597 1778 non
611 1748 795 1784 extolleretur,
809 1756 918 1789 propter
932 1749 1006 1788 quod

120 1795 202 1817 1.Cor.
216 1801 255 1817 η.
266 1795 291 1817 et
298 1788 400 1818 dictum
420 1796 459 1818 est
470 1789 494 1818 ei
510 1801 516 1817 :
529 1789 644 1829 Sufficit
662 1789 714 1816 tibi
729 1790 825 1827 gratia
839 1799 920 1824 mea‚·
936 1800 1005 1818 nam

116 1833 140 1856 9.

267 1830 363 1857 virtus
384 1830 417 1856 in
437 1829 606 1868 infirmitate
624 1827 787 1867 perficitur,-
807 1839 839 1857 ac
858 1828 881 1857 si
907 1828 979 1859 dicat
996 1842 1003 1858 τ

267 1867 353 1897 Credo
371 1868 435 1906 quia
455 1878 543 1904 omne,
559 1867 632 1905 quod
648 1867 748 1895 bonum
761 1875 810 1903 est,
826 1868 868 1897 vis
887 1881 894 1897 z
911 1868 1005 1908 ignoro

267 1914 355 1936 autem
364 1908 386 1936 si
399 1907 500 1936 bonum
512 1914 551 1936 est
563 1906 641 1942 mihi,
655 1906 727 1944 quod
739 1906 872 1937 desidero.
886 1909 944 1938 Hoc
956 1919 1005 1937 au-

267 1953 319 1975 tem
334 1947 411 1986 plane
423 1957 476 1975 non
489 1946 595 1982 dubito,
607 1945 652 1975 sed
664 1946 753 1985 potius
763 1947 844 1976 credo
860 1959 866 1975 :
878 1948 1005 1986 quoniam

267 1985 291 2014 si
311 1986 412 2015 bonum
434 1993 473 2014 est
487 1985 571 2020 mihi,
594 1992 620 2014 et
638 1992 667 2015 tu
687 1986 738 2014 vis.
761 1987 812 2016 Hic
829 1997 893 2026 ergo
918 1998 1005 2017 sermo

268 2034 321 2053 non
344 2024 510 2055 dubitantem
535 2035 598 2054 eum
623 2024 736 2054 ostendit
764 2025 798 2054 de
824 2026 1005 2056 m1sericordia
1021 2033 1041 2056 D

268 2065 338 2103 ejus,
366 2064 413 2093 sed
429 2064 594 2103 ignorantem
610 2063 712 2104 judicia
734 2065 922 2095 misericordiae
936 2067 1006 2106 ejus.

269 2104 300 2132 5.
323 2104 364 2132 Et
385 2104 540 2132 extendens
564 2114 679 2133 manum
698 2114 793 2140 suam,
814 2107 908 2145 tetigit
928 2116 1003 2136 eum.

270 2142 341 2179 Quia
354 2143 381 2171 in
394 2143 451 2182 lege
466 2142 569 2172 dictum
580 2150 646 2180 erat,
662 2150 691 2172 ut
702 2144 749 2182 qui
762 2151 879 2184 tangeret
891 2146 1004 2185 lepram,

240 2194 264 2211 ei
273 2181 426 2211 immundus
448 2189 514 2211 esset
533 2193 615 2221 usque
641 2183 675 2212 ad
688 2194 826 2223 vesperam
841 2186 948 2224 :tetigit
970 2185 1008 2214 le-

272 2231 359 2260 pram,
374 2232 425 2251 non
439 2222 515 2260 quasi
528 2233 620 2251 servus
631 2223 707 2262 legis,
723 2223 770 2252 sed
780 2224 856 2262 quasi
867 2223 1004 2254 dominus.

272 2261 341 2289 Nam
361 2261 405 2289 lex
426 2261 569 2300 legislatori
590 2262 707 2301 subjecta
729 2269 778 2298 est,
794 2274 846 2292 non
872 2264 1008 2304 legislator

270 2298 335 2337 legi.
343 2300 416 2336 Quid
424 2310 497 2339 ergo,
507 2301 587 2330 solvit
595 2301 694 2341 legem?
701 2303 760 2331 Non
770 2314 777 2330 :
788 2303 890 2332 literam
900 2304 1008 2342 quidem

271 2339 338 2377 Iegis
356 2340 451 2375 solvit,
467 2341 633 2385 propositum
655 2348 744 2370 autem
768 2343 826 2382 ejus
850 2353 902 2372 non
916 2343 1007 2376 solvit,

272 2377 319 2406 sed
336 2380 419 2418 magis
438 2379 479 2407 illi
504 2379 610 2409 addidit
635 2380 800 2418 dignitatem.
820 2382 849 2411 Si
870 2382 942 2412 enim
964 2383 1009 2412 lex

271 2417 356 2446 facere
369 2420 507 2457 potuisset,
521 2426 550 2448 ut
563 2419 636 2458 lepra
659 2429 712 2448 non
732 2420 880 2450 sordidaret
899 2429 1009 2461 tangen-

222 2470 224 2473 ·
273 2461 342 2493 tem,
363 2467 508 2496 numquam
527 2458 649 2498 jussisset
669 2458 807 2497 homines,
823 2467 853 2489 ut
872 2471 926 2490 non
951 2469 1010 2491 tan-

306 2548 320 2567 b
337 2547 368 2571 V.
377 2548 409 2574 D.
422 2553 447 2572 et
458 2548 526 2573 Editi
538 2550 563 2574 in
573 2558 652 2583 marg.
665 2550 821 2584 spiritualem
832 2551 963 2585 offerebat.

306 2593 316 2606 ε
334 2586 376 2611 Sic
386 2586 416 2611 V.
436 2587 465 2611 D.
479 2593 504 2612 et
515 2587 584 2613 Edni
596 2588 621 2613 in
639 2597 717 2622 marg.
734 2595 809 2615 recte.
822 2589 892 2615 Editi
907 2592 932 2616 iu
953 2597 1020 2618 textu

1048 890 1098 909 mae
1110 890 1165 910 non
1187 888 1226 911 est
1239 881 1398 919 miseranda,
1413 882 1461 912 sed
1480 883 1595 913 odienda
1609 896 1616 912 :
1632 884 1696 923 quia
1708 884 1790 913 infir-

1049 920 1128 949 mitas
1140 921 1260 961 corporis
1272 932 1325 951 non
1338 928 1379 951 est
1397 922 1426 951 in
1440 930 1532 952 nostra
1547 930 1684 965 potestate,
1699 930 1730 953 ut
1742 929 1789 953 aut

1049 969 1102 1004 nqn
1115 960 1204 990 veniat
1217 971 1298 1001 super
1311 971 1371 998 nos,
1386 968 1432 991 aut
1453 962 1558 992 recedat
1571 974 1586 992 a
1601 963 1679 992 nobis
1687 974 1696 1001 ;
1709 963 1787 992 infir·-

1049 1005 1128 1028 mitas
1141 1007 1230 1029 autem
1243 1001 1339 1030 animae
1350 1001 1379 1030 in
1392 1008 1482 1032 nostra
1494 1009 1534 1032 est
1547 1009 1685 1043 potestate,
1699 1009 1729 1031 nt
1741 1009 1789 1032 aut

1050 1048 1103 1067 non
1116 1039 1205 1069 veniat
1223 1050 1374 1080 supernos,
1387 1047 1434 1070 aut
1446 1042 1554 1072 recedat
1569 1053 1584 1071 a
1602 1042 1690 1072 nobis.
1706 1041 1789 1071 Infir-

1050 1078 1129 1108 mitas
1139 1079 1213 1108 enim
1225 1080 1347 1120 corporis
1367 1087 1438 1110 tenet
1460 1091 1520 1119 nos,
1533 1092 1582 1112 nec
1594 1089 1700 1112 tenetur
1710 1094 1726 1113 a
1739 1094 1789 1113 no-

1050 1117 1093 1147 bis
1109 1129 1116 1146 ε
1130 1117 1272 1149 infirmitas
1293 1126 1382 1149 autem
1396 1120 1491 1150 animae
1513 1131 1566 1151 non
1590 1129 1660 1152 tenet
1672 1132 1732 1160 nos,
1744 1123 1792 1154 sed

1051 1163 1157 1188 tenetur
1168 1169 1185 1187 a
1196 1159 1285 1188 nobis.
1297 1159 1362 1190 Ideo
1372 1159 1420 1190 illa
1429 1160 1571 1191 infirmitas
1583 1161 1792 1201 miserandam,

1052 1197 1109 1226 haec
1119 1197 1246 1228 odienda.
1263 1199 1336 1239 Ergo
1349 1199 1478 1230 rescindit
1488 1201 1584 1240 legem,
1597 1211 1651 1230 non
1661 1202 1795 1242 justitiam

1052 1237 1120 1276 legis
1145 1250 1151 1267 :
1180 1248 1232 1267 non
1256 1238 1332 1268 illam
1341 1260 1350 1276 ‚
1372 1249 1456 1277 quam
1483 1240 1511 1269 in
1536 1240 1617 1270 corde
1639 1241 1796 1275 bominibus

1054 1277 1167 1314 creando
1186 1278 1354 1318 conscripsit,
1367 1278 1414 1307 sed
1453 1290 1514 1309 uam
1537 1279 1650 1311 dictavit
1668 1281 1696 1311 in
1712 1281 1792 1322 libro,

1054 1325 1116 1344 cum
1143 1317 1263 1355 populus
1282 1318 1400 1347 vitulum
1420 1329 1435 1347 a
1456 1326 1578 1348 orasset:
1594 1331 1647 1350 non
1671 1321 1746 1351 illam
1760 1323 1796 1354 de

1053 1365 1106 1392 qua
1129 1355 1232 1384 dictum
1254 1363 1303 1391 est,
1317 1358 1378 1386 Lex
1397 1359 1517 1386 Domini
1534 1360 1796 1397 irreprehensibilis
1807 1360 1874 1384 Paul.
1893 1366 1904 1383 ¹

1053 1399 1107 1429 est,
1122 1402 1293 1424 convertens
1313 1398 1445 1432 animas;
1459 1397 1506 1426 sed
1528 1398 1604 1427 illam
1627 1399 1662 1428 de
1683 1410 1737 1439 qua
1750 1402 1793 1431 di-
1805 1390 1830 1413 ⁸·

262 1433 400 1473 expediret
410 1435 434 1463 ei
449 1434 550 1463 curatio
567 1434 627 1470 illa,
637 1437 648 1449 ⁰
661 1433 722 1462 ideo
735 1433 888 1472 ambigebat
905 1433 938 1463 de
951 1444 1003 1464 vo·
1018 1441 1038 1466 c
1054 1439 1127 1462 ctum
1142 1440 1192 1471 est,
1204 1435 1271 1463 Lex
1284 1436 1360 1463 iram
1381 1443 1537 1474 oper-atur:
1551 1439 1603 1466 ubi
1621 1445 1719 1468 autem
1737 1452 1796 1471 non
1806 1444 1904 1484 Iton-‚4⁶¹

1054 1478 1097 1501 est
1111 1473 1174 1509 lex,
1188 1484 1246 1503 non
1265 1481 1309 1503 est
1324 1477 1536 1514 praevaricatio.
1557 1478 1701 1514 Quomodo
1724 1482 1797 1511 enim

1053 1510 1135 1551 digna
1148 1519 1204 1542 erat
1214 1514 1326 1550 servari,
1342 1525 1423 1553 quam
1436 1523 1587 1546 meruerant
1600 1520 1725 1556 peccata?
1738 1532 1793 1551 me-

1054 1550 1107 1580 rito
1119 1561 1183 1595 ergo
1203 1552 1324 1591 placatus
1336 1554 1455 1590 rescidit,
1470 1554 1544 1593 quod
1566 1556 1651 1587 iratus
1671 1558 1794 1590 dictavit.

1054 1590 1124 1619 Nam
1137 1601 1159 1620 si
1182 1591 1227 1620 lex
1244 1593 1351 1622 sublata
1363 1603 1417 1623 non
1435 1594 1539 1630 fuisset,
1551 1605 1699 1635 numquam
1713 1600 1796 1640 spiri·

1055 1629 1137 1659 tualis
1158 1630 1282 1670 leprosus
1305 1640 1445 1662 sanaretur
1458 1645 1465 1662 :
1479 1634 1542 1672 quia
1565 1637 1652 1666 omnis
1672 1639 1721 1677 qui
1745 1640 1798 1669 snb

1055 1668 1114 1708 lege
1127 1669 1206 1706 vivit,
1222 1671 1247 1700 le
1268 1682 1345 1702 rosus
1358 1679 1407 1704 est.
1425 1673 1500 1702 Volo
1513 1675 1675 1706 mundare:
1689 1685 1718 1707 et
1730 1689 1798 1708 σοιν

1047 1709 1154 1748 sestim
1168 1720 1237 1739 mun
1260 1718 1311 1741 ata
1329 1718 1371 1742 est
1385 1712 1467 1752 lepra
1482 1714 1554 1752 ejus.
1570 1715 1630 1745 Non
1644 1727 1679 1747 ex
1689 1727 1744 1756 quo
1755 1725 1796 1748 ta-

1056 1754 1098 1776 cta
1119 1755 1158 1778 est
1183 1749 1257 1790 lepra
1271 1753 1390 1789 recessit,
1406 1752 1454 1782 sed
1474 1763 1508 1782 ex
1531 1763 1586 1793 quo
1603 1755 1677 1791 jussa
1690 1764 1731 1786 est
1744 1769 1753 1789 ε
1767 1764 1797 1787 ut

1056 1788 1222 1826 ostendatur,
1237 1791 1299 1829 quia
1317 1802 1370 1820 non
1389 1799 1498 1832 propter
1514 1793 1703 1833 effugationem
1716 1797 1798 1837 leprae

1056 1827 1143 1866 tetigit
1154 1839 1227 1866 eum,
1240 1830 1288 1860 sed
1300 1838 1331 1860 ut
1343 1831 1459 1861 solveret
1471 1831 1568 1871 legem.
1585 1835 1695 1875 Alioqui
1707 1847 1798 1875 quan-

1056 1873 1115 1895 tum
1125 1867 1161 1896 ad
1167 1868 1269 1909 lepram
1279 1871 1428 1900 sufficiebat
1440 1881 1527 1901 sermo
1539 1875 1724 1905 tantummodo
1735 1876 1799 1906 :sed

1057 1916 1142 1945 neque
1155 1918 1242 1938 sermo
1253 1911 1418 1940 necessarius
1428 1917 1496 1946 erat,
1517 1911 1565 1941 sod
1578 1914 1634 1943 sola
1648 1915 1773 1947 voluntas
1788 1929 1795 1945 :

1055 1955 1120 1985 ergo
1130 1948 1255 1978 voluntas
1268 1949 1335 1979 facta
1349 1957 1388 1980 est
1404 1957 1514 1990 propter
1524 1950 1669 1992 leprosum,
1685 1955 1799 1984 verbum

1057 1993 1146 2023 autem
1159 1995 1269 2028 propter
1293 1996 1450 2028 spectantes.
1465 1991 1534 2019 Nam
1548 1992 1570 2020 si
1584 1993 1662 2023 tacite
1674 2005 1736 2023 eum
1748 2005 1796 2024 cu-

1058 2032 1140 2055 rasset
1151 2033 1190 2056 tot
1211 2027 1379 2058 adstantibus
1392 2029 1463 2059 circa
1478 2030 1617 2060 Christum
1634 2044 1641 2060 =
1677 2033 1718 2063 uis
1730 2034 1800 2063 scire

1058 2073 1176 2106 poterat,
1205 2069 1281 2107 cujus
1307 2069 1407 2098 virtute
1433 2075 1541 2098 sanatus
1564 2071 1622 2100 est?
1649 2073 1662 2101 1
1682 2082 1713 2102 eo
1734 2083 1798 2118 ergo

1059 2106 1145 2142 dixit,
1155 2107 1230 2135 Volo
1253 2109 1396 2136 mundare
1409 2120 1420 2136 .-
1442 2115 1472 2137 ut
1496 2118 1588 2139 omnes
1612 2111 1710 2148 sciant,
1734 2123 1800 2151 quia

1058 2146 1135 2175 illius
1148 2146 1249 2176 virtute
1261 2153 1366 2176 sanatus
1376 2154 1426 2184 est,
1442 2148 1489 2186 qui
1505 2156 1667 2190 praeceptum
1679 2152 1799 2182 sanitatis

1058 2185 1157 2215 emisit.
1172 2187 1240 2222 Hoc,
1255 2186 1330 2224 quod
1343 2186 1420 2223 dicit,
1433 2187 1520 2225 Volo,
1532 2189 1678 2219 voluntatis
1690 2190 1748 2231 ejus
1760 2198 1799 2221 est

1060 2225 1199 2261 indicium,
1210 2226 1354 2266 respiciens
1364 2226 1399 2255 ad
1418 2227 1490 2256 illud
1510 2228 1585 2265 quod
1604 2229 1652 2259 ille
1671 2229 1754 2267 dixit,
1767 2231 1800 2260 Si

1060 2266 1107 2294 vis
1123 2277 1133 2294 .-
1148 2266 1222 2305 quod
1241 2273 1330 2295 autem
1342 2266 1413 2297 dixit
1431 2266 1587 2305 Mundam,
1610 2270 1747 2309 potestatis
1761 2276 1802 2300 est

1061 2313 1235 2345 praeceptum,
1249 2306 1384 2345 pertinens
1398 2306 1443 2340 ad¹
1457 2307 1508 2336 hoe
1525 2308 1600 2344 quod
1621 2308 1727 2339 dixerat
1740 2309 1798 2345 ille,

1062 2344 1161 2374 Potes.
1175 2347 1206 2374 4.
1221 2347 1263 2375 Et
1274 2348 1317 2374 ait
1329 2348 1356 2374 ei
1369 2348 1456 2376 Jesus
1471 2359 1478 2375 t
1490 2346 1575 2379 Vide,
1591 2349 1702 2377 nemim·
1715 2350 1802 2377 dixe-

1901 2211 1904 2218 <
1901 2190 1904 2203 ,Δ
1894 1840 1904 2184 ,ιη-ψ...-
1896 1735 1904 1830 u--.—...

1061 2385 1102 2412 ris
1113 2406 1121 2420 ,
1133 2386 1185 2414 sed
1200 2386 1295 2421 vade,
1310 2387 1430 2415 ostende
1453 2392 1481 2414 te
1492 2388 1654 2421 sacer-doti.
1672 2394 1702 2417 et
1721 2387 1802 2427 offer·
1811 2393 1882 2415 leun.
1898 2395 1904 2430 ι.

1063 2434 1177 2460 munus,
1192 2425 1273 2464 quod
1289 2428 1425 2466 proeeepit
1435 2426 1543 2462 Moses,
1557 2428 1589 2455 in
1604 2428 1799 2456 testimonium

1063 2463 1135 2493 illis.
1150 2465 1212 2493 Non
1225 2465 1263 2494 sic
1279 2465 1410 2506 intellige,
1421 2465 1486 2507 quia
1498 2465 1550 2495 hoe
1570 2468 1660 2497 Moses
1674 2466 1801 2507 pracepit

1046 2563 1092 2579 nec
1104 2555 1168 2582 ideo.

1900 2611 1904 2676 ³

1898 2681 1904 2840 1}
