1890 2826
212 154 278 202 396

387 289 516 309 SYNOPsts
535 289 770 310 mw'mnonoun.

247 371 332 408 Quasi
347 372 502 401 summatim
521 371 610 412 priora
623 371 713 402 omnia
728 378 817 401 narrat
830 373 950 411 Moyses,
967 378 986 401 B

206 423 236 447 ut
253 418 308 447 illis
322 418 349 447 in
365 419 521 448 memoriam
537 425 644 448 revocet
660 425 687 448 et
705 417 756 448 Dei
770 417 912 454 beneficia,
926 424 952 446 et

205 464 351 503 nequitiam
365 465 496 504 ipsorum.
513 464 674 496 Adhortatio
687 475 722 495 ne
734 464 807 494 idola
822 463 948 494 colerent.

57 505 152 536 Dm&-
161 513 196 536 ¹9·
205 510 256 540 Hic
265 510 337 550 jacet
349 510 423 540 illud
436 523 442 539 z
457 511 526 541 Non
536 511 791 547 adorabisstellas‚
803 520 877 551 quas
892 510 950 539 dis-

203 559 339 596 pensavit
360 558 507 587 Dominus
515 558 596 588 Deus
602 564 668 587 tuus
675 558 808 587 omnibus
815 558 949 597 gentibus

205 614 270 643 quoe
281 605 333 632 sub
345 604 418 633 coelo
431 610 509 634 sunt.
524 603 600 634 Illud
612 615 687 641 vero,
703 604 897 643 Dzssspensavst,
912 603 950 632 in—

205 651 306 690 tellige,
323 661 374 680 non
388 650 462 690 quod
476 651 533 692 ipse
544 650 654 691 jusserit
670 663 676 679 ι
691 650 772 684 absit;
786 649 834 679 sed
853 660 948 688 quem-

55 693 122 716 Rom.
133 694 195 718 ¹·28·
204 696 350 726 admodum
359 697 398 726 ait
411 697 504 726 heatus
514 696 614 726 Paulus
625 709 631 725 ι
648 697 780 726 Tradidit
790 696 858 725 illos
868 697 949 725 Deus

202 746 234 772 in
253 746 403 783 reprobum
417 751 542 780 sensum,
562 754 615 773 non
635 742 709 782 quod
728 742 881 779 tradiderit,
901 741 948 771 sed

200 791 274 830 quod
285 792 358 829 illos,
373 791 420 831 qui
435 791 471 821 ita
483 792 586 822 vellent
598 798 624 820 et
636 791 693 820 sine
703 801 751 830 spe
765 789 948 819 conversionis

199 845 296 875 essent,
305 837 448 868 dimiserit.
457 838 502 868 Sic
511 845 536 867 et
542 838 595 867 hoe
602 838 671 874 loco,
683 837 869 877 Dispensavit
876 836 947 874 illis,

200 882 229 912 id
243 890 293 920 est,
306 894 368 913 cum
381 894 498 914 errorem
507 884 678 924 delegissent,
689 882 844 923 resipiscere
857 882 948 911 nolen-

201 935 250 965 tes,
266 929 379 959 dimisit.
391 930 443 960 Hie
452 930 595 970 paululum
607 939 765 970 progressus
776 928 814 958 ait
825 941 831 957 :
850 929 950 958 Testor

200 978 284 1006 ‘vobis
303 978 406 1007 coelum
424 983 453 1006 et
471 984 588 1014 ter-ram,
603 987 657 1006 vos
672 977 816 1015 per-ituros
835 985 906 1011 esse,
924 977 949 1004 si

202 1024 397 1052 abscesseritis
412 1034 432 1052 a
444 1024 518 1053 Deo.
533 1022 638 1053 Deinde
652 1021 862 1051 ostenditDeum
876 1021 948 1050 nulli

200 1076 271 1099 tanta
288 1071 443 1109 praestitisse
455 1071 525 1101 bona
542 1077 640 1109 quanta
654 1069 718 1099 illis.
737 1069 773 1098 Et
789 1067 948 1097 determinat

201 1122 254 1145 tres
265 1116 345 1145 urbes
355 1117 390 1145 ad
401 1116 546 1146 Jordanem
559 1126 608 1156 pro
621 1115 734 1155 refugio.
749 1114 845 1144 Adhuc
858 1124 902 1143 eos
914 1113 948 1143 de

50 1161 119 1183 Deut.
130 1161 153 1184 6·
170 1160 325 1202 8·pristinis
338 1162 463 1192 admonet
478 1176 485 1192 z
501 1163 591 1202 aitque
607 1174 613 1190 :
629 1163 703 1202 Liga
720 1158 756 1190 eci
768 1163 800 1189 in
815 1162 948 1190 manibus

50 1199 73 1220 9'
202 1210 269 1244 tuis,
289 1215 319 1239 et
336 1211 369 1238 in
387 1210 516 1249 postibus
532 1210 649 1245 scribes,
669 1215 698 1237 et
717 1209 834 1237 docebis
843 1209 948 1248 filium

201 1261 294 1285 tuum.
310 1256 367 1286 Ubi
377 1256 450 1285 dixit
459 1263 547 1285 autem
557 1266 616 1293 qum
627 1255 696 1284 mala
706 1255 740 1284 iis
747 1262 874 1284 eventura
882 1256 945 1292 sint,

199 1301 222 1330 si
234 1312 287 1331 non
299 1303 491 1341 obsequantur,
506 1301 573 1341 ipsis
587 1301 715 1330 fiduciam
725 1300 803 1334 indit,
813 1311 847 1330 ne
858 1301 947 1331 hostes

198 1355 328 1378 metuant.
344 1349 450 1378 Rursus
460 1348 550 1388 priora
562 1347 588 1376 in
598 1347 755 1376 memoriam
766 1354 883 1377 revocat.
895 1347 947 1377 Hic

50 1395 109 1417 Jbid.
119 1404 140 1417 v.
154 1395 266 1434 ¹³·jacet
280 1394 351 1424 illud
367 1407 374 1424 :
395 1395 525 1424 Attende
541 1396 605 1431 tibi,
620 1393 691 1433 quod
710 1393 777 1434 ipsis
795 1394 947 1433 frequenter
963 1392 980 1414 D

200 1441 227 1469 in
241 1440 414 1480 sequentibus
425 1441 522 1481 repetit
534 1453 540 1469 :
552 1447 694 1479 monetque
706 1450 738 1469 ne
747 1440 873 1469 victorias
884 1450 946 1480 pro-

198 1487 264 1527 priae
278 1487 376 1517 virtuti
389 1487 556 1522 adscribant,
572 1486 618 1516 sed
632 1486 682 1515 Dei
695 1486 796 1526 gratiae.
814 1486 864 1516 Hic
875 1487 946 1526 jacet

48 1538 132 1565 mum,
140 1535 187 1566 .2.‘;.
197 1534 270 1563 illud
282 1546 289 1562 :
303 1535 384 1563 Deus
393 1536 468 1574 ignis
476 1544 648 1564 consumens
657 1540 711 1570 est,
723 1533 796 1572 quod
807 1534 907 1564 Paulus
917 1536 944 1565 in

47 1580 117 1602 ''elw-
142 1586 177 1602 1²·
198 1579 226 1608 in
241 1578 364 1619 Epistola
378 1579 413 1608 ad
423 1579 549 1609 Hebraeos
558 1578 658 1618 posuit.
672 1578 803 1607 Hortatur
816 1585 905 1608 autem
917 1580 945 1609 in

47 1620 114 1666 ¹122„-
127 1650 151 1673 9·
164 1643 187 1666 5.
198 1622 249 1652 hoc
265 1622 324 1663 ipso
338 1623 397 1652 loco
413 1625 520 1663 Moyses
534 1633 567 1652 ne
584 1633 612 1651 se
626 1622 768 1651 extollant.
783 1623 852 1651 Non
868 1626 945 1653 enim

195 1675 313 1708 propter
314 1670 462 1709 justitiam
475 1675 567 1702 tuam,
580 1667 678 1707 inquit,
691 1667 798 1704 Israe'I,
813 1672 946 1699 extermi-

197 1716 347 1744 nabuntur
362 1722 472 1755 gentes,
493 1715 546 1744 sed
564 1720 682 1754 propter
698 1715 825 1753 ipsorum
842 1716 944 1754 impie-

197 1767 296 1790 tatem.
307 1763 339 1791 In
348 1761 504 1791 memoriam
511 1768 600 1790 autem
608 1760 673 1800 ipsis
681 1767 787 1790 revocat
796 1761 941 1792 conflatum

195 1803 323 1835 vitulum.
340 1806 392 1835 Hic
407 1805 508 1845 legitur
521 1804 591 1834 illud
610 1817 618 1833 :
635 1805 841 1834 circumcidite
861 1805 941 1835 duri-

196 1850 267 1877 tiam
282 1851 377 1880 cordis
391 1852 495 1886 vestri,
510 1857 538 1879 et
549 1851 691 1879 cervicem
703 1855 833 1879 vestram
845 1861 882 1880 ne
893 1852 941 1880 in-

196 1892 382 1924 duraveritis.
412 1895 519 1924 Laudat
542 1901 640 1924 terram
664 1893 859 1933 promissionis.
888 1895 940 1926 Hic

45 1936 141 1959 ‘'eflffi·
149 1944 174 1960 ¹²
191 1939 261 1977 jacet
270 1940 340 1969 illud
350 1953 356 1969 ι
367 1941 439 1970 Cum
445 1941 601 1969 comederis
611 1946 638 1968 el
647 1941 752 1967 biberis
758 1947 783 1968 et
791 1946 940 1971 saturatus

45 1969 82 1990 ἡ
189 1986 294 2025 fueris,
308 1989 427 2017 attende
440 1988 493 2016 tibi
506 1999 514 2015 .·
530 1985 704 2027 praedicitque
715 1986 786 2015 mala
795 1996 847 2016 non
859 1988 936 2017 obse·
954 1999 973 2022 Ε

192 2033 347 2070 quentssms,
367 2041 394 2063 et
413 2034 484 2063 bona
503 2033 526 2062 si
546 2031 706 2062 obedierint.
723 2032 846 2072 Praecipit
867 2034 937 2064 utin

192 2086 282 2109 monte
291 2080 400 2110 Gariziu
412 2080 492 2109 detur
500 2078 663 2114 benedictio,
677 2085 702 2107 ct
714 2078 741 2107 in
750 2087 839 2109 monte
849 2080 937 2110 Gehal

191 2125 355 2156 maledictio.
379 2127 463 2157 ,Iubet
482 2125 585 2156 destrui
605 2124 677 2154 idola
700 2131 726 2153 et
750 2136 843 2154 eorum
864 2126 934 2156 loca.

190 2172 316 2212 Praecipit
330 2183 363 2202 ne
377 2173 476 2212 ubique
488 2165 620 2202 sacrificia
633 2171 692 2200 Deo
706 2172 829 2207 offerant,
843 2172 889 2201 sed
905 2173 934 2203 in

189 2218 248 2248 loco
262 2229 342 2256 quem
353 2219 410 2259 ipse
421 2219 540 2258 elegerit.
554 2220 595 2248 Ne
603 2217 762 2246 aemulentur
772 2225 872 2256 gentes,
886 2230 935 2250 nec

187 2266 306 2306 cuipiam
332 2266 514 2306 obtemperent
535 2264 656 2294 suadenti
681 2270 711 2293 ut
738 2263 810 2293 idola
831 2265 931 2302 colant,

186 2313 290 2342 etiamsi
302 2313 379 2352 signa
391 2312 495 2349 fecerit,
507 2322 559 2341 non
572 2312 668 2348 amico,
678 2322 731 2341 non
745 2311 793 2341 alii
801 2312 930 2352 cuipiam,

185 2359 232 2387 sed
254 2366 284 2388 ut
305 2358 441 2399 lapidibus
461 2359 576 2388 obruant
596 2359 756 2393 hortantem,
776 2357 833 2388 sive
851 2358 932 2388 frater
941 2383 976 2401 ³57

189 2405 280 2442 suerit,
295 2405 353 2435 sive
364 2405 445 2434 etiam
459 2405 524 2434 urbs
541 2404 614 2434 idola
628 2404 753 2441 coluerit,
773 2415 831 2434 eam
845 2404 931 2434 inter—
950 2411 968 2434 A

965 887 984 910 C

52 932 121 953 Dent.
143 932 167 960 4.

54 962 90 984 26.

44 1805 113 1825 Dent.
136 1811 170 1826 ¹0.

47 1834 82 1858 16.

220 2505 230 2515 ί·
243 2497 301 2521 naec
314 2505 364 2522 non
370 2496 404 2522 ad
413 2496 516 2523 verbum
529 2496 668 2522 referuntur
679 2495 836 2521 uthabentur
846 2496 871 2520 in
879 2496 945 2520 Deu-

186 2537 335 2561 teronomio.

219 2575 232 2593 ¹³
249 2573 293 2600 izai-2
307 2580 421 2605 ἀποστῆτε
432 2580 476 2603 ἀπὸ
487 2580 525 2602 τοῦ
535 2582 599 2602 Θεοῦ.
614 2577 673 2600 Πῖεε
692 2584 742 2600 non
755 2574 788 2600 ad
801 2574 898 2599 literam
911 2575 946 2598 sic

550 165 579 188 S.
605 162 739 189 JoANn'lS
765 165 946 196 CHRYSOST.
978 165 1129 190 memma
1157 166 1422 192 CONSTANTmoP.

1161 288 1282 309 ΣΥΝΟΨῙΣ
1299 289 1353 316 TQT
1370 289 1609 311 Assrmonomor.

1046 372 1094 406 Ὡς
1105 374 1132 402 ἐν
1144 372 1280 413 κεφαλαίῳ
1295 374 1426 413 διηγεῖται
1438 373 1526 403 πάντα
1537 373 1572 404 τὰ
1584 376 1680 415 πρῶτα
1691 376 1775 406 Mou-

1006 420 1068 454 σῆς,
1086 420 1123 452 εἷς
1142 418 1293 458 ὒπόμνησιν
1315 419 1409 454 αὐτοὺς
1429 420 1501 460 ἄγων
1519 422 1567 456 τῆς
1586 432 1616 450 τε
1635 423 1681 451 τοῦ
1704 423 1777 452 Θεοῦ

1006 464 1156 504 εὐεργεσίας
1164 487 1173 501 ,
1186 465 1231 494 καὶ
1242 467 1290 501 τῆς
1300 467 1385 495 αὐτῶν
1399 465 1502 500 κακίας.
1516 467 1584 508 Περὶ
1592 469 1639 496 τοῦ
1654 467 1691 507 μὴ
1704 468 1777 498 εἰδω-

1004 511 1141 551 λολατρεῖν
1162 511 1326 551 παραίνεσις.
1339 512 1471 542 Ἐνταῦθα
1485 517 1571 542 κεῖται
1592 513 1638 542 καὶ
1652 513 1692 548 τὸ,
1709 513 1776 550 ’Μὴ

1005 556 1190 597 προσκυνήσῃς
1203 561 1259 590 τοῖς
1272 556 1379 598 ἄστροις
1387 581 1396 595 ,
1410 557 1428 586 ἃ
1437 557 1564 598 ἀπένειμε
1574 557 1671 599 Κύριος
1681 561 1694 588 ὁ
1708 558 1777 593 Θεός

1005 613 1050 631 σου
1064 607 1131 632 πᾶσι
1149 607 1203 636 τοῖς
1223 602 1307 633 ἔθνεσι
1320 607 1374 637 τοῖς
1395 604 1520 634 ὑποκάτω
1532 607 1578 634 τοῦ
1592 606 1714 644 οὐρανοῦ.
1736 606 1778 636 Τὸ

1004 648 1048 684 δὲ,
1070 648 1221 688 Ἀπένειμε,
1243 650 1293 689 οὐχ
1315 649 1356 679 ὅτι
1374 650 1452 684 αὔτὸς
1470 649 1629 691 προσέταξεν
1640 662 1648 670 ·
1672 651 1759 691 ἄπαγε
1768 663 1775 671 ·

1003 695 1072 726 ἀλλὰ
1092 695 1178 730 καθώς
1200 698 1305 736 φησινὸ
1319 695 1448 736 μακάριος
1472 697 1596 730 Παῦλος·
1616 696 1777 737 Παρέδωκεν

1004 742 1098 776 αὐτοὺς
1108 746 1122 772 ὁ
1135 742 1203 775 Θεὸς
1217 744 1254 775 εἷς
1266 741 1391 781 ἀδόκιμον
1414 745 1484 778 νοῦν,
1497 743 1549 783 οὐχ
1559 741 1602 772 ὅτι
1613 742 1777 783 παρέδωκεν,

1005 789 1063 818 ἀλλ’
1079 788 1120 818 ὅτι
1133 788 1273 828 ἑλομένους
1290 787 1384 822 αὐτοὺς
1397 787 1443 818 καὶ
1457 788 1654 829 ἀνεπιστρόφως
1667 788 1778 829 ἔχοντας

1005 836 1115 876 ἀφῆκεν.
1130 834 1224 869 Οὕτως
1244 835 1357 864 ἐνταῦθα
1368 834 1398 864 τὸ
1407 857 1416 870 ,
1435 833 1587 874 Ἀπένειμεν
1600 836 1702 871 αὖτοίς,
1714 846 1775 865 του·

1004 881 1103 919 τέστιν,
1118 881 1256 920 ἑλομένους
1276 880 1326 917 τὴν
1344 880 1458 917 πλάνην,
1480 881 1525 911 καὶ
1544 881 1582 920 μὴ
1604 881 1776 921 βουλομένους

1003 927 1176 967 ἐπιστρέψαι,
1210 929 1319 968 ἀφῆκεν.
1363 927 1496 958 Ἐνταῦθα
1522 927 1616 968 μικρὸν
1640 927 1776 967 προελθὼν

1004 970 1088 1011 λέγει·
1098 971 1321 1012 Διαμαρτύρομαι
1333 973 1396 1011 ὑμῖν
1409 971 1453 1001 τὸν
1468 971 1575 1012 οὐρανὸν
1589 971 1635 1001 καὶ
1647 971 1696 1008 τὴν
1709 973 1775 1011 γῆν,

1003 1017 1044 1046 ὅτι
1056 1017 1175 1058 ἀπωλείᾳ
1184 1019 1323 1048 ἀπολεῖσθε
1331 1038 1339 1053 ,
1351 1016 1365 1034 ²'
1373 1017 1418 1047 ἐὰν
1428 1019 1564 1053 ἀποστῆτε
1572 1018 1626 1048 ἀπὸ
1635 1021 1682 1048 τοῦ
1691 1020 1774 1049 Θεοῦ.

1003 1058 1072 1093 Εἶτα
1095 1063 1224 1093 δείκνυσιν
1249 1063 1290 1093 ὅτι
1311 1062 1396 1094 οὐδενὶ
1418 1067 1503 1093 ταῦτα
1529 1063 1664 1103 παρέσχεν
1681 1065 1696 1093 ὁ
1707 1064 1777 1098 Θεὸς

1004 1109 1071 1150 ἅπερ
1081 1109 1197 1143 ἐκείνοις.
1207 1109 1261 1139 Καὶ
1275 1109 1392 1150 ἀφορίζει
1403 1113 1473 1150 τρεῖς
1485 1109 1575 1143 πόλεις
1585 1112 1630 1138 τοῦ
1643 1109 1776 1150 Ἰορδάνου

1003 1157 1040 1199 εἷς
1054 1156 1268 1197 φυγαδευι-ήριον.
1281 1155 1347 1185 Ἔτι
1357 1157 1410 1185 τῶν
1423 1155 1558 1196 προτέρων
1572 1155 1666 1189 αὐτοὺς
1678 1157 1776 1195 ὑπομι-

1004 1202 1134 1241 μνήσκει,
1149 1202 1213 1238 καὶ,
1233 1201 1356 1242 Ἔφαψαι
1378 1201 1447 1232 αὐτὰ
1467 1202 1512 1232 ἐπὶ
1533 1203 1586 1231 τῶν
1601 1203 1698 1242 χειρῶν
1712 1214 1776 1240 σου,

1003 1249 1083 1289 φησὶ,
1097 1249 1142 1278 καὶ
1156 1249 1201 1278 ἐπὶ
1219 1250 1288 1277 ιετῶν
1302 1250 1385 1289 φλιῶν
1399 1260 1446 1278 σου
1460 1248 1586 1289 γράψεις,
1605 1248 1651 1278 καὶ
1665 1248 1776 1284 διδάξεις

1002 1295 1046 1323 τὸν
1064 1294 1119 1324 υἱόν
1142 1306 1200 1324 σου.
1216 1294 1310 1324 Εἰπὼν
1325 1294 1352 1324 δὲ
1367 1294 1384 1324 ἃ
1396 1295 1564 1334 συμὸήσεται
1578 1295 1649 1325 κακὰ
1661 1294 1707 1325 ἐὰν
1719 1307 1774 1325 πα-

1001 1339 1166 1381 ρακούσωσι,
1178 1339 1373 1381 παραθαῤῥύνει
1385 1340 1451 1381 πρὸς
1462 1341 1494 1370 τὸ
1509 1341 1546 1380 μὴ
1559 1341 1702 1371 δεδοικέναι
1713 1341 1775 1375 τοὺς

1000 1386 1153 1425 πολεμίους.
1171 1386 1260 1416 Πάλιν
1274 1386 1471 1425 ἀναμιμνήσκει
1487 1389 1540 1416 τῶν
1555 1387 1699 1427 προτέρων.
1711 1387 1775 1418 ’Ev-

999 1436 1083 1463 ταῦθα
1093 1437 1180 1462 κεῖται
1190 1433 1221 1462 τὸ
1230 1455 1238 1469 ,
1250 1432 1373 1473 Πρόσεχε
1387 1435 1490 1473 σεαυτῷ
1499 1456 1507 1470 ,
1520 1433 1535 1463 ὃ
1545 1433 1673 1467 πολλάκις
1686 1434 1774 1467 αὖτοῐς

999 1478 1044 1508 καὶ
1061 1478 1161 1519 προϊὼν
1179 1478 1310 1518 ἐπιλέγει,
1325 1479 1370 1508 καὶ
1383 1483 1508 1519 παραινεῖ
1522 1478 1571 1513 τὰς
1591 1478 1665 1513 νίκας
1685 1479 1723 1519 μὴ
1739 1481 1773 1516 τῆ

999 1525 1083 1565 οἰκείᾳ
1095 1525 1204 1564 δυνάμει
1217 1524 1381 1565 ἐπιγράφειν,
1393 1525 1463 1555 ἀλλὰ
1476 1527 1510 1565 τῇ
1524 1528 1570 1555 τοῦ
1583 1527 1654 1555 Θεοῦ
1671 1525 1773 1566 χάριτι.

999 1573 1132 1601 Ἐνταῦθα
1158 1576 1260 1609 κεῖται,
1288 1572 1328 1601 ὅτι
1351 1571 1387 1601 Ὁ
1412 1572 1481 1605 Θεὸς
1499 1574 1553 1612 πῦρ
1580 1571 1773 1603 καταναλίσκον

998 1617 1080 1653 ἐστὶν,
1095 1617 1160 1658 ὅπερ
1173 1620 1187 1647 ὁ
1201 1618 1308 1651 Παῦλος
1329 1618 1357 1646 ἐν
1373 1619 1408 1657 τῇ
1433 1617 1498 1657 πρὸς
1519 1617 1661 1658 Ἓόραίους
1682 1618 1771 1654 ἔθηκε.

998 1664 1129 1704 Παραινεῖ
1141 1663 1169 1693 δὲ
1181 1665 1208 1693 ἐν
1219 1665 1308 1704 ταῦτῷ
1322 1665 1441 1699 Μωῦσῆς
1453 1663 1491 1702 μὴ
1504 1663 1658 1704 ἐπαίρεσθαι
1669 1663 1772 1698 αὐτούς.

998 1711 1039 1740 Οὐ
1054 1710 1106 1751 γὰρ
1125 1710 1170 1740 διὰ
1191 1710 1239 1747 τὴν
1254 1710 1422 1746 δικαιοσύνην
1448 1722 1494 1740 σου
1503 1733 1511 1747 ,
1533 1710 1622 1751 φησὶν,
1643 1709 1770 1751 Ἰσραὴλ,

998 1756 1245 1797 ἔξολοθρευθήσεται
1262 1755 1296 1786 τὰ
1318 1756 1394 1792 ἔθνη,
1417 1756 1488 1786 ἀλλὰ
1511 1756 1555 1786 διὰ
1577 1756 1626 1793 τὴν
1646 1756 1771 1786 ἀσέὸιιαν

998 1804 1096 1832 αὐτῶν.
1106 1802 1323 1842 Ὑπομιμνήσκει
1331 1802 1359 1832 δὲ
1369 1802 1462 1836 αὖτοὺς
1473 1802 1519 1832 καὶ
1529 1805 1576 1839 τῆς
1589 1802 1770 1844 μοο-χοποιίας.

997 1849 1128 1879 Ἐνταῦθα
1142 1849 1169 1879 δὲ
1183 1854 1282 1879 κεῖται·
1296 1848 1491 1889 Περιτέμνεσθε
1501 1848 1548 1885 τὴν
1558 1850 1770 1890 σκληροκαρδίαν

996 1897 1079 1934 ὑμῶν,
1092 1895 1137 1925 καὶ
1147 1895 1192 1925 τὸν
1201 1896 1335 1936 τράχηλον
1347 1897 1421 1934 ὑμῶν
1431 1896 1460 1924 οὔ
1471 1897 1651 1935 σκληρυνεῖτε.
1667 1895 1772 1936 Ἐγκω-

995 1941 1084 1981 μιάζει
1107 1941 1156 1978 τὴν
1178 1944 1228 1982 γ’ἧν
1254 1943 1302 1978 τῆς
1323 1940 1491 1981 ἐπαγγελίας.
1512 1940 1647 1971 Ἐνταῦθα
1667 1945 1767 1971 κεῖται·

994 1987 1094 2027 Φαγὼν
1116 1987 1162 2017 καὶ
1184 1987 1253 2017 πιὼν
1273 1987 1319 2017 καὶ
1332 1986 1495 2027 ἐμπλησθεὶς
1507 1986 1625 2027 πρόσεχε
1647 1989 1767 2028 σεαυτῷ·

994 2034 1039 2065 καὶ
1051 2034 1175 2075 προλέγει
1187 2034 1221 2063 τὰ
1235 2033 1305 2063 κακὰ
1318 2032 1499 2073 παρακούουσι
1508 2057 1517 2071 ,
1531 2034 1577 2064 καὶ
1590 2033 1624 2063 τὰ
1642 2033 1728 2073 ἀγαθὰ
1742 2035 1767 2063 εἰ

993 2080 1180 2111 ὗπακούσειαν.
1200 2080 1254 2110 Καὶ
1275 2079 1377 2110 κελεύει
1398 2080 1441 2109 ἐπ’
1463 2079 1522 2119 ὅρος
1545 2080 1567 2109 Γ
1569 2079 1653 2120 αριζὶν
1676 2081 1766 2109 δοῦναι

992 2127 1041 2165 τὴν
1054 2126 1184 2167 εὐλογίαν,
1198 2126 1244 2157 καὶ
1255 2126 1304 2162 τὴν
1318 2126 1436 2166 κατάραν
1450 2128 1492 2156 ἐπ’
1505 2127 1564 2166 ὄρος
1572 2127 1598 2159 Γ
1600 2126 1665 2156 εὸάλ
1674 2138 1681 2145 ·
1696 2128 1766 2157 ἀπο-

991 2174 1068 2204 λέσαι
1081 2173 1114 2203 τὰ
1135 2173 1231 2202 εἴδωλα
1245 2172 1290 2202 καὶ
1302 2172 1362 2206 τοὺς
1375 2172 1471 2206 τόπους
1485 2174 1581 2202 αὐτῶν.
1596 2172 1706 2203 Κελεύει
1725 2173 1763 2212 μὴ

991 2223 1127 2260 πανταχοῦ
1150 2218 1240 2252 θυσίας
1260 2219 1398 2259 ἀναφέρειν
1422 2220 1460 2258 τῷ
1478 2220 1557 2258 Θεῷ,
1580 2220 1639 2248 ἀλλ’
1660 2221 1698 2252 εἰς
1718 2219 1763 2249 τὸν

990 2266 1070 2295 τόπον
1081 2265 1109 2295 ὃν
1124 2265 1155 2294 ἂν
1169 2264 1316 2300 ἐκλέξηται.
1331 2264 1399 2304 Περὶ
1410 2267 1456 2293 τοῦ
1474 2263 1511 2303 μὴ
1526 2265 1621 2300 ζηλοῦν
1634 2264 1668 2294 τὰ
1683 2264 1744 2301 ἔθνη
1753 2287 1762 2301 ,

991 2311 1060 2350 μηδέ
1085 2324 1137 2341 τινι
1161 2310 1298 2341 πείθεσθαι
1320 2310 1527 2350 συμῧουλεύοντι
1552 2311 1761 2351 εἰδωλολατρεῖν,

990 2358 1039 2387 κᾶν
1053 2362 1153 2397 σημεῖα
1167 2359 1248 2397 ποιῇ,
1262 2356 1329 2396 μήτε
1343 2356 1426 2397 φίλῳ,
1441 2356 1510 2396 μήτε
1524 2357 1596 2397 ἄλλῳ
1608 2356 1660 2386 τινὶ
1669 2379 1677 2393 ,
1692 2356 1762 2386 ἀλλὰ

989 2404 1133 2434 λιθοὸολεῖν
1159 2403 1203 2432 τὸν
1226 2406 1417 2443 παραινοῦντα,
1442 2402 1490 2432 κᾶν
1517 2402 1627 2443 ἀδελφὸς
1649 2398 1667 2442 ᾗ
1677 2425 1685 2439 ,
1711 2402 1761 2432 κᾶν

994 2494 1118 2519 habentur
1127 2495 1153 2519 in
1160 2493 1279 2519 Editione
1288 2500 1333 2520 τῶν
1341 2493 1389 2526 ο’.,
1397 2493 1439 2518 sed
1448 2491 1598 2525 compendio
1609 2491 1756 2518 referuntur.

1028 2542 1039 2553 e
1057 2534 1099 2559 Sic
1115 2533 1218 2562 Coislin.
1235 2539 1260 2558 et
1279 2532 1395 2566 Lugdun.
1411 2533 1442 2558 In
1460 2531 1546 2558 Bibliis
1565 2532 1653 2566 legitur
1670 2537 1705 2560 ἐπὶ
1717 2537 1758 2562 τὰς

998 2577 1068 2606 ἓλιὰς.
