1890 2826
218 174 287 209 602

218 248 299 277 fuisse
312 246 471 287 precationis
488 246 632 290 fructum),
646 245 692 275 sed
704 244 833 275 adscribit
843 245 956 285 imagini

218 293 364 332 figuraeque
377 291 526 321 manuum?
540 292 611 321 Cum
627 292 699 321 enim
725 301 819 321 manus
832 291 957 335 demitte-

218 346 259 368 ret
273 339 395 379 Moyses,
410 337 586 377 superabatur
597 337 691 375 Israel,
703 348 766 367 cum
785 336 957 377 expanderet,

219 385 414 426 prossigabatur
436 383 556 413 Amalec.
570 384 639 413 Nam
652 383 675 413 si
699 383 729 412 id
750 383 897 423 precationi
910 382 964 412 ad·v

220 432 392 462 scribendum
403 437 469 467 erat,
478 430 567 460 dicere
581 430 740 470 oportuisset
753 442 759 459 :
776 430 813 460 Et
825 440 887 460 cum
900 440 960 470 pre-

220 480 330 509 cabatur
350 480 468 517 Moyses,
489 476 634 507 vincebat.»
648 476 712 514 Sed,
729 483 758 506 ut
781 476 853 513 dixi,
866 487 958 516 preca-

219 525 292 554 tione
304 524 412 560 omissa,
424 533 476 552 non
489 522 599 562 quidem
617 529 648 552 ut
669 522 771 559 inutili,
787 521 834 552 sed
847 529 879 552 ut
898 532 959 561 quae

220 570 331 607 imagini
344 570 431 598 crucis
440 568 534 609 cedere
545 568 664 605 deberet,
678 568 772 607 figurae
782 575 808 598 et
824 568 901 608 signo
914 568 961 598 vi-

221 616 331 646 ctoriam
347 614 484 645 adscribit.
497 613 613 652 Quando
622 613 694 643 enim
705 614 961 654 Moyscssexpande-
981 615 999 639 C

220 664 267 693 bat
285 672 390 698 manus,
413 661 537 691 vincebat
549 661 643 690 Israe'l.
658 661 734 698 Quid
754 661 808 691 sihi
832 661 892 693 vult
912 672 962 690 ex-

221 718 304 748 pansa
326 707 442 737 manus?
457 706 577 746 Depinge
588 707 638 736 tibi
660 717 755 737 manus
777 717 918 747 expansas,
934 713 964 736 ut

221 754 406 793 splendentem
417 751 559 782 adoranda:
572 752 671 782 Crucisv
691 753 834 792 imaginem
861 752 962 783 videas.

222 801 328 829 Verum
337 799 497 839 defatigatus
515 805 565 836 est,
577 798 666 837 inquit
673 799 830 839 Scripturas
837 800 945 839 Moyses
956 811 965 833 ;

221 856 308 885 neque
321 845 393 875 enim
407 846 504 874 manus
517 855 644 885 corporea
657 845 787 885 gravitate
799 847 876 876 vietae
889 845 966 875 illam

222 891 367 931 imaginem
397 891 526 920 sustinere
544 897 675 930 poterant.
701 891 777 928 Quid
800 891 886 931 ergo?
909 890 968 926 Ne,

223 936 310 964 soluta
321 935 449 975 imagine,
459 935 573 966 victoria
584 946 690 974 quoque
700 935 875 973 amitteretur,
885 935 974 964 susti-,

223 986 286 1008 nent
299 980 387 1008 Aaron
395 986 420 1008 et
431 980 481 1016 Or,
494 979 664 1017 allevautque
672 989 766 1008 manus
776 980 844 1019 ejus,
853 989 897 1015 ne,
906 989 965 1008 eva-

223 1033 345 1056 nescente
358 1026 484 1066 imagine,
499 1026 610 1056 victoria
621 1037 727 1065 quoque
738 1027 897 1057 elaberetur.
909 1028 966 1056 Cur

222 1073 331 1102 omnino
352 1074 439 1102 Aaron
454 1079 480 1102 et
493 1073 533 1102 Or
546 1082 640 1102 manus
660 1072 841 1103 suffulciunt?
863 1074 964 1111 Aaron,
983 1074 1003 1097 D

222 1119 329 1155 fratres,
349 1118 505 1148 sacerdotali
524 1128 635 1147 munere
659 1119 819 1158 fungebatur
825 1130 834 1157 5
851 1120 891 1148 Or
901 1130 966 1150 vero

224 1165 304 1203 regiae
317 1164 405 1193 tribus
422 1163 606 1202 cognationem
619 1164 744 1193 habebat.
761 1164 856 1203 Itaque
868 1165 966 1205 imagi—

224 1220 284 1238 nem
303 1210 389 1239 erucis
412 1209 589 1239 sacerdotium
610 1216 636 1239 et
645 1220 765 1249 vregnum
779 1210 863 1239 instar
884 1211 966 1240 satel-

224 1255 303 1284 litum
315 1255 423 1294 stipant.
437 1256 476 1283 Ac
488 1254 715 1293 quemadmodum
738 1266 802 1285 eum
821 1255 965 1295 transfigu-

224 1305 331 1330 raretur
354 1300 487 1330 Dominus
510 1300 538 1328 in
553 1307 651 1336 monte,
665 1300 717 1331 visi
735 1307 797 1330 sunt
819 1303 927 1340 Moyses
941 1308 967 1331 et

224 1346 301 1375 Elias
314 1357 329 1375 a
353 1345 456 1375 dextris
474 1353 499 1375 et
512 1356 528 1383 a
552 1345 677 1383 sinistris,
691 1353 721 1375 ut
746 1346 846 1386 regiam
866 1346 967 1376 Christi

225 1391 368 1431 imaginem
381 1391 458 1430 quasi
471 1391 596 1421 satellites
610 1391 740 1431 stiparent
753 1402 759 1418 τ
773 1392 811 1421 sic
832 1393 914 1422 etiam
922 1392 967 1422 hie

224 1440 315 1467 Aaron
328 1437 469 1466 sacerdotii
481 1437 602 1467 ordinem
615 1437 736 1467 obtinens
749 1437 822 1467 cruci
836 1438 933 1473 adstat,
941 1444 969 1467 et

224 1482 349 1512 similiter
362 1484 403 1513 Or
415 1483 544 1523 primum,
556 1483 634 1522 regiae
649 1484 787 1523 dignitatis
811 1484 905 1513 ssorem
918 1484 967 1513 ha-

223 1529 290 1558 bens
303 1540 408 1558 erucem
419 1530 509 1569 stipat.
519 1530 582 1559 Haec
593 1540 609 1558 a
623 1541 665 1559 me
671 1530 742 1559 dicta
751 1537 824 1567 sunt,
841 1537 871 1559 ut
879 1537 967 1560 osten-

191 1595 193 1597 ι
224 1575 300 1611 dam,
314 1575 449 1614 quomodo
462 1575 558 1614 priscis
578 1575 634 1605 illis
645 1575 885 1615 patribuspietatis
897 1576 968 1606 ima-

225 1631 258 1660 go
272 1621 352 1650 fuerit
362 1621 510 1660 proposita,
523 1631 625 1650 necnon
633 1632 714 1660 quam
725 1621 854 1651 honorata
868 1622 902 1651 ab
911 1622 967 1652 illis

223 1666 304 1695 [uerit
317 1666 470 1696 oeconomiae
485 1667 580 1705 figura.
603 1666 632 1696 Si
653 1673 743 1696 autem
762 1666 805 1696 illi
825 1666 872 1705 qui
894 1678 969 1707 prae-

223 1711 394 1749 nuntiabant,
403 1719 474 1741 tanta
489 1722 550 1742 eum
560 1712 641 1742 laude
652 1712 728 1742 illam
735 1713 925 1752 praedicarunt,
940 1721 967 1743 et

225 1768 288 1787 eum
298 1765 373 1788 tanto
385 1758 486 1787 honore
496 1758 740 1798 praesignifiearunt
756 1769 763 1785 ε
779 1769 833 1797 quo
847 1770 892 1789 ore
918 1770 966 1789 nos

224 1804 336 1833 Domini
352 1814 460 1834 crucem
496 1804 670 1842 divinamque
693 1804 768 1833 illam
790 1805 969 1835 oeconomiam

225 1849 349 1879 convenit
362 1849 517 1879 celebrare?
535 1851 596 1879 Non
618 1850 711 1888 ignoro
725 1860 773 1879 vos
786 1861 883 1890 magno
896 1851 969 1880 ‹lesi-.

225 1895 301 1924 derio
313 1895 396 1924 teneri
403 1895 500 1924 talium
509 1896 670 1932 orationum,
686 1896 785 1934 quibus
797 1907 876 1926 saerae
888 1897 966 1926 theo-

900 174 1083 207 SEVEuhANt

1011 247 1121 285 χειρῶν,
1135 245 1230 275 Ἡνίκα
1243 246 1294 286 γὰρ
1308 248 1406 283 καθῆκε
1420 248 1537 284 Μωϋσῆς
1550 247 1597 282 τὰς
1608 252 1698 289 χεῖρας
1709 272 1717 286 ,
1731 246 1779 285 ἣτ’-

1012 297 1077 321 τᾶτο
1093 294 1107 321 ὃ
1121 292 1230 332 Ἰσραήλ
1241 304 1247 311 ·
1262 293 1341 328 ἡνίκα
1355 294 1383 323 δὲ
1395 293 1482 329 ἥπλου
1492 316 1501 331 ,
1513 296 1612 330 ἡττᾶτο
1625 297 1639 325 ὁ
1652 295 1782 334 Ἀμαλήκ-

1014 339 1048 367 Εἷ
1062 338 1112 377 γὰρ
1124 341 1171 374 τῆς
1185 341 1334 379 προσευχῆς
1347 334 1380 375 ἦν
1393 339 1423 369 τὸ
1436 339 1520 380 ἔργον,
1531 341 1612 381 ἐχρῆν
1623 342 1706 370 εἰπεῖν
1719 353 1725 359 ·
1737 341 1783 370 καὶ

1014 383 1093 419 ἡνίκα
1103 383 1204 424 ηὔχετο
1219 386 1336 420 Μωῦσῆς
1345 406 1353 420 ,
1364 385 1448 415 ἐνίκα.
1463 385 1542 424 Ἀλλ’,
1551 388 1587 420 ὥς
1600 386 1680 426 ἔφθην
1691 387 1784 422 εἰπὼν,

1015 429 1062 465 τὴν
1076 430 1226 470 προσευχὴν
1240 430 1444 470 παρενθέμενος,
1458 432 1508 471 οὔχ
1518 433 1554 465 ὥς
1566 431 1710 472 ἄχρηστον,
1720 433 1782 461 ἀλλ’

1015 477 1050 508 ὡς
1069 475 1223 515 ὀφείλουσαν
1237 478 1434 516 παραχωρῆσαι
1454 479 1488 517 τῇ
1502 477 1583 507 εἰκόνι
1602 479 1647 507 τοῦ
1662 480 1785 518 σταυροῦ,

993 525 999 530 ’
1014 523 1053 561 τῷ
1064 521 1139 561 τύπῳ
1153 522 1199 551 καὶ
1210 524 1249 562 τῷ
1261 522 1364 563 σημείῳ
1377 523 1426 559 τὴν
1437 523 1512 559 νίκην
1526 523 1681 564 ὑπογράφει.
1689 523 1787 558 ‘Evina

1015 566 1065 607 γὰρ
1081 567 1189 603 ἥπλωσε
1211 569 1329 604 Μωῦσῆς
1349 568 1396 602 τὰς
1420 573 1526 609 χεῖρας,
1550 569 1623 599 ἐνίκα
1639 568 1797 609 ὁἸσραήλν

1017 613 1053 642 Τί
1073 613 1194 653 βούλεται
1209 614 1361 653 ἁπλουμένη
1379 615 1460 655 χείρ;
1475 614 1707 656 Ἀναζοηροίφησον
1722 616 1787 655 παρ’

1018 661 1103 699 ἑαυτῷ
1116 664 1206 699 χεῖρας
1217 660 1376 699 ἠπλωμένας
1386 683 1394 698 ,
1410 660 1453 690 ἵνα
1469 661 1526 701 ἴδῃς
1538 664 1586 690 τοῦ
1604 663 1791 701 προσκυνητοῦ

1019 709 1132 745 σταυροῦ
1155 705 1312 745 λάμπουσαν
1326 706 1374 743 τὴν
1388 706 1485 737 εἰκόνα.
1496 706 1572 745 Ἀλλ’,
1589 706 1685 746 ἔκαμε,
1699 707 1763 747 φησὶ
1777 723 1791 743 ,-

1019 752 1135 787 Μωῦσῆς
1145 764 1151 770 ·
1169 752 1201 781 οὗ
1217 752 1268 792 γὰρ
1282 752 1452 792 ὑπούργησαν
1474 754 1504 782 αἱ
1514 748 1601 793 χἐῗρες
1614 753 1679 793 πρὸς
1691 753 1739 789 τὴν
1750 754 1788 782 rt-

1017 797 1082 826 κόνα
1105 798 1142 837 τῷ
1165 800 1311 838 σωματικῷ
1334 798 1408 838 βάρει
1430 798 1639 837 νικώμεναι..Τί’
1652 794 1715 835 oiim
1729 798 1795 828 Ἵνα

1019 842 1071 881 μὴ,
1085 843 1206 879 λυθείσης
1218 846 1267 879 τῆς
1280 843 1377 877 εἰκόνος
1389 866 1396 880 ,
1417 846 1482 884 λυθῇ
1501 844 1546 874 καὶ
1559 847 1577 880 ἡ
1592 844 1652 880 νίκη
1661 866 1669 881 ,
1682 844 1793 874 ἵσταται·

1019 889 1119 929 Ἀαρὼν
1132 889 1177 919 καὶ
1189 889 1252 929 up,
1268 890 1312 919 καὶ
1323 890 1458 930 ἐκούφιζον
1473 891 1552 920 αὐτοῦ
1565 890 1612 924 τὰς
1622 894 1731 930 χεῖρας,
1744 890 1797 920 tm.-

1020 935 1057 973 μὴ
1071 937 1089 970 ἡ
1103 934 1180 964 εἰκὼν
1194 938 1239 964 τοῦ
1259 939 1372 975 σταυροῦ
1388 937 1555 976 παρελθοῦσα
1569 936 1615 966 καὶ
1629 936 1795 975 παυσαμένη»

1019 980 1102 1020 σὸέσῃ
1116 980 1163 1016 τὴν
1174 980 1262 1016 νίκην.
1277 981 1329 1011 Διὰ
1342 981 1369 1010 τί
1382 981 1411 1010 δὲ
1423 981 1489 1015 ὅλως
1502 981 1602 1022 Ἀαρὼν
1615 982 1661 1012 καὶ
1670 981 1727 1022 ’Ὦρ
1741 981 1797 1015 τὰς·

1019 1031 1109 1067 χεῖρας
1127 1026 1343 1067 ὖποστηρίζουσιν
1355 1039 1364 1064 ;
1375 1027 1487 1067 Ἀαρὼν,
1511 1027 1632 1068 ἀδελφοὶ,
1645 1028 1695 1064 τὴν
1714 1029 1793 1068 ispa-

1019 1072 1095 1108 τικὴν
1110 1074 1215 1112 ἐπεῖχεν
1229 1072 1303 1106 ἀξίαν
1314 1085 1321 1091 ·
1343 1075 1357 1102 ὁ
1380 1072 1407 1103 δὲ
1422 1073 1477 1114 Ὦρ
1489 1075 1537 1115 τῆς
1554 1074 1693 1113 βασιλικῆς
1706 1074 1796 1114 φυλῆς.

1019 1113 1075 1158 εἶχε
1089 1117 1137 1154 τὴν
1152 1118 1312 1158 συγγένειαν.
1326 1119 1470 1159 Δορυφορεῖ
1482 1118 1568 1148 τοίνυν
1581 1119 1631 1156 τὴν
1642 1119 1731 1150 εἰκόνα
1739 1122 1795 1149 τοῦ

1020 1167 1132 1204 σταυροῦ
1144 1164 1273 1204 ἱερωσύνη
1285 1164 1330 1194 καὶ
1345 1165 1475 1204 βασιλεία.
1488 1164 1542 1194 Καὶ
1554 1163 1645 1205 ὥσπερ
1657 1176 1797 1204 μεταμορ-

1021 1210 1147 1249 φωθέντος
1160 1213 1205 1240 τοῦ
1221 1210 1318 1250 Κυρίου
1339 1212 1366 1247 ἐν
1385 1212 1423 1251 τῷ
1435 1210 1509 1250 ὄρει,
1522 1210 1598 1251 ὤφθη
1611 1211 1729 1246 Μωῧσῆς
1744 1209 1797 1239 καὶ,

1021 1255 1114 1289 Ἠλίας
1128 1257 1158 1285 ἐκ
1171 1255 1261 1290 δεξιῶν
1275 1257 1320 1286 καὶ
1333 1256 1360 1290 ἐξ
1373 1256 1525 1295 εὐωνύμων,
1535 1255 1578 1286 ἵνα
1592 1255 1795 1296 δορυφορήσυκπ

1020 1304 1066 1330 τοῦ
1094 1302 1210 1340 Χριστοῦ
1235 1301 1283 1337 τὴν
1305 1301 1443 1338 βασιλικὴν
1468 1301 1557 1331 εἰκόνα
1568 1313 1575 1320 ·
1596 1301 1665 1331 οὕτω
1682 1301 1733 1334 ,καὶ
1747 1302 1796 1331 ἐν·-

1019 1349 1104 1375 ταῦθα
1117 1346 1216 1386 Ἀαρὼν
1229 1349 1277 1382 τῆς
1296 1346 1425 1387 ἱερατείας
1438 1346 1512 1380 τάξιν
1529 1346 1643 1386 ἐπέχων,
1654 1347 1791 1387 δορυφορεῖ

1020 1392 1064 1421 τὸν
1078 1391 1199 1432 σταυρὸν,
1214 1392 1260 1422 καὶ
1272 1392 1327 1432 Ὧρ
1346 1392 1442 1432 ὁμοίως
1455 1393 1503 1428 τῆς
1522 1393 1662 1431 βασιλικῆς
1677 1392 1745 1432 ἔχων
1759 1392 1795 1422 τὸ

1021 1439 1128 1477 πρῶτον
1147 1438 1222 1471 ἄνθος
1233 1460 1241 1474 ,
1264 1439 1406 1479 δορυφορεῖ
1422 1438 1468 1467 τὸν
1490 1437 1611 1478 σταυρόν.
1632 1437 1727 1467 Ταῦτά
1743 1449 1791 1477 μοι

1020 1484 1138 1523 εἴρηται,
1151 1483 1194 1513 ἵνα
1213 1484 1297 1520 δείξω,
1317 1484 1388 1518 ὅπως
1401 1488 1456 1518 τοῖς
1470 1484 1588 1524 πατράσι
1601 1488 1655 1517 τοῖς
1669 1483 1795 1524 ἀρχαίοις

1021 1528 1128 1562 ἐκείνοις
1141 1531 1188 1565 τῆς
1199 1530 1332 1563 εὐσεὸείας
1350 1530 1471 1570 εἰσήγετο
1482 1532 1500 1565 ,ἡ
1513 1530 1600 1566 εἰκὼν,
1617 1529 1663 1559 καὶ
1675 1528 1794 1568 ἐτιμήθη

1021 1575 1065 1604 καὶ
1078 1577 1093 1604 ὁ
1107 1574 1188 1608 τύπος
1204 1577 1251 1611 τῆς
1261 1575 1425 1615 οἰκονομίας.
1441 1577 1474 1606 Et
1490 1575 1517 1605 δὲ
1531 1576 1555 1605 οἱ
1568 1577 1791 1615 προαναφωνοῦν-

1020 1632 1063 1653 τες
1084 1619 1165 1654 οὕτως
1179 1620 1308 1661 ἐκήρυξαν
1327 1621 1448 1657 ἐνδόξως,
1462 1621 1531 1650 οὕτω
1543 1620 1734 1660 προετύπωσαν
1748 1622 1790 1650 ἐν·

1020 1666 1114 1704 τίμως,
1126 1666 1209 1700 ποίοις
1220 1667 1265 1696 καὶ
1278 1667 1368 1700 πόσοις
1381 1669 1475 1706 ῧῆμεῑς
1485 1667 1531 1696 καὶ
1542 1666 1664 1702 πηλίκοις
1675 1666 1798 1706 στόμασι

1020 1715 1066 1741 τοῦ
1081 1713 1180 1753 Κυρίου
1197 1713 1242 1742 τὸν
1263 1713 1374 1753 σταυρὸν
1397 1713 1443 1742 καὶ
1461 1713 1510 1749 τὴν
1534 1712 1619 1742 ἔνθεον
1640 1713 1792 1751 οἰκονομίαν

1021 1757 1195 1798 κηρύξωμεν;
1220 1755 1290 1788 Οἶδα
1311 1759 1352 1788 ὅτι
1374 1758 1454 1792 πολὺς
1469 1759 1538 1798 ὑμᾶς
1558 1757 1616 1797 ἔχει
1637 1757 1716 1791 πόθος
1736 1758 1793 1787 τῶν

1021 1804 1188 1842 δογματικῶν
1198 1804 1294 1844 λόγων,
1313 1804 1358 1834 καὶ
1378 1805 1430 1833 τῶν
1444 1805 1491 1840 τῆς
1506 1802 1638 1842 θεολογίας
1649 1802 1790 1843 κηρυγμά-

1020 1862 1073 1879 των
1084 1861 1090 1867 ·
1103 1851 1161 1880 ἀλλ’
1177 1851 1250 1880 ἔστιν
1261 1850 1365 1880 ἐκείνων
1378 1850 1478 1890 ἀδελφὰ
1489 1849 1536 1878 ’καὶ
1549 1848 1583 1878 τὰ
1597 1851 1642 1878 νῦν
1653 1848 1793 1888 εἰρημένα.

1021 1897 1078 1931 Τῆς
1091 1896 1142 1936 γὰρ
1157 1897 1238 1932 αὐτῆς
1251 1896 1350 1929 ἐννοίας
1361 1895 1407 1925 καὶ
1420 1894 1532 1935 σταυρὸν
1545 1893 1672 1934 κηρῦξαι,
1686 1894 1732 1923 καὶ
1744 1894 1793 1923 τὸν

226 1941 304 1979 logiae
328 1940 451 1980 dogmata
474 1941 661 1980 explicantur:
676 1948 702 1970 at
720 1952 779 1980 quae
801 1953 875 1974 nune
895 1943 965 1973 dicta
976 1965 1013 1984 Β),
1023 1944 1149 1981 μονογενῆ
1172 1942 1241 1972 Θεὸν
1265 1942 1351 1980 Λόγον
1371 1942 1485 1981 ὑψῶσαι.
1505 1941 1653 1980 Τοιγαροῦν
1670 1939 1719 1969 κᾶν
1739 1939 1793 1976 τὴν

230 1994 292 2016 sunt
305 1987 360 2016 illis
372 1994 434 2016 sunt
445 1987 544 2016 affinia.
561 1987 691 2027 Ejusdem
709 1989 780 2018 enim
793 1990 876 2019 animi
889 1997 929 2019 est
941 1997 967 2020 et
984 1993 1005 2016 Α
1022 1987 1132 2022 θεότητα
1151 1990 1197 2016 τοῦ
1217 1989 1380 2026 Μονογενοῧς
1403 1986 1539 2025 ὖμνῆῦῃς,
1561 1985 1610 2014 κᾶν
1624 1984 1673 2021 τὴν
1686 1986 1789 2014 Οἶκθνθ-

228 2043 333 2062 crucem
347 2032 503 2072 praedicare‚
516 2039 542 2062 et
558 2033 725 2072 unigenitum
739 2036 827 2064 Deum
841 2036 966 2066 Verbum

225 2077 353 2107 laudibus
374 2078 510 2109 extollere.
523 2079 705 2115 Quamobrem
719 2081 776 2110 sive
795 2081 966 2111 divinitatem

226 2122 366 2162 Unigeniti
379 2123 505 2160 celebres,
520 2124 576 2153 sive
587 2125 645 2163 ejus
658 2126 831 2155 oeconomiam
839 2127 967 2165 honores,

227 2179 280 2198 una
294 2168 440 2207 eademque
456 2176 498 2198 est
515 2169 621 2208 pietatis
633 2170 832 2202 demonstratio.

267 2217 296 2245 4.
310 2216 442 2245 Caeterum
459 2215 567 2254 quando
586 2226 692 2245 crucem
702 2239 709 2253 ‚
725 2218 832 2256 quando
846 2222 979 2260 corporis-

226 2261 399 2291 oeconomiam
412 2261 489 2290 audis
500 2284 507 2297 ,
520 2268 633 2290 mentem
643 2263 714 2301 erige
727 2262 761 2292 ad
774 2264 965 2295 sublimitatem

224 2306 525 2346 potestatisUnigeniti.
537 2308 578 2336 Ne
597 2307 645 2336 illa
662 2307 767 2347 figura,
782 2319 840 2347 quae
860 2310 905 2339 hic
925 2313 965 2340 tui

225 2362 305 2381 causa
322 2353 390 2382 sacta
403 2359 456 2388 est,
468 2362 560 2381 sensus
579 2360 639 2382 tuos
659 2353 805 2392 deprimat,
822 2355 868 2384 sed
885 2356 964 2386 beni—

226 2398 311 2437 gnitas
325 2399 373 2428 illa
386 2398 488 2429 Clu-isti
499 2421 507 2435 ,
521 2399 568 2437 qui
581 2406 606 2428 te
620 2401 749 2437 servavit,
765 2408 878 2431 mentem
891 2410 964 2433 tuam

224 2445 345 2474 extollat.
360 2446 435 2474 Crux
453 2444 562 2484 quidem
580 2452 690 2484 propter
704 2452 744 2481 te,
762 2448 884 2486 majestas
900 2459 964 2478 vero

223 2490 274 2520 Dei
289 2497 397 2531 propter
408 2491 642 2530 ipsum-Maiestas
652 2491 745 2522 divina
756 2493 830 2522 nulla
846 2495 963 2524 oratione

1021 2032 1083 2070 μίαν
1105 2033 1236 2072 τιμήσῃς,
1260 2033 1323 2071 μίαν
1342 2032 1388 2062 καὶ
1409 2031 1458 2067 τὴν
1477 2028 1561 2067 αὐτὴν
1580 2030 1641 2070 ἔχει
1657 2030 1792 2064 ἀπόδειξιν

1019 2080 1067 2115 τῆς
1079 2079 1224 2112 εὗσεὸείας.

1060 2223 1136 2259 Πλὴν
1151 2223 1213 2252 ὅταν
1225 2222 1340 2262 ἀκούσῃς
1353 2222 1474 2262 σταυρὸν,
1489 2222 1551 2251 ὅταν
1567 2221 1680 2262 ἀκούσῃς
1692 2221 1788 2261 σώμα-

1020 2280 1064 2302 τος
1085 2268 1245 2308 οἰκονομίαν,
1269 2267 1384 2308 ἀνάγαγέ
1407 2280 1455 2297 σου
1469 2268 1517 2304 τὴν
1539 2268 1654 2297 διάνοιαν
1675 2267 1740 2308 πρὸς
1758 2267 1790 2296 τὸ

1020 2315 1085 2354 ὕψος
1096 2317 1144 2350 τῆς
1158 2317 1203 2344 τοῦ
1219 2316 1381 2354 Μονογενοῦς
1401 2313 1527 2348 ἐξουσίας.
1544 2313 1592 2349 Μὴ
1606 2313 1637 2343 τὸ
1650 2315 1745 2353 σχῆμα
1757 2313 1788 2342 τὸ

1021 2361 1063 2390 διὰ
1077 2361 1105 2390 σὲ
1126 2360 1265 2400 γενόμενον
1283 2359 1448 2389 ταπεινούτω
1465 2371 1511 2389 σου
1525 2358 1556 2388 τὸ
1569 2359 1706 2399 φρόνημα,
1727 2359 1786 2387 ἀλλ’

1019 2409 1035 2441 ἡ
1049 2406 1229 2446 φιλανθρωπία
1242 2408 1287 2435 τοῦ
1300 2405 1432 2438 σώσαντος
1443 2405 1597 2444 ἂναγαγέτω
1608 2415 1655 2434 σου
1667 2403 1717 2439 τὴν
1731 2403 1787 2433 διοί-

1018 2464 1098 2481 νοιαν.
1111 2451 1228 2491 Σταυρὸς
1241 2451 1287 2490 μὲν
1300 2451 1350 2490 γὰρ
1365 2450 1407 2480 διὰ
1425 2449 1470 2485 σὲ,
1485 2449 1544 2484 ἀξία
1555 2449 1583 2479 δὲ
1597 2451 1666 2480 Θεοῦ
1678 2450 1712 2479 δι’
1723 2452 1786 2479 ἑαυ-

1019 2497 1071 2526 τόν.
1080 2497 1149 2530 Ἀξία
1165 2497 1191 2526 δὲ
1205 2499 1275 2527 Θεοῦ
1289 2498 1339 2536 οὐχ
1349 2497 1459 2535 ὑψοῦται
1472 2495 1568 2534 λόγοις,
1580 2497 1608 2525 οὐ
1621 2499 1786 2536 καθαιρεῖται

256 2576 265 2587 ²
283 2568 360 2600 [Post
375 2574 449 2598 πόσα-ες
464 2568 541 2595 Savil.
556 2569 581 2594 in
598 2578 676 2602 marg.
688 2569 761 2596 addit
778 2576 875 2603 σημείοις
888 2578 912 2597 et
923 2582 969 2605 pro
982 2577 1109 2607 κηρύξωμε-,ι
1122 2574 1194 2600 affert
1205 2584 1257 2600 var.
1272 2574 1329 2600 lect.
1341 2575 1487 2607 &offensae-w]
