1890 2826
43 970 65 984 2.
85 963 146 986 Tim.
159 971 181 986 z.

46 1001 83 1016 20.
98 1002 135 1016 21.

201 201 269 234 500

197 271 337 301 cunuchus
355 280 418 299 cum
430 269 544 299 muliere
556 278 614 297 rem
633 266 732 296 habere
742 265 839 305 possit,
852 274 938 304 neque

197 317 360 354 monachus,
376 316 423 356 qui
441 315 557 355 seipsum
583 312 719 343 castravit.
746 313 802 342 Res
827 311 939 349 quidem

197 374 252 392 una
274 363 420 401 eademque
430 368 485 397 est,
499 371 552 390 non
574 359 638 389 item
652 358 725 388 finis.
740 356 807 387 Ideo
819 367 883 387 cum
903 356 939 386 de

196 408 254 438 illis
274 407 398 444 dixisset,
414 406 488 446 quod
510 405 617 435 castrati
638 405 692 434 sint
713 404 748 433 ab
770 403 938 441 hominibus,

196 455 305 484 nullum
328 455 364 484 ob
387 453 416 483 id
438 453 503 493 ipsis
530 450 638 481 addidit
656 449 822 491 praemium:
838 455 940 478 naturae

196 501 313 541 quippe,
328 511 382 530 non
402 498 598 530 exercitationis
621 496 692 527 illud
712 503 768 527 erat
787 506 868 536 opus.
883 497 940 526 Hos

196 553 285 576 antem
298 547 326 576 in
339 546 459 576 medium
472 543 603 573 adductos
626 553 708 583 regno
722 542 851 573 caelorum
863 551 939 572 coro-

197 593 282 630 navit,
297 592 398 630 dicens,
411 593 537 630 Propter
548 600 668 631 regnum
689 589 838 619 caelorum.
855 588 939 627 Atqui

196 649 281 677 neque
292 638 346 675 hic,
357 648 443 676 neque
456 636 504 665 ille
515 646 577 666 cum
590 635 703 665 muliere
713 645 770 664 rem
779 634 861 664 habet
872 646 879 662 ε
890 634 939 664 sed

196 684 265 713 alter
278 683 444 719 necessitate,
459 682 528 712 alter
541 691 606 711 vero
628 680 765 721 proposito
786 686 858 710 recte
869 680 936 719 agit,

196 736 222 758 et
235 740 250 758 a
263 729 350 769 seipso
363 728 435 758 illud
448 734 566 769 praestat.
581 727 753 763 Hominesne,
768 725 814 755 dic
829 725 907 763 mihi,
922 735 938 754 a

195 775 291 815 seipsis
314 775 366 804 hoc
392 785 471 815 agere
493 780 621 815 possunt,
646 779 673 802 et
695 771 898 812 philosophari,
912 778 939 801 et

195 821 282 859 loqui,
293 827 470 860 sexcentaque
482 820 535 849 alia
545 819 673 860 perficere
686 830 694 847 z
705 817 862 857 angelorum
872 828 939 848 vero

531 207 561 230 S.
588 204 723 230 JOANMS
748 202 929 228 CHRYSOST.
958 202 1112 227 Ancufflt’.
1140 204 1403 230 CONSTANTINOP-

992 264 1135 304 ἀπέχονται
1158 265 1260 304 μίξεως.
1282 267 1340 297 ’Τὸ
1363 267 1459 306 ὁμοίως
1481 267 1508 296 δὲ
1529 262 1619 303 εἷπον,
1642 268 1671 297 οὗ
1692 266 1762 296 κατὰ

991 309 1115 349 γνώμην,
1132 310 1200 340 ἀλλὰ
1211 311 1279 341 κατὰ
1291 311 1340 348 τὴν
1354 315 1399 341 τοῦ
1410 311 1566 352 πράγματος
1583 311 1670 352 φύσιν.
1691 311 1763 341 Οὐδὲ

992 355 1043 395 γὰρ
1057 357 1178 397 εὐνοῦχος
1191 356 1292 387 δύναιτ’
1311 357 1343 387 ἂν
1361 359 1532 397 συγγενέσθαι
1545 357 1663 397 γυναικὶ,
1675 358 1734 388 οὔτε
1747 359 1763 386 ὃ

957 406 976 430 C
994 402 1107 442 μοναχὸς
1117 405 1132 432 6
1141 403 1296 443 εὐνουχίσας
1305 404 1406 433 ἑαυτόν.
1429 403 1484 433 Καὶ
1495 403 1527 433 τὸ
1540 403 1587 443 μὲν
1595 408 1708 444 πρᾶγμα
1721 403 1761 441 ἓν,

992 448 1023 477 τὸ
1035 448 1063 478 δὲ
1074 448 1148 482 τέλος
1159 450 1211 489 οὐχ
1224 449 1259 479 ἕν.
1275 449 1327 479 Διὰ
1339 452 1417 480 τοῦτο
1427 449 1488 490 περὶ
1503 449 1551 488 μὲν
1561 449 1667 479 ἐκείνων
1680 449 1764 479 εἰπὼν

990 493 1031 523 ὅτι
1045 494 1251 534 εὐνουχίσθησαν
1269 495 1323 525 ὕπὸ
1332 497 1400 525 ,τῶν
1412 495 1572 535 ἀνθρώπων,
1587 495 1663 524 οὐδὲν
1675 497 1764 529 αὗτοῖς

991 539 1036 569 διὰ
1061 541 1139 570 τοῦτο
1159 540 1251 576 ἔθηκεν
1275 542 1404 571 ἔπαθλον·
1430 541 1532 582 φύσεως
1549 541 1617 581 γὰρ,
1641 540 1692 571 ¹²0ss
1710 541 1763 581 γὰρ

991 586 1128 622 ἀσκήσεως
1140 586 1170 616 τὸ
1184 593 1296 626 πρᾶγμα
1309 583 1351 624 ἦν.
1365 588 1482 622 Τόύτους
1495 587 1522 617 δὲ
1543 589 1579 622 εἷς
1593 588 1674 627 μέσον
1695 588 1764 627 ἄγα-

990 631 1061 670 γὼν,
1082 634 1115 672 τῇ
1128 632 1251 673 βασιλεία
1262 633 1357 667 αὖτοὺς
1366 634 1566 674 ἐστεφάνωσεν,
1586 634 1668 664 εἰπὼν
1677 656 1686 670 ,
1710 633 1764 663 Διὰ

989 677 1038 713 τὴν
1063 678 1198 716 βασιλείαν
1213 680 1266 709 τῶν
1290 680 1418 719 οὐρανῶν.
1438 679 1534 709 Καίτοι
1553 680 1613 709 οὔτε
1626 675 1702 714 οὗτος
1721 679 1764 718 μί-

989 735 1082 762 γνυται
1105 724 1225 763 γυναικὶ,
1246 725 1305 754 οὔτε
1329 726 1441 759 ἐκεῖνος·
1462 726 1521 754 ἀλλ’
1546 727 1560 755 ὁ
1585 725 1632 764 μὲν
1648 725 1765 761 ὑπὸτῆς

991 769 1108 809 ἀνάγκης
1121 770 1256 810 δεδεμένος
1266 794 1274 808 ,
1298 773 1314 800 6
1334 771 1362 801 δὲ
1384 774 1418 811 τῇ
1442 772 1594 812 προαιρέσει
1607 771 1638 801 τὸ
1650 776 1764 812 πρᾶγμα

990 816 1173 856 κατορθώσας,
1186 817 1232 846 καὶ
1246 817 1290 857 ἀφ’
1311 819 1405 847 ἑαυτοῦ
1426 820 1504 848 τοῦτο
1521 817 1700 858 ἐργασάμενος
1717 818 1764 847 καὶ

194 867 328 896 Dominus
340 877 388 896 nec
408 877 523 906 parvum
536 876 585 899 nec
599 874 726 904 maguum
739 863 808 903 quid
820 874 838 892 a
850 864 938 903 seipso
956 862 976 885 D
991 861 1098 895 ἀνύσας.
1114 857 1183 892 Εἶτα
1203 864 1227 892 οἱ
1243 863 1291 902 μὲν
1313 864 1447 903 ἄνθρωποι
1469 865 1517 904 ἀφ’
1541 865 1642 893 ἑαυτῶν
1670 862 1764 893 δύναν-

194 922 272 952 agere
285 908 404 952 poterit?
417 912 453 941 Et
465 912 526 951 quis
539 911 596 941 haec
609 911 696 940 ferat?
706 910 768 940 Non
779 909 858 939 audis
866 911 938 940 Pau-

194 958 253 988 lum
274 958 408 989 dicentem
423 971 430 987 :
448 959 469 988 I
468 969 488 987 n
509 967 618 998 magna
643 957 730 986 domo
756 965 817 985 non
843 956 940 985 solum

195 1010 263 1034 sunt
276 1015 354 1034 vasa
366 1014 458 1034 aurea
470 1010 498 1033 et
510 1009 660 1043 argentea,
674 1002 726 1032 sed
738 1003 828 1031 etiam
840 1001 940 1041 lignea

195 1057 223 1080 et
238 1051 366 1090 fictilia,
393 1051 528 1090 quoedam
559 1051 592 1079 in
622 1049 777 1085 honorem,
805 1048 942 1087 quoedam

195 1103 292 1125 autem
307 1098 339 1125 in
353 1096 570 1126 contumeliam.
586 1095 618 1125 Si
632 1096 698 1134 quis
712 1104 779 1134 ergo
797 1094 939 1125 emunda-

197 1144 268 1171 verit
281 1152 311 1171 se
325 1143 362 1171 ab
378 1144 458 1181 ipsis,
475 1144 530 1172 erit
547 1151 603 1172 vas
618 1143 650 1170 ιἰι
663 1141 816 1176 honorem,
829 1142 941 1170 sancti-

186 1189 315 1227 ficatum
330 1188 468 1217 Domino.

235 1330 263 1358 5.
287 1328 373 1359 Vides
395 1328 444 1357 hos
458 1328 539 1357 etiam
556 1337 584 1356 se
606 1337 639 1356 ex
660 1326 755 1366 seipsis
774 1325 915 1361 emendare
926 1326 941 1354 ἓ

196 1373 271 1404 Illud
297 1374 370 1404 enim
397 1373 548 1413 significant
573 1372 631 1401 haec
646 1384 653 1400 ε
667 1371 698 1401 Si
724 1373 790 1411 quis
816 1373 942 1411 seipsum

197 1421 409 1450 emundaverit.
424 1418 500 1456 Quid
511 1428 575 1458 ergo
590 1417 659 1447 illud
673 1424 713 1447 est
732 1417 805 1456 quod
815 1416 940 1454 dicitur?

197 1466 228 1496 Si
238 1477 301 1496 cum
309 1465 489 1495 familiaribus
501 1471 606 1494 tantum
616 1471 643 1494 et
653 1463 748 1494 amicis
757 1473 845 1493 sermo
855 1469 939 1501 esset,

195 1514 250 1553 jam
263 1513 426 1542 solutionem
439 1511 589 1542 attulissem
603 1523 610 1539 :
624 1510 688 1550 quia
701 1521 766 1541 vero
777 1521 839 1541 cum
852 1510 942 1539 inimi-

197 1559 236 1588 cis
249 1565 275 1588 et
287 1559 412 1588 hostibus
426 1569 471 1588 res
481 1557 560 1587 nobis
573 1564 622 1594 est,
636 1567 731 1587 eorum
742 1567 848 1596 quoque
861 1567 943 1597 argu-

197 1612 285 1634 menta
295 1603 456 1634 confutanda
468 1610 542 1641 sunt,
553 1602 670 1632 adducta
677 1602 766 1632 denuo
779 1602 808 1632 in
822 1602 944 1632 medium

198 1651 330 1688 clausula,
345 1657 376 1680 ut
388 1661 447 1679 eam
458 1650 496 1679 sic
509 1648 680 1689 perspicuam
691 1648 847 1678 reddamus.
860 1649 944 1686 Quod

198 1698 270 1726 enim
283 1697 417 1737 possimus
431 1707 465 1725 ex
477 1695 557 1726 nobis
570 1689 636 1735 ipsis
648 1695 734 1725 facere
746 1702 772 1724 et
784 1694 884 1734 dicere,
898 1706 941 1726 sa-

198 1743 233 1772 tis
257 1749 495 1781 commonstratum
515 1748 565 1771 est.
593 1741 652 1771 Nisi
674 1741 748 1771 enim
769 1741 840 1771 illud
862 1749 941 1780 esset,

989 919 1033 936 ται
1044 910 1154 937 τοιαῦτα
1167 909 1303 949 πράττειν,
1313 910 1359 939 καὶ
1376 914 1460 940 ποιεῖν
1468 931 1476 945 ,
1489 910 1535 941 καὶ
1544 912 1706 951 φιλοσοφεῖν,
1717 909 1765 940 καὶ

991 953 1165 993 φθέγγεσθαι,
1190 955 1235 984 καὶΙ
1259 955 1341 995 μυρία
1356 951 1438 996 ’ἕτερα
1451 956 1620 997 ἐργάζεσθαι·
1633 958 1648 986 6
1663 955 1691 986 δὲ
1711 958 1765 986 τῶν

992 999 1110 1038 ἀγγέλων
1124 1000 1263 1037 Δεσπότης
1276 1003 1306 1031 οὖ
1327 1001 1467 1038 δυνήσεται
1482 1004 1511 1032 οὗ
1531 1002 1624 1042 μικρὸν
1643 1004 1673 1032 οὗ
1695 1002 1767 1042 μέγα

991 1049 1076 1074 ποιεῖν
1093 1047 1138 1085 ἀφ’
1157 1047 1252 1076 ἑαυτοῦ
1259 1059 1268 1083 ;
1291 1047 1345 1078 Καὶ
1371 1048 1411 1081 τίς
1431 1051 1517 1078 ταῦτα
1535 1048 1677 1086 ἱνέξεται;
1704 1049 1765 1078 Οὔκ

993 1090 1096 1124 ἀκούεις
1112 1091 1221 1121 Παύλου
1234 1093 1369 1132 λέγοντος,
1391 1094 1431 1132 &t
1445 1095 1494 1124 Ἐν
1506 1094 1609 1134 μεγάλῃ
1629 1094 1700 1135 οἰκίᾳ
1716 1097 1766 1124 οὐκ

992 1136 1049 1166 ἔστι
1064 1137 1143 1176 μόνον
1157 1138 1240 1174 σκεύη
1262 1144 1351 1179 χρυσᾶ
1371 1140 1416 1170 καὶ
1440 1141 1557 1180 ἀργυρᾶ,
1580 1141 1650 1170 ἀλλὰ
1662 1140 1709 1170 καὶ
1722 1140 1766 1175 ξύν

992 1182 1052 1211 λινα
1068 1183 1113 1212 καὶ
1133 1184 1291 1223 ὀστράκινα·
1308 1185 1354 1214 καὶ
1369 1185 1386 1214 ἃ
1400 1185 1449 1224 μὲν
1471 1187 1508 1220 εἷς
1527 1186 1626 1226 τιμὴν,
1650 1186 1667 1216 ἃ
1688 1186 1715 1216 δὲ
1729 1188 1770 1220 εἷς

994 1228 1114 1266 ἀτιμίαν.
1132 1229 1198 1259 Ἐὰν
1211 1226 1255 1260 οὖν
1275 1243 1314 1265 τις
1335 1231 1467 1272 ἐκκαθάρῃ
1487 1232 1580 1262 ἑαυτὸν
1599 1233 1630 1262 ἔκ
1646 1232 1769 1270 τούτων,

994 1274 1069 1304 ἔσται
1082 1277 1174 1308 σκεῦος
1185 1277 1221 1309 εἷς
1233 1276 1313 1315 τιμὴν
1327 1278 1488 1317 ἡγιασμένον
1499 1280 1538 1319 τῷ
1548 1279 1684 1319 Δεσπότῃ.

1034 1325 1117 1365 Ὁρᾷς
1127 1326 1173 1355 καὶ
1185 1326 1292 1361 τούτους
1302 1329 1348 1368 ἀφ’
1356 1330 1455 1358 ἑαυτῶν
1467 1329 1672 1369 διορθουμένους
1679 1330 1770 1359 Τοῦτο

959 1375 978 1398 E
994 1371 1045 1411 γάρ
1059 1373 1129 1400 ἐστιν
1143 1384 1149 1391 ·
1171 1373 1238 1403 Ἐάν
1248 1385 1288 1407 τις
1301 1374 1392 1404 ἑαυτὸν
1406 1375 1548 1415 ἐκκαθάρῃ.
1562 1375 1600 1405 Τί
1611 1371 1655 1406 οὖν
1669 1376 1726 1406 ἐστι
1735 1375 1768 1405 τὸ

995 1417 1147 1458 εἶρημένον;
1159 1419 1193 1448 Ei
1205 1419 1270 1459 πρὸς
1281 1420 1391 1454 οἰκείως
1405 1421 1484 1460 μόνον
1504 1423 1519 1451 6
1538 1421 1615 1461 λόγος
1625 1423 1690 1460 ἡμῖν
1712 1417 1746 1458 ἦν
1757 1443 1766 1458 ,

994 1463 1045 1500 ἤδη
1067 1464 1113 1493 καὶ
1133 1464 1182 1500 τὴν
1202 1465 1276 1494 λύσιν
1304 1466 1335 1495 ἂν
1358 1467 1506 1507 ἐπήγαγον·
1531 1467 1622 1504 ἐπειδὴ
1645 1467 1673 1497 δὲ
1701 1468 1769 1507 πρὸς

995 1508 1105 1549 ἐχθροὺς
1126 1509 1171 1539 καὶ
1192 1511 1356 1550 πολεμίους,
1391 1512 1430 1541 ἔτι
1456 1512 1490 1542 τὰ
1516 1513 1624 1543 ἐκείνων
1647 1514 1770 1543 καθελεῖν

997 1556 1139 1595 ἀναγκαῖον
1151 1568 1159 1575 ·
1181 1557 1262 1587 πάλιν
1283 1558 1332 1594 τὴν
1345 1559 1420 1598 ῥῆσιν
1435 1560 1490 1593 ‘eie
1508 1559 1589 1598 μέσον
1605 1558 1747 1599 ἀγαγόντες
1758 1581 1769 1596 ,

997 1601 1079 1636 οὕτως
1091 1602 1191 1639 ταύτην
1205 1603 1358 1643 ποιήσωμεν
1377 1607 1462 1645 σαφῆ.
1481 1604 1546 1635 ιΌϊι
1570 1605 1619 1644 μὲν
1638 1605 1690 1645 γὰρ
1703 1608 1771 1645 ἡμῖν

998 1648 1106 1678 δυνατὸν
1119 1650 1165 1689 ἀφ’
1180 1651 1280 1679 ἑαυτῶν
1295 1650 1341 1679 καὶ
1353 1654 1438 1687 ποιεῖν
1452 1651 1498 1680 καὶ
1518 1650 1621 1690 λέγειν,
1646 1653 1771 1686 ἱκανῶς’ὃ

996 1693 1072 1733 λόγος
1086 1695 1229 1729 ἀπέδειξεν.
1252 1696 1287 1726 Εἰ
1297 1695 1350 1736 γὰρ
1361 1696 1399 1735 μὴ
1410 1699 1487 1726 τοῦτο
1500 1693 1542 1735 ἦν,
1553 1699 1601 1727 οὐκ
1615 1697 1647 1727 ἂν
1659 1699 1771 1739 ἐστεφα-

997 1739 1117 1779 νώθημεν
1139 1744 1335 1781 κατορθοῦντες.
1356 1741 1522 1782 Ἐρωτητέον
1535 1743 1563 1773 δὲ
1575 1743 1656 1774 πάλιν
1669 1744 1714 1773 τὸν
1726 1746 1778 1775 ab,

198 1798 367 1828 nequaquam
379 1799 430 1829 pro
443 1789 523 1818 bonis
536 1788 664 1828 operibus
677 1798 879 1819 coronaremur.
895 1790 943 1819 In·
953 1812 990 1832 ,59
999 1786 1114 1825 ρετῑκόν·
1141 1786 1168 1816 τί
1182 1788 1252 1817 ἔστιν
1262 1809 1271 1823 ‚
1301 1787 1366 1818 Ἐὰν
1390 1788 1429 1827 μή
1442 1801 1470 1818 τι
1493 1789 1580 1829 βλέπῃ
1601 1789 1647 1819 τὸν
1659 1790 1772 1830 Πατέρα

199 1835 375 1874 terrogandus
388 1835 487 1864 iterum
497 1841 537 1864 est
550 1834 691 1864 haereticus
703 1846 710 1863 ε
724 1834 799 1871 Quid
813 1842 863 1873 est,
877 1837 945 1866 Nisi
963 1842 983 1863 Α
999 1834 1138 1868 ποιοῦντα,
1164 1835 1193 1862 οὖ
1212 1833 1321 1863 δύναται
1338 1836 1382 1875 ἀφ’
1398 1837 1491 1865 ἑαυτοῦ
1503 1835 1587 1865 ποιεῖν
1601 1835 1675 1865 οὗδέν
1683 1847 1692 1873 ;
1707 1836 1773 1867 Ἀπὸ

200 1891 238 1918 qu
243 1882 272 1909 id
282 1882 391 1910 viderit
402 1882 524 1912 Patrem
529 1880 712 1921 facientem,
729 1881 806 1910 nihil
818 1892 837 1911 a
849 1884 943 1922 seipso

191 1927 300 1966 facere
305 1929 415 1965 potest?
422 1927 466 1955 Ab
475 1926 527 1956 hoc
539 1926 611 1956 enim
622 1925 706 1963 dicto,
715 1926 838 1966 inquam,
846 1938 900 1957 non
910 1929 947 1958 ab

200 1972 259 2010 ejus
272 1971 488 2010 interpretatione
496 1983 504 2007 ς
513 1971 567 2001 imo
580 1972 670 2012 potius
682 1982 769 2011 neque
779 1983 795 2001 a
807 1972 890 2010 dicto,
898 1973 946 2004 sed

201 2028 216 2046 a
225 2028 308 2056 prava
316 2017 503 2046 haereticorum
512 2018 739 2058 interpretatione,
747 2018 851 2059 duplex
859 2030 946 2050 neces-

201 2062 271 2091 sario
275 2062 412 2091 statuenda
419 2063 516 2092 creatio
523 2064 730 2101 erit.Quomodo
735 2072 763 2094 et
768 2076 822 2105 qua
829 2066 946 2097 ratione?

160 2109 161 2112 ’
200 2108 269 2137 Nisi
291 2108 362 2147 quid
383 2108 503 2145 viderit,
518 2108 618 2147 inquit,
633 2110 754 2140 Patrem
765 2112 944 2152 facientem,

202 2153 279 2182 nihil
291 2154 400 2194 facere
422 2159 526 2191 potest.
544 2154 616 2193 Ergo
631 2164 735 2185 necesse
749 2167 859 2196 prorsus
881 2158 943 2196 erit,

201 2209 258 2228 esse
274 2209 356 2238 opera
369 2198 458 2227 Patris
468 2199 583 2237 perfecta
594 2210 602 2233 ;
620 2206 645 2228 et
658 2210 714 2230 esse
728 2202 781 2230 alia
795 2203 871 2240 Filii,
884 2214 944 2243 quae

200 2246 259 2285 ipse
281 2244 316 2273 ad
335 2251 445 2284 paterna
468 2244 613 2284 respiciens
634 2247 772 2276 creaverit.
786 2249 846 2278 Nisi
859 2251 944 2288 quid-

199 2292 285 2331 piam,
303 2290 411 2329 inquit,
432 2289 571 2319 facientem
595 2290 711 2329 viderit,
732 2302 786 2322 non
811 2295 885 2325 facit.
905 2298 944 2326 Ut

999 1876 1050 1917 γὰρ
1063 1879 1111 1912 τῆς
1125 1878 1226 1917 ῥήσεως
1239 1879 1337 1915 ταύτης
1348 1901 1356 1916 ‚
1376 1880 1446 1920 λέγω
1457 1903 1466 1918 ,
1493 1883 1522 1911 οὗ
1542 1883 1589 1917 τῆς
1613 1882 1752 1921 ἑρμηνείας
1762 1893 1770 1901 ·

1000 1925 1101 1961 μᾶλλον
1115 1924 1142 1954 δὲ
1155 1925 1214 1954 οῦδὲ
1229 1925 1282 1954 ἀπὸ
1295 1928 1343 1961 τῆς
1364 1926 1465 1966 ρήσεως
1474 1949 1482 1964 ,
1498 1928 1566 1970 ’,ἀλλ’
1587 1927 1639 1957 ἀπὸ
1653 1930 1701 1964 τῆς
1715 1929 1769 1958 διε-

1000 1971 1169 2009 στραμμένης
1178 1973 1231 2000 τῶν
1244 1972 1381 2011 αἱρετικῶν
1395 1972 1544 2012 ἑρμηνείας,
1557 1973 1659 2013 ἀνάγκη
1674 1975 1771 2010 διπλῆν

998 2026 1057 2044 τινα
1071 2015 1257 2055 ἐπεισάγεσθαι
1271 2017 1366 2047 κτίσιν.
1378 2019 1443 2052 Πῶς
1453 2018 1499 2048 καὶ
1512 2018 1565 2048 τίνι
1581 2019 1687 2060 τρόπῳ;
1704 2019 1770 2050 Ἐὰν

999 2062 1037 2101 μή
1049 2074 1073 2091 τι
1084 2063 1183 2103 βλέπῃ,
1204 2063 1269 2103 φησὶ
1278 2086 1286 2100 ,
1300 2064 1344 2093 τὸν
1359 2064 1469 2104 Πατέρα
1481 2068 1623 2102 ποιοῦντα,
1645 2066 1675 2096 οὗ
1690 2066 1772 2095 δύνα-

997 2120 1042 2137 ται
1062 2113 1157 2138 ποιεῖν.
1179 2110 1284 2139 Οὐκοῦν
1299 2110 1401 2149 ἀνάγκη
1414 2115 1489 2140 πᾶσα
1502 2106 1568 2140 εἶναι
1585 2111 1634 2150 μὲν
1647 2111 1712 2151 ἔργα
1724 2114 1771 2141 τοῦ

997 2154 1103 2194 Πατρὸς
1118 2155 1305 2195 ἀπηρτισμένα
1314 2176 1322 2191 ,
1347 2151 1415 2186 εἶναι
1428 2155 1456 2186 δὲ
1471 2156 1517 2186 καὶ
1531 2157 1608 2197 ἔτερα
1626 2160 1672 2186 τοῦ
1685 2158 1750 2187 Υἱοῦ
1762 2178 1772 2194 ,

998 2200 1015 2229 ἃ
1026 2200 1090 2240 πρὸς
1102 2202 1189 2230 ἐκεῖνα
1205 2201 1310 2241 βλέπων
1328 2202 1520 2232 κατεσκεύασεν
1533 2203 1579 2233 καὶ
1593 2203 1679 2237 αὐτός,
1705 2203 1773 2234 Ἐὰν

996 2245 1048 2286 γὰρ
1061 2246 1099 2285 μή
1111 2259 1137 2276 τι
1150 2246 1234 2286 βλέπῃ
1245 2250 1383 2284 ποιοῦντα,
1398 2249 1428 2278 οὖ
1442 2253 1528 2285 ποιεῖ,
1550 2249 1640 2289 φησίν.
1655 2249 1717 2280 Ἵνα
1727 2245 1773 2279 οὖν

998 2291 1040 2331 ἴδῃ
1051 2315 1059 2329 ,
1081 2292 1184 2331 ἀνάγκη
1198 2287 1264 2322 εἶναι
1279 2293 1313 2322 τὰ
1327 2293 1400 2333 ἔργα.
1415 2294 1452 2324 Τί
1473 2291 1538 2333 οῧν;
1560 2295 1619 2325 εἶπέ
1640 2306 1701 2335 μοι·
1725 2296 1773 2325 ἕνα

200 2347 263 2377 ergo
285 2336 385 2374 videat,
400 2346 505 2366 necesse
523 2344 563 2365 est
586 2347 666 2377 opera
689 2349 756 2368 esse.
770 2341 846 2377 Quid
860 2344 944 2382 ergo?
963 2342 981 2364 Β
999 2341 1073 2376 ἥλιον
1089 2345 1208 2382 δρῶμεν,
1225 2343 1264 2382 μὴ
1276 2343 1321 2373 δύο
1331 2344 1412 2380 δεῖξαί
1427 2357 1472 2384 μοι
1485 2346 1585 2386 δυνήσῃ
1597 2369 1605 2384 ,
1616 2346 1660 2376 ἵνα
1671 2346 1772 2385 τὸνμὲν

201 2393 290 2422 quaeso
303 2389 329 2412 te
345 2395 352 2411 :
369 2392 454 2411 unum
469 2382 592 2412 videmus
606 2383 700 2422 solem,
713 2394 779 2414 num
792 2385 861 2416 duos
875 2389 943 2418 mihi

237 2482 247 2492 ἃ
265 2473 363 2499 Benzel.
377 2478 403 2500 τὸ
416 2476 504 2506 ὁμοίως.
516 2472 605 2499 ouob.
620 2478 647 2500 τὸ
655 2478 740 2507 ὅμοιον.
752 2475 829 2502 Paulo
840 2484 898 2509 post
910 2483 962 2506 οὔτε

205 2518 216 2540 ὸ
228 2518 325 2546 μοναχὸς
337 2516 348 2539 ὁ
360 2516 485 2546 εὖνουχίσας
503 2515 591 2539 ἑαυτὸν.
606 2513 666 2538 Post
678 2512 731 2539 haec
749 2515 826 2541 verba
839 2516 959 2550 adjicien-

201 2552 262 2576 dum
274 2558 346 2584 putat
357 2552 485 2576 Benzelius
494 2554 594 2585 nomm*
613 2557 648 2579 ἀν.
667 2553 741 2579 Certe
754 2554 849 2589 aliquid
861 2555 958 2583 deside-

201 2592 250 2615 rari
265 2591 370 2623 videtur,
384 2597 409 2616 et
422 2594 521 2623 βούλοιτ’
531 2597 556 2618 οἷν
569 2591 712 2624 quadraret.

1001 2394 1048 2420 τοῦ
1062 2393 1168 2432 Πατρὸς
1176 2414 1184 2428 ,
1199 2393 1244 2422 τὸν
1259 2393 1287 2422 δὲ
1301 2396 1347 2423 τοῦ
1363 2395 1428 2425 Υἱοῧ
1441 2395 1612 2434 ὑποπτεύσως
1631 2395 1678 2425 καὶ
1696 2395 1775 2431 σελή-

1045 2485 1059 2505 l>
1077 2483 1175 2509 Ben‘zel.
1189 2489 1214 2508 et
1232 2483 1321 2510 ottob.
1337 2487 1361 2511 οὗ
1374 2489 1418 2519 γὰρ
1430 2490 1551 2519 ἀσκήσεως,
1564 2485 1608 2511 scd
1620 2489 1664 2521 γάρ
1676 2484 1720 2511 hic
1729 2494 1773 2511 ex-

1011 2521 1172 2554 pungendum
1183 2522 1291 2550 ,videtum

1042 2569 1055 2603 ι·-
1069 2561 1217 2605 S-ic-Ottob„
1233 2563 1425 2590 Bcnzel..autcm
1438 2569 1467 2596 εἰς
1484 2570 1552 2597 μέσον
1565 2570 1663 2599 ἀγαγεῖν·
1676 2569 1710 2592 ὅτι
1720 2570 1772 2597 μέν,

1008 2607 1103 2625 omissis
1115 2602 1275 2633 interpositis.
