1890 2826
92 1196 161 1218 Eccle
173 1195 195 1218 3.
210 1205 231 1228 7.

117 1254 230 1283 Chr-yson.

253 154 318 188 128

245 226 337 255 sinunt
352 237 416 257 arva
427 226 567 265 confundi,
576 227 615 257 sic
626 234 745 269 tempora
757 239 810 259 non
819 229 909 260 sinunt
923 241 988 260 con-

246 271 325 301 fundi
338 283 380 301 res
393 279 489 312 gestas,
498 273 544 303 sed
558 273 624 303 dum
637 273 769 305 dirimunt
782 275 848 306 alias
860 276 895 306 ab
908 276 968 306 aliis
980 299 988 314 ,

248 324 272 347 et
285 317 312 346 in
331 318 452 348 ordinem
474 327 663 359 congruentem
686 320 819 362 digerunt,
834 322 918 352 multa
942 334 990 352 nos

246 364 362 393 liberant
375 364 536 394 turbatione.
550 367 647 406 Operae
661 367 778 407 pretium
790 368 873 408 igitur
886 375 924 398 est
937 379 989 398 ex-

245 420 345 450 ponere
365 411 445 441 vobis
456 411 517 450 quis
529 412 610 442 suerit
632 413 677 442 hic
697 413 787 451 Ozias,
801 425 855 454 quo
871 421 989 455 tempore

246 457 375 496 regnarit,
386 458 486 496 quibus
500 459 647 499 imperarit,
662 467 689 489 et
697 467 796 499 quanto
805 468 924 502 tempore
937 462 990 492 du·

247 505 314 534 rarit
331 504 405 534 illius
419 505 597 547 principatus,
611 514 745 547 postremo
757 509 892 548 quomodo
905 509 988 540 vitam
998 537 1033 557 1¹¹

246 550 356 580 finierit.
371 552 429 580 Imo
438 552 528 591 potius
538 553 595 593 jam
607 553 743 584 silendum
752 561 802 593 est,
814 566 845 585 eo
855 555 928 595 quod
942 566 988 585 ne·
1006 568 1026 591 Α

246 606 317 626 cesse
328 597 363 626 sit
382 596 410 626 in
423 597 583 628 immensum
600 599 775 630 historiarum
797 603 907 641 pelagus
926 612 989 631 ora-

245 642 345 672 tionem
360 644 513 674 extendere.
527 645 583 682 Qui
595 656 660 676 vero
673 657 721 686 per
740 646 898 687 hujusmodi
915 659 989 677 mare

246 695 309 718 sunt
322 690 372 719 iter
383 691 491 728 facturi,
503 684 608 721 necesse
627 699 666 722 est
679 703 732 722 non
745 693 872 732 fatigatis,
884 694 931 724 sed
948 695 989 724 in-

245 735 328 775 tegris
347 737 495 778 remigibus
513 738 586 768 viam
609 745 757 779 capessant.
770 740 839 769 Nam
862 740 931 770 hanc
952 742 988 771 ob

245 793 354 813 causam
375 784 474 824 passim
486 795 534 824 per
545 795 617 814 mare
629 792 724 825 portus
736 786 884 825 insulaeque
895 787 988 828 positae

245 835 318 864 sunt,
331 836 361 858 ut
378 836 403 858 et
418 830 580 868 gubernator
588 837 613 859 et
632 838 712 861 nauta
732 832 926 871 refocillentur,
942 834 988 864 hie

244 873 354 912 quidem
365 885 438 904 remo
445 874 576 915 deposito,
584 876 632 906 ille
642 887 706 917 uero
715 888 862 918 exsurgens
872 889 886 908 a
896 879 985 910 clavo.

245 920 295 949 His
308 919 342 949 de
366 921 453 950 causis
473 927 498 950 et
515 921 664 951 diversoria
685 933 866 963 cauponaeque
885 924 987 964 ubique

243 965 359 1004 pervias
372 966 527 1006 excogitatae
545 974 620 1004 sunt,
633 974 664 996 ut
678 968 799 1008 jumenta
819 969 902 999 simul
924 981 987 1000 cum

244 1011 393 1041 viatoribus
403 1023 418 1041 a
431 1012 522 1042 labore
538 1020 700 1043 recreentur.
715 1015 811 1054 quue
823 1022 848 1045 et
859 1015 987 1046 doctrinae
1004 1026 1022 1049 Β

242 1058 358 1087 sermoni
371 1058 470 1088 silentii
487 1059 775 1100 tempusfpraefinitum
788 1068 837 1098 est,
857 1068 888 1091 ut
900 1072 985 1101 neque

242 1111 292 1131 nos
313 1101 384 1141 ipsos
403 1102 584 1134 deterreamus
612 1105 757 1134 verborum
785 1106 960 1136 multitudine
973 1131 984 1144 ,

241 1157 327 1187 neque
342 1159 391 1178 vos
404 1148 577 1180 delassemus.
591 1152 679 1191 Atque
691 1152 749 1182 haec
771 1159 890 1193 tempora
911 1154 986 1184 novit

241 1194 367 1223 Salomon
378 1194 482 1233 dicens,
498 1197 620 1236 Tempus
639 1199 765 1235 tacendi,
778 1205 807 1227 et
820 1206 931 1239 tempus
946 1201 985 1230 lo-

241 1239 360 1277 quendi.
376 1238 507 1279 Sitigitur
516 1240 594 1270 nobis
605 1248 711 1281 tempus
720 1242 834 1280 tacendi,
841 1254 894 1283 quo
905 1243 984 1274 detur

91 1285 150 1306 dixit
177 1293 233 1314 με·
241 1289 266 1312 et
278 1284 435 1324 praeceptori
448 1291 553 1325 tempus
566 1286 707 1326 loquendi.
723 1289 792 1317 Nam
806 1299 867 1328 quae
881 1299 929 1319 nos
941 1291 981 1320 af-

90 1319 152 1337 sente
181 1317 231 1346 epi-

90 1354 164 1375 scopo.

86 1562 226 1584 lemnado.

239 1329 361 1367 serimus,
375 1331 474 1360 similia
485 1339 547 1362 sunt
560 1332 624 1362 vino
637 1333 711 1372 quod
725 1345 816 1364 recens
831 1335 883 1365 sub
894 1343 984 1366 torcu-

239 1375 290 1405 lari
303 1376 429 1406 haustum
440 1385 480 1408 est
499 1388 506 1405 ε
524 1389 583 1417 quae
601 1389 667 1409 vero
685 1379 814 1409 dicuntur
823 1381 858 1410 ab
871 1382 932 1419 illo,
947 1382 983 1412 si-

237 1422 314 1452 milia
322 1430 385 1453 sunt
391 1424 467 1461 vino,
475 1425 549 1463 quod
562 1426 690 1464 quoniam
697 1433 855 1458 vetustatem
862 1429 984 1460 senium-

237 1479 290 1507 que
309 1469 429 1510 collegit,
444 1471 558 1501 multam
579 1471 667 1502 adfert
688 1479 746 1502 tum
769 1474 910 1505 utilitatem
924 1483 982 1506 tum

237 1514 294 1543 vim
305 1514 350 1552 iis,
364 1516 412 1555 qui
429 1527 499 1557 opus
511 1517 610 1547 habent
627 1529 633 1546 :
648 1519 779 1558 nobisque
790 1520 888 1551 accidit
899 1522 980 1552 hodie

236 1560 307 1590 illud
315 1563 458 1602 evangelii,
471 1570 533 1604 post
542 1563 661 1594 deterius
673 1565 768 1595 vinum
783 1566 812 1596 id
826 1568 900 1606 quod
923 1580 980 1599 me-
997 1578 1016 1601 c

236 1605 290 1636 lius
303 1614 342 1636 est
358 1608 484 1639 infertur.
500 1610 536 1639 Et
547 1610 774 1649 quemadmodum
795 1613 866 1643 illud
883 1614 980 1645 vinum

235 1663 288 1682 non
302 1653 365 1684 vitis
373 1656 564 1694 genuerat,sed
577 1656 734 1687 virtusJesu
747 1658 851 1688 Christi
862 1660 958 1691 fecerat
970 1672 978 1688 ε

235 1699 271 1728 ita
282 1706 308 1729 et
321 1699 404 1740 hujus
424 1711 572 1731 sermonem
584 1713 638 1732 non
653 1703 771 1734 humana
781 1706 922 1745 profundit
935 1718 981 1737 co-

235 1746 339 1785 gitatio,
352 1747 400 1776 sed
408 1748 526 1788 Spiritus
539 1749 623 1779 sancti
637 1751 732 1790 gratia.
749 1752 883 1789 Quoniam
897 1753 981 1793 igitur

235 1792 317 1832 hujus
329 1792 444 1831 liquoris
464 1794 564 1824 fluenta
577 1796 685 1836 copiosa
698 1804 761 1826 sunt
771 1804 798 1827 et
811 1799 977 1838 spiritualia,

233 1837 352 1867 studiose
369 1839 546 1879 excipiamus,
571 1848 648 1871 caute
670 1853 807 1873 servemus
816 1865 824 1880 ‚
848 1851 878 1873 ut
906 1846 979 1875 assi-

233 1884 286 1913 due
298 1884 402 1924 irrigati
417 1886 606 1926 tempestivum
616 1887 767 1918 adferamus
779 1890 897 1920 fructum
909 1893 975 1928 Deo,

233 1931 281 1970 qui
292 1932 349 1961 haec
360 1932 474 1972 largitus
493 1940 532 1963 est
545 1947 553 1963 ε
567 1946 648 1974 quem
661 1935 737 1965 decet
748 1938 835 1966 omnis
853 1938 938 1978 gloria
951 1946 977 1969 et

232 1978 320 2007 honor
338 1989 400 2007 cum
418 1979 555 2019 unigenito
582 1982 641 2021 ejus
664 1981 736 2012 Filio
757 1983 977 2025 sanctissimoque

231 2024 347 2063 Spiritu,
360 2033 431 2053 nunc
441 2031 467 2054 et
482 2036 596 2067 semper,
609 2034 635 2056 et
651 2028 678 2057 iu
693 2029 788 2058 saecula
802 2030 973 2062 saeculorum.
983 2056 990 2062 χ

234 2073 330 2101 Amen.
993 2088 1011 2113 ι)

264 2202 274 2217 ‘¹
293 2203 362 2228 Unus
371 2205 475 2233 ἀλλήλοις
484 2207 619 2237 συγχεῖσθαι.

588 166 617 190 S.
645 166 785 192 Jomms
810 166 995 192 CHRYSOST.
1028 170 1181 195 aucium).
1210 172 1481 198 CONSTANTINOP-

1045 231 1096 272 γὰρ
1109 232 1166 273 ὅροι
1179 234 1224 263 καὶ
1243 236 1339 271 στῆλαι
1352 236 1379 265 ἐν
1399 240 1453 270 τοῖς
1474 238 1564 277 ἀγροῖς
1581 237 1629 272 τὰς
1644 238 1755 279 ἀρούρας
1768 239 1815 270 οὒκ

1045 279 1108 308 ἐῶσι
1128 283 1294 320 συγχεῖσθαι,
1310 281 1392 315 οὕτως
1413 284 1437 311 οἱ
1451 281 1541 323 χρόνοι
1557 283 1603 313 καὶ
1626 285 1650 314 οἱ
1671 285 1758 325 καιροὶ
1781 285 1815 315 τὰ

1045 324 1190 365 πράγματα
1213 329 1262 356 οῦκ
1280 328 1357 358 ἐῶσιν
1381 326 1529 364 ᾱάλλήλοις
1553 329 1729 369 συμπίπτειν,
1746 331 1815 360 ἀλλὰ

1045 370 1200 410 διείργοντες
1216 373 1262 402 ἀπ’
1277 373 1400 410 ἀλλήλων
1422 374 1502 410 αὐτὰ,
1517 375 1562 404 καὶ
1576 375 1646 405 κατὰ
1667 376 1716 413 τὴν
1729 389 1814 418 προσ·

1044 416 1161 452 ἤκουσαν
1179 417 1279 448 ἕκαστα
1293 420 1448 454 διατιθέντες
1462 421 1546 458 τάξιν,
1560 423 1662 458 πολλῆς
1679 424 1814 453 ἀπαλλάτ-

1045 473 1134 492 τουσιν
1146 464 1222 502 ἡμᾶς’
1230 468 1359 506 ταραχῆς.
1371 466 1456 500 Ἄξιον
1469 467 1554 497 τοίνυν
1566 469 1648 497 εἰπεῖν
1658 468 1722 508 πρὸς
1736 471 1814 508 ὑμᾶς,

1045 507 1084 541 τίς
1097 504 1130 544 ἦν
1144 505 1218 544 οὗτος
1229 513 1244 540 ὁ
1258 510 1349 546 Ὀζίας
1358 534 1366 548 ,
1381 512 1426 542 καὶ
1448 513 1512 542 πότε
1529 513 1700 550 ἐὸασίλευσε,
1718 515 1764 544 καὶ
1775 516 1815 545 τί-

1045 566 1095 583 νων
1109 555 1272 594 ἑὸασίλευσε,
1287 558 1332 587 καὶ
1345 558 1425 592 πόσος
1437 560 1509 599 αὐτῷ
1522 559 1627 599 γέγονεν
1639 562 1653 589 ὁ
1666 563 1714 596 τῆς
1729 563 1814 602 ἀρχῆς

1043 601 1149 640 χρόνος,
1163 602 1208 631 καὶ
1222 604 1279 636 πῶς
1291 602 1336 632 τὸν
1351 603 1408 643 βίον
1425 605 1568 635 κατέλυσε·
1585 607 1685 644 μᾶλλον
1701 607 1728 637 δὲ
1743 607 1814 642 ἄξιον

1044 649 1153 686 σιγῆσαι
1172 648 1273 678 λοιπόν.
1299 648 1412 689 Ἀνάγκη
1437 650 1488 690 γὰρ
1509 653 1545 685 εἷς
1567 651 1674 692 ἄπειρον
1699 653 1815 694 πέλαγος

1043 693 1165 733 ἱστοριῶν
1179 694 1284 734 ἀφιέναι
1296 695 1341 725 τὸν
1354 695 1442 735 λόγον.
1460 696 1529 730 Τοὺς
1539 696 1566 726 δὲ
1579 701 1695 728 τοιοῦτον
1705 698 1814 737 μέλλον·

1043 750 1090 772 τας
1109 739 1266 779 πορεύεσθαι
1288 741 1417 780 πέλαγος,
1435 742 1464 771 οὗ
1486 743 1659 782 κεκμηκότων
1675 746 1727 773 τῶν
1741 745 1815 773 πλω-

1043 785 1141 825 τήρων,
1164 787 1223 815 ἀλλ’
1243 787 1430 826 ἀκμαζόντων,
1453 789 1583 819 ἅπτεσθαι
1596 789 1650 829 χρὴ
1671 791 1720 825 τῆς
1739 790 1814 820 ὁδοῢ.’

1043 830 1096 860 Διὰ
1106 834 1183 861 τοῦτο
1197 831 1242 861 καὶ
1261 832 1366 872 λιμένες
1385 834 1430 863 καὶ
1446 836 1523 870 νῆσοι
1543 838 1678 876 πανταχοῦ
1699 831 1747 871 τῆς
1768 839 1812 866 θα-

1042 876 1143 914 λάσσης
1164 878 1215 907 εἶσὶ
1235 879 1445 919 πεφυτευμέναι,
1460 880 1503 910 ἵνα
1517 880 1562 909 καὶ
1582 881 1746 921 κυὸερνήτης
1766 882 1812 911 καὶ

1041 923 1138 960 ναύτης
1153 924 1359 963 διαναπαύηται,
1373 927 1387 955 ὁ
1406 925 1453 965 μὲν
1472 926 1521 963 τὴν
1541 926 1634 962 κώπην
1655 928 1813 967 ἀποτιθέμε-

1041 978 1097 1002 νος,
1120 970 1135 997 ὅ
1160 968 1187 998 δὲ
1209 970 1262 998 τῶν
1277 969 1373 999 οἰάκων
1392 970 1606 1010 ἐξανιστάμενος·
1621 970 1664 1000 διὰ
1676 974 1753 1001 τοῦτο
1766 971 1811 1001 καὶ

1041 1014 1187 1054 πάνδοχεῖα
1200 1015 1245 1044 καὶ
1258 1015 1413 1055 καταγώγια
1425 1020 1562 1057 πανταχοῦ
1575 1019 1627 1047 τῶν
1645 1019 1711 1047 ὁδῶν
1725 1019 1812 1048 ἐπινε-

1040 1058 1149 1096 νόηται,
1168 1060 1210 1090 ἵνα
1229 1061 1275 1090 καὶ
1294 1062 1422 1102 ὑποζύγια
1442 1063 1486 1092 καὶ
1504 1062 1636 1104 ὁδοιπόροι
1657 1066 1711 1093 τῶν
1724 1063 1811 1093 πόνων

1039 1104 1152 1145 λήγωσι.
1174 1106 1227 1136 Διὰ
1248 1109 1326 1138 τοῦτο
1347 1108 1393 1138 καὶ
1415 1110 1454 1148 τῷ
1477 1108 1548 1149 λόγῳ
1573 1111 1621 1145 τῆς
1642 1109 1812 1143 διδασκαλίας

1039 1152 1129 1190 καιρὸς
1142 1156 1245 1189 σιωπῆς
1266 1153 1378 1194 ὥρισται
1389 1177 1397 1190 ,
1410 1154 1454 1183 ἵνα
1473 1155 1540 1194 μήτε
1561 1155 1669 1189 ἑαυτοὺς
1688 1156 1811 1196 κατατρί-

1039 1196 1127 1236 ὅωμεν
1141 1200 1179 1238 τῷ
1199 1198 1296 1234 πλήθει
1316 1201 1369 1228 τῶν
1390 1199 1553 1239 λεγομένων,
1579 1201 1648 1240 μήτε
1662 1203 1732 1240 ὑμᾶς
1744 1203 1810 1231 ἀπο-

1037 1241 1178 1281 κναίωμεν.
1195 1243 1249 1272 Καὶ
1270 1242 1378 1276 τούτους
1395 1239 1448 1273 οἶδε
1469 1243 1529 1278 τοὺς
1549 1244 1655 1285 καιροὺς
1667 1245 1713 1274 καὶ
1727 1247 1810 1275 Σολο-

1038 1287 1112 1326 μὼν,
1134 1287 1203 1318 οὕτω
1222 1288 1322 1328 λέγων·
1335 1290 1435 1329 ’Καιρὸς
1452 1293 1499 1319 τοῦ
1517 1293 1641 1330 σιγῆσαι,
1658 1290 1705 1320 καὶ
1719 1292 1808 1332 καιρὸς

1036 1335 1082 1362 τοῦ
1095 1334 1222 1369 λαλῆσαι.
1235 1334 1355 1364 Γενέσθω
1369 1330 1414 1364 οὗν
1427 1337 1492 1374 ἡμῖν
1508 1336 1598 1376 καιρὸς
1617 1339 1663 1365 τοῦ
1684 1339 1808 1376 σιγῆσαι,

1036 1378 1079 1408 ἵνα
1091 1378 1200 1419 γίνηται
1213 1380 1303 1421 καιρὸς
1324 1382 1362 1421 τῷ
1383 1381 1533 1422 διδασκάλῳ
1555 1385 1600 1412 τοῦ
1622 1383 1748 1419 λαλῆσαι.
1763 1384 1807 1413 Τὰ

1037 1424 1085 1464 μὲν
1104 1425 1155 1466 γὰρ
1174 1426 1292 1467 ἡμέτερα
1312 1427 1396 1457 ἔοικεν
1415 1427 1477 1468 οἴνῳ
1500 1428 1658 1469 προσφάτως
1676 1430 1729 1458 τῶν
1743 1431 1807 1459 ὑπο·

1034 1471 1132 1506 ληνίων
1151 1471 1348 1509 ἐξαντληθέντι,
1362 1472 1397 1502 τὰ
1415 1472 1443 1503 δὲ
1460 1473 1552 1503 τούτου
1571 1474 1725 1514 προσέοικεν
1743 1475 1806 1516 οἴνῳ

1035 1518 1248 1559 πεπαλαιωμένῳ
1272 1519 1318 1548 καὶ
1339 1519 1512 1560 γεγηρακότι,
1537 1520 1638 1557 πολλὴν
1661 1521 1806 1562 παρέχοντι

1035 1563 1080 1594 καὶ
1093 1563 1142 1600 τὴν
1155 1563 1284 1604 ὠφέλειαν
1304 1565 1350 1594 καὶ
1363 1565 1412 1601 τὴν
1432 1565 1508 1606 ἰσχὺν
1527 1571 1582 1600 τοῖς
1596 1567 1727 1607 δεομένοις
1736 1579 1743 1586 ·
1759 1568 1805 1598 καὶ

1034 1609 1065 1639 τὸ
1078 1612 1124 1639 τοῦ
1138 1610 1289 1650 εὗαγγελίσυ
1311 1611 1396 1640 ἐκεῖνο
1417 1611 1506 1651 γέγονε
1528 1612 1660 1653 σήμερον·
1675 1613 1743 1652 μετὰ
1758 1613 1803 1643 τὸν

1034 1656 1161 1686 ἐλάττονα
1173 1655 1223 1695 γὰρ
1241 1651 1308 1686 οἶνον
1323 1658 1337 1685 ὁ
1352 1656 1462 1696 βελτίων
1482 1658 1668 1697 εἶσκομίζεται.
1683 1659 1738 1688 Καὶ
1750 1671 1802 1689 κα-

1034 1702 1117 1743 θάπερ
1131 1704 1227 1732 ἐκεῖνον
1250 1703 1297 1732 οὐκ
1311 1703 1429 1742 ἄμπελος
1442 1703 1515 1733 ἔτεκε
1527 1704 1599 1741 τότε,
1614 1705 1674 1733 ἄλλ’
1687 1706 1704 1740 ἡ
1726 1705 1803 1735 δύνα-

1033 1760 1078 1787 μις
1091 1748 1198 1785 ἐποίησε
1209 1751 1255 1778 τοῦ
1269 1750 1385 1789 Χριστοῦ
1394 1772 1402 1786 ,
1421 1751 1490 1780 οὕτω
1503 1750 1548 1780 καὶ
1561 1750 1653 1781 τούτου
1668 1751 1712 1781 τὸν
1724 1752 1801 1791 λόγον

1031 1796 1079 1824 οὐκ
1092 1794 1239 1835 ἀνθρωπίνη
1252 1796 1361 1835 προχέει
1377 1797 1492 1834 διάνοια,
1507 1798 1566 1827 ἀλλ’
1580 1800 1597 1832 ἡ
1612 1801 1658 1826 τοῦ
1672 1797 1800 1834 ’Πνεόμα-

1030 1852 1074 1874 τος
1094 1839 1182 1880 χάρις.
1207 1840 1285 1870 Ἐπεὶ
1306 1836 1350 1870 οὖν
1380 1842 1477 1881 δαψιλῆ
1509 1841 1555 1871 καὶ
1577 1841 1745 1880 πνευματικὰ
1765 1843 1799 1872 τὰ

1029 1885 1144 1926 νάματα,
1159 1885 1226 1925 μετὰ
1241 1887 1356 1922 σπουδῆς
1368 1886 1565 1925 ὓποδεξώμεθα,
1580 1889 1638 1926 μετ’
1655 1888 1798 1928 ἀσφαλείας

1028 1932 1201 1972 τηρήσωμεν,
1218 1931 1262 1960 ἵνα
1282 1931 1383 1965 τούτοις
1397 1932 1536 1972 ἀρδόμενοι
1550 1933 1683 1970 διηνεκῶς,
1697 1933 1798 1973 ὥριμον

1028 1978 1147 2018 φέρωμεν
1161 1977 1206 2007 τὸν
1221 1977 1321 2017 καρπὸν
1341 1980 1379 2018 τῷ
1393 1981 1476 2007 ταῦτα
1496 1979 1668 2020 χαρισαμένῳ
1682 1981 1745 2020 Θεῷ
1754 1992 1760 1999 ·
1775 1975 1797 2020 ᾧ

1027 2024 1123 2065 πρέπει
1134 2029 1208 2053 πᾶσα
1223 2023 1284 2058 δόξα
1302 2024 1347 2053 καὶ
1361 2024 1426 2063 τιμὴ
1450 2024 1497 2054 σὺν
1517 2027 1555 2065 τῷ
1570 2030 1704 2065 μονογενεῖ
1717 2028 1797 2056 αὐτοῦ

1029 2071 1087 2111 Υἱῷ
1105 2070 1150 2100 καὶ
1170 2072 1208 2110 τῷ
1230 2070 1352 2110 παναγίῳ
1372 2070 1524 2109 Πνεύματι,
1549 2075 1593 2101 νῦν
1612 2071 1657 2102 καὶ
1680 2071 1721 2102 ἀεὶ
1728 2095 1736 2111 ,
1751 2072 1797 2102 καὶ

1030 2119 1066 2151 εἷς
1078 2116 1138 2150 τοὺς
1152 2118 1247 2150 αἰῶνας
1257 2118 1310 2146 τῶν
1324 2115 1433 2147 αἰώνων.
1449 2116 1543 2157 Ἀμήν.
