1904 2840
106 688 172 710 Psal.
190 687 219 718 67
224 704 230 711 .

108 752 245 773 Luc.ii.2i.

116 2281 183 2321 Rpm.
197 2281 220 2305 8.

257 177 331 222 854

856 181 940 205 OPUS
965 181 1203 205 iMPenFEc'riiM

253 242 334 279 fidem
358 247 477 279 veritatis
498 245 627 276 inclinant
645 257 652 275 =
671 250 802 279 venerunt
820 239 949 281 fiumina,
965 243 994 273 id
1013 246 1033 270 Α
1050 243 1211 280 audiuntur,
1226 250 1252 273 et
1263 253 1317 274 non
1335 250 1528 277 convertuntur
1545 245 1574 274 in
1591 254 1673 274 unam
1683 236 1796 285 justitia
1826 272 1831 275 .

254 296 304 327 est,
318 295 432 327 quatuor
453 286 633 326 evangelistae,
648 292 695 315 aut
711 284 800 315 eaeteri
812 284 954 328 sapientes,
969 290 995 313 et

254 329 421 368 impegerunt
433 327 461 357 in
474 326 586 356 domum
599 325 686 363 illam,
699 332 726 354 et
738 324 776 355 sic
789 323 886 354 cecidit
897 323 995 352 domus

254 367 368 403 diaboli,
383 374 410 396 et
432 366 619 406 spiritualibus
642 363 824 394 instrumentis
848 370 935 408 erecta
955 369 995 392 est

253 407 351 437 domus
363 406 515 437 Christi.Et
526 416 558 434 ne
570 405 676 435 mireris
684 404 748 444 quia
759 410 849 443 gentes
861 409 996 448 venientes

253 447 288 476 ad
302 446 383 476 fidem
397 445 523 476 cecidisse
535 445 673 475 dicuntur.
681 443 844 474 Ceciderunt
853 453 925 472 enim
937 441 996 486 dia-

253 486 328 522 bolo,
354 493 384 515 ut
410 492 550 526 surgerent
575 484 695 515 Christo.
722 484 792 513 Ecce
815 482 887 511 enim
910 491 997 511 omnis

253 527 334 556 homo
346 525 477 565 quamdiu
491 524 616 555 ambulat
628 524 656 554 in
670 522 796 564 peccatis,
811 521 920 551 diabolo
933 527 996 566 stat,

254 566 362 596 Christo
374 572 464 595 autem
475 566 541 604 jacet
553 577 559 593 ι
574 575 637 594 cum
650 571 738 593 autem
753 572 898 592 conversus
916 561 999 590 fuerit

255 605 290 635 ad
297 605 442 645 justitiam,
456 604 566 634 diabolo
576 603 686 643 quidem
696 602 777 638 cadit,
789 601 898 632 Christo
909 607 998 644 autem

255 644 351 683 surgit.
359 644 432 674 Dicit
444 644 518 674 enim
530 645 660 684 propheta
672 642 706 672 de
712 641 868 671 hominibus
879 640 998 686 liberatis

255 695 271 714 a
283 685 390 715 Christo
403 696 411 713 .·
425 683 569 714 Ascendit
580 686 615 720 ,ἰιι
634 683 739 719 altum,
754 682 900 720 captivam
913 680 999 726 duxit

257 726 467 764 captivitatem.
482 724 550 753 Item
570 722 722 753 Dominus:
741 720 890 760 Quamdiu
901 720 997 760 foreis

255 770 385 793 armatus
405 763 529 793 custodit
541 764 660 793 domum
683 772 778 795 suam,
793 762 824 789 in
846 766 908 789 tuto
930 764 999 789 sunt

205 826 207 828 -
256 805 355 833 omnia
362 804 423 843 ejus
433 816 441 832 .-
454 800 627 832 cumuiitem
635 803 752 831 venerit
752 801 875 842 sortior,
883 799 999 843 diripiet

256 854 334 873 vasa
345 844 407 882 ejus
420 854 431 873 .-
445 841 568 873 videlicet
584 841 706 871 homines
724 840 834 880 impios,
851 850 886 868 ex
900 838 999 878 quibus

255 883 386 913 aedificata
392 882 479 912 fuerat
488 882 597 911 diabolo
612 880 720 910 domus.
729 879 759 910 Si
775 889 839 918 ergo
851 877 1000 908 secundum

255 922 424 962 prophetiam
429 922 527 962 captivi
532 921 668 955 dicuntur,
675 926 805 959 quantum
812 918 847 947 ad
851 917 1001 963 diabolum,

256 961 427 1000 quantumad
435 961 584 997 Christum,
595 960 631 990 ad
640 960 789 989 libertatem
796 957 860 1003 fidei
867 964 928 987 sunt
939 967 1001 986 con-

257 1001 339 1031 versi.
349 1001 378 1031 Si
387 1001 621 1041 direptidicuntur
630 998 933 1032 secundumChristum,
942 1007 1003 1027 con-

257 1048 396 1079 sequenter
402 1048 428 1070 et
436 1040 563 1070 cecidisse
572 1039 714 1075 dicuntur,
720 1045 852 1077 quantum
859 1037 895 1067 ad
903 1044 1002 1067 statum

257 1091 337 1109 suum
354 1080 483 1120 priorem,
504 1081 552 1119 qui
573 1085 746 1109 surrexerunt
767 1078 795 1107 in
813 1077 877 1107 fide.
893 1079 943 1107 27.
961 1078 1003 1107 Et

256 1120 342 1159 facta
364 1125 408 1150 est
433 1120 519 1150 ruina
542 1121 605 1159 ejus
626 1129 733 1158 magna
750 1130 758 1147 .·
781 1117 906 1162 videlicet
923 1116 1006 1146 idolis

249 1154 287 1188 'in
299 1166 354 1188 toto
366 1159 469 1189 mundo
484 1159 637 1195 destructis,
658 1157 804 1188 mendaciis
823 1168 851 1186 in
865 1164 920 1187 tota
934 1163 1004 1186 terra

259 1198 399 1235 convictis,
419 1198 555 1228 erroribus
575 1198 689 1228 solutis:
704 1198 769 1237 quia
790 1204 862 1227 totus
885 1196 1004 1226 mundus

259 1234 369 1274 diabolo
383 1238 489 1274 cecidit,
502 1237 610 1269 Christo
631 1245 720 1267 autem
738 1237 865 1268 surrexit.
882 1236 927 1266 Sic
941 1246 1004 1275 ergo

259 1276 382 1313 domum,
396 1288 478 1316 quam
488 1278 588 1307 stultus
599 1277 777 1307 aedificaverat
789 1287 870 1316 snper
883 1286 1001 1312 arenam,

259 1316 364 1355 sapiens
374 1317 435 1346 Rex
441 1317 628 1357 spiritualibus
641 1317 723 1347 armis
732 1322 885 1345 sanctorum
893 1325 1005 1343 suorum

259 1354 409 1394 destruxit3
423 1358 537 1386 domum
549 1364 648 1393 autem,
661 1366 743 1394 quam
760 1354 865 1399 sapiens
880 1353 1004 1398 Christus

261 1394 404 1427 aedificavit
424 1407 507 1437 super
526 1404 640 1436 petram,
655 1395 753 1425 stultus
766 1393 891 1423 diabolus
904 1393 1006 1421 fallaci-

261 1436 313 1466 bus
332 1436 496 1476 argumentis
517 1436 702 1466 ministrorum
721 1444 833 1478 suorum
856 1442 1004 1477 numquam

261 1476 360 1516 poterit
372 1475 437 1506 dissi
476 1486 514 1505 re.
531 1475 602 1506 Huic
617 1484 683 1514 'ergo
695 1473 756 1504 viro
769 1479 883 1517 sapienti
897 1472 1004 1502 Christo

261 1516 359 1546 similis
371 1522 411 1545 est
423 1517 445 1546 C
466 1515 592 1547 ristianus
610 1514 708 1550 omnis,
722 1514 770 1551 qui
788 1511 903 1541 aedificat
914 1521 942 1540 se
957 1521 1004 1555 sii-

260 1566 311 1596 per
325 1562 441 1596 petram,
458 1554 487 1584 id
509 1561 559 1590 est,-
582 1553 734 1585 Christum.
757 1551 814 1588 Qui
834 1551 906 1596 enim
927 1549 1006 1595 audit-

262 1596 345 1625 verba
358 1595 469 1631 Christi,
485 1601 511 1624 et
530 1594 593 1624 facit
610 1604 655 1628 ea,
671 1593 729 1632 ipse
749 1598 804 1627 est,
822 1601 871 1635 qui
889 1589 1005 1634 aedilicat

262 1645 291 1665 se
303 1646 385 1676 super
397 1641 499 1675 petram
518 1634 667 1664 Christum.
686 1631 811 1662 Christus
824 1640 895 1659 enim
909 1636 1004 1659 caritas

262 1683 312 1711 est,
327 1682 355 1706 et
375 1674 423 1714 qui
441 1685 469 1704 se
488 1673 603 1703 aedificat
622 1673 650 1701 in
672 1671 790 1708 caritate,
805 1680 887 1715 super
900 1675 1003 1709 petram

263 1715 401 1745 Christum
421 1725 448 1743 se
461 1713 582 1743 aedificat.
597 1711 653 1750 Qui
666 1711 780 1740 aedificat
797 1720 824 1739 se
838 1720 867 1739 in
880 1719 1003 1754 mansue-

263 1755 367 1790 tudine,
374 1753 488 1785 aedificat
497 1764 525 1783 se
534 1763 614 1793 super
623 1758 736 1792 petram,
748 1750 775 1779 id
785 1756 835 1786 est,
850 1749 1003 1786 Christumg

263 1794 388 1825 Christus
401 1800 440 1823 est
457 1793 529 1822 enim
542 1791 730 1822 mansuetudo.

265 1874 388 1904 Christus
405 1879 445 1903 est
459 1873 531 1902 enim
545 1872 661 1902 castitas.
677 1870 733 1907 Qui
747 1869 862 1898 aedificat
872 1878 900 1897 se
912 1867 939 1896 in
955 1867 1008 1912 mi-

265 1913 419 1948 sei-icordia,
434 1911 548 1942 aedificat
559 1922 587 1941 se
599 1921 681 1950 super
695 1910 800 1939 firmam
814 1915 916 1952 petram
926 1906 1008 1937 Chri-

264 1960 336 1983 stum
351 1965 358 1982 :
372 1949 497 1983 Christus
514 1951 586 1980 enim
599 1949 780 1980 misericordia
791 1955 840 1984 est,
857 1954 883 1977 et
900 1957 927 1976 in
940 1957 1013 1991 ‘1⁰³7

264 2003 380 2031 cumque
397 1992 486 2032 s‘pecie
504 1990 568 2020 boni
586 1989 758 2019 aedificaverit
777 1999 805 2018 se
823 1988 915 2023 homo,
929 1996 1010 2026 super

264 2039 365 2101 petram
375 2032 514 2062 Christum
524 2041 551 2060 se
565 2029 708 2060 aedificasse
719 2028 843 2059 videtur:
854 2026 918 2066 q'uia
931 2036 1010 2055 omne
1026 2033 1046 2056 D

285 2082 318 2100 on

321 2082 368 2100 um
386 2078 425 2100 est
439 2070 577 2100 Christus.
598 2069 701 2099 Similis
718 2075 807 2097 autem
824 2074 864 2097 est
885 2065 1007 2102 Christo,

265 2111 393 2150 quoniam
404 2110 473 2140 sicut
484 2109 586 2140 Christi
600 2108 747 2138 Ecclesiam
759 2107 917 2137 aedificatam
929 2115 1010 2150 super

253 2157 369 2190 *petram
385 2150 460 2179 nulla
480 2160 541 2179 cam
556 2148 705 2178 adversitas
725 2148 834 2177 diruere
847 2151 932 2186 potest
948 2157 954 2173 ε
970 2155 1009 2190 sic

266 2190 346 2219 talem
358 2189 553 2225 Christianum,
564 2189 611 2227 qui
624 2199 651 2217 se
661 2186 921 2225 aedificaveritsuper
932 2184 1011 2229 Chi-i·

266 2234 348 2265 stum,
364 2229 440 2258 nulla
454 2239 517 2258 eum
530 2228 675 2257 adversitas
689 2227 796 2256 diruere
810 2231 906 2266 potest,
922 2231 951 2271 ut
964 2223 1009 2253 di-

267 2276 308 2298 cat
321 2280 383 2298 cum
397 2268 481 2298 Paulo
497 2280 504 2296 :
523 2269 594 2306 Quis
610 2278 661 2296 nos
684 2267 830 2306 separabit
848 2275 867 2293 a
887 2269 1011 2293 caritate

269 2310 396 2339 Christi?
418 2308 584 2343 tribulatio,
609 2317 650 2336 an
671 2307 896 2349 angustiahetc.
922 2303 1011 2347 stulto

266 2356 354 2378 antem
372 2348 479 2377 diabolo
498 2347 595 2376 similis
615 2354 654 2376 est
671 2346 758 2375 omnis
770 2344 948 2378 Christianus,
962 2353 1008 2381 qui

266 2399 294 2416 se
315 2388 429 2417 mdificat
449 2398 530 2426 super
550 2397 668 2416 arenam.
684 2386 721 2416 Su
743 2395 772 2414 er
792 2393 899 2412 arenam
922 2389 1012 2426 autem

266 2427 380 2456 aedificat
392 2438 428 2463 se,
443 2428 490 2465 qui
511 2426 586 2456 audit
606 2426 689 2455 verba
707 2425 729 2454 C
751 2423 820 2459 risu,
836 2429 862 2451 et
873 2432 926 2451 non
948 2422 1012 2451 facit

266 2477 306 2495 ea.
323 2467 415 2497 Verba
433 2466 515 2501 enim,
528 2476 588 2504 quie
607 2475 659 2494 non
673 2469 866 2508 convertuntur
883 2461 917 2491 ad
930 2471 1011 2501 opus,

266 2515 345 2534 arena
367 2512 430 2534 sunt
450 2505 614 2544 spargibilis.
635 2505 712 2535 Sicut
732 2513 804 2532 enim
823 2512 905 2541 grana
926 2511 1012 2546 arenae

268 2554 321 2572 non
341 2545 503 2573 conveniunt
517 2545 543 2573 in
558 2554 654 2580 unum,
669 2553 756 2581 neque
769 2541 904 2587 adhaerent
918 2540 953 2569 ad
967 2551 1009 2569 in-

268 2583 365 2620 vicem,
378 2583 425 2612 sed
438 2594 541 2623 semper
555 2590 618 2613 sunt
631 2589 750 2622 separata
767 2593 772 2610 :
790 2591 829 2610 Sic
848 2580 939 2619 verba,
953 2591 1012 2619 quae

744 1790 799 1827 Qui
813 1788 926 1820 aedificat
937 1798 964 1818 se
977 1787 1006 1817 in
1029 1804 1031 1806 -

197 1847 255 1866 xcix
265 1834 395 1870 castitate,
416 1832 530 1862 aedificat
554 1843 582 1862 se
602 1842 684 1871 super
708 1836 812 1870 petram
834 1828 974 1858 Christum
998 1840 1005 1857 :

1051 294 1166 313 massam
1186 294 1235 323 pcr-
1251 293 1332 324 opus,
1346 287 1467 324 separata
1486 291 1550 315 sunt
1567 291 1594 314 et
1611 283 1743 325 dispersa,
1758 286 1796 317 Et

1052 322 1113 352 ideo
1127 323 1311 353 assimilantur
1323 333 1420 360 arenae,
1431 334 1490 363 quae
1502 334 1649 363 numquam
1662 325 1692 355 in
1702 332 1795 356 semet-

1051 362 1116 402 ipsa
1128 362 1311 403 con'ungitur.
1327 363 1400 403 Ergo
1421 373 1502 404 super
1520 374 1629 394 arenam
1639 375 1668 394 se
1680 364 1796 397 aedificat

1051 402 1139 431 omnis
1153 404 1174 432 C
1195 402 1334 439 ristianus,
1345 404 1394 442 qui
1407 413 1442 434 ex
1454 402 1551 434 auditu
1568 404 1626 434 solo
1645 404 1797 437 verborum

1052 441 1138 471 credit
1150 441 1178 471 in
1191 442 1340 479 Christum,
1353 449 1378 471 et
1391 453 1445 473 non
1453 454 1503 484 per
1513 454 1594 489 opera
1605 444 1675 475 bona
1687 455 1716 474 se
1729 455 1795 475 con-

1051 482 1141 511 firmat
1154 482 1180 511 in
1190 482 1310 511 Chi-isto.
1322 481 1376 512 Sed
1389 489 1415 512 et
1427 483 1475 522 qui
1485 483 1548 512 facit
1561 493 1642 523 opera
1654 484 1738 522 mala,
1751 496 1798 515 su·

1052 531 1101 561 per
1110 532 1216 551 arenam
1228 521 1353 551 aedificat.
1365 523 1452 552 Arena
1459 522 1532 552 enim
1539 529 1579 552 est
1587 523 1675 553 omnis
1684 524 1797 562 malitia,

1052 561 1122 590 sicut
1134 560 1256 591 diximus
1265 562 1348 602 supra'
1361 574 1370 591 ι
1382 569 1409 592 et
1421 563 1469 602 qui
1483 563 1510 592 in
1521 562 1599 592 bonis
1612 562 1799 596 mundialibus

1052 600 1172 637 instruit,
1187 612 1214 630 se
1233 612 1313 642 super
1326 612 1432 632 arenam
1445 602 1570 632 aedificat.
1586 602 1690 634 similis
1708 610 1799 640 autem

1053 640 1135 670 stulto
1146 638 1255 670 diabolo
1264 648 1314 675 est,
1325 641 1388 680 quia
1399 642 1469 672 sicut
1477 641 1582 672 diaboli
1591 641 1699 680 domus,
1707 643 1738 673 id
1746 650 1797 680 est,

1051 679 1215 716 idololatria,
1230 691 1246 710 a
1256 681 1365 711 Christo
1377 681 1511 712 destructa
1519 688 1615 722 est-per
1625 693 1706 723 opera
1713 683 1799 714 mini-

1052 726 1170 749 strorum
1189 720 1251 760 ejus
1266 728 1292 750 et
1310 721 1458 760 gratiarum
1471 734 1479 751 ε
1494 722 1533 751 sie
1546 728 1573 751 et
1593 722 1641 752 ille
1654 718 1736 753 hodie
1751 729 1800 755 aut

1053 769 1112 789 cras
1122 759 1300 790 destruendus
1313 768 1352 790 est
1366 772 1380 790 a
1391 761 1501 791 diabolo
1511 772 1559 801 per
1572 772 1654 806 opera
1662 763 1800 794 ministro-

1053 809 1116 828 rum
1125 800 1195 839 ejus,
1205 799 1249 829 vel
1256 799 1420 837 daemonum,
1430 802 1471 831 vel
1483 801 1625 831 hominum
1635 802 1798 848 impiorum:

1054 845 1080 867 et
1094 838 1159 868 tales
1170 839 1200 868 hi
1213 846 1287 876 sunt,
1301 850 1370 878 quos
1380 840 1475 870 cadere
1485 842 1519 870 de
1532 841 1653 872 Ecclesia
1664 842 1802 882 significa-

1054 878 1145 908 vimus
1159 889 1252 919 supra,
1265 890 1297 909 eo
1315 879 1391 918 quod
1404 890 1457 909 non
1474 891 1503 910 se
1516 881 1708 913 aedificaverint
1720 893 1802 923 super

1054 924 1169 957 petram,
1182 917 1231 948 sed
1250 919 1336 959 magis
1356 930 1439 960 super
1456 930 1573 951 arenam.
1587 922 1630 950 Et
1642 923 1694 952 erit
1713 925 1803 953 ruina

1056 959 1118 997 ejus
1127 969 1245 998 magna.
1255 958 1397 996 Quomodo
1407 970 1501 999 magna
1509 960 1523 989 Ρ
1533 960 1685 991 Sicutenim
1694 962 1802 999 domus,

1056 1008 1115 1036 quai
1129 997 1208 1027 habet
1222 998 1345 1029 validum
1358 998 1572 1036 fundamentum,
1586 1000 1610 1030 si
1626 1012 1689 1041 pars
1709 1002 1801 1041 aliqua

1056 1037 1166 1077 parietis
1178 1038 1222 1068 vel
1241 1038 1310 1068 tecti<
1317 1038 1452 1076 ceciderit,
1467 1039 1546 1069 ruina
1563 1041 1622 1080 ejus
1634 1051 1731 1081 magna
1748 1052 1803 1072 non

1056 1077 1118 1111 erit,
1127 1080 1192 1116 quia
1202 1084 1288 1118 potest
1299 1078 1358 1108 fieri
1367 1085 1398 1108 ut
1407 1078 1506 1108 iterum
1517 1086 1670 1120 reparetur3
1681 1081 1705 1111 si
1712 1088 1802 1112 autem

1056 1116 1259 1148 fundamentum
1278 1118 1337 1158 ejus
1355 1128 1447 1148 casum
1459 1118 1541 1149 fuerit
1554 1129 1674 1164 passum,
1688 1127 1752 1151 tunc
1763 1128 1804 1152 est

1057 1156 1136 1185 ruina
1148 1156 1207 1196 ejus
1229 1157 1414 1199 magum-quia
1434 1164 1489 1188 tota
1507 1166 1580 1191 vemt
1600 1159 1748 1191 deorsum:
1763 1161 1806 1191 sie

1057 1203 1083 1225 et
1093 1196 1274 1235 Christianus,
1287 1198 1311 1226 si
1323 1205 1369 1227 aut
1382 1197 1527 1228 fornicatus
1540 1199 1631 1234 suerit,
1641 1207 1687 1236 aut
1697 1199 1804 1230 adulte-

1058 1243 1132 1265 ratus
1140 1258 1148 1272 ,
1169 1243 1216 1266 aut
1235 1237 1414 1266 homicidium
1433 1237 1539 1273 fecerit,
1560 1238 1658 1269 cecidit
1678 1239 1801 1278 quidem,

1058 1282 1145 1304 tamen
1158 1275 1235 1304 ruina
1248 1276 1307 1315 ejus
1317 1287 1412 1315 magna
1426 1287 1479 1306 non
1487 1284 1537 1313 est,
1554 1278 1620 1323 quia
1633 1278 1731 1309 iterum
1744 1289 1803 1319 Ρω-

1059 1314 1169 1343 nitentia
1190 1325 1300 1354 surgere
1317 1323 1403 1355 potest
1416 1316 1486 1346 sicut
1498 1317 1599 1348 David.
1613 1318 1643 1348 Si
1661 1326 1751 1349 autem
1769 1318 1805 1348 de

1059 1353 1231 1383 fundamento
1248 1354 1312 1383 fidei
1325 1355 1431 1393 aliquid
1447 1356 1527 1390 fuerit
1550 1367 1653 1396 passus,
1669 1358 1699 1387 id
1715 1365 1766 1393 est,
1779 1358 1805 1388 si

1059 1393 1249 1437 praevaricatus
1269 1394 1360 1430 fuerit,
1372 1401 1398 1423 et
1414 1395 1450 1424 ad
1466 1395 1589 1433 gentiles,
1601 1403 1648 1427 aut
1667 1398 1804 1427 haereticos

1059 1439 1206 1469 transierit,
1225 1439 1293 1462 tunc
1307 1440 1346 1462 est
1363 1434 1444 1463 ruine
1463 1435 1521 1474 ejus
1535 1445 1641 1474 magna,
1656 1437 1720 1475 quia
1733 1443 1806 1467 totus

1057 1471 1180 1500 funditus
1194 1472 1260 1501 ruit.
1277 1472 1326 1503 28.
1342 1474 1511 1512 Etsactum
1521 1481 1576 1510 est,
1591 1484 1658 1504 cum
1670 1486 1807 1507 eonsum-

1058 1517 1163 1541 masset
1178 1512 1266 1541 Jesus
1278 1514 1372 1542 verba
1384 1513 1457 1550 haic,
1472 1514 1700 1545 admirabantur
1712 1518 1804 1546 iurboe

1058 1560 1145 1590 super
1152 1551 1287 1580 doctrina
1300 1553 1373 1581 e'us.
1385 1553 1507 1583 Placatus
1521 1554 1716 1587 rationabiliter
1727 1555 1807 1586 intel-

1058 1590 1142 1619 lectus
1166 1590 1283 1620 hominis
1317 1591 1413 1622 audem
1437 1601 1543 1631 generat
1565 1606 1573 1624 ε
1594 1594 1682 1624 victus
1703 1602 1805 1633 antem,

1058 1629 1272 1660 admirationem.
1282 1631 1420 1670 Quicquid
1431 1639 1520 1662 autem
1537 1633 1619 1674 digne
1630 1633 1741 1665 laudare
1753 1645 1807 1665 non

1060 1680 1219 1710 possumuS,
1233 1670 1291 1709 hoc,
1301 1670 1478 1702 admiramur.
1492 1672 1644 1704 Admiratio
1659 1681 1748 1704 tamen
1761 1685 1807 1705 en·

1061 1720 1121 1738 rum
1141 1710 1227 1748 magis
1244 1710 1279 1739 ad
1299 1710 1401 1740 Christi
1420 1712 1535 1752 gloriam
1554 1713 1713 1753 pertinebat,
1725 1725 1809 1754 quam

1062 1748 1096 1778 ad
1116 1748 1197 1778 iidem
1218 1749 1350 1789 ipsorum.
1371 1751 1433 1780 Non
1454 1752 1526 1782 enim
1548 1753 1610 1783 ideo
1630 1754 1811 1790 mirabantur,

1062 1789 1140 1828 qnasi
1151 1788 1288 1819 credentes
1301 1790 1327 1819 in
1341 1790 1492 1828 Christum,
1507 1792 1628 1832 sedquia
1642 1793 1810 1834 irrepressen-

1062 1828 1155 1857 sibiles
1171 1829 1315 1859 audierant
1326 1840 1471 1865 sermones.
1486 1831 1516 1862 Si
1529 1839 1618 1862 autem
1631 1833 1768 1863 credentes
1780 1833 1810 1862 in

1064 1867 1202 1897 Christum
1214 1876 1312 1905 essent,
1326 1880 1378 1899 non
1394 1870 1568 1908 mirarentur,
1581 1872 1630 1902 sed
1642 1873 1731 1912 potius
1748 1883 1810 1903 cre-

1065 1907 1168 1937 derent.
1182 1909 1251 1937 Nam
1264 1919 1342 1938 omne
1354 1908 1456 1944 dictum
1466 1918 1513 1940 aut
1523 1912 1623 1942 sactum
1636 1912 1708 1942 illud
1721 1919 1811 1942 movet

1065 1946 1280 1985 admirationem,
1294 1948 1369 1987 quod
1382 1957 1490 1989 superat
1503 1951 1623 1982 facientis
1637 1959 1683 1982 aut
1696 1952 1811 1982 dicentis

1066 1997 1216 2026 personam.
1232 1989 1348 2027 Utputa,
1363 1989 1385 2018 si
1400 1989 1481 2019 homo
1494 1991 1547 2020 tale
1559 1991 1664 2031 aliquid
1677 1991 1751 2022 dicat
1763 1998 1811 2021 aut

1063 2026 1151 2061 faciat,
1160 2026 1232 2064 quod
1241 2027 1347 2056 excedit
1357 2039 1509 2058 mensuram
1517 2036 1618 2060 naturai
1626 2032 1696 2076 ejus.
1705 2033 1810 2068 Quam·

1064 2066 1106 2096 vis
1117 2072 1346 2106 autemmagnum
1361 2068 1405 2102 sit,
1420 2068 1494 2106 quod
1507 2070 1662 2100 Deus'dicit
1674 2077 1722 2100 aut
1734 2071 1808 2107 facit,

1064 2112 1151 2135 tamen
1165 2105 1254 2135 minus
1265 2112 1304 2135 est
1315 2117 1397 2145 quam
1405 2107 1454 2137 Dei
1464 2109 1592 2147 potentia.
1604 2109 1669 2140 Ideo
1678 2110 1810 2150 quicduid

1065 2155 1080 2174 a
1090 2146 1147 2175 Deo
1157 2145 1256 2175 factum
1265 2152 1311 2175 aut
1317 2146 1420 2176 dictum
1427 2147 1623 2184 audimus,non
1632 2150 1808 2189 admiremur,
1825 2169 1828 2171 -

1085 2185 1128 2215 uia
1142 2185 1231 2214 omnia
1240 2185 1343 2215 minora'
1355 2197 1437 2225 quam
1449 2188 1497 2219 Dei
1510 2189 1637 2228 potentia.
1650 2190 1751 2220 Tamen
1764 2201 1812 2221 au-

1064 2195 1156 2255 diebat
1169 2224 1287 2264 populus
1303 2236 1365 2255 cum
1377 2226 1482 2257 silentio
1495 2235 1521 2257 et
1531 2229 1672 2267 gravitate,
1684 2237 1711 2259 et
1721 2230 1808 2262 admi-

1066 2274 1127 2294 rans
1139 2264 1296 2304 proficiebat
1309 2265 1337 2294 in
1351 2263 1441 2297 verb'is
1454 2267 1540 2307 ipsius
1555 2281 1563 2300 a
1579 2269 1644 2307 quia
1656 2269 1810 2306 admiratio,

1066 2304 1115 2333 etsi
1129 2304 1187 2344 ipsa
1201 2314 1252 2333 non
1267 2312 1306 2334 est
1318 2316 1353 2334 ex
1366 2305 1431 2342 fide,
1444 2313 1531 2337 tamen
1542 2308 1664 2339 invitatio
1674 2315 1714 2338 est
1726 2309 1762 2338 ad
1773 2310 1810 2338 fi-

1066 2343 1139 2372 dem.
1161 2344 1230 2373 Nam
1257 2344 1305 2383 qui
1329 2344 1479 2377 admiratur
1501 2347 1536 2377 de
1557 2348 1647 2377 verbis
1670 2348 1809 2386 doetrinae,

1066 2383 1292 2421 quamvis'adhnc
1305 2395 1357 2414 non
1372 2385 1473 2423 credat,
1488 2393 1575 2416 tamen
1591 2388 1648 2427 jam
1661 2387 1688 2416 in
1701 2390 1760 2428 ipso
1774 2388 1816 2421 li->

1066 2422 1138 2452 mine
1151 2422 1318 2454 credulitatis
1330 2425 1461 2461 consistit,
1474 2432 1503 2455 nt
1512 2425 1612 2456 credat.
1627 2427 1726 2457 Turbae
1737 2435 1812 2459 erant

1067 2473 1126 2500 quae
1151 2463 1328 2500 mirabantur,
1343 2464 1373 2494 id
1394 2471 1444 2501 est,
1462 2466 1581 2505 populus
1602 2466 1734 2506 vulgaris.
1750 2469 1812 2497 Non

1068 2509 1143 2530 erant
1157 2502 1215 2532 illic
1228 2503 1368 2540 Pharisaei,
1381 2511 1428 2533 aut
1441 2504 1575 2549 principes
1589 2506 1695 2546 populi,
1709 2514 1756 2536 aut
1769 2518 1811 2536 sa-

1069 2541 1200 2578 cei-dotes,
1213 2542 1259 2581 qui
1268 2543 1353 2573 solent
1360 2554 1413 2573 non
1420 2543 1541 2574 discendi
1552 2545 1643 2575 studio
1653 2546 1757 2583 audire,
1765 2546 1811 2576 scd

1070 2581 1277 2619 contradicendi,
1297 2593 1348 2612 non
1370 2590 1399 2613 ut
1419 2583 1522 2624 aliquid
1546 2585 1641 2616 salutis
1662 2587 1811 2627 acquirant,
