1890 2826
558 231 602 252 DE
629 230 736 252 mnam
762 228 955 251 anvrioNE
982 228 1085 250 ORAT.
1115 228 1163 250 ΙΙΙ.
1573 213 1643 249 555

82 296 136 327 Καὶ
147 296 224 325 τοῦτο
235 294 323 335 ὑγρὸν,
336 295 442 323 κάκεῖνο
452 291 541 332 ὑγρόν.
554 291 625 321 Ἀλλ’
638 286 730 326 ἐπειδὴ
743 291 850 319 κάκεῖνο

903 295 975 317 ctum
989 288 1069 317 suerit
1082 288 1109 317 in
1128 286 1224 328 ignem,
1239 298 1331 318 vocem
1345 298 1396 317 non
1411 287 1526 324 emittit5
1539 297 1608 326 aqua
1622 288 1644 316 si

81 341 134 371 ἀπὸ
147 341 223 376 ξύλου
234 340 314 381 ὄψον,
332 339 378 369 καὶ
390 341 408 375 ἡ
427 337 504 368 ἐλαία
519 337 665 377 τρέφουσα,
677 335 752 376 φίλον
769 335 796 365 δὲ
808 335 849 364 ἀεὶ
868 339 885 361 D
902 334 997 373 injecta
1020 334 1110 371 suerit,
1125 333 1231 363 stridet.
1247 335 1329 373 Atqui
1352 341 1378 363 et
1397 333 1449 363 hoc
1471 340 1496 362 ct
1518 333 1588 362 illud
1606 341 1646 362 ost

80 388 119 427 τῷ
127 386 234 427 ξύλῳτὸ
244 388 308 426 πῦρ,
319 385 424 425 δέχεται
436 383 520 420 ἡδέως
532 382 565 412 τὰ
578 382 630 412 ἀπὸ
641 385 687 411 τοῦ
702 384 849 421 συγγενοῦς.

79 431 147 462 Ἐὰν
164 432 192 462 δὲ
203 431 273 472 ὕδωρ
284 430 348 472 πυρὶ
361 430 502 470 ἔπιὸληθῇ,
515 428 612 469 τρίζει·
625 430 663 468 τῷ
675 427 726 468 γὰρ
740 427 850 467 ἐναντίῳ

82 478 209 519 μάχεται.
220 478 261 507 Τὸ
271 480 324 517 πῦρ
341 476 406 506 ἴδιόν
419 472 478 506 ἐστι
494 478 540 506 τοῦ
553 475 628 516 ἀέρος
636 487 643 494 ·
656 473 779 514 συγγενὲς
790 473 850 513 γάρ.

82 525 176 564 Φυσᾷς
189 525 226 558 εἰς
245 523 357 564 λύχνον,
370 522 415 552 καὶ
428 521 550 556 καπνίζει
568 524 582 551 ὁ
597 521 648 561 ἀὴρ
668 520 698 549 τὸ
711 522 765 560 πῦρ
776 541 784 554 ,
806 519 851 548 καὶ

81 570 197 609 ὠδαμοῦ
220 569 383 610 εὑρίσκεται·
399 568 430 598 τὸ
443 568 495 608 γὰρ
507 568 629 607 συγγενὲς
641 568 750 608 ἔδραμε.
763 566 851 597 Βλέπε

81 618 127 645 τοῦ
140 615 260 656 τεχνίτου
271 614 320 651 τὴν
331 614 440 655 σοφίαν,
453 613 535 654 βλέπε
547 613 597 655 τὴν
617 613 736 652 δύναμιν.
750 612 852 649 Ἔθηκε

81 661 143 695 τοὺς
155 663 296 702 φωο-ιῆρας
309 661 336 689 ἐν
356 662 395 700 τῷ
411 662 514 701 οὐρανῷ
532 658 601 689 ὥστε
622 659 722 700 φαίνειν
742 659 786 688 ἐπὶ
804 661 852 695 ἰ-’ῆς

82 710 144 748 γῆς·
157 707 211 738 Καὶ
221 707 339 737 ἔστωσαν
347 727 356 743 ,
372 706 467 747 φησὶν,
483 708 521 740 εἰς
531 709 630 745 σημεῖα
643 705 689 735 καὶ
701 708 738 739 εἰς
749 705 852 745 ἡμέρας

76 753 130 783 »καὶ
142 755 180 787 εἰς
191 753 332 787 ἐνιαυτούς.
345 752 382 782 Τί
402 754 488 787 ἔστιν,
502 752 551 786 Εἰς,
560 754 672 791 σημεῖας
686 752 722 781 Οἱ
737 750 786 791 μὲν
797 762 851 790 μα-

84 799 216 838 ταιολόγοι
236 798 297 839 περὶ
323 797 493 839 ἀστρολογίας
518 799 618 827 ἑαυτῶν
644 796 775 827 ὶιιένωσαν
803 795 852 830 τὰς
866 804 886 827 Ε

83 845 208 880 ἐλπίδας,
226 843 412 884 σημειούμενοι
430 843 576 884 πράγματα
594 843 774 873 ἀνυπόστατα.
787 841 852 873 Ὅτι

83 890 135 931 γὰρ
150 892 198 920 οὐκ
211 890 268 921 ἔστι
280 902 308 920 τι
324 889 524 929 σημειώσασθαι
540 889 601 931 περὶ
619 891 688 926 ζωῆς
708 889 851 930 ἀνθρώπων

85 937 138 967 ἀπὸ
149 936 261 977 ἄστρων,
272 941 400 977 μαρτυρεῖ
413 933 526 970 Ἡσαΐας
538 936 623 976 λέγων
632 948 638 955 ·
651 935 852 972 Ἀναστήτωσαν

84 985 109 1012 οἱ
126 982 281 1023 ἀστρολόγοι
292 986 340 1012 τοῦ
357 983 483 1022 οὐρανοῦ,
497 982 543 1012 καὶ
557 984 581 1011 οἱ
600 981 740 1022 βλέποντες
754 981 788 1011 τὰ
802 993 854 1016 ση-

85 1033 159 1068 μεῖα,
174 1028 219 1058 καὶ
233 1028 383 1058 εἷπάτωσᾶν
392 1039 435 1058 σοι
445 1028 471 1057 τί
485 1027 577 1067 μέλλει
589 1027 715 1068 γίνεσθαι.
725 1027 794 1067 Περὶ
806 1027 853 1066 μὲν

85 1070 130 1104 οῦν
147 1077 215 1110 ζωῆς
227 1074 372 1114 ἀνθρώπων
385 1074 458 1103 οὐδὲν
479 1078 589 1112 σημεῖον
611 1073 715 1103 δίδωσιν
735 1073 852 1113 οὐρανός.

85 1122 181 1155 Θέλεις
189 1121 216 1150 δὲ
224 1124 316 1160 μαθεῖν
325 1121 405 1149 αὗτοῦ
419 1119 453 1149 τὰ
466 1124 565 1159 σημεῖα
571 1131 579 1156 ;
592 1120 723 1158 Σημαίνει
732 1119 855 1159 ὄμὸρους,

87 1166 206 1205 ἀνέμους,
216 1167 346 1207 χεὴιῶνα,
361 1165 458 1195 εὐδίαν.
469 1165 513 1195 Τὰ
526 1165 612 1205 ἄστρα
624 1168 709 1194 ταῦτα
722 1165 856 1204 σημαίνει,

87 1212 133 1242 καὶ
145 1215 222 1241 τοῦτο
234 1211 278 1241 διὰ
289 1213 359 1241 Θεοῦ
374 1211 584 1251 φιλανθρωπίαν,
599 1210 642 1240 ἵνα
657 1214 671 1240 ὁ
683 1211 802 1245 ναυτίλος
813 1212 855 1251 ἴδῃ

901 379 1057 409 humidum.
1078 379 1133 410 Sed
1154 379 1216 418 quia
1238 380 1328 409 oleum
1351 390 1385 409 ex
1407 379 1481 418 ligno
1503 379 1646 419 opsonium

905 426 1032 462 nascitur,
1048 431 1074 454 et
1096 425 1155 454 olea
1178 425 1261 454 nutrit
1282 425 1383 465 ipsum,
1399 425 1522 464 ignisque
1543 435 1647 464 semper

903 479 943 501 est
952 472 1027 511 ligno
1037 472 1149 508 amicus,
1158 471 1272 501 libenter
1282 471 1381 511 accipit
1389 470 1464 510 quod
1471 482 1505 500 ex
1514 471 1587 500 affini
1599 482 1647 500 na-

903 524 964 547 tura
977 524 1027 547 est.
1042 517 1090 547 Sin
1114 524 1204 547 autem
1227 528 1298 556 aqua
1316 517 1343 546 in
1365 517 1455 557 ignem
1471 517 1647 554 immittatur,

904 564 1008 601 stridet,
1028 563 1104 603 quod
1125 575 1187 601 cum
1211 563 1475 604 contrario'pugnet.
1494 563 1570 603 Ignis
1593 564 1648 592 acri

905 612 1008 641 amicus
1022 618 1078 642 θείς
1093 611 1183 640 affinis
1194 611 1267 640 enim
1279 617 1318 640 est
1329 610 1365 640 ei.
1379 610 1506 640 Insul'flas
1519 610 1546 639 in
1561 610 1648 639 lucer-

905 669 978 696 nam,
993 665 1020 688 et
1032 669 1077 687 aer
1093 658 1179 697 ignem
1194 657 1223 686 in
1243 658 1349 686 sumum
1361 656 1454 693 vertit,
1468 667 1500 686 ac
1517 654 1647 695 nusquam

905 711 1061 744 comparet:
1080 714 1142 733 nam
1154 702 1229 742 quod
1241 703 1321 732 affine
1344 710 1400 732 crat
1422 702 1557 732 abscessit.
1576 701 1649 732 Vide

906 750 1024 779 Artificis
1043 749 1211 789 sapientiam,
1224 748 1289 778 vide
1310 755 1476 788 potestatem.
1492 748 1587 778 Posuit
1604 748 1650 777 lu-

904 795 1019 825 minaria
1031 795 1059 824 in
1074 796 1150 833 caelo,
1167 802 1196 825 ut
1219 795 1339 824 lucerent
1362 805 1443 834 super
1468 802 1566 824 terram
1583 807 1591 823 =
1609 796 1649 824 Et

904 844 974 876 sint,
987 842 1086 881 inquit,
1101 843 1134 871 in
1153 843 1256 879 signa,
1271 849 1299 870 er
1322 843 1354 869 in
1367 842 1440 877 dies,
1456 847 1483 871 et
1497 844 1529 870 in
1543 851 1647 870 annos.
1676 848 1798 876 Asuui-»5³³

905 889 980 927 Quid
993 896 1045 926 est,
1059 891 1097 918 In
1117 895 1203 929 signa
1213 891 1226 916 Ρ
1245 888 1301 925 Qui
1321 888 1491 927 astrologiam
1516 899 1582 918 vane
1595 895 1649 917 tra·
1658 887 1711 900 ”¹¹³
1722 888 1735 908 ‘¹

904 933 988 973 ctam,
1001 946 1076 976 spem
1100 946 1177 965 suam
1198 941 1378 969 evacuarunt,
1404 945 1446 963 res
1473 934 1651 973 significantes

906 992 966 1021 quae
988 991 1120 1020 nusquam
1140 981 1279 1010 exsistunt.
1293 980 1374 1018 Quod
1393 980 1464 1009 enim
1486 980 1569 1009 stellae
1580 980 1650 1009 nihil

907 1027 1057 1067 significent
1066 1027 1137 1056 circa
1150 1026 1234 1055 vitam
1245 1026 1385 1055 hominum
1400 1025 1556 1055 testificatur
1568 1026 1651 1056 Isaias

1738 887 1780 901 ttae.

906 1073 998 1103 dicens
1012 1086 1018 1102 ι
1032 1073 1156 1112 Surgam
1178 1073 1319 1112 astrologi
1340 1072 1419 1106 eceli,
1435 1078 1463 1101 et
1488 1073 1539 1111 qui
1565 1075 1651 1112 signa
1659 1081 1715 1103 :mit
1728 1079 1768 1111 47.

908 1120 1071 1159 videnum
1096 1119 1197 1148 dicant
1222 1118 1274 1147 tibi
1298 1119 1370 1158 quid
1383 1119 1526 1159 ficturum
1548 1120 1595 1148 sie.
1613 1112 1698 1149 De¹3‘

908 1165 964 1195 vita
980 1175 1044 1204 ergo
1070 1164 1212 1194 hominum
1226 1163 1334 1193 nullum
1357 1164 1464 1203 signum
1485 1163 1532 1193 dat
1544 1165 1650 1194 caelum.

913 1211 962 1240 Vis
974 1211 1031 1251 ejus
1044 1210 1119 1250 signa
1129 1209 1232 1239 discere
1240 1210 1254 1238 ἱ)
1265 1209 1406 1248 Significat
1419 1209 1537 1249 pluvias,
1547 1217 1652 1244 ventos,

87 1257 118 1287 τὸ
131 1262 252 1296 σημεῖον,
263 1257 308 1286 καὶ
319 1256 389 1297 φύγῃ
403 1257 448 1286 τὸν
461 1257 579 1286 κίνδυνον
589 1268 595 1275 ·
608 1256 651 1286 ἵνα
661 1259 675 1286 ὁ
685 1257 800 1297 γεωργὸς
814 1258 855 1297 ἴδῃ
864 1276 900 1296 453
909 1256 1011 1285 hiemes
1028 1266 1058 1285 ac
1072 1262 1251 1296 tempestates,
1276 1255 1453 1294 tranquillum
1477 1266 1575 1285 aerem.
1591 1257 1655 1286 Haec

87 1304 102 1319 *
111 1302 197 1342 ὀσμὴν
205 1304 344 1343 χειμῶνος,
353 1302 398 1332 καὶ
407 1302 548 1342 προλαὸὼν
559 1302 703 1342 ἀροτριάοῃ
714 1305 775 1342 γῆν.
784 1303 857 1333 Γίνε-
874 1303 893 1326 Α
909 1301 1061 1342 significant
1074 1302 1172 1338 stellae,
1186 1301 1269 1340 idque
1281 1311 1330 1341 per
1344 1301 1393 1331 Dei
1408 1302 1611 1342 benignitatem,
1626 1310 1655 1330 ut

87 1361 131 1378 ται
142 1352 252 1387 σημεῖον
265 1347 436 1387 καὶπολέμου
446 1348 491 1377 καὶ
499 1348 614 1388 εἰρήνης.
629 1349 723 1378 Ταῦτα
735 1351 749 1378 ὁ
761 1348 858 1389 Σωτὴρ

38 1392 41 1394 ’
87 1394 257 1431 ἐὸεὸαίωσεν,
274 1394 351 1424 ἅτινά
364 1395 430 1423 εἰσιν
449 1394 522 1423 ἁπλᾶ
541 1393 587 1423 καὶ
607 1394 762 1435 ἀπερίεργα.
777 1394 859 1434 Λέγει

87 1441 138 1481 γὰρ
146 1445 200 1474 τοῖς
206 1439 343 1474 Ἰουδαίοις
351 1452 358 1458 ·
369 1439 537 1480 Ὕποκριταὶ,
544 1439 588 1470 ἐὰν
602 1441 675 1476 ἴδητε
685 1440 796 1481 νεφέλην
806 1441 859 1471 ἀπὸ

88 1488 196 1525 δυσμῶν
205 1486 409 1521 ἀνατέλλουσαν,
415 1485 517 1526 λέγετε·
528 1486 630 1526 χειμὼν
637 1487 739 1526 γίνεται
746 1499 752 1506 ·
763 1487 808 1516 καὶ
818 1487 859 1526 γί-

88 1543 160 1562 νεται
173 1532 264 1574 οὕτως.
278 1533 336 1563 Κᾶν
350 1533 423 1568 ἴδητε
435 1532 483 1572 ὀψὲ
497 1533 664 1572 πυρῤάζοντα
675 1533 719 1562 τὸν
731 1533 839 1572 οὐρανὸν
850 1556 856 1570 ,

88 1577 189 1617 λέγετε,
197 1578 279 1615 εὐδία,
287 1578 332 1608 καὶ
342 1577 531 1618 γίνεταιεῦδία.
542 1578 598 1614 Κᾶν
607 1578 682 1614 ἴδητε
692 1578 740 1618 ὀψὲ
751 1578 861 1618 στυγνά-

91 1625 167 1657 ζοντα
179 1623 224 1652 τὸν
236 1623 355 1663 οὔρανὸν,
365 1622 470 1663 λέγετε·
488 1622 590 1662 χειμὼν
599 1623 709 1662 γίνεται.
729 1623 781 1653 Καὶ
793 1623 859 1653 ἐπᾶ-

91 1680 133 1708 γει
149 1663 206 1698 εἶτα
215 1680 222 1687 ·
245 1668 286 1698 Τὸ
305 1668 446 1708 πρόσωπον
472 1671 518 1697 τοῦ
541 1669 651 1708 οὐρανοῦ
674 1669 719 1698 καὶ
742 1671 790 1704 τῆς
812 1671 861 1708 γῆς

91 1715 179 1744 οἴδατε
193 1714 358 1752 δοκιμάζειν,
378 1714 422 1743 τὸν
441 1713 469 1743 δὲ
482 1714 572 1754 καιρὸν
593 1717 683 1743 τοῦτον
697 1715 745 1744 οὐκ
758 1714 860 1750 οἴδατε;

92 1759 187 1790 Ταῦτά
201 1761 256 1790 ἐστι
270 1759 304 1788 τὰ
315 1763 414 1798 σημεῖα
422 1759 457 1789 τὰ
470 1760 594 1789 ἀκίνδυνα
605 1760 861 1801 παρατηρήσασθαι,
877 1761 895 1783 Β

93 1806 165 1846 θέρος
174 1829 183 1842 ,
193 1807 325 1846 χειμῶνα,
338 1805 413 1835 ὑετὸν
421 1828 429 1842 ,
443 1806 540 1835 εὐδίαν.
552 1807 647 1836 Ταῦτα
666 1806 712 1836 καὶ
726 1808 772 1842 τῆς
783 1808 861 1836 εὗσε-

93 1853 166 1886 ὃείας
178 1854 226 1881 οὐκ
240 1851 383 1892 ἀλλότρια,
395 1852 440 1882 καὶ
454 1855 500 1882 τοῦ
514 1855 585 1882 Θεοῦ
604 1853 667 1882 ἴδια.
685 1848 739 1883 q'Hit
753 1853 780 1883 δὲ
801 1853 862 1893 περὶ

93 1897 266 1939 ἀστρολογίας
275 1896 358 1927 πολὺν
370 1899 505 1928 ἀποτεῖναι
513 1899 591 1938 λόγον
599 1911 606 1917 ·
621 1899 689 1928 ἀλλὰ
703 1899 795 1940 χρείαν
807 1899 862 1940 ἔχει

92 1944 139 1974 καὶ
151 1943 330 1982 τετονωμίνης
341 1945 443 1983 φωνῆς,
458 1944 503 1973 καὶ
514 1945 624 1984 ὀργάνου
644 1944 681 1984 μὴ
693 1945 846 1979 ὀκλάζοντος
856 1959 862 1963 ·

93 1989 249 2029 συμὸαδίζει
262 1989 313 2029 γὰρ
323 1991 361 2030 τῷ
371 1989 441 2030 λόγῳ
454 1992 472 2025 ἡ
487 1990 597 2028 διάνοια,
610 1991 655 2020 καὶ
669 1994 819 2021 συνασθενεῖ
829 1994 862 2031 τῇ

93 2035 199 2075 γλώττῃ
212 2037 226 2064 ὁ
238 2035 372 2074 λογισμός.
392 2036 456 2065 Ἐπὶ
474 2031 519 2065 οῦν
539 2037 573 2066 τὰ
589 2037 756 2077 ἁπλούστερα
769 2037 863 2077 χωρή-

94 2093 194 2120 σωμεν.
206 2081 349 2111 Ἔστωσαν
367 2083 405 2114 εἰς
423 2086 521 2120 σημεῖα
535 2082 580 2112 καὶ
600 2084 638 2116 εἷς
659 2082 774 2123 καιρούς.
786 2083 865 2113 Ἄλλο

94 2127 146 2167 γὰρ
167 2127 260 2167 χρόνος
268 2149 276 2163 ,
301 2126 347 2156 καὶ
366 2126 432 2156 ἄλλο
451 2127 549 2167 καιρός.
571 2128 670 2168 Χρόνος
689 2129 773 2168 μῆκός
792 2130 847 2158 ἐστι
856 2152 863 2164 ,

95 2172 185 2212 καιρὸς
198 2172 328 2211 εὐκαιρία.
351 2173 405 2202 Καὶ
423 2173 508 2206 οὐδεὶς
528 2173 614 2212 λέγει·
627 2173 720 2214 χρόνος
742 2175 799 2204 ἐστὶ
818 2178 863 2205 τοῦ

95 2219 238 2257 τρυγῆσαν
252 2217 335 2250 οὐδεὶς
346 2217 433 2256 λέγει·
446 2218 539 2257 χρόνος
550 2219 605 2248 ἐστὶ
615 2220 664 2255 τὴν
676 2220 804 2259 παρθένον
812 2223 864 2260 γῆ-

97 2274 146 2301 μαι
154 2274 160 2280 ·
170 2261 247 2297 ἀλλὰ,
258 2261 347 2301 καιρὸς
355 2261 404 2297 τὴν
415 2262 542 2301 παρθένον
553 2265 646 2303 γῆμαι,
657 2265 746 2304 καιρὸς
759 2265 865 2305 σπόρου,

96 2307 142 2337 καὶ
156 2307 245 2347 καιρὸς
259 2309 393 2346 θερισμοῦ.
404 2306 457 2336 Καὶ
466 2308 593 2347 Σολομὼν
611 2309 695 2349 λέγει·
709 2310 806 2351 Καιρὸς
821 2314 866 2340 τοῦ
882 2321 900 2344 c

95 2358 190 2391 τεκεῖν,
199 2353 245 2383 καὶ
253 2352 343 2392 καιρὸς
355 2355 402 2381 τοῦ
411 2354 559 2390 ἀποθανεῖν,
566 2355 611 2384 καὶ
618 2355 708 2396 καιρὸς
715 2359 761 2385 τοῦ
770 2358 867 2386 οἰκοδο-

97 2401 191 2438 μῆσαι,
198 2399 244 2428 καὶ
251 2398 340 2439 καιρὸς
348 2401 393 2428 τοῦ
403 2399 560 2429 καταλῦσαι.
569 2401 668 2440 Καιρὸν
676 2401 724 2437 τὴν
734 2402 866 2442 εὐκαιρίαν

96 2444 178 2483 λέγει.
196 2444 329 2483 Σημαίνει
351 2444 378 2473 δὲ
403 2443 436 2473 τὰ
460 2445 546 2485 ἄστρα
566 2448 659 2476 τοῦτο·
671 2443 733 2483 οἷον,
753 2448 866 2485 ἀνατολὴ

97 2490 243 2525 πλειάδων,
267 2489 336 2529 ἀρχὴ
364 2492 504 2530 θερισμοῦ·
529 2490 601 2525 δύσις
621 2493 769 2530 πλειάδων,
798 2495 866 2534 ἀρχὴ

99 2535 207 2575 σπόρου.
227 2536 320 2564 Ταῦτα
339 2536 464 2576 ἀλλότρια
481 2536 530 2575 μὲν
551 2539 597 2573 τῆς
612 2538 749 2577 ἀσεὸείας,
768 2540 822 2569 ἴδια
841 2541 867 2570 δὲ

135 2627 145 2640 “
166 2626 259 2659 [savit.
274 2628 339 2660 conj.
354 2629 447 2664 ὁρμή-1.]

909 1349 1052 1378 nauclerus
1068 1348 1175 1388 signum
1200 1348 1298 1386 videat,
1313 1354 1339 1377 et
1353 1348 1504 1388 periculum
1525 1348 1654 1387 effugiam

911 1402 942 1424 ut
952 1395 1070 1434 agricola
1083 1394 1181 1424 hiemis
1202 1405 1309 1424 sensum
1329 1395 1438 1429 habeat,
1450 1401 1476 1424 et
1490 1401 1655 1425 antevertens

910 1448 1010 1470 terram
1023 1447 1111 1470 aratro
1124 1440 1219 1470 sulcet.
1233 1441 1283 1470 Est
1293 1447 1319 1470 et
1331 1440 1397 1470 belli
1411 1447 1437 1469 ct
1449 1440 1523 1480 pacis
1535 1440 1654 1480 signum.

911 1488 975 1516 Haec
987 1487 1114 1516 Sei-vator
1126 1486 1282 1522 affirmavit,
1295 1496 1355 1525 quae
1370 1486 1463 1524 utique
1476 1493 1538 1515 sunt
1549 1486 1657 1526 simpli-

911 1532 968 1568 cia,
987 1539 1014 1561 et
1040 1532 1182 1572 exploratu
1207 1532 1307 1561 facilia.
1331 1532 1379 1561 Ait
1404 1531 1505 1572 quippe
1531 1533 1549 1562 J
1551 1532 1634 1562 udaeis
1647 1545 1654 1562 τ

912 1579 1099 1617 Hypocrssoe,
1124 1578 1150 1606 si
1177 1578 1313 1606 videritis
1344 1578 1451 1606 nubem
1483 1579 1520 1606 ab
1553 1588 1656 1607 occasu
1666 1589 1750 1610 Manh.
1770 1588 1803 1609 ι6.

913 1625 1063 1659 orientem,
1079 1623 1187 1658 dicitis,
1208 1623 1294 1651 Venit
1317 1629 1468 1661 tempestas
1480 1634 1491 1651 .·
1502 1629 1531 1651 et
1548 1624 1591 1652 ita
1601 1625 1654 1664 fit..
1665 1621 1745 1671 2⁸4·

912 1669 954 1696 Et
970 1669 996 1696 si
1013 1669 1145 1697 videritis
1173 1678 1293 1706 vespere
1316 1668 1509 1697 rubicundum
1537 1657 1777 1712 caelum‚5‡'‚⁶'-¹5i‚·',

913 1715 1009 1743 dicitis
1028 1726 1039 1742 .-
1059 1714 1198 1743 Serenum
1205 1725 1218 1750 ‚-
1242 1720 1270 1743 et
1293 1715 1378 1743 venit
1400 1724 1544 1744 serenum.
1567 1716 1609 1744 Et
1632 1719 1657 1745 si

913 1761 1046 1789 videritis
1074 1770 1135 1789 ser-o
1162 1761 1243 1788 triste
1269 1759 1383 1796 caelum,
1407 1760 1515 1796 dicitis,
1544 1761 1569 1789 T
1566 1771 1657 1801 empe—

914 1811 975 1835 stas
998 1806 1093 1834 venit.
1111 1804 1267 1843 Deindeque
1286 1805 1426 1844 subjungit
1437 1818 1444 1834 t
1457 1807 1576 1836 Faciem
1594 1808 1660 1836 coeli

914 1859 942 1881 et
969 1859 1051 1881 terroe
1075 1854 1199 1892 prohat-e
1219 1852 1308 1888 scitis,
1325 1852 1402 1880 illud
1428 1859 1526 1881 autem
1549 1860 1659 1893 tempus

916 1901 1030 1927 nescitis
1038 1901 1051 1926 Ρ
1061 1899 1125 1928 Haec
1139 1905 1200 1927 sunt
1209 1898 1284 1937 signa
1295 1908 1354 1936 quae
1365 1897 1423 1926 sine
1433 1898 1552 1938 periculo
1565 1900 1658 1929 obser-

915 1952 1022 1982 vantur,
1042 1945 1236 1981 aestas‚hiems,
1259 1944 1365 1984 pluvia,
1387 1955 1497 1973 serenus
1518 1956 1573 1974 aer.
1595 1947 1659 1976 Haec

915 2002 968 2021 non
982 1999 1046 2022 sunt
1059 2002 1075 2021 a
1087 1992 1183 2032 pietate
1199 1991 1298 2027 aliena,
1310 1990 1358 2020 sed
1371 1990 1420 2020 Dei
1433 1991 1553 2031 propria.
1569 1993 1658 2022 Multa

916 2038 1094 2078 potuissemus
1107 2036 1141 2066 de
1154 2036 1298 2076 astrologia
1310 2036 1417 2074 dicere;
1431 2036 1478 2065 sed
1488 2047 1557 2076 opus
1565 2037 1659 2067 suisset

916 2091 942 2113 et
955 2083 1117 2114 contentiore
1129 2093 1205 2120 voce,
1218 2089 1244 2112 et
1258 2092 1357 2122 organo
1367 2092 1420 2112 non
1431 2082 1567 2111 fatiscente
1579 2094 1659 2112 :nam

916 2141 980 2160 cum
990 2139 1110 2159 sermone
1123 2139 1197 2158 mens
1212 2128 1271 2168 pari
1283 2138 1375 2167 gressu
1390 2128 1520 2168 procedit,
1536 2135 1562 2158 et
1574 2129 1659 2158 ratio—

915 2176 1018 2206 cinium
1040 2185 1093 2204 una
1114 2183 1176 2204 cum
1198 2174 1291 2213 lingua
1313 2173 1475 2202 infirmatur.
1489 2173 1532 2203 Ad
1545 2184 1575 2202 ca
1596 2184 1659 2212 ergo

890 2248 893 2250 .
917 2232 976 2260 quae
987 2225 1049 2250 sunt
1069 2219 1232 2260 simpliciora
1247 2218 1433 2259 procedamus.
1450 2219 1514 2248 Sine
1532 2223 1564 2248 in
1575 2221 1659 2258 signa

918 2274 946 2296 et
971 2273 1110 2306 tempora.
1127 2265 1211 2295 Aliud
1232 2265 1304 2295 enim
1326 2271 1365 2294 cst
1386 2263 1479 2304 χρόνος
1503 2271 1619 2303 tempus,
1635 2271 1660 2293 ct
1668 2262 1746 2309 ΜΞΝ,

918 2312 994 2342 aliud
1007 2312 1096 2352 καιρός
1108 2311 1305 2351 opportunitas.
1321 2309 1421 2349 Χρόνος
1434 2309 1596 2339 diuturnitas
1610 2296 1753 2352 est‚}¹2<1p0‚’

919 2365 945 2388 et
957 2358 1046 2398 καιρός
1065 2356 1260 2398 opportunitas.
1276 2357 1332 2385 Nec
1346 2362 1385 2384 est
1409 2355 1456 2393 qui
1471 2354 1553 2389 dicat,
1569 2354 1662 2393 χρόνος

919 2412 958 2435 cst
968 2404 1128 2441 vindemiae3
1145 2412 1223 2432 nemo
1233 2402 1310 2438 dicit,
1322 2401 1415 2441 χρόνος
1428 2407 1467 2429 cst
1478 2399 1611 2438 virginem
1625 2399 1664 2428 lo-

920 2451 997 2481 candi
1016 2463 1022 2479 :
1040 2450 1098 2487 sed,
1117 2448 1206 2488 καιρὸς
1226 2454 1266 2476 est
1290 2446 1422 2485 virginem
1445 2444 1561 2479 locandi,
1574 2444 1664 2483 καιρὸς

921 2497 1043 2526 sementis
1057 2502 1082 2525 ct
1095 2494 1184 2534 καιρὸς
1194 2493 1297 2522 messis.
1311 2492 1489 2528 Salomonquc
1504 2490 1540 2518 ait
1554 2503 1559 2518 :
1574 2490 1664 2529 καιρὸς
1672 2514 1759 2536 lia-las.
1772 2514 1795 2536 3.

920 2542 1066 2582 pariendi,
1075 2547 1102 2570 et
1114 2540 1202 2579 καιρὸς
1214 2537 1367 2571 moriendi,
1380 2542 1406 2565 el
1418 2536 1507 2575 καιρὸς
1518 2536 1662 2575 aedificmt-
1674 2551 1696 2567 ι,

1458 2659 1503 2686 35.

1724 2223 1807 2244 Discri-

1752 2255 1810 2276 inter

1787 2288 1809 2305 et
