1890 2826
792 164 823 186 ΙΝ
854 163 1039 186 DANtELEM.

1630 150 1696 185 203

136 227 212 267 νόσορ
224 226 282 260 τοὺς
295 226 443 266 ὀφθαλμούς
467 237 516 264 μου
531 226 567 258 εἷς
580 224 625 254 τὸν
637 224 745 264 οὐρανὸν
756 224 883 253 ἀνέλαὸον
894 247 902 259 ,
920 227 939 250 D
958 225 1105 252 viventem
1115 226 1146 253 in
1156 223 1264 253 soecula
1275 224 1438 260 laudavi‚et
1448 224 1621 263 glorificavi,
1630 227 1700 263 quia

134 279 181 308 καὶ
202 279 228 308 αἱ
251 277 341 318 φρένες
360 289 410 316 μου
431 278 474 306 ἐπ’
488 277 536 316 ἐμὲ
556 275 776 316 ἐπεστράφησαν,
794 276 839 305 καὶ
860 271 904 305 τὸν

135 329 263 369 “nium
276 328 414 369 ηὗλόγησα
424 351 433 365 ,
460 329 506 358 καὶ
526 328 571 358 τὸν
587 329 672 363 ζῶντα
687 329 724 361 εἷς
734 327 794 362 τοὺς
807 329 904 361 αἰῶνας

133 380 215 420 ᾔνεσα
227 380 273 411 καὶ
288 380 412 418 ἐδόξασα,
426 381 467 411 ὅτι
479 383 497 417 ἡ
511 380 615 415 ἐξουσία
629 381 709 410 αὐτοῦ
722 380 826 414 ἐξουσία
840 380 902 409 αἷώ-
927 400 930 403 1

133 445 204 470 νιος,
226 434 271 464 καὶ
292 436 310 470 ἡ
336 434 458 473 βασιλεία
471 434 550 463 αὖτοῦ
565 435 602 467 εἷς
620 433 712 473 γενεὰν
733 433 779 463 καὶ
798 433 900 472 γενεάν.

134 486 188 516 Καὶ
197 485 293 520 πάντες
304 487 328 515 οἱ
341 488 522 520 κατοικοῦντες
540 485 588 522 τὴν
602 487 665 525 γῆν,
678 487 714 519 ὡς
724 485 797 515 οὐδὲν
818 485 902 522 ἐλογί-

134 541 244 576 σθησαν.
259 539 313 569 Καὶ
331 539 400 569 κατὰ
412 539 443 568 τὸ
456 538 560 578 θέλημα
574 540 653 568 αὐτοῦ
673 543 743 568 ποιεῖ
773 539 800 567 ἐν
814 539 848 577 τῇ
859 538 903 567 80-

134 591 210 631 νᾶμει
230 595 277 622 τοῦ
288 587 408 632 οὐρανοῦ,
422 591 467 621 καὶ
478 593 505 621 ἐν
524 594 558 632 τῇ
571 591 694 632 κατοικία
706 593 754 627 τῆς
767 593 815 630 γῆς
826 601 836 613 ·’
858 591 902 621 καὶ

132 646 181 673 οὐκ
195 645 266 674 ἔστιν
284 644 312 678 ὃς
330 644 518 680 ἀπιστήσεται
534 647 568 684 τῇ
594 644 665 685 χειρὶ
678 646 772 681 αὐτοῦ,
793 644 838 674 καὶ
851 645 903 684 ἐρεῖ

133 697 206 736 αὐτῷ
219 707 226 714 ·
249 695 276 725 τί
290 695 432 733 imino-aq
447 693 516 730 Τοῦς
527 696 677 737 ὀφθαλμούς
690 707 757 736 μου,
772 695 837 736 φησὶ
845 717 854 733 ,
868 698 905 729 εἷς

133 748 178 777 τὸν
198 747 306 788 οὐρανὸν
317 748 454 778 «ivonem.
475 749 623 786 Τουτέστι,
647 749 782 789 προσῆλθε
794 748 839 778 καὶ
851 749 902 784 ηὔ-

135 799 197 834 ξατο
206 802 245 841 τῷ
257 801 331 841 Θεῷ,
343 801 389 830 καὶ
403 801 501 830 ἐκεῖθεν
511 800 559 837 τὴν
575 800 696 840 βοήθειαν
707 801 903 838 ἐζήτησε-Καί-

133 864 174 881 τοι
197 855 242 882 τοῦ
255 852 351 893 χρόνου
371 853 554 892 πληρωθέντος
563 874 572 889 ,
585 854 633 883 οὐκ
645 853 759 894 ἐθάῤῥει.
774 853 901 894 Καθάπερ
909 882 945 902 ²²3

133 904 184 944 γὰρ
194 904 282 945 κύριος
295 901 327 942 ἦν
342 905 410 944 μηδὲ
422 907 526 946 ἀφεῖναι
545 907 584 939 εἰς
596 909 690 946 πεῖραν
709 906 743 936 τὰ
756 906 902 946 πράγματα
918 912 937 934 Α
957 926 1020 956 tem,

132 957 215 986 ἐλθεῖν
228 980 237 994 ,
259 956 342 991 οὕτως
355 958 378 987 εἰ
389 956 436 986 καὶ
448 959 494 986 τοῦ
508 957 603 998 χρόνου
614 961 661 988 τοῦ
672 958 819 998 ὁρισθέντος
831 960 903 994 πλη-

134 1009 259 1049 ρωθέντος
272 1009 381 1048 ἔμελλεν
391 1009 548 1049 ἀδιόρθωτος
554 1009 651 1048 μένειν,
664 1010 737 1040 οὐδὲν
748 1010 825 1040 αὑτὸν
833 1011 902 1050 ὠφε-

132 1061 214 1096 λῆσαι
227 1062 241 1090 ὃ
253 1061 362 1101 ὁρισμὸς
377 1056 455 1101 εἶχεν.
470 1062 511 1091 Οὐ
525 1061 576 1101 γὰρ
587 1061 657 1091 κατὰ
671 1062 788 1101 ἀνάγκην
802 1065 819 1098 ἡ
835 1062 903 1091 ἀπό-

134 1123 213 1151 φασις
233 1114 279 1142 τοῦ
292 1114 379 1148 Θεοῦ,
407 1113 476 1142 ἀλλὰ
489 1113 554 1152 πρὸς
575 1114 609 1143 τὰ
628 1114 745 1154 ἡμέτερα
757 1114 903 1154 πράγματα

133 1167 270 1193 τυποῦται.
290 1163 371 1195 Οὕτω
383 1164 429 1194 καὶ
450 1166 464 1194 ὁ
486 1165 606 1203 Δανιὴλ,
631 1166 714 1196 εἶκαὶ
734 1166 875 1206 ἐπληρώθη
890 1170 904 1196 ὁ

133 1214 242 1254 χρόνος,
265 1217 373 1250 εἰκότως
390 1217 512 1257 εὔχεται,
538 1217 643 1256 μήποτε
656 1217 751 1251 κακίας
762 1230 903 1258 προσγινο-

135 1267 224 1306 μένης,
238 1271 370 1308 προστεθῇ
383 1269 471 1298 πάλιν.
486 1268 593 1308 Ὥσπερ
612 1269 664 1309 γὰρ
682 1269 726 1299 ἐπὶ
750 1271 901 1310 φιλανθρω-

133 1319 196 1354 πίας
207 1320 307 1360 γίνεται
331 1323 424 1359 τοῦτο,
446 1317 500 1351 οἷον
513 1321 557 1351 ἐπὶ
569 1325 615 1351 τοῦ
627 1321 747 1356 Ἐζεκίου
756 1334 762 1341 ·
777 1322 846 1352 οὕτω
859 1323 905 1352 καὶ

133 1373 178 1402 ἐπὶ
194 1373 322 1413 τιμωρίας
335 1373 404 1408 εἰκὸς
428 1373 563 1413 γίνεσθαι,
588 1374 707 1414 καθάπερ
727 1374 773 1404 καὶ
792 1375 836 1404 ἐπὶ
851 1376 904 1404 τῶν

133 1425 282 1464 Ἰουδαίων,
301 1426 424 1457 ἐὸούλετο
443 1427 537 1461 αὐτοὺς
556 1427 650 1462 εὐθέως
671 1430 709 1462 εἷς
720 1428 904 1465 Παλαιστίνην

133 1480 266 1509 ἀπελθεῖν·
280 1480 375 1509 ἐκεῖνοι
387 1480 585 1519 τεσσαράκοντα
599 1479 646 1516 ἔτη
668 1482 846 1520 προστεθῆναι
859 1483 905 1511 αὒ-

132 1535 187 1564 τοῑς
207 1531 334 1567 ἐποίησαν
354 1531 398 1561 διὰ
417 1533 466 1572 τῆς
485 1532 659 1572 παρανομίας.
679 1532 753 1572 “Ὀρα
775 1533 802 1562 δὲ
825 1534 903 1563 αὐτὸν

132 1584 197 1624 πρὸς
209 1584 253 1614 τὸν
268 1584 338 1614 Θεὸν
351 1584 489 1624 φεύγοντα.
504 1584 648 1625 Ἀνὲὅλεψα
660 1607 668 1621 ,
693 1586 758 1626 φησὶ
770 1608 778 1622 ,
802 1587 837 1620 εἷς
858 1586 904 1615 τὸν

133 1636 240 1676 οὔρανὸν
251 1657 260 1671 ,
276 1636 323 1666 καὶ
344 1636 440 1676 γέγονα
457 1637 538 1666 πάλιν
552 1637 698 1677 ἄνθρωπος.
715 1638 767 1668 Καὶ
782 1640 798 1674 ἥ
814 1638 903 1678 μορφή

134 1698 183 1726 μου
204 1687 364 1728 ἐπέστρεψεν
389 1689 430 1716 ἐπ’
455 1687 513 1726 ἐμέ.
538 1687 644 1727 Ὥσπερ
667 1690 685 1724 ἡ
713 1688 802 1728 μορφὴ
823 1690 902 1718 αὐτοῦ

132 1738 275 1773 ἐξήλλακτο
289 1739 335 1779 μὲν
346 1740 395 1774 τῆς
407 1739 585 1779 ἀνθρωπείας,
601 1740 630 1768 οὗ
643 1739 695 1778 μὴν
709 1741 745 1772 εἷς
759 1739 847 1779 θηρίον
856 1751 903 1778 με·

132 1788 292 1826 τεῧέὸλητο·
312 1789 381 1819 οὕτω
393 1790 439 1819 καὶ
450 1792 467 1825 ἡ
482 1790 590 1820 διάνοια.
607 1789 660 1819 Καὶ
674 1789 719 1826 τί;
745 1789 844 1832 ’ᾙνεσα
859 1790 903 1819 καὶ

131 1840 252 1875 ἐδόξασα.
265 1841 302 1871 Τί
311 1841 454 1882 τεκμήριον
466 1853 474 1878 ;
489 1841 543 1871 Τὸν
557 1841 703 1882 Ὕψιστον,
725 1841 808 1882 φησὶ,
824 1842 903 1878 ηὐλό-

131 1905 215 1933 γησα,
228 1893 273 1924 καὶ
287 1894 331 1924 τὸν
346 1895 431 1929 ζῶντα
443 1895 479 1928 εἷς
492 1894 552 1927 τοὺς
563 1895 659 1928 αἰῶνας
669 1894 750 1934 ᾔνεσα
759 1914 767 1929 ,
786 1894 831 1923 καὶ
844 1893 903 1923 ἐδόν

133 1945 209 1980 ξασα.
218 1946 303 1976 Οὐδὲν
311 1946 362 1987 γὰρ
376 1946 445 1976 οὕτω
458 1946 592 1986 νομίζουσι
602 1948 673 1977 Θεοῦ
686 1942 751 1976 εἶναι
766 1946 836 1980 ἄξιον
846 1968 854 1983 ,
868 1948 904 1980 ὡς

132 1997 164 2027 τὸ
182 1997 225 2027 διὰ
246 1998 343 2031 παντὸς
359 1994 433 2027 εἶναι.
450 1998 514 2028 ’Ότι
537 2000 554 2034 ἡ
573 1997 678 2032 ἐξουσία
692 1999 771 2027 αὐτοῦ
783 2020 791 2036 ,
818 1998 902 2038 φησὶ,

134 2049 236 2084 ἐξουσία
251 2049 367 2086 αἰώνιος,
388 2050 433 2080 καὶ
444 2053 461 2086 ἡ
473 2050 595 2090 βασιλεία
606 2051 685 2081 αὗτοῦ
699 2053 735 2084 εἷς
747 2051 838 2090 γενεὰν
858 2051 903 2081 καὶ

134 2101 233 2140 γενεάν.
250 2102 360 2138 Ἐπειδὴ
374 2103 460 2143 τούτῳ
476 2102 592 2142 μάλιστα
605 2103 740 2143 ἄνθρωπος
753 2105 832 2133 αὐτοῦ
847 2103 903 2133 διέ-

135 2165 230 2190 σιηκεν
239 2176 248 2191 ,
261 2154 307 2183 καὶ
316 2156 393 2183 τοῦτο
401 2149 434 2190 ἧν
446 2155 518 2195 παρὰ
528 2155 672 2195 ἀνθρώποις
685 2156 716 2186 τὸ
731 2156 902 2196 μακαριστόν.

136 2203 200 2234 “On
212 2207 230 2240 ἡ
244 2204 347 2240 ἐξουσία
360 2206 456 2244 αὐτοῦ,
474 2207 554 2246 φησὶ,
573 2207 678 2242 ἐξουσία
692 2207 808 2244 αἰώνιος,
828 2208 902 2247 παρὰ

135 2255 224 2285 πάντα
235 2255 280 2285 τὸν
290 2256 384 2296 χρόνον
397 2257 464 2287 ἐστί.
479 2259 568 2298 Χωρὶς
581 2261 688 2300 τροφῆς,
703 2259 782 2300 φησὶ,
796 2259 887 2300 ἔθρεψε
895 2271 902 2279 ·

135 2307 218 2347 χωρὶς
230 2308 283 2336 τῶν
294 2308 446 2346 ἐνδυμάτων
457 2330 466 2344 ,
485 2311 566 2350 χωρὶς
577 2312 630 2340 τῶν
641 2311 728 2340 ἄλλων
740 2311 863 2341 ἁπάντων
873 2312 902 2341 οὗ

135 2359 260 2399 διεφθάρη
275 2371 319 2398 μοι
345 2359 376 2389 τὸ
400 2361 486 2400 σῶμα.
513 2362 655 2399 Ἐννόησον
669 2359 721 2397 οἶος
738 2359 769 2400 ἧν
790 2364 903 2394 ἐπανιὼν

135 2412 188 2441 ἀπὸ
206 2414 254 2447 τῆς
268 2412 367 2452 ἐρήμου
378 2413 443 2453 πρὸς
456 2413 503 2450 τὴν
512 2415 657 2454 βασιλείαν.
671 2417 749 2456 Αὐτῷ
761 2415 903 2457 γὰρ,φησὶ,

135 2465 173 2504 τῷ
187 2467 270 2505 καιρῷ
285 2467 311 2494 αἱ
326 2465 415 2505 φρένες
431 2477 479 2505 μου
494 2467 696 2508 ἐπεστράφησαν
708 2491 716 2506 ,
739 2468 784 2498 καὶ
807 2470 850 2503 εἰξ
857 2470 904 2506 τὴν

136 2516 215 2555 τιμὴν
228 2518 274 2552 τῆς
287 2517 420 2556 βασιλείας
431 2527 480 2557 μου
493 2514 572 2555 ’ἦλθον
583 2531 590 2538 ·
599 2519 644 2550 καὶ
655 2522 672 2556 ἡ
683 2520 770 2562 μορφή
780 2532 829 2561 μου
840 2521 904 2552 ἐπέ-

954 276 1082 308 potestas
1092 271 1154 310 ejus
1162 277 1289 310 potestas
1298 276 1418 307 oeterna,
1427 276 1456 299 et
1465 280 1585 310 regnum
1596 271 1659 309 ejus
1668 272 1699 299 in

955 318 1171 355 generationem
1185 323 1213 346 et
1226 318 1451 356 generationem.
1474 317 1522 345 52.
1540 317 1581 345 Et
1600 327 1699 346 omnes

957 363 1136 392 habitatores
1146 370 1239 400 terret,
1249 365 1334 403 quasi
1349 363 1475 392 nihilum
1486 364 1613 401 reputati
1620 370 1698 392 sunt.

956 409 998 437 Et
1003 410 1092 448 juxta
1100 410 1285 439 voluntatem
1292 419 1376 439 suam
1376 409 1460 451 facit
1468 410 1498 437 in
1508 410 1615 438 virtute
1624 409 1698 443 caeli,

956 460 984 483 et
995 456 1027 484 in
1039 455 1220 484 habitatione
1234 462 1315 485 terrae
1330 467 1338 484 .-
1351 461 1379 484 et
1398 465 1457 484 non
1469 460 1511 484 est
1523 455 1573 494 qui
1585 456 1699 483 resistat

956 503 1060 530 manui
1070 503 1142 541 ejus,
1159 508 1188 531 et
1201 503 1281 532 dieat
1292 505 1318 532 ei
1327 515 1335 531 :
1350 501 1555 541 Quare-fecisti
1564 503 1577 528 Ρ
1592 501 1699 529 Oculos

957 558 1047 584 meos,
1063 547 1161 587 inquit,
1175 550 1206 578 in
1218 549 1319 578 coelum
1334 549 1439 578 levavi.
1449 549 1507 578 Hoc
1521 554 1571 584 est,
1588 547 1657 576 adiit
1674 554 1699 576 et

956 600 1078 633 precatus
1090 600 1129 624 est
1156 595 1255 630 Deum,
1270 601 1297 624 et
1318 594 1381 624 inde
1404 594 1538 623 auxilium
1561 589 1697 632 quaesivit.

955 642 1126 681 Quamquam
1149 649 1254 682 tempus
1275 642 1438 682 completum
1451 642 1530 678 foret,
1547 651 1599 670 non
1613 641 1699 671 eonfi—

954 687 1035 717 debat
1047 695 1146 718 tament
1161 688 1237 718 Sicut
1251 688 1322 718 enim
1342 688 1368 717 in
1383 687 1470 728 ipsius
1482 693 1610 727 potestate
1632 694 1698 724 erat,

957 741 986 763 ιιι
999 744 1051 763 non
1059 734 1156 764 sineret
1166 745 1207 764 res
1221 735 1248 764 in
1257 735 1381 764 effectum
1394 734 1521 764 devenire
1538 745 1544 762 τ
1558 734 1594 763 ita
1607 734 1699 768 etiam,

955 781 977 809 si
989 787 1108 820 tempore
1118 781 1192 820 quod
1204 780 1345 810 definitum
1357 781 1443 810 fuerat
1456 780 1600 820 completo,
1616 780 1701 810 incor-

956 833 1044 856 rectus
1057 827 1207 865 mansisset,
1219 827 1289 856 nihil
1310 827 1361 868 ipsi
1371 827 1514 867 profuisset
1530 827 1578 856 illa
1595 833 1700 866 tempo—

956 873 994 902 ris
1006 873 1138 904 definitio.
1149 875 1219 904 Nam
1237 874 1366 904 sententia
1381 875 1431 905 Dei
1445 884 1496 903 non
1511 873 1546 903 ad
1561 874 1701 903 necessita-

956 966 1080 1004 quamvis
1092 973 1197 1006 tempus
1220 966 1361 1006 impletum
1386 973 1464 1003 esset,
1477 966 1574 997 merito
1587 972 1654 1003 orat,
1668 977 1701 996 ne

956 1011 1096 1041 accedente
1110 1012 1222 1049 malitia,
1235 1013 1324 1042 adhue
1338 1023 1423 1053 poenae
1433 1024 1464 1043 ac
1474 1008 1588 1054 tempori
1602 1012 1702 1053 adjun-

957 1065 1035 1097 gatur
1048 1058 1126 1097 quid.
1137 1054 1205 1088 Nam
1216 1058 1284 1089 sicut
1297 1070 1331 1089 ex
1345 1060 1509 1090 humanitate
1523 1059 1551 1089 id
1560 1060 1700 1100 contingit,

956 1104 1182 1143 quemadmodum
1190 1105 1216 1134 in
1229 1105 1347 1135 Ezekia:
1363 1106 1398 1135 ita
1409 1107 1471 1136 etin
1486 1106 1626 1147 punitione
1640 1107 1700 1136 fieri

957 1161 1005 1190 par
1018 1157 1067 1187 est,
1080 1157 1110 1180 ut
1123 1158 1149 1180 et
1162 1151 1190 1180 in
1207 1151 1310 1183 Judaeis
1325 1164 1333 1181 ε
1349 1152 1456 1182 volebat
1468 1163 1513 1182 eos
1528 1154 1599 1182 Deus
1611 1152 1701 1182 statim
1713 1160 1735 1187 1,.
1749 1159 1806 1185 Πομ.
1819 1166 1854 1180 zm.

958 1196 984 1225 in
999 1196 1166 1227 Palaestinam
1180 1197 1268 1226 redire
1282 1209 1288 1226 :
1305 1197 1346 1226 illi
1359 1197 1536 1238 quadraginta
1553 1210 1636 1229 annos
1649 1199 1702 1229 sibi

956 1241 1038 1282 adjici
1047 1253 1095 1282 per
1108 1242 1276 1282 iniquitatem
1287 1253 1365 1272 suam
1383 1251 1548 1274 meruerunt.
1562 1245 1636 1275 Vide
1650 1256 1701 1275 au—

965 1295 1019 1317 tem
1030 1288 1110 1317 illum
1120 1289 1263 1328 confugere
1273 1288 1307 1318 ad
1313 1290 1412 1318 Deum.
1419 1287 1557 1330 Suspexi,
1567 1290 1664 1330 inquit,
1678 1291 1704 1321 in

958 1333 1067 1371 caelum,
1075 1340 1101 1364 et
1110 1345 1202 1364 rursus
1212 1335 1297 1364 factus
1305 1345 1364 1365 sum
1376 1335 1468 1365 homo.
1481 1338 1522 1366 Et
1521 1337 1628 1378 forma
1640 1349 1705 1367 mea

956 1391 1073 1411 reversa
1086 1387 1129 1410 est
1142 1381 1184 1410 ad
1202 1392 1258 1411 me.
1273 1381 1508 1419 Quemadmodum
1530 1383 1615 1413 forma
1628 1384 1703 1413 illins

957 1427 1073 1457 multum
1086 1426 1198 1466 quidem
1211 1428 1245 1457 ah
1258 1428 1376 1458 humana
1388 1435 1447 1458 erat
1467 1436 1568 1459 mutata
1576 1442 1584 1467 ;
1594 1440 1646 1460 non
1662 1438 1701 1460 tn-

960 1483 1021 1503 men
1035 1473 1062 1502 in
1087 1473 1200 1503 bestiam
1223 1484 1369 1504 conversus
1394 1474 1480 1505 fuerat
1494 1487 1501 1504 z
1523 1475 1560 1505 ita
1582 1483 1608 1506 et
1628 1488 1703 1506 mens

957 1519 1041 1549 illius.
1056 1519 1093 1550 Et
1105 1519 1195 1559 quid?
1210 1520 1332 1550 Laudavi
1344 1527 1370 1550 et
1383 1520 1545 1560 glorificavi.
1558 1522 1702 1559 Quodnam

957 1565 1089 1595 indicium
1099 1566 1113 1595 ἱ)
1137 1565 1325 1597 Altissimum
1342 1590 1350 1605 ,
1383 1567 1481 1606 inquit,
1507 1570 1654 1608 benedixi,
1674 1577 1701 1600 et

956 1614 1104 1641 viventem
1125 1612 1157 1641 in
1180 1613 1290 1642 soecula
1305 1613 1439 1651 laudavi,
1463 1624 1500 1643 ae
1525 1615 1699 1655 glorificavi.

956 1658 1034 1688 Nihil
1051 1658 1123 1688 enim
1134 1659 1170 1688 ita
1184 1659 1299 1700 dignum
1312 1661 1369 1689 Deo
1382 1671 1439 1690 esse
1456 1668 1578 1701 putatur,
1595 1670 1624 1693 ut
1637 1675 1699 1704 pei·-

956 1712 1038 1745 petuo
1051 1705 1189 1735 exsistere.
1202 1708 1279 1742 Quia
1286 1712 1414 1746 potestas
1425 1709 1499 1747 ejus,
1513 1709 1610 1748 inquit,
1619 1718 1700 1750 pote-

956 1758 1016 1781 stas
1030 1758 1183 1787 aeterna‚et
1198 1761 1317 1792 regnum
1327 1754 1390 1793 ejus
1403 1754 1435 1782 in
1449 1758 1663 1793 generationem
1674 1764 1703 1786 et

956 1799 1184 1837 generationem.
1201 1798 1336 1835 Quoniam
1356 1799 1383 1828 in
1398 1810 1430 1829 eo
1443 1800 1611 1840 potissimum
1621 1803 1702 1834 homo

957 1844 991 1873 ab
1005 1844 1054 1874 illo
1067 1843 1243 1882 distinguitur
1258 1856 1264 1873 ε
1277 1852 1303 1874 ct
1314 1845 1366 1875 hoc
1378 1853 1434 1875 erat
1446 1847 1519 1886 quod
1528 1849 1601 1888 apud
1611 1849 1700 1879 homi-

957 1900 1003 1920 nes
1016 1890 1291 1920 beatumhabebatur.
1305 1891 1381 1930 Quia
1385 1899 1513 1931 potestas
1523 1896 1700 1934 ejusfinquh,

953 1943 1081 1976 potestas
1102 1942 1222 1974 oeeerna,
1236 1937 1264 1966 in
1286 1948 1365 1967 omne
1377 1945 1485 1979 tempus
1507 1941 1623 1971 exsistit.
1639 1943 1702 1972 Sine

919 2006 938 2030 c
956 1983 1027 2020 cibo,
1041 1982 1089 2020 ait,
1101 1993 1144 2012 me
1157 1982 1272 2013 nutrivit
1288 1995 1296 2012 z
1310 1984 1368 2013 sine
1382 1985 1558 2023 vestimentis,
1571 1988 1629 2017 sine
1641 1988 1702 2017 aliis

956 2030 1082 2060 omnibus
1095 2030 1177 2060 rebus
1189 2038 1350 2071 eoi-ruptum
1362 2041 1416 2061 non
1433 2039 1472 2062 est
1485 2044 1574 2063 meum
1587 2046 1652 2076 corp
1658 2046 1698 2064 us

956 2077 1050 2116 Cogita
1064 2076 1153 2116 qualis
1163 2083 1232 2113 erat,
1248 2077 1314 2107 dum
1327 2088 1342 2107 a
1356 2077 1462 2108 deserto
1476 2078 1510 2108 ad
1532 2090 1644 2119 regnum
1659 2092 1701 2110 re-

955 2121 1016 2151 diit.
1031 2122 1081 2153 55.
1103 2122 1150 2151 Eo
1170 2124 1259 2159 enim,
1279 2123 1379 2162 inquit,
1395 2129 1520 2163 tempore
1543 2136 1624 2155 mens
1638 2137 1703 2155 men

956 2177 1071 2198 reversa
1082 2173 1123 2200 est
1138 2174 1185 2197 :et
1195 2169 1236 2197 ad
1244 2169 1383 2198 honorem
1397 2172 1479 2209 regni
1494 2171 1552 2199 mei
1563 2173 1635 2201 veni
1649 2185 1656 2200 :
1675 2179 1701 2200 et

947 2215 1054 2256 forma
1064 2224 1129 2244 mea
1137 2215 1271 2244 rediitad
1280 2221 1377 2244 mewt
1388 2218 1514 2254 tyranni
1522 2219 1589 2255 mei,
1600 2224 1627 2247 el
1635 2220 1703 2258 opti-

957 2267 1047 2290 mates
1058 2261 1114 2289 mei
1127 2262 1304 2300 quoesierunt
1314 2271 1360 2290 me
1372 2273 1380 2290 .·
1396 2268 1424 2291 et
1435 2264 1466 2290 in
1478 2272 1597 2302 regnum
1611 2275 1703 2292 meum

955 2303 1143 2344 confirmatus
1154 2314 1219 2333 sum
1229 2316 1236 2332 :
1247 2310 1275 2333 et
1286 2306 1457 2345 magnitudo
1469 2307 1593 2346 amplior
1602 2307 1706 2337 addita

956 2354 998 2378 est
1011 2349 1094 2378 mihi.
1112 2349 1153 2377 Et
1165 2350 1342 2389 quaesierunt
1362 2349 1537 2387 me,inquit‚
1554 2352 1705 2388 optimates

958 2393 1028 2429 mei;
1040 2393 1088 2431 qui
1102 2392 1284 2421 dominantem
1298 2403 1328 2421 ac
1342 2399 1496 2430 regnantem
1511 2393 1669 2432 expuicrnnt
1681 2401 1705 2422 et

957 2436 1081 2466 oderant.
1092 2436 1180 2475 quue
1190 2447 1224 2465 cx
1237 2436 1344 2465 decreto
1359 2436 1419 2464 Dei.
1433 2435 1497 2464 Ideo
1517 2437 1588 2465 enim
1603 2443 1707 2477 teinpus

957 2480 1097 2517 definitur,
1104 2491 1136 2509 ne
1145 2480 1281 2509 existimes
1290 2480 1437 2518 quidquam
1449 2480 1556 2509 soi-tuito
1569 2481 1698 2510 evenisse

958 2524 999 2553 Et
1010 2534 1128 2564 regnum
1142 2523 1222 2553 illius
1234 2525 1265 2552 in
1277 2524 1491 2563 generationem
1506 2530 1531 2551 el
1545 2531 1708 2563 generatio-

1500 2576 1544 2604 18.

1035 919 1082 949 scd
1093 919 1128 949 ad
1139 931 1180 949 res
1191 927 1294 950 nostras
1309 920 1479 959 exprifflitur.
1493 922 1532 950 Ita
1552 927 1579 949 et
1592 921 1700 958 Daniel,
1712 927 1773 948 Dan.
1791 933 1814 955 9·
1834 926 1851 953 3.
