1890 2826
119 1830 250 1853 Jvan.21.5

120 1921 179 1943 unu.
198 1929 223 1943 v.
235 1921 258 1944 6.

118 2021 178 2043 ιῡῑιι.
189 2029 210 2044 v.
222 2024 247 2051 7:

272 186 341 234 576

962 198 1142 222 SEVERIAM

270 266 364 299 praeter
378 259 518 300 proprium
535 256 742 299 virumsltaque
761 260 812 292 hoc
828 259 939 300 quidem
951 259 1011 297 dixi
1028 262 1048 286 Β
1063 260 1232 301 αἰσχύνεσθαι
1246 264 1284 302 τῷ
1296 264 1403 303 γυμνῷ,
1418 264 1562 294 ἀθανασίαν
1576 260 1643 301 ἦσαν
1656 264 1830 303 ἐνδεδυμένοι,

270 305 417 336 secundum
441 306 548 347 legem:
564 318 644 338 causa
664 314 771 345 autem,
795 318 844 338 cur
865 307 933 338 nudi
957 317 1010 337 non

269 353 466 390 erubescerent,
485 360 542 383 erat
555 353 636 394 'quod
655 354 854 385 immortalitate
867 362 953 385 essent
968 354 1011 384 in-

270 398 341 435 duti,
357 397 442 439 gloria
455 399 557 429 amicti.
575 401 637 430 Non
656 400 762 430 sinebat
780 400 876 441 gloria,
888 408 918 431 ut
938 400 1011 430 nuda

269 445 426 475 viderentur
441 457 448 474 ε
464 445 522 486 ipsa
535 446 606 476 enim
626 446 774 478 nuditatem
791 447 942 487 obtegebat.
954 448 1011 478 Ubi

268 492 370 532 poteris
383 491 487 521 nudum
500 492 592 523 videre
613 495 703 528 virum
722 504 774 526 non
792 494 1011 525 erubescentem?

270 539 301 568 In
315 537 422 568 Christo
434 537 525 578 ipsum
535 539 651 575 invenis.
663 540 747 572 Venit
754 542 850 571 Petrus
858 547 884 570 et
894 542 1010 572 Joaunes

269 591 295 613 et
305 583 423 614 Jacobus
439 584 467 614 iu
480 579 695 623 monumentum,
705 594 854 626 quarentes
866 597 975 627 corpus,
984 595 1010 618 et

269 641 322 659 non
335 630 507 668 invenerunt,
520 631 568 662 sed
583 631 741 663 invenerunt
760 633 916 664 vestimenta
929 634 1007 664 invo-

269 677 337 714 luta,
357 683 387 706 ut
402 677 596 715 ostenderetur,
611 686 671 719 post
682 680 902 710 resurrectionem
925 681 1008 711 Chri-

267 723 313 760 sti,
325 723 352 753 in
366 723 425 763 ipso
439 724 541 754 servari
558 732 674 755 veterem
688 725 785 755 Adami
798 726 923 763 sonuum,
935 737 1009 756 esse-

268 779 320 807 que
332 769 390 798 sine
418 769 594 807 vestimentis,
618 781 672 800 non
705 771 810 801 nudum
836 778 937 809 tamen,
961 772 1009 802 sed

267 814 405 844 vestitum.
428 815 552 845 Surrexit
581 816 709 847 Christus
720 839 730 854 ,
760 817 888 857 exuitque
921 818 1010 848 vesti-

267 867 355 890 menta
365 871 425 900 quae
436 861 556 892 Adamus
572 862 706 900 induerat,
721 870 831 902 eratque
843 863 945 901 nudus,
961 874 1010 894 nee

267 905 357 935 nudus
373 907 540 937 cernebatur.
558 909 624 938 Post
641 909 863 938 resurrectionem
882 910 1010 939 mulieres

266 951 421 982 vestimenta
431 953 549 994 projecta
557 953 659 984 vident.
670 955 779 984 Martha
787 962 813 985 et
820 956 908 985 Maria
915 956 1011 987 vident

266 1007 340 1033 eum,
363 1006 525 1037 agnoscunt,
550 1000 751 1040 procumbunt,
774 1007 801 1031 et
825 1000 931 1032 nudum
955 1012 1010 1032 non

267 1042 368 1073 vident.
385 1044 466 1074 Unde
486 1052 574 1082 vestes
596 1046 707 1076 induit?
719 1046 852 1076 Amiserat
870 1047 943 1077 enim
965 1059 1011 1078 eos

267 1088 294 1117 in
307 1097 488 1120 monumento.
502 1091 595 1121 Priora
605 1092 762 1122 vestimenta
774 1092 922 1123 diviserant
934 1094 1010 1124 mili-

267 1142 315 1164 tes.
340 1135 484 1166 Undenam
497 1137 641 1167 induitur?
665 1138 737 1168 unde
758 1138 805 1178 qui
828 1138 930 1175 nudus,
956 1150 1011 1173 non

268 1181 378 1211 nudus?
393 1182 477 1212 Aliud
484 1193 584 1222 quaero.
598 1184 655 1214 Cur
666 1185 823 1215 vestimenta
834 1191 860 1214 et
871 1185 1012 1216 sindonem

268 1227 295 1256 in
310 1238 362 1257 una
375 1235 452 1267 parte
460 1229 598 1266 viderunt,
613 1229 755 1260 sudarium
767 1241 843 1267 vero,
858 1242 912 1270 quo
931 1240 1013 1272 caput

267 1274 417 1303 Servatoris
427 1274 550 1304 vinctum
557 1275 653 1312 fuerat,
666 1276 692 1305 in
700 1276 753 1305 alia
762 1283 837 1316 parte
844 1277 858 1306 Ρ
869 1279 908 1307 Ut
918 1277 1012 1308 divina

268 1318 354 1358 gratia
367 1319 560 1358 ostenderetur,
576 1321 701 1360 quodque
715 1322 772 1351 sine
786 1323 906 1352 tumultu
919 1334 1012 1353 resur—

267 1364 349 1394 rectio
364 1365 468 1395 suisset.
485 1366 522 1395 Et
541 1366 605 1405 quia
626 1378 762 1397 rumorem
781 1368 871 1398 Judaei
893 1370 1014 1409 sparsuri

267 1417 341 1440 erant
352 1434 360 1448 ,
381 1411 531 1452 discipulos
554 1412 644 1453 ipsum
667 1413 769 1443 furatos
791 1425 858 1450 esse,
885 1415 1015 1455 relinquit

268 1457 426 1487 vestimenta
438 1468 487 1487 sua
501 1458 529 1487 in
542 1466 725 1489 monumento.
739 1460 810 1489 Nam
817 1460 865 1499 qui
878 1467 1015 1490 mortuum

267 1503 383 1538 furatur,
397 1503 488 1543 ipsum
507 1514 570 1533 cum
587 1504 753 1535 vestimentis
772 1506 889 1536 furatur.
901 1506 1015 1538 Videre-

268 1558 321 1587 que
345 1556 402 1579 erat
426 1550 594 1580 Servatorem
619 1550 799 1590 egredientem
818 1562 852 1581 ex
879 1552 1014 1592 sepulcro,

268 1594 338 1624 sicut
354 1595 502 1636 Josephum
524 1607 559 1625 ex
571 1595 651 1626 domo
663 1597 810 1637 AEgyptiae.
824 1598 861 1627 Et
873 1598 936 1628 vide
947 1598 1016 1628 mihi

267 1640 447 1671 differentiam
461 1654 467 1670 ι
485 1649 545 1682 post
557 1642 778 1673 resurrectionem
790 1643 866 1674 visus
879 1651 919 1674 est
932 1644 1014 1675 Chri-

268 1693 325 1716 stus
339 1687 440 1723 nudus,
455 1694 483 1717 et
495 1689 590 1718 Petrus
603 1688 695 1718 nudus
711 1701 718 1717 z
734 1700 828 1719 verum
844 1689 892 1719 ille
904 1690 1015 1729 quidem

268 1734 467 1764 immortalitate
486 1734 616 1775 praeditus
637 1742 705 1771 erat,
720 1735 765 1765 hie
788 1743 877 1766 autem
894 1737 1015 1767 mortalis

269 1779 359 1809 adhue
372 1787 438 1810 erat.
451 1781 530 1810 Jesus
543 1780 629 1810 stabat
640 1780 668 1810 in
679 1781 769 1817 litore,
782 1782 869 1821 gloria
889 1782 1013 1821 indutus,

253 1847 260 1855 .
270 1824 361 1855 dicens
372 1838 379 1854 t
390 1826 474 1862 Filii,
490 1837 561 1855 num
573 1826 646 1866 quid
657 1829 770 1865 opsonii
789 1828 903 1858 habetis
917 1831 930 1856 ?
941 1824 1013 1867 Non,

271 1871 409 1910 inquiunt,
422 1882 475 1901 non
488 1872 617 1901 habemus
629 1883 636 1900 τ
649 1882 702 1901 non
713 1873 785 1902 enim
797 1881 925 1904 noverant
938 1886 1012 1904 eum.

271 1916 375 1946 Deinde
386 1917 453 1946 dicit
466 1929 472 1945 ι
489 1915 600 1946 Mittite
610 1919 642 1946 in
656 1918 807 1948 dexteram
823 1921 934 1960 navigii
945 1931 1015 1960 par-

273 1969 339 1992 tem.
348 1963 491 2000 Miserunt,
501 1973 532 1992 ac
542 1963 677 2002 ingentem
686 1964 803 2004 piscium
813 1965 1016 1996 multitudinem

271 2015 407 2048 ceperunt·
417 2008 545 2048 Agnoscit
557 2009 684 2046 Joannes,
696 2016 722 2038 et
732 2009 797 2039 dicit
809 2011 897 2047 Petro,
911 2011 1015 2040 Domi-

271 2065 326 2084 nus
358 2061 411 2084 est.
428 2056 453 2084 O
475 2054 636 2084 miraculum
651 2055 658 2084 ἔ
698 2056 758 2085 Non
781 2056 951 2095 agnoverunt
979 2068 1013 2088 ex

270 2110 346 2135 voce,
358 2099 404 2129 sed
418 2110 452 2129 ex
465 2100 601 2139 operibus.
617 2101 658 2130 Et
669 2103 783 2138 sumsit,
797 2102 894 2141 inquit,
910 2104 1017 2133 Petrus

271 2147 400 2175 tunicam
421 2159 430 2175 :
454 2152 516 2175 crat
544 2148 623 2175 enim
648 2147 754 2176 medus.
778 2149 894 2178 Mortale
919 2160 1018 2189 corpus

270 2192 412 2228 erubescit,
427 2192 577 2221 immortale
589 2202 642 2221 non
655 2193 799 2222 erubescit.
813 2195 918 2224 Verum
932 2196 957 2225 ei
969 2196 1018 2235 qui

271 2248 320 2267 nos
333 2238 418 2278 gloria
431 2237 531 2274 induit,
547 2245 571 2267 et
585 2238 632 2277 qui
646 2238 739 2267 orbem
751 2238 839 2268 induit
854 2239 1018 2270 immortali-

272 2291 336 2321 tate,
348 2283 414 2313 huic
431 2283 615 2324 procidamus,
630 2284 696 2313 huie
709 2285 902 2325 supplicemus,
918 2294 948 2316 ut
970 2298 1017 2317 nos

273 2329 367 2359 induat
381 2329 445 2366 fide,
467 2340 515 2370 spe
533 2329 639 2367 salutis,
654 2330 741 2369 gloria
758 2330 785 2359 in
806 2331 934 2362 Christo:
949 2345 1017 2372 quo-

273 2374 345 2403 niam
358 2375 431 2404 Patri
442 2374 539 2415 gloria,
553 2385 615 2404 eum
631 2375 767 2415 unigenito
784 2376 857 2406 Filio
876 2384 903 2407 et
927 2386 1018 2408 sancto

272 2421 386 2461 Spiritu,
401 2431 472 2451 nunc
485 2428 512 2451 et
524 2431 641 2461 semper,
651 2428 682 2452 -et
694 2421 721 2452 iu
733 2422 831 2452 saecula
843 2424 1015 2455 saeculorum.

274 2469 369 2496 Amen.

304 2573 314 2584 δ
333 2565 425 2596 [Savil.
437 2566 501 2599 couj-
514 2569 569 2600 παρ’
582 2569 638 2592 ἀλλο
649 2567 745 2601 μέρος.]

1063 305 1138 341 δόξαν
1152 307 1344 346 ἐστολισμένοι.
1365 310 1407 339 Οὐ
1419 309 1564 350 συνεχώρει
1577 312 1594 346 ἡ
1606 310 1670 344 δόξα
1685 311 1828 350 βλέπεσθαι

1062 351 1096 382 τὰ
1105 353 1203 392 γυμνὰ,
1217 355 1284 391 αὕτη
1295 354 1347 395 γὰρ
1355 355 1450 386 ἔσκε-πε
1459 355 1508 391 τὴν
1520 356 1682 396 γυμνότητα.
1694 358 1751 387 Ποῦ
1766 357 1828 396 δύνῃ

1062 398 1142 428 πάλιν
1157 399 1220 428 ἰδεῖν
1235 399 1371 440 ἄνθρωπον
1384 400 1483 441 γυμνὸν
1503 401 1549 432 καὶ
1567 401 1606 441 μὴ
1623 402 1829 442 αἰσχυνόμενον;

1062 443 1111 474 Ἐν
1129 447 1168 484 τῷ
1190 446 1298 486 Χριστῷ
1310 446 1388 476 αὐτὸν
1402 446 1540 487 εὑρίσκεις.
1557 443 1644 478 ’Ἦλθε
1662 448 1765 488 Πέτρος
1784 448 1830 477 καὶ

1063 489 1187 527 Ἰωάννης
1201 491 1246 521 καὶ
1260 491 1385 527 Ἰάκωὸος
1398 494 1435 527 εἰς
1445 493 1476 523 τὸ
1490 498 1630 533 μνημεῖον,
1650 495 1787 530 ζητοῦντα
1798 494 1830 523 τὸ

1062 538 1150 574 σῶμα,
1157 537 1202 566 καὶ
1209 539 1259 578 οὐχ
1268 534 1351 578 εὗρον·
1360 540 1418 569 ἀλλ’
1429 535 1503 580 εὗρον
1513 539 1607 579 ἱμάτια
1617 539 1829 580 ἑντετυλιγμίνοι,

1061 581 1103 611 ἵνα
1123 583 1231 623 δειχθῇ,
1245 583 1300 621 ὅτι,
1318 585 1386 624 μετὰ
1403 585 1455 622 τὴν
1464 586 1608 616 ἀνάστασιν
1625 590 1671 616 τοῦ
1692 587 1829 628 Χριστοῦ,

1062 629 1228 664 ἀποσώζεται
1241 631 1268 659 ἔν
1282 631 1355 671 αὐτῷ
1368 631 1400 661 τὸ
1421 633 1531 672 ἀρχαῖον
1544 634 1639 671 σχῆμα
1660 635 1707 662 τοῦ
1730 631 1828 671 Ἀδὰμ,

1063 675 1108 704 καὶ
1122 675 1222 715 γίνεται
1237 676 1312 710 ἐκτὸς
1324 677 1447 716 ἱματίων,
1455 678 1484 707 οὔ
1494 677 1600 717 γυμνὸς,
1613 678 1672 707 ἀλλ’
1682 677 1830 717 ἠμφιεσμέ-

1027 727 1046 751 C
1062 732 1114 755 νος.
1128 721 1252 762 Ἠγέρθη,
1270 723 1396 762 Χριστὸς,
1418 723 1463 752 καὶ
1484 723 1628 753 ἀποδύεται
1640 723 1674 753 τὰ
1695 723 1790 763 ἱμάτια
1812 723 1830 752 ἃ

1062 767 1201 797 ἐνεδύσατο
1214 770 1228 797 ὁ
1243 767 1343 808 Ἀδὰμ,
1358 769 1403 798 καὶ
1423 765 1455 805 ἦν
1471 769 1581 809 γυμνὸς,
1604 769 1649 799 καὶ
1668 769 1765 809 γυμνὸς
1783 771 1830 799 οὐκ

1062 813 1198 843 ἐὸλέπετο.
1220 814 1299 844 Μετὰ
1318 814 1366 851 τὴν
1388 815 1531 845 ἀνάστασιν
1543 819 1665 855 γυναῖκες
1681 814 1716 844 τὰ
1736 815 1831 854 ἱμάτια

1063 859 1204 899 βλέπωσιν
1231 861 1390 900 ἐῤῥιμμένα.
1421 861 1519 902 Μάρθα
1543 861 1589 891 καὶ
1613 861 1706 902 Μαρία
1735 863 1830 902 ὁρῶσιν

1062 905 1151 943 αὐτὸν,
1162 907 1327 946 γνωρίζουσι,
1340 907 1548 947 προσπίπτουσι,
1561 907 1607 938 καὶ
1615 908 1714 947 γυμνὸν
1727 907 1832 949 ota-§M-

1061 963 1150 982 πουσι.
1155 951 1240 983 Πόθεν
1250 952 1384 983 ἐνδίδυται
1394 953 1428 983 τὰ
1439 953 1533 992 ἱμάτια
1539 965 1548 990 ;
1562 953 1677 994 Ἐῤῥιψε
1686 953 1739 994 γὰρ
1752 955 1779 983 ἐν
1792 956 1832 994 τῷ

1062 997 1146 1038 τάφῳ.
1153 998 1197 1028 Τὰ
1203 1000 1297 1039 πρῶτα
1305 999 1399 1039 ἱμάτια
1405 999 1560 1040 ἐμερίσαντο
1567 1002 1738 1040 στρατιῶται.
1746 999 1833 1030 Πόθεν

1064 1043 1146 1078 οὕτως
1157 1044 1309 1081 ἐνδέδυταις
1330 1045 1408 1075 πόθεν
1420 1047 1434 1075 6
1444 1046 1543 1085 γυμνὸς
1556 1047 1585 1075 οὗ
1598 1046 1713 1086 γυμνός;
1731 1046 1785 1076 Καὶ
1803 1046 1834 1076 τὸ

1065 1090 1130 1119 ἄλλο
1144 1091 1228 1127 ζητῶ.
1242 1090 1322 1120 Διατί
1337 1086 1406 1122 εἶδον
1424 1091 1459 1120 τὰ
1484 1091 1578 1131 ἱμάτια
1594 1091 1640 1121 καὶ
1661 1092 1710 1128 τὴν
1729 1091 1833 1122 σινδόνα

1066 1137 1101 1169 εἷς
1114 1135 1142 1165 ἓν
1157 1135 1244 1177 μέρος,
1258 1136 1304 1166 καὶ
1317 1137 1348 1167 τὸ
1362 1137 1498 1178 σουδάριον
1511 1137 1603 1178 ’παρὰ
1618 1137 1705 1178 μέρος,
1722 1132 1745 1178 ᾧ
1757 1140 1775 1174 ἡ
1788 1149 1834 1167 κε-

1065 1181 1137 1221 φαλὴ
1151 1182 1252 1212 ἐδέδετο
1265 1184 1282 1218 ἡ
1297 1182 1443 1223 σωτήριοςς
1457 1183 1517 1213 Ἵνα
1534 1184 1625 1224 δειχθῇ
1638 1186 1656 1219 ἡ
1671 1183 1734 1223 ἁγία
1746 1183 1833 1224 χάρις,

1064 1227 1106 1256 ὅτι
1119 1228 1148 1256 οὖ
1163 1227 1231 1266 μετὰ
1237 1228 1347 1268 θορύὸου
1361 1231 1378 1264 ἡ
1390 1229 1541 1263 ἀνάστασις.
1555 1228 1610 1259 Καὶ
1620 1229 1710 1265 ἐπειδὴ
1725 1229 1834 1269 ἔμελλον

1031 1280 1050 1303 D
1065 1273 1187 1313 φημίζειν
1201 1275 1225 1303 ot
1239 1273 1378 1310 Ἰουδαῖοι,
1391 1274 1432 1304 ὅτι
1444 1275 1549 1311 ἔκλάπη
1560 1275 1612 1306 ὑπὸ
1624 1278 1677 1305 τῶν
1694 1278 1836 1315 μαθητῶν,

1066 1319 1261 1358 καταλιμπάνει
1281 1319 1315 1348 τὰ
1337 1321 1431 1359 ἱμάτια
1445 1323 1525 1351 αὐτοῦ
1543 1322 1571 1351 ἐν
1586 1323 1624 1362 τῷ
1637 1321 1722 1362 τάφῳ.
1736 1321 1772 1351 ‘0
1783 1321 1836 1362 γὰρ

1066 1364 1187 1395 κλέπτων
1201 1366 1302 1405 νεκρὸν,
1317 1365 1385 1404 μετὰ
1401 1368 1453 1395 τῶν
1467 1366 1580 1405 ἱματίων
1599 1367 1718 1397 κλέπτει.
1732 1363 1786 1397 Ἢν
1808 1369 1836 1398 δὲ

1067 1411 1129 1440 ἰδεῖν
1145 1411 1189 1441 τὸν
1207 1411 1322 1451 Σωτῆρα
1343 1411 1479 1446 ἐξελθόντα
1496 1413 1527 1441 ἐκ
1548 1415 1595 1442 τοῦ
1617 1412 1717 1453 τάφου,
1738 1415 1774 1447 ὡς
1791 1414 1836 1444 τὸν

1067 1456 1167 1497 Ἰωσὴφ
1180 1458 1211 1486 ἐκ
1223 1459 1270 1487 τοῦ
1285 1457 1356 1487 οἴκου
1374 1460 1422 1494 τῆς
1444 1458 1601 1498 Αἰγυπτίας.
1619 1458 1672 1488 Καὶ
1686 1458 1768 1499 βλέπε
1788 1459 1837 1496 τὴν

1067 1502 1211 1542 διαφοράν·
1233 1503 1300 1542 μετὰ
1319 1503 1369 1539 τὴν
1391 1503 1534 1534 ἀνάστασιν
1557 1504 1631 1544 ὤφθη
1654 1505 1769 1544 Χριστὸς
1791 1517 1837 1544 γυ-

1068 1548 1146 1587 μνὸς,
1160 1548 1205 1578 καὶ
1218 1548 1322 1589 Πέτρος
1331 1549 1442 1589 γυμνός·
1458 1550 1517 1579 ἀλλ’
1535 1551 1550 1579 ὃ
1568 1549 1616 1588 μὲν
1632 1545 1687 1590 εἶχε
1700 1550 1750 1586 τὴν
1770 1553 1836 1581 ἀθω-

1067 1594 1170 1631 νασίαν,
1183 1597 1198 1624 ὁ
1211 1594 1238 1624 δὲ
1253 1591 1285 1631 ἦν
1300 1594 1340 1624 ἔτι
1353 1594 1454 1630 θνητός.
1467 1595 1569 1634 Ἰησοῦς
1581 1595 1696 1631 εἱστήκει
1708 1595 1782 1636 παρὰ
1793 1597 1837 1626 τὸν

1066 1639 1196 1679 αἰγιαλὸν,
1215 1640 1261 1671 καὶ
1283 1640 1358 1675 δόξαν
1384 1641 1576 1681 ἠμφιεσμένος,
1597 1641 1700 1681 λέγων·
1720 1642 1838 1677 Παιδία,

1069 1685 1107 1725 μή
1121 1697 1148 1715 τι
1161 1686 1324 1726 προσφάγιον
1339 1687 1432 1726 ἔχετε;
1443 1686 1502 1723 Ob,
1516 1687 1648 1727 λέγουσιν,
1663 1690 1712 1718 οὔκ
1727 1688 1838 1728 ἔχομεν·

1067 1732 1098 1761 οὗ
1109 1731 1161 1772 γὰρ
1171 1732 1317 1772 ἐγνώρισαν
1337 1732 1426 1762 αὐτόν.
1448 1727 1517 1762 Εἶτα
1532 1732 1618 1772 λέγει·
1638 1733 1739 1763 Βάλετε
1756 1736 1792 1767 εἰς
1805 1735 1840 1763 τὰ

1034 1789 1052 1812 Ε
1068 1777 1140 1812 δεξιὰ
1155 1777 1224 1818 μέρη
1237 1780 1284 1807 τοῦ
1298 1778 1403 1808 πλοίου.
1418 1778 1548 1816 Ἔὸαλον,
1563 1778 1609 1809 καὶ
1627 1779 1758 1819 ἔθήρασαν
1772 1779 1840 1809 πολὺ

1067 1824 1176 1858 πλῆθος.
1190 1823 1317 1864 Γνωρίζει
1328 1823 1454 1860 Ἰωάννης
1463 1846 1471 1861 ,
1486 1824 1532 1854 καὶ
1545 1824 1666 1865 λέγειτῷ
1682 1825 1792 1866 Πέτρῳ·
1805 1825 1840 1855 Ὁ

1068 1870 1165 1910 Κύριός
1180 1872 1260 1901 ἐστιν.
1275 1869 1313 1900 Ὠ
1326 1874 1372 1900 τοῦ
1388 1870 1528 1910 θαύματος.
1543 1871 1608 1902 Ἀπὸ
1627 1873 1675 1907 τῆς
1694 1874 1781 1912 φωνῆς
1792 1872 1840 1901 οὒκ

1069 1916 1223 1956 ἐγνώρισαν,
1234 1917 1294 1946 ἀλλ’
1307 1917 1360 1946 α’πὸ
1372 1918 1425 1946 τῶν
1439 1917 1531 1957 ἔργων.
1545 1917 1600 1948 Καὶ
1618 1917 1711 1953 ἔλαὸε,
1724 1918 1813 1958 φησὶν,
1827 1920 1841 1947 ὁ

1069 1962 1170 2002 Πέτρος
1188 1963 1233 1992 τὸν
1253 1962 1396 1998 ἐπενδύτην
1407 1975 1414 1982 ·
1435 1958 1468 1998 ἦν
1487 1963 1539 2003 γὰρ
1555 1964 1663 2003 γυμνός.
1686 1963 1727 1993 Τὸ
1748 1964 1841 1999 θνητὸν

1069 2009 1148 2046 σῶμα
1162 2007 1331 2047 αἰσχύνεται,
1345 2008 1377 2038 τὸ
1391 2008 1519 2038 ἀθάνατον
1528 2010 1576 2038 οὐκ
1587 2009 1750 2049 αἰσχύνεται.
1763 2009 1843 2039 Ἀλλὰ

1069 2055 1108 2093 τῷ
1124 2053 1261 2083 ἐνδύσαντι
1274 2055 1346 2092 ἡμᾶς
1356 2053 1442 2091 δόξαν,
1457 2055 1495 2094 τῷ
1508 2053 1645 2084 ἐνδύσαντι
1653 2054 1703 2090 τὴν
1717 2055 1839 2094 οἰκουμέ-

1069 2111 1117 2135 νην
1136 2099 1290 2136 ἀθανασίαν,
1306 2099 1392 2140 τούτῳ
1411 2100 1614 2140 προσπέσωμεν,
1629 2104 1721 2130 τοῦτον
1738 2104 1843 2131 καθικε-

1069 2146 1214 2185 τεύσωμεν,
1225 2146 1268 2175 ἵνα
1281 2146 1376 2185 ἐνδύσῃ
1389 2148 1462 2185 ἡμᾶς
1474 2146 1579 2183 πίστιν,
1588 2147 1683 2176 ἐλπίδα
1696 2148 1841 2187 σωτηρίας,

1070 2191 1147 2226 δόξαν
1160 2191 1209 2227 τὴν
1222 2193 1248 2221 ἐν
1260 2192 1383 2232 Χριστῷ·
1396 2192 1437 2221 ὅτι
1455 2194 1494 2232 τῷ
1516 2192 1606 2232 Πατρὶ
1619 2195 1637 2228 ἡ
1651 2192 1729 2230 δόξα,
1744 2193 1791 2223 σὺν
1804 2195 1843 2233 τῷ

1070 2242 1204 2277 μονογενεῖ
1221 2238 1278 2278 Υῖῷ
1299 2238 1345 2267 καὶ
1366 2239 1404 2278 τῷ
1419 2238 1486 2278 ἁγίῳ
1496 2237 1650 2277 Πνεύματι,
1660 2241 1708 2268 νῦν
1722 2238 1767 2269 καὶ
1780 2239 1822 2268 ἀεὶ
1833 2262 1841 2276 ,

1070 2283 1116 2313 καὶ
1129 2285 1165 2318 εἷς
1179 2283 1238 2318 τοὺς
1253 2286 1350 2318 αἰῶνας
1362 2285 1416 2313 τῶν
1431 2283 1544 2314 αἰώνων.
1558 2284 1649 2323 Ἀμήν.
