1890 2826
252 253 321 301 570
935 264 1119 288 smmum

249 327 353 361 Edem,
367 328 491 366 irrigans
500 326 681 365 paradisum.
694 325 764 356 Hinc
771 302 913 355 ‹lisce'non-
923 325 988 355 bor-

249 372 337 400 tulum
344 372 426 401 fuisse
434 366 600 412 paradisum,
614 367 862 411 angustisterminis
873 370 990 401 circum-

249 418 391 457 scriptum.
419 418 533 447 Fluvius
553 423 644 451 tantus
658 416 798 456 irrigabat,
823 423 853 446 ut
869 416 906 456 'ex
930 417 990 456 ejus

141 461 240 483 rmum
249 463 425 493 redundantia
431 470 546 502 quatuor
559 462 639 492 ssuvii
650 462 797 492 orirentur.
806 462 933 492 Flavius
940 472 992 492 au-

97 531 152 552 quae.

248 601 276 630 in
286 608 401 640 quatuor
415 601 518 641 capita;
533 601 560 630 in
581 600 699 640 Tigrim,
713 600 741 630 in
754 600 860 638 Nilum,
877 601 905 630 in
928 601 988 630 Eu-

247 647 381 686 phratem,
397 654 422 676 et
434 647 462 676 in
471 647 625 684 Phisoncm,
637 646 676 677 sic
685 646 713 676 in
720 646 860 688 Scriptura
873 646 988 684 dictum,

247 704 328 731 quem
341 703 414 723 nunc
426 700 523 723 vocant
537 693 705 723 Danubium.
775 692 779 696 '

286 741 316 769 6.
332 739 406 770 Vide
419 739 631 780 magnitudinem
642 738 723 770 fluvii
736 739 819 777 divisi
830 739 858 769 in
873 745 989 778 quatuor

246 786 358 816 flumina
375 797 382 813 z
398 786 496 825 hicque
509 786 583 816 solus
600 786 695 826 irrigat
711 785 878 826 paradisum.
894 786 986 823 Quor-

245 844 304 862 sum
318 833 379 863 talis
388 833 402 862 Ξ)
415 832 489 863 solus
502 839 559 862 erat
567 831 671 870 Adam3
685 843 745 871 quae
767 832 910 862 necessitas
919 831 986 861 tami

245 880 343 910 fluvii?
367 879 421 910 Sed
441 890 497 909 non
520 879 568 908 uni
593 885 696 908 tautum
714 877 858 918 paradisus
878 883 986 917 paratus

243 934 309 964 erat,
321 938 418 957 verum
432 926 532 956 finibus
542 933 628 955 terrae.
642 927 812 965 Praeparatus
826 931 885 954 erat
897 923 986 964 patri-

242 973 341 1010 archis,
360 972 510 1012 prophetis,
524 970 663 1012 apostolis,
679 970 862 1010 evangelistis,
883 977 984 1010 marty-

1046 324 1149 365 ρεύεται
1174 324 1202 358 ἐξ
1225 323 1308 363 Ἐδὲμ
1317 345 1325 360 ,
1349 324 1463 358 ποτίζειν
1487 324 1533 354 τὸν
1557 325 1724 365 παράδεισον.
1749 325 1814 355 Ἀπὸ

1044 370 1137 400 τούτου
1155 370 1222 409 μάθε
1232 392 1240 406 ,
1255 370 1295 400 ὅτι
1306 371 1336 400 οὗ
1350 371 1364 386 *
1374 372 1503 411 κηποῧριν
1516 370 1590 410 (sic)
1604 367 1636 407 ἦν
1658 373 1672 400 ὃ
1681 366 1814 411 τιι-ιιιράδει-

1046 428 1090 450 σος
1097 439 1104 452 ,
1127 416 1220 457 μικρὸν
1233 415 1302 456 ἔχων
1313 415 1549 456 μέτρον.Ποταμὸς
1559 419 1681 450 τοσοῦτος
1692 417 1814 457 ἀρδεύει,

1044 460 1114 491 ὥστε
1127 461 1180 491 ἀπὸ
1202 464 1248 490 τοῦ
1270 461 1477 502 περιττεύματος
1501 462 1580 491 αὐτοῦ
1600 462 1730 502 τέσσαρας
1746 458 1814 492 εἶναι

97 493 187 514 numm
249 517 306 538 tem
319 509 519 550 egrediebatur
529 520 567 538 ex
584 509 691 546 Edem,
703 514 736 537 ut
748 509 883 549 irrigaret
898 518 988 548 para-
999 531 1036 552 ,ω
1044 506 1189 546 ποταμούς.
1213 508 1339 547 Ποταμὸς
1352 508 1380 538 δὲ
1394 504 1565 548 ἐκπορεύεται
1578 506 1605 542 ἐξ
1622 507 1720 547 Ἐδὲμ,
1733 508 1814 538 ποτί-

249 557 355 584 disum.
371 555 472 585 Deinde
481 562 623 596 postquam
637 554 806 595 irrigaverat,
815 554 990 586 dividebatur
1006 560 1028 582 A
1044 553 1095 586 ζειν
1106 553 1151 582 τὸν
1164 553 1333 593 παράδεισον.
1345 553 1466 584 Ἐκεῖθεν
1487 553 1555 593 μετὰ
1567 553 1599 583 τὸ
1612 554 1720 584 ποτίσαι
1735 553 1814 595 μερί-

1042 599 1115 632 ζεται
1136 600 1174 632 εἷς
1193 598 1323 640 τέσσαρας
1336 599 1420 640 ἀρχάς
1431 612 1438 619 ·
1457 601 1493 634 εἰς
1511 599 1556 629 τὸν
1577 599 1672 639 Τίγριν
1683 621 1691 635 ,
1710 601 1747 633 εἰς
1768 599 1815 629 τὸν

1042 645 1153 680 Νεῖλον,
1173 646 1210 679 εἰς
1223 645 1267 675 τὸν
1280 645 1439 686 Εὐφράτην,
1463 646 1500 679 εἰς
1511 645 1559 675 τὸν
1571 647 1597 675 ἐν
1610 647 1644 685 τῇ
1658 646 1752 686 Γραφῇ
1766 646 1814 675 λε-

1041 690 1151 729 γόμενον
1164 690 1272 721 Φεισὼν
1280 714 1288 729 ,
1308 691 1337 721 ὃν
1354 694 1398 720 ν’ῦν
1411 690 1518 730 λέγουσι
1531 691 1671 721 Δανοῦὸιν.

1080 740 1168 771 Βλέπε
1181 741 1290 782 μέγεθος
1312 745 1448 782 ποταμοῦ,
1472 736 1642 782 μεριζομένου
1664 744 1700 777 εἰς
1719 742 1815 783 τέσσα-

1042 787 1160 826 ρας-καὶ
1181 790 1196 818 ὁ
1217 788 1337 821 ’τοιοῦτος
1352 788 1429 827 μόνος
1449 788 1553 829 ἀρδεύει
1575 788 1620 818 τὸν
1643 788 1813 828 παράδεισον.

1039 833 1118 863 Διατί
1130 837 1261 871 τοιοῦτοςς
1277 834 1354 874 μόνος
1365 831 1398 872 ἦν
1411 835 1495 874 Ἀδάμ
1503 847 1509 854 ·
1531 834 1571 869 τίς
1582 834 1661 875 χρεία
1673 831 1705 872 ἦν
1715 835 1813 865 τοσού-

1037 890 1084 909 του
1092 891 1103 916 ;
1127 879 1196 910 Ἀλλ’
1215 882 1265 921 οὐχ
1290 881 1328 910 ἑνὶ
1343 881 1414 922 μόνῳ
1428 880 1531 921 ἐγένετο
1542 893 1551 900 ⁴
1567 881 1636 911 ἀλλὰ
1649 886 1704 915 τοῖς
1716 881 1816 922 πέρασι

1038 927 1085 962 τῆς
1098 926 1262 966 οἰκουμένης.
1292 926 1468 967 Ἧτοιμάζετο
1485 926 1664 967 πατριάρχαις
1675 948 1684 962 ,
1706 927 1814 968 προφή-

1037 983 1110 1008 ταις,
1134 972 1525 1013 ἀποστόλοις,εὐαγγελισταῖς,
1542 973 1687 1013 μάρτυσιν,
1712 975 1812 1013 ὁμολο-

242 1018 329 1055 rihus‚
344 1018 551 1055 confessoribus,
563 1017 672 1054 sanctis,
684 1016 822 1053 fidelihus,
836 1015 880 1056 pie
890 1016 987 1047 viven—
1003 1028 1020 1051 B
1036 1022 1129 1057 γηταῖς
1138 1039 1146 1053 ,
1169 1018 1268 1058 ἁγίοις,
1293 1023 1412 1055 πιστοῖς,
1426 1018 1584 1059 ὀρθοδόξοις,
1605 1019 1719 1053 εὗσεόῶς
1732 1020 1812 1049 πολι-

242 1064 326 1101 tibus,
346 1065 472 1094 omnibus
491 1064 582 1104 justis.
598 1063 628 1094 Si
650 1062 723 1093 enim
736 1062 837 1092 latroni
849 1072 903 1092 una
916 1063 987 1093 hora

241 1110 375 1139 confitenti
389 1110 545 1150 paradisum
569 1110 695 1140 Servator
714 1108 838 1149 promisit
869 1108 961 1138 dicens
975 1120 984 1138 τ

89 1153 230 1182 Luc.23.43.
242 1157 338 1185 Hodie
349 1166 461 1185 mecum
475 1157 531 1185 eris
545 1158 577 1184 in
588 1155 742 1194 paradiso5
757 1155 806 1193 qui
819 1165 834 1183 a
841 1155 984 1195 juventute
997 1156 999 1158 ’

240 1202 408 1239 laborarunt,
432 1202 580 1237 Abraham,
596 1202 681 1237 isaac,
703 1201 799 1238 Jacob,
823 1200 908 1241 hujus
931 1201 983 1230 filii

240 1248 410 1288 patriarchae,
426 1248 526 1287 [illum
546 1247 639 1286 utique
652 1254 716 1276 sunt
739 1246 909 1285 consequuti.
921 1248 933 1285 ]
947 1249 984 1277 At

239 1302 300 1324 ante
307 1295 356 1324 hos
363 1305 454 1324 omues
460 1294 529 1323 latro
534 1293 689 1334 paradisum
699 1293 882 1332 consequitur.
892 1294 982 1333 Opera

239 1351 302 1380 ergo
316 1342 390 1370 Deus
403 1340 469 1378 edit,
481 1350 535 1369 non
548 1341 608 1380 ejus
621 1349 699 1368 causa
710 1338 785 1378 quod
796 1346 919 1380 apparet,
933 1339 982 1369 sed

237 1388 298 1427 ejus
310 1386 383 1425 quod
397 1393 576 1426 exspectatur.
592 1386 649 1414 Cur
656 1392 757 1414 tantam
765 1391 842 1414 terrae
855 1384 982 1415 latitudi-

237 1443 299 1461 nem
318 1432 399 1462 fecit?
414 1442 449 1461 an
465 1438 574 1472 propter
585 1430 739 1467 Adamum,
754 1440 788 1460 an
812 1438 922 1471 propter
935 1441 981 1461 eos

238 1479 286 1516 qui
302 1479 378 1508 illam
391 1489 463 1508 nunc
477 1477 686 1509 inhabitabant?
700 1477 776 1506 Inde
790 1477 934 1507 dividitur
946 1479 979 1507 in

237 1532 364 1564 quatuor
387 1525 542 1565 principia.
565 1526 627 1555 Non
642 1524 721 1561 dixit,
742 1524 774 1552 In
798 1530 914 1562 quatuor
928 1533 979 1553 ex-

235 1582 317 1611 pansa
328 1571 448 1608 flumina,
467 1570 516 1600 sed
535 1571 563 1600 in
576 1577 692 1609 quatuor
711 1568 860 1609 principia,
875 1568 905 1598 id
925 1576 980 1607 est,

1036 1064 1184 1104 τευομένοις
1194 1087 1202 1101 ,
1225 1070 1293 1095 πᾶσι
1305 1069 1360 1099 τοῖς
1374 1063 1493 1099 δικαίοις.
1515 1066 1550 1095 Εἰ
1563 1064 1614 1105 γὰρ
1627 1067 1666 1106 τῷ
1678 1066 1766 1106 λῃστῇ
1782 1067 1814 1095 ἐν

1037 1115 1086 1150 μιᾷ
1093 1110 1150 1150 ὥρα
1159 1111 1352 1151 ὁμολογήσαντι
1364 1111 1409 1141 τὸν
1421 1110 1608 1151 παράδεισον“δ
1621 1111 1717 1152 Σωτὴρ
1725 1113 1812 1152 ἐπηγ-

1035 1155 1142 1195 γείλατο
1151 1155 1250 1196 λέγων·
1268 1156 1397 1197 Σήμερον
1412 1156 1469 1196 μετ’
1484 1158 1549 1197 ἐμοῦ
1562 1157 1609 1197 ἔσῃ
1624 1158 1651 1187 ἐν
1667 1159 1706 1198 τῷ
1719 1170 1811 1199 παρα-

1036 1201 1132 1242 δείσῳ·
1154 1205 1168 1232 ὁ
1180 1203 1310 1236 κοπιάσας
1323 1204 1354 1232 ἐκ
1365 1203 1424 1237 νέας
1437 1203 1544 1239 ἡλικίας
1557 1203 1677 1244 Ἀδραὰμ
1685 1226 1693 1240 ,
1704 1203 1813 1242 Ἰσαὰκ,

1034 1247 1134 1280 'laxus
1143 1272 1151 1286 ,
1176 1250 1200 1278 οἱ
1221 1250 1251 1278 ἐκ
1277 1249 1371 1278 τούτου
1395 1249 1560 1290 πατριάρχαι
1563 1271 1644 1280 .......
1659 1253 1670 1266 ⁸
1679 1250 1734 1280 Καὶ
1757 1251 1810 1291 πρὸ

1034 1293 1134 1323 τούτων
1147 1293 1259 1324 πάντων’
1267 1295 1426 1335 κληρονομεῖ
1440 1298 1454 1325 ὁ
1466 1294 1568 1336 λῃστὴς
1579 1295 1624 1325 τὸν
1639 1296 1812 1337 παράδεισονε

1034 1340 1112 1368 Ποιεῖ
1131 1335 1175 1368 οὖν
1188 1342 1203 1369 ὁ
1215 1339 1284 1374 Θεὸς
1304 1341 1338 1370 τὰ
1360 1340 1425 1381 ἔργα
1434 1363 1442 1377 ,
1470 1342 1500 1370 οὖ
1512 1341 1578 1382 πρὸς
1590 1341 1621 1371 τὸ
1634 1341 1790 1382 φαινόμενον
1799 1364 1813 1379 ,

1034 1384 1104 1414 ἀλλὰ
1118 1385 1183 1424 πρὸς
1197 1385 1228 1415 τὸ
1241 1386 1471 1426 προσδοκώμενον.
1485 1387 1564 1416 Διατί
1573 1391 1697 1417 τοσοῦτον
1709 1387 1810 1422 πλάτος

1032 1432 1082 1470 γ’ἠς
1096 1430 1234 1469 ἐποίησεν,
1249 1431 1293 1461 διὰ
1305 1432 1350 1461 τὸν
1364 1431 1449 1471 Ἀδὰμ
1458 1454 1466 1468 ,
1488 1431 1506 1467 ἢ
1525 1432 1568 1462 διὰ
1581 1433 1641 1466 τοὺς
1655 1436 1699 1463 νῦν
1713 1445 1806 1463 κατοι-

1031 1479 1154 1513 κοῦντας,
1167 1477 1284 1507 Ἐκεῖθεν
1296 1478 1447 1518 ἀφορίζεται
1461 1479 1497 1512 εἷς
1506 1477 1636 1519 τέσσαρας
1647 1479 1744 1519 ἀρχάς·
1759 1481 1808 1509 οὔκ

1031 1517 1103 1551 εἶπεν
1115 1547 1122 1560 ‚
1138 1524 1174 1556 εἷς
1186 1523 1304 1564 τέσσαρα
1325 1523 1476 1563 ἇπλώματα
1485 1545 1494 1561 ,
1513 1524 1584 1554 ἀλλὰ
1594 1548 1603 1562 ,
1618 1524 1729 1566 Ἀρχὰς,
1743 1538 1807 1556 του-

1029 1567 1116 1604 τέο-τι,
1131 1569 1228 1607 πηγάς.
1247 1568 1354 1608 Ὄνομα
1365 1571 1404 1610 τῷ
1418 1569 1455 1599 ἑνὶ
1469 1569 1576 1600 Φεισὼν
1585 1593 1594 1606 ,
1614 1570 1643 1600 ὃν
1655 1571 1751 1612 ἀρτίως
1770 1574 1806 1602 εἰ·

233 1617 328 1646 fontes.
345 1618 449 1646 Nomen
474 1617 521 1646 uni
542 1616 653 1652 Phison,
672 1625 753 1654 quem
766 1614 847 1643 modo
868 1613 976 1645 diceba:-
995 1619 1013 1642 C
1032 1614 1150 1654 ρήκαμεν
1161 1626 1167 1632 ·
1190 1610 1247 1644 εἶτα
1260 1617 1275 1645 ὁ
1288 1614 1379 1651 Γηών·
1399 1611 1474 1650 οὗτός
1490 1611 1561 1646 ἐστιν
1573 1619 1587 1646 ὁ
1599 1618 1702 1651 Νεῖλος.
1726 1618 1806 1655 Γηὼν

233 1673 313 1699 mus;
329 1663 427 1692 deinde
438 1662 534 1693 Gehon
543 1674 553 1702 ς
568 1662 613 1691 hic
633 1668 673 1691 est
686 1661 774 1692 Nilus.
784 1660 883 1691 Gehon
901 1667 978 1691 vetus

232 1719 329 1738 nomen
344 1709 403 1748 ejus
415 1715 454 1738 est
470 1719 477 1735 ι
498 1708 529 1737 id
546 1708 704 1738 testificatur
716 1706 846 1737 Jeremias
859 1705 950 1737 dicens
966 1719 979 1737 ι’

82 1756 131 1777 Jer.
145 1762 166 1779 2.
185 1755 220 1779 18.
236 1756 315 1793 Quid
333 1756 386 1784 tibi
408 1761 437 1784 et
457 1757 517 1783 viae
540 1755 670 1793 AEgypti
681 1776 689 1790 ,
709 1759 742 1782 ut
761 1752 843 1781 bibas
867 1762 978 1792 aquam

234 1801 361 1830 Gehon?
377 1801 428 1830 Hic
449 1800 570 1829 animum
592 1799 702 1828 adhibe.
717 1798 812 1838 Cogita
834 1798 906 1827 hunc
919 1809 976 1828 esse

232 1844 396 1883 paradisum.
410 1845 474 1874 Haec
488 1843 560 1873 enim
574 1842 671 1871 melius
679 1848 787 1882 aspectu
800 1852 882 1881 quam
892 1843 975 1873 verbo

231 1891 386 1927 traduntur.
394 1890 487 1920 Prodit
496 1890 590 1929 ingens
601 1889 715 1925 fluvius,
725 1889 833 1929 copioso
847 1888 976 1929 praeditus

91 1946 222 1968 Fluviorum
233 1939 321 1975 alveo,
338 1945 364 1967 et
375 1938 444 1977 rigat
461 1936 628 1977 paradisum.
649 1935 716 1965 Inde
730 1935 757 1965 in
773 1936 976 1966 subteiraneum

80 1979 223 2030 fss‘affifffflz‘:
232 1984 375 2022 quemdam
385 1984 490 2013 hiatum
503 1983 598 2019 fertur,
609 1982 820 2020 immensamque
833 1982 885 2011 sub
905 1989 976 2011 terra

80 2039 197 2067 explicatio
232 2037 351 2069 penetrat
361 2030 445 2066 viam,
453 2037 484 2058 ut
493 2028 569 2058 novit
582 2028 605 2057 is
622 2028 671 2066 qui
682 2028 755 2057 viam
766 2028 862 2058 stravit
883 2028 976 2058 Domi-

80 2071 206 2098 ⁸³¹'g¹¹¹²‘⁵³·
231 2086 304 2105 nus:
326 2076 472 2114 fluxusque
494 2074 543 2103 diu
569 2074 644 2109 latet,
657 2081 736 2112 atque
747 2073 774 2103 in
787 2074 894 2109 diversa
916 2074 975 2103 loca

1028 1659 1061 1688 τὸ
1073 1661 1183 1700 ἀρχαῖον
1199 1661 1278 1690 αὐτοῦ
1303 1660 1396 1700 ὄνομα.
1412 1663 1551 1702 Μαρτυρεῖ
1562 1661 1691 1703 Ἱερεμίας
1702 1663 1787 1703 λέγων
1797 1676 1806 1683 ·

1029 1706 1066 1735 Τί
1080 1718 1121 1736 σοι
1134 1706 1180 1736 καὶ
1192 1709 1225 1747 τῇ
1239 1708 1291 1748 ὁδῷ
1305 1707 1456 1746 Αἰγύπτου,
1480 1711 1527 1738 τοῦ
1545 1714 1614 1739 πιεῖν
1627 1709 1697 1750 ὕδωρ
1710 1710 1804 1748 Γηών;

1029 1752 1162 1782 Ἐνταῦθα
1182 1753 1307 1793 πρόσεχε.
1331 1753 1449 1792 Νόμισον
1467 1757 1558 1784 τοῦτον
1580 1750 1645 1785 εἶναι
1658 1755 1703 1785 τὸν
1713 1756 1805 1797 παρά·

1028 1799 1123 1829 δεισον.
1151 1797 1203 1829 ΜΛ
1221 1799 1274 1839 γὰρ
1289 1799 1348 1840 ὄψει
1371 1801 1472 1838 μᾶλλον
1490 1799 1508 1836 ἢ
1523 1800 1594 1841 λόγῳ
1619 1801 1806 1842 παραδίδοται.

1027 1845 1193 1886 Προέρχεται
1214 1846 1334 1884 ποταμὸς
1356 1845 1454 1881 πολὺς,
1478 1846 1604 1877 πλούσιον
1623 1852 1696 1887 νᾶμα
1718 1847 1807 1888 ἔχων,

1028 1891 1073 1920 καὶ
1087 1892 1191 1932 ἀρδεύει
1203 1891 1248 1921 τὸν
1262 1892 1432 1932 παράδεισον.
1448 1893 1565 1922 Ἐκεῖθεν
1577 1892 1685 1933 φέρεται
1695 1895 1730 1927 εἰς
1739 1894 1805 1924 ὑπό-

1026 1938 1106 1977 νομόν
1117 1951 1142 1967 τι
1162 1938 1241 1978 χάος,
1255 1938 1301 1968 καὶ
1316 1938 1385 1968 δύνει
1399 1938 1450 1968 ὑπὸ
1461 1940 1512 1979 γῆν
1526 1939 1650 1979 ἄπειρον,
1664 1942 1699 1974 ὡς
1710 1936 1778 1970 οἶδεν
1789 1944 1805 1971 ὁ

1026 1984 1075 2020 τὴν
1088 1984 1145 2013 ὁδὸν
1155 1983 1274 2024 στρώσας
1286 1984 1438 2020 Δεσπότης·
1453 1984 1498 2014 καὶ
1506 1985 1628 2014 λανθάνει
1638 1985 1683 2015 ἐπὶ
1691 1986 1758 2016 πολὺ
1772 1987 1805 2016 τὸ

1027 2032 1111 2070 ῥεῦμα
1120 2052 1128 2066 ,
1143 2029 1188 2059 καὶ
1203 2031 1239 2064 εἷς
1253 2029 1391 2070 διαφόρους
1404 2030 1500 2063 τόπους
1513 2031 1663 2061 ἀναδίδοται
1675 2054 1683 2068 ,
1703 2031 1749 2061 καὶ
1759 2034 1803 2061 εὗ-

1028 2075 1170 2116 ρίσκεταιὸ
1185 2076 1232 2115 μὲν
1256 2077 1292 2109 εἷς
1311 2075 1360 2111 τὴν
1374 2075 1529 2111 Αἰθιοπίαν,
1547 2079 1561 2105 ὁ
1579 2075 1607 2105 δὲ
1623 2078 1659 2110 εἰς
1674 2076 1764 2114 δύσιν,
1787 2081 1802 2107 ὁ

230 2121 374 2158 dlviditur‚
393 2120 581 2159 inveniturque
600 2120 670 2149 alius
685 2120 713 2148 in
734 2120 889 2160 AEthiopia,
906 2120 975 2149 alius
991 2127 1012 2150 1)
1027 2121 1054 2151 δὲ
1068 2122 1104 2154 εἰς
1115 2121 1260 2158 ἀνατολὴν,
1275 2124 1320 2150 τοῦ
1331 2122 1401 2151 Θεοῦ
1414 2121 1482 2151 οὕτω
1490 2122 1525 2151 δι’
1535 2122 1665 2161 ὑπόνομον
1677 2122 1800 2158 ἕλκοντος

230 2168 259 2197 in
270 2166 416 2203 occidente,
438 2166 508 2195 alius
529 2166 558 2195 iu
577 2165 689 2201 oriente,
708 2166 766 2194 Deo
784 2165 822 2195 sic
834 2177 882 2205 per
902 2166 974 2196 sub-

228 2221 379 2244 terraneum
394 2213 500 2243 alveum
514 2212 645 2248 trahente,
657 2211 797 2251 primoque
818 2212 903 2242 fluvio
925 2223 974 2242 ex-

229 2267 334 2290 traneos
355 2260 441 2300 fontes
461 2265 580 2288 curante.
603 2259 660 2287 Cur
685 2257 742 2286 ita?
763 2258 804 2286 Ne
826 2257 974 2288 fluviorum

229 2307 340 2346 vestigia
348 2312 497 2345 sequentes,
506 2303 662 2344 paradisum
673 2303 833 2340 invenirent,
844 2314 876 2332 ne
885 2311 974 2343 posset

227 2352 384 2382 hominibus
396 2351 504 2391 pervius
513 2361 580 2379 esse.
589 2351 659 2379 Nam
664 2348 693 2383 ¹si
703 2359 734 2378 eo
743 2349 793 2378 iter
803 2359 859 2378 esse
872 2357 972 2388 posset,

227 2408 306 2428 nemo
320 2405 380 2427 ante
393 2397 503 2427 divites
513 2395 670 2436 paradisum
696 2395 829 2424 inveniret
844 2405 852 2421 .-
878 2406 974 2426 verum

227 2446 302 2474 Deus
324 2443 435 2474 occlusit
458 2450 512 2472 tam
534 2441 709 2482 pauperibus,
724 2451 805 2480 quam
827 2439 970 2479 divitibus,

229 2499 258 2521 ut
271 2492 328 2522 sola
342 2491 442 2523 virtute
453 2490 525 2521 viam
539 2488 698 2519 invenirent.
712 2489 851 2525 Quantum
870 2487 969 2518 laboris

261 2597 271 2607 ³
290 2594 386 2627 [Savil.
407 2600 432 2619 et
450 2585 584 2620 Combefis.
598 2597 711 2628 κηποῦρις.
731 2591 808 2630 ὃθνἨ.
821 2591 887 2624 conj.
903 2596 980 2626 κῆπος.

225 2635 296 2658 Fon.
311 2633 355 2666 leg.
367 2636 494 2667 κηπούρεον,
518 2632 584 2659 unde
594 2631 774 2659 hodiernorum
790 2634 894 2665 κηπούρι.
912 2632 984 2658 Infra

225 2673 300 2698 Suvil.
315 2675 497 2707 περισσεύματος.
510 2672 518 2705 ]

1026 2166 1056 2196 τὸ
1066 2169 1168 2208 ῥεῦμα,
1180 2167 1226 2196 καὶ
1246 2169 1382 2201 ποιοῦντος
1400 2167 1472 2202 ξένας
1489 2167 1578 2208 πηγὰς
1592 2169 1630 2208 τῷ
1642 2168 1740 2209 πρώτῳ
1754 2181 1803 2199 πο-

1025 2215 1114 2253 ταμῷ.
1129 2213 1207 2242 Διατί
1218 2213 1245 2243 δὲ
1266 2215 1359 2250 τοῦτο;
1377 2213 1438 2243 Ἵνα
1451 2213 1488 2252 μὴ
1512 2218 1566 2247 τοῖς
1579 2213 1664 2254 ἴχνεσι
1677 2216 1731 2243 τῶν
1746 2226 1799 2245 πο-

1025 2261 1116 2298 ταμῶν
1131 2260 1330 2292 ἀκολουθοῦντες
1345 2258 1439 2299 εὕρωσι
1449 2259 1494 2288 τὸν
1508 2259 1681 2299 παράδεισον,
1702 2260 1745 2289 ἵνα
1759 2260 1798 2300 μὴ

1025 2301 1044 2345 ’ᾗ
1063 2309 1118 2338 τοῖς
1140 2304 1286 2345 ἀνθρώποις
1308 2304 1486 2340 καταληπτός.
1513 2305 1548 2335 Εἰ
1566 2305 1619 2345 γὰρ
1631 2301 1664 2341 ἦν
1677 2306 1797 2343 ὁδεῦσαι,

1024 2350 1108 2384 οὐδεὶς
1128 2350 1163 2379 ἂν·
1180 2347 1239 2390 εἶρε
1262 2350 1314 2390 πρὸ
1337 2352 1389 2380 τῶν
1404 2350 1536 2380 πλουσίων
1559 2349 1604 2379 τὸν
1621 2350 1799 2390 παράδεισον·

1024 2398 1082 2427 ἀλλ’
1095 2399 1110 2426 ὁ
1120 2396 1188 2430 Θεὸς
1202 2394 1342 2427 ἀπέκλεισε
1353 2396 1398 2426 καὶ
1413 2396 1508 2432 πένησι
1526 2396 1571 2425 καὶ
1583 2396 1732 2432 πλουσίοις,
1752 2397 1796 2427 ἵνα

1023 2444 1104 2483 ἀρετῇ
1118 2442 1194 2481 μόνον
1209 2442 1304 2482 εὕρωσι
1316 2441 1367 2478 τὴν
1376 2441 1443 2472 ὁδόν.
1462 2441 1539 2472 Πόσα
1550 2441 1647 2480 ἔκαμον
1662 2443 1795 2483 πατριάρ-

1022 2500 1083 2528 χαι,
1101 2490 1257 2528 προφῆται,
1276 2487 1364 2528 ἅγιοι,
1390 2489 1526 2524 ζητοῦντες
1546 2487 1591 2517 τὸν
1613 2489 1795 2529 παράδεισον,

1066 2599 1077 2610 n
1095 2592 1143 2616 Hic
1154 2597 1237 2617 textus
1246 2591 1355 2617 deficere
1368 2590 1476 2618 videtur.

1063 2632 1078 2653 ¹³
1097 2631 1191 2663 [Savil.
1204 2631 1231 2658 iu
1242 2640 1321 2665 marg.
1335 2643 1373 2666 γρ.
1387 2636 1443 2658 τινά.
1459 2631 1470 2663 l
