1890 2826
65 909 91 930 Ῐη
102 913 190 934 ecclesia

50 947 191 968 nnlladistin·

50 980 94 999 ruo
116 978 192 999 divitis

51 1014 70 1030 et
81 1011 190 1038 pauperis.

62 1596 116 1615 Ga.
131 1599 143 1614 2
165 1590 188 1613 6.

45 1703 201 1736 ‘.1mm.8.34.

66 1830 133 1851 Rom.
149 1828 205 1851 8.2.

75 2182 214 2210 Psal.9z.1.

81 2466 100 2480 ι.
122 2460 179 2480 Tim.
193 2458 217 2482 6.

82 2490 115 2512 10.

195 187 267 222 626

193 266 337 300 pascetur,
350 265 378 287 et
390 257 522 298 pardalis
531 267 605 287 'cum
620 257 705 286 hoedo
724 257 891 293 accubabit,
906 262 935 286 et

195 301 241 329 leo
254 306 282 329 et
296 298 345 328 bos
355 297 444 327 simul
458 303 626 336 pascentur,
640 303 669 326 et
682 297 770 328 simul
784 297 936 326 comedent

192 339 296 378 paleas
312 351 319 367 :
336 338 457 377 intellige
473 337 597 377 aenigma,
613 343 639 366 et
657 337 729 367 clare
750 336 857 378 percipe
877 336 937 376 ejus

195 378 397 418 intelligentiam
408 399 416 414 ,
439 377 513 415 quod
539 387 592 406 non
616 378 755 407 brutorum
777 376 936 406 animalium

194 425 358 447 conventum
377 417 521 457 significat,
536 415 583 446 sed
603 416 741 446 hominum
761 417 852 456 potius
870 426 935 446 eon-

193 458 389 497 gregationem,
417 457 549 496 planeque
585 456 691 496 pietatis
720 456 936 487 communionem

195 498 399 537 interpretatur,
419 503 446 525 et
465 496 578 526 salutem
599 507 648 536 per
672 496 786 536 gratiam
809 495 934 525 omnibus

195 537 354 565 mortalibus
379 536 563 576 affulgentem.
590 537 660 566 Cum
682 536 755 566 enim
777 535 805 565 in
824 535 934 566 ecelesia

195 587 340 616 pauperem
352 575 454 605 videris
465 587 528 605 cum
541 575 626 606 divite
639 575 799 611 adstantem,
809 586 870 605 cum
882 585 937 604 ma-

195 615 307 655 gistratu
321 615 470 656 privatum,
485 622 592 645 tenuem
614 626 676 645 eum
693 615 806 651 illustri,
822 624 937 653 eumque

195 655 243 694 qui
262 655 382 685 exterius
407 662 555 685 votestatem
572 662 693 691 veretur,
711 655 850 685 considera
868 653 938 693 quid

197 694 248 724 sihi
262 695 329 724 velit
343 695 394 724 illu
419 717 426 730 ,
441 696 540 734 Lupus
552 705 618 725 cum
629 706 708 735 agno
719 702 863 734 pascetur.
880 696 892 724 1
895 705 938 723 iu-

197 745 265 774 pum
291 734 419 764 nimirum
448 735 566 775 appellat
593 734 724 771 divitem,
749 745 849 772 agnum
874 744 938 763 vero

197 784 353 814 pauperem.
379 774 460 804 Unde
486 781 576 804 autem
602 774 631 804 id
657 774 779 804 constat?
802 773 939 811 Quoniam

197 813 407 843 communicabit
416 813 497 854 lupus
515 825 577 844 cum
596 825 676 853 agno,
695 824 750 853 quo
770 813 850 843 modo
863 813 940 843 dives

198 864 261 884 cum
282 864 410 893 paupere.
430 856 518 892 Atque
536 854 642 884 attende
661 854 813 894 diligenter.
830 852 942 882 Adstitit

219 894 359 932 letumque
375 893 454 923 dives
466 900 492 923 et
505 904 608 934 pauper
622 894 650 923 in
663 893 775 923 eeclesia
790 906 796 922 :
814 903 939 932 compre—

199 904 293 963 liendit
305 940 330 962 te
344 933 410 962 hora
425 933 614 973 mysteriorum
630 945 636 962 :
651 933 797 972 expellitur
809 932 897 968 dives,
912 939 942 960 ut

202 973 314 1002 minime
326 973 446 1007 initiatus
459 973 605 1013 mysteriis,
618 979 756 1012 permanet
770 979 859 1002 autem
874 972 942 1000 intra

200 1013 314 1042 eaelestia
326 1012 498 1042 tabernacula
510 1012 650 1051 adstatque
660 1022 763 1052 pauper
778 1025 784 1041 ι
800 1022 886 1051 neque
900 1019 942 1040 ta-

202 1063 262 1082 men
285 1051 443 1091 indignatur
461 1051 548 1089 dives,
571 1054 617 1091 qui
641 1062 673 1092 pe
690 1052 738 1091 qui
763 1053 869 1081 noverit
886 1062 913 1081 se
927 1062 942 1080 a

201 1092 302 1121 divinis
316 1091 450 1131 mysteriis
463 1091 592 1121 alienum.
638 1092 775 1129 uinetiam,
789 1102 806 1121 o
818 1091 943 1121 divinum

202 1131 379 1167 beneficium,
397 1140 450 1160 non
473 1131 553 1160 modo
577 1132 715 1170 aequalitas
734 1131 846 1160 honoris
861 1132 942 1160 estin

202 1171 323 1207 ecclesia,
338 1180 397 1209 quae
406 1180 421 1198 a
430 1171 490 1200 Deo
503 1177 542 1200 est
555 1171 650 1210 gratia,
660 1171 707 1200 sed
719 1178 819 1201 etcum
833 1178 945 1209 uterque

203 1210 331 1246 substitit,
345 1210 504 1249 plerumque
517 1221 619 1250 pauper
634 1210 730 1250 pietate
741 1210 854 1240 divitem
867 1217 944 1240 ante-

203 1249 277 1279 cellit
293 1261 300 1277 :
315 1259 401 1287 neque
427 1248 574 1287 quidquam
606 1249 686 1279 diviti
713 1250 885 1279 contulerunt
911 1250 946 1279 ad

204 1290 328 1329 pietatem
343 1298 420 1328 opeS,
434 1297 519 1326 neque
534 1295 675 1328 paupertas
689 1289 764 1318 fideti
779 1289 867 1318 fraudi
881 1289 944 1325 fuit,

205 1328 252 1358 sed
266 1338 328 1357 eum
341 1338 404 1356 cum
418 1326 517 1356 fiducia
536 1339 626 1357 eoram
644 1335 735 1358 sancto
748 1328 842 1357 statuit
854 1328 945 1358 altari.

246 1369 276 1397 Ξ.
298 1368 362 1397 Haec
373 1373 471 1402 autem,
485 1366 663 1404 dilectissimi,
677 1367 712 1397 de
725 1367 920 1397 catechumenis
932 1378 948 1396 a

206 1418 249 1436 me
259 1406 398 1443 dicuntur,
407 1405 501 1435 nonde
513 1407 656 1445 quibusvis
668 1407 812 1476 epplenus.
821 1406 959 1443 Adverte,·

206 1457 308 1485 quaeso,
319 1446 452 1481 animum,
461 1446 498 1475 mi
511 1447 603 1481 frater,
610 1457 642 1476 ae
653 1448 679 1477 vi
728 1457 782 1485 quo
793 1453 869 1487 pacto
879 1457 950 1487 saepe

207 1486 334 1515 dominus
349 1484 461 1514 excedat
471 1496 505 1515 ex
520 1485 641 1521 ecclesia,
654 1493 680 1515 et
697 1497 790 1517 servus
801 1486 892 1516 fidelis
906 1497 950 1516 sa-

207 1525 261 1554 eris
274 1524 389 1556 assideat
402 1525 536 1564 mysteriis
544 1536 552 1553 ι
560 1525 715 1564 egrediatur
726 1525 847 1563 domina,
855 1533 881 1555 et
897 1537 953 1555 ma-

208 1572 269 1594 neat
290 1564 388 1593 ancilla
400 1575 408 1592 .·
420 1564 489 1593 Non
502 1565 574 1594 enim
586 1567 694 1604 accipit
706 1566 953 1606 hominissacicm

211 1605 302 1634 Deus.
318 1605 378 1634 Non
401 1610 439 1633 est
459 1614 525 1643 ergo
545 1604 573 1633 in
588 1604 709 1634 Ecclesia
724 1615 819 1635 servus
836 1611 862 1634 et
874 1605 954 1641 liber,

211 1644 258 1673 sed
276 1643 355 1673 illum
372 1644 450 1673 novit
470 1644 610 1684 Scriptura
629 1655 749 1680 servum,
764 1645 812 1683 qni
833 1645 956 1674 servituti

212 1683 313 1724 peccati
325 1682 451 1713 addictus
464 1689 513 1712 est.
532 1685 591 1722 Qui
599 1684 681 1718 enim,
695 1684 794 1723 inquit,
808 1684 883 1723 facit
891 1694 957 1724 pee-

214 1730 320 1758 catum,
335 1732 434 1752 servus
446 1729 490 1752 est
502 1725 627 1767 peccati.
644 1724 727 1753 Illum
741 1718 822 1753 etiam
839 1724 957 1753 liberum

214 1762 343 1802 agnoseit,
358 1763 406 1801 qui
420 1773 435 1791 a
450 1762 543 1791 divnna
564 1763 648 1807 gratia
663 1763 691 1792 in
706 1763 857 1793 libertatem
870 1775 958 1793 asser-

216 1809 259 1831 tus
272 1809 321 1831 est.
334 1803 404 1831 Nam
415 1803 486 1838 Lex,
500 1802 597 1841 inquit,
608 1804 725 1841 spiritus
746 1805 819 1832 vitoe
835 1805 867 1832 in
885 1804 958 1833 Jesu

219 1843 334 1871 Chn‘slo
350 1842 485 1871 liberavit
494 1852 540 1870 me
549 1851 569 1870 a
583 1842 645 1880 lege
655 1844 778 1881 peccati.
794 1844 863 1872 Cum
876 1843 959 1882 igitur

217 1882 274 1910 haec
287 1881 376 1920 imago
387 1881 470 1910 variis
480 1880 578 1916 modis,
597 1888 625 1909 ut
638 1888 698 1910 ante
710 1881 842 1919 diximus,
857 1882 958 1912 labefa-

219 1928 286 1949 ctata
306 1927 331 1949 et
353 1920 485 1949 dissoluta
502 1927 587 1956 esset,
607 1921 681 1950 venit
699 1922 834 1959 Salvator,
852 1929 879 1951 et
895 1933 959 1962 pro-

220 1960 307 1999 priam
332 1959 476 1998 imaginem
500 1960 670 1995 restauravit3
684 1968 710 1989 et
730 1972 810 1999 qnam
836 1961 962 1991 diabolus

220 1999 375 2038 dissiparat,
393 2009 451 2027 eam
471 1999 556 2038 ipsam
581 1998 644 2028 tulit
662 2000 761 2039 Opisex
786 2001 866 2031 homo
876 2002 962 2031 factus

221 2045 323 2067 amator
342 2038 493 2074 hominum,
507 2048 560 2067 non
576 2045 604 2067 ut
617 2039 773 2078 dignitatem
784 2051 860 2070 suam
872 2040 963 2071 dede-

222 2088 283 2107 core
294 2078 418 2113 alliceret,
432 2077 479 2106 sed
490 2088 566 2106 suam
579 2088 640 2117 erga
655 2089 701 2108 nos
712 2079 901 2118 benignitatem
911 2080 963 2110 de-

223 2123 390 2146 monstraret.
407 2116 487 2146 Unde
501 2117 555 2146 hoc
571 2117 697 2147 divinum
709 2126 735 2147 et
747 2119 905 2149 admirabile
920 2120 964 2149 in-

224 2156 383 2186 dumentum
395 2156 487 2185 beatus
501 2156 590 2185 David
600 2158 780 2196 praenuntians
793 2158 865 2189 dixit
879 2170 886 2187 :
903 2160 965 2189 Do-

226 2198 321 2225 minus
345 2197 488 2235 regnavit,
505 2196 635 2225 decorem
659 2198 778 2227 indutus
803 2206 857 2228 est.
872 2201 966 2238 Neque

225 2246 289 2265 vero
300 2235 442 2264 Divinitati
455 2235 540 2274 princi
562 2236 588 2265 io
599 2237 697 2266 carenti
708 2244 734 2266 et
746 2238 907 2277 incorporem
920 2240 967 2268 da-

226 2282 271 2304 tur
292 2274 480 2304 indumentum
498 2246 589 2314 <nibil
613 2276 685 2304 enim
708 2283 748 2305 est
768 2278 887 2307 ornatius
909 2280 967 2308 Deo

226 2315 365 2354 magisque
373 2313 512 2351 decorum,
519 2325 600 2353 quam
611 2321 640 2343 ut
650 2315 705 2354 ipse
713 2315 837 2345 decorem
846 2317 940 2347 induat
946 2321 966 2355 ),

227 2354 294 2393 quin
312 2354 364 2384 hoc
381 2354 504 2383 bumanae
521 2361 621 2383 naturae
640 2355 773 2384 convenit.
794 2356 900 2386 Etenim
920 2368 968 2386 nos

227 2394 350 2423 homines
372 2394 555 2423 membrorum
577 2393 772 2424 deformitatem
795 2397 969 2426 vestimento-

933 195 1060 218 snmus.

987 256 1036 290 ἔξω
1045 255 1175 296 τρέμοντα
1188 255 1235 292 τὴν
1248 255 1411 290 δυναστείαν,
1422 254 1516 290 νόησον
1529 255 1555 284 τί
1565 255 1622 284 ἐστι
1633 254 1672 289 τὸ,
1683 254 1757 292 Συμ-

987 295 1183 332 6οσκηθήσεται
1196 295 1274 328 λύκος
1287 295 1356 334 μετὰ
1370 297 1460 335 ἀρνοῦ.
1481 294 1567 325 Λύκον
1581 293 1668 323 τοίνυν
1682 295 1758 323 καλεῖ

987 336 1031 366 τὸν
1041 336 1175 371 πλούσιον,
1186 334 1274 375 ἀρνίον
1289 335 1317 364 δὲ
1326 334 1370 364 τὸν
1380 333 1496 375 πτωχόν.
1509 334 1563 365 Καὶ
1573 334 1652 364 πόθεν
1665 336 1758 370 τοῦτο;

987 375 1054 405 “On
1073 375 1228 410 κοινωνήσει
1250 374 1328 408 λύκος
1349 374 1440 414 ἀρνίῳ,
1463 374 1492 404 ὂν
1513 386 1529 403 τ
1546 373 1610 403 όπον
1635 373 1760 407 πλούσιος

990 416 1057 454 μετὰ
1064 418 1180 455 πτωχοῦ.
1190 414 1244 444 Καὶ
1249 414 1366 454 πρόσεχε
1374 413 1498 453 ἀκριὸῶς.
1505 385 1626 449 τἸΞστ--ηιιε
1631 412 1760 446 πολλάκις

989 455 1114 488 πλούσιος
1132 454 1177 484 καὶ
1192 453 1273 490 πένης
1291 455 1318 483 ἐν
1334 452 1479 492 ἐκκλησίᾳ·
1499 452 1631 483 κατέλαὸί
1652 464 1682 482 σε
1703 451 1762 492 ὥρα

992 497 1043 524 τῶν
1065 494 1230 534 μυστηρίων·
1254 492 1388 527 ἐξωθεῖται
1407 495 1421 522 ὁ
1437 492 1562 526 πλούσιος
1576 494 1613 526 ὥς
1629 491 1761 530 ἀμύητος,

992 535 1098 564 ἵσταται
1112 534 1139 564 δὲ
1155 537 1168 563 ὁ
1183 534 1264 568 πένης
1283 533 1355 566 ε’ντὸς
1366 534 1420 562 τῶν
1439 533 1468 562 οὗ
1488 533 1565 562 ανίων
1578 533 1684 567 σκηνῶν
1693 543 1701 550 ·
1716 532 1762 561 καὶ

993 576 1040 605 οὐκ
1054 575 1196 613 ἀγανακτεῖ
1207 576 1221 603 ὁ
1233 572 1357 606 πλούσιος
1367 584 1373 591 ·
1385 568 1439 602 οἶδε
1453 544 1505 612 γςρ
1518 571 1609 602 ἑαυτὸν
1624 570 1762 611 ἀλλότριον

991 616 1044 643 τῶν
1064 614 1139 643 θείων
1153 612 1313 652 μυστηρίων.
1326 613 1406 649 Ἀλλ’,
1421 611 1443 641 ὢ
1453 613 1501 647 τῆς
1512 612 1582 645 θείας

994 654 1071 694 μόνον
1085 653 1210 692 ὁμοτιμία
1225 653 1340 692 ὑπάρχει
1358 653 1385 681 ἐν
1398 653 1432 691 τῇ
1452 651 1582 691 ἐκκλησίᾳ

993 696 1063 723 Θεοῦ
1083 693 1171 733 χάριν,
1193 692 1262 722 ἀλλὰ
1281 692 1326 722 καὶ
1345 691 1424 727 ἡνίκα
1442 690 1580 726 ἵστανται,
1600 690 1729 722 πολλάκις
1748 692 1764 719 ὁ

994 734 1075 769 πένης
1087 734 1132 763 τὸν
1144 733 1269 762 πλούσιον
1282 731 1412 771 πρωτεύει
1423 732 1451 760 ἐν
1464 733 1498 771 τῇ
1511 730 1632 761 εὖσεὸεία
1642 742 1648 748 ·
1662 730 1708 759 καὶ
1720 730 1764 758 οὔ·

996 774 1038 803 δὲν
1049 776 1064 802 ὁ
1074 774 1186 806 πλοῦτος
1197 772 1284 807 ὤνησε
1297 772 1342 800 τὸν
1353 771 1448 811 ἔχοντα
1459 771 1489 800 ἐκ
1496 773 1543 807 τῆς
1552 772 1611 800 εὖσε
1631 769 1693 806 είας,
1705 769 1764 798 οὐδὲ

995 813 1073 842 πενία
1091 813 1135 842 τὸν
1155 812 1248 841 πιστὸν
1269 811 1411 850 ἐζημίωσε,
1431 812 1588 851 παριστῶσα
1607 809 1684 839 αὐτὸν
1697 808 1765 848 μετὰ

995 853 1105 892 θάρσους
1117 854 1155 892 τῷ
1169 852 1236 890 ἁγίῳ
1249 851 1439 890 θυσιαστηρίῳ.

1596 622 1763 686 ἑῖρᾙτέ

1042 1368 1136 1396 Ταῦτα
1156 1367 1184 1397 δὲ
1198 1367 1277 1407 λέγω,
1291 1368 1442 1408 ἀγαπητοὶ,
1456 1368 1517 1407 περὶ
1531 1369 1584 1397 τῶν
1602 1366 1773 1407 κατηχουμέ-

1003 1419 1064 1442 νων,
1087 1407 1133 1436 καὶ
1152 1409 1182 1436 οὗ
1205 1408 1265 1447 περὶ
1287 1410 1339 1437 τῶν
1357 1409 1447 1441 ἁπλῶς
1467 1407 1609 1436 πλουσίων.
1624 1407 1775 1443 Ἐννόησον,

1004 1446 1116 1487 ἀδελφὲ,
1136 1449 1194 1479 πῶς
1213 1449 1347 1488 ὑποχωρεῖ
1367 1449 1415 1483 τῆς
1436 1447 1579 1482 ἐκκλησίας
1592 1447 1720 1480 πολλάκις
1732 1447 1776 1476 δε·

1006 1486 1124 1523 σπότης,
1141 1486 1186 1515 καὶ
1205 1487 1375 1527 προσεδρεύει
1393 1491 1448 1520 τοῖς
1461 1486 1615 1526 μυστηρίοις
1631 1486 1723 1520 πιστὸς
1738 1488 1778 1515 οἷ-

1007 1526 1098 1562 xime·
1113 1528 1244 1566 ἀναχωρεῖ
1257 1529 1274 1562 ἡ
1288 1526 1430 1562 δέσποινα,
1446 1526 1491 1556 καὶ
1507 1526 1579 1565 μένει
1590 1529 1606 1562 ἡ
1618 1526 1763 1566 θεράπαινα
1772 1537 1778 1544 ·

1007 1565 1156 1605 Πρόσωπον
1167 1566 1219 1606 γὰρ
1233 1566 1370 1606 ἀνθρώπω
1380 1566 1448 1599 Θεὸς
1459 1567 1489 1595 οὐ
1500 1565 1640 1605 λαμὸάνει.
1653 1566 1714 1595 Οὔκ
1724 1566 1780 1595 ἔστι

1008 1605 1094 1635 τοίνυν
1116 1606 1144 1634 ἐν
1166 1607 1200 1644 τῇ
1224 1605 1372 1645 Ἐκκλησία
1393 1606 1483 1638 δοῦλος
1495 1605 1541 1635 καὶ
1558 1605 1691 1645 ἐλεύθερος
1702 1628 1709 1641 ,
1721 1607 1780 1635 ἀλλ’

1011 1647 1108 1675 ἐκεῖνον
1127 1639 1195 1674 οἶδεν
1214 1647 1232 1680 ἡ
1250 1645 1344 1685 Γραφὴ
1359 1646 1460 1680 δοῦλον,
1472 1645 1516 1674 τὸν
1529 1645 1577 1681 τὴν
1590 1645 1723 1684 ἁμαρτίαν
1736 1646 1782 1675 δε-

1012 1684 1183 1723 δουλωμένον.
1196 1684 1231 1714 Ὁ
1241 1684 1293 1725 γὰρ
1303 1687 1395 1720 ποιῶν,
1409 1685 1474 1735 ιρησὶ
1483 1706 1491 1720 ,
1504 1684 1553 1720 τὴν
1565 1685 1707 1724 ἁμαρτίαν,
1724 1685 1782 1715 δοῦ-

1011 1725 1056 1758 λός
1070 1726 1127 1753 ἐστι
1140 1726 1188 1760 τῆς
1211 1724 1351 1766 ἁμαρτίας.
1370 1726 1423 1755 Και
1445 1726 1542 1754 ἐκεῖνον
1555 1719 1623 1753 οἶδεν
1640 1723 1783 1764 ἐλεύθερον,

1013 1765 1057 1794 τὸν
1071 1764 1123 1793 ὑπὸ
1132 1766 1180 1799 τῆς
1191 1764 1261 1798 θείας
1271 1765 1379 1815 χάριτρς
1390 1764 1611 1812 ἠλευθερωμένρν.
1625 1763 1659 1794 Ὁ
1677 1763 1728 1810 γᾲρ
1739 1764 1783 1793 νό-

1015 1815 1104 1879 ἷῖζὶᾏῦ
1112 1803 1282 1884 ῗζὶῖἷὸέρῗζέ
1295 1804 1786 1883 {1⁹2²‘'gvii‘'{osmfassiff'sssssffissss‘iisss

1015 1883 1094 1913 Ἐπεὶ
1114 1879 1159 1912 οὖν
1174 1886 1190 1919 ἡ
1209 1883 1287 1913 εἰκὼν
1301 1883 1369 1919 αὕτη
1392 1883 1537 1924 διαφόρως,
1557 1885 1595 1917 ὡς
1619 1882 1632 1894 ''
1649 1885 1681 1919 θη
1717 1895 1732 1912 ν
1746 1884 1787 1912 εἷ-

1015 1924 1123 1958 πόντες,
1137 1922 1249 1963 ἔφθαρτο
1268 1923 1314 1952 καὶ
1330 1923 1481 1959 διαλέλυτο,
1495 1919 1574 1959 ἦλθεν
1588 1925 1603 1952 ὁ
1617 1894 1716 1958 31⁴5
1720 1945 1728 1959 ,
1742 1922 1788 1952 καὶ

1016 1963 1064 1999 τὴν
1079 1963 1146 1992 ἰδίαν
1160 1963 1248 1992 εἰκόνα
1261 1962 1340 1992 πάλιν
1355 1962 1500 1998 ἀνέστησε,
1514 1962 1560 1991 καὶ
1574 1962 1606 1999 ἣν
1621 1962 1788 1992 κατέσπασεν

1017 2006 1032 2033 ὁ
1045 2002 1181 2051 διάὸολος,
1200 2002 1298 2052 ταύτην
1318 2003 1441 2043 ἐφόρεσεν
1453 2004 1468 2031 ὁ
1483 2002 1641 2051 δημιουργὸς
1655 2002 1788 2052 ᾶείνθρωπος

1017 2053 1154 2116 ἷῖλλωᾶίιῖηῗ
1162 2043 1478 2132 ᾇὶιλαῒθέιῖίέιαῖηὲῗίέωῗ
1487 2040 1789 2110 αῗθέναέόέζουξοίὲΐῖζν

1019 2121 1064 2151 καὶ
1078 2120 1148 2155 ξένον
1159 2122 1259 2159 ενδυμα
1269 2123 1284 2150 ὁ
1294 2121 1422 2160 μακάριος
1432 2120 1517 2151 Δαυὶδ
1528 2121 1724 2160 προαναφωνῶν
1738 2119 1789 2149 ἔλε-

1020 2172 1064 2200 γεν
1075 2172 1082 2178 ·
1102 2160 1137 2190 ‘O
1158 2160 1255 2200 Κύριος
1273 2160 1450 2196 ἐὸασίλευσεν,
1466 2160 1624 2200 εὐπρέπειαν
1643 2159 1791 2189 ἐνεδύσατο.

1020 2201 1062 2230 Οὐ
1076 2202 1109 2240 τῇ
1123 2200 1230 2240 ἀνάρχῳ
1245 2200 1290 2229 καὶ
1304 2200 1438 2240 ἀσωμάτῳ
1453 2200 1569 2235 Θεότητι
1583 2199 1681 2239 ἔνδυμα
1693 2199 1794 2229 δίδοται

1021 2239 1114 2277 (οὐδὲν
1133 2240 1184 2280 γὰρ
1204 2240 1412 2280 εὐπρεπέστερον
1434 2241 1523 2276 Θεοῦ,
1547 2239 1590 2268 ἵνα
1609 2239 1678 2272 Θεὸς
1700 2238 1795 2278 εὐπρέ-

1022 2291 1100 2309 πειαν
1113 2279 1286 2316 ἐνδύσηται),
1300 2279 1368 2309 ἀλλὰ
1382 2281 1415 2318 τῇ
1431 2279 1582 2319 ἀνθρωπίνῃ
1596 2278 1683 2320 φύσει.
1699 2279 1794 2317 Ἡμεῖς

1022 2319 1074 2359 γὰρ
1097 2321 1121 2349 ot
1139 2319 1272 2358 ἅνθρωποι
1294 2319 1329 2348 τὰ
1350 2319 1492 2359 ἀσχήμονα
1512 2320 1565 2348 τῶν
1585 2319 1672 2358 μελῶν
1690 2319 1724 2358 τῇ
1751 2319 1793 2346 εὗ-

1024 2358 1138 2398 πρεπεία
1161 2361 1213 2387 τῶν
1240 2358 1392 2398 ἐνδυμάτων
1420 2358 1590 2397 zama-romu
1606 2369 1613 2376 ·
1638 2360 1652 2387 ὁ
1675 2357 1702 2387 δὲ
1727 2357 1796 2391 θεὸς

1025 2389 1183 2434 ἇπλοῦςιῶν,
1204 2399 1249 2428 καὶ
1264 2398 1477 2447 ἀσχημάτιστος,
1492 2398 1538 2427 καὶ
1552 2397 1629 2436 μόνος
1649 2397 1717 2437 ἔχων
1731 2398 1796 2425 ἀθα-

228 2445 289 2463 rum
302 2433 397 2463 decore
405 2433 569 2473 contegimus
578 2444 685 2463 :verum
699 2445 761 2463 cum
771 2435 842 2464 Deus
853 2436 969 2476 simplex
980 2451 1016 2470 538
1025 2438 1127 2473 νασίαν,
1142 2441 1196 2477 φῶς
1210 2440 1288 2468 οἰκῶν
1303 2440 1454 2478 ἀπροσιτον,
1474 2437 1551 2470 ποίας
1572 2437 1727 2476 εὐπρεπείας
1741 2436 1796 2465 δέε-

229 2475 306 2509 sit,et
323 2475 379 2502 sine
397 2473 493 2513 figura,
516 2473 588 2503 solus
609 2473 710 2503 habens
728 2475 967 2510 immortalitatem,
989 2481 1007 2501 Λ
1025 2490 1087 2513 ται,
1100 2478 1117 2513 ἢ
1131 2482 1205 2507 ποῖον
1218 2479 1316 2517 ἔνδυμα
1335 2472 1591 2517 περιὸάλλεταηἪ
1604 2477 1682 2512 δῆλον
1697 2477 1737 2506 ὅτι
1751 2479 1796 2505 τοῦ

229 2514 315 2542 lucem
333 2512 457 2542 habitans
477 2512 695 2548 inaccessibilem,
710 2524 764 2552 quo
785 2513 880 2544 decore
899 2523 967 2554 eget,

228 2560 274 2582 aut
284 2564 337 2591 quo
350 2552 505 2582 indumento
519 2553 646 2582 ornatur?
657 2553 737 2582 Unde
749 2554 919 2594 perspicuum
931 2563 969 2584 est

228 2593 384 2632 prophetam
396 2592 574 2632 appellavisse
586 2592 719 2630 decorem,
731 2594 851 2634 corporis
866 2605 969 2624 assum—

1027 2517 1148 2555 σώματος
1163 2518 1292 2586 ἀνάληὲιν
1306 2519 1320 2546 ὁ
1331 2516 1469 2557 προφήτης
1481 2516 1616 2555 ὠνόμασεν
1631 2516 1796 2555 εὐπρέπειαν.

1027 2557 1110 2585 Καλεῖ
1132 2556 1159 2585 δὲ
1179 2557 1224 2586 καὶ
1265 2569 1285 2593 ,ν
1300 2556 1398 2586 οἰκείαν
1416 2556 1503 2597 σάρκα
1524 2555 1691 2596 εὐπρέπειαν,
1706 2557 1736 2585 οὗ
1755 2555 1799 2584 διὰ

1026 2596 1074 2631 τὴν
1091 2600 1135 2625 τοῦ
1163 2597 1285 2637 σώματος
1305 2597 1391 2636 φύσιν,
1411 2596 1479 2626 ἀλλὰ
1501 2596 1544 2625 διὰ
1564 2596 1612 2631 τὴν
1626 2599 1678 2625 τῶν
1697 2597 1797 2635 ἀρετῶν
