1890 2826
695 217 727 239 ΙΝ
755 214 882 246 ΙὸΑῙΑΜ,
912 214 987 237 CAP.
1018 214 1065 237 Vl.

96 280 281 321 θυσιαστηρίου
294 279 433 319 λαμὸάνει,
447 279 507 308 ἔνθα
521 279 548 307 αἱ
557 279 644 308 θυσίαι
659 277 864 318 προσεφέροντο,

97 334 143 363 καὶ
162 335 187 363 οἱ
205 332 335 373 καθαρμοὶ
348 334 400 362 τῶν
421 330 628 372 ἁμαρτημάτων.
653 331 689 360 Ei
710 329 738 359 δὲ
759 328 845 368 λέγοις
857 350 864 364 ,

95 388 152 419 πῶς
164 385 195 414 τὸ
208 384 294 424 στόμα
311 385 341 414 οὗ
365 384 481 420 κατεκάη
500 386 545 413 τοῦ
568 382 719 423 προφήτου;
739 380 867 411 Μάλιστα

95 436 144 474 μὲν
157 435 198 466 ὅτι
219 435 277 466 οὐδὲ
291 438 344 475 πῦρ
368 435 490 471 αἰσθητὸν
503 430 536 470 ἦν
549 434 580 463 τὸ
593 432 760 474 φαινόμενον·
782 430 867 463 ἄλλως

96 488 137 526 δὲ,
150 488 213 518 ἅπαν
226 490 241 517 ὁ
260 487 328 521 θεὸς
341 486 483 527 ἐργάζηταί
496 498 523 516 τι
534 508 542 524 ,
569 485 607 524 μὴ
629 482 844 524 πολυπραγμόνει
859 501 867 515 ,

96 540 164 580 μηδὲ
186 539 370 580 περιεργάζουι

133 591 206 622 1’Καὶ
230 591 281 631 γὰρ
306 592 425 631 ἐνεργοῦν
450 589 496 619 καὶ
517 588 640 625 αἰσθητὸν
666 590 721 627 π’ὕρ
745 586 866 626 σώμασιν

95 645 226 684 ὁμιλῆσαν
235 666 244 681 ,
266 642 300 672 τὰ
309 645 355 672 τοῦ
368 641 452 682 πυρὸς
472 643 520 671 οὔκ
532 639 692 675 ἐπεδείξατο.
710 640 745 669 Εἰ
760 638 789 668 δὲ
804 638 866 669 ἔνθα

94 696 254 736 κληματίδες
263 695 309 725 καὶ
321 694 422 731 πίσσα,
435 695 484 729 ἰ-’ῆς
499 693 596 731 οἰκείας
609 691 751 722 ἐπελάθετο
764 691 867 732 φύσεως

93 751 110 785 ἡ
124 748 201 789 φλὸξ,
209 747 236 777 τί
246 746 399 786 θαυμάζεις,
411 747 434 775 εἷ
446 748 491 775 νῦν
503 744 634 781 τοσαύτης
646 742 865 784 παραδοξοποιίας

93 800 234 840 γενομένης
247 799 373 840 ἐκάθηρεν
386 821 396 835 ,
418 799 477 828 ἀλλ’
496 799 543 827 οὒκ
556 797 651 827 ἔκαυσε
669 796 742 826 τουτὶ
752 795 783 825 τὸ
793 798 863 836 πῦρς

94 853 150 883 Καὶ
163 852 266 889 ἤκουσα
287 853 336 887 τ’ἧς
348 852 436 891 φωνῆς
449 849 548 890 Κυρίου
566 849 699 889 λέγοντος·
723 848 783 878 τίνα
796 850 866 878 ἀπο-

94 906 180 935 στελῶ
192 927 202 941 ,
228 904 274 934 καὶ
286 903 327 938 τίς
347 902 505 944 πορεύσεται
527 901 593 942 πρὸς
605 901 651 930 τὸν
674 892 738 931 λαὸν
754 903 866 936 τοῦτονς

1616 206 1654 239 81

920 275 971 314 pit,
985 275 1034 304 ubi
1047 275 1140 305 hostiae
1153 277 1332 307 efferebantur
1345 277 1561 317 expiationesque
1570 289 1661 319 pecca-

920 328 1019 351 torum.
1034 322 1115 359 Quod
1135 323 1158 352 si
1177 322 1280 353 dixeris
1294 334 1302 352 ε
1315 323 1459 359 Quomodo
1471 333 1502 352 os
1525 325 1661 365 propheta:

922 377 976 396 non
988 367 1115 397 adustum
1126 375 1165 398 est
1178 369 1192 397 P
1206 370 1286 399 Certe
1299 369 1363 408 quia
1376 368 1406 398 id
1422 369 1495 408 quod
1518 372 1662 410 apparebat

886 431 904 453 E
920 423 973 443 non
1000 421 1056 443 erat
1077 414 1148 453 ignis
1169 415 1314 450 sensibilis;
1329 416 1395 445 alitis
1408 426 1483 454 vero,
1505 419 1568 446 cum'
1581 419 1661 457 quid-

921 462 995 501 piam
1021 463 1096 492 Deus
1122 469 1263 503 operatur,
1291 473 1326 493 ne
1347 463 1452 493 curiose
1471 464 1591 504 inquiras
1619 466 1661 494 vel

920 508 1056 538 scruteris.

960 588 989 617 5.
1008 588 1115 618 Etenim
1131 588 1228 618 ardens
1240 596 1266 620 et
1285 589 1390 620 sensilis
1409 590 1480 630 ignis
1503 591 1663 631 corporibus

918 632 1043 663 admotus
1056 656 1064 670 ,
1091 645 1122 663 ea
1143 645 1196 664 non
1227 635 1313 665 effecit
1336 646 1397 674 quae
1416 643 1572 677 competunt
1593 637 1661 677 igni.

918 680 1000 717 Quod
1013 680 1036 710 si
1060 681 1108 711 uhi
1130 689 1272 718 sarmenta,
1286 689 1315 711 et
1337 682 1397 722 pix,
1420 683 1529 712 flamma
1547 684 1663 724 propriae

918 726 1002 756 oblita
1022 734 1063 757 est
1083 735 1196 765 naturae,
1220 727 1289 766 quid
1306 728 1413 758 miraris
1425 729 1449 758 si
1472 739 1544 759 nunc
1557 729 1585 759 in
1597 737 1662 767 ,tam

917 773 1050 813 stupendo
1073 784 1148 811 casu,
1166 775 1212 805 hic
1235 774 1306 814 ignis
1325 775 1494 814 purgaverit,
1513 786 1562 806 nec
1579 776 1661 806 adus-

917 819 999 848 serit?
1010 819 1041 850 8.
1058 821 1101 849 Et
1124 821 1226 851 audivi
1244 830 1348 850 vocem
1365 821 1489 850 Domini
1513 822 1637 851 dicentis
1652 832 1661 849 t

920 864 1011 903 Quem
1022 867 1148 902 mittam,
1162 873 1192 896 et
1205 868 1270 907 quis
1280 869 1335 896 ibit
1349 868 1390 896 ad
1402 869 1542 907 populum
1555 869 1633 898 hunc
1649 871 1664 896 Ρ

918 911 1019 942 Viden'
1044 920 1174 952 quantum
1195 914 1328 954 profuerit
1345 915 1426 950 visio,
1451 921 1577 953 quantam
1605 925 1661 944 rem

94 958 176 998 Ὁρᾷς
187 956 269 987 πόσῦν
280 957 376 993 ἤνυῦῑν
387 958 405 992 ἧ
418 955 493 995 ὄψις,
511 954 593 984 πόσον
604 953 778 994 κατώρθωσεν
789 955 804 983 ὃ
814 952 864 992 φό-
881 973 905 992 70
917 958 1058 997 perfecerit
1067 958 1148 988 timor
1161 959 1175 988 ἶ)
1197 960 1271 989 Licet
1280 960 1331 989 sub
1353 962 1450 998 Moyse
1464 960 1604 1000 quidpiam
1623 961 1660 990 si-

92 1009 152 1046 6⁰⁴3
162 1009 257 1039 Καίτοι
267 1020 298 1049 γε
309 1008 355 1038 καὶ
368 1007 413 1040 ἐπὶ
427 1007 563 1040 Μωῦσέως
575 1006 692 1037 τοιοῦτόν
704 1017 732 1036 τι
744 1005 850 1045 γέγονεν
858 1016 866 1023 ·
883 1001 904 1024 Α
918 1003 983 1032 mile
994 1011 1097 1044 gestum
1115 1004 1150 1034 sit
1163 1017 1171 1033 .-
1183 1005 1233 1034 etsi
1251 1006 1323 1034 enim
1345 1006 1488 1045 Seraphim
1500 1016 1554 1035 non
1577 1017 1660 1046 appa-

91 1063 116 1091 εἷ
131 1061 182 1102 γὰρ
198 1061 235 1101 μὴ
254 1060 378 1102 Σεραφὶμ
394 1059 496 1101 ἐφάνη,
521 1059 588 1099 μηδὲ
607 1058 684 1092 αὐτὸς
708 1058 752 1087 ἐπὶ
775 1058 866 1098 θρόνου

37 1109 41 1115 “
93 1114 257 1155 καθήμενος,
273 1115 332 1144 ἀλλ’
346 1113 418 1152 ὅμως
442 1112 529 1152 ἕτερον
540 1109 686 1151 παράδοξον
697 1109 783 1149 θέαμα
806 1109 866 1139 τότε

90 1166 197 1207 ἐδείχθη
208 1167 247 1206 τῷ
256 1165 394 1205 προφήτῃ,
417 1163 463 1194 καὶ
484 1166 612 1199 τοιοῦτον,
627 1163 664 1196 ὡς
677 1161 779 1202 μηδένα
791 1163 867 1191 ἀντι-

92 1218 192 1259 δλέψαι
199 1218 340 1254 δυνηθῆναι
346 1218 384 1257 τῷ
396 1215 555 1256 φαινομένῳ.
563 1214 599 1244 Ἡ
605 1214 656 1255 γὰρ
666 1213 745 1254 βάτος
751 1213 865 1250 ἐκαίετο,

92 1270 167 1309 φησὶ,
174 1269 220 1299 καὶ
230 1270 259 1298 οὗ
271 1267 434 1298 κατεκαίετο.
444 1266 513 1298 Ἀλλ’
524 1266 596 1306 ὅμως
605 1266 650 1296 καὶ
659 1266 716 1304 μετ’
723 1267 811 1295 ἐκεῖνα
819 1265 866 1296 καὶ

90 1322 138 1358 τὴν
150 1321 252 1358 πολλὴν
262 1323 310 1351 τῶ
324 1322 395 1351 Θεοῦ
418 1319 573 1360 παραίνεσιν
592 1321 607 1348 ὃ
627 1318 710 1358 μέγας
724 1318 866 1348 ἀναδύεται

90 1376 226 1412 Μωῦσῆς,
245 1373 292 1404 καὶ
304 1373 467 1410 σκήπτεται,
481 1371 526 1401 καὶ
538 1370 633 1411 μυρίας
646 1371 744 1400 ἐπινοεῖ
756 1370 864 1411 προφά-

90 1439 144 1461 σεις
156 1426 351 1468 παραιτήσεως,
363 1424 447 1465 λέγων
457 1436 464 1443 ·
483 1422 657 1464 Ἰσχνόφωνός
668 1425 724 1463 εἰμι
736 1423 783 1452 καὶ
797 1425 863 1463 βρα-

88 1479 246 1520 δῦγλωσσος,
266 1477 321 1514 καὶ,
337 1477 513 1518 Προχείρισαι
529 1475 560 1506 σὺ
575 1475 669 1511 ἄλλον,
680 1474 709 1505 ὃν
722 1474 863 1510 ἐξαποστε-

87 1533 153 1566 λεῖς.
177 1531 231 1562 Καὶ
244 1529 372 1571 Ἱερεμίας
384 1528 469 1565 δὲτὴν
478 1527 583 1565 ἡλικίαν
596 1527 787 1568 προὸάλλεται.
809 1526 863 1557 Καὶ

89 1583 218 1620 Ἰεζεκιὴλ
228 1582 256 1613 δὲ
270 1581 338 1622 μετὰ
345 1581 568 1617 τὸ,κελευσθῆναι,
580 1580 648 1610 ἑπτὰ
661 1579 789 1620 διατρίὸει
801 1578 863 1620 περὶ

89 1637 134 1666 τὸν
154 1635 274 1675 ποταμὸν
299 1634 416 1675 ἡμέρας,
436 1633 610 1672 ἀναδυόμενος
631 1632 676 1662 καὶ
697 1633 791 1662 ὀκνῶν.
813 1631 863 1662 Διὸ
880 1638 899 1663 Β

91 1688 136 1718 καὶ
146 1687 196 1724 τὴν
206 1686 361 1727 παραὸολὴν
370 1685 473 1721 ἐκείνην
485 1684 646 1725 προσέθηκεν
659 1686 674 1714 ὁ
687 1684 755 1718 Θεὸς
760 1683 844 1723 λέγων
855 1696 863 1703 ·

92 1740 197 1770 Σκοπὸν
211 1738 313 1769 δέδωκά
326 1749 356 1767 σε
369 1739 408 1777 τῷ
421 1736 487 1776 οἴκῳ
510 1735 636 1775 Ἰσραήλ·
655 1735 718 1771 καὶ,
742 1735 784 1765 ὅτι
805 1735 864 1772 Τὴν

92 1792 179 1832 ψυχὴν
193 1793 279 1821 αὐτῶν
293 1791 324 1819 ἐκ
344 1788 432 1829 χειρός
454 1799 500 1817 σου
515 1787 661 1823 ἐκζητήσω.
688 1787 779 1820 Ἰωνᾶς
792 1786 820 1816 δὲ
834 1788 864 1816 οὖ

93 1844 170 1883 μόνον
185 1841 374 1883 παρῃτήσατο,
389 1839 459 1870 ἀλλὰ
472 1839 518 1869 καὶ
532 1838 716 1879 ἔδραπέτευσε.
739 1837 776 1868 Τί
800 1833 863 1876 οῧν;

91 1894 283 1935 τολμηρότερος
295 1893 401 1923 πάντων
421 1893 436 1921 ὁ
458 1890 585 1927 Ἡσαΐας,
609 1890 655 1919 καὶ
669 1889 805 1924 Μωῦσέως
817 1892 864 1919 τοῦ

93 1947 223 1987 μεγάλου;
236 1945 290 1976 Καὶ
301 1945 341 1979 τίς
355 1944 385 1974 ἂν
398 1946 475 1973 τοῦτο
486 1943 574 1979 εἴποις
595 1941 681 1972 Πόθεν
699 1938 743 1973 οὖν
755 1942 864 1972 κελευό-

94 2011 169 2038 μενος
180 2000 276 2032 ἐκεῖνος
295 1996 431 2033 ἀνεδύετο,
451 1991 524 2029 οὗτος
538 1995 566 2024 δὲ
580 1994 618 2034 μὴ
632 1995 749 2035 φανερῶς
770 1996 864 2024 ἐπιτα-

93 2038 147 2091 γίὶς
160 2050 332 2087 εἰσεπήδησεν
342 2061 350 2086 ;
368 2048 439 2079 Οὐδὲ
449 2047 500 2088 γὰρ
511 2042 597 2082 εἶπεν,
610 2047 707 2077 ἄπελθε
717 2059 724 2066 ·
739 2047 808 2077 ἀλλὰ
819 2050 864 2077 τοῦ

94 2105 164 2134 Θεοῦ
185 2102 305 2141 λέγοντος
316 2122 325 2137 ,
349 2102 374 2131 Τ
376 2101 417 2130 ίνα
443 2101 583 2130 ἀποστελῶ
595 2111 603 2136 ;
624 2099 730 2139 ἥρπασε
756 2099 787 2128 τὸ
805 2099 863 2129 ἐπί-

95 2166 195 2195 ταγμα.
204 2155 282 2188 Τινὲς
296 2153 344 2193 μὲν
357 2148 402 2182 οὖν
413 2164 510 2193 φασιν,
529 2153 570 2181 ὅτι
585 2151 675 2188 ἐπειδὴ
687 2151 791 2192 ἥμαρτε
800 2174 808 2188 ,
820 2151 864 2181 τὸν

918 1048 1032 1084 ruerint,
1047 1059 1095 1078 nec
1108 1050 1181 1078 Deus
1204 1050 1231 1079 in
1245 1050 1314 1080 solio
1326 1050 1420 1080 sedens
1428 1063 1438 1089 ;
1453 1058 1568 1081 attamen
1585 1052 1661 1081 aliud

917 1094 1080 1133 stupendum
1089 1095 1273 1135 spectaculum
1286 1103 1351 1126 tune
1360 1098 1497 1138 prophetae
1509 1099 1661 1129 exhibitum

918 1146 966 1177 est,
978 1146 1134 1179 tantumque
1155 1147 1184 1170 ut
1194 1152 1273 1172 nemo
1286 1142 1314 1171 in
1332 1142 1405 1172 illud
1421 1144 1553 1184 respicere
1565 1146 1659 1186 possit.

917 1187 1018 1217 Rubus
1027 1187 1100 1216 enim
1119 1189 1252 1226 ardebat,
1273 1189 1373 1228 inquit,
1389 1196 1418 1219 et
1431 1201 1491 1220 non
1513 1194 1660 1222 combure·
1671 1198 1748 1219 Exod.
1761 1197 1815 1225 ,353⁴

918 1234 1013 1262 batur.
1037 1234 1159 1263 Attamen
1177 1234 1257 1264 etiam
1270 1242 1331 1275 post
1346 1235 1403 1271 illa,
1422 1243 1450 1266 et
1471 1245 1533 1277 post
1549 1239 1662 1269 multam

914 1278 966 1307 Dei
979 1278 1202 1316 adhortationem,
1213 1280 1362 1310 reluctatur
1375 1288 1459 1311 tamen
1484 1285 1593 1323 Moyses
1614 1285 1662 1314 illc

917 1333 1041 1362 magnus,
1061 1324 1243 1363 causificatur,
1258 1336 1289 1355 ac
1311 1335 1447 1358 sexcentas
1466 1330 1599 1370 excogitat
1619 1341 1661 1360 re-

916 1368 1030 1398 cusandi
1055 1380 1150 1400 causas
1167 1370 1280 1401 dicens:
1302 1373 1430 1403 Gracilis
1452 1377 1535 1405 vocis
1551 1386 1614 1406 sum
1633 1383 1662 1406 et
1674 1381 1750 1403 Exost.
1764 1382 1787 1409 s..

915 1416 1021 1456 lingua
1047 1418 1172 1454 tardus;
1194 1425 1231 1456 et,
1251 1419 1356 1460 Delige
1378 1427 1411 1450 tu
1431 1422 1523 1452 alium
1539 1445 1547 1459 ,
1574 1434 1661 1463 quem
1671 1411 1783 1465 Je’J.'¹3‚'·,
1809 1458 1817 1466 ·

917 1464 1028 1493 mittas.
1050 1463 1181 1494 ‚Ieremias
1193 1475 1258 1494 vero
1276 1473 1380 1496 aetatem
1396 1473 1514 1497 teneram
1528 1468 1659 1500 obtendit.

916 1509 1041 1539 Ezechiel
1061 1516 1150 1539 autem
1174 1518 1317 1551 postquam
1334 1514 1425 1553 jussus
1445 1514 1542 1552 suerat,
1562 1523 1663 1556 septem

915 1555 1012 1585 diebus
1031 1555 1102 1585 circa
1125 1556 1226 1586 flumen
1250 1565 1389 1596 versatur,
1413 1560 1546 1590 reluctans
1558 1568 1584 1591 et
1609 1569 1662 1592 ter-

917 1601 1062 1641 giversans.
1076 1601 1140 1632 Ideo
1154 1604 1310 1643 parabolam
1328 1605 1401 1635 illam
1414 1608 1487 1636 Deus
1502 1607 1600 1647 adjecit
1615 1608 1662 1638 di-

917 1658 996 1677 cens:
1012 1647 1227 1687 Speculatorem
1252 1657 1280 1680 te
1293 1651 1364 1681 dedi
1381 1653 1482 1682 domui
1492 1655 1589 1684 Israel
1597 1668 1610 1690 ;
1624 1662 1660 1692 et,
1672 1663 1754 1685 Eme.
1775 1662 1800 1686 3.

919 1693 1062 1723 Animam
1078 1704 1177 1724 eorum
1187 1696 1224 1724 de
1234 1706 1324 1726 manu
1342 1704 1394 1727 tua
1403 1701 1564 1738 requiram.
1578 1702 1661 1731 Jonas
1675 1700 1711 1726 Ι7·
1726 1695 1760 1717 ¹3·

917 1745 1006 1768 autem
1023 1749 1078 1768 non
1099 1739 1181 1769 modo
1204 1742 1347 1778 recusavit,
1373 1743 1420 1772 sed
1441 1745 1522 1774 etiam
1543 1746 1660 1786 aufugit.

918 1784 993 1821 Quid
1016 1784 1100 1824 igitur
1113 1785 1128 1814 Ρ
1157 1785 1319 1816 audaciorne
1343 1789 1469 1818 omnibus
1495 1791 1546 1820 fuit
1568 1793 1661 1827 1saias,

917 1828 1049 1866 etiamque
1062 1838 1158 1867 magno
1180 1829 1229 1859 illo
1251 1832 1368 1870 Moyse?
1381 1833 1451 1869 Quis
1472 1833 1529 1863 haec
1541 1834 1664 1865 dixerit?

917 1875 974 1903 Cur
997 1883 1061 1913 ergo
1083 1873 1132 1904 ille
1150 1875 1243 1915 jussus
1265 1877 1456 1915 reluctabatur,
1476 1880 1521 1910 hic
1534 1891 1598 1911 vero
1610 1892 1662 1912 non

917 1925 1008 1959 aperte
1014 1920 1117 1959 jussus,
1129 1920 1251 1951 insiliens
1263 1929 1360 1962 praesto
1376 1923 1428 1953 fuit
1439 1924 1453 1953 Ξ)
1476 1927 1570 1965 Neque
1592 1927 1663 1957 enim

919 1965 1000 2003 dixit,
1024 1965 1102 1996 Vade
1118 1977 1124 1993 :
1140 1966 1188 1996 sed
1211 1969 1268 1997 Deo
1279 1968 1395 2006 dicente,
1414 1973 1505 2010 Quem
1526 1975 1638 2003 mittam
1650 1977 1664 2002 Ρ

916 2012 1022 2051 jussum
1033 2011 1081 2041 ille
1088 2012 1218 2053 abripuit.
1235 2013 1353 2051 Quidam
1368 2023 1438 2046 certe
1458 2016 1563 2055 dicunt,
1588 2030 1661 2057 eum,

918 2057 982 2096 quia
995 2065 1161 2098 peceaverat,
1173 2059 1247 2098 quod
1265 2071 1317 2090 non
1329 2062 1543 2102 reprehendisset
1558 2065 1663 2100 Oziam‚

919 2104 967 2143 qui
987 2104 1015 2133 in
1029 2103 1110 2145 adyta
1122 2115 1151 2135 se
1171 2105 1346 2137 intromittere
1366 2119 1446 2138 ausus
1459 2116 1508 2145 est,
1525 2117 1555 2140 ut
1567 2111 1602 2141 de
1615 2112 1664 2141 illo

920 2156 1027 2190 peccato
1038 2160 1095 2180 sese
1107 2159 1234 2191 purgaret
1249 2162 1297 2192 per
1309 2153 1472 2184 alacritatem
1493 2156 1662 2195 obedientiae,

96 2206 188 2241 ,Οζίαν
201 2207 249 2236 οὒκ
262 2205 368 2246 ἐλέγξας
382 2205 590 2243 χατατολμῶντα
600 2206 652 2233 τῶν
667 2203 779 2240 ἀδύτων,
799 2203 866 2244 ὓπὲρ
884 2206 903 2229 c
920 2197 1009 2226 statim
1027 2196 1165 2234 insiliisse,
1180 2205 1210 2228 ut
1228 2200 1315 2228 Deum
1335 2200 1459 2240 placaret.
1474 2201 1578 2232 Idcirco
1591 2204 1664 2233 enim

97 2258 196 2294 ἐκείνης
207 2256 362 2297 βουλόμενος
373 2256 590 2296 ἀπολογήσασθαι
599 2258 647 2292 τῆς
659 2256 790 2296 ἁμαρτίας
799 2279 807 2294 ,
832 2259 865 2296 τῇ

98 2310 165 2349 μετὰ
175 2311 259 2339 ταῦτα
271 2309 404 2349 προθυμίᾳ
412 2311 459 2344 τῆς
469 2310 587 2344 ὗπακοῆς
596 2308 748 2344 ἐπεπήδησε
756 2308 868 2348 ταχέως,

97 2363 166 2392 ὥστε
178 2361 365 2396 ἔξιλεώσασθαι
376 2361 420 2390 τὸν
431 2360 509 2390 Θεόν.
524 2360 576 2390 Διὰ
587 2360 638 2400 γὰρ
651 2363 728 2389 τοῦτο
742 2360 787 2390 καὶ
799 2361 867 2391 ἀκά-

98 2418 181 2454 θαρτα
196 2414 230 2443 τὰ
243 2412 321 2453 χείλη
336 2414 415 2442 αὐτοῦ
435 2412 524 2451 ἔλεγεν
538 2407 605 2441 εἶναι
616 2435 624 2449 ,
644 2411 687 2441 διὰ
700 2411 730 2440 τὸ
743 2413 867 2452 ἀπαῤῥη-

99 2467 216 2496 σίαστον.
226 2465 295 2495 Ἀλλ’
308 2465 355 2493 οὐκ
366 2464 396 2492 ἂν
405 2463 569 2503 ἀνασχοίμην
577 2466 628 2493 τῶν
637 2466 721 2492 ταῦτα
730 2464 867 2503 λεγόντων·

100 2517 308 2557 ἀξιοπιστότερος
327 2515 379 2556 γὰρ
397 2516 483 2544 αὐτῶν
504 2518 519 2544 ὁ
543 2516 657 2551 Παῦλος,
691 2517 705 2543 ὁ
734 2516 867 2555 τολμήτην

920 2243 1027 2283 impura
1045 2253 1102 2272 esse
1115 2243 1186 2272 labia
1199 2255 1246 2273 sua
1260 2244 1377 2283 dicebat,
1390 2247 1463 2285 quod
1477 2258 1530 2276 non
1543 2249 1665 2279 libertate

921 2288 1049 2328 loquendi
1060 2300 1125 2318 usus
1143 2297 1220 2319 esset.
1243 2293 1276 2320 At
1289 2292 1389 2331 eosqui
1403 2293 1466 2322 talia
1479 2294 1575 2324 dicunt
1596 2296 1665 2325 ferre

921 2345 974 2364 uon
987 2335 1171 2375 possimmam
1185 2335 1240 2365 fide
1252 2335 1361 2376 dignior
1373 2338 1428 2367 illis
1438 2347 1476 2368 est
1489 2340 1600 2378 Paulus,
1616 2342 1663 2379 qui

920 2381 1049 2411 audacem
1061 2381 1138 2410 illum
1161 2389 1238 2412 vocat
1250 2389 1276 2411 et
1296 2383 1343 2420 ait,
1367 2387 1462 2414 Isaias
1485 2396 1558 2414 vero
1575 2387 1663 2416 audet
1674 2406 1740 2426 Rom*
1765 2413 1791 2427 ,Ο

921 2434 948 2456 et
968 2428 1048 2456 dicit.
1078 2427 1142 2456 Ideo
1169 2428 1253 2467 igitur
1276 2439 1329 2458 non
1343 2440 1376 2458 cx
1395 2431 1530 2460 communi
1551 2431 1618 2470 lcgc,
1635 2439 1664 2462 ut
1675 2443 1712 2458 20.

921 2473 996 2502 aiunt
1011 2495 1019 2510 ,
1042 2480 1155 2503 mortem
1168 2473 1246 2511 obiit,
1262 2474 1309 2503 sed
1330 2476 1518 2514 gravissimum
1537 2476 1664 2506 sustinuit

922 2519 1098 2559 supplicium,
1114 2518 1217 2549 Judaeis
1229 2519 1286 2559 ejus
1299 2520 1425 2558 loquendi
1446 2521 1596 2551 libertatem
1611 2532 1664 2552 non

135 2610 148 2629 1¹
166 2609 224 2634 llaec
236 2612 351 2641 spectant
362 2605 395 2631 ad
411 2611 460 2631 tres
471 2613 561 2638 pueros
573 2610 598 2630 et
608 2603 640 2630 ad
650 2605 777 2632 fornacem
789 2608 852 2641 iguis
859 2608 978 2634 ardentis·
