1904 2840
0 512 99 544 uc.32.9.

602 218 635 240 ΙΝ
662 216 876 241 ΜΔΤΤΗᾹΞΠΜ.
906 216 1024 239 nomn.
1044 216 1141 239 XXXI.

1576 202 1646 238 865

111 279 180 309 kuic
189 280 320 318 pessimoe
331 290 340 307 ε
350 277 524 346 compellitur
536 277 570 307 ad
592 277 725 318 populum
737 277 847 308 Judaeo-
866 280 886 303 Α
904 287 952 316 per
969 277 1079 306 illorum
1089 277 1349 316 contemplationem,
1363 276 1511 306 divinitatis
1522 277 1580 317 ejus
1594 279 1644 308 oh-

110 329 171 349 rum
190 318 287 347 referre
307 318 407 358 parabo
419 328 472 353 am,
493 324 524 346 ut
544 317 695 347 intellectus
718 317 771 346 loci
795 327 848 346 non

110 368 195 397 vagus
205 379 212 393 ,
227 364 273 387 aut
286 357 428 393 instabilis,
443 357 471 386 in
481 357 588 386 diverso
598 357 682 394 ssexu,
696 364 776 395 atque
788 367 850 386 con-

110 397 314 426 tradictionibus
333 397 488 434 aliquorum
507 397 642 432 turbetur,
656 396 704 425 sed
717 396 812 425 firmus
822 403 848 425 et

109 436 224 472 stabilis,
240 437 285 466 vel
294 436 330 466 ad
352 437 451 476 priora,
465 436 509 466 vel
523 437 557 466 ad
575 437 721 476 posteriora
735 446 848 476 respon—

109 475 181 505 deat.
195 477 268 507 Vere
275 477 347 506 enim
358 476 514 505 immundus
523 476 634 515 spiritus
643 487 658 505 a
672 477 690 505 J
693 474 775 504 udzeis
789 476 848 504 exi-

110 515 161 551 vit,
174 517 300 554 quoniam
316 516 388 545 ‘facta
402 522 442 545 est
460 516 562 545 Porcio
587 516 705 544 Domini
723 515 848 554 populus

110 557 200 594 ipsius
208 556 302 593 Jacob
307 578 315 592 ‚
315 555 475 596 funiculus
484 556 653 584 hereditatis
666 557 729 594 ejus
734 554 829 584 lsrael
838 566 846 582 .-

110 594 155 624 vel
167 595 294 633 quoniam
303 601 462 640 acceperunt
476 595 571 632 legem.
588 595 726 635 Expulsus
734 600 820 623 autem
833 604 849 623 a

111 634 224 670 Judaeis,
237 634 387 665 ambulant
398 645 445 674 per
457 634 545 663 aridas
555 642 656 674 gentes,
671 636 719 664 sed
729 635 849 674 requiem

111 673 164 703 sibi
178 683 231 703 non
252 674 340 714 potuit
359 674 479 703 invenire
490 674 518 703 in
529 674 568 703 eis
581 686 588 703 ε
603 675 729 713 quoniam
752 685 848 705 secun-

111 712 179 742 dum
197 714 365 754 propositum
383 714 530 744 vocationis
555 714 605 743 Dei
629 721 696 748 erat,
712 720 742 742 ut
758 725 850 744 omnes

113 760 202 791 gentes
216 754 335 783 venirent
355 753 390 782 ad
413 753 503 782 fidem.
518 754 579 782 Non
602 753 740 783 inveniens
761 761 850 783 autem

112 794 233 831 requiem
244 793 273 822 in
287 793 421 831 gentibus,
431 792 502 822 dixit
518 804 525 821 ε
538 794 677 822 Reuertar
686 795 718 822 in
731 793 850 823 domum

113 842 208 863 meam
221 833 300 862 unde
313 834 399 862 exivi.
416 833 508 862 Habeo
520 832 639 869 Judaeos‚
653 843 720 871 quos
733 840 794 863 ante
805 834 848 862 di-

114 872 249 901 miseram.
258 873 300 901 Et
314 874 436 901 veniens
447 873 560 901 invenit
570 882 708 909 vacuam,
723 874 851 911 quoniam

9 913 169 953 cu'vnijam
184 912 312 942 Dominus
325 922 378 941 non
387 918 443 941 erat
454 911 481 940 in
494 914 543 948 eis,
558 911 606 940 sed
615 923 663 942 nee
675 914 796 951 spiritus,
813 924 852 943 se-

0 958 103 982 =.=3.35.

0 1403 35 1419 oe.
47 1403 70 1419 2.
79 1404 101 1427 9.

0 2467 13 2483 ,·.
28 2467 63 2483 ιι.

6 2490 47 2514 3ι.

113 951 234 983 cundum
246 950 320 990 quod
330 952 434 981 dictum
446 951 533 980 fuerat
543 951 578 980 de
596 952 634 981 eis
649 964 656 981 :
671 953 749 982 Ecce
762 953 851 982 relin-

154 1000 220 1023 etur
228 993 312 1020 vobis
331 992 432 1021 domus
444 997 543 1020 vestra
556 991 788 1022 desertaNidens
801 1004 853 1022 au-

124 1044 167 1063 em
177 1042 222 1063 eos
233 1030 358 1060 diabolus
367 1031 509 1060 mundatos
522 1031 611 1060 verbis
622 1032 738 1061 scientia:
758 1033 806 1062 Dei
817 1033 852 1061 ab

112 1071 271 1112 ignorantia,
284 1072 362 1110 quasi
378 1071 542 1109 quibusdam
555 1071 740 1110 spiritualibus
754 1072 851 1112 scopis,

112 1120 219 1142 ornatos
243 1118 333 1140 autem
350 1110 582 1140 observationibus
600 1110 667 1149 legis
684 1124 690 1140 ε
713 1118 852 1151 propterea

112 1161 249 1182 assumens
261 1161 351 1179 seeum
363 1157 463 1190 septem
475 1150 587 1189 spiritus
600 1150 739 1189 nequiores
752 1161 792 1187 se,
808 1162 853 1180 se—

111 1192 231 1222 cundum
245 1189 320 1229 quod
332 1200 414 1229 supra
429 1189 602 1224 tradidimus,
617 1190 749 1220 habitavit
761 1190 787 1220 in
801 1191 850 1220 cis.

112 1232 149 1261 Et
163 1232 231 1261 faeta
245 1235 307 1259 sunt
319 1230 464 1269 posteriora
479 1230 574 1269 populi
586 1230 661 1258 illius
671 1231 762 1270 pejora
774 1231 853 1270 prio-

114 1271 200 1300 ribus.
214 1272 283 1301 Nam
295 1269 317 1298 si
333 1269 420 1308 prius,
434 1270 483 1298 etsi
504 1269 619 1299 cultores
639 1270 690 1298 Dei
700 1280 753 1299 non
766 1277 851 1306 crant,

113 1317 201 1340 tamen
213 1321 261 1340 nec
285 1309 464 1338 interfectores
485 1316 578 1338 erant:
594 1316 619 1338 et
651 1309 706 1338 rius
727 1311 852 1348 quamvis

113 1350 257 1390 peccabant
269 1349 298 1377 in
306 1356 478 1384 eum‚¹tamen
490 1349 608 1388 populus
643 1349 763 1378 icebatur
777 1350 826 1379 Dei
842 1362 849 1378 :

114 1396 202 1428 postea
226 1395 324 1423 autem,
344 1387 414 1418 sieut
434 1387 695 1425 testatur‚Joannes‚
717 1399 850 1429 synagoga

112 1429 174 1458 facti
198 1436 260 1458 sunt
283 1434 390 1457 satanae.
419 1427 582 1457 Accedentes
598 1435 688 1457 autem
707 1438 850 1468 possumus

112 1468 295 1498 aedificationis
307 1467 392 1506 gratia
410 1468 490 1496 etiam
503 1466 538 1496 ad
558 1467 694 1497 haereticos
709 1469 851 1498 transferre

112 1518 272 1538 oennonem.
294 1505 454 1536 Immundus
477 1507 548 1535 enim
567 1507 688 1546 spiritus,
709 1508 755 1545 qui
771 1508 797 1536 in
812 1509 850 1538 eis

111 1555 173 1577 ante
193 1548 369 1579 habitaverat,
384 1545 491 1584 quando
511 1547 623 1584 gentiles
643 1553 729 1581 erant,
752 1547 851 1586 ejectus

112 1594 163 1622 est,
179 1586 286 1625 quando
303 1585 364 1614 facti
383 1592 445 1614 sunt
460 1584 607 1614 Christiani
622 1597 628 1613 :
644 1585 690 1623 qui
710 1586 852 1625 perambu-

113 1626 171 1655 lans
185 1625 296 1665 gentiles
313 1630 431 1659 caeteros,
447 1630 473 1652 ct
486 1634 539 1653 non
561 1624 697 1653 inveniens
719 1625 792 1664 apud
806 1636 851 1655 eos

113 1666 243 1704 requiem,
254 1663 426 1694 credentibus
436 1662 560 1692 videlicet
573 1663 719 1692 secundum
731 1670 851 1704 tempora

111 1705 191 1735 etiam
204 1714 239 1733 ex
251 1704 315 1743 ipsis
328 1703 355 1731 in
365 1703 484 1742 Christo,
497 1713 619 1732 reversus
630 1710 670 1732 est
681 1703 707 1731 in
718 1713 775 1740 eos,
784 1714 851 1742 quos

113 1743 266 1785 possederat
285 1749 354 1772 ante.
378 1743 519 1772 Inveniens
540 1749 627 1772 autem
652 1753 696 1772 eos
718 1754 816 1776 vacuos
835 1754 850 1773 a

112 1785 217 1824 Spiritu
231 1790 332 1818 sancto,
348 1792 447 1818 vacuos
463 1793 478 1810 a
497 1781 593 1811 timore
606 1782 666 1817 Dei,
685 1789 710 1811 et
724 1783 851 1822 Operibus

112 1824 190 1853 bonis
210 1823 354 1861 (quoniam
366 1821 476 1862 spiritus
490 1820 599 1860 quidem
614 1822 768 1851 immundus
781 1823 852 1852 exie-

113 1870 154 1892 rat
166 1863 201 1892 ab
211 1862 250 1893 eis
262 1869 372 1903 propter
394 1871 489 1890 nomen
501 1860 614 1898 Christi,
629 1862 748 1901 Spiritus
761 1869 849 1891 autem

113 1910 219 1932 sanetus
232 1912 284 1931 non
296 1907 486 1941 supervenerat
495 1900 545 1934 eis,
561 1908 669 1940 propter
682 1901 782 1930 malum
791 1912 850 1946 pro-

114 1942 229 1982 positum
241 1941 329 1970 coidis
343 1951 447 1976 eorum,
461 1946 487 1969 et
505 1950 584 1979 opera
598 1941 696 1978 mala),
711 1940 849 1971 inveniens

111 1991 157 2011 eos
169 1980 310 2011 mundatos
328 1980 426 2020 scopis,
439 1978 566 2018 qualibus
585 1979 705 2009 diximus
718 1991 810 2020 supra,
824 1979 850 2010 et

111 2028 218 2050 ornatos
237 2020 451 2050 institutionibus
474 2018 627 2059 apostolicis
643 2032 648 2047 z
664 2020 789 2049 assumsit
807 2031 850 2049 se-

111 2071 173 2090 cum
186 2060 254 2090 alios
267 2066 367 2100 septem
386 2059 497 2099 spiritus
510 2058 659 2096 nequiores,
675 2066 701 2088 et
711 2059 848 2089 inhabita-

109 2099 151 2128 vit
164 2100 191 2129 in
214 2100 265 2136 eis,
279 2106 305 2128 et
326 2100 392 2128 facta
410 2106 472 2128 sunt
492 2098 636 2127 novissima
661 2098 847 2129 haereticorum

108 2140 200 2206 gejora
216 2139 363 2179 prioribus.
382 2138 522 2168 Haeretieos
535 2138 659 2176 gentibus
673 2149 729 2168 esse
745 2139 848 2178 pejores

130 2178 214 2207 ubitat
235 2188 320 2207 nemo.
343 2177 474 2211 Primum,
490 2177 552 2216 quia
575 2177 685 2216 gentiles
709 2189 756 2218 per
768 2178 845 2217 igno-

109 2218 224 2246 rantiam
238 2217 376 2246 Christum
395 2217 597 2257 blasphemant,
618 2217 734 2247 haeretici
758 2225 845 2247 autem

108 2256 219 2286 seientes
229 2256 330 2285 Christi
349 2256 449 2285 laniant
462 2256 610 2286 veritatem.
627 2255 730 2286 Deinde
743 2257 805 2295 quia
818 2257 846 2286 in

108 2295 164 2325 illis
181 2296 223 2325 vel
235 2306 248 2324 s
268 2306 296 2324 es
315 2294 377 2324 fidei
391 2301 440 2330 est,
457 2295 483 2323 in
503 2294 560 2323 istis
580 2301 668 2324 autem
682 2296 846 2326 incessabilis

107 2346 196 2375 pugna
207 2342 232 2364 et
262 2334 384 2364 iscordia.
399 2335 448 2363 46.
458 2333 568 2362 Adhuc
577 2344 610 2363 eo
623 2334 769 2374 loquente,
782 2345 846 2365 ecce
855 2334 861 2337 ”

107 2381 201 2403 mater
216 2375 350 2416 etsmter
362 2376 434 2413 ejus,
444 2381 492 2403 etc.
506 2372 610 2405 videns
630 2373 766 2409 diabolus,
783 2375 846 2413 quia

107 2414 281 2453 persuadebat
291 2414 399 2454 populis
417 2413 552 2449 Christus,
561 2422 618 2441 esse
630 2422 658 2442 se
672 2413 773 2442 Filium
783 2414 845 2451 Dei,

106 2452 198 2483 dicens
211 2465 217 2482 :
234 2455 274 2482 Et
288 2464 353 2482 ecce
392 2453 438 2482 lus
452 2463 541 2492 quam
552 2453 646 2481 Jonas
662 2453 720 2488 hic,
736 2459 763 2482 et
775 2453 846 2498 plus
866 2476 869 2480 .

128 2503 197 2521 uam
213 2493 351 2522 Salomon
385 2495 412 2522 ic
425 2504 436 2521 .·
452 2491 542 2522 timuit
555 2492 636 2525 enim,
649 2502 682 2520 ne
695 2492 718 2521 si
732 2493 781 2522 Dei
795 2494 818 2522 F
820 2493 846 2522 i-

106 2503 160 2560 lqius
176 2539 350 2571 cognoscatur
369 2532 427 2567 ille,
442 2531 488 2571 qui
512 2531 657 2571 putabatur
676 2531 767 2568 homo,
791 2532 847 2572 ipse

105 2570 308 2609 derelinquatur
322 2571 357 2601 ab
370 2571 506 2601 omnibus.
521 2569 564 2599 Ad
580 2570 776 2601 convincendos
792 2581 850 2601 ser-

106 2619 196 2639 mones
205 2611 263 2650 ejus
271 2610 473 2646 subintroduxit
486 2616 608 2649 parentes
620 2610 679 2650 ejus
688 2611 850 2649 carnates,ut

904 323 1022 345 scuraret
1036 323 1168 345 naturam.
1184 317 1300 355 Ideoque
1313 317 1387 346 venit
1396 317 1495 355 aliquis
1507 318 1581 355 quasi
1591 318 1646 347 dia-

903 355 959 384 lfoli
968 355 1174 394 advocatus,qui
1184 356 1301 385 humano
1311 366 1356 385 ore
1368 357 1450 386 verba
1461 357 1594 386 diabolica
1605 358 1646 387 lo-

904 402 1041 433 queretur,
1055 395 1167 424 djcens?
1181 396 1231 424 47.
1245 397 1322 424 Ecce
1332 403 1424 425 mater
1435 403 1497 433 tua,
1503 404 1530 425 et
1531 398 1646 438 fratres

906 437 949 463 tui
953 435 1035 476 foris
1049 441 1140 471 stant,
1154 435 1286 464 volentes
1298 436 1380 475 loqui
1396 442 1499 464 tecam.
1514 438 1553 466 Ac
1566 437 1589 465 si
1603 437 1646 466 di-

904 480 945 502 cat
963 485 969 502 :
985 473 1060 511 Quid
1071 475 1205 513 gloriaris,
1222 475 1297 511 vau,
1310 475 1343 503 de
1356 476 1421 504 caelo
1434 475 1526 505 dicens
1540 476 1647 505 descen-

905 512 987 549 disse,
1008 514 1056 552 qui
1083 514 1184 544 radices
1203 515 1284 543 habes
1309 515 1336 543 in
1356 515 1443 543 terra?
1453 516 1531 544 Ecce
1554 522 1649 545 mater·

906 558 967 588 tua,
981 561 1009 582 et
1025 554 1140 593 fratres
1159 556 1212 583 tui.
1228 555 1287 583 Non
1308 560 1461 594 potestesse
1484 555 1570 584 Filius
1584 556 1646 592 Dei,

905 602 985 631 quem
1004 593 1303 632 homiuesgenuerunt.
1320 595 1379 622 Nou
1396 601 1470 633 potes
1491 595 1570 624 illum
1584 596 1648 624 abs-

905 631 1029 668 condere,
1037 643 1118 671 quem
1131 640 1225 662 natura
1239 633 1383 662 convincit.
1392 634 1469 662 Tunc
1480 635 1558 664 Jesus
1571 635 1648 673 quasi

905 671 1040 701 hominem
1054 672 1164 711 quidem
1177 673 1333 713 aspiciebat,
1347 679 1433 701 tamen
1447 684 1510 702 vere
1523 674 1648 703 diabolus

906 710 1076 749 loquebatur.
1087 712 1140 742 46.
1155 713 1197 742 Et
1215 716 1278 751 quis
1287 719 1330 741 est
1352 719 1445 741 mater·
1455 723 1531 750 mea,
1546 721 1573 742 et
1579 714 1649 754 fra·

908 756 965 779 tres
978 753 1055 779 mei?
1076 752 1172 781 Nescio
1197 759 1318 792 parentes
1340 751 1367 780 in
1390 752 1503 789 mundo,
1518 753 1565 792 qui
1588 760 1649 782 ante

907 790 1003 819 mundi
1027 792 1243 821 constitutionem
1265 791 1399 821 mundum
1424 793 1523 822 creavi.
1550 793 1648 822 Nescio

907 830 1072 876 principium
1085 842 1118 860 ex
1130 842 1209 861 carne
1220 831 1305 868 (sicut
1325 832 1438 861 Fotiuus
1450 832 1647 870 existimabat),

1709 843 1802 864 Photini

908 880 957 911 qui
967 881 1024 914 jam
1035 880 1062 899 1n
1072 871 1207 911 principio
1215 882 1287 900 eram
1301 870 1373 911 apud
1383 872 1481 900 Deum.
1493 873 1562 901 Nam
1576 872 1648 912 quod
1659 875 1753 896 haeresis.

907 911 1042 939 hominem
1067 921 1110 940 me
1137 911 1244 947 videtis,
1259 912 1450 940 vestimentum
1474 922 1563 941 meum
1590 920 1629 942 est
1640 934 1649 949 ,

907 962 960 981 nou
973 956 1079 979 natura.
1091 951 1142 980 49.
1157 952 1198 980 Et
1219 951 1349 979 extendit
1360 957 1445 979 caute
1463 962 1567 981 manus
1581 962 1649 981 suas

907 1000 994 1030 super
1012 990 1169 1028 apostolos,
1193 991 1267 1019 dixit
1286 1002 1296 1018 .·
1318 990 1396 1018 Ecce
1415 997 1508 1019 mater
1528 1002 1602 1027 mea,
1622 997 1650 1020 et

899 1032 1015 1071 fratres
1033 1031 1098 1059 mei.
1114 1031 1174 1059 Nou
1193 1039 1320 1069 spernens
1340 1030 1534 1068 generationem
1553 1042 1650 1060 carua-

908 1071 972 1107 lem,
988 1080 1075 1109 neque
1096 1070 1252 1100 erubescens
1275 1069 1419 1098 humanam
1441 1071 1646 1110 susceptionem,

907 1111 960 1140 tale
973 1110 1048 1139 dedit
1061 1119 1217 1149 responsum
1233 1121 1239 1137 :
1254 1109 1301 1138 sed
1312 1108 1404 1138 volens
1422 1109 1570 1146 ostendere,
1585 1111 1648 1149 quia

908 1149 1086 1190 praeponenda
1099 1156 1138 1178 est
1156 1150 1277 1189 cognatio
1291 1159 1303 1177 s
1323 1149 1438 1177 iritualis
1451 1150 1562 1178 carnali.
1579 1151 1649 1180 Nam

908 1189 1022 1219 carnalis
1045 1190 1177 1229 cognatio,
1201 1199 1252 1218 non
1274 1159 1428 1218 volientibus
1451 1189 1539 1225 nobis,
1562 1200 1647 1229 neque

909 1229 1065 1266 scientibus,
1081 1230 1221 1269 contingit.
1236 1230 1298 1258 Non
1311 1227 1382 1257 enim
1394 1229 1577 1267 unusquisque
1597 1240 1647 1270 ve-

909 1276 994 1299 strum
1008 1276 1149 1298 consuetus
1175 1276 1214 1298 est
1225 1268 1341 1307 cogitare
1364 1278 1480 1306 quorum
1493 1269 1544 1297 erit
1561 1269 1646 1306 filius,

907 1316 954 1338 aut
974 1319 1090 1347 quorum
1103 1316 1230 1349 cognatus
1246 1320 1252 1337 :
1265 1307 1433 1347 spiritualem
1447 1314 1535 1336 autem
1547 1319 1648 1348 cogna-

907 1349 1005 1378 tionem
1024 1359 1057 1378 ex
1081 1349 1221 1389 proposito
1241 1347 1426 1386 unusquisque
1439 1357 1488 1387 per
1502 1347 1583 1377 fidem
1595 1349 1646 1378 sibi

906 1389 1032 1427 acquirit.
1060 1388 1221 1418 Voluntaria
1254 1388 1326 1416 enim
1352 1394 1391 1415 est
1417 1386 1572 1424 obauditio,
1600 1399 1648 1428 per

905 1438 986 1466 quam
1010 1428 1173 1466 quicumque
1185 1427 1304 1457 voluerit
1326 1426 1491 1456 voluntatem
1510 1427 1596 1456 Patris
1610 1428 1648 1456 fa-

906 1478 976 1503 cere,
992 1468 1110 1496 efficitur
1123 1468 1196 1496 filius
1209 1467 1271 1501 Dei,
1291 1473 1317 1496 et
1338 1467 1419 1495 frater
1438 1466 1551 1496 Christi.
1568 1467 1649 1497 Unde

907 1507 1039 1546 sapienter
1052 1507 1243 1546 superinduxit
1258 1517 1264 1534 ε
1281 1506 1330 1535 50.
1350 1506 1650 1547 Quicumquesecerit

906 1547 1092 1575 voluntatem
1101 1547 1202 1574 Patris
1217 1546 1283 1580 mei,
1297 1546 1349 1573 ille
1363 1552 1456 1573 mater
1465 1555 1529 1573 mea
1541 1547 1648 1584 etsra·

908 1591 1026 1614 teresi.
1051 1585 1081 1613 ln
1095 1595 1148 1623 qua
1171 1584 1327 1623 cognatione
1349 1584 1482 1623 spirituali
1506 1585 1647 1613 nihilomi-

907 1634 957 1653 nus
968 1632 1006 1653 est
1026 1624 1083 1653 haec
1109 1623 1204 1657 Maria,
1221 1634 1280 1661 quae
1292 1634 1345 1653 non
1379 1634 1407 1651 er
1425 1624 1525 1652 coitum
1547 1625 1645 1659 carnis,

907 1663 953 1692 sed
973 1675 1020 1703 per
1038 1664 1149 1702 gratiam
1171 1663 1233 1692 fidei
1255 1663 1349 1692 creden
1371 1673 1387 1690 o
1413 1663 1479 1692 facta
1505 1670 1543 1692 est
1565 1671 1648 1693 mater

907 1703 1019 1732 Christi.
1039 1703 1140 1732 Deinde
1152 1710 1262 1732 matrem
1273 1710 1299 1732 et
1312 1703 1407 1731 fratres
1422 1702 1533 1739 Christi,
1550 1704 1649 1732 fucen-

907 1749 946 1772 tes
960 1743 1124 1772 voluntatem
1138 1743 1201 1778 Dei,
1214 1742 1391 1781 intelligimus
1405 1752 1456 1771 non
1471 1752 1645 1782 synagogam,

907 1793 966 1821 quae
980 1783 1125 1811 secundum
1134 1792 1231 1822 corpus
1246 1782 1351 1821 peperit
1364 1782 1512 1818 Christum,
1523 1789 1647 1811 caeteros-

907 1832 959 1860 que
973 1822 1081 1852 Judaeos
1095 1834 1102 1850 :
1117 1821 1163 1851 sed
1186 1822 1262 1850 illam
1285 1831 1446 1861 synagogam
1470 1821 1647 1861 intelligimus

906 1868 1028 1895 matrem,
1040 1872 1100 1900 quae
1109 1861 1210 1893 salvata
1223 1868 1261 1890 est
1274 1860 1382 1889 credens
1394 1861 1420 1889 in
1433 1861 1582 1896 Christum,
1594 1871 1646 1889 non

905 1901 1064 1940 crucifigens
1084 1912 1155 1930 eum.
1179 1900 1310 1930 Similiter
1333 1907 1371 1929 est
1394 1900 1597 1940 intelligendum
1621 1908 1648 1929 et

905 1940 939 1969 de
951 1941 1092 1976 fratribus,
1100 1941 1148 1979 qui
1162 1939 1309 1969 secundum
1323 1939 1448 1979 spiritum
1462 1947 1537 1969 erant
1546 1939 1645 1976 Judaei,

905 1985 956 2009 non
971 1979 1121 2009 secundum
1134 1990 1244 2020 corpus,
1260 1979 1307 2018 qui
1321 1979 1422 2009 Christi
1435 1987 1509 2009 erant
1522 1979 1646 2009 facientes

904 2020 1079 2049 voluntatem.

1056 2125 1188 2154 Humilia
1197 2126 1284 2165 xxxj.
1299 2135 1335 2154 ex
1347 2134 1411 2164 cap.
1423 2126 1487 2164 xiij.

943 2217 972 2245 5.
997 2217 1076 2245 Ecce
1095 2218 1168 2246 exiit
1189 2219 1241 2256 qui
1266 2221 1411 2253 seminat,
1434 2220 1577 2246 seminare
1593 2231 1600 2247 :
1616 2225 1643 2247 el
1669 2221 1735 2243 Deest
1752 2222 1782 2243 inf

903 2256 974 2284 dum
985 2258 1120 2291 seminat,
1133 2257 1267 2297 quoedam
1280 2258 1447 2286 ceciderunt
1458 2266 1539 2286 secus
1549 2260 1640 2294 viam,
1653 2254 1708 2288 ’ΨΜ
1732 2254 1795 2274 ‘¹⁰⁰³'
1830 2254 1833 2261 '

903 2302 931 2324 et
944 2303 1088 2325 venerunt
1109 2296 1254 2333 volucres,
1271 2303 1298 2325 et
1319 2297 1504 2325 comederunt
1522 2307 1567 2330 ea,
1590 2304 1640 2326 etc.

903 2335 977 2364 Sicut
990 2335 1087 2374 gaudet
1101 2335 1232 2371 medicus,
1247 2335 1355 2373 quando
1374 2335 1408 2364 ad
1429 2345 1490 2363 eum
1510 2343 1643 2373 aegrotan-

903 2374 971 2403 ti'um
994 2374 1140 2404 multitudo
1162 2375 1346 2415 prosequitur3
1363 2374 1432 2403 sicut
1453 2374 1556 2402 laetatur
1577 2385 1641 2410 rex,

904 2413 1011 2452 quando
1024 2425 1086 2443 eum
1104 2414 1192 2453 magni
1214 2415 1346 2442 exercitus
1359 2423 1452 2441 manus
1474 2420 1572 2442 armata
1586 2414 1640 2442 cir-

904 2453 1013 2483 cumdat
1029 2465 1036 2482 2
1051 2454 1090 2484 sic
1110 2454 1226 2483 exsultat
1249 2451 1380 2487 sacerdOS,
1394 2450 1500 2489 quando
1516 2461 1577 2480 eum
1591 2463 1640 2481 au-

904 2491 1035 2522 dientium
1047 2493 1164 2533 populus
1173 2501 1284 2530 magnus
1294 2490 1476 2520 auscultat.Et
1484 2489 1543 2519 ideo
1556 2502 1643 2520 ascen-

902 2532 943 2562 dit
957 2533 983 2562 in
998 2543 1104 2569 navem,
1118 2539 1147 2560 ut
1158 2531 1262 2559 audiret
1273 2540 1333 2558 eum
1346 2529 1474 2568 populus,
1488 2536 1513 2557 et
1525 2530 1638 2567 videret,

902 2579 928 2601 et
949 2572 1024 2602 visus
1043 2571 1185 2600 delectaret
1205 2568 1336 2604 auditum,
1359 2575 1384 2596 ct
1405 2567 1514 2597 auditus
1537 2570 1637 2599 visum.

903 2612 938 2641 Et
951 2611 1062 2641 docebat
1076 2610 1102 2639 in
1115 2608 1260 2649 parabolis,
1275 2607 1378 2645 dicens,
1391 2608 1476 2637 Exiit
1485 2610 1641 2638 ceminator

1654 2292 1682 2304 mi
1690 2285 1750 2304 tertii
1759 2291 1794 2305 ca-

1652 2316 1712 2343 pilis.
