1890 2826
112 213 129 225 x
702 193 736 215 ΙΝ
766 190 890 221 lsAtAM,
915 189 991 212 CAP.
1021 189 1069 212 11.¹
1611 187 1652 220 27

93 263 150 302 ὄρος
163 263 208 291 τοῦ
221 259 335 300 Κυρίου,
350 258 394 288 καὶ
408 259 444 290 εἰς
457 258 501 286 τὸν
515 251 584 286 οἶκον
598 257 642 284 τοῦ
661 255 731 284 Θεοῦ
751 251 858 282 'laxe-'³6-
877 254 895 276 Ε
917 251 945 279 5.
962 251 1002 279 Et
1019 253 1103 280 ibunt
1121 251 1223 290 populi
1234 251 1332 286 multi,
1346 256 1373 279 et
1397 250 1492 277 dicent
1507 260 1514 276 .·
1534 248 1655 282 Venite,

92 308 166 348 Ὅρα
184 305 340 348 χορεύοντας
359 304 405 333 καὶ
424 302 662 343 πανηγυρίζοντας,
676 299 721 329 καὶ
735 298 859 334 ἀλλήλοις

79 351 316 394 ’ἐγκελευομένους,
330 350 375 380 καὶ
395 349 495 383 πάντας
511 347 682 380 διδασκάλους
693 344 858 384 γινομένους-

92 399 137 429 καὶ
149 400 200 439 οὐχ
211 398 249 434 ἓν,
263 396 308 427 καὶ
322 396 450 436 δεύτερον,
464 395 508 425 καὶ
520 394 618 435 τρίτον,
632 392 700 422 ἀλλὰ
713 391 757 421 καὶ
773 389 859 419 πολλὰ

92 446 153 482 ἔθνη
167 443 351 485 συντρέχοντα.
365 441 477 476 Ἥξουσι
496 441 563 481 γὰρ,
577 439 656 480 φησὶ,
676 437 736 467 λαοὶ
750 436 858 471 πολλοὶ,

93 491 138 521 καὶ
151 492 182 521 ἐκ
192 488 322 530 διαφόρων
333 490 437 529 χωρῶν,
450 486 515 526 ὅπερ
526 486 569 515 ἐπὶ
582 486 634 514 τῶν
643 483 776 514 Ἰουδαίων
790 482 860 512 οὐδέ-

94 548 158 567 ποτε
177 535 296 576 γέγονεν·
312 535 369 564 ἀλλ’
391 535 415 563 εἶ
436 533 482 564 καί
502 544 569 565 τινες
590 531 753 571 προσῆλθον,
775 528 859 567 ὀλίγοι
873 550 898 569 2³

94 582 157 613 ποτὲ
170 581 345 621 προσήλυτοι,
367 580 434 619 μετὰ
454 580 553 614 πολλῆς
567 577 612 607 καὶ
631 576 706 606 αὐτοὶ
725 577 772 610 τῆς
790 586 859 614 πρα-
879 579 898 600 Α

93 627 229 668 γματείας,
244 626 288 656 καὶ
302 625 426 656 οὐδέποτε
438 624 498 660 ἔθνη
513 623 671 659 ἐκλήθησαν,
686 622 754 651 ἀλλὰ
772 631 858 659 προσ-

93 673 195 710 ήλυτοι.
204 673 374 715 Προσήλυτοι
388 671 439 711 γὰρ
451 670 495 700 ἐπὶ
508 669 538 699 σὲ
556 667 742 702 διελεύσονται,
756 665 801 695 καί
818 676 859 694 σοι

93 719 197 749 ἔσονται
219 720 321 754 δοῦλοι,
342 717 430 758 φησίν.
451 718 485 747 Εἰ
506 715 534 745 δὲ
555 714 673 753 ἐπιμένει
686 715 719 752 τῇ
744 722 859 751 μετα-φο·

95 770 129 807 pq
143 768 158 796 6
169 765 314 806 προφήτης,
328 765 386 805 ὄρος
405 764 493 793 καλῶν
512 761 557 791 καὶ
571 756 640 790 οἶκον
661 761 706 788 τοῦ
721 759 791 788 Θεοῦ
806 758 861 786 Ἰα-

95 810 166 847 vulfi,
189 811 229 850 μὴ
248 810 394 850 Θαυμάσῃς.
416 809 506 848 Ὅπερ
528 806 579 847 γὰρ
600 806 679 846 ἔφθην
698 803 796 839 εἰπὼν,
817 805 862 831 νῦν

97 856 145 896 μὲν
165 857 333 897 παρανοίγει,
346 859 391 886 ν’ὖν
415 855 443 885 δὲ
457 854 592 887 συσκιάζει
614 851 663 888 τὴν
684 850 861 891 προφητείαν·

96 903 126 933 τὸ
150 903 213 942 μὲν,
239 902 283 932 ἵνα
304 907 358 936 τοῖς
380 900 563 940 συνετωτέροις
587 898 707 939 ἀφορμὰς
729 896 863 936 παράσχοι

97 951 143 978 τοῦ
154 949 266 978 συνιδεῖν
279 947 312 978 τὰ
325 947 454 987 λεγόμενα
462 959 468 964 ·
483 945 513 975 τὸ
526 945 567 980 δὲ,
581 944 623 974 ἵνα
634 946 686 973 τῶν
706 942 863 982 ἀγνωμόνων

97 993 227 1034 κατάσχοι
248 993 296 1030 τὴν
317 993 429 1023 ἄτακτον
449 993 547 1032 ῥύμην·
562 991 607 1020 καὶ
627 989 790 1029 πανταχόθεν
803 999 862 1016 ποι-

97 1038 181 1069 κίλλει
193 1040 237 1069 τὸν
247 1039 334 1079 λόγον.

142 1211 176 1240 Εἰ
187 1210 215 1240 δὲ
229 1212 299 1241 Θεοῦ
313 1210 411 1242 Ἰακὼὸ
422 1205 494 1245 εἶπε,
513 1209 550 1248 μὴ
565 1207 719 1248 θορυὸηθῇς,
734 1205 855 1246 ἀγαπητέ
863 1217 869 1224 ·

103 1256 149 1285 καὶ
163 1256 214 1296 γὰρ
227 1259 241 1286 6
255 1256 395 1296 μονογενὴς
408 1255 470 1288 Υἱὸς
487 1257 533 1284 τοῦ
549 1256 619 1284 Θεοῦ
636 1253 704 1286 Θεὸς
718 1252 816 1282 Ἰακὼὸ
829 1247 870 1287 ἦν.

104 1301 187 1335 Αὐτὸς
200 1302 251 1342 γὰρ
265 1302 310 1332 καὶ
330 1302 374 1332 τὸν
387 1301 466 1341 νόμον
485 1301 580 1336 ἔδωκε,
594 1300 639 1329 καὶ
652 1298 686 1329 τὰ
705 1301 764 1328 κατ’
779 1297 872 1330 αὐτοὺς

103 1348 349 1388 ἐθαυματούργησεν
364 1349 469 1378 ἅπαντα
477 1360 483 1366 ·
498 1346 542 1376 καὶ
555 1350 633 1376 τοῦτο
646 1347 677 1375 ἐκ
689 1347 737 1381 τῆς
749 1345 871 1376 Παλαιᾶς

104 1395 186 1429 αὐτ-’ἥς
197 1393 313 1433 μάλιστά
334 1395 406 1424 ἐστιν
420 1394 500 1431 ἰδεῖν,
521 1393 612 1429 ἐπειδὴ
631 1394 679 1428 τῆς
700 1393 798 1426 Καινῆς
813 1390 871 1419 οὐδὲ

105 1435 140 1472 εἶς
155 1439 290 1475 Ἰουδαίοις
299 1439 385 1479 λόγος.
395 1439 430 1470 Ὁ
443 1436 486 1469 οὖν
501 1438 631 1479 Ἱερεμίας
650 1437 731 1478 φησί·
743 1436 873 1472 Διαθήσο-

106 1497 155 1523 μαι
168 1487 229 1525 ὑμῖν
247 1485 374 1521 διαθήκην
387 1485 490 1521 καινὴν,
501 1487 531 1514 οὗ
545 1484 614 1513 κατὰ
630 1483 679 1519 τὴν
692 1482 829 1518 διαθήκην,
841 1482 872 1517 ἣν

106 1531 228 1570 διεθέμην
242 1535 296 1564 τοῖς
315 1531 446 1570 πατράσιν
464 1532 538 1570 ὑμῶν
549 1542 555 1548 ·
572 1529 671 1562 δεικνὺς
685 1529 725 1558 ὅτι
743 1526 873 1566 ἑκατέρων

106 1579 158 1606 τῶν
180 1577 265 1616 νόμων
287 1577 363 1610 αὐτὸς
381 1579 395 1606 6
415 1576 556 1615 νομοθέτης
571 1571 614 1614 ἦν.
640 1574 704 1604 “Ort
726 1573 752 1603 δὲ
767 1573 814 1603 καὶ
827 1574 875 1608 τῆς

108 1623 242 1663 Αἰγύπτου
264 1622 340 1656 αὐτὸς
362 1621 528 1658 ἀπήλλαξεν,
552 1621 700 1660 ἐπήγαγεν·
719 1620 766 1649 Ἐν
788 1618 876 1658 ἡμέρα

107 1669 299 1708 ἐπιλαὸομένου
310 1681 359 1708 μου
367 1670 416 1706 τ’ἥς
429 1667 518 1708 χειρὸς
529 1668 624 1703 αὐτῶν,
637 1666 771 1705 ἐξαγαγεῖν
784 1664 876 1697 αὐτοὺς

109 1715 139 1743 ἐκ
158 1716 207 1753 γῆς
229 1714 372 1753 Αἰγύπτου.
395 1715 430 1743 Εἰ
450 1713 478 1742 δὲ
498 1713 574 1745 αὐτὸς
587 1711 772 1751 ἔξήγαγε,“κα“ι
789 1710 876 1740 πάντα

110 1761 197 1789 ἐκεῖνα
207 1761 240 1790 τὰ
252 1762 279 1790 ἐν
296 1762 330 1800 τῇ
351 1759 479 1799 Αἰγύπτῳ
492 1759 537 1788 καὶ
551 1758 584 1788 τὰ
597 1759 623 1787 ἐν
640 1759 673 1796 τῇ
695 1757 787 1797 ἐρήμῳ
801 1756 877 1788 αὐτὸς

110 1805 219 1842 ἐποίησε
233 1805 363 1844 θαύματα.
378 1804 432 1835 Καὶ
453 1805 590 1843 ἀναγγελεῖ
606 1806 669 1842 ἡμῖν
690 1802 738 1838 τὴν
757 1802 814 1831 ὁδὸν
830 1802 876 1830 αὐ·

111 1855 173 1888 τοῦ,
188 1852 233 1882 καὶ
254 1851 436 1892 πορευσόμεθα
457 1852 484 1880 ἐν
507 1851 583 1889 αὐτῇ.
605 1848 687 1888 Ὁρᾷς
709 1846 796 1887 ἕτερόν
820 1858 879 1875 τινα

112 1900 297 1934 ἐπιζητοῦντας
309 1898 403 1936 νόμον;
416 1897 495 1927 Ὁδὸν
508 1895 559 1936 γὰρ
572 1898 589 1930 ἡ
604 1894 697 1934 Γραφὴ
712 1893 759 1926 τὰς
774 1892 879 1925 ἐντολὰς

111 1948 157 1975 τοῦ
175 1947 246 1975 Θεοῦ
260 1944 334 1974 εἴωθε
345 1943 430 1983 λέγειν
440 1951 450 1962 ·'
461 1944 484 1972 εἷ
502 1941 529 1972 δὲ
541 1940 585 1971 ἐπὶ
598 1942 646 1976 τ’ῆς
659 1939 787 1980 προτέρας
807 1939 879 1977 ἔλεγε

111 1991 255 2028 Διαθήκης,
270 1992 317 2021 οὐκ
330 1990 362 2019 ἂν
384 1985 471 2025 εἶπεν,
483 1989 632 2028 Ἀναγγελεῖ
653 1989 731 2024 ἡμῖν·
747 1985 814 2026 δήλη
828 1985 879 2024 γὰρ

112 2034 144 2074 ἦν
157 2037 201 2068 καὶ
215 2037 300 2078 σαφὴς
318 2036 363 2067 καὶ
375 2035 506 2076 γνώριμος
519 2034 612 2064 ἅπασι.
627 2033 681 2063 Καὶ
700 2032 740 2061 ὅτι
760 2033 789 2060 οὗ
802 2042 879 2071 σοφι-

113 2083 216 2122 ζόμενοι
226 2082 310 2113 ταῦτά
320 2093 414 2123 φαμεν,
428 2081 462 2110 τὰ
480 2080 528 2119 μὲν
542 2079 668 2119 εἰρημένα
682 2078 727 2107 καὶ
743 2077 803 2110 τοὺς
818 2078 880 2117 σφό-

114 2130 163 2170 δρα
177 2131 412 2170 ἀναισχυντοῦντας
425 2126 503 2156 ἱκανὰ
513 2131 612 2155 πεῖσαι.
629 2124 740 2160 Ἐπειδὴ
752 2123 803 2163 γὰρ
820 2125 880 2153 ὁδοῦ

114 2174 191 2214 μόνον
212 2175 347 2214 ἐμνήσθη,
369 2173 441 2213 λέγει
463 2171 508 2202 καὶ
533 2171 608 2205 ποίας
633 2171 706 2206 ὁδοῦ,
729 2169 773 2199 καὶ
795 2169 879 2198 πολλὰ

113 2221 214 2258 τίθησιν
233 2223 314 2257 αὔτ’ἥς
328 2221 361 2250 τὰ
380 2219 538 2260 παράσημα.
552 2217 689 2256 Ἔτι-ἤγαγε
706 2219 768 2255 γοῦν
781 2215 865 2255 λέγων
874 2228 880 2233 ·

115 2268 165 2300 Ἐκ
183 2267 234 2307 γὰρ
253 2266 324 2297 Σιὼν
347 2266 510 2301 ἐξελεύσεται
523 2264 615 2303 νόμος,
631 2263 676 2292 καὶ
689 2262 764 2301 λόγος
784 2261 880 2301 Κυρίου

115 2312 144 2347 ἐξ
155 2312 339 2352 Ἰερουσαλήμ.
358 2311 431 2352 Πρὸς
449 2314 533 2340 ταῦτα
554 2309 599 2340 καὶ
618 2308 717 2348 σφόδρα
738 2310 881 2348 ἀναισχυν-

115 2362 220 2392 τοῦντες
233 2358 366 2388 Ἰουδαίων
378 2358 469 2391 παῖδες
482 2357 541 2386 οὐδὲ
554 2357 643 2396 διᾶραι
657 2355 686 2384 τὸ
701 2354 785 2393 στόμα
801 2354 879 2389 δυνή-

117 2417 216 2436 σονται.
226 2404 292 2434 ι’Όϊι
301 2404 352 2444 γὰρ
364 2404 426 2444 περὶ
435 2405 483 2439 τῆς
496 2404 596 2438 Καινῆς
609 2404 694 2431 ταῦτα
705 2400 808 2440 εἴρηται
818 2402 882 2429 Δια-

116 2451 207 2488 θήκης,
221 2449 265 2480 καὶ
278 2450 330 2479 ἀπὸ
347 2452 393 2479 τοῦ
406 2449 487 2478 τόπω
497 2470 505 2484 ,
526 2448 572 2478 καὶ
585 2448 638 2476 ἀπὸ
651 2449 697 2475 τοῦ
715 2446 823 2486 χρόνου,
838 2445 883 2474 καὶ

118 2497 170 2527 ἀπὸ
189 2499 242 2527 τῶν
263 2495 409 2535 δεξαμένων
431 2495 476 2524 τὸν
497 2494 593 2533 νόμον,
614 2492 658 2522 καὶ
679 2492 731 2521 ἀπὸ
751 2494 796 2521 τοῦ
811 2491 882 2530 πρά-

117 2559 216 2587 γματος
238 2550 283 2577 τοῦ
307 2546 374 2585 μετὰ
396 2545 490 2584 νόμον,
514 2544 558 2574 καὶ
579 2543 704 2572 πάντοθεν
724 2542 813 2575 ἁπλῶς
827 2543 883 2571 ἐστι

119 2598 238 2627 συνιδεῖν,
253 2597 306 2627 Καὶ
319 2597 422 2636 πρῶτον
437 2594 489 2623 ἀπὸ
503 2596 548 2623 τοῦ
559 2593 650 2627 τόπου,
661 2595 705 2622 τοῦ
719 2591 790 2622 Σιὼν
802 2582 883 2631 ὄρους.

915 303 944 325 et
955 298 1148 326 ascendamus
1163 297 1204 326 ad
1215 302 1343 326 montem
1366 296 1496 332 Domini,
1510 300 1538 324 et
1551 293 1592 322 ad
1604 293 1655 321 do-

917 353 995 372 mum
1011 343 1068 372 Dei
1087 343 1192 372 Jacob.
1213 342 1286 374 Vide
1299 342 1409 372 choreas
1424 347 1541 381 agentes,
1557 346 1582 368 et
1591 339 1654 368 festa

915 388 1096 427 celebrantes,
1111 397 1136 419 et
1156 390 1224 419 alter
1245 389 1359 419 alterum
1383 388 1535 422 hortantes,
1551 395 1655 415 omnes-

915 444 968 473 que
979 433 1007 464 iu
1017 434 1139 466 doctores
1153 446 1293 466 couversos
1306 447 1313 464 ι
1324 444 1410 472 neque
1421 443 1512 468 uuam,
1522 431 1566 461 vel
1576 431 1654 467 duas,

918 480 961 509 vel
983 487 1055 518 tres,
1071 482 1118 511 sed
1140 482 1238 511 multas
1264 487 1353 521 gentes
1381 484 1577 510 concurrentes.
1598 479 1654 507 Ve-

917 527 990 557 nient
1015 528 1104 564 enim,
1127 529 1230 568 inquit,
1249 527 1346 569 populi
1369 526 1449 556 multi
1469 532 1496 554 et
1514 535 1547 553 ex
1565 523 1655 553 diver-

916 574 953 604 sis
974 574 1056 612 locis,
1080 575 1153 614 quod
1180 574 1255 615 apud
1284 573 1392 605 Judaeos
1418 581 1565 611 numquam
1592 580 1655 600 con-

917 621 978 661 tigit
995 634 1000 651 :
1014 621 1061 651 sed
1094 621 1117 651 si
1143 623 1189 661 qui
1211 627 1392 656 accesserunt,
1421 619 1450 648 hi
1476 617 1556 658 pauci
1583 623 1657 646 erant

917 668 1057 708 proselyti,
1072 675 1097 698 et
1113 668 1142 698 hi
1155 679 1217 697 cum
1231 667 1318 697 multo
1335 665 1452 706 negotio,
1471 671 1497 693 et
1510 673 1655 701 numquam

918 720 1007 752 gentes
1020 714 1107 744 vocati
1121 721 1196 750 suut,
1211 713 1259 744 sed
1271 711 1412 754 proselyti.
1423 709 1575 747 Proselyti
1584 709 1655 738 enim
1669 715 1726 736 [sat.
1737 713 1775 742 54.

918 761 960 789 nd
982 768 1008 790 te
1031 763 1214 798 transibunt,
1229 767 1256 790 et
1274 765 1359 790 erunt
1381 759 1435 787 tibi
1451 758 1541 794 servi,
1558 755 1654 795 inquit.
1670 745 1704 768 ¹⁵·

919 808 999 846 Quod
1020 809 1043 838 si
1057 809 1085 838 in
1109 807 1263 848 metaphora
1286 806 1410 847 persistat
1422 804 1563 845 propheta,
1579 814 1658 832 mon-

918 861 971 884 tem
985 854 1123 895 appellans
1136 861 1162 892 et
1180 853 1291 883 domum
1314 851 1365 881 Dei
1378 850 1474 887 Jacob,
1490 860 1522 879 ne
1541 849 1657 879 mireris.

918 905 1000 943 Quod
1011 905 1082 935 enim
1092 906 1149 945 jam
1161 905 1232 941 dixi,
1248 904 1327 933 modo
1344 903 1398 932 fere
1412 901 1507 942 aperit,
1517 900 1598 929 modo
1611 900 1659 929 ad·

920 955 1028 985 umbrat
1040 955 1228 995 propheti-‘nm
1245 953 1316 984 illud
1341 951 1461 991 quidem,
1476 961 1529 989 quo
1539 949 1658 990 pruden*

919 1006 1034 1037 tioribus
1057 1006 1221 1036 occasionem
1249 1004 1382 1044 praebeat,
1404 1009 1434 1032 ut
1453 1012 1513 1041 quae
1534 1001 1661 1031 dicuntur

921 1056 1092 1095 intelligaut;
1106 1056 1157 1085 hoc
1176 1062 1276 1091 autem,
1290 1061 1319 1083 ut
1335 1053 1500 1093 ingratorum
1513 1052 1662 1081 tumultuo—

921 1117 981 1135 sum
1014 1107 1144 1146 impetum
1165 1112 1283 1135 coerceat
1300 1117 1306 1133 z
1332 1111 1358 1134 et
1388 1104 1490 1143 ubique
1516 1113 1662 1132 sermonem

922 1163 1015 1187 variat.

964 1210 994 1238 4.
1008 1207 1036 1237 Si
1051 1214 1140 1237 autem
1152 1206 1235 1241 dixit,
1244 1207 1372 1236 Domum
1383 1206 1441 1234 Dei
1451 1205 1559 1240 Jacob,
1569 1213 1601 1232 ne
1609 1209 1665 1232 tur-

924 1256 1007 1291 heris,
1022 1255 1120 1284 dilecte
1131 1266 1138 1282 .·
1148 1253 1248 1283 etenim
1260 1252 1414 1293 unigenitus
1427 1251 1477 1281 Dei
1492 1250 1580 1280 Filius
1593 1251 1667 1279 Deus

926 1302 1010 1333 Jacob
1031 1308 1098 1331 erat.
1113 1301 1173 1340 Ipse
1184 1300 1256 1329 enim
1276 1306 1301 1329 et
1320 1299 1407 1338 legem
1429 1296 1512 1333 dedit,
1534 1303 1560 1326 et
1579 1295 1668 1324 omnia

927 1347 1000 1389 apud
1013 1358 1058 1390 qos
1071 1346 1201 1376 miracula
1214 1345 1300 1375 edidit
1311 1358 1317 1374 ε
1331 1344 1360 1374 id
1373 1343 1447 1383 quod
1460 1354 1493 1372 ex
1508 1343 1566 1383 ipso
1581 1342 1669 1370 maxi-

927 1406 969 1424 me
978 1393 1072 1425 Vetcri
1081 1394 1249 1423 Testamento
1258 1391 1351 1421 videre
1360 1397 1399 1420 est
1410 1390 1495 1420 :Novi
1504 1389 1605 1428 quippe
1617 1389 1670 1417 Te-

928 1439 1051 1470 stamenti
1070 1439 1147 1468 nulla
1168 1437 1237 1467 ratio
1256 1444 1295 1466 est
1316 1436 1390 1477 apud
1408 1435 1526 1466 Judaeos.
1542 1434 1671 1465 Jeremias

929 1487 1011 1527 igitur
1018 1486 1071 1515 ait:
1081 1486 1245 1525 Disponam
1252 1485 1336 1513 vobis
1345 1489 1544 1515 testamentum
1552 1491 1668 1510 novum.
1683 1489 1820 1513 Jer.31.31.

930 1544 991 1563 non
1016 1532 1174 1562 secundum
1198 1535 1419 1566 testamentum,
1440 1528 1520 1567 quod
1545 1528 1671 1566 disposui
1682 1523 1720 1547 3²·

928 1581 1061 1619 patribus
1080 1579 1203 1609 vestris,·
1216 1574 1357 1605 ostendeus
1377 1574 1467 1614 ipsum
1490 1583 1546 1602 esse
1570 1571 1671 1601 utrius-

930 1636 983 1664 que
997 1624 1186 1663 legislatorem.
1202 1621 1274 1658 Quia
1286 1631 1351 1650 vcro
1365 1620 1422 1660 ipse
1435 1630 1468 1648 ex
1480 1619 1598 1657 AEgypto
1613 1617 1673 1646 illos

931 1671 1041 1712 eripuit.
1052 1669 1158 1699 addidit
1170 1682 1176 1697 ε
1189 1671 1226 1698 In
1237 1668 1284 1696 die
1294 1677 1352 1707 qua
1365 1665 1544 1705 apprehendi
1556 1673 1674 1693 manum
1687 1667 1782 1687 Ibidem·

933 1728 1042 1752 eorum,
1051 1722 1083 1746 ut
1092 1716 1240 1745 educerem
1250 1724 1298 1742 eos
1312 1714 1348 1742 de
1360 1719 1436 1741 ter-ra
1446 1711 1582 1750 AEgypti.
1594 1709 1675 1747 Quod

934 1764 956 1793 si
968 1764 1025 1804 ipse
1036 1762 1141 1798 eduxit,
1157 1760 1237 1789 etiam
1248 1759 1305 1799 ipse
1319 1759 1365 1787 illa
1380 1757 1469 1786 omnia
1482 1756 1508 1784 in
1523 1756 1643 1795 AEgypto
1651 1762 1676 1783 et

934 1810 962 1838 in
983 1809 1088 1838 deseno
1110 1805 1242 1835 miracula
1266 1804 1393 1844 patravit.
1421 1804 1448 1831 E
1452 1807 1462 1830 t
1487 1800 1675 1830 annuntiabit

935 1856 1017 1885 nobis
1023 1856 1105 1884 viam
1115 1858 1238 1887 suam‚et
1252 1850 1467 1880 ambulabimus
1479 1850 1561 1876 inea.
1571 1847 1673 1877 Viden'

935 1909 964 1931 ut
975 1901 1056 1930 aliam
1075 1898 1216 1938 requirunt
1232 1895 1338 1936 legem?
1349 1895 1431 1925 Viam
1451 1893 1521 1923 enim
1536 1892 1676 1932 Scriptura

935 1953 1067 1988 praecepta
1076 1944 1128 1974 Dei
1142 1944 1207 1973 solet
1228 1942 1364 1983 appellare
1378 1953 1383 1971 t
1396 1942 1419 1970 si
1432 1940 1465 1970 de
1480 1940 1567 1980 priore
1580 1940 1675 1968 Testa-

935 1999 1023 2022 mento
1049 1992 1221 2030 loqueretur,
1250 1998 1303 2018 non
1327 1987 1450 2022 dixisset,
1476 1986 1679 2014 Annuntiabit

936 2039 1017 2068 nobis
1028 2049 1035 2065 .·
1048 2036 1119 2066 illud
1132 2036 1204 2065 onim
1219 2041 1275 2064 erat
1289 2033 1414 2063 omnihus
1425 2032 1605 2068 manifestum,
1616 2031 1675 2070 pla-

935 2095 1000 2115 num
1012 2091 1037 2114 et
1051 2090 1154 2113 notum.
1168 2080 1249 2118 Quod
1264 2087 1353 2109 autem
1366 2079 1422 2108 haec
1439 2088 1492 2107 non
1507 2077 1623 2117 captiose
1632 2077 1675 2106 di-

935 2141 1036 2166 camus,
1050 2139 1109 2169 quae
1122 2128 1194 2157 dicta
1208 2133 1270 2156 suut
1283 2126 1327 2155 vel
1341 2123 1585 2165 impudentioribus
1594 2122 1675 2152 fidem

935 2179 1144 2216 sacerepossunt.
1155 2173 1224 2211 Quia
1235 2171 1305 2202 euim
1313 2171 1385 2200 viam
1394 2177 1495 2199 tantum
1507 2168 1674 2204 memoravit,
1687 2174 1690 2176 “

935 2222 1001 2252 dicit
1014 2231 1134 2261 quaenam
1148 2219 1195 2249 illa
1207 2219 1241 2247 sit
1253 2217 1425 2256 via,ejusque
1433 2215 1517 2244 multa
1526 2214 1601 2254 ponit
1615 2214 1676 2243 insi-

936 2269 1007 2309 gnia.
1020 2266 1166 2307 Subjungit
1186 2274 1266 2304 ergo:
1278 2264 1356 2293 Nam
1372 2263 1407 2292 de
1420 2261 1490 2290 Sion
1508 2261 1595 2289 exibit
1616 2260 1673 2296 lex,

936 2321 964 2344 et
974 2315 1097 2343 verbum
1108 2311 1227 2340 Domini
1236 2310 1272 2338 de
1283 2308 1460 2338 Jerusalem.
1471 2306 1513 2335 Ad
1522 2306 1577 2334 haec
1587 2307 1604 2335 J
1607 2304 1674 2334 udaei

937 2371 1017 2400 supra
1029 2358 1139 2388 modum
1149 2355 1317 2396 impudentes
1327 2365 1359 2383 ne
1368 2354 1470 2383 hiscere
1484 2352 1591 2391 quidem
1602 2358 1676 2391 pote-

938 2413 1009 2435 runt.
1026 2404 1107 2442 Quod
1124 2403 1196 2433 enim
1213 2402 1270 2431 haec
1283 2401 1317 2431 de
1333 2401 1411 2430 Novo
1424 2400 1591 2428 Testamento
1604 2397 1675 2426 dicta
1715 2412 1814 2434 Alium.»

937 2453 1001 2489 siut,
1015 2458 1041 2480 et
1052 2461 1087 2480 ex
1096 2450 1167 2486 loco,
1176 2455 1202 2478 et
1215 2458 1249 2477 ex
1259 2454 1389 2487 tempore,
1401 2452 1427 2474 et
1440 2455 1472 2473 ex
1487 2444 1521 2472 iis
1530 2443 1575 2482 qui
1590 2443 1674 2482 legem
1684 2444 1744 2472 tigne
1775 2452 1826 2466 con·

938 2503 1105 2538 receperunt,
1118 2503 1144 2525 et
1162 2506 1195 2524 ex
1213 2494 1292 2534 gestis
1313 2499 1372 2532 post
1397 2491 1492 2530 legem,
1508 2497 1579 2519 etex
1602 2489 1674 2519 omni
1686 2476 1825 2533 ss'fgu‘fflss‘kw*

938 2550 1012 2582 parte
1026 2542 1134 2572 demum
1147 2540 1239 2570 videre
1251 2538 1398 2567 est.Prim0
1412 2547 1445 2565 ex
1459 2535 1528 2571 loce,
1543 2546 1576 2564 ex
1588 2541 1742 2564 montetum·

940 2592 1005 2621 Sion
1018 2599 1123 2629 nempe.
1139 2590 1196 2618 Lex
1206 2586 1276 2616 cuim
1289 2596 1335 2624 per
1346 2585 1468 2623 Moysem
1482 2582 1533 2611 lata
1547 2582 1573 2611 in
1589 2589 1677 2611 monte
