<?xml version="1.0" encoding="UTF-8"?>
<!DOCTYPE html PUBLIC "-//W3C//DTD XHTML 1.0 Transitional//EN"
    "http://www.w3.org/TR/xhtml1/DTD/xhtml1-transitional.dtd">
<html xmlns="http://www.w3.org/1999/xhtml" xml:lang="en" lang="en">
 <head>
  <title>
</title>
<meta http-equiv="Content-Type" content="text/html;charset=utf-8" />
  <meta name='ocr-system' content='tesseract 3.04.00' />
  <meta name='ocr-capabilities' content='ocr_page ocr_carea ocr_par ocr_line ocrx_word'/>
</head>
<body>
  <div class='ocr_page' id='page_1' title='image "./operaomniaquaeex06johnuoft_0145.png"; bbox 0 0 1890 2826; ppageno 0'>
   <div class='ocr_carea' id='block_1_1' title="bbox 0 1409 5 1973">
    <p class='ocr_par' dir='ltr' id='par_1_1' title="bbox 0 1409 5 1973">
     <span class='ocr_line' id='line_1_1' title="bbox 0 1409 5 1973; baseline 0 0"><span class='ocrx_word' id='word_1_1' title='bbox 0 1409 5 1973; x_wconf 95' lang='lat' dir='ltr'><strong><em> </em></strong></span> 
     </span>
    </p>
   </div>
   <div class='ocr_carea' id='block_1_2' title="bbox 493 149 1197 183">
    <p class='ocr_par' dir='ltr' id='par_1_2' title="bbox 493 149 1197 183">
     <span class='ocr_line' id='line_1_2' title="bbox 493 149 1197 183; baseline -0.003 -8"><span class='ocrx_word' id='word_1_2' title='bbox 493 153 525 175; x_wconf 79' lang='grc' dir='ltr'><strong><em>ΙΝ</em></strong></span> <span class='ocrx_word' id='word_1_3' title='bbox 553 151 669 183; x_wconf 79' lang='lat' dir='ltr'><strong>lLLUD,</strong></span> <span class='ocrx_word' id='word_1_4' title='bbox 698 150 768 174; x_wconf 71' lang='lat' dir='ltr'><strong><em>Vim</em></strong></span> <span class='ocrx_word' id='word_1_5' title='bbox 793 149 966 181; x_wconf 65' lang='lat' dir='ltr'><strong><em>Domuum,</em></strong></span> <span class='ocrx_word' id='word_1_6' title='bbox 997 149 1118 173; x_wconf 77' lang='lat' dir='ltr'><strong><em>nomn..</em></strong></span> <span class='ocrx_word' id='word_1_7' title='bbox 1148 150 1197 173; x_wconf 81' lang='grc' dir='ltr'>ΙΙΙ.</span> 
     </span>
    </p>
   </div>
   <div class='ocr_carea' id='block_1_3' title="bbox 71 264 839 445">
    <p class='ocr_par' dir='ltr' id='par_1_3' title="bbox 71 264 839 445">
     <span class='ocr_line' id='line_1_3' title="bbox 71 264 837 307; baseline -0.007 -9"><span class='ocrx_word' id='word_1_8' title='bbox 71 271 82 285; x_wconf 74' lang='grc'><em>“</em></span> <span class='ocrx_word' id='word_1_9' title='bbox 92 270 139 302; x_wconf 84' lang='grc' dir='ltr'><strong><em>Εἷς</em></strong></span> <span class='ocrx_word' id='word_1_10' title='bbox 151 267 198 304; x_wconf 75' lang='grc' dir='ltr'><strong><em>τὴν</em></strong></span> <span class='ocrx_word' id='word_1_11' title='bbox 210 265 317 307; x_wconf 65' lang='grc' dir='ltr'>πρώτην</span> <span class='ocrx_word' id='word_1_12' title='bbox 332 266 370 303; x_wconf 88' lang='lat'><strong><em>(1.</em></strong></span> <span class='ocrx_word' id='word_1_13' title='bbox 386 265 518 306; x_wconf 78' lang='grc' dir='ltr'>δευτέραν)</span> <span class='ocrx_word' id='word_1_14' title='bbox 528 267 580 295; x_wconf 83' lang='grc' dir='ltr'><strong><em>τῶν</em></strong></span> <span class='ocrx_word' id='word_1_15' title='bbox 595 264 837 305; x_wconf 81' lang='grc' dir='ltr'>Παραλειπομένων</span> 
     </span>
     <span class='ocr_line' id='line_1_4' title="bbox 110 309 839 352; baseline -0.003 -10"><span class='ocrx_word' id='word_1_16' title='bbox 110 314 158 350; x_wconf 73' lang='grc' dir='ltr'><strong><em>τὴν</em></strong></span> <span class='ocrx_word' id='word_1_17' title='bbox 167 313 310 352; x_wconf 78' lang='grc' dir='ltr'><strong>λέγουσαν,</strong></span> <span class='ocrx_word' id='word_1_18' title='bbox 325 312 433 352; x_wconf 77' lang='grc' dir='ltr'>Ὑψώθη</span> <span class='ocrx_word' id='word_1_19' title='bbox 447 314 464 347; x_wconf 84' lang='grc' dir='ltr'>ἡ</span> <span class='ocrx_word' id='word_1_20' title='bbox 479 311 575 351; x_wconf 81' lang='grc' dir='ltr'>καρδία</span> <span class='ocrx_word' id='word_1_21' title='bbox 587 311 691 345; x_wconf 82' lang='grc' dir='ltr'>Ὀζίου·</span> <span class='ocrx_word' id='word_1_22' title='bbox 717 311 763 340; x_wconf 83' lang='grc' dir='ltr'><strong><em>καὶ</em></strong></span> <span class='ocrx_word' id='word_1_23' title='bbox 777 309 839 350; x_wconf 79' lang='grc' dir='ltr'>περὶ</span> 
     </span>
     <span class='ocr_line' id='line_1_5' title="bbox 109 355 839 398; baseline -0.005 -10"><span class='ocrx_word' id='word_1_24' title='bbox 109 357 360 398; x_wconf 71' lang='grc' dir='ltr'>ταπεινοφροσύνης·</span> <span class='ocrx_word' id='word_1_25' title='bbox 381 357 425 387; x_wconf 83' lang='grc' dir='ltr'><strong><em>καὶ</em></strong></span> <span class='ocrx_word' id='word_1_26' title='bbox 439 357 479 387; x_wconf 74' lang='grc' dir='ltr'><strong><em>ὅτι</em></strong></span> <span class='ocrx_word' id='word_1_27' title='bbox 490 357 544 397; x_wconf 77' lang='grc' dir='ltr'><strong><em>χρὴ</em></strong></span> <span class='ocrx_word' id='word_1_28' title='bbox 557 357 594 396; x_wconf 82' lang='grc' dir='ltr'><strong><em>μὴ</em></strong></span> <span class='ocrx_word' id='word_1_29' title='bbox 608 358 712 396; x_wconf 82' lang='grc' dir='ltr'>θαῤῥεῖν</span> <span class='ocrx_word' id='word_1_30' title='bbox 721 355 766 385; x_wconf 78' lang='grc' dir='ltr'><strong><em>τὸν</em></strong></span> <span class='ocrx_word' id='word_1_31' title='bbox 777 355 839 384; x_wconf 78' lang='grc' dir='ltr'>ἐνά-</span> 
     </span>
     <span class='ocr_line' id='line_1_6' title="bbox 111 402 583 445; baseline -0.004 -11"><span class='ocrx_word' id='word_1_32' title='bbox 111 416 195 445; x_wconf 85' lang='grc' dir='ltr'>ρετον·</span> <span class='ocrx_word' id='word_1_33' title='bbox 211 404 256 433; x_wconf 80' lang='grc' dir='ltr'><strong><em>καὶ</em></strong></span> <span class='ocrx_word' id='word_1_34' title='bbox 266 404 326 434; x_wconf 78' lang='grc' dir='ltr'>ὅσον</span> <span class='ocrx_word' id='word_1_35' title='bbox 338 404 418 433; x_wconf 79' lang='grc' dir='ltr'>κακὸν</span> <span class='ocrx_word' id='word_1_36' title='bbox 431 406 448 439; x_wconf 89' lang='grc' dir='ltr'>ἡ</span> <span class='ocrx_word' id='word_1_37' title='bbox 462 402 583 433; x_wconf 78' lang='grc' dir='ltr'>ἀπόνοια.</span> 
     </span>
    </p>
   </div>
   <div class='ocr_carea' id='block_1_4' title="bbox 357 541 555 580">
    <p class='ocr_par' dir='ltr' id='par_1_4' title="bbox 357 541 555 580">
     <span class='ocr_line' id='line_1_7' title="bbox 357 541 555 580; baseline 0 -10"><span class='ocrx_word' id='word_1_38' title='bbox 357 541 492 571; x_wconf 73' lang='grc' dir='ltr'>οΜιΛιΑ</span> <span class='ocrx_word' id='word_1_39' title='bbox 520 541 555 580; x_wconf 72' lang='grc' dir='ltr'><strong><em>γ’.</em></strong></span> 
     </span>
    </p>
   </div>
   <div class='ocr_carea' id='block_1_5' title="bbox 30 623 847 1903">
    <p class='ocr_par' dir='ltr' id='par_1_5' title="bbox 30 623 847 1903">
     <span class='ocr_line' id='line_1_8' title="bbox 109 623 843 666; baseline -0.005 -9"><span class='ocrx_word' id='word_1_40' title='bbox 109 626 260 666; x_wconf 75' lang='grc' dir='ltr'>Εὐλογητὸς</span> <span class='ocrx_word' id='word_1_41' title='bbox 269 628 284 655; x_wconf 79' lang='grc' dir='ltr'>ὁ</span> <span class='ocrx_word' id='word_1_42' title='bbox 293 626 375 662; x_wconf 79' lang='grc' dir='ltr'>Θεὸς,</span> <span class='ocrx_word' id='word_1_43' title='bbox 395 625 441 656; x_wconf 72' lang='grc' dir='ltr'><strong><em>καὶ</em></strong></span> <span class='ocrx_word' id='word_1_44' title='bbox 454 626 499 655; x_wconf 79' lang='grc' dir='ltr'><strong><em>ἐπὶ</em></strong></span> <span class='ocrx_word' id='word_1_45' title='bbox 515 628 563 661; x_wconf 75' lang='grc' dir='ltr'><strong><em>τῆς</em></strong></span> <span class='ocrx_word' id='word_1_46' title='bbox 575 629 666 664; x_wconf 81' lang='grc' dir='ltr'>γενεᾶς</span> <span class='ocrx_word' id='word_1_47' title='bbox 690 626 737 661; x_wconf 79' lang='grc' dir='ltr'><strong><em>τῆς</em></strong></span> <span class='ocrx_word' id='word_1_48' title='bbox 747 623 843 663; x_wconf 79' lang='grc' dir='ltr'>ἡμετέ-</span> 
     </span>
     <span class='ocr_line' id='line_1_9' title="bbox 71 670 842 713; baseline -0.004 -11"><span class='ocrx_word' id='word_1_49' title='bbox 71 685 117 712; x_wconf 85' lang='grc' dir='ltr'><strong><em>ρας</em></strong></span> <span class='ocrx_word' id='word_1_50' title='bbox 130 672 297 707; x_wconf 76' lang='grc' dir='ltr'>ἐὸλάστησαν</span> <span class='ocrx_word' id='word_1_51' title='bbox 311 671 441 713; x_wconf 84' lang='grc' dir='ltr'>μάρτυρες</span> <span class='ocrx_word' id='word_1_52' title='bbox 451 695 459 708; x_wconf 94' lang='grc'>,</span> <span class='ocrx_word' id='word_1_53' title='bbox 479 670 680 710; x_wconf 79' lang='grc' dir='ltr'>κατηξιώθημεν</span> <span class='ocrx_word' id='word_1_54' title='bbox 698 671 743 700; x_wconf 77' lang='grc' dir='ltr'><strong><em>καὶ</em></strong></span> <span class='ocrx_word' id='word_1_55' title='bbox 765 672 842 709; x_wconf 81' lang='grc' dir='ltr'>ἡμεῖς</span> 
     </span>
     <span class='ocr_line' id='line_1_10' title="bbox 71 714 843 758; baseline -0.004 -11"><span class='ocrx_word' id='word_1_56' title='bbox 71 718 221 758; x_wconf 74' lang='grc' dir='ltr'>ἀνθρώπως</span> <span class='ocrx_word' id='word_1_57' title='bbox 239 718 303 747; x_wconf 80' lang='grc' dir='ltr'>ἰδεῖν</span> <span class='ocrx_word' id='word_1_58' title='bbox 317 717 383 756; x_wconf 83' lang='grc' dir='ltr'>ὑπὲρ</span> <span class='ocrx_word' id='word_1_59' title='bbox 398 718 514 758; x_wconf 80' lang='grc' dir='ltr'>Χριστοῦ</span> <span class='ocrx_word' id='word_1_60' title='bbox 529 716 723 757; x_wconf 78' lang='grc' dir='ltr'>σφαττομένους</span> <span class='ocrx_word' id='word_1_61' title='bbox 736 737 744 749; x_wconf 90' lang='grc'>,</span> <span class='ocrx_word' id='word_1_62' title='bbox 769 714 783 732; x_wconf 82' lang='lat'><strong><em>¹&#39;</em></strong></span> <span class='ocrx_word' id='word_1_63' title='bbox 797 717 843 744; x_wconf 78' lang='grc' dir='ltr'>ἀν-</span> 
     </span>
     <span class='ocr_line' id='line_1_11' title="bbox 71 760 845 804; baseline -0.005 -10"><span class='ocrx_word' id='word_1_64' title='bbox 71 764 189 804; x_wconf 83' lang='grc' dir='ltr'>θρώπους</span> <span class='ocrx_word' id='word_1_65' title='bbox 205 760 272 803; x_wconf 77' lang='grc' dir='ltr'>αἷμα</span> <span class='ocrx_word' id='word_1_66' title='bbox 283 763 424 797; x_wconf 83' lang='grc' dir='ltr'>στάζοντας</span> <span class='ocrx_word' id='word_1_67' title='bbox 432 763 520 802; x_wconf 83' lang='grc' dir='ltr'>ἅγιον,</span> <span class='ocrx_word' id='word_1_68' title='bbox 535 762 582 799; x_wconf 83' lang='grc' dir='ltr'><strong><em>τὴν</em></strong></span> <span class='ocrx_word' id='word_1_69' title='bbox 599 762 762 798; x_wconf 67' lang='grc' dir='ltr'>Ἐκκλησίαν</span> <span class='ocrx_word' id='word_1_70' title='bbox 774 761 845 791; x_wconf 80' lang='grc' dir='ltr'>ἅπα-</span> 
     </span>
     <span class='ocr_line' id='line_1_12' title="bbox 72 806 845 850; baseline -0.004 -11"><span class='ocrx_word' id='word_1_71' title='bbox 72 821 121 839; x_wconf 85' lang='grc' dir='ltr'><strong><em>σαν</em></strong></span> <span class='ocrx_word' id='word_1_72' title='bbox 144 810 221 850; x_wconf 85' lang='grc' dir='ltr'>ἄρδον</span> <span class='ocrx_word' id='word_1_73' title='bbox 236 832 244 847; x_wconf 84' lang='lat'><em>‚</em></span> <span class='ocrx_word' id='word_1_74' title='bbox 267 806 333 848; x_wconf 76' lang='grc' dir='ltr'>αἷμα</span> <span class='ocrx_word' id='word_1_75' title='bbox 346 810 488 843; x_wconf 82' lang='grc' dir='ltr'>στάζοντας</span> <span class='ocrx_word' id='word_1_76' title='bbox 501 831 510 845; x_wconf 89' lang='grc'>,</span> <span class='ocrx_word' id='word_1_77' title='bbox 537 808 645 847; x_wconf 86' lang='grc' dir='ltr'>δαίμοσι</span> <span class='ocrx_word' id='word_1_78' title='bbox 663 807 711 847; x_wconf 81' lang='grc' dir='ltr'>μὲν</span> <span class='ocrx_word' id='word_1_79' title='bbox 725 806 845 847; x_wconf 74' lang='grc' dir='ltr'>φοὸερὸν,</span> 
     </span>
     <span class='ocr_line' id='line_1_13' title="bbox 71 853 845 895; baseline -0.003 -11"><span class='ocrx_word' id='word_1_80' title='bbox 71 855 191 895; x_wconf 73' lang='grc' dir='ltr'>ἀγγέλοις</span> <span class='ocrx_word' id='word_1_81' title='bbox 205 855 232 885; x_wconf 75' lang='grc' dir='ltr'><strong><em>δὲ</em></strong></span> <span class='ocrx_word' id='word_1_82' title='bbox 246 855 364 885; x_wconf 76' lang='grc' dir='ltr'>ποθεινὸν</span> <span class='ocrx_word' id='word_1_83' title='bbox 373 877 381 890; x_wconf 91' lang='grc'>,</span> <span class='ocrx_word' id='word_1_84' title='bbox 402 858 466 894; x_wconf 81' lang='grc' dir='ltr'>ἡμῖν</span> <span class='ocrx_word' id='word_1_85' title='bbox 476 854 503 884; x_wconf 82' lang='grc' dir='ltr'><strong><em>δὲ</em></strong></span> <span class='ocrx_word' id='word_1_86' title='bbox 517 854 655 894; x_wconf 79' lang='grc' dir='ltr'>σωτήρων.</span> <span class='ocrx_word' id='word_1_87' title='bbox 670 853 845 890; x_wconf 80' lang='grc' dir='ltr'>Κατηξιώθη-</span> 
     </span>
     <span class='ocr_line' id='line_1_14' title="bbox 72 900 845 941; baseline -0.005 -10"><span class='ocrx_word' id='word_1_88' title='bbox 72 914 120 940; x_wconf 84' lang='grc' dir='ltr'><strong><em>μεν</em></strong></span> <span class='ocrx_word' id='word_1_89' title='bbox 136 903 199 931; x_wconf 81' lang='grc' dir='ltr'>ἰδεῖν</span> <span class='ocrx_word' id='word_1_90' title='bbox 219 901 372 941; x_wconf 76' lang='grc' dir='ltr'>ἀνθρώπους</span> <span class='ocrx_word' id='word_1_91' title='bbox 386 900 452 941; x_wconf 77' lang='grc' dir='ltr'>ὑπὲρ</span> <span class='ocrx_word' id='word_1_92' title='bbox 470 900 603 933; x_wconf 74' lang='grc' dir='ltr'>εὗσεὸείας</span> <span class='ocrx_word' id='word_1_93' title='bbox 626 900 826 938; x_wconf 60' lang='grc' dir='ltr'>’πολεμοῦντας</span> <span class='ocrx_word' id='word_1_94' title='bbox 837 920 845 935; x_wconf 88' lang='grc'>,</span> 
     </span>
     <span class='ocr_line' id='line_1_15' title="bbox 74 945 846 988; baseline -0.005 -11"><span class='ocrx_word' id='word_1_95' title='bbox 74 949 216 983; x_wconf 72' lang='grc' dir='ltr'>νικῶντας,</span> <span class='ocrx_word' id='word_1_96' title='bbox 238 947 474 988; x_wconf 76' lang='grc' dir='ltr'>ἐστεφανωμένους.</span> <span class='ocrx_word' id='word_1_97' title='bbox 490 947 550 976; x_wconf 81' lang='grc' dir='ltr'><strong><em>Οὐκ</em></strong></span> <span class='ocrx_word' id='word_1_98' title='bbox 563 947 626 975; x_wconf 82' lang='grc' dir='ltr'>ἰδεῖν</span> <span class='ocrx_word' id='word_1_99' title='bbox 640 945 668 974; x_wconf 84' lang='grc' dir='ltr'><strong><em>δὲ</em></strong></span> <span class='ocrx_word' id='word_1_100' title='bbox 686 945 846 982; x_wconf 70' lang='grc' dir='ltr'>κατηξιώθη·</span> 
     </span>
     <span class='ocr_line' id='line_1_16' title="bbox 30 991 844 1033; baseline -0.005 -10"><span class='ocrx_word' id='word_1_101' title='bbox 30 1022 34 1029; x_wconf 77' lang='grc'>,</span> <span class='ocrx_word' id='word_1_102' title='bbox 73 1005 120 1033; x_wconf 77' lang='grc' dir='ltr'><strong><em>μεν</em></strong></span> <span class='ocrx_word' id='word_1_103' title='bbox 138 993 229 1033; x_wconf 85' lang='grc' dir='ltr'>μόνον,</span> <span class='ocrx_word' id='word_1_104' title='bbox 250 994 319 1023; x_wconf 76' lang='grc' dir='ltr'>ἀλλὰ</span> <span class='ocrx_word' id='word_1_105' title='bbox 333 993 378 1023; x_wconf 76' lang='grc' dir='ltr'><strong><em>καὶ</em></strong></span> <span class='ocrx_word' id='word_1_106' title='bbox 392 993 459 1023; x_wconf 76' lang='grc' dir='ltr'>αὐτὰ</span> <span class='ocrx_word' id='word_1_107' title='bbox 472 993 506 1022; x_wconf 82' lang='grc' dir='ltr'><strong><em>τὰ</em></strong></span> <span class='ocrx_word' id='word_1_108' title='bbox 520 991 633 1031; x_wconf 82' lang='grc' dir='ltr'>σώματα</span> <span class='ocrx_word' id='word_1_109' title='bbox 649 993 702 1020; x_wconf 78' lang='grc' dir='ltr'><strong><em>τῶν</em></strong></span> <span class='ocrx_word' id='word_1_110' title='bbox 723 992 844 1027; x_wconf 77' lang='grc' dir='ltr'>ἀθλητῶν</span> 
     </span>
     <span class='ocr_line' id='line_1_17' title="bbox 73 1036 844 1079; baseline -0.004 -11"><span class='ocrx_word' id='word_1_111' title='bbox 73 1039 210 1074; x_wconf 82' lang='grc' dir='ltr'>δέξασθαι,</span> <span class='ocrx_word' id='word_1_112' title='bbox 229 1039 274 1068; x_wconf 78' lang='grc' dir='ltr'><strong><em>καὶ</em></strong></span> <span class='ocrx_word' id='word_1_113' title='bbox 288 1041 351 1079; x_wconf 86' lang='grc' dir='ltr'>παρ’</span> <span class='ocrx_word' id='word_1_114' title='bbox 366 1041 467 1072; x_wconf 82' lang='grc' dir='ltr'>ἑαυτοῖς</span> <span class='ocrx_word' id='word_1_115' title='bbox 488 1037 548 1071; x_wconf 81' lang='grc' dir='ltr'>τοὺς</span> <span class='ocrx_word' id='word_1_116' title='bbox 573 1037 731 1076; x_wconf 80' lang='grc' dir='ltr'>στεφανίτας</span> <span class='ocrx_word' id='word_1_117' title='bbox 749 1036 844 1076; x_wconf 84' lang='grc' dir='ltr'>ἔχομεν</span> 
     </span>
     <span class='ocr_line' id='line_1_18' title="bbox 72 1082 846 1124; baseline -0.004 -10"><span class='ocrx_word' id='word_1_118' title='bbox 72 1088 128 1114; x_wconf 75' lang='grc' dir='ltr'>νῦν.</span> <span class='ocrx_word' id='word_1_119' title='bbox 145 1085 225 1115; x_wconf 80' lang='grc' dir='ltr'>Ἀλλὰ</span> <span class='ocrx_word' id='word_1_120' title='bbox 238 1085 281 1115; x_wconf 79' lang='grc' dir='ltr'><strong><em>τὸν</em></strong></span> <span class='ocrx_word' id='word_1_121' title='bbox 297 1086 343 1124; x_wconf 82' lang='grc' dir='ltr'>μὲν</span> <span class='ocrx_word' id='word_1_122' title='bbox 357 1085 419 1123; x_wconf 81' lang='grc' dir='ltr'>περὶ</span> <span class='ocrx_word' id='word_1_123' title='bbox 435 1087 488 1114; x_wconf 82' lang='grc' dir='ltr'><strong><em>τῶν</em></strong></span> <span class='ocrx_word' id='word_1_124' title='bbox 503 1083 643 1123; x_wconf 82' lang='grc' dir='ltr'>μαρτύρων</span> <span class='ocrx_word' id='word_1_125' title='bbox 656 1082 733 1121; x_wconf 84' lang='grc' dir='ltr'>λόγον</span> <span class='ocrx_word' id='word_1_126' title='bbox 746 1082 846 1122; x_wconf 82' lang='grc' dir='ltr'>ἀφήσο-</span> 
     </span>
     <span class='ocr_line' id='line_1_19' title="bbox 75 1128 846 1170; baseline -0.004 -11"><span class='ocrx_word' id='word_1_127' title='bbox 75 1142 123 1169; x_wconf 79' lang='grc' dir='ltr'><strong><em>μεν</em></strong></span> <span class='ocrx_word' id='word_1_128' title='bbox 143 1133 186 1159; x_wconf 84' lang='grc' dir='ltr'><strong><em>νῦν</em></strong></span> <span class='ocrx_word' id='word_1_129' title='bbox 204 1132 242 1170; x_wconf 81' lang='grc' dir='ltr'><strong><em>τῷ</em></strong></span> <span class='ocrx_word' id='word_1_130' title='bbox 255 1132 308 1159; x_wconf 80' lang='grc' dir='ltr'><strong><em>τῶν</em></strong></span> <span class='ocrx_word' id='word_1_131' title='bbox 323 1129 461 1170; x_wconf 81' lang='grc' dir='ltr'>μαρτύρων</span> <span class='ocrx_word' id='word_1_132' title='bbox 474 1131 595 1168; x_wconf 82' lang='grc' dir='ltr'>ζηλωτῇ,</span> <span class='ocrx_word' id='word_1_133' title='bbox 617 1130 654 1169; x_wconf 80' lang='grc' dir='ltr'><strong><em>τῷ</em></strong></span> <span class='ocrx_word' id='word_1_134' title='bbox 673 1130 753 1168; x_wconf 82' lang='grc' dir='ltr'>κοινῷ</span> <span class='ocrx_word' id='word_1_135' title='bbox 774 1128 846 1157; x_wconf 84' lang='grc' dir='ltr'>διδα-</span> 
     </span>
     <span class='ocr_line' id='line_1_20' title="bbox 74 1174 846 1216; baseline -0.004 -10"><span class='ocrx_word' id='word_1_136' title='bbox 74 1176 165 1216; x_wconf 82' lang='grc' dir='ltr'>σκάλῳ</span> <span class='ocrx_word' id='word_1_137' title='bbox 174 1188 180 1195; x_wconf 88' lang='grc'><em>·</em></span> <span class='ocrx_word' id='word_1_138' title='bbox 203 1176 278 1206; x_wconf 81' lang='grc' dir='ltr'>αὐτοὶ</span> <span class='ocrx_word' id='word_1_139' title='bbox 300 1176 327 1205; x_wconf 83' lang='grc' dir='ltr'><strong><em>δὲ</em></strong></span> <span class='ocrx_word' id='word_1_140' title='bbox 352 1176 386 1205; x_wconf 83' lang='grc' dir='ltr'><strong><em>τὰ</em></strong></span> <span class='ocrx_word' id='word_1_141' title='bbox 408 1175 478 1206; x_wconf 81' lang='grc' dir='ltr'>κατὰ</span> <span class='ocrx_word' id='word_1_142' title='bbox 503 1176 547 1205; x_wconf 83' lang='grc' dir='ltr'><strong><em>τὸν</em></strong></span> <span class='ocrx_word' id='word_1_143' title='bbox 575 1175 666 1208; x_wconf 89' lang='grc' dir='ltr'>Ὀζίαν</span> <span class='ocrx_word' id='word_1_144' title='bbox 692 1174 758 1214; x_wconf 83' lang='grc' dir='ltr'>πρὸς</span> <span class='ocrx_word' id='word_1_145' title='bbox 777 1176 846 1213; x_wconf 76' lang='grc' dir='ltr'>ὑμᾶς</span> 
     </span>
     <span class='ocr_line' id='line_1_21' title="bbox 74 1219 845 1262; baseline -0.003 -11"><span class='ocrx_word' id='word_1_146' title='bbox 74 1223 183 1262; x_wconf 82' lang='grc' dir='ltr'>ἐροῦμεν</span> <span class='ocrx_word' id='word_1_147' title='bbox 197 1224 241 1251; x_wconf 64' lang='grc' dir='ltr'><strong><em>νῦν</em></strong></span> <span class='ocrx_word' id='word_1_148' title='bbox 249 1243 258 1257; x_wconf 92' lang='grc'>,</span> <span class='ocrx_word' id='word_1_149' title='bbox 271 1221 382 1251; x_wconf 83' lang='grc' dir='ltr'>παλαιὸν</span> <span class='ocrx_word' id='word_1_150' title='bbox 396 1221 606 1254; x_wconf 76' lang='grc' dir='ltr'>καταὸάλλοντες</span> <span class='ocrx_word' id='word_1_151' title='bbox 616 1219 706 1260; x_wconf 78' lang='grc' dir='ltr'>χρέος,</span> <span class='ocrx_word' id='word_1_152' title='bbox 721 1220 766 1249; x_wconf 73' lang='grc' dir='ltr'><strong><em>καὶ</em></strong></span> <span class='ocrx_word' id='word_1_153' title='bbox 778 1231 845 1260; x_wconf 82' lang='grc' dir='ltr'>χρο-</span> 
     </span>
     <span class='ocr_line' id='line_1_22' title="bbox 74 1265 846 1307; baseline -0.004 -10"><span class='ocrx_word' id='word_1_154' title='bbox 74 1268 142 1301; x_wconf 81' lang='grc' dir='ltr'>νίους</span> <span class='ocrx_word' id='word_1_155' title='bbox 155 1268 248 1301; x_wconf 78' lang='grc' dir='ltr'>ὠδῖνας</span> <span class='ocrx_word' id='word_1_156' title='bbox 263 1268 412 1307; x_wconf 81' lang='grc' dir='ltr'>ἀκροάσεως</span> <span class='ocrx_word' id='word_1_157' title='bbox 425 1266 538 1300; x_wconf 81' lang='grc' dir='ltr'>λύοντες.</span> <span class='ocrx_word' id='word_1_158' title='bbox 560 1266 658 1296; x_wconf 81' lang='grc' dir='ltr'>Ὠδίνει</span> <span class='ocrx_word' id='word_1_159' title='bbox 671 1266 721 1306; x_wconf 82' lang='grc' dir='ltr'><strong><em>γὰρ</em></strong></span> <span class='ocrx_word' id='word_1_160' title='bbox 736 1265 846 1298; x_wconf 79' lang='grc' dir='ltr'>ἕκαστος</span> 
     </span>
     <span class='ocr_line' id='line_1_23' title="bbox 74 1308 845 1352; baseline -0.003 -10"><span class='ocrx_word' id='word_1_161' title='bbox 74 1314 157 1352; x_wconf 74' lang='grc' dir='ltr'>ὑμῶν,</span> <span class='ocrx_word' id='word_1_162' title='bbox 171 1309 199 1343; x_wconf 69' lang='grc' dir='ltr'>εὖ</span> <span class='ocrx_word' id='word_1_163' title='bbox 210 1308 260 1342; x_wconf 74' lang='grc' dir='ltr'>οἶδ’</span> <span class='ocrx_word' id='word_1_164' title='bbox 270 1313 326 1349; x_wconf 77' lang='grc' dir='ltr'>ὅτι,</span> <span class='ocrx_word' id='word_1_165' title='bbox 340 1315 387 1349; x_wconf 77' lang='grc' dir='ltr'><strong><em>τῆς</em></strong></span> <span class='ocrx_word' id='word_1_166' title='bbox 405 1311 522 1352; x_wconf 80' lang='grc' dir='ltr'>ἱστορίας</span> <span class='ocrx_word' id='word_1_167' title='bbox 534 1313 647 1341; x_wconf 64' lang='grc' dir='ltr'>ἄκοῧσαι</span> <span class='ocrx_word' id='word_1_168' title='bbox 662 1311 778 1347; x_wconf 79' lang='grc' dir='ltr'>ἐκείνης·</span> <span class='ocrx_word' id='word_1_169' title='bbox 799 1311 845 1340; x_wconf 78' lang='grc' dir='ltr'><strong><em>καὶ</em></strong></span> 
     </span>
     <span class='ocr_line' id='line_1_24' title="bbox 74 1356 844 1398; baseline -0.003 -10"><span class='ocrx_word' id='word_1_170' title='bbox 74 1359 123 1395; x_wconf 82' lang='grc' dir='ltr'><strong><em>τὴν</em></strong></span> <span class='ocrx_word' id='word_1_171' title='bbox 134 1359 214 1388; x_wconf 84' lang='grc' dir='ltr'>ὠδῖνα</span> <span class='ocrx_word' id='word_1_172' title='bbox 231 1357 329 1395; x_wconf 80' lang='grc' dir='ltr'>ταύτην</span> <span class='ocrx_word' id='word_1_173' title='bbox 342 1360 420 1397; x_wconf 78' lang='grc' dir='ltr'>ἡμεῖς</span> <span class='ocrx_word' id='word_1_174' title='bbox 432 1357 623 1398; x_wconf 83' lang='grc' dir='ltr'>παρετείναμεν</span> <span class='ocrx_word' id='word_1_175' title='bbox 632 1380 640 1395; x_wconf 84' lang='grc'>,</span> <span class='ocrx_word' id='word_1_176' title='bbox 653 1358 682 1387; x_wconf 81' lang='grc' dir='ltr'><strong><em>οὗ</em></strong></span> <span class='ocrx_word' id='word_1_177' title='bbox 696 1356 745 1392; x_wconf 79' lang='grc' dir='ltr'><strong><em>τὴν</em></strong></span> <span class='ocrx_word' id='word_1_178' title='bbox 751 1356 844 1393; x_wconf 83' lang='grc' dir='ltr'>ὀδύνην</span> 
     </span>
     <span class='ocr_line' id='line_1_25' title="bbox 75 1403 847 1444; baseline -0.003 -10"><span class='ocrx_word' id='word_1_179' title='bbox 75 1406 138 1444; x_wconf 82' lang='grc' dir='ltr'>ὑμῖν</span> <span class='ocrx_word' id='word_1_180' title='bbox 149 1407 276 1434; x_wconf 78' lang='grc' dir='ltr'>ἐπιτεῖναι</span> <span class='ocrx_word' id='word_1_181' title='bbox 288 1404 457 1444; x_wconf 78' lang='grc' dir='ltr'>βουλόμενοι,</span> <span class='ocrx_word' id='word_1_182' title='bbox 473 1403 541 1433; x_wconf 82' lang='grc' dir='ltr'>ἀλλὰ</span> <span class='ocrx_word' id='word_1_183' title='bbox 552 1403 601 1440; x_wconf 86' lang='grc' dir='ltr'><strong><em>τὴν</em></strong></span> <span class='ocrx_word' id='word_1_184' title='bbox 613 1403 754 1442; x_wconf 85' lang='grc' dir='ltr'>ἐπιθυμίαν</span> <span class='ocrx_word' id='word_1_185' title='bbox 767 1403 847 1439; x_wconf 78' lang='grc' dir='ltr'>αὐξῆ-</span> 
     </span>
     <span class='ocr_line' id='line_1_26' title="bbox 75 1449 844 1490; baseline -0.001 -10"><span class='ocrx_word' id='word_1_186' title='bbox 75 1463 119 1481; x_wconf 89' lang='grc' dir='ltr'>σαι</span> <span class='ocrx_word' id='word_1_187' title='bbox 139 1450 342 1488; x_wconf 79' lang='grc' dir='ltr'>σπουδάζοντες,</span> <span class='ocrx_word' id='word_1_188' title='bbox 368 1450 438 1480; x_wconf 76' lang='grc' dir='ltr'>ὦσττ</span> <span class='ocrx_word' id='word_1_189' title='bbox 452 1450 562 1486; x_wconf 84' lang='grc' dir='ltr'>ἡδίστην</span> <span class='ocrx_word' id='word_1_190' title='bbox 579 1452 641 1488; x_wconf 76' lang='grc' dir='ltr'>ὑμῖν</span> <span class='ocrx_word' id='word_1_191' title='bbox 662 1451 774 1490; x_wconf 70' lang='grc' dir='ltr'>φανῆναι</span> <span class='ocrx_word' id='word_1_192' title='bbox 796 1449 844 1486; x_wconf 77' lang='grc' dir='ltr'><strong><em>τὴν</em></strong></span> 
     </span>
     <span class='ocr_line' id='line_1_27' title="bbox 73 1495 846 1537; baseline -0.003 -11"><span class='ocrx_word' id='word_1_193' title='bbox 73 1498 206 1537; x_wconf 79' lang='grc' dir='ltr'>ἡμετέραν</span> <span class='ocrx_word' id='word_1_194' title='bbox 218 1497 346 1526; x_wconf 82' lang='grc' dir='ltr'>ἑστίασιν.</span> <span class='ocrx_word' id='word_1_195' title='bbox 361 1498 398 1527; x_wconf 79' lang='grc' dir='ltr'><strong><em>Οἱ</em></strong></span> <span class='ocrx_word' id='word_1_196' title='bbox 412 1496 460 1536; x_wconf 82' lang='grc' dir='ltr'>μὲν</span> <span class='ocrx_word' id='word_1_197' title='bbox 472 1496 524 1536; x_wconf 81' lang='grc' dir='ltr'><strong><em>γὰρ</em></strong></span> <span class='ocrx_word' id='word_1_198' title='bbox 546 1495 653 1536; x_wconf 84' lang='grc' dir='ltr'>εὔποροι</span> <span class='ocrx_word' id='word_1_199' title='bbox 663 1497 716 1524; x_wconf 84' lang='grc' dir='ltr'><strong><em>τῶν</em></strong></span> <span class='ocrx_word' id='word_1_200' title='bbox 731 1495 846 1525; x_wconf 75' lang='grc' dir='ltr'>ἑστιατό-</span> 
     </span>
     <span class='ocr_line' id='line_1_28' title="bbox 76 1541 843 1582; baseline -0.003 -10"><span class='ocrx_word' id='word_1_201' title='bbox 76 1554 143 1582; x_wconf 90' lang='grc' dir='ltr'>ρων,</span> <span class='ocrx_word' id='word_1_202' title='bbox 163 1543 208 1572; x_wconf 72' lang='grc' dir='ltr'>ἐὰν</span> <span class='ocrx_word' id='word_1_203' title='bbox 223 1542 456 1582; x_wconf 77' lang='grc' dir='ltr'>ἐμπεπλησμένους</span> <span class='ocrx_word' id='word_1_204' title='bbox 469 1542 572 1572; x_wconf 75' lang='grc' dir='ltr'>λάὸωσι</span> <span class='ocrx_word' id='word_1_205' title='bbox 585 1542 645 1575; x_wconf 80' lang='grc' dir='ltr'>τοὺς</span> <span class='ocrx_word' id='word_1_206' title='bbox 666 1541 824 1580; x_wconf 85' lang='grc' dir='ltr'>δαιτυμόνας</span> <span class='ocrx_word' id='word_1_207' title='bbox 836 1563 843 1578; x_wconf 89' lang='grc'>,</span> 
     </span>
     <span class='ocr_line' id='line_1_29' title="bbox 75 1586 842 1628; baseline -0.001 -11"><span class='ocrx_word' id='word_1_208' title='bbox 75 1588 187 1618; x_wconf 80' lang='grc' dir='ltr'>δύναιντ’</span> <span class='ocrx_word' id='word_1_209' title='bbox 213 1588 244 1618; x_wconf 74' lang='grc' dir='ltr'>ἂν</span> <span class='ocrx_word' id='word_1_210' title='bbox 267 1590 301 1628; x_wconf 79' lang='grc' dir='ltr'><strong><em>τῇ</em></strong></span> <span class='ocrx_word' id='word_1_211' title='bbox 319 1587 477 1627; x_wconf 74' lang='grc' dir='ltr'>πολυτελείᾳ</span> <span class='ocrx_word' id='word_1_212' title='bbox 498 1589 550 1617; x_wconf 80' lang='grc' dir='ltr'><strong><em>τῶν</em></strong></span> <span class='ocrx_word' id='word_1_213' title='bbox 571 1586 842 1627; x_wconf 81' lang='grc' dir='ltr'>παρασκευασθέντων</span> 
     </span>
     <span class='ocr_line' id='line_1_30' title="bbox 52 1632 842 1673; baseline -0.001 -11"><span class='ocrx_word' id='word_1_214' title='bbox 52 1638 54 1640; x_wconf 85' lang='grc'><em>“</em></span> <span class='ocrx_word' id='word_1_215' title='bbox 76 1634 200 1673; x_wconf 75' lang='grc' dir='ltr'>διεγεῖραι</span> <span class='ocrx_word' id='word_1_216' title='bbox 216 1636 226 1649; x_wconf 82' lang='grc'><em>“</em></span> <span class='ocrx_word' id='word_1_217' title='bbox 236 1633 284 1670; x_wconf 67' lang='grc' dir='ltr'><strong><em>τὴν</em></strong></span> <span class='ocrx_word' id='word_1_218' title='bbox 296 1634 435 1673; x_wconf 83' lang='grc' dir='ltr'>ἐπιθυμίαν</span> <span class='ocrx_word' id='word_1_219' title='bbox 450 1635 551 1667; x_wconf 79' lang='grc' dir='ltr'>αὐτοῖς·</span> <span class='ocrx_word' id='word_1_220' title='bbox 577 1633 625 1668; x_wconf 89' lang='grc' dir='ltr'><strong><em>τὴν</em></strong></span> <span class='ocrx_word' id='word_1_221' title='bbox 643 1633 672 1662; x_wconf 82' lang='grc' dir='ltr'><strong><em>δὲ</em></strong></span> <span class='ocrx_word' id='word_1_222' title='bbox 685 1634 738 1661; x_wconf 82' lang='grc' dir='ltr'><strong><em>τῶν</em></strong></span> <span class='ocrx_word' id='word_1_223' title='bbox 759 1632 842 1668; x_wconf 81' lang='grc' dir='ltr'>πενή-</span> 
     </span>
     <span class='ocr_line' id='line_1_31' title="bbox 77 1678 844 1718; baseline -0.003 -10"><span class='ocrx_word' id='word_1_224' title='bbox 77 1690 128 1708; x_wconf 82' lang='grc' dir='ltr'><strong><em>των</em></strong></span> <span class='ocrx_word' id='word_1_225' title='bbox 143 1678 274 1718; x_wconf 77' lang='grc' dir='ltr'>τράπεζαν</span> <span class='ocrx_word' id='word_1_226' title='bbox 292 1679 365 1708; x_wconf 79' lang='grc' dir='ltr'>οὐδὲν</span> <span class='ocrx_word' id='word_1_227' title='bbox 378 1679 447 1708; x_wconf 72' lang='grc' dir='ltr'>οὕτω</span> <span class='ocrx_word' id='word_1_228' title='bbox 469 1682 538 1708; x_wconf 82' lang='grc' dir='ltr'>ποιεῖ</span> <span class='ocrx_word' id='word_1_229' title='bbox 553 1678 690 1718; x_wconf 78' lang='grc' dir='ltr'>φαίνεσθαι</span> <span class='ocrx_word' id='word_1_230' title='bbox 701 1678 844 1717; x_wconf 72' lang='grc' dir='ltr'>λαμπρὰν,</span> 
     </span>
     <span class='ocr_line' id='line_1_32' title="bbox 77 1722 845 1763; baseline -0.004 -8"><span class='ocrx_word' id='word_1_231' title='bbox 77 1727 112 1758; x_wconf 82' lang='grc' dir='ltr'><strong><em>ὡς</em></strong></span> <span class='ocrx_word' id='word_1_232' title='bbox 125 1725 155 1754; x_wconf 81' lang='grc' dir='ltr'><strong><em>τὸ</em></strong></span> <span class='ocrx_word' id='word_1_233' title='bbox 167 1726 310 1758; x_wconf 77' lang='grc' dir='ltr'>πεινῶντας</span> <span class='ocrx_word' id='word_1_234' title='bbox 328 1727 479 1760; x_wconf 78' lang='grc' dir='ltr'>ἀπαντῆσαι</span> <span class='ocrx_word' id='word_1_235' title='bbox 494 1722 553 1757; x_wconf 75' lang='grc' dir='ltr'>τοὺς</span> <span class='ocrx_word' id='word_1_236' title='bbox 567 1724 711 1763; x_wconf 83' lang='grc' dir='ltr'>μέλλοντας</span> <span class='ocrx_word' id='word_1_237' title='bbox 725 1723 845 1763; x_wconf 78' lang='grc' dir='ltr'>μετέχειν</span> 
     </span>
     <span class='ocr_line' id='line_1_33' title="bbox 78 1766 846 1809; baseline -0.003 -9"><span class='ocrx_word' id='word_1_238' title='bbox 78 1772 169 1806; x_wconf 79' lang='grc' dir='ltr'>αὐτῆς.</span> <span class='ocrx_word' id='word_1_239' title='bbox 187 1770 236 1804; x_wconf 85' lang='grc' dir='ltr'><strong><em>Τίς</em></strong></span> <span class='ocrx_word' id='word_1_240' title='bbox 249 1766 293 1800; x_wconf 65' lang='grc' dir='ltr'><strong><em>οἷν</em></strong></span> <span class='ocrx_word' id='word_1_241' title='bbox 310 1772 381 1800; x_wconf 83' lang='grc' dir='ltr'>ἐστιν</span> <span class='ocrx_word' id='word_1_242' title='bbox 392 1771 496 1806; x_wconf 83' lang='grc' dir='ltr'>Ὀζίας,</span> <span class='ocrx_word' id='word_1_243' title='bbox 510 1770 555 1799; x_wconf 76' lang='grc' dir='ltr'><strong><em>καὶ</em></strong></span> <span class='ocrx_word' id='word_1_244' title='bbox 567 1769 644 1799; x_wconf 88' lang='grc' dir='ltr'>τίνων</span> <span class='ocrx_word' id='word_1_245' title='bbox 655 1769 793 1809; x_wconf 78' lang='grc' dir='ltr'>ἀπόγονος,</span> <span class='ocrx_word' id='word_1_246' title='bbox 802 1769 846 1798; x_wconf 69' lang='grc' dir='ltr'><strong><em>καὶ</em></strong></span> 
     </span>
     <span class='ocr_line' id='line_1_34' title="bbox 77 1814 847 1856; baseline -0.001 -11"><span class='ocrx_word' id='word_1_247' title='bbox 77 1816 153 1846; x_wconf 86' lang='grc' dir='ltr'>τίνων</span> <span class='ocrx_word' id='word_1_248' title='bbox 168 1816 303 1856; x_wconf 79' lang='grc' dir='ltr'>βασιλεὺς,</span> <span class='ocrx_word' id='word_1_249' title='bbox 315 1816 360 1846; x_wconf 83' lang='grc' dir='ltr'><strong><em>καὶ</em></strong></span> <span class='ocrx_word' id='word_1_250' title='bbox 373 1816 455 1846; x_wconf 88' lang='grc' dir='ltr'>πόσον</span> <span class='ocrx_word' id='word_1_251' title='bbox 465 1815 619 1846; x_wconf 74' lang='grc' dir='ltr'>ἐὸασίλευσε</span> <span class='ocrx_word' id='word_1_252' title='bbox 637 1814 730 1855; x_wconf 88' lang='grc' dir='ltr'>χρόνον</span> <span class='ocrx_word' id='word_1_253' title='bbox 739 1837 748 1851; x_wconf 92' lang='grc'>,</span> <span class='ocrx_word' id='word_1_254' title='bbox 763 1816 808 1844; x_wconf 84' lang='grc' dir='ltr'><strong><em>καὶ</em></strong></span> <span class='ocrx_word' id='word_1_255' title='bbox 821 1815 847 1844; x_wconf 84' lang='grc' dir='ltr'><strong><em>τί</em></strong></span> 
     </span>
     <span class='ocr_line' id='line_1_35' title="bbox 78 1859 847 1903; baseline -0.003 -11"><span class='ocrx_word' id='word_1_256' title='bbox 78 1861 126 1902; x_wconf 78' lang='grc' dir='ltr'>μὲν</span> <span class='ocrx_word' id='word_1_257' title='bbox 140 1861 313 1903; x_wconf 81' lang='grc' dir='ltr'>κατώρθωσε,</span> <span class='ocrx_word' id='word_1_258' title='bbox 326 1862 353 1891; x_wconf 90' lang='grc' dir='ltr'><strong><em>τί</em></strong></span> <span class='ocrx_word' id='word_1_259' title='bbox 367 1861 395 1891; x_wconf 83' lang='grc' dir='ltr'><strong><em>δὲ</em></strong></span> <span class='ocrx_word' id='word_1_260' title='bbox 417 1861 582 1901; x_wconf 63' lang='grc' dir='ltr'><strong><em>ι’δι-ἥμαρτε,</em></strong></span> <span class='ocrx_word' id='word_1_261' title='bbox 603 1862 659 1893; x_wconf 83' lang='grc' dir='ltr'><strong><em>πῶς</em></strong></span> <span class='ocrx_word' id='word_1_262' title='bbox 681 1859 708 1889; x_wconf 82' lang='grc' dir='ltr'><strong><em>δὲ</em></strong></span> <span class='ocrx_word' id='word_1_263' title='bbox 721 1859 766 1889; x_wconf 85' lang='grc' dir='ltr'><strong><em>τὸν</em></strong></span> <span class='ocrx_word' id='word_1_264' title='bbox 791 1860 847 1900; x_wconf 69' lang='grc' dir='ltr'>βίον</span> 
     </span>
    </p>
   </div>
   <div class='ocr_carea' id='block_1_6' title="bbox 1577 149 1643 185">
    <p class='ocr_par' dir='ltr' id='par_1_6' title="bbox 1577 149 1643 185">
     <span class='ocr_line' id='line_1_36' title="bbox 1577 149 1643 185; baseline -0.015 -13"><span class='ocrx_word' id='word_1_265' title='bbox 1577 149 1643 185; x_wconf 72' lang='lat'><strong><em>129</em></strong></span> 
     </span>
    </p>
   </div>
   <div class='ocr_carea' id='block_1_7' title="bbox 889 263 1794 442">
    <p class='ocr_par' dir='ltr' id='par_1_7' title="bbox 889 263 1794 442">
     <span class='ocr_line' id='line_1_37' title="bbox 889 263 1637 302; baseline -0.003 -10"><span class='ocrx_word' id='word_1_266' title='bbox 889 265 927 293; x_wconf 83' lang='lat' dir='ltr'><strong><em>In</em></strong></span> <span class='ocrx_word' id='word_1_267' title='bbox 941 264 1101 292; x_wconf 81' lang='lat' dir='ltr'><strong><em>secundum</em></strong></span> <span class='ocrx_word' id='word_1_268' title='bbox 1111 263 1220 293; x_wconf 77' lang='lat' dir='ltr'><strong><em>librum</em></strong></span> <span class='ocrx_word' id='word_1_269' title='bbox 1232 263 1490 302; x_wconf 83' lang='lat' dir='ltr'><strong><em>Paralipomenon,</em></strong></span> <span class='ocrx_word' id='word_1_270' title='bbox 1503 264 1553 292; x_wconf 84' lang='lat' dir='ltr'><strong><em>ubi</em></strong></span> <span class='ocrx_word' id='word_1_271' title='bbox 1565 263 1637 293; x_wconf 80' lang='lat' dir='ltr'><strong><em>dici-</em></strong></span> 
     </span>
     <span class='ocr_line' id='line_1_38' title="bbox 929 308 1770 348; baseline -0.006 -12"><span class='ocrx_word' id='word_1_272' title='bbox 929 314 986 344; x_wconf 83' lang='lat' dir='ltr'><strong><em>tur,</em></strong></span> <span class='ocrx_word' id='word_1_273' title='bbox 998 308 1108 338; x_wconf 88' lang='lat' dir='ltr'><strong><em>Elatum</em></strong></span> <span class='ocrx_word' id='word_1_274' title='bbox 1121 315 1161 338; x_wconf 88' lang='lat' dir='ltr'><strong><em>est</em></strong></span> <span class='ocrx_word' id='word_1_275' title='bbox 1173 319 1219 338; x_wconf 87' lang='lat' dir='ltr'><strong><em>cor</em></strong></span> <span class='ocrx_word' id='word_1_276' title='bbox 1236 308 1308 339; x_wconf 79' lang='lat' dir='ltr'><strong><em>Oziae</em></strong></span> <span class='ocrx_word' id='word_1_277' title='bbox 1315 321 1328 345; x_wconf 90' lang='lat'><em>;</em></span> <span class='ocrx_word' id='word_1_278' title='bbox 1343 308 1436 348; x_wconf 81' lang='lat' dir='ltr'><strong><em>deque</em></strong></span> <span class='ocrx_word' id='word_1_279' title='bbox 1450 308 1616 337; x_wconf 84' lang='lat' dir='ltr'><strong><em>humilitate</em></strong></span> <span class='ocrx_word' id='word_1_280' title='bbox 1623 320 1636 344; x_wconf 89' lang='lat'><em>;</em></span> <span class='ocrx_word' id='word_1_281' title='bbox 1647 318 1670 333; x_wconf 82' lang='lat'><strong><em>2.</em></strong></span> <span class='ocrx_word' id='word_1_282' title='bbox 1682 311 1770 332; x_wconf 72' lang='lat' dir='ltr'><strong><em>Paral.</em></strong></span> 
     </span>
     <span class='ocr_line' id='line_1_39' title="bbox 931 342 1794 404; baseline -0.001 -21"><span class='ocrx_word' id='word_1_283' title='bbox 931 360 992 384; x_wconf 82' lang='lat' dir='ltr'><strong><em>tum</em></strong></span> <span class='ocrx_word' id='word_1_284' title='bbox 1015 355 1095 394; x_wconf 80' lang='lat' dir='ltr'><strong><em>quod</em></strong></span> <span class='ocrx_word' id='word_1_285' title='bbox 1115 355 1263 384; x_wconf 85' lang='lat' dir='ltr'><strong><em>hominem</em></strong></span> <span class='ocrx_word' id='word_1_286' title='bbox 1279 356 1388 385; x_wconf 78' lang='lat' dir='ltr'><strong><em>virtute</em></strong></span> <span class='ocrx_word' id='word_1_287' title='bbox 1401 355 1555 393; x_wconf 84' lang='lat' dir='ltr'><strong><em>praeditum</em></strong></span> <span class='ocrx_word' id='word_1_288' title='bbox 1577 365 1637 383; x_wconf 83' lang='lat' dir='ltr'><strong><em>non</em></strong></span> <span class='ocrx_word' id='word_1_289' title='bbox 1648 342 1761 404; x_wconf 54' lang='lat' dir='ltr'><strong><em>2⁶13ng</em></strong></span> <span class='ocrx_word' id='word_1_290' title='bbox 1767 347 1794 395; x_wconf 54' lang='grc' dir='ltr'><strong><em>ξ’</em></strong></span> 
     </span>
     <span class='ocr_line' id='line_1_40' title="bbox 931 402 1638 442; baseline -0.001 -12"><span class='ocrx_word' id='word_1_291' title='bbox 931 407 1062 441; x_wconf 82' lang='lat' dir='ltr'><strong><em>oporteat</em></strong></span> <span class='ocrx_word' id='word_1_292' title='bbox 1082 412 1143 431; x_wconf 84' lang='lat' dir='ltr'><strong><em>esse</em></strong></span> <span class='ocrx_word' id='word_1_293' title='bbox 1164 402 1356 442; x_wconf 84' lang='lat' dir='ltr'><strong><em>confidentem</em></strong></span> <span class='ocrx_word' id='word_1_294' title='bbox 1370 413 1377 436; x_wconf 87' lang='lat'>;</span> <span class='ocrx_word' id='word_1_295' title='bbox 1392 402 1517 441; x_wconf 79' lang='lat' dir='ltr'><strong><em>denique</em></strong></span> <span class='ocrx_word' id='word_1_296' title='bbox 1541 411 1638 440; x_wconf 82' lang='lat' dir='ltr'><strong><em>quan-</em></strong></span> 
     </span>
    </p>
   </div>
   <div class='ocr_carea' id='block_1_8' title="bbox 933 448 1357 488">
    <p class='ocr_par' dir='ltr' id='par_1_8' title="bbox 933 448 1357 488">
     <span class='ocr_line' id='line_1_41' title="bbox 933 448 1357 488; baseline -0.002 -11"><span class='ocrx_word' id='word_1_297' title='bbox 933 454 992 477; x_wconf 87' lang='lat' dir='ltr'><strong><em>tum</em></strong></span> <span class='ocrx_word' id='word_1_298' title='bbox 1003 448 1114 477; x_wconf 83' lang='lat' dir='ltr'><strong><em>malum</em></strong></span> <span class='ocrx_word' id='word_1_299' title='bbox 1125 449 1163 477; x_wconf 87' lang='lat' dir='ltr'><strong><em>sit</em></strong></span> <span class='ocrx_word' id='word_1_300' title='bbox 1176 449 1357 488; x_wconf 80' lang='lat' dir='ltr'><strong><em>arrogantia.</em></strong></span> 
     </span>
    </p>
   </div>
   <div class='ocr_carea' id='block_1_9' title="bbox 1155 539 1380 570">
    <p class='ocr_par' dir='ltr' id='par_1_9' title="bbox 1155 539 1380 570">
     <span class='ocr_line' id='line_1_42' title="bbox 1155 539 1380 570; baseline -0.004 0"><span class='ocrx_word' id='word_1_301' title='bbox 1155 541 1314 570; x_wconf 81' lang='lat' dir='ltr'>HOMILIA</span> <span class='ocrx_word' id='word_1_302' title='bbox 1327 539 1380 570; x_wconf 84' lang='lat'>111.</span> 
     </span>
    </p>
   </div>
   <div class='ocr_carea' id='block_1_10' title="bbox 858 625 1642 665">
    <p class='ocr_par' dir='ltr' id='par_1_10' title="bbox 858 625 1642 665">
     <span class='ocr_line' id='line_1_43' title="bbox 858 625 1642 665; baseline -0.001 -10"><span class='ocrx_word' id='word_1_303' title='bbox 858 625 877 648; x_wconf 79' lang='grc' dir='ltr'>Ε</span> <span class='ocrx_word' id='word_1_304' title='bbox 934 627 946 655; x_wconf 79' lang='grc'>1</span> <span class='ocrx_word' id='word_1_305' title='bbox 958 647 964 655; x_wconf 89' lang='grc'><strong>.</strong></span> <span class='ocrx_word' id='word_1_306' title='bbox 987 625 1147 655; x_wconf 81' lang='lat' dir='ltr'><strong><em>Benedictus</em></strong></span> <span class='ocrx_word' id='word_1_307' title='bbox 1157 626 1241 662; x_wconf 90' lang='lat' dir='ltr'><strong><em>Deus,</em></strong></span> <span class='ocrx_word' id='word_1_308' title='bbox 1252 632 1279 655; x_wconf 86' lang='lat' dir='ltr'><strong><em>et</em></strong></span> <span class='ocrx_word' id='word_1_309' title='bbox 1288 632 1376 655; x_wconf 81' lang='lat' dir='ltr'><strong><em>nostra</em></strong></span> <span class='ocrx_word' id='word_1_310' title='bbox 1386 635 1494 664; x_wconf 87' lang='lat' dir='ltr'><strong><em>quoque</em></strong></span> <span class='ocrx_word' id='word_1_311' title='bbox 1505 632 1567 655; x_wconf 76' lang='lat' dir='ltr'><strong><em>aetas</em></strong></span> <span class='ocrx_word' id='word_1_312' title='bbox 1578 636 1642 665; x_wconf 89' lang='lat' dir='ltr'><strong><em>pro-</em></strong></span> 
     </span>
    </p>
   </div>
   <div class='ocr_carea' id='block_1_11' title="bbox 860 671 1795 1906">
    <p class='ocr_par' dir='ltr' id='par_1_11' title="bbox 893 671 1645 941">
     <span class='ocr_line' id='line_1_44' title="bbox 894 671 1642 712; baseline -0.001 -11"><span class='ocrx_word' id='word_1_313' title='bbox 894 672 1025 712; x_wconf 79' lang='lat' dir='ltr'><strong><em>germinat</em></strong></span> <span class='ocrx_word' id='word_1_314' title='bbox 1040 678 1180 711; x_wconf 75' lang='lat' dir='ltr'><strong><em>martyres,</em></strong></span> <span class='ocrx_word' id='word_1_315' title='bbox 1196 678 1222 701; x_wconf 87' lang='lat' dir='ltr'><strong><em>et</em></strong></span> <span class='ocrx_word' id='word_1_316' title='bbox 1236 672 1314 701; x_wconf 87' lang='lat' dir='ltr'><strong><em>nobis</em></strong></span> <span class='ocrx_word' id='word_1_317' title='bbox 1326 671 1377 701; x_wconf 90' lang='lat' dir='ltr'><strong><em>hoc</em></strong></span> <span class='ocrx_word' id='word_1_318' title='bbox 1401 671 1511 700; x_wconf 86' lang='lat' dir='ltr'><strong><em>honoris</em></strong></span> <span class='ocrx_word' id='word_1_319' title='bbox 1525 672 1642 701; x_wconf 85' lang='lat' dir='ltr'><strong><em>contulit</em></strong></span> 
     </span>
     <span class='ocr_line' id='line_1_45' title="bbox 893 717 1645 758; baseline -0.003 -10"><span class='ocrx_word' id='word_1_320' title='bbox 893 718 944 748; x_wconf 90' lang='lat' dir='ltr'><strong><em>Dei</em></strong></span> <span class='ocrx_word' id='word_1_321' title='bbox 967 717 1088 757; x_wconf 80' lang='lat' dir='ltr'><strong><em>dignatio</em></strong></span> <span class='ocrx_word' id='word_1_322' title='bbox 1097 741 1104 755; x_wconf 88' lang='lat'><strong>‚</strong></span> <span class='ocrx_word' id='word_1_323' title='bbox 1123 725 1152 747; x_wconf 90' lang='lat' dir='ltr'><strong><em>ut</em></strong></span> <span class='ocrx_word' id='word_1_324' title='bbox 1172 718 1385 758; x_wconf 84' lang='lat' dir='ltr'><strong>conspiceremus</strong></span> <span class='ocrx_word' id='word_1_325' title='bbox 1409 717 1532 747; x_wconf 84' lang='lat' dir='ltr'><strong><em>homines</em></strong></span> <span class='ocrx_word' id='word_1_326' title='bbox 1557 717 1645 747; x_wconf 89' lang='lat' dir='ltr'><strong><em>occidi</em></strong></span> 
     </span>
     <span class='ocr_line' id='line_1_46' title="bbox 894 763 1642 805; baseline -0.001 -12"><span class='ocrx_word' id='word_1_327' title='bbox 894 775 944 805; x_wconf 83' lang='lat' dir='ltr'><strong><em>pro</em></strong></span> <span class='ocrx_word' id='word_1_328' title='bbox 956 764 1074 801; x_wconf 80' lang='lat' dir='ltr'><strong><em>Christo,</em></strong></span> <span class='ocrx_word' id='word_1_329' title='bbox 1082 764 1204 793; x_wconf 88' lang='lat' dir='ltr'><strong><em>homines</em></strong></span> <span class='ocrx_word' id='word_1_330' title='bbox 1216 765 1263 803; x_wconf 86' lang='lat' dir='ltr'><strong><em>qui</em></strong></span> <span class='ocrx_word' id='word_1_331' title='bbox 1274 774 1349 793; x_wconf 87' lang='lat' dir='ltr'><strong><em>sacro</em></strong></span> <span class='ocrx_word' id='word_1_332' title='bbox 1361 764 1489 803; x_wconf 81' lang='lat' dir='ltr'><strong><em>sanguine</em></strong></span> <span class='ocrx_word' id='word_1_333' title='bbox 1500 763 1642 800; x_wconf 83' lang='lat' dir='ltr'>distillant,</span> 
     </span>
     <span class='ocr_line' id='line_1_47' title="bbox 894 809 1642 850; baseline -0.003 -10"><span class='ocrx_word' id='word_1_334' title='bbox 894 810 1043 841; x_wconf 81' lang='lat' dir='ltr'>Ecclesiam</span> <span class='ocrx_word' id='word_1_335' title='bbox 1051 810 1202 840; x_wconf 81' lang='lat' dir='ltr'><strong><em>universam</em></strong></span> <span class='ocrx_word' id='word_1_336' title='bbox 1211 810 1339 850; x_wconf 82' lang='lat' dir='ltr'><strong><em>irrigante</em></strong></span> <span class='ocrx_word' id='word_1_337' title='bbox 1350 822 1357 838; x_wconf 78' lang='lat' dir='ltr'><strong><em>z</em></strong></span> <span class='ocrx_word' id='word_1_338' title='bbox 1368 810 1510 849; x_wconf 85' lang='lat' dir='ltr'><strong><em>sanguine,</em></strong></span> <span class='ocrx_word' id='word_1_339' title='bbox 1521 809 1642 848; x_wconf 87' lang='lat' dir='ltr'><strong><em>inquam,</em></strong></span> 
     </span>
     <span class='ocr_line' id='line_1_48' title="bbox 894 851 1645 896; baseline -0.003 -10"><span class='ocrx_word' id='word_1_340' title='bbox 894 856 1066 896; x_wconf 80' lang='lat' dir='ltr'><strong><em>distillantes,</em></strong></span> <span class='ocrx_word' id='word_1_341' title='bbox 1081 851 1250 886; x_wconf 73' lang='lat' dir='ltr'><strong><em>daemonIbtis</em></strong></span> <span class='ocrx_word' id='word_1_342' title='bbox 1263 855 1374 895; x_wconf 83' lang='lat' dir='ltr'><strong><em>quidem</em></strong></span> <span class='ocrx_word' id='word_1_343' title='bbox 1398 855 1528 892; x_wconf 79' lang='lat' dir='ltr'><strong><em>terrifico,</em></strong></span> <span class='ocrx_word' id='word_1_344' title='bbox 1543 855 1645 894; x_wconf 82' lang='lat' dir='ltr'><strong><em>angelis</em></strong></span> 
     </span>
     <span class='ocr_line' id='line_1_49' title="bbox 895 900 1643 941; baseline -0.005 -8"><span class='ocrx_word' id='word_1_345' title='bbox 895 914 958 933; x_wconf 88' lang='lat' dir='ltr'><strong><em>vero</em></strong></span> <span class='ocrx_word' id='word_1_346' title='bbox 979 902 1172 940; x_wconf 83' lang='lat' dir='ltr'><strong><em>desiderabili,</em></strong></span> <span class='ocrx_word' id='word_1_347' title='bbox 1189 902 1265 931; x_wconf 86' lang='lat' dir='ltr'><strong><em>nobis</em></strong></span> <span class='ocrx_word' id='word_1_348' title='bbox 1289 912 1369 941; x_wconf 82' lang='lat' dir='ltr'><strong><em>porro</em></strong></span> <span class='ocrx_word' id='word_1_349' title='bbox 1394 901 1517 931; x_wconf 83' lang='lat' dir='ltr'><strong><em>salutari.</em></strong></span> <span class='ocrx_word' id='word_1_350' title='bbox 1533 900 1643 940; x_wconf 84' lang='lat' dir='ltr'><strong><em>Largita</em></strong></span> 
     </span>
    </p>

    <p class='ocr_par' dir='ltr' id='par_1_12' title="bbox 860 946 1646 1080">
     <span class='ocr_line' id='line_1_50' title="bbox 860 946 1646 987; baseline -0.004 -9"><span class='ocrx_word' id='word_1_351' title='bbox 860 958 880 981; x_wconf 76' lang='grc' dir='ltr'><strong>Α</strong></span> <span class='ocrx_word' id='word_1_352' title='bbox 894 957 934 978; x_wconf 86' lang='lat' dir='ltr'><strong><em>est</em></strong></span> <span class='ocrx_word' id='word_1_353' title='bbox 947 949 1025 978; x_wconf 88' lang='lat' dir='ltr'><strong><em>nobis</em></strong></span> <span class='ocrx_word' id='word_1_354' title='bbox 1038 948 1089 978; x_wconf 89' lang='lat' dir='ltr'><strong><em>hoc</em></strong></span> <span class='ocrx_word' id='word_1_355' title='bbox 1103 948 1154 978; x_wconf 85' lang='lat' dir='ltr'><strong><em>Dei</em></strong></span> <span class='ocrx_word' id='word_1_356' title='bbox 1167 947 1300 987; x_wconf 82' lang='lat' dir='ltr'><strong><em>dignatio,</em></strong></span> <span class='ocrx_word' id='word_1_357' title='bbox 1322 954 1351 976; x_wconf 88' lang='lat' dir='ltr'><strong><em>ut</em></strong></span> <span class='ocrx_word' id='word_1_358' title='bbox 1365 954 1544 987; x_wconf 87' lang='lat' dir='ltr'><strong><em>spectaremus</em></strong></span> <span class='ocrx_word' id='word_1_359' title='bbox 1558 946 1646 976; x_wconf 87' lang='lat' dir='ltr'><strong><em>homi-</em></strong></span> 
     </span>
     <span class='ocr_line' id='line_1_51' title="bbox 894 993 1643 1035; baseline -0.003 -11"><span class='ocrx_word' id='word_1_360' title='bbox 894 1005 940 1024; x_wconf 94' lang='lat' dir='ltr'><strong><em>nes</em></strong></span> <span class='ocrx_word' id='word_1_361' title='bbox 954 1005 1003 1035; x_wconf 90' lang='lat' dir='ltr'><strong><em>pro</em></strong></span> <span class='ocrx_word' id='word_1_362' title='bbox 1016 994 1113 1034; x_wconf 84' lang='lat' dir='ltr'><strong><em>pietate</em></strong></span> <span class='ocrx_word' id='word_1_363' title='bbox 1125 994 1329 1032; x_wconf 76' lang='lat' dir='ltr'><strong><em>belligerantes,</em></strong></span> <span class='ocrx_word' id='word_1_364' title='bbox 1339 993 1486 1030; x_wconf 87' lang='lat' dir='ltr'><strong><em>vincentes,</em></strong></span> <span class='ocrx_word' id='word_1_365' title='bbox 1494 999 1643 1022; x_wconf 82' lang='lat' dir='ltr'><strong><em>coronatos.</em></strong></span> 
     </span>
     <span class='ocr_line' id='line_1_52' title="bbox 894 1039 1646 1080; baseline -0.003 -10"><span class='ocrx_word' id='word_1_366' title='bbox 894 1042 990 1080; x_wconf 87' lang='lat' dir='ltr'><strong><em>Neque</em></strong></span> <span class='ocrx_word' id='word_1_367' title='bbox 996 1050 1065 1070; x_wconf 64' lang='lat' dir='ltr'><strong><em>avero</em></strong></span> <span class='ocrx_word' id='word_1_368' title='bbox 1077 1040 1166 1069; x_wconf 90' lang='lat' dir='ltr'><strong><em>solum</em></strong></span> <span class='ocrx_word' id='word_1_369' title='bbox 1179 1039 1311 1079; x_wconf 88' lang='lat' dir='ltr'><strong><em>contingit</em></strong></span> <span class='ocrx_word' id='word_1_370' title='bbox 1324 1039 1382 1069; x_wconf 85' lang='lat' dir='ltr'><strong><em>haec</em></strong></span> <span class='ocrx_word' id='word_1_371' title='bbox 1396 1046 1527 1079; x_wconf 85' lang='lat' dir='ltr'><strong><em>spectare,</em></strong></span> <span class='ocrx_word' id='word_1_372' title='bbox 1537 1050 1646 1069; x_wconf 88' lang='lat' dir='ltr'><strong><em>verum·</em></strong></span> 
     </span>
    </p>

    <p class='ocr_par' dir='ltr' id='par_1_13' title="bbox 868 1084 1795 1402">
     <span class='ocr_line' id='line_1_53' title="bbox 868 1084 1645 1128; baseline -0.003 -12"><span class='ocrx_word' id='word_1_373' title='bbox 868 1126 870 1128; x_wconf 67' lang='lat'>‚</span> <span class='ocrx_word' id='word_1_374' title='bbox 894 1086 974 1116; x_wconf 90' lang='lat' dir='ltr'><strong><em>etiam</em></strong></span> <span class='ocrx_word' id='word_1_375' title='bbox 988 1086 1045 1126; x_wconf 85' lang='lat' dir='ltr'><strong><em>ipsa</em></strong></span> <span class='ocrx_word' id='word_1_376' title='bbox 1058 1085 1220 1115; x_wconf 81' lang='lat' dir='ltr'><strong><em>athletarum</em></strong></span> <span class='ocrx_word' id='word_1_377' title='bbox 1230 1096 1343 1125; x_wconf 84' lang='lat' dir='ltr'><strong><em>corpora</em></strong></span> <span class='ocrx_word' id='word_1_378' title='bbox 1353 1085 1475 1125; x_wconf 85' lang='lat' dir='ltr'><strong><em>accipere</em></strong></span> <span class='ocrx_word' id='word_1_379' title='bbox 1492 1097 1498 1113; x_wconf 90' lang='lat'>:</span> <span class='ocrx_word' id='word_1_380' title='bbox 1514 1096 1544 1114; x_wconf 89' lang='lat' dir='ltr'><strong><em>ac</em></strong></span> <span class='ocrx_word' id='word_1_381' title='bbox 1558 1084 1645 1115; x_wconf 86' lang='lat' dir='ltr'><strong><em>victo-</em></strong></span> 
     </span>
     <span class='ocr_line' id='line_1_54' title="bbox 895 1130 1642 1170; baseline -0.004 -8"><span class='ocrx_word' id='word_1_382' title='bbox 895 1143 937 1162; x_wconf 87' lang='lat' dir='ltr'><strong><em>res</em></strong></span> <span class='ocrx_word' id='word_1_383' title='bbox 953 1132 1015 1162; x_wconf 85' lang='lat' dir='ltr'><strong><em>illos</em></strong></span> <span class='ocrx_word' id='word_1_384' title='bbox 1027 1138 1053 1161; x_wconf 89' lang='lat' dir='ltr'><strong><em>et</em></strong></span> <span class='ocrx_word' id='word_1_385' title='bbox 1067 1141 1165 1160; x_wconf 87' lang='lat' dir='ltr'><strong><em>corona</em></strong></span> <span class='ocrx_word' id='word_1_386' title='bbox 1185 1131 1303 1170; x_wconf 83' lang='lat' dir='ltr'><strong><em>insignes</em></strong></span> <span class='ocrx_word' id='word_1_387' title='bbox 1328 1130 1402 1170; x_wconf 89' lang='lat' dir='ltr'><strong><em>apud</em></strong></span> <span class='ocrx_word' id='word_1_388' title='bbox 1429 1141 1478 1159; x_wconf 91' lang='lat' dir='ltr'><strong><em>nos</em></strong></span> <span class='ocrx_word' id='word_1_389' title='bbox 1500 1130 1642 1160; x_wconf 90' lang='lat' dir='ltr'><strong><em>habemus.</em></strong></span> 
     </span>
     <span class='ocr_line' id='line_1_55' title="bbox 894 1175 1794 1219; baseline -0.004 -11"><span class='ocrx_word' id='word_1_390' title='bbox 894 1178 948 1209; x_wconf 85' lang='lat' dir='ltr'><strong><em>Sed</em></strong></span> <span class='ocrx_word' id='word_1_391' title='bbox 962 1179 988 1207; x_wconf 87' lang='lat' dir='ltr'><strong><em>in</em></strong></span> <span class='ocrx_word' id='word_1_392' title='bbox 1003 1177 1144 1218; x_wconf 65' lang='lat' dir='ltr'><strong><em>praesentia</em></strong></span> <span class='ocrx_word' id='word_1_393' title='bbox 1165 1176 1200 1205; x_wconf 91' lang='lat' dir='ltr'><strong><em>de</em></strong></span> <span class='ocrx_word' id='word_1_394' title='bbox 1212 1175 1378 1216; x_wconf 80' lang='lat' dir='ltr'><strong><em>martyribus</em></strong></span> <span class='ocrx_word' id='word_1_395' title='bbox 1392 1186 1540 1205; x_wconf 83' lang='lat' dir='ltr'><strong><em>sermonem</em></strong></span> <span class='ocrx_word' id='word_1_396' title='bbox 1555 1187 1642 1206; x_wconf 89' lang='lat' dir='ltr'><strong><em>reser-</em></strong></span> <span class='ocrx_word' id='word_1_397' title='bbox 1654 1181 1794 1219; x_wconf 57' lang='lat' dir='ltr'><strong><em>Episcopum</em></strong></span> 
     </span>
     <span class='ocr_line' id='line_1_56' title="bbox 894 1212 1795 1264; baseline -0.002 -11"><span class='ocrx_word' id='word_1_398' title='bbox 894 1234 990 1253; x_wconf 84' lang='lat' dir='ltr'><strong><em>vemus</em></strong></span> <span class='ocrx_word' id='word_1_399' title='bbox 1011 1230 1162 1262; x_wconf 84' lang='lat' dir='ltr'><strong><em>martyrum</em></strong></span> <span class='ocrx_word' id='word_1_400' title='bbox 1174 1221 1335 1258; x_wconf 82' lang='lat' dir='ltr'><strong><em>aemulatori,</em></strong></span> <span class='ocrx_word' id='word_1_401' title='bbox 1350 1221 1487 1251; x_wconf 88' lang='lat' dir='ltr'><strong><em>communi</em></strong></span> <span class='ocrx_word' id='word_1_402' title='bbox 1512 1221 1618 1251; x_wconf 86' lang='lat' dir='ltr'><strong><em>doctori</em></strong></span> <span class='ocrx_word' id='word_1_403' title='bbox 1633 1235 1640 1252; x_wconf 89' lang='lat'><strong>:</strong></span> <span class='ocrx_word' id='word_1_404' title='bbox 1653 1212 1795 1264; x_wconf 50' lang='grc' dir='ltr'><strong><em>εἱζέἓέἓζ</em></strong></span> 
     </span>
     <span class='ocr_line' id='line_1_57' title="bbox 894 1267 1795 1310; baseline -0.006 -11"><span class='ocrx_word' id='word_1_405' title='bbox 894 1270 948 1310; x_wconf 82' lang='lat' dir='ltr'><strong><em>ipsi</em></strong></span> <span class='ocrx_word' id='word_1_406' title='bbox 969 1280 1034 1299; x_wconf 88' lang='lat' dir='ltr'><strong><em>vero</em></strong></span> <span class='ocrx_word' id='word_1_407' title='bbox 1054 1279 1126 1298; x_wconf 91' lang='lat' dir='ltr'><strong><em>nunc</em></strong></span> <span class='ocrx_word' id='word_1_408' title='bbox 1146 1268 1181 1297; x_wconf 87' lang='lat' dir='ltr'><strong><em>de</em></strong></span> <span class='ocrx_word' id='word_1_409' title='bbox 1203 1268 1269 1298; x_wconf 85' lang='lat' dir='ltr'><strong><em>Ozia</em></strong></span> <span class='ocrx_word' id='word_1_410' title='bbox 1293 1267 1466 1304; x_wconf 81' lang='lat' dir='ltr'><strong><em>disseremus,</em></strong></span> <span class='ocrx_word' id='word_1_411' title='bbox 1478 1267 1642 1308; x_wconf 78' lang='lat' dir='ltr'><strong><em>jampridem</em></strong></span> <span class='ocrx_word' id='word_1_412' title='bbox 1653 1278 1716 1295; x_wconf 72' lang='lat' dir='ltr'><strong><em>vocat</em></strong></span> <span class='ocrx_word' id='word_1_413' title='bbox 1751 1274 1795 1295; x_wconf 52' lang='lat' dir='ltr'><strong><em>do&gt;-</em></strong></span> 
     </span>
     <span class='ocr_line' id='line_1_58' title="bbox 894 1310 1747 1355; baseline -0.001 -8"><span class='ocrx_word' id='word_1_414' title='bbox 894 1317 1016 1347; x_wconf 89' lang='lat' dir='ltr'><strong><em>debitum</em></strong></span> <span class='ocrx_word' id='word_1_415' title='bbox 1037 1327 1073 1346; x_wconf 83' lang='lat' dir='ltr'><strong><em>aes</em></strong></span> <span class='ocrx_word' id='word_1_416' title='bbox 1085 1315 1205 1346; x_wconf 87' lang='lat' dir='ltr'><strong><em>alienum</em></strong></span> <span class='ocrx_word' id='word_1_417' title='bbox 1218 1315 1429 1349; x_wconf 85' lang='lat' dir='ltr'><strong><em>dinumerantes,</em></strong></span> <span class='ocrx_word' id='word_1_418' title='bbox 1444 1314 1642 1355; x_wconf 86' lang='lat' dir='ltr'><strong><em>diuturnosque</em></strong></span> <span class='ocrx_word' id='word_1_419' title='bbox 1653 1310 1747 1326; x_wconf 62' lang='lat' dir='ltr'><strong><em>‘mm&#39;</em></strong></span> 
     </span>
     <span class='ocr_line' id='line_1_59' title="bbox 895 1362 1643 1402; baseline 0 -10"><span class='ocrx_word' id='word_1_420' title='bbox 895 1362 1023 1393; x_wconf 77' lang='lat' dir='ltr'><strong><em>audiendi</em></strong></span> <span class='ocrx_word' id='word_1_421' title='bbox 1037 1362 1117 1392; x_wconf 85' lang='lat' dir='ltr'><strong><em>nixus</em></strong></span> <span class='ocrx_word' id='word_1_422' title='bbox 1140 1363 1282 1391; x_wconf 80' lang='lat' dir='ltr'><strong><em>solventes.</em></strong></span> <span class='ocrx_word' id='word_1_423' title='bbox 1298 1362 1366 1391; x_wconf 81' lang='lat' dir='ltr'><strong><em>Nam</em></strong></span> <span class='ocrx_word' id='word_1_424' title='bbox 1383 1362 1508 1402; x_wconf 85' lang='lat' dir='ltr'><strong><em>parturit,</em></strong></span> <span class='ocrx_word' id='word_1_425' title='bbox 1523 1369 1564 1391; x_wconf 84' lang='lat' dir='ltr'><strong><em>sat</em></strong></span> <span class='ocrx_word' id='word_1_426' title='bbox 1577 1362 1643 1399; x_wconf 86' lang='lat' dir='ltr'><strong><em>scio,</em></strong></span> 
     </span>
    </p>

    <p class='ocr_par' dir='ltr' id='par_1_14' title="bbox 863 1407 1648 1906">
     <span class='ocr_line' id='line_1_60' title="bbox 863 1407 1647 1448; baseline 0 -10"><span class='ocrx_word' id='word_1_427' title='bbox 863 1411 881 1435; x_wconf 86' lang='lat' dir='ltr'>B</span> <span class='ocrx_word' id='word_1_428' title='bbox 897 1409 1083 1448; x_wconf 89' lang='lat' dir='ltr'><strong><em>unusquisque</em></strong></span> <span class='ocrx_word' id='word_1_429' title='bbox 1094 1415 1225 1445; x_wconf 86' lang='lat' dir='ltr'><strong><em>vestrum,</em></strong></span> <span class='ocrx_word' id='word_1_430' title='bbox 1239 1407 1349 1448; x_wconf 83' lang='lat' dir='ltr'><strong><em>cupiens</em></strong></span> <span class='ocrx_word' id='word_1_431' title='bbox 1363 1408 1438 1437; x_wconf 89' lang='lat' dir='ltr'><strong><em>illam</em></strong></span> <span class='ocrx_word' id='word_1_432' title='bbox 1454 1408 1549 1438; x_wconf 84' lang='lat' dir='ltr'><strong><em>audire</em></strong></span> <span class='ocrx_word' id='word_1_433' title='bbox 1563 1408 1647 1438; x_wconf 88' lang='lat' dir='ltr'><strong><em>histo-</em></strong></span> 
     </span>
     <span class='ocr_line' id='line_1_61' title="bbox 895 1454 1646 1495; baseline 0 -10"><span class='ocrx_word' id='word_1_434' title='bbox 895 1456 963 1485; x_wconf 85' lang='lat' dir='ltr'><strong><em>riam</em></strong></span> <span class='ocrx_word' id='word_1_435' title='bbox 978 1468 984 1485; x_wconf 88' lang='lat'>:</span> <span class='ocrx_word' id='word_1_436' title='bbox 998 1455 1121 1494; x_wconf 85' lang='lat' dir='ltr'><strong><em>hancque</em></strong></span> <span class='ocrx_word' id='word_1_437' title='bbox 1135 1454 1340 1495; x_wconf 84' lang='lat' dir='ltr'><strong><em>parturitionem</em></strong></span> <span class='ocrx_word' id='word_1_438' title='bbox 1351 1465 1400 1484; x_wconf 89' lang='lat' dir='ltr'><strong><em>nos</em></strong></span> <span class='ocrx_word' id='word_1_439' title='bbox 1413 1454 1520 1484; x_wconf 88' lang='lat' dir='ltr'><strong><em>interim</em></strong></span> <span class='ocrx_word' id='word_1_440' title='bbox 1539 1462 1646 1495; x_wconf 83' lang='lat' dir='ltr'><strong><em>protra-</em></strong></span> 
     </span>
     <span class='ocr_line' id='line_1_62' title="bbox 896 1500 1645 1540; baseline -0.001 -9"><span class='ocrx_word' id='word_1_441' title='bbox 896 1502 1002 1539; x_wconf 85' lang='lat' dir='ltr'><strong><em>ximus,</em></strong></span> <span class='ocrx_word' id='word_1_442' title='bbox 1015 1512 1067 1531; x_wconf 91' lang='lat' dir='ltr'><strong><em>non</em></strong></span> <span class='ocrx_word' id='word_1_443' title='bbox 1081 1500 1155 1540; x_wconf 89' lang='lat' dir='ltr'><strong><em>quod</em></strong></span> <span class='ocrx_word' id='word_1_444' title='bbox 1167 1511 1325 1540; x_wconf 88' lang='lat' dir='ltr'><strong><em>cuperemus</em></strong></span> <span class='ocrx_word' id='word_1_445' title='bbox 1339 1500 1417 1531; x_wconf 84' lang='lat' dir='ltr'><strong><em>vohis</em></strong></span> <span class='ocrx_word' id='word_1_446' title='bbox 1431 1500 1568 1530; x_wconf 84' lang='lat' dir='ltr'><strong><em>intendere</em></strong></span> <span class='ocrx_word' id='word_1_447' title='bbox 1581 1512 1645 1530; x_wconf 89' lang='lat' dir='ltr'><strong><em>cru-</em></strong></span> 
     </span>
     <span class='ocr_line' id='line_1_63' title="bbox 894 1545 1643 1586; baseline 0 -9"><span class='ocrx_word' id='word_1_448' title='bbox 894 1548 993 1577; x_wconf 87' lang='lat' dir='ltr'><strong><em>ciatum</em></strong></span> <span class='ocrx_word' id='word_1_449' title='bbox 1002 1570 1009 1584; x_wconf 93' lang='lat'><strong><em>,</em></strong></span> <span class='ocrx_word' id='word_1_450' title='bbox 1024 1547 1071 1577; x_wconf 87' lang='lat' dir='ltr'><strong><em>sed</em></strong></span> <span class='ocrx_word' id='word_1_451' title='bbox 1083 1545 1158 1586; x_wconf 88' lang='lat' dir='ltr'><strong><em>quod</em></strong></span> <span class='ocrx_word' id='word_1_452' title='bbox 1170 1546 1338 1576; x_wconf 84' lang='lat' dir='ltr'><strong><em>studeremus</em></strong></span> <span class='ocrx_word' id='word_1_453' title='bbox 1359 1553 1479 1576; x_wconf 84' lang='lat' dir='ltr'><strong><em>vestrum</em></strong></span> <span class='ocrx_word' id='word_1_454' title='bbox 1500 1547 1643 1577; x_wconf 80' lang='lat' dir='ltr'><strong><em>accendere</em></strong></span> 
     </span>
     <span class='ocr_line' id='line_1_64' title="bbox 892 1593 1641 1633; baseline 0 -10"><span class='ocrx_word' id='word_1_455' title='bbox 892 1593 1068 1630; x_wconf 84' lang='lat' dir='ltr'><strong><em>desiderium,</em></strong></span> <span class='ocrx_word' id='word_1_456' title='bbox 1077 1600 1108 1622; x_wconf 89' lang='lat' dir='ltr'><strong><em>ut</em></strong></span> <span class='ocrx_word' id='word_1_457' title='bbox 1121 1593 1198 1623; x_wconf 90' lang='lat' dir='ltr'><strong><em>vobis</em></strong></span> <span class='ocrx_word' id='word_1_458' title='bbox 1211 1604 1225 1622; x_wconf 86' lang='lat' dir='ltr'><strong><em>a</em></strong></span> <span class='ocrx_word' id='word_1_459' title='bbox 1241 1603 1283 1622; x_wconf 90' lang='lat' dir='ltr'><strong><em>me</em></strong></span> <span class='ocrx_word' id='word_1_460' title='bbox 1296 1593 1422 1622; x_wconf 85' lang='lat' dir='ltr'><strong><em>convivio</em></strong></span> <span class='ocrx_word' id='word_1_461' title='bbox 1436 1593 1551 1633; x_wconf 88' lang='lat' dir='ltr'><strong><em>acceptis</em></strong></span> <span class='ocrx_word' id='word_1_462' title='bbox 1562 1604 1641 1623; x_wconf 89' lang='lat' dir='ltr'><strong><em>meus</em></strong></span> 
     </span>
     <span class='ocr_line' id='line_1_65' title="bbox 893 1638 1646 1680; baseline 0 -11"><span class='ocrx_word' id='word_1_463' title='bbox 893 1646 1036 1679; x_wconf 81' lang='lat' dir='ltr'><strong><em>apparatus</em></strong></span> <span class='ocrx_word' id='word_1_464' title='bbox 1048 1650 1129 1678; x_wconf 87' lang='lat' dir='ltr'><strong><em>quam</em></strong></span> <span class='ocrx_word' id='word_1_465' title='bbox 1141 1638 1317 1668; x_wconf 86' lang='lat' dir='ltr'><strong><em>suavissimus</em></strong></span> <span class='ocrx_word' id='word_1_466' title='bbox 1330 1638 1481 1668; x_wconf 81' lang='lat' dir='ltr'><strong><em>videretur.</em></strong></span> <span class='ocrx_word' id='word_1_467' title='bbox 1494 1640 1563 1669; x_wconf 81' lang='lat' dir='ltr'><strong><em>Nam</em></strong></span> <span class='ocrx_word' id='word_1_468' title='bbox 1573 1650 1646 1680; x_wconf 89' lang='lat' dir='ltr'><strong><em>opu-</em></strong></span> 
     </span>
     <span class='ocr_line' id='line_1_66' title="bbox 893 1683 1646 1724; baseline 0 -10"><span class='ocrx_word' id='word_1_469' title='bbox 893 1685 972 1714; x_wconf 87' lang='lat' dir='ltr'><strong><em>lentis</em></strong></span> <span class='ocrx_word' id='word_1_470' title='bbox 994 1684 1226 1719; x_wconf 81' lang='lat' dir='ltr'><strong><em>convivatoribus,</em></strong></span> <span class='ocrx_word' id='word_1_471' title='bbox 1240 1683 1263 1712; x_wconf 87' lang='lat' dir='ltr'><strong><em>si</em></strong></span> <span class='ocrx_word' id='word_1_472' title='bbox 1277 1683 1405 1713; x_wconf 81' lang='lat' dir='ltr'><strong><em>convivas</em></strong></span> <span class='ocrx_word' id='word_1_473' title='bbox 1430 1685 1586 1724; x_wconf 87' lang='lat' dir='ltr'><strong><em>acceperint</em></strong></span> <span class='ocrx_word' id='word_1_474' title='bbox 1603 1696 1646 1714; x_wconf 86' lang='lat' dir='ltr'><strong><em>sa-</em></strong></span> 
     </span>
     <span class='ocr_line' id='line_1_67' title="bbox 892 1729 1647 1769; baseline 0 -9"><span class='ocrx_word' id='word_1_475' title='bbox 892 1737 978 1767; x_wconf 82' lang='lat' dir='ltr'><strong><em>turos,</em></strong></span> <span class='ocrx_word' id='word_1_476' title='bbox 988 1730 1049 1759; x_wconf 90' lang='lat' dir='ltr'><strong><em>licet</em></strong></span> <span class='ocrx_word' id='word_1_477' title='bbox 1060 1736 1203 1769; x_wconf 81' lang='lat' dir='ltr'><strong><em>apparatus</em></strong></span> <span class='ocrx_word' id='word_1_478' title='bbox 1226 1729 1330 1758; x_wconf 88' lang='lat' dir='ltr'><strong><em>lautitia</em></strong></span> <span class='ocrx_word' id='word_1_479' title='bbox 1347 1729 1457 1758; x_wconf 85' lang='lat' dir='ltr'><strong><em>illorum</em></strong></span> <span class='ocrx_word' id='word_1_480' title='bbox 1468 1731 1647 1769; x_wconf 78' lang='lat' dir='ltr'><strong><em>appetentiam</em></strong></span> 
     </span>
     <span class='ocr_line' id='line_1_68' title="bbox 895 1776 1646 1815; baseline 0 -9"><span class='ocrx_word' id='word_1_481' title='bbox 895 1777 1026 1806; x_wconf 80' lang='lat' dir='ltr'><strong><em>excitare:</em></strong></span> <span class='ocrx_word' id='word_1_482' title='bbox 1038 1782 1162 1808; x_wconf 77' lang='lat' dir='ltr'><strong><em>caeterum</em></strong></span> <span class='ocrx_word' id='word_1_483' title='bbox 1173 1785 1323 1815; x_wconf 88' lang='lat' dir='ltr'><strong><em>pauperum</em></strong></span> <span class='ocrx_word' id='word_1_484' title='bbox 1335 1785 1455 1804; x_wconf 83' lang='lat' dir='ltr'><strong><em>mensam</em></strong></span> <span class='ocrx_word' id='word_1_485' title='bbox 1470 1785 1522 1804; x_wconf 92' lang='lat' dir='ltr'><strong><em>non</em></strong></span> <span class='ocrx_word' id='word_1_486' title='bbox 1537 1776 1589 1805; x_wconf 80' lang='lat' dir='ltr'><strong><em>alia</em></strong></span> <span class='ocrx_word' id='word_1_487' title='bbox 1604 1787 1646 1806; x_wconf 88' lang='lat' dir='ltr'><strong><em>res</em></strong></span> 
     </span>
     <span class='ocr_line' id='line_1_69' title="bbox 895 1820 1647 1862; baseline -0.001 -10"><span class='ocrx_word' id='word_1_488' title='bbox 895 1834 970 1862; x_wconf 86' lang='lat' dir='ltr'><strong><em>aeque</em></strong></span> <span class='ocrx_word' id='word_1_489' title='bbox 982 1822 1082 1852; x_wconf 85' lang='lat' dir='ltr'><strong><em>lautam</em></strong></span> <span class='ocrx_word' id='word_1_490' title='bbox 1095 1821 1214 1858; x_wconf 84' lang='lat' dir='ltr'><strong><em>exhibet,</em></strong></span> <span class='ocrx_word' id='word_1_491' title='bbox 1227 1831 1308 1860; x_wconf 89' lang='lat' dir='ltr'><strong><em>quam</em></strong></span> <span class='ocrx_word' id='word_1_492' title='bbox 1322 1820 1356 1857; x_wconf 88' lang='lat' dir='ltr'><strong><em>si,</em></strong></span> <span class='ocrx_word' id='word_1_493' title='bbox 1366 1820 1412 1860; x_wconf 87' lang='lat' dir='ltr'><strong><em>qui</em></strong></span> <span class='ocrx_word' id='word_1_494' title='bbox 1427 1820 1462 1850; x_wconf 79' lang='lat' dir='ltr'><strong><em>ad</em></strong></span> <span class='ocrx_word' id='word_1_495' title='bbox 1477 1821 1552 1851; x_wconf 88' lang='lat' dir='ltr'><strong><em>illam</em></strong></span> <span class='ocrx_word' id='word_1_496' title='bbox 1566 1833 1647 1851; x_wconf 86' lang='lat' dir='ltr'><strong><em>accu-</em></strong></span> 
     </span>
     <span class='ocr_line' id='line_1_70' title="bbox 897 1866 1648 1906; baseline -0.001 -8"><span class='ocrx_word' id='word_1_497' title='bbox 897 1868 982 1899; x_wconf 84' lang='lat' dir='ltr'><strong><em>bituri</em></strong></span> <span class='ocrx_word' id='word_1_498' title='bbox 993 1875 1065 1904; x_wconf 88' lang='lat' dir='ltr'><strong><em>sunt,</em></strong></span> <span class='ocrx_word' id='word_1_499' title='bbox 1079 1867 1207 1897; x_wconf 86' lang='lat' dir='ltr'><strong><em>esuriant.</em></strong></span> <span class='ocrx_word' id='word_1_500' title='bbox 1220 1866 1288 1904; x_wconf 86' lang='lat' dir='ltr'><strong><em>Quis</em></strong></span> <span class='ocrx_word' id='word_1_501' title='bbox 1300 1866 1382 1906; x_wconf 82' lang='lat' dir='ltr'><strong><em>igitur</em></strong></span> <span class='ocrx_word' id='word_1_502' title='bbox 1395 1873 1434 1896; x_wconf 87' lang='lat' dir='ltr'><strong><em>est</em></strong></span> <span class='ocrx_word' id='word_1_503' title='bbox 1445 1867 1535 1904; x_wconf 79' lang='lat' dir='ltr'><strong><em>Ozias,</em></strong></span> <span class='ocrx_word' id='word_1_504' title='bbox 1546 1868 1648 1906; x_wconf 88' lang='lat' dir='ltr'><strong><em>quibus</em></strong></span> 
     </span>
    </p>
   </div>
   <div class='ocr_carea' id='block_1_12' title="bbox 78 1907 1648 1955">
    <p class='ocr_par' dir='ltr' id='par_1_15' title="bbox 78 1907 1648 1955">
     <span class='ocr_line' id='line_1_71' title="bbox 78 1907 1648 1955; baseline 0 -11"><span class='ocrx_word' id='word_1_505' title='bbox 78 1908 237 1945; x_wconf 63' lang='grc' dir='ltr'><strong><em>κατέλυσὸνὶ</em></strong></span> <span class='ocrx_word' id='word_1_506' title='bbox 250 1908 371 1939; x_wconf 67' lang='grc' dir='ltr'><strong>Ἅπαντα</strong></span> <span class='ocrx_word' id='word_1_507' title='bbox 383 1912 467 1938; x_wconf 59' lang='grc' dir='ltr'>ταῦτα</span> <span class='ocrx_word' id='word_1_508' title='bbox 481 1907 546 1947; x_wconf 67' lang='grc' dir='ltr'>πρὸς</span> <span class='ocrx_word' id='word_1_509' title='bbox 560 1909 630 1946; x_wconf 63' lang='grc' dir='ltr'>ὑμᾶς</span> <span class='ocrx_word' id='word_1_510' title='bbox 651 1908 760 1946; x_wconf 56' lang='grc' dir='ltr'>ἐροῦμεν</span> <span class='ocrx_word' id='word_1_511' title='bbox 787 1909 847 1941; x_wconf 67' lang='lat' dir='ltr'><strong><em>va,</em></strong></span> <span class='ocrx_word' id='word_1_512' title='bbox 862 1923 880 1946; x_wconf 88' lang='lat' dir='ltr'>C</span> <span class='ocrx_word' id='word_1_513' title='bbox 896 1922 971 1945; x_wconf 87' lang='lat' dir='ltr'><strong><em>ortus</em></strong></span> <span class='ocrx_word' id='word_1_514' title='bbox 986 1914 1144 1955; x_wconf 77' lang='lat' dir='ltr'><strong><em>majoribuS,</em></strong></span> <span class='ocrx_word' id='word_1_515' title='bbox 1159 1924 1275 1952; x_wconf 89' lang='lat' dir='ltr'><strong><em>quornm</em></strong></span> <span class='ocrx_word' id='word_1_516' title='bbox 1286 1923 1346 1949; x_wconf 85' lang='lat' dir='ltr'><strong><em>rex,</em></strong></span> <span class='ocrx_word' id='word_1_517' title='bbox 1359 1920 1458 1952; x_wconf 79' lang='lat' dir='ltr'><strong><em>quanto</em></strong></span> <span class='ocrx_word' id='word_1_518' title='bbox 1470 1920 1589 1954; x_wconf 82' lang='lat' dir='ltr'><strong><em>tempore</em></strong></span> <span class='ocrx_word' id='word_1_519' title='bbox 1603 1925 1648 1944; x_wconf 88' lang='lat' dir='ltr'><strong><em>re-</em></strong></span> 
     </span>
    </p>
   </div>
   <div class='ocr_carea' id='block_1_13' title="bbox 77 1952 847 2319">
    <p class='ocr_par' dir='ltr' id='par_1_16' title="bbox 77 1952 847 2319">
     <span class='ocr_line' id='line_1_72' title="bbox 79 1952 847 1993; baseline -0.003 -9"><span class='ocrx_word' id='word_1_520' title='bbox 79 1955 177 1993; x_wconf 75' lang='grc' dir='ltr'>μᾶλλον</span> <span class='ocrx_word' id='word_1_521' title='bbox 190 1954 273 1984; x_wconf 78' lang='grc' dir='ltr'>δὲὸσα</span> <span class='ocrx_word' id='word_1_522' title='bbox 283 1955 391 1984; x_wconf 87' lang='grc' dir='ltr'>δυνατὸν</span> <span class='ocrx_word' id='word_1_523' title='bbox 404 1956 496 1991; x_wconf 80' lang='grc' dir='ltr'>εἰπεῖν,</span> <span class='ocrx_word' id='word_1_524' title='bbox 510 1953 579 1983; x_wconf 82' lang='grc' dir='ltr'>ὥστε</span> <span class='ocrx_word' id='word_1_525' title='bbox 592 1953 630 1992; x_wconf 84' lang='grc' dir='ltr'><strong><em>μὴ</em></strong></span> <span class='ocrx_word' id='word_1_526' title='bbox 642 1955 680 1992; x_wconf 86' lang='grc' dir='ltr'><strong><em>τῷ</em></strong></span> <span class='ocrx_word' id='word_1_527' title='bbox 694 1952 790 1988; x_wconf 84' lang='grc' dir='ltr'>πλήθει</span> <span class='ocrx_word' id='word_1_528' title='bbox 799 1964 847 1982; x_wconf 82' lang='grc' dir='ltr'><strong><em>κα-</em></strong></span> 
     </span>
     <span class='ocr_line' id='line_1_73' title="bbox 77 1998 846 2041; baseline -0.004 -11"><span class='ocrx_word' id='word_1_529' title='bbox 77 2003 197 2041; x_wconf 82' lang='grc' dir='ltr'>ταχῶσαι</span> <span class='ocrx_word' id='word_1_530' title='bbox 220 2000 268 2037; x_wconf 66' lang='grc' dir='ltr'><strong><em>τὴν</em></strong></span> <span class='ocrx_word' id='word_1_531' title='bbox 289 2001 397 2040; x_wconf 85' lang='grc' dir='ltr'>μνήμην</span> <span class='ocrx_word' id='word_1_532' title='bbox 410 2003 499 2040; x_wconf 79' lang='grc' dir='ltr'>ὑμῶν·</span> <span class='ocrx_word' id='word_1_533' title='bbox 522 1999 536 2029; x_wconf 80' lang='grc' dir='ltr'>ὃ</span> <span class='ocrx_word' id='word_1_534' title='bbox 549 2000 648 2039; x_wconf 82' lang='grc' dir='ltr'>γίνεται</span> <span class='ocrx_word' id='word_1_535' title='bbox 673 1999 718 2028; x_wconf 80' lang='grc' dir='ltr'><strong><em>καὶ</em></strong></span> <span class='ocrx_word' id='word_1_536' title='bbox 737 1998 780 2028; x_wconf 79' lang='grc' dir='ltr'><strong><em>ἐπὶ</em></strong></span> <span class='ocrx_word' id='word_1_537' title='bbox 801 2001 846 2028; x_wconf 76' lang='grc' dir='ltr'><strong><em>τοῦ</em></strong></span> 
     </span>
     <span class='ocr_line' id='line_1_74' title="bbox 78 2045 847 2087; baseline -0.004 -11"><span class='ocrx_word' id='word_1_538' title='bbox 78 2047 212 2086; x_wconf 82' lang='grc' dir='ltr'>λυχνιαίου</span> <span class='ocrx_word' id='word_1_539' title='bbox 236 2046 325 2087; x_wconf 84' lang='grc' dir='ltr'>πυρός.</span> <span class='ocrx_word' id='word_1_540' title='bbox 346 2047 392 2077; x_wconf 86' lang='grc' dir='ltr'>Ἂν</span> <span class='ocrx_word' id='word_1_541' title='bbox 407 2047 454 2086; x_wconf 80' lang='grc' dir='ltr'>μὲν</span> <span class='ocrx_word' id='word_1_542' title='bbox 465 2047 516 2087; x_wconf 85' lang='grc' dir='ltr'><strong><em>γὰρ</em></strong></span> <span class='ocrx_word' id='word_1_543' title='bbox 530 2047 584 2076; x_wconf 72' lang='grc' dir='ltr'>ἐκεῖ</span> <span class='ocrx_word' id='word_1_544' title='bbox 597 2045 666 2075; x_wconf 80' lang='grc' dir='ltr'>κατὰ</span> <span class='ocrx_word' id='word_1_545' title='bbox 680 2045 773 2085; x_wconf 82' lang='grc' dir='ltr'>μικρὸν</span> <span class='ocrx_word' id='word_1_546' title='bbox 787 2045 847 2073; x_wconf 81' lang='grc' dir='ltr'>ἐπι-</span> 
     </span>
     <span class='ocr_line' id='line_1_75' title="bbox 79 2091 847 2133; baseline -0.003 -12"><span class='ocrx_word' id='word_1_547' title='bbox 79 2092 175 2132; x_wconf 74' lang='grc' dir='ltr'>στάξῃς</span> <span class='ocrx_word' id='word_1_548' title='bbox 195 2094 230 2132; x_wconf 76' lang='grc' dir='ltr'><strong><em>τῇ</em></strong></span> <span class='ocrx_word' id='word_1_549' title='bbox 252 2093 387 2133; x_wconf 83' lang='grc' dir='ltr'>θρυαλλίδι</span> <span class='ocrx_word' id='word_1_550' title='bbox 408 2093 438 2123; x_wconf 82' lang='grc' dir='ltr'><strong><em>τὸ</em></strong></span> <span class='ocrx_word' id='word_1_551' title='bbox 459 2093 560 2129; x_wconf 79' lang='grc' dir='ltr'>ἔλαιον,</span> <span class='ocrx_word' id='word_1_552' title='bbox 582 2091 674 2127; x_wconf 78' lang='grc' dir='ltr'>ἱκανὴν</span> <span class='ocrx_word' id='word_1_553' title='bbox 696 2091 795 2123; x_wconf 78' lang='grc' dir='ltr'>ἔδωκας</span> <span class='ocrx_word' id='word_1_554' title='bbox 808 2092 847 2130; x_wconf 80' lang='grc' dir='ltr'><strong><em>τῷ</em></strong></span> 
     </span>
     <span class='ocr_line' id='line_1_76' title="bbox 79 2137 846 2179; baseline -0.003 -12"><span class='ocrx_word' id='word_1_555' title='bbox 79 2138 142 2177; x_wconf 75' lang='grc' dir='ltr'>πυρὶ</span> <span class='ocrx_word' id='word_1_556' title='bbox 163 2137 212 2174; x_wconf 74' lang='grc' dir='ltr'><strong><em>τὴν</em></strong></span> <span class='ocrx_word' id='word_1_557' title='bbox 233 2139 331 2179; x_wconf 79' lang='grc' dir='ltr'>τροφήν</span> <span class='ocrx_word' id='word_1_558' title='bbox 341 2151 347 2157; x_wconf 92' lang='grc'>·</span> <span class='ocrx_word' id='word_1_559' title='bbox 372 2139 403 2168; x_wconf 79' lang='grc' dir='ltr'>ἂν</span> <span class='ocrx_word' id='word_1_560' title='bbox 417 2140 445 2169; x_wconf 82' lang='grc' dir='ltr'><strong><em>δὲ</em></strong></span> <span class='ocrx_word' id='word_1_561' title='bbox 459 2138 551 2179; x_wconf 80' lang='grc' dir='ltr'>ἀθρόον</span> <span class='ocrx_word' id='word_1_562' title='bbox 563 2138 697 2178; x_wconf 81' lang='grc' dir='ltr'>καταχέῃς</span> <span class='ocrx_word' id='word_1_563' title='bbox 707 2160 714 2174; x_wconf 88' lang='grc'>,</span> <span class='ocrx_word' id='word_1_564' title='bbox 737 2137 783 2166; x_wconf 78' lang='grc' dir='ltr'><strong><em>καὶ</em></strong></span> <span class='ocrx_word' id='word_1_565' title='bbox 797 2137 846 2173; x_wconf 81' lang='grc' dir='ltr'><strong><em>τὴν</em></strong></span> 
     </span>
     <span class='ocr_line' id='line_1_77' title="bbox 80 2178 847 2224; baseline 0.001 -13"><span class='ocrx_word' id='word_1_566' title='bbox 80 2178 159 2212; x_wconf 66' lang='grc' dir='ltr'>οὖσαν</span> <span class='ocrx_word' id='word_1_567' title='bbox 169 2184 253 2224; x_wconf 78' lang='grc' dir='ltr'>φλόγα</span> <span class='ocrx_word' id='word_1_568' title='bbox 263 2185 432 2218; x_wconf 70' lang='grc' dir='ltr'>κατίσὸεσας.</span> <span class='ocrx_word' id='word_1_569' title='bbox 447 2180 532 2218; x_wconf 75' lang='grc' dir='ltr'>Οὗτος</span> <span class='ocrx_word' id='word_1_570' title='bbox 545 2184 630 2214; x_wconf 90' lang='grc' dir='ltr'>τοίνυν</span> <span class='ocrx_word' id='word_1_571' title='bbox 645 2186 659 2213; x_wconf 84' lang='grc' dir='ltr'><strong>ὁ</strong></span> <span class='ocrx_word' id='word_1_572' title='bbox 674 2183 765 2217; x_wconf 83' lang='grc' dir='ltr'>Ὀζίας</span> <span class='ocrx_word' id='word_1_573' title='bbox 779 2182 847 2212; x_wconf 83' lang='grc' dir='ltr'>ἀπό-</span> 
     </span>
     <span class='ocr_line' id='line_1_78' title="bbox 80 2226 846 2272; baseline 0.007 -15"><span class='ocrx_word' id='word_1_574' title='bbox 80 2239 153 2267; x_wconf 81' lang='grc' dir='ltr'>γονος</span> <span class='ocrx_word' id='word_1_575' title='bbox 170 2230 217 2267; x_wconf 84' lang='grc' dir='ltr'>μὲν</span> <span class='ocrx_word' id='word_1_576' title='bbox 227 2226 258 2266; x_wconf 74' lang='grc' dir='ltr'>ἦν</span> <span class='ocrx_word' id='word_1_577' title='bbox 271 2234 317 2260; x_wconf 79' lang='grc' dir='ltr'><strong><em>τοῦ</em></strong></span> <span class='ocrx_word' id='word_1_578' title='bbox 336 2232 420 2262; x_wconf 77' lang='grc' dir='ltr'>Δαυὶδ</span> <span class='ocrx_word' id='word_1_579' title='bbox 430 2254 438 2268; x_wconf 90' lang='grc'>,</span> <span class='ocrx_word' id='word_1_580' title='bbox 454 2230 575 2272; x_wconf 76' lang='grc' dir='ltr'>βασιλεὺς</span> <span class='ocrx_word' id='word_1_581' title='bbox 589 2231 616 2261; x_wconf 82' lang='grc' dir='ltr'><strong><em>δὲ</em></strong></span> <span class='ocrx_word' id='word_1_582' title='bbox 633 2234 685 2261; x_wconf 83' lang='grc' dir='ltr'><strong><em>τῶν</em></strong></span> <span class='ocrx_word' id='word_1_583' title='bbox 697 2232 831 2262; x_wconf 86' lang='grc' dir='ltr'>Ἰουδαίων</span> <span class='ocrx_word' id='word_1_584' title='bbox 840 2245 846 2251; x_wconf 94' lang='grc'>·</span> 
     </span>
     <span class='ocr_line' id='line_1_79' title="bbox 81 2275 847 2319; baseline 0.005 -15"><span class='ocrx_word' id='word_1_585' title='bbox 81 2275 234 2306; x_wconf 72' lang='grc' dir='ltr'>ἐδασίλευσε</span> <span class='ocrx_word' id='word_1_586' title='bbox 247 2277 275 2307; x_wconf 78' lang='grc' dir='ltr'><strong><em>δὲ</em></strong></span> <span class='ocrx_word' id='word_1_587' title='bbox 288 2277 333 2307; x_wconf 82' lang='grc' dir='ltr'><strong><em>δύο</em></strong></span> <span class='ocrx_word' id='word_1_588' title='bbox 346 2279 390 2308; x_wconf 75' lang='grc' dir='ltr'><strong><em>καὶ</em></strong></span> <span class='ocrx_word' id='word_1_589' title='bbox 398 2279 561 2315; x_wconf 80' lang='grc' dir='ltr'>πεντήκοντα</span> <span class='ocrx_word' id='word_1_590' title='bbox 575 2279 621 2315; x_wconf 86' lang='grc' dir='ltr'><strong><em>ἔτη</em></strong></span> <span class='ocrx_word' id='word_1_591' title='bbox 629 2290 635 2297; x_wconf 88' lang='grc'><em>·</em></span> <span class='ocrx_word' id='word_1_592' title='bbox 650 2278 738 2308; x_wconf 78' lang='grc' dir='ltr'>καὶτὰ</span> <span class='ocrx_word' id='word_1_593' title='bbox 753 2282 847 2319; x_wconf 87' lang='grc' dir='ltr'>πρῶτα</span> 
     </span>
    </p>
   </div>
   <div class='ocr_carea' id='block_1_14' title="bbox 81 2355 837 2590">
    <p class='ocr_par' dir='ltr' id='par_1_17' title="bbox 81 2355 837 2544">
     <span class='ocr_line' id='line_1_80' title="bbox 113 2355 835 2393; baseline 0.008 -14"><span class='ocrx_word' id='word_1_594' title='bbox 113 2362 125 2375; x_wconf 77' lang='grc'><em>·</em></span> <span class='ocrx_word' id='word_1_595' title='bbox 141 2355 233 2380; x_wconf 71' lang='lat' dir='ltr'><strong><em>Omnes</em></strong></span> <span class='ocrx_word' id='word_1_596' title='bbox 245 2355 323 2381; x_wconf 76' lang='lat' dir='ltr'><strong><em>ferme</em></strong></span> <span class='ocrx_word' id='word_1_597' title='bbox 333 2357 390 2382; x_wconf 73' lang='grc' dir='ltr'><strong><em>Μω.</em></strong></span> <span class='ocrx_word' id='word_1_598' title='bbox 409 2361 439 2388; x_wconf 73' lang='grc' dir='ltr'><strong><em>εἷς</em></strong></span> <span class='ocrx_word' id='word_1_599' title='bbox 457 2363 498 2389; x_wconf 78' lang='grc' dir='ltr'><strong><em>τὴν</em></strong></span> <span class='ocrx_word' id='word_1_600' title='bbox 509 2364 601 2393; x_wconf 82' lang='grc' dir='ltr'>πρώτην</span> <span class='ocrx_word' id='word_1_601' title='bbox 612 2365 657 2385; x_wconf 81' lang='grc' dir='ltr'><strong><em>τῶν</em></strong></span> <span class='ocrx_word' id='word_1_602' title='bbox 669 2362 835 2393; x_wconf 68' lang='grc' dir='ltr'>Παραλιπομέ-</span> 
     </span>
     <span class='ocr_line' id='line_1_81' title="bbox 81 2394 836 2431; baseline 0.005 -11"><span class='ocrx_word' id='word_1_603' title='bbox 81 2405 123 2420; x_wconf 70' lang='grc' dir='ltr'>νων</span> <span class='ocrx_word' id='word_1_604' title='bbox 133 2400 174 2424; x_wconf 78' lang='grc' dir='ltr'><strong><em>τὴν</em></strong></span> <span class='ocrx_word' id='word_1_605' title='bbox 186 2398 306 2428; x_wconf 72' lang='grc' dir='ltr'>λέγουσαν·</span> <span class='ocrx_word' id='word_1_606' title='bbox 320 2394 409 2430; x_wconf 69' lang='grc' dir='ltr'>Ῠψώθη.</span> <span class='ocrx_word' id='word_1_607' title='bbox 422 2398 502 2431; x_wconf 78' lang='lat' dir='ltr'><strong><em>Atque</em></strong></span> <span class='ocrx_word' id='word_1_608' title='bbox 513 2397 554 2423; x_wconf 83' lang='lat' dir='ltr'><strong><em>hic</em></strong></span> <span class='ocrx_word' id='word_1_609' title='bbox 567 2404 605 2422; x_wconf 82' lang='lat' dir='ltr'><strong><em>est</em></strong></span> <span class='ocrx_word' id='word_1_610' title='bbox 620 2397 689 2422; x_wconf 84' lang='lat' dir='ltr'><strong><em>haud</em></strong></span> <span class='ocrx_word' id='word_1_611' title='bbox 704 2397 779 2423; x_wconf 87' lang='lat' dir='ltr'><strong><em>dubie</em></strong></span> <span class='ocrx_word' id='word_1_612' title='bbox 797 2407 836 2424; x_wconf 73' lang='lat' dir='ltr'><strong><em>se-</em></strong></span> 
     </span>
     <span class='ocr_line' id='line_1_82' title="bbox 82 2432 837 2470; baseline 0.007 -13"><span class='ocrx_word' id='word_1_613' title='bbox 82 2432 178 2458; x_wconf 77' lang='lat' dir='ltr'><strong><em>cundus</em></strong></span> <span class='ocrx_word' id='word_1_614' title='bbox 188 2433 396 2467; x_wconf 74' lang='lat' dir='ltr'><strong><em>Paralipomenon</em></strong></span> <span class='ocrx_word' id='word_1_615' title='bbox 406 2434 480 2460; x_wconf 73' lang='lat' dir='ltr'><strong><em>libere</em></strong></span> <span class='ocrx_word' id='word_1_616' title='bbox 490 2444 536 2461; x_wconf 82' lang='lat' dir='ltr'><strong><em>nec</em></strong></span> <span class='ocrx_word' id='word_1_617' title='bbox 548 2437 632 2470; x_wconf 79' lang='lat' dir='ltr'><strong><em>potuit</em></strong></span> <span class='ocrx_word' id='word_1_618' title='bbox 641 2445 760 2470; x_wconf 78' lang='lat' dir='ltr'><strong><em>umquam</em></strong></span> <span class='ocrx_word' id='word_1_619' title='bbox 769 2438 837 2463; x_wconf 66' lang='lat' dir='ltr'><strong><em>023ae</em></strong></span> 
     </span>
     <span class='ocr_line' id='line_1_83' title="bbox 83 2470 837 2511; baseline 0.008 -15"><span class='ocrx_word' id='word_1_620' title='bbox 83 2470 184 2497; x_wconf 66' lang='lat' dir='ltr'><strong><em>historia</em></strong></span> <span class='ocrx_word' id='word_1_621' title='bbox 196 2471 229 2497; x_wconf 80' lang='lat' dir='ltr'><strong><em>nd</em></strong></span> <span class='ocrx_word' id='word_1_622' title='bbox 241 2474 351 2505; x_wconf 83' lang='lat' dir='ltr'><strong><em>primum</em></strong></span> <span class='ocrx_word' id='word_1_623' title='bbox 362 2475 492 2506; x_wconf 75' lang='lat' dir='ltr'><strong><em>pertlnere.</em></strong></span> <span class='ocrx_word' id='word_1_624' title='bbox 504 2475 574 2500; x_wconf 77' lang='lat' dir='ltr'><strong><em>Unus</em></strong></span> <span class='ocrx_word' id='word_1_625' title='bbox 586 2474 622 2500; x_wconf 73' lang='lat' dir='ltr'><strong><em>nic</em></strong></span> <span class='ocrx_word' id='word_1_626' title='bbox 632 2474 731 2508; x_wconf 76' lang='lat' dir='ltr'><strong><em>incipit,</em></strong></span> <span class='ocrx_word' id='word_1_627' title='bbox 744 2479 837 2511; x_wconf 68' lang='grc' dir='ltr'>εὐλογη-</span> 
     </span>
     <span class='ocr_line' id='line_1_84' title="bbox 82 2514 356 2544; baseline 0.007 -7"><span class='ocrx_word' id='word_1_628' title='bbox 82 2515 121 2541; x_wconf 65' lang='grc' dir='ltr'><strong><em>τὸς</em></strong></span> <span class='ocrx_word' id='word_1_629' title='bbox 129 2514 141 2538; x_wconf 72' lang='grc' dir='ltr'><strong>ὁ</strong></span> <span class='ocrx_word' id='word_1_630' title='bbox 150 2515 206 2544; x_wconf 63' lang='grc' dir='ltr'>θεὸς,</span> <span class='ocrx_word' id='word_1_631' title='bbox 214 2516 248 2538; x_wconf 75' lang='grc' dir='ltr'><strong><em>ὅτι</em></strong></span> <span class='ocrx_word' id='word_1_632' title='bbox 262 2516 297 2539; x_wconf 65' lang='grc' dir='ltr'><strong><em>ἐπὶ</em></strong></span> <span class='ocrx_word' id='word_1_633' title='bbox 308 2518 356 2542; x_wconf 78' lang='grc' dir='ltr'>τῆς.</span> 
     </span>
    </p>

    <p class='ocr_par' dir='ltr' id='par_1_18' title="bbox 147 2550 830 2590">
     <span class='ocr_line' id='line_1_85' title="bbox 147 2550 830 2590; baseline 0.01 -15"><span class='ocrx_word' id='word_1_634' title='bbox 147 2551 176 2576; x_wconf 83' lang='lat' dir='ltr'><strong><em>Iu</em></strong></span> <span class='ocrx_word' id='word_1_635' title='bbox 197 2550 291 2585; x_wconf 76' lang='lat' dir='ltr'><strong><em>aliquot</em></strong></span> <span class='ocrx_word' id='word_1_636' title='bbox 316 2552 371 2577; x_wconf 68' lang='lat' dir='ltr'><strong><em>Mas.</em></strong></span> <span class='ocrx_word' id='word_1_637' title='bbox 398 2557 525 2587; x_wconf 63' lang='grc' dir='ltr'>ἀνθρώπους</span> <span class='ocrx_word' id='word_1_638' title='bbox 543 2554 674 2586; x_wconf 66' lang='grc' dir='ltr'>Γερθῑὶωηι</span> <span class='ocrx_word' id='word_1_639' title='bbox 695 2561 752 2581; x_wconf 73' lang='lat' dir='ltr'><strong><em>ante</em></strong></span> <span class='ocrx_word' id='word_1_640' title='bbox 773 2557 830 2590; x_wconf 67' lang='grc' dir='ltr'>αἷμα</span> 
     </span>
    </p>
   </div>
   <div class='ocr_carea' id='block_1_15' title="bbox 894 1958 1647 2321">
    <p class='ocr_par' dir='ltr' id='par_1_19' title="bbox 894 1958 1647 2321">
     <span class='ocr_line' id='line_1_86' title="bbox 895 1958 1646 2001; baseline 0 -11"><span class='ocrx_word' id='word_1_641' title='bbox 895 1960 1002 2001; x_wconf 81' lang='lat' dir='ltr'><strong><em>guavit,</em></strong></span> <span class='ocrx_word' id='word_1_642' title='bbox 1017 1967 1043 1990; x_wconf 90' lang='lat' dir='ltr'><strong><em>et</em></strong></span> <span class='ocrx_word' id='word_1_643' title='bbox 1055 1959 1122 1999; x_wconf 90' lang='lat' dir='ltr'><strong><em>quid</em></strong></span> <span class='ocrx_word' id='word_1_644' title='bbox 1135 1969 1198 1989; x_wconf 88' lang='lat' dir='ltr'><strong><em>cum</em></strong></span> <span class='ocrx_word' id='word_1_645' title='bbox 1211 1958 1291 1988; x_wconf 84' lang='lat' dir='ltr'><strong><em>laude</em></strong></span> <span class='ocrx_word' id='word_1_646' title='bbox 1304 1959 1395 1999; x_wconf 85' lang='lat' dir='ltr'><strong><em>gessit,</em></strong></span> <span class='ocrx_word' id='word_1_647' title='bbox 1411 1958 1478 1997; x_wconf 92' lang='lat' dir='ltr'><strong><em>quid</em></strong></span> <span class='ocrx_word' id='word_1_648' title='bbox 1492 1970 1579 1996; x_wconf 90' lang='lat' dir='ltr'><strong><em>secus,</em></strong></span> <span class='ocrx_word' id='word_1_649' title='bbox 1596 1971 1646 2000; x_wconf 93' lang='lat' dir='ltr'><strong><em>po-</em></strong></span> 
     </span>
     <span class='ocr_line' id='line_1_87' title="bbox 894 2005 1647 2046; baseline 0 -10"><span class='ocrx_word' id='word_1_650' title='bbox 894 2014 992 2036; x_wconf 86' lang='lat' dir='ltr'><strong><em>stremo</em></strong></span> <span class='ocrx_word' id='word_1_651' title='bbox 1003 2016 1057 2045; x_wconf 87' lang='lat' dir='ltr'><strong><em>quo</em></strong></span> <span class='ocrx_word' id='word_1_652' title='bbox 1066 2012 1143 2046; x_wconf 83' lang='lat' dir='ltr'><strong><em>pacto</em></strong></span> <span class='ocrx_word' id='word_1_653' title='bbox 1153 2005 1238 2035; x_wconf 88' lang='lat' dir='ltr'><strong><em>vitam</em></strong></span> <span class='ocrx_word' id='word_1_654' title='bbox 1254 2005 1393 2035; x_wconf 75' lang='lat' dir='ltr'><strong><em>absolvit?</em></strong></span> <span class='ocrx_word' id='word_1_655' title='bbox 1403 2006 1444 2034; x_wconf 89' lang='lat' dir='ltr'><strong><em>De</em></strong></span> <span class='ocrx_word' id='word_1_656' title='bbox 1462 2005 1506 2035; x_wconf 91' lang='lat' dir='ltr'><strong><em>his</em></strong></span> <span class='ocrx_word' id='word_1_657' title='bbox 1522 2006 1647 2036; x_wconf 89' lang='lat' dir='ltr'><strong><em>omnibus</em></strong></span> 
     </span>
     <span class='ocr_line' id='line_1_88' title="bbox 895 2050 1647 2092; baseline 0 -10"><span class='ocrx_word' id='word_1_658' title='bbox 895 2052 923 2081; x_wconf 90' lang='lat' dir='ltr'><strong><em>in</em></strong></span> <span class='ocrx_word' id='word_1_659' title='bbox 950 2051 1088 2092; x_wconf 71' lang='lat' dir='ltr'><strong><em>praesentia</em></strong></span> <span class='ocrx_word' id='word_1_660' title='bbox 1112 2051 1187 2092; x_wconf 84' lang='lat' dir='ltr'><strong><em>apud</em></strong></span> <span class='ocrx_word' id='word_1_661' title='bbox 1211 2061 1260 2081; x_wconf 85' lang='lat' dir='ltr'><strong><em>vos</em></strong></span> <span class='ocrx_word' id='word_1_662' title='bbox 1285 2050 1462 2088; x_wconf 85' lang='lat' dir='ltr'><strong><em>disseremus,</em></strong></span> <span class='ocrx_word' id='word_1_663' title='bbox 1478 2051 1532 2080; x_wconf 90' lang='lat' dir='ltr'><strong><em>imo</em></strong></span> <span class='ocrx_word' id='word_1_664' title='bbox 1554 2052 1647 2092; x_wconf 81' lang='lat' dir='ltr'><strong><em>petius</em></strong></span> 
     </span>
     <span class='ocr_line' id='line_1_89' title="bbox 894 2096 1647 2136; baseline 0.001 -10"><span class='ocrx_word' id='word_1_665' title='bbox 894 2104 1024 2136; x_wconf 84' lang='lat' dir='ltr'><strong><em>quantum</em></strong></span> <span class='ocrx_word' id='word_1_666' title='bbox 1048 2097 1136 2127; x_wconf 86' lang='lat' dir='ltr'><strong><em>dicere</em></strong></span> <span class='ocrx_word' id='word_1_667' title='bbox 1158 2096 1268 2133; x_wconf 87' lang='lat' dir='ltr'><strong><em>licebit,</em></strong></span> <span class='ocrx_word' id='word_1_668' title='bbox 1283 2096 1322 2126; x_wconf 88' lang='lat' dir='ltr'><strong><em>sic</em></strong></span> <span class='ocrx_word' id='word_1_669' title='bbox 1345 2103 1374 2125; x_wconf 80' lang='lat' dir='ltr'><strong><em>ut</em></strong></span> <span class='ocrx_word' id='word_1_670' title='bbox 1398 2096 1572 2126; x_wconf 88' lang='lat' dir='ltr'><strong><em>multitudine</em></strong></span> <span class='ocrx_word' id='word_1_671' title='bbox 1594 2108 1647 2127; x_wconf 91' lang='lat' dir='ltr'><strong><em>non</em></strong></span> 
     </span>
     <span class='ocr_line' id='line_1_90' title="bbox 895 2142 1647 2182; baseline 0 -9"><span class='ocrx_word' id='word_1_672' title='bbox 895 2143 1090 2173; x_wconf 81' lang='lat' dir='ltr'><strong><em>confundamus</em></strong></span> <span class='ocrx_word' id='word_1_673' title='bbox 1101 2150 1218 2173; x_wconf 84' lang='lat' dir='ltr'><strong><em>vestram</em></strong></span> <span class='ocrx_word' id='word_1_674' title='bbox 1235 2142 1391 2172; x_wconf 82' lang='lat' dir='ltr'><strong><em>memoriam</em></strong></span> <span class='ocrx_word' id='word_1_675' title='bbox 1408 2155 1414 2171; x_wconf 73' lang='grc' dir='ltr'>ε</span> <span class='ocrx_word' id='word_1_676' title='bbox 1431 2142 1461 2172; x_wconf 90' lang='lat' dir='ltr'><strong><em>id</em></strong></span> <span class='ocrx_word' id='word_1_677' title='bbox 1474 2143 1548 2182; x_wconf 88' lang='lat' dir='ltr'><strong><em>quod</em></strong></span> <span class='ocrx_word' id='word_1_678' title='bbox 1561 2143 1588 2172; x_wconf 90' lang='lat' dir='ltr'><strong><em>in</em></strong></span> <span class='ocrx_word' id='word_1_679' title='bbox 1604 2144 1647 2173; x_wconf 93' lang='lat' dir='ltr'><strong><em>lu-</em></strong></span> 
     </span>
     <span class='ocr_line' id='line_1_91' title="bbox 895 2188 1647 2229; baseline 0 -11"><span class='ocrx_word' id='word_1_680' title='bbox 895 2189 981 2219; x_wconf 87' lang='lat' dir='ltr'><strong><em>cernis</em></strong></span> <span class='ocrx_word' id='word_1_681' title='bbox 1004 2189 1120 2225; x_wconf 83' lang='lat' dir='ltr'><strong><em>accensis</em></strong></span> <span class='ocrx_word' id='word_1_682' title='bbox 1145 2188 1266 2219; x_wconf 87' lang='lat' dir='ltr'><strong><em>accidere</em></strong></span> <span class='ocrx_word' id='word_1_683' title='bbox 1291 2189 1367 2218; x_wconf 86' lang='lat' dir='ltr'><strong><em>solet.</em></strong></span> <span class='ocrx_word' id='word_1_684' title='bbox 1394 2190 1463 2218; x_wconf 81' lang='lat' dir='ltr'><strong><em>Nam</em></strong></span> <span class='ocrx_word' id='word_1_685' title='bbox 1480 2189 1502 2218; x_wconf 91' lang='lat' dir='ltr'><strong><em>si</em></strong></span> <span class='ocrx_word' id='word_1_686' title='bbox 1516 2189 1647 2229; x_wconf 84' lang='lat' dir='ltr'><strong><em>paulatim</em></strong></span> 
     </span>
     <span class='ocr_line' id='line_1_92' title="bbox 895 2234 1646 2275; baseline 0.001 -12"><span class='ocrx_word' id='word_1_687' title='bbox 895 2234 1031 2275; x_wconf 81' lang='lat' dir='ltr'><strong><em>ellychnio</em></strong></span> <span class='ocrx_word' id='word_1_688' title='bbox 1046 2234 1186 2264; x_wconf 81' lang='lat' dir='ltr'><strong><em>instillatis</em></strong></span> <span class='ocrx_word' id='word_1_689' title='bbox 1199 2234 1304 2270; x_wconf 87' lang='lat' dir='ltr'><strong><em>oleum,</em></strong></span> <span class='ocrx_word' id='word_1_690' title='bbox 1317 2234 1380 2263; x_wconf 86' lang='lat' dir='ltr'><strong><em>satis</em></strong></span> <span class='ocrx_word' id='word_1_691' title='bbox 1394 2234 1526 2263; x_wconf 68' lang='lat' dir='ltr'><strong><em>alimoniae</em></strong></span> <span class='ocrx_word' id='word_1_692' title='bbox 1541 2234 1646 2264; x_wconf 87' lang='lat' dir='ltr'><strong><em>dederis</em></strong></span> 
     </span>
     <span class='ocr_line' id='line_1_93' title="bbox 895 2280 1646 2321; baseline -0.001 -11"><span class='ocrx_word' id='word_1_693' title='bbox 895 2280 978 2321; x_wconf 86' lang='lat' dir='ltr'><strong><em>igni:</em></strong></span> <span class='ocrx_word' id='word_1_694' title='bbox 1005 2281 1046 2310; x_wconf 89' lang='lat' dir='ltr'><strong><em>sin</em></strong></span> <span class='ocrx_word' id='word_1_695' title='bbox 1070 2280 1153 2310; x_wconf 84' lang='lat' dir='ltr'><strong><em>simul</em></strong></span> <span class='ocrx_word' id='word_1_696' title='bbox 1178 2287 1263 2309; x_wconf 89' lang='lat' dir='ltr'><strong><em>totum</em></strong></span> <span class='ocrx_word' id='word_1_697' title='bbox 1290 2280 1422 2309; x_wconf 86' lang='lat' dir='ltr'><strong><em>infuderis</em></strong></span> <span class='ocrx_word' id='word_1_698' title='bbox 1447 2281 1548 2317; x_wconf 88' lang='lat' dir='ltr'><strong><em>oleum,</em></strong></span> <span class='ocrx_word' id='word_1_699' title='bbox 1566 2281 1646 2310; x_wconf 88' lang='lat' dir='ltr'><strong><em>etiam</em></strong></span> 
     </span>
    </p>
   </div>
   <div class='ocr_carea' id='block_1_16' title="bbox 883 2359 1646 2554">
    <p class='ocr_par' dir='ltr' id='par_1_20' title="bbox 883 2359 1646 2554">
     <span class='ocr_line' id='line_1_94' title="bbox 883 2359 1646 2396; baseline -0.001 -10"><span class='ocrx_word' id='word_1_700' title='bbox 883 2359 953 2386; x_wconf 68' lang='lat' dir='ltr'><strong><em>decet</em></strong></span> <span class='ocrx_word' id='word_1_701' title='bbox 965 2380 972 2392; x_wconf 92' lang='lat'>‚</span> <span class='ocrx_word' id='word_1_702' title='bbox 990 2366 1015 2386; x_wconf 81' lang='lat' dir='ltr'><strong><em>et</em></strong></span> <span class='ocrx_word' id='word_1_703' title='bbox 1033 2360 1098 2386; x_wconf 77' lang='lat' dir='ltr'><strong><em>infra</em></strong></span> <span class='ocrx_word' id='word_1_704' title='bbox 1117 2360 1207 2394; x_wconf 77' lang='lat' dir='ltr'><strong><em>legitur</em></strong></span> <span class='ocrx_word' id='word_1_705' title='bbox 1218 2363 1319 2395; x_wconf 68' lang='grc' dir='ltr'>ἀρδιῦον,</span> <span class='ocrx_word' id='word_1_706' title='bbox 1333 2360 1377 2386; x_wconf 78' lang='lat' dir='ltr'><strong><em>sed</em></strong></span> <span class='ocrx_word' id='word_1_707' title='bbox 1389 2363 1457 2396; x_wconf 64' lang='grc' dir='ltr'><strong><em>ἄρδω</em></strong></span> <span class='ocrx_word' id='word_1_708' title='bbox 1469 2362 1543 2385; x_wconf 79' lang='lat' dir='ltr'><strong><em>etiam</em></strong></span> <span class='ocrx_word' id='word_1_709' title='bbox 1558 2367 1595 2385; x_wconf 81' lang='lat' dir='ltr'><strong><em>est</em></strong></span> <span class='ocrx_word' id='word_1_710' title='bbox 1619 2362 1646 2386; x_wconf 87' lang='lat' dir='ltr'><strong><em>iu</em></strong></span> 
     </span>
     <span class='ocr_line' id='line_1_95' title="bbox 887 2408 942 2426; baseline 0.036 -2"><span class='ocrx_word' id='word_1_711' title='bbox 887 2408 942 2426; x_wconf 78' lang='lat' dir='ltr'><strong><em>usu.</em></strong></span> 
     </span>
     <span class='ocr_line' id='line_1_96' title="bbox 917 2438 1641 2476; baseline -0.001 -11"><span class='ocrx_word' id='word_1_712' title='bbox 917 2447 928 2459; x_wconf 59' lang='grc' dir='ltr'>θ</span> <span class='ocrx_word' id='word_1_713' title='bbox 945 2440 1016 2465; x_wconf 76' lang='lat' dir='ltr'><strong><em>Unus</em></strong></span> <span class='ocrx_word' id='word_1_714' title='bbox 1025 2443 1173 2471; x_wconf 76' lang='grc' dir='ltr'>παλαίοντας,</span> <span class='ocrx_word' id='word_1_715' title='bbox 1190 2446 1302 2468; x_wconf 73' lang='grc' dir='ltr'>νικῶντας.</span> <span class='ocrx_word' id='word_1_716' title='bbox 1317 2440 1375 2476; x_wconf 44' lang='lat' dir='ltr'><strong><em>Mos</em></strong></span> <span class='ocrx_word' id='word_1_717' title='bbox 1391 2438 1432 2463; x_wconf 74' lang='lat' dir='ltr'><strong><em>alii</em></strong></span> <span class='ocrx_word' id='word_1_718' title='bbox 1446 2444 1641 2473; x_wconf 63' lang='lat' dir='ltr'><strong><em>ertpuvoufal2025.</em></strong></span> 
     </span>
     <span class='ocr_line' id='line_1_97' title="bbox 917 2478 1439 2515; baseline -0.002 -12"><span class='ocrx_word' id='word_1_719' title='bbox 917 2486 929 2498; x_wconf 73' lang='grc' dir='ltr'>ι</span> <span class='ocrx_word' id='word_1_720' title='bbox 946 2478 1013 2504; x_wconf 76' lang='lat' dir='ltr'><strong><em>Alius</em></strong></span> <span class='ocrx_word' id='word_1_721' title='bbox 1025 2484 1065 2509; x_wconf 70' lang='grc' dir='ltr'><strong><em>τὴν</em></strong></span> <span class='ocrx_word' id='word_1_722' title='bbox 1076 2483 1212 2515; x_wconf 70' lang='grc' dir='ltr'>προθυμίαν,</span> <span class='ocrx_word' id='word_1_723' title='bbox 1224 2485 1357 2512; x_wconf 84' lang='lat' dir='ltr'><strong><em>utrumque</em></strong></span> <span class='ocrx_word' id='word_1_724' title='bbox 1367 2478 1439 2503; x_wconf 83' lang='lat' dir='ltr'><strong><em>bene.</em></strong></span> 
     </span>
     <span class='ocr_line' id='line_1_98' title="bbox 919 2519 1130 2554; baseline -0.005 -10"><span class='ocrx_word' id='word_1_725' title='bbox 919 2519 933 2539; x_wconf 78' lang='lat' dir='ltr'><strong><em>b</em></strong></span> <span class='ocrx_word' id='word_1_726' title='bbox 950 2519 1019 2544; x_wconf 74' lang='lat' dir='ltr'><strong><em>Unus</em></strong></span> <span class='ocrx_word' id='word_1_727' title='bbox 1031 2523 1130 2554; x_wconf 66' lang='grc' dir='ltr'>ἥμαρτε.</span> 
     </span>
    </p>
   </div>
  </div>
 </body>
</html>
