1890 2826
0 2592 25 2697 i

616 202 773 226 SYNOPSIS
800 203 988 226 scnnvrunr.
1015 203 1140 227 sscmz.
1592 195 1662 241 435

97 265 167 296 ναικὶ
180 264 271 306 ἀνδρὸς
290 264 395 304 ἑτέρου,
415 264 510 304 ἀρέσαι
534 264 586 303 ἄρα
608 263 654 293 καὶ
677 266 694 299 ἡ
719 264 785 303 γυνή
812 276 862 303 μου
919 263 1136 306 ter,i¹iquit,fiii
1146 266 1444 307 Sirenum,soeiusque
1453 268 1660 298 struthionum.
1672 282 1695 298 v.
1709 281 1746 305 ²11·

95 313 186 352 ἑτέρῳ.
210 310 303 350 Θυμὸς
317 311 368 351 γὰρ
390 310 481 350 ἀνδρὸς
503 309 693 350 ἀκατάσχετος,
706 313 752 339 τοῦ
772 314 865 348 μιᾶναι
919 309 949 338 Si
962 316 1117 349 sequutum
1137 318 1180 340 est
1196 321 1246 340 cor
1262 321 1362 341 meum*
1375 322 1493 342 uxorem
1514 314 1574 342 ‘viri
1590 314 1663 343 alte-
1674 325 1731 354 Cap.
1741 326 1766 347 3·
1776 341 1779 346 ,
1789 334 1812 355 ⁴)-

93 360 180 391 αὐτοῖς
200 363 318 397 γυναῖκα.
339 359 374 386 Εἰ
395 357 530 397 ὑπερεῖδον
556 356 653 396 γυμνὸν
675 356 864 395 ἀπολλύμενον,
920 358 991 392 rius,
1003 357 1122 396 placeat
1141 368 1255 398 quoque
1266 369 1348 405 §uxor
1370 369 1435 388 mea
1453 360 1550 388 alteri.
1566 362 1712 390 Furor—¹
1724 362 1742 377 ¹*
1790 351 1794 355 ”

93 404 137 433 καὶ
152 405 199 433 οὐκ
210 404 405 444 ἧμφίασα,α’π“ο
418 403 446 433 δὲ
460 407 554 443 κουρᾶς
568 404 658 441 ἀμνῶν
670 413 720 441 μου
732 404 780 432 οὐκ
789 404 863 442 ἐθερ-
920 405 998 432 enim
1012 406 1071 432 viri
1091 406 1259 442 indomitus,
1275 399 1491 435 'commaculare
1512 407 1574 435 illis
1593 418 1663 436 uxo-

93 450 229 488 μάνθησαν
247 452 270 479 οἱ
284 445 353 489 ὦμοι
375 451 470 485 αὐτῶν,
482 448 615 484 ἀποσταίη
629 448 681 488 ἄρα
694 450 709 477 ὁ
729 442 800 487 ὦμός
814 460 863 487 μου
919 458 991 477 rem.
1005 450 1036 479 Si
1047 450 1164 489 despexi
1179 452 1289 479 nudum
1299 457 1478 490 pereuntem,
1490 458 1519 480 et
1533 462 1593 480 non
1603 462 1694 491 ope-v.
1710 469 1743 493 ¹9·
1766 470 1792 483 ’ω

93 496 145 525 ἀπὸ
168 499 215 532 τ’ἥς
240 496 342 530 κλειδός
369 507 427 535 μου.
450 497 484 525 Εἰ
507 494 558 535 γὰρ
584 494 713 534 ἐπιχαρῆς
736 494 863 534 ἐγενόμην
919 497 964 523 rui
979 505 1054 531 eum,
1068 503 1095 525 et
1110 497 1146 524 de
1161 503 1279 526 tonsura
1298 508 1440 537 agnorum
1462 508 1591 527 meorum
1605 509 1664 526 non

92 541 216 581 πτώματι
230 543 330 582 ἐχθρῶν
344 554 393 581 μου
403 564 410 578 ,
422 541 466 570 καὶ
481 536 538 570 εἷπε
558 543 576 576 ἡ
598 540 694 580 καρδία
707 551 772 579 μου,
787 535 862 579 εὖγε,
919 536 1061 582 calefacti
1072 548 1140 570 sunt
1160 543 1272 571 humeri
1289 554 1400 579 eorum,
1413 544 1545 572 discedat
1565 544 1657 573 hume·
1673 558 1694 570 v.
1712 557 1750 572 22.

92 587 203 617 ἀκούσαι
217 588 268 628 ἄρα
281 587 312 617 τὸ
323 583 366 621 οῧς
380 599 429 627 μου
443 587 491 622 τὴν
505 586 622 626 κατάραν
638 597 699 625 μου.
716 587 747 615 Εἰ
761 586 798 624 μὴ
813 586 860 626 ῥή-
918 596 967 615 rus
981 596 1061 616 meus
1073 598 1091 615 a
1101 589 1253 626 junctura.
1269 589 1354 625 Quod
1367 590 1393 617 si
1405 590 1523 628 gavisus
1542 599 1604 618 sum
1627 589 1664 617 de
1673 607 1698 623 v.
1714 607 1749 629 ²9·

93 633 136 668 ξας
156 634 237 669 αὐτὴν
257 634 414 669 ’ἀπέδωκα,
427 633 500 662 οὐθὲν
518 632 607 662 λαὸὼν
624 632 676 662 ἀπὸ
698 632 860 672 χρεωφειλέ-
919 634 1006 661 ruina
1020 635 1203 663 inimicorum
1218 644 1355 671 meorum,
1369 641 1398 663 et
1409 636 1484 664 dixit
1496 645 1662 672 cormeum,

92 691 152 716 του,
166 681 189 709 εἰ
203 681 245 710 ἐπ’
261 680 320 719 ἐμοὶ
340 683 357 716 ἡ
379 682 414 719 γῆ
439 678 574 715 ἐστέναξε,
588 679 646 708 ἀντὶ
659 682 743 718 πυροῦ
764 678 862 712 ἐξέλθοι
919 679 1015 719 Euge,
1029 680 1133 708 audiat
1147 682 1228 709 auris
1241 691 1306 709 mea
1314 681 1547 709 maledictionem
1557 691 1662 710 meam.

94 738 139 764 μοι
150 726 235 763 κνίδη.
918 726 969 761 E't,
983 728 1009 754 si
1030 736 1090 755 non
1110 727 1246 755 scindens
1269 737 1334 755 eum
1353 727 1481 763 reddidi,
1498 728 1574 756 nihil
1592 729 1699 756 acci-v.
1711 730 1799 760 3738.

915 773 997 811 piens
1021 783 1040 801 a
1061 773 1199 810 debitore,
1215 774 1240 802 si
1258 783 1346 812 super
1364 783 1408 802 me
1428 783 1566 813 umquam
1589 776 1666 803 terra

916 820 1034 858 gemuit,
1045 820 1256 859 pro-frumento
1266 821 1407 858 germinet
1418 821 1491 849 mihi
1506 822 1612 849 urtica.
1674 830 1694 843 v.
1705 822 1744 850 40·

131 870 174 899 Τὰ
190 870 252 910 περὶ
274 869 380 903 Ἐλιοὺζ
393 871 440 898 τοῦ
454 870 594 910 Βαραχιὴλ
607 872 653 898 τοῦ
674 869 799 903 Βουζίτου
808 880 814 886 ·
825 871 861 902 ὡς
880 872 898 895 E
956 867 997 895 De
1008 865 1104 895 Eliuso
1114 865 1172 894 filio
1183 866 1322 895 Barachiel
1332 866 1426 895 Buzita
1439 877 1445 897 ;
1458 865 1594 904 quomodo
1610 866 1663 895 ira-

91 916 208 957 ὠργίσθη
222 914 261 956 τῷ
272 915 336 945 ’1ὼὸ
344 937 352 950 ,
366 915 407 944 ὅτι
423 915 555 956 ἀπέφηνεν
569 916 661 945 ἑαυτὸν
675 915 775 945 δίκαιον
789 917 861 944 ἐναν-
917 918 962 940 tus
974 912 1056 941 suerit
1079 913 1105 940 in
1130 912 1241 952 Jobum,
1257 912 1331 950 quod
1347 923 1374 941 se
1388 912 1489 942 diceret
1504 914 1608 953 justum
1621 925 1665 943 co-

91 963 145 991 τίσν
161 962 269 1002 Κυρίου.
282 961 441 991 Ὗπολαὸὼν
455 962 562 996 Ἐλιοὺζ
585 965 598 991 ὁ
621 964 667 991 τοῦ
692 962 834 1001 Βαραχιὴλ
847 964 861 990 ὁ
918 969 974 987 ram
991 959 1116 988 Domino.
1133 960 1293 998 Excipiens
1306 959 1397 988 Eliuz
1410 960 1492 998 filius
1506 960 1666 989 Barachiel
1676 965 1732 996 Cap.
1746 966 1811 988 32.2.

91 1008 231 1045 Βουζίτης,
243 1003 301 1037 εἶπε
313 1019 319 1026 ·
334 1007 470 1048 Νεώτερός
483 1010 539 1047 εἶμι
557 1010 595 1048 τῷ
616 1008 702 1048 χρόνῳ
712 1020 718 1026 ·
733 1008 772 1037 διὸ
794 1006 860 1043 ἡσύ-
918 1005 1035 1034 Buzltes
1047 1027 1054 1039 ‚
1078 1006 1153 1034 dixit
1173 1018 1181 1034 :
1203 1006 1313 1034 Junior
1331 1006 1450 1045 quidem
1474 1016 1538 1035 sum
1558 1012 1644 1034 oetate
1655 1018 1663 1034 .·
1674 1016 1695 1029 v·
1705 1007 1730 1030 6.

90 1066 182 1094 χασα,
194 1054 315 1094 φοὸηθεὶς
336 1057 382 1083 τοῦ
404 1055 466 1093 ὑμῖν
481 1055 634 1093 ἀναγγεῖλαι
654 1055 702 1089 τὴν
722 1054 788 1092 ἐμὴν
803 1054 863 1082 ἐπι-
918 1060 1009 1090 quare
1028 1052 1125 1090 quievi
1144 1053 1247 1080 timens
1267 1052 1443 1080 annuntiare
1469 1053 1555 1081 vobis
1573 1053 1665 1081 seien-

91 1100 209 1138 στήμην.
234 1100 397 1134 Ἐξαναστὰς
410 1099 516 1133 Έλιοὺζ
536 1102 563 1129 ἐν
583 1099 702 1139 ἀναιδείᾳ
724 1099 864 1138 καταλέγει
919 1098 990 1125 tiam
1005 1107 1110 1125 meam.
1125 1098 1281 1137 Exsurgens
1296 1098 1376 1127 Eliuz
1387 1097 1559 1137 impudenter
1573 1104 1664 1127 contra

92 1149 138 1175 τοῦ
152 1145 230 1181 Ὶὼὸ,
247 1148 300 1175 τῶν
324 1147 404 1186 τριῶν
427 1145 687 1181 ἀποσωπησάντων·
701 1145 789 1175 Πάλιν
813 1147 862 1175 λα-
917 1143 1019 1172 Jobum
1037 1143 1168 1182 loquitur,
1184 1143 1270 1172 tribus
1289 1144 1344 1172 illis
1366 1144 1516 1173 tacentibus
1531 1156 1537 1173 ε
1553 1145 1664 1174 Rursus
1672 1155 1695 1170 v.
1713 1155 1746 1179 ¹7-
1762 1148 1796 1171 ¹8-

90 1192 174 1227 λήσω·
181 1192 285 1231 πλήρης
297 1191 348 1231 γάρ
360 1193 415 1230 εἶμι
426 1192 553 1232 ῥήματος.
566 1187 632 1220 Εἷπε
642 1191 669 1221 δὲ
681 1191 787 1226 Ἐλιοὺζ
797 1193 862 1233 πρὸς
918 1189 1025 1228 loquar
1032 1203 1044 1224 ,·
1055 1190 1162 1229 plenus
1185 1193 1260 1219 enim
1279 1200 1342 1219 sum
1359 1191 1469 1219 verbis.
1488 1190 1566 1220 Dixit
1584 1191 1664 1220 Elinz

92 1238 154 1266 ’,ὡς
163 1250 170 1256 .
184 1239 296 1277 Πνεῦμα
309 1240 378 1267 θεῖον
389 1238 420 1267 τὸ
433 1237 546 1273 ποις-,σάν
566 1249 599 1276 με
608 1259 615 1273 ‚
629 1237 696 1274 mov}
713 1238 740 1267 δὲ
760 1250 861 1268 παντο-
899 1243 903 1247 ‘
916 1234 951 1264 ad
965 1235 1018 1264 Job
1034 1247 1042 1264 z
1056 1235 1180 1273 Spiritus
1192 1236 1310 1264 divinus
1323 1239 1366 1264 est
1379 1237 1432 1274 qui
1446 1246 1490 1264 me
1491 1237 1570 1276 fecit
1583 1248 1591 1264 .-
1607 1239 1731 1276 spi-,Caffl
1743 1241 1809 1272 334

90 1283 215 1323 κράτορος
227 1286 245 1319 ἡ
260 1283 420 1313 διδάσκουσα
432 1295 476 1322 με.
493 1283 559 1313 Ἐὰν
574 1282 636 1323 δύνῃ
646 1305 653 1318 ,
666 1283 709 1317 δός
722 1295 768 1322 μοι
790 1285 859 1314 ἀπό-
915 1282 990 1309 ratio
1010 1287 1108 1309 autem
1130 1281 1342 1320 Omnipotentis
1364 1291 1430 1320 qua?
1451 1292 1496 1310 me
1513 1282 1609 1311 docet:
1631 1283 1662 1311 Si
1670 1273 1694 1296 5.

89 1341 184 1370 κρισιν.
199 1329 376 1370 Ἀποστρέψαι
387 1329 523 1369 ἄνθρωπον
543 1329 570 1363 ἐξ
589 1330 699 1363 ἀδικίας.
716 1330 860 1370 Ἐφείσατο
912 1329 1030 1366 poteris,
1041 1328 1082 1356 da
1095 1328 1167 1356 mih-i
1179 1330 1404 1367 responsionem.
1426 1326 1554 1358 Avertat
1568 1330 1691 1359 homi-v-
1709 1341 1743 1366 ¹7·
1756 1346 1788 1352 -—

90 1376 116 1404 δὲ
128 1378 176 1411 τ’ἠς
192 1377 279 1416 ψυχῆς
299 1377 378 1405 αὐτοῦ
389 1375 443 1404 ἀπὸ
456 1375 581 1411 θανάτου,
595 1375 641 1404 καὶ
653 1375 689 1414 μὴ
703 1381 793 1406 πεσεῖν
808 1378 856 1406 αὖ-
915 1385 981 1403 nem
993 1376 1030 1403 ab
1039 1376 1206 1415 iniquitate.
1219 1375 1354 1414 Pepercit
1365 1381 1464 1405 autem
1477 1378 1584 1405 animae
1597 1379 1660 1416 ejus
1671 1371 1707 1395 ¹9‘

86 1421 131 1451 τὸν
145 1423 172 1451 ἐν
184 1421 303 1461 πολέψρ.
315 1419 429 1460 Ἤλεγξε
444 1420 471 1450 δὲ
485 1421 563 1450 αὐτὸν
574 1422 601 1450 ἐν
614 1421 732 1462 μαλακίᾳ
746 1422 789 1451 ἐπὶ
803 1422 859 1452 κοί-
869 1441 905 1459 572
915 1430 934 1448 a
948 1427 1046 1457 morte,
1072 1427 1102 1450 et
1123 1430 1160 1448 ne
1182 1421 1272 1450 cadat
1292 1422 1344 1450 ille
1362 1423 1394 1450 in
1416 1422 1504 1451 bello.
1522 1422 1662 1463 Coarguit

88 1480 147 1504 της.
161 1467 313 1497 Ἀνανεώσει
334 1467 361 1496 δὲ
380 1467 460 1496 αὐτοῦ
474 1467 503 1496 τὸ
525 1470 619 1506 σῶμα,
633 1467 724 1507 ὥσπερ
747 1469 858 1509 ἀλοιφὴν
878 1469 897 1491 Α
915 1475 1011 1497 autem
1027 1469 1111 1498 illum
1120 1469 1151 1497 in
1163 1468 1304 1508 languore
1313 1479 1399 1509 super
1410 1469 1513 1498 cubili.
1524 1471 1660 1499 Renova-
1668 1483 1689 1495 v·
1702 1476 1740 1502 24-

88 1514 132 1543 ἐπὶ
141 1514 230 1554 τοίχου
239 1536 246 1549 ,
257 1513 291 1543 τὰ
304 1513 331 1542 δὲ
342 1514 408 1542 ὀστᾶ
419 1514 498 1542 αὐτοῦ
510 1514 641 1552 ἐμπλήσει
655 1514 761 1552 μυελοῦ.
774 1514 858 1550 Τότε,
915 1514 955 1542 bit
967 1520 1065 1542 autem
1077 1515 1140 1553 ejus
1151 1524 1264 1553 corpus,
1276 1515 1351 1543 sicut
1365 1516 1515 1543 tectorium
1527 1516 1559 1543 in
1569 1518 1660 1550 parie-

88 1559 177 1599 φησὶν,
191 1558 380 1599 ἀπομέμψεται
392 1558 468 1592 αὐτὸς
483 1561 569 1599 ἑαυτῷ
580 1559 664 1598 λέγων
673 1571 679 1578 ·
694 1556 735 1588 οἶα
750 1560 858 1589 συνετέ-
915 1565 952 1595 te,
963 1566 992 1588 et
1005 1560 1144 1598 ossa-ejus
1154 1560 1286 1598 implebit
1298 1559 1439 1588 medulla.
1458 1561 1549 1596 Tunc,
1561 1560 1657 1599 inquit,
1666 1571 1687 1583 v·
1701 1569 1740 1592 27-

88 1607 163 1641 λουν;
174 1606 233 1634 Οὔκ
240 1604 301 1639 ἄξια
313 1605 396 1640 ἤτασέ
411 1617 444 1644 με
457 1601 494 1634 ὧν
508 1604 636 1645 ἥμαρτον.
653 1604 716 1635 Ἔτι
729 1606 858 1641 ἐλάλησεν
912 1606 1061 1634 accusabit
1082 1605 1169 1633 homo
1188 1606 1312 1644 seipsum
1328 1606 1424 1634 dicens
1435 1617 1445 1634 .·
1465 1606 1573 1644 Qualia
1594 1607 1659 1647 essi-

89 1650 196 1684 Ὶζλιοὺζ
215 1651 280 1690 πρὸς
302 1650 367 1680 ’Ῑώὸ
376 1662 383 1669 ·
399 1650 540 1684 Ἐνωτίζου
564 1650 685 1689 [,Ἰὼ6],
708 1650 752 1680 καὶ
778 1651 858 1680 ἄκουέ
911 1651 1044 1678 aiebam?
1060 1660 1118 1678 non
1132 1651 1253 1689 dignam
1265 1652 1391 1688 peccatis
1410 1651 1480 1679 meis
1495 1652 1661 1690 castigatio—

90 1709 139 1736 μου
149 1708 156 1714 ·
170 1695 304 1736 κώφευσον
318 1696 362 1726 καὶ
375 1696 495 1732 λαλήσω.
511 1696 546 1725 Εἰ
559 1696 616 1725 ἐστί
631 1708 671 1725 σοι
684 1695 776 1735 λόγος,
790 1698 856 1726 ἀπο·
912 1706 978 1724 nem
988 1696 1098 1724 intulit.
1107 1695 1203 1724 Adhuc
1216 1695 1345 1733 loquutus
1355 1702 1395 1724 est
1405 1696 1487 1725 Eliuz
1494 1695 1529 1725 ad
1536 1696 1637 1726 Jobum
1649 1708 1655 1725 ε
1694 1725 1697 1728 ,

88 1742 191 1782 κρίθητί
212 1754 272 1781 μοι’
287 1742 355 1772 θέλω
370 1742 430 1782 ,γὰρ
457 1741 688 1781 δικαιολογηθῆναί
714 1754 765 1771 σοι,
794 1742 856 1773 Ἔτι
913 1741 1046 1771 Auribus
1058 1743 1183 1781 percipe,
1196 1742 1266 1778 Job,
1281 1748 1308 1770 et
1319 1742 1390 1770 audi
1402 1751 1446 1770 me
1459 1755 1467 1770 .·
1482 1743 1654 1781 obtumesce,
1665 1753 1686 1766 v.
1697 1745 1736 1768 3¹·
1751 1746 1790 1769 32.

87 1788 210 1828 προσθεὶς
222 1787 329 1822 Ἐλιοὺζ
346 1788 432 1828 τρίτον
456 1787 544 1827 λέγει·
559 1788 701 1818 Ἀκούσατέ
725 1800 791 1827 μου,
808 1800 854 1818 σο-
911 1794 939 1816 et
950 1787 1063 1827 loquar.
1081 1788 1119 1817 Si
1139 1794 1181 1816 est
1201 1788 1254 1816 tibi
1273 1797 1378 1824 sermo,
1398 1789 1539 1827 responde
1561 1790 1634 1818 mihi
1648 1801 1655 1818 ε

87 1834 147 1874 qul,
163 1835 186 1863 οἱ
201 1833 370 1872 ἐπιστάμενοι
387 1833 561 1863 ἐνωτίσασθαι
573 1833 669 1863 καλόν
694 1834 734 1863 ὅτι
754 1829 797 1868 οἷς
810 1835 855 1864 λό-
909 1833 979 1862 volo
999 1835 1076 1862 enim
1097 1834 1262 1862 examinari
1275 1844 1294 1862 a
1305 1840 1333 1862 te
1355 1835 1497 1867 iustitiam
1516 1838 1658 1864 sermonis

85 1892 147 1919 γους
159 1879 304 1918 δοκιμάζει.
322 1878 385 1908 Ἔτι
398 1875 468 1908 εἶπεν
483 1879 603 1918 ΪΕλιούζ·
619 1879 668 1913 Τίς
682 1879 748 1920 ἀνὴρ
764 1880 854 1921 ὥσπερ
911 1880 974 1907 mei.
997 1878 1094 1908 Adhuc
1108 1878 1236 1918 adjiciens
1250 1879 1330 1908 Eliuz
1348 1879 1425 1909 tertio
1439 1879 1505 1910 dicit
1522 1892 1528 1908 =
1544 1881 1657 1910 Audite
1667 1886 1723 1916 Cap.
1735 1886 1773 1915 34.
1784 1894 1806 1909 2.

87 1925 151 1955 ’1ὼὸ
161 1949 169 1962 ,
181 1925 263 1955 πίνων
281 1925 464 1965 μυκτηρισμὸν
476 1925 568 1966 ὥσπερ
582 1925 668 1967 ὕδωρ;
690 1927 741 1967 οὐχ
764 1927 854 1967 ἁμαρ-
875 1932 890 1954 Β
911 1935 965 1960 me,
979 1929 1135 1964 sapientes,
1149 1927 1257 1954 bonum
1270 1932 1312 1954 est
1330 1932 1362 1954 ut
1375 1927 1426 1966 qui
1440 1927 1593 1955 scientiam
1607 1916 1688 1956 lia-3·

86 1971 149 2007 τὼν,
161 1971 220 2001 οὐδὲ
230 1971 380 2007 διαδήσας
392 1971 451 2010 [Μή
467 1983 511 2010 μοι
527 1972 580 2011 εἴη]
594 1972 639 2001 καὶ
654 1972 741 2001 ἔναντι
755 1974 856 2002 Homo·
910 1973 989 2008 benc,
1005 1974 1125 2002 auribus
1134 1973 1294 2012 percipiant
1308 1984 1316 2001 .·
1333 1974 1404 2012 quia
1417 1975 1498 2002 auris
1510 1983 1656 2003 sermones

87 2017 212 2057 κράτορος
226 2015 337 2056 ταράξαι
346 2017 376 2046 τὸ
389 2017 498 2047 δίκαιον.
511 2019 580 2047 Ἀλλ’
594 2019 713 2048 ἀποδιδοῖ
726 2018 855 2059 ἀνθρώπῳ
907 2021 1020 2058 probat.
1041 2018 1138 2048 Adhuc
1159 2017 1232 2048 dixit
1253 2018 1334 2048 Eliuz
1349 2031 1357 2048 x
1377 2019 1448 2057 Quis
1470 2021 1520 2048 ‘vir
1538 2026 1570 2048 ut
1583 2020 1654 2055 Job,
1665 2033 1688 2049 v.
1703 2033 1724 2055 7.
1739 2026 1762 2049 8.

87 2062 156 2092 καθὰ
168 2067 238 2092 ποιεῖ
252 2062 360 2095 ἕκαστος
374 2063 468 2093 αὐτῶν.
482 2063 594 2100 Ἀσεὸὴς
607 2066 622 2093 ὃ
634 2065 717 2104 λέγων
733 2067 853 2105 βασιλεῖ,
910 2066 1010 2094 bibens
1019 2067 1277 2095 subsannationem
1283 2066 1357 2094 sicut
1369 2068 1494 2105 aquam?
1504 2068 1554 2105 qui
1564 2077 1657 2105 neque

87 2112 247 2148 παρανομεῖς
269 2110 439 2148 παρανομῶν.
466 2110 536 2144 Καὶ,
548 2109 599 2144 Ὃς
621 2112 668 2140 οὐκ
691 2113 854 2152 ἐπαισχυνθῇ
908 2113 1049 2150 peccavit,
1064 2121 1157 2151 neque
1174 2112 1261 2151 impie
1280 2113 1360 2151 egit?
1383 2112 1495 2149 [Absit
1507 2122 1527 2140 a
1539 2113 1599 2150 me]
1611 2121 1657 2141 co·
1666 2125 1685 2139 v.
1703 2124 1737 2139 ιο.
1753 2124 1788 2139 ιι.

86 2154 228 2194 πρόσωπον
244 2154 360 2184 ἐναντίον
380 2166 442 2193 μου.
459 2154 525 2185 Ὅτι
537 2156 633 2197 Κύριος
654 2157 741 2187 πάντα
756 2159 853 2198 ἐφορᾷ,
910 2167 974 2186 ram
987 2158 1188 2196 Omnipotente
1200 2158 1316 2186 turbare
1322 2157 1544 2197 justitiam.Sed
1552 2159 1655 2186 reddat

87 2200 299 2240 καταλαμὸάνων
316 2200 501 2240 ἀνεξιχνίαστα
510 2225 517 2239 ,
533 2202 623 2236 ἔνδοξοί
634 2215 663 2232 τε
678 2203 722 2232 καὶ
736 2203 837 2237 ἐξαίσια
845 2226 853 2239 ,
910 2203 1023 2232 homini
1032 2204 1136 2243 cuique
1144 2203 1301 2232 secundum
1311 2213 1398 2241 opera
1408 2204 1480 2242 ejus.
1491 2204 1602 2241 Impius
1613 2210 1654 2232 est
1661 2212 1684 2228 v·
1701 2207 1736 2228 ¹⁸-

87 2239 124 2274 ὧν
137 2246 185 2274 οὐκ
207 2244 277 2274 ἔστιν
304 2244 421 2284 ἀριθμός.
437 2245 515 2286 Ἀνὴρ
530 2247 607 2286 σοφὸς
631 2247 732 2283 ἀκήκοέ
755 2259 804 2286 μου
826 2247 856 2276 τὸ
910 2251 962 2288 qui
977 2250 1048 2279 dicit
1065 2251 1126 2289 regi
1143 2250 1267 2288 :Inique
1286 2250 1361 2288 agis.
1385 2249 1435 2284 Et,
1460 2249 1516 2287 Qui
1535 2259 1594 2277 non
1612 2255 1684 2278 estv.
1699 2263 1732 2286 ¹9·

88 2293 178 2330 ῥῆμα·
204 2290 266 2320 'li->6
291 2291 318 2320 δὲ
339 2292 387 2320 οὐκ
403 2292 431 2320 ἐν
458 2292 562 2321 συνέσει
584 2293 706 2328 ἐλάλησε.
721 2294 853 2333 Τέταρτον
910 2297 1023 2325 veritus
1040 2295 1156 2336 faciem
1177 2297 1210 2324 in
1232 2301 1386 2334 conspectu
1407 2305 1480 2323 meo.
1507 2295 1653 2323 Dominus
1662 2311 1683 2324 v,
1696 2301 1732 2332 ²4·

86 2337 210 2377 προσθεὶς
224 2336 331 2371 Ἐλιοὺζ
350 2337 420 2376 λέγει
435 2337 500 2376 πρὸς
513 2338 589 2367 Ἰώ6·
601 2340 626 2368 T
629 2338 637 2366 ί
660 2342 737 2369 τοῦτο
761 2339 855 2378 ἡγήσω
910 2343 1010 2370 omnia
1020 2343 1148 2381 inspicit,
1162 2343 1214 2381 qui
1225 2340 1433 2379 conprehendit
1447 2350 1506 2368 non
1525 2340 1652 2378 vestiga-

87 2384 228 2424 ἐν.κρίσει;
240 2383 279 2414 Σὺ
293 2383 331 2416 τίς
342 2378 380 2418 εἶ,
395 2383 436 2412 ὅτι
448 2379 536 2420 εἶπας,
549 2384 648 2418 δίκαιός
666 2387 722 2424 εἰμι
740 2385 855 2415 ἐναντίον
911 2388 991 2424 bilia,
1000 2388 1138 2427 gloriosa,
1153 2394 1181 2416 et
1202 2387 1367 2426 magnifica,
1387 2396 1508 2425 quorum
1532 2394 1592 2413 non
1612 2391 1655 2413 est

87 2429 200 2469 Kvpffiffl
215 2431 240 2459 Τ
241 2429 256 2459 ὸ
268 2429 524 2469 πέμπτον-προσθεὶς
539 2429 645 2464 Ἐλιοὺζ
659 2433 695 2470 τῷ
709 2431 795 2471 λόγῳ,
810 2431 855 2461 καὶ
874 2435 893 2460 C
912 2443 1059 2463 numerus.
1073 2424 1128 2462 Vir
1137 2434 1252 2472 sapiens
1271 2432 1384 2461 audivit
1395 2432 1516 2459 verbum
1536 2439 1630 2458 meum
1645 2442 1653 2458 .·
1663 2440 1688 2455 v.
1702 2433 1739 2463 Ξῖ.
1752 2433 1793 2456 35.

87 2474 147 2504 οὔτε
161 2475 224 2504 Ἰὼὸ
234 2498 242 2512 ,
257 2475 316 2504 οὔτε
331 2475 355 2504 οἱ
369 2479 438 2514 τρεῖς
459 2474 529 2514 φίλοι
550 2479 756 2514 προσποιοῦνται
778 2477 855 2507 αὐτὸν
911 2479 935 2509 J
935 2481 970 2508 ob
986 2485 1084 2508 autem
1095 2489 1155 2508 non
1166 2478 1325 2518 prudenter
1335 2477 1471 2516 loquutus
1485 2481 1538 2504 est.
1552 2476 1654 2511 Quarto

87 2521 123 2554 ὡς
136 2520 220 2550 ἄθεον.
234 2521 320 2557 Δῆλον
330 2516 374 2549 οὖν
385 2521 416 2550 ἐκ
426 2520 485 2549 τότε
493 2540 501 2555 ,
515 2520 555 2550 ὅτι
566 2521 726 2559 μετενόησαν
738 2523 763 2551 οἱ
777 2527 854 2563 τρεῖς·
912 2524 1043 2565 adjiciens
1056 2524 1137 2554 Eliuz
1149 2523 1216 2553 dicit
1228 2522 1260 2552 ad
1275 2522 1375 2552 Jobum
1391 2532 1399 2548 .-
1418 2521 1516 2559 Quare
1529 2521 1583 2549 hoc
1594 2522 1656 2549 exi-

122 2606 132 2618 ·
142 2597 181 2632 [E
192 2598 277 2624 Bibliis
288 2598 373 2631 supple
386 2603 427 2628 τὴν
440 2605 567 2635 συγγραφήν
584 2599 594 2630 ]
