1890 2826
816 192 849 215 tn
877 193 1064 216 DAMELEM.
1379 208 1381 211 .
1639 189 1707 237 295

155 253 188 283 τὰ
201 253 278 293 θηρία
291 255 305 282 ὁ
319 253 469 292 ἄνθρωπος;
484 247 569 285 Οῧτος
591 252 638 291 μὲν
653 252 757 288 ἤσθιεν,
781 253 867 282 ἐκεῖνα
890 254 918 283 δὲ
968 254 1015 283 illc
1025 254 1140 283 maxime
1150 255 1272 286 miraculi
1284 267 1370 297 praeco
1382 258 1457 298 apud
1467 268 1512 288 eos
1525 260 1571 298 qui
1584 261 1610 288 in
1622 260 1709 290 Judca

153 299 300 335 ἐνήστευον.
310 297 411 334 Ἔστω,
424 301 471 328 τοῦ
481 297 603 338 σώματος
614 298 740 338 ἀπείχετο
750 301 796 329 τοῦ
807 299 917 329 δικαίου·
967 301 1134 331 habitabant.
1145 303 1201 339 Qui
1221 305 1309 343 potuit
1329 305 1410 335 bomo
1428 315 1480 335 non
1504 306 1599 336 timere
1616 308 1684 337 seras
1694 308 1708 336 ἒ)

151 344 219 378 τίνος
236 344 322 374 ἕνεκεν
339 344 446 380 καὶτῆς
461 346 572 384 τροφῆς
589 343 693 384 Ὥσπερ
714 344 799 384 κημός
815 357 854 379 τις
874 346 918 374 καὶ
968 349 1020 380 Hic
1042 348 1150 388 quidem
1178 352 1344 389 comedebat,
1373 353 1428 383 illae
1454 364 1517 384 vem
1539 354 1708 394 jejunabant.

151 391 258 430 χαλινὸς
268 395 390 431 κατεῖχεν
402 391 500 420 ἐκεῖνα.
969 397 1045 434 Esto,
1053 408 1164 437 corpore
1178 398 1231 428 viri
1241 400 1309 439 justi
1323 400 1503 431 abstinuerint
1517 414 1523 431 :
1537 412 1620 440 quare
1631 403 1709 432 etiam

968 443 1135 473 abstinebant
1144 444 1224 474 cibo?
1233 446 1328 476 Veluti
1336 457 1427 477 camus
1436 447 1550 486 quidam
1560 447 1596 478 ad
1606 448 1710 478 nemun

968 489 1030 518 illas
1043 489 1204 518 continebat.

480 574 608 604 ΤΕΛΟΣ
1164 588 1169 591 ⁴
1294 578 1328 607 Fl
1331 579 1352 607 N
1358 579 1389 607 lS

231 665 289 700 Τῆς
298 665 344 705 ἱεῖς
362 665 406 694 τὸν
423 665 560 705 προφήτην
574 666 676 701 Δανιὴλ
690 666 836 705 ἑρμηνείας.
1036 667 1263 707 Interpretationis
1278 669 1305 697 in
1319 669 1460 700 Danielem
1473 654 1639 711 prophetam.

723 824 1161 932 MONITUM

540 1004 608 1040 AD
650 1003 935 1040 HOMILIAM
974 1004 1326 1051 SEQUENTEM.

187 1135 263 1164 Hanc
274 1131 484 1172 pulcherrimam
496 1130 637 1161 homiliam
657 1130 785 1171 primuse
795 1129 911 1160 tenebris
927 1130 998 1160 eruit
1016 1130 1060 1161 vir
1077 1129 1248 1160 doctissimus
1265 1131 1360 1162 Erieus
1376 1132 1525 1171 Benzelius,
1547 1140 1573 1163 et
1594 1134 1712 1175 Upsaliae

148 1179 299 1220 publicavit
309 1188 386 1221 ‘anno
401 1178 491 1215 1708,
504 1177 540 1207 ad
557 1177 638 1207 fidem
650 1179 706 1208 Ms.
725 1176 867 1218 eujusdam
881 1177 1032 1216 Anglicani,
1044 1177 1137 1206 multis
1150 1177 1179 1206 in
1192 1177 1259 1208 loeis
1269 1178 1367 1209 vitiati.
1381 1179 1436 1210 Sed
1450 1180 1623 1210 commodum
1643 1182 1713 1211 acci-

148 1226 192 1257 dit
204 1233 235 1256 ut
247 1226 316 1255 hanc
326 1224 448 1255 eamdem
459 1224 600 1264 homiliam
610 1234 644 1254 ex
655 1225 710 1254 Ms.
725 1223 906 1254 ottoboniano
918 1225 1012 1253 Romae
1030 1223 1262 1264 descripserimus,
1277 1226 1356 1264 cujus
1375 1227 1430 1256 Ms.
1451 1236 1503 1266 ope
1520 1226 1612 1256 hiulca
1632 1228 1714 1257 sarsi-

148 1282 220 1308 mus,
230 1272 379 1310 vitiataque
388 1269 600 1301 emendavimus.

187 1317 324 1348 Habendae
332 1317 462 1353 homiliae,
473 1326 520 1346 seu
532 1316 622 1357 potius
632 1314 832 1356 disceptationis
855 1315 930 1355 (nam
942 1322 997 1346 tota
1007 1316 1035 1347 in
1046 1325 1141 1355 genere
1157 1317 1295 1356 πολεμικῷ
1308 1320 1448 1355 versatur)
1462 1318 1565 1348 occasio
1578 1319 1631 1349 suit
1642 1321 1713 1349 Ano-

148 1374 279 1394 moeorum
296 1362 419 1403 quadam
432 1362 558 1402 objectio.
580 1362 651 1392 Cum
669 1361 742 1391 enim
759 1361 968 1402 chrysostomus
987 1362 1016 1390 in
1034 1360 1120 1400 priori
1136 1361 1205 1391 hanc
1225 1361 1392 1402 praecedente
1412 1364 1549 1400 concione,
1568 1364 1619 1394 hoc
1640 1364 1713 1394 dicto

147 1408 303 1450 evangelico
315 1408 343 1438 in
355 1407 474 1438 medium
488 1406 616 1445 adducto,
626 1408 718 1437 Pater
728 1417 809 1437 meus
822 1417 913 1448 usque
926 1407 1012 1436 modo
1024 1413 1168 1446 operatur,
1178 1414 1206 1437 et
1214 1418 1267 1448 ego
1281 1418 1394 1448 operor,
1403 1409 1562 1439 ostendisset
1574 1410 1639 1440 Filii
1651 1421 1713 1440 cum

147 1457 226 1487 Patre
237 1455 425 1496 aequalitatem,
437 1454 512 1494 quod
525 1453 616 1491 etiam,
626 1453 726 1493 inquit,
736 1453 855 1483 declarat
867 1452 1030 1493 evangelista
1042 1452 1086 1482 his
1099 1453 1190 1483 verbis
1205 1466 1211 1483 :
1228 1455 1389 1495 Propterea
1402 1457 1711 1496 magispersequeban-

148 1509 197 1533 tur
207 1514 286 1539 eunt,
296 1513 354 1533 non
364 1503 461 1532 solum
473 1503 546 1542 quia
558 1501 691 1530 solvebat
701 1502 868 1538 sabbatum,
881 1501 933 1530 sed
942 1507 971 1530 et
979 1501 1100 1530 Patrem
1112 1510 1197 1530 suum
1211 1501 1327 1532 dicebat
1342 1503 1449 1542 Deum,
1465 1506 1609 1546 oequalem
1622 1516 1652 1535 se
1652 1507 1711 1547 sa-

147 1551 228 1579 ciens
241 1551 306 1579 Deo
320 1563 330 1580 .-
340 1550 378 1581 ita
390 1558 539 1578 sermonem
554 1548 660 1578 clausit.
682 1547 807 1579 Haeretici
826 1554 914 1577 autem
934 1547 1058 1576 Anomoei
1079 1546 1144 1576 huic
1164 1555 1319 1588 argumento
1328 1559 1363 1578 ex
1372 1550 1475 1581 Joanne
1488 1552 1648 1591 evangelista
1661 1552 1711 1583 de-

148 1602 237 1625 sumto
249 1595 335 1625 alium
350 1605 500 1639 opposuere
510 1594 622 1625 Joannis
640 1594 740 1631 locum,
762 1603 857 1633 nempe
877 1592 948 1622 illud
966 1593 1077 1623 Joannis
1092 1593 1120 1630 5,
1136 1594 1174 1623 19
1190 1606 1197 1623 :
1210 1594 1298 1624 Nihil
1311 1601 1405 1634 potest
1415 1596 1522 1637 facere
1535 1598 1643 1634 Filius,
1657 1600 1711 1628 nisi

149 1641 259 1671 viderit
271 1642 392 1671 Patrem
395 1642 573 1682 facientem.
588 1641 713 1679 Cumque
722 1639 783 1669 talis
796 1647 863 1669 esset
875 1640 1002 1679 objecti0,
1017 1649 1077 1678 quae
1090 1646 1180 1678 posset
1195 1640 1332 1670 auditores
1345 1642 1453 1672 turbare
1466 1650 1545 1682 atque
1555 1643 1709 1682 percellere,

148 1697 218 1727 opus
232 1691 288 1715 erat
300 1686 380 1716 hasoe
390 1689 583 1716 Anomoeorum
593 1685 712 1724 argutias
719 1685 856 1714 confutare
874 1696 880 1713 ι
893 1684 1067 1723 quamobrem
1081 1684 1228 1714 Flavianus
1241 1685 1382 1726 episcopus
1399 1698 1484 1727 pauca
1503 1689 1638 1728 praefatus,
1648 1701 1710 1719 cum

147 1734 227 1763 sciret
237 1732 368 1773 populum
377 1732 505 1762 audiendi
518 1742 548 1760 ea
560 1731 595 1761 de
605 1742 634 1761 re
646 1731 831 1772 chrysostomi
844 1731 987 1771 cupidum,
1001 1737 1093 1770 utpote
1106 1730 1154 1769 qui
1167 1738 1255 1770 posset
1264 1731 1423 1772 hujusmodi
1435 1734 1488 1764 tela
1500 1742 1607 1765 strenue
1619 1736 1697 1777 depel
1709 1755 1712 1759 ·

147 1779 214 1818 lere,
228 1780 281 1809 cito
299 1779 379 1808 linem
393 1778 500 1808 dicendi
514 1778 586 1815 fecit,
602 1785 628 1807 et
640 1778 834 1818 Chrysostomo
852 1776 990 1806 haereticos
1012 1776 1167 1806 confutandi
1189 1787 1282 1807 curam
1298 1777 1471 1809 demandavit
1487 1793 1494 1809 ε
1510 1788 1620 1811 noverat
1639 1783 1711 1813 enim

147 1833 248 1864 quanto
259 1825 448 1865 amoreipsum
463 1824 539 1864 plebs
553 1825 716 1854 Antiochena
729 1830 951 1864 prosequeretur;
964 1823 1148 1862 neminemque
1161 1833 1237 1863 posse
1251 1830 1304 1852 tam
1317 1824 1420 1855 sortiter
1430 1826 1562 1867 lucifugas
1573 1828 1636 1858 illos
1645 1839 1709 1869 pro-

146 1872 251 1912 fligare,
260 1882 342 1911 quam
361 1873 479 1902 Joannes
498 1871 556 1909 ille,
568 1872 648 1912 cujus
662 1870 856 1907 strenuitatem,
867 1880 980 1900 acumen
994 1869 1103 1909 ingenii,
1115 1876 1194 1909 atque
1209 1870 1378 1908 διαλεκτικὴν
1393 1873 1497 1913 experti
1511 1884 1580 1913 saepc
1593 1875 1708 1906 fuerant.

147 1918 228 1949 Unde
246 1919 352 1948 mireris
371 1917 495 1948 Flaviani
517 1917 685 1955 modestiam,
700 1918 835 1958 pietatem,
847 1917 931 1947 animi
949 1916 1152 1956 ingenuitatem,
1164 1917 1213 1955 qui
1227 1927 1256 1946 se
1266 1927 1282 1946 a
1292 1918 1448 1958 presbytero
1468 1930 1517 1950 suo
1536 1921 1588 1950 sibi
1601 1921 1710 1952 subdito

148 1965 185 1995 ita
197 1965 313 1995 libenter
330 1965 459 1995 fateretur
473 1971 499 1994 et
511 1964 632 1994 doctrina
645 1971 672 1994 et
684 1964 835 2003 eloquentia
849 1963 981 2004 superari.
995 1963 1200 2004 chrysostomus
1212 1973 1286 2000 vero,
1300 1970 1330 1993 ut
1343 1971 1399 1994 erat
1407 1965 1571 2005 moderatus,
1583 1974 1610 1997 et
1623 1979 1638 1997 a
1651 1979 1710 2009 pro-

147 2011 207 2051 pria
218 2010 299 2040 laude
307 2011 422 2048 alienus,
435 2010 513 2040 initio
525 2011 694 2040 vehementer
707 2010 829 2049 queritur
842 2010 895 2039 sibi
905 2009 1026 2038 delatum
1039 2018 1137 2038 munus
1155 2018 1212 2038 esse
1224 2019 1240 2037 a
1252 2008 1363 2038 doctore
1378 2020 1438 2048 suo,
1451 2011 1500 2050 qui
1513 2023 1576 2043 vere
1587 2015 1647 2044 fons
1659 2015 1709 2045 do—

147 2058 239 2087 cu-inae
248 2064 326 2094 esset,
340 2064 368 2087 et
379 2057 448 2087 hanc
461 2057 629 2098 provinciam
641 2057 726 2097 probe
745 2056 881 2097 suscipere
902 2062 1000 2095 posset.
1013 2054 1118 2085 Deinde
1134 2065 1198 2085 vero
1217 2062 1405 2094 argumentum
1427 2056 1642 2091 adversariorum
1657 2069 1710 2091 tam

147 2109 264 2141 strenue,
276 2111 331 2134 tam
344 2104 415 2134 clare
426 2104 546 2144 depellit,
562 2111 591 2134 ut
601 2105 702 2133 nescias
712 2110 800 2133 utram
811 2102 897 2142 magis
913 2101 1028 2139 mireris,
1044 2101 1224 2141 eloquentiam
1237 2112 1270 2131 an
1285 2101 1432 2132 dialecticae
1445 2103 1511 2134 vim.

186 2150 296 2179 certum
312 2150 395 2189 igitur
406 2158 445 2180 est
458 2151 526 2181 lianc
539 2151 692 2180 comionem
713 2150 860 2179 Antiochiae
874 2150 902 2178 in
915 2158 1010 2188 magna
1028 2148 1150 2185 ecclesia,
1164 2154 1195 2177 ut
1206 2148 1258 2178 fert
1271 2148 1376 2186 titulus,
1389 2157 1572 2190 praesenteque
1581 2154 1711 2186 Flaviano

148 2195 267 2225 habitam
286 2197 379 2234 fuisse,
392 2208 455 2227 eum
465 2198 524 2238 jam
535 2198 744 2238 Chrysostomus
759 2197 785 2225 in
797 2207 893 2236 magna
904 2201 975 2231 ,esset
993 2194 1067 2235 apud
1086 2193 1267 2224 Antiochenos
1278 2194 1485 2225 existimatione.
1500 2197 1571 2227 Huic
1587 2207 1626 2229 est
1638 2202 1710 2239 quod

149 2242 197 2271 illa
210 2242 262 2271 alia
273 2242 385 2272 homilia
397 2244 657 2284 Chrysostomi‚quae
671 2244 754 2283 hujus
772 2243 902 2272 habendae
915 2241 1018 2272 occasio
1030 2241 1230 2282 fuit‚cujusque
1248 2249 1323 2271 notas
1332 2241 1434 2280 aliquot
1448 2242 1475 2271 in
1491 2243 1540 2272 hac
1552 2245 1710 2286 Chrysosto-

148 2299 209 2318 mus
221 2288 342 2325 exhibet,
358 2296 387 2318 ut
400 2299 448 2319 nos
458 2300 538 2330 supra
549 2290 679 2328 diximus,
692 2291 748 2330 jam
760 2300 813 2319 nou
826 2295 977 2329 compareat
989 2288 1058 2317 inter
1067 2288 1129 2317 illas
1142 2287 1268 2317 homilias
1278 2298 1344 2327 quas
1356 2294 1446 2317 contra
1461 2290 1602 2320 Anomoeos
1616 2293 1708 2321 Antio-

147 2334 215 2364 chiae
226 2334 412 2375 pronuntiavit
424 2335 632 2376 Chrysostomus
651 2336 743 2366 decem
766 2346 877 2365 numero
891 2346 898 2364 :
912 2345 1031 2374 quasque
1051 2333 1186 2364 edidimus
1204 2334 1294 2374 primo
1307 2335 1405 2370 Tomo,
1421 2333 1520 2364 additis
1533 2335 1670 2366 undecima
1685 2345 1711 2367 et

148 2381 318 2418 duodecima,
334 2391 393 2419 quae
404 2382 645 2422 Comininopoti,
658 2382 722 2412 item
736 2389 826 2412 contra
840 2383 993 2418 Anamoeos,
1008 2380 1106 2411 habitae
1124 2387 1196 2410 sunt.
1212 2380 1270 2410 111ae
1283 2379 1356 2410 enim
1365 2379 1458 2410 decem
1470 2380 1587 2409 homih'ae
1601 2392 1631 2410 eo
1641 2393 1710 2412 anno

148 2426 226 2456 dictae
240 2434 302 2456 sunt
311 2437 365 2466 quo
375 2427 432 2467 ipse
443 2428 580 2468 presbyter
588 2429 674 2458 factus
683 2436 732 2466 est,
745 2436 774 2458 et
786 2428 936 2458 concionari
947 2427 1039 2468 coepit,
1049 2437 1145 2466 nempe
1163 2437 1232 2456 anno
1251 2427 1323 2462 586,
1337 2433 1364 2455 et
1378 2436 1447 2455 anno
1460 2426 1578 2463 sequenti
1590 2427 1660 2456 587.
1676 2431 1710 2458 At

150 2473 207 2502 baec
220 2472 343 2510 homilia,
357 2479 386 2502 ut
397 2479 422 2502 et
433 2483 463 2503 ca
475 2484 534 2513 quae
554 2475 640 2514 ipsam
658 2474 833 2516 praecedebat,
846 2476 907 2515 p'ost
921 2474 982 2503 illas
995 2473 1087 2502 habita
1100 2472 1162 2509 suit,
1173 2482 1235 2502 cum
1256 2482 1290 2500 ex
1304 2471 1411 2500 assiduo
1431 2470 1606 2499 concionandi
1621 2473 1709 2501 officio

151 2528 277 2557 magnum
290 2518 340 2547 sibi
356 2519 502 2549 Antiocliiae
513 2523 610 2550 nomen*
621 2520 766 2561 peperisset
779 2520 996 2561 Chrysostomus.
1005 2519 1046 2547 De
1063 2527 1132 2546 anno
1146 2523 1234 2545 autem
1246 2516 1314 2545 nihil
1327 2525 1436 2555 prorsus
1450 2515 1586 2544 hahemus.

193 2565 438 2604 interpretationem
452 2573 568 2598 nostram
582 2567 704 2598 Latinam
716 2566 750 2598 ad
763 2566 843 2597 fidem
853 2564 1028 2597 ottoboniani
1041 2562 1201 2602 exemplaris
1215 2561 1359 2591 edidimus.

1527 2616 1573 2638 20.
