1890 2826
634 205 793 229 SYNOPSIS
819 204 1006 229 scmr'rURAE
1033 202 1157 230 s'ACRAE.

118 278 174 304 ναι,
193 266 280 304 ἐζήτει
293 267 352 302 τοὺς
365 268 438 303 θεοὺς
457 271 536 299 αὐτοῦ
557 269 662 306 Λάὸαν,
678 268 722 302 οὓς
742 269 851 308 ἔκλεψεν
865 270 882 303 ἡ

116 312 230 353 *Ραχήλ
245 313 292 347 Ὡς
306 314 332 343 δὲ
346 317 396 355 οὐχ
414 311 497 356 εὗρεν,
511 315 656 345 ἐπιτίθεται
670 315 787 355 σφοδρῶς
801 316 815 343 ὁ
826 314 883 342 ’la-

115 358 174 388 κὼὸ
185 360 313 396 ἐγκαλῶν.
327 361 381 390 Καὶ
399 361 473 395 τέλος
481 383 488 397 ,
501 361 626 402 φαγόντες
639 360 685 390 καὶ
696 360 799 393 πιόντες
809 381 817 394 ,
831 360 884 389 διε-

114 404 284 445 χωρίσθησαν
299 407 430 443 ἀλλήλων,
448 408 539 447 βουνὸν
552 407 631 438 λίθων
647 406 791 443 στήσαντες
810 407 882 441 ἐκεῖ,

117 452 145 481 ὃν
159 452 204 481 καὶ
221 453 311 492 βουνὸν
326 455 470 494 μαρτυρίου
484 454 620 484 ἐκάλεσαν.
636 454 706 483 Τότε
720 454 884 490 συνήντησαν

119 500 158 538 τῷ
173 498 271 528 ’laum
285 499 390 540 ἄγγελοι
405 502 484 531 Θεοῦ.
500 500 667 530 Ἀποστέλλει
679 502 693 529 ὁ
708 500 807 530 Ἰακὼὸ
819 499 884 539 πρὸς

114 544 159 574 τὸν
174 544 268 583 Ἡσαῦ,
281 546 454 586 ἀπαγγέλλων
472 548 551 576 αὐτοῦ
566 547 615 583 τὴν
629 546 780 585 ἐπιδημίαν.
795 546 842 579 Ὡς
857 545 884 575 δὲ

115 586 194 626 ἦλθον
205 593 230 620 οἱ
243 592 443 628 ἀποσταλέντες,
457 593 502 622 καὶ
518 588 591 623 εἶπον
603 593 725 633 ἔρχεσθαι
737 592 782 622 τὸν
796 592 882 622 Ἡσαῦ

116 636 184 675 μετὰ
197 638 372 676 τετρακοσίων
387 639 498 679 ἀνδρῶν,
515 639 656 679 περίφοὸος
676 638 814 678 γενόμενος
828 639 883 667 δεῖ-

114 694 159 712 ται
171 685 217 712 τοῦ
231 685 311 719 Θεοῦ,
324 683 393 713 ὥστε
406 685 484 715 αὐτὸν
497 685 647 720 ἀπαλλάξαι
657 688 702 714 τοῦ
717 685 881 724 ἐπικειμένου

114 728 243 765 κινδύνου,
257 729 302 759 καὶ
315 730 416 769 πέμπει
427 731 498 771 δῶρα
511 734 557 761 τοῦ
571 731 666 761 Ἡσαῦ.
678 731 726 765 Ὡς
740 731 767 761 δὲ
778 733 884 767 εἷο-ἦλθε

115 773 160 803 τὸν
173 775 333 816 χειμάῤῥουν
347 778 361 805 ὁ
373 776 482 814 Ἶακὼὸ,
493 777 537 806 καὶ
549 777 678 817 εὖλογήθη
686 801 694 815 ,
708 777 754 807 καὶ
768 789 882 816 μετωνο-

116 820 205 859 μάσθη
219 821 249 850 τὸ
262 822 344 860 ὄνομα
355 824 445 858 αὐτοῦ,
456 826 505 863 ὁρᾶΙ
517 823 561 853 τὸν
573 823 660 854 εΗσαῧ
672 823 824 864 ἐρχόμενον,
837 824 883 854 καὶ

115 867 207 896 διελὼν
217 868 248 897 τὸ
260 869 372 905 πλῆθος,
390 869 437 903 τὰς
450 869 498 908 μὲν
511 870 653 904 παιδίσκας
671 870 740 909 μετὰ
753 873 806 900 τῶν
818 870 884 900 παί-

114 912 166 941 δων
180 914 266 942 αὐτῶν
276 914 383 954 πρώτας
394 915 477 951 ἔταξε,
487 915 536 952 τὴν
550 915 577 945 δὲ
586 916 667 946 Λείαν
679 917 802 957 δευτέραν
817 917 884 956 μετὰ

112 960 166 987 τῶν
179 959 300 995 παιδίων,
317 960 363 990 καὶ
383 960 432 997 τὴν
443 961 550 1002 Ῥαχὴλ
568 962 636 1001 μετὰ
649 962 748 1003 Ἰωσὴφ
767 963 883 1003 ἐσχάτην

112 1004 236 1044 ἔρχεσθαι
258 1006 399 1043 κελεύσας,
419 1007 498 1041 αὐτὸς
514 1010 617 1047 πρῶτος
632 1009 722 1048 ἀπῄει.
738 1009 787 1042 Ὡς
801 1009 827 1038 δὲ
842 1005 883 1038 εἶ-

113 1051 156 1079 δεν
170 1051 248 1081 αὗτὸν
262 1052 382 1091 ἀσμένως
394 1055 409 1082 ὁ
423 1053 520 1090 Ἡσαῦ,
536 1054 626 1083 καὶτὰ
639 1055 711 1094 δῶρα
725 1054 804 1084 ἔλαθε
818 1058 881 1096 παρ’
900 1052 903 1056 ’

113 1098 203 1132 αὐτοῦ,
225 1097 298 1133 ἠξίου
320 1099 531 1138 συμπορεύεσθαι
549 1101 621 1139 αὐτῷ
634 1112 640 1119 ·
654 1102 668 1129 ὁ
684 1100 710 1129 δὲ
729 1106 882 1141 παρῃτεῖτο.

112 1143 166 1172 Καὶ
179 1143 260 1172 ἐλθὼν
275 1144 417 1174 κατέλυσεν
429 1146 466 1178 εἰς
478 1146 554 1175 πόλιν
568 1146 688 1185 Σικίμων
701 1147 808 1186 Σαλὴμ,
822 1148 882 1178 ἔνθα

112 1189 208 1228 Συχὲμ
218 1192 232 1218 ὁ
245 1189 298 1223 υἱὸς
310 1190 427 1231 Ἐμμὼρ
445 1194 491 1221 τοῦ
511 1191 653 1230 βασιλέως,
668 1193 786 1232 ἐρασθεὶς
802 1194 882 1228 Δίνας

112 1237 160 1270 τῆς
184 1236 311 1275 θυγατρὸς
333 1237 447 1273 Ἰακὼὸ,
475 1238 519 1267 καὶ
542 1238 648 1278 φθείρας
672 1238 721 1275 τὴν
744 1240 882 1279 παρθένον,

112 1281 185 1317 ἠξίου
199 1282 271 1322 νόμῳ
292 1282 378 1322 γάμου
399 1283 490 1313 λαὸεἷν
512 1284 595 1320 αὐτὴν
616 1289 736 1324 γυναῖκα.
763 1281 830 1316 Εἷπε
853 1286 881 1316 δὲ

112 1327 224 1366 Συμεὼν
246 1328 291 1357 καὶ
309 1329 372 1358 Λευὶ
394 1329 488 1358 δώσειν
501 1330 627 1369 ἑτοίμως,
651 1332 675 1360 εἰ
695 1335 881 1372 περιτμηθεῖεν

111 1374 206 1403 ἐκεῖνοι
224 1374 292 1412 μετὰ
304 1378 350 1404 τοῦ
361 1376 424 1404 λαοῦ
440 1377 537 1405 αὐτῶν.
554 1375 601 1409 Ὡς
614 1376 641 1406 δὲ
655 1378 879 1417 περιετμήθησαν,

111 1420 233 1454 ἔτιόντας
241 1422 313 1460 ἐντιῖ)
321 1420 395 1461 πόνῳ
401 1422 502 1451 ἀνεῖλον
516 1422 609 1456 αὐτοὺς
620 1422 732 1462 Συμεὼν
745 1424 790 1454 καὶ
803 1425 879 1454 Λευί.

112 1466 250 1507 Ἐφοὸεἷτο
263 1467 354 1496 λοιπὸν
366 1469 380 1496 ὁ
389 1466 498 1502 Ἰακὼὸ,
534 1467 551 1504 ὴ
566 1472 757 1499 συνεπιθῶνται
770 1472 841 1511 αὐτῷ
855 1472 879 1500 οἱ

111 1512 222 1548 πλησίον
237 1514 389 1542 Χαναναῖοι·
396 1513 440 1542 καὶ
446 1516 490 1542 τοῦ
499 1514 569 1543 Θεοῦ
584 1515 756 1549 κελεύσαντος
769 1518 880 1552 ἀνῆλθεν

112 1560 148 1592 εἷς
170 1559 279 1595 Βαιθήλ.
299 1554 353 1588 Καὶ
371 1560 498 1590 ἀπέθανεν
512 1561 529 1594 ἡ
551 1562 645 1602 τροφὸς
664 1562 817 1596 Ῥεὸέκκας.
835 1563 883 1596 Ὡς

113 1604 141 1633 δὲ
153 1604 299 1644 ηὖλόγησεν
314 1607 385 1646 αὐτῷ
397 1609 411 1635 ὁ
426 1607 503 1642 Θεὸς,
519 1608 622 1648 ἀπάρας
636 1609 666 1636 ἐκ
677 1608 780 1644 Βαιθὴλ
793 1608 882 1649 κατῴ-

113 1662 193 1685 κησεν
211 1650 333 1680 ἐπέκεινα
351 1651 452 1691 πύργου
474 1653 568 1692 Γαδέρ.
584 1653 654 1682 Τότε
676 1653 850 1690 ἐδυστόκησεν
863 1657 880 1690 ἡ

112 1696 227 1737 Ῥαχὴλ,
240 1697 285 1727 καὶ
299 1698 421 1735 ἀπέθανε,
436 1699 481 1728 καὶ
494 1699 578 1739 ἐτάφη
592 1700 618 1728 ἐν
632 1702 666 1739 τῇ
678 1701 731 1740 ὁδῷ
742 1702 864 1740 Ἐφραθᾶ
874 1713 880 1720 ·

113 1743 180 1778 αὕτη
194 1744 251 1772 ἐστὶ
265 1744 397 1783 Βηθλεέμ.
411 1744 451 1775 Ὁ.
460 1745 487 1774 δὲ
499 1746 601 1786 τεχθεὶς
607 1742 638 1782 ἦν
645 1747 796 1785 Βενιαμείν.
812 1747 881 1777 Τότε

112 1789 240 1828 ἐκοιμήθη
255 1790 369 1829 Ῥουὸἱμ
391 1791 458 1830 μετὰ
482 1791 587 1825 Βάλλας
609 1793 657 1827 τῆς
677 1793 817 1828 παλλακῆς
835 1796 881 1823 τοῦ

111 1835 210 1875 πατρὸς
231 1837 320 1866 αὐτοῦ.
339 1836 409 1866 Τότε
434 1837 561 1867 ἀπέθανεν
582 1838 675 1868 Ἰσαάκ
688 1850 694 1856 ·
718 1839 763 1868 καὶ
783 1839 881 1879 ἔθαψαν

112 1881 190 1910 αὐτὸν
203 1881 290 1911 Ἡσαῦ
309 1883 354 1912 καὶ
367 1883 473 1912 Ἰακώὸ.
493 1884 714 1920 Γενεαλογοῦνται
728 1886 752 1914 οἱ
766 1885 819 1914 ἀπὸ
836 1888 881 1914 τοῦ

112 1926 208 1964 “Ησαῦ,
223 1927 283 1958 ἔνθα
296 1928 461 1968 ἐὑρίσκεται
471 1929 535 1958 ’1ὼὸ
546 1929 598 1959 ἀπὸ
611 1930 710 1959 τούτων
722 1929 768 1967 ὧν,
783 1931 882 1961 ’1ωὸὰὸ

111 1973 140 2003 δὲ
162 1975 273 2003 ἐνταῦθα
296 1975 425 2004 καλεῖται.
451 1976 657 2015 Διαφθονοῦνται
677 1978 715 2016 τῷ
736 1977 835 2018 Ἰωσὴφ
858 1979 882 2007 οἱ

112 2019 219 2060 ἀδελφοὶ
237 2022 289 2049 τῶν
303 2020 429 2050 ἐνυπνίων
443 2021 519 2050 ἕνεκα
528 2043 538 2057 ,
549 2020 594 2050 καὶ
614 2021 655 2051 ὅτι
667 2023 766 2061 μᾶλλον
781 2023 858 2053 αὐτὸν
869 2026 883 2053 ὃ

112 2065 201 2105 πατὴρ
213 2067 308 2106 ἐφίλει.
324 2067 376 2096 Καὶ
387 2066 514 2100 λαὸόντες
524 2067 602 2106 μόνον
616 2068 754 2098 ἐὸούλοντο
764 2070 863 2099 ἀνελεῖν
875 2082 882 2088 ·

112 2112 354 2151 συμὸουλεύσαντος
374 2113 401 2143 δὲ
419 2116 464 2142 τοῦ
483 2113 598 2153 Ῥουὸὶμ
620 2116 657 2147 εἷς
681 2115 779 2145 λάκκον
795 2116 882 2154 ἐμὸα-

111 2159 180 2187 λεῖν·
199 2158 320 2188 ἓὸούλετο
338 2159 389 2200 γὰρ
411 2160 489 2190 αὐτὸν
508 2160 573 2194 τέως
590 2160 723 2195 ἐξελέσθαι
740 2164 786 2191 τοῦ
806 2162 882 2192 θανά-

111 2215 167 2233 του.
187 2204 265 2234 Ἐπεὶ
282 2204 416 2242 ἐνέὸαλον,
436 2206 563 2236 ἀπέδοντο
582 2206 689 2247 ὕστερον
706 2212 762 2241 τοῖς
775 2209 882 2237 Μαδια-

112 2249 194 2283 ναίοις
210 2272 218 2286 ,
241 2253 287 2280 τοῦ
314 2250 400 2280 Ἰούδα
422 2254 499 2281 τοῦτο
528 2253 747 2292 εἰσηγησαμένου.
772 2254 826 2283 Τὸν
854 2254 881 2283 δὲ

112 2299 214 2336 χιτῶνα
241 2297 319 2325 αὐτοῦ
335 2290 337 2293 V
351 2297 481 2336 βάψαντες
510 2297 603 2336 αἵματι
613 2320 621 2332 ,
651 2298 814 2329 ἐπεδείκνυον
843 2302 881 2340 τῷ

112 2341 202 2381 πατρί.
214 2340 248 2370 Ὁ
266 2340 294 2370 δὲ
305 2340 414 2379 νομίσας
440 2342 601 2381 θηριάλωτον
627 2342 760 2382 γεγονέναι
771 2366 778 2380 ,
802 2344 882 2383 ἐθρή-
899 2363 902 2366 «

113 2399 151 2416 νει
176 2388 309 2427 χαλεπῶς.
327 2388 375 2427 Τῷ
400 2386 427 2416 δὲ
452 2386 539 2416 Ἰούδα
562 2386 706 2428 ἐτέχθησαν
729 2388 802 2429 Ἤρ,
824 2392 881 2420 Αὖ-

113 2438 169 2468 νᾶν,
190 2433 235 2462 καὶ
255 2433 360 2468 Σηλών.
375 2432 558 2466 Ἀποθανόντος
579 2433 606 2462 δὲ
628 2437 673 2463 τοῦ
687 2434 752 2475 Ἤρ,
771 2435 819 2472 τὴν
830 2448 880 2476 γυ·-

113 2482 191 2508 ναῖκα
220 2481 298 2508 αὐτοῦ
321 2478 370 2514 τὴν
395 2479 494 2519 Θάμαρ
517 2478 610 2508 ἔλαθεν
631 2482 645 2509 ὃ
667 2481 775 2521 ἀδελφὸς
803 2483 881 2511 αὐτοῦ

147 2577 157 2587 ··
175 2567 234 2593 Jobi
245 2569 365 2601 originem
377 2567 411 2592 ab
422 2568 488 2593 Esau
501 2567 605 2594 deducit
616 2569 812 2604 chrysostomus
829 2570 870 2597 hic

114 2612 139 2631 et
151 2606 219 2638 alibi,
226 2612 253 2632 ut
264 2608 290 2632 in
299 2606 415 2632 11011111]
435 2606 467 2632 de
476 2608 624 2634 Paenitentia
634 2617 659 2642 p.
667 2609 724 2643 327,
734 2610 763 2635 E.
775 2611 808 2636 Et
819 2610 870 2636 luce

1608 210 1677 249 ‘³79

936 266 1009 296 viam
1017 267 1132 306 quisque
1138 278 1214 297 suam
1221 276 1395 308 recesserunt,
1404 271 1540 300 tumulum
1547 271 1605 302 illic
1612 273 1678 313 lapi-

936 312 1002 341 dum
1013 319 1169 350 statuentes,
1184 325 1264 353 quem
1275 315 1370 345 collem
1379 315 1525 345 testimonii
1536 325 1676 354 vocarunt,

933 359 1011 389 Tunc
1018 370 1157 389 occurrere
1162 361 1179 390 J
1180 361 1262 390 acobo
1269 362 1357 401 angeli
1365 362 1427 392 Dei.
1436 363 1589 393 Mittitvero
1595 365 1678 394 Jacob

934 404 969 433 ad
978 406 1059 442 Esaii,
1068 406 1115 445 qui
1121 408 1312 437 annunciarent
1319 408 1462 438 adventum
1469 420 1547 438 suum
1553 432 1559 438 .
1567 412 1605 440 Ut
1614 421 1677 440 vero

934 451 1101 481 redieruntii
1115 454 1162 492 qui
1171 454 1246 483 missi
1259 455 1374 492 fuerant,
1387 462 1413 484 et
1425 456 1619 486 nunciaverunt
1633 468 1678 486 ve-

935 497 992 526 nire
997 498 1070 527 Esau
1077 509 1138 527 cum
1149 499 1350 539 quadringentis
1356 501 1433 537 viris,
1438 501 1581 531 formidine
1586 510 1679 542 captus

933 551 1010 583 rogat
1023 546 1120 582 Deum,
1138 553 1166 574 ut
1183 556 1211 575 se
1221 546 1255 575 ab
1275 547 1426 577 imminenti
1441 549 1562 589 periculo
1574 549 1680 587 liberet,

934 590 1069 630 mittitque
1091 591 1161 621 dona
1180 593 1254 622 Esaii
1271 594 1358 623 fratri.
1378 596 1417 624 Ut
1432 602 1521 625 autem
1545 596 1680 635 ingressus

933 643 973 666 est
983 638 1067 668 Jacob
1079 638 1105 667 in
1122 645 1275 677 torrentem,
1288 640 1554 681 benedictionemque
1567 643 1679 683 accepit,

900 683 916 706 Β
932 694 964 712 ac
976 690 1110 713 mutatum
1132 685 1184 714 suit
1196 695 1292 714 nomen
1311 688 1380 726 ejus,
1395 686 1469 716 videt
1483 687 1556 717 Esaia
1569 688 1677 718 venien-

932 736 996 765 tem,
1010 741 1040 760 ac
1053 730 1141 760 divisa
1162 737 1252 760 turma
1267 742 1326 769 sua,
1341 733 1453 762 ancillas
1469 744 1531 763 cum
1545 734 1609 763 filiis
1624 735 1680 764 suis

931 775 1032 814 primas
1050 776 1200 813 constituit,
1217 776 1295 806 Liam
1318 778 1463 808 secundam
1487 790 1549 809 cum
1563 780 1640 817 filiis,
1654 787 1680 810 et

932 822 1077 851 Rachelem
1091 833 1153 857 cum
1167 823 1269 863 Joseph
1289 831 1464 863 prostremam
1478 826 1571 855 venire
1581 826 1678 866 jussit:

932 867 980 897 ille
994 879 1057 898 vero
1066 869 1171 909 primus
1184 869 1333 899 incedebat.
1346 871 1384 900 Ut
1395 878 1485 900 autem
1495 872 1602 911 placide
1611 873 1682 902 vidit

933 914 1013 943 illum
1029 915 1114 952 Esaii,
1129 922 1155 945 et
1165 915 1234 945 dona
1251 916 1286 945 ab
1300 916 1348 945 illo
1361 917 1681 957 accepit‚rogabatseviae

933 961 1057 989 comitem
1071 957 1203 1001 acciPeret
1218 973 1225 989 τ
1237 962 1321 992 Jacob
1339 969 1428 991 autem
1439 964 1539 994 renuit.
1555 966 1680 995 Confecto

934 1007 1029 1036 itinere
1040 1014 1160 1037 moratus
1170 1015 1210 1037 est
1224 1008 1252 1036 in
1267 1009 1356 1038 Salem
1369 1009 1532 1040 Sicimorum
1544 1012 1620 1049 urbe,
1633 1012 1681 1041 ubi

932 1052 1048 1091 Sychem
1061 1052 1135 1082 filius
1148 1054 1260 1083 Emmor
1274 1054 1354 1093 regis,
1368 1065 1458 1084 amore
1472 1056 1548 1085 Dinae
1561 1057 1624 1086 filiae
1638 1059 1683 1088 Ja⁴

933 1098 992 1128 cohi
1007 1105 1102 1138 captus
1114 1105 1163 1134 est,
1180 1099 1282 1139 illaque
1297 1101 1403 1138 vitiata,
1416 1102 1527 1141 rogabat
1537 1103 1612 1133 illam
1624 1103 1680 1133 du-

933 1154 992 1174 cere
1006 1155 1119 1173 uxorem
1131 1145 1184 1174 sihi
1196 1145 1299 1175 liceret.
1311 1147 1518 1187 Responderunt
1528 1148 1645 1189 Symeon
1655 1157 1680 1179 et

898 1198 917 1221 G
933 1190 1009 1227 Levi,
1020 1201 1048 1219 se
1061 1190 1176 1220 libenter
1188 1190 1310 1228 daturos,
1321 1193 1343 1221 si
1356 1193 1408 1233 ipsi
1423 1193 1680 1226 circumciderentur

934 1247 996 1266 cum
1009 1237 1112 1276 populo
1130 1247 1190 1266 suo.
1204 1238 1240 1267 Ut
1257 1248 1321 1268 vero
1331 1249 1358 1268 se
1369 1239 1603 1277 circumciderunt,
1618 1252 1680 1271 cum

932 1281 1022 1312 adhuc
1049 1283 1076 1312 in
1104 1283 1199 1312 dolore
1229 1292 1410 1322 versarentur,
1438 1286 1500 1315 illos
1526 1287 1679 1319 interfecere

930 1329 1045 1368 Symeon
1058 1335 1084 1358 et
1096 1329 1174 1359 Levi.
1187 1330 1324 1360 Metuebat
1336 1330 1462 1371 deinceps
1473 1333 1557 1362 Jacob
1570 1343 1604 1363 ne
1614 1334 1642 1363 in
1652 1345 1680 1364 se

930 1374 1063 1404 irruerent
1077 1375 1161 1405 vicini
1172 1376 1315 1406 chananaei
1327 1389 1334 1406 ε
1346 1378 1456 1416 Deoque
1466 1378 1577 1418 jubente
1586 1390 1677 1410 ascen-

931 1420 972 1451 dit
988 1421 1016 1450 in
1028 1421 1141 1451 Baethel.
1154 1423 1314 1462 Mortuaque
1329 1429 1367 1453 est
1378 1424 1471 1454 nutrix
1485 1426 1621 1456 Rebeecae.
1639 1429 1677 1458 Ut

930 1473 1018 1496 autem
1041 1467 1181 1497 benedixit
1198 1469 1300 1498 Jacobo
1313 1471 1396 1506 Deus,
1418 1471 1552 1510 profectus
1571 1483 1605 1502 ex
1620 1474 1677 1503 Bae-

931 1513 987 1542 thel
995 1513 1128 1543 habitavit
1137 1514 1210 1543 ultra
1218 1515 1316 1544 turrim
1328 1515 1429 1546 Gader.
1444 1517 1522 1546 Tunc
1536 1517 1678 1549 infeliciter

931 1559 1036 1598 peperit
1050 1560 1152 1589 Rachel
1166 1567 1192 1590 et
1205 1568 1309 1590 mortua
1317 1568 1366 1599 est,
1377 1563 1534 1602 sepultaque
1547 1571 1586 1593 est
1594 1564 1621 1594 111
1633 1565 1678 1595 via

932 1604 1052 1644 Ephrata
1068 1616 1075 1632 :
1100 1606 1158 1635 haec
1180 1613 1219 1636 est
1229 1607 1396 1637 Bethlehem.
1420 1609 1476 1646 Qui
1490 1617 1567 1639 natus
1588 1618 1677 1640 autem

899 1662 917 1684 ο
934 1657 985 1687 est,
1005 1651 1144 1691 Benjamin
1159 1659 1226 1681 erat.
1243 1653 1322 1682 Tunc
1344 1654 1475 1684 dormivit
1494 1656 1591 1686 Ruben
1614 1668 1676 1686 cum

931 1696 1009 1726 Balla
1022 1697 1171 1726 concubina
1185 1698 1268 1737 patris
1282 1699 1335 1727 sui.
1358 1699 1411 1728 Illo
1422 1706 1542 1740 tempore
1554 1709 1676 1731 mortuus

930 1749 970 1771 est
991 1742 1083 1780 Isaac;
1098 1749 1125 1771 et
1137 1743 1300 1783 sepelierunt
1312 1755 1374 1773 eum
1387 1746 1461 1774 Esa’u
1473 1753 1499 1775 et
1511 1748 1604 1776 Jacob.
1620 1749 1675 1778 Ge-

931 1787 1051 1826 nealogia
1064 1787 1174 1818 ducitur
1187 1789 1322 1829 progeniei
1343 1791 1416 1820 Esaii
1430 1814 1438 1829 ,
1459 1791 1529 1822 inter
1542 1803 1609 1832 quos
1622 1794 1676 1824 Job

931 1834 1074 1874 reperitur,
1088 1835 1136 1873 qui
1158 1836 1244 1865 sobab
1262 1836 1308 1866 hic
1323 1844 1442 1867 vocatur.
1462 1839 1581 1879 Josepho
1604 1840 1675 1871 invi-

931 1879 996 1910 dent
1018 1881 1114 1911 fratres
1134 1881 1300 1911 somniorum
1320 1893 1410 1918 causa,
1430 1891 1456 1913 et
1468 1885 1543 1923 quod
1562 1887 1646 1926 magis
1660 1898 1675 1917 3

932 1933 1007 1966 patre
1019 1926 1188 1967 diligeretur.
1204 1927 1343 1966 Illumque
1354 1929 1443 1959 solum
1464 1931 1533 1960 nacti
1554 1932 1676 1962 occidere

932 1972 1058 2003 volebant
1073 1984 1080 2002 z
1107 1974 1248 2003 consulens
1262 1981 1351 2004 autem
1370 1977 1477 2011 Ruben.
1501 1985 1531 2007 ut
1546 1979 1572 2007 in
1587 1979 1676 2009 lacum

932 2018 1096 2058 injiceretur,
1108 2019 1216 2049 volebat
1230 2020 1311 2050 illum
1328 2021 1422 2052 saltem
1441 2033 1456 2052 3
1468 2030 1552 2053 morte
1561 2025 1674 2065 eripere.

932 2066 1003 2095 Cum
1016 2064 1178 2105 injecissent,
1192 2066 1373 2097 vendiderunt
1385 2067 1493 2098 demum
1507 2070 1675 2109 Madianitis,

932 2111 950 2140 J
952 2110 1004 2140 uda
1031 2111 1197 2141 consulente.
1218 2113 1351 2142 Tunicam
1363 2121 1452 2143 autem
1465 2116 1523 2155 ejus
1547 2117 1676 2156 sanguine

899 2173 917 2195 E
932 2156 1043 2186 tinctam
1065 2157 1237 2188 ostenderunt
1249 2159 1330 2199 patri.
1345 2159 1396 2189 Ille
1410 2171 1476 2190 vero
1487 2168 1583 2202 putans
1597 2163 1677 2192 illum

932 2213 948 2231 a
960 2203 1016 2232 sera
1033 2203 1202 2239 devoratum,
1217 2205 1336 2243 graviter
1356 2206 1474 2245 lugebat.
1495 2209 1574 2238 Judae
1587 2215 1676 2238 autem

932 2248 986 2278 nati
998 2255 1072 2285 sunt,
1086 2250 1137 2284 Er,
1153 2252 1260 2288 Aunan,
1275 2258 1301 2281 et
1313 2252 1403 2282 Selon.
1411 2255 1521 2282 Mortuo
1529 2261 1617 2283 autem
1624 2255 1674 2290 Er,

934 2305 1046 2324 uxorem
1058 2296 1118 2335 ejus
1129 2296 1291 2326 Thamarem
1304 2297 1384 2327 duxit
1396 2299 1476 2327 frater
1491 2300 1548 2338 ejus
1560 2301 1653 2328 Aunan
1666 2311 1672 2326 :

933 2340 980 2379 qui
994 2341 1101 2371 nolebat
1121 2352 1211 2372 semen
1226 2343 1355 2373 suscitare
1369 2345 1444 2373 fratri
1466 2355 1525 2374 suo.
1552 2346 1590 2374 Ut
1612 2356 1676 2374 vero

934 2386 978 2416 hic
989 2398 1097 2427 quoque
1110 2396 1232 2418 mortuus
1243 2396 1297 2418 est:
1314 2400 1366 2419 non
1381 2390 1452 2418 ultra
1470 2390 1578 2420 volebat
1590 2390 1676 2420 Judas

934 2432 1025 2462 Seloni
1047 2434 1126 2462 tertio
1141 2434 1198 2463 filio
1211 2434 1373 2464 Thamarem
1387 2445 1497 2464 uxorem
1507 2434 1583 2472 dare,
1598 2436 1675 2466 Tha—

934 2490 992 2513 mar
1013 2495 1077 2514 vero
1099 2492 1191 2514 ornata
1204 2492 1233 2514 ut
1255 2487 1382 2515 meretrix
1402 2495 1478 2515 secus
1500 2485 1572 2515 viam
1594 2486 1674 2516 sedit.

920 2579 958 2598 est
975 2579 1087 2599 veterum
1108 2574 1323 2605 recentiorumque
1338 2573 1475 2599 multorum
1494 2576 1594 2607 opinio,
1607 2575 1675 2601 illum

919 2612 1002 2638 Jobah
1015 2614 1056 2646 qui
1069 2614 1133 2638 iuter
1145 2614 1210 2638 Esau
1224 2618 1325 2645 nepotes
1336 2612 1414 2639 fertur
1424 2622 1475 2639 esse
1486 2614 1587 2640 Jobnm.
