1890 2826
702 154 746 178 DE
772 154 945 178 SERPENTE
971 155 1112 178 uommA
1118 170 1125 178 .

136 217 159 244 εἶ
170 216 254 252 δοκεῖ,
265 215 309 244 καὶ
321 215 424 254 ἕτερον,
442 214 485 243 ἵνα
496 214 541 243 ἐπὶ
554 215 644 244 πλεῖον
655 217 672 250 ἡ
688 215 828 254 βεὸαίωσις
842 216 902 244 ἐπι-

133 261 226 301 λάμψῃ
246 265 300 294 τοῖς
321 259 478 300 εἰρημένοις.
502 259 645 299 Ἀνοίγεται
670 261 778 300 οὐρανὸς
799 260 899 300 ἁγίοις,

133 306 201 335 ἀλλὰ
215 306 276 336 ἄνευ
295 304 452 344 Πνεύματος
471 307 517 334 τοῦ
539 305 613 345 ἁγίου
638 307 686 335 οὐκ
705 306 854 345 ἀνοίγεται·
870 307 900 335 οὐ

131 351 182 391 γὰρ
202 353 346 392 ὀφθαλμοῖς
358 351 454 391 σαρκὸς
475 354 568 391 ὁρᾶται
589 351 697 391 οὐρανὸς
718 352 899 391 ἀνοιγόμενος,

132 399 191 427 ἀλλ’
204 398 256 427 ὑπὸ
274 399 322 433 τῆς
343 399 389 427 τοῦ
412 397 487 437 ἁγίου
507 397 662 436 Πνεύματος
684 397 823 437 ἐνεργείας.
838 392 900 427 ET&

95 476 99 479 Δ
131 443 263 484 Στέφανος
285 443 345 477 τοὺς
369 443 492 483 οὐρανοὺς
515 444 711 484 ἀνεῳγμένους,
735 445 810 480 ἀλλ’,
824 447 861 478 ὡς
882 447 898 480 ἡ

131 490 226 529 Γραφῆ
239 502 333 530 φησιν,
350 489 476 530 ὑπάρχων
500 489 605 529 πλήρης
629 489 783 528 Πνεύματος
805 490 898 529 ἁγίου,

132 532 207 565 εἶδεν.
226 537 353 574 Οὐδαμοῦ
371 535 473 572 τοίνυν,
488 535 610 575 ἀδελφοὶ,
623 534 732 575 οὐρανὸν
745 535 816 565 ἔστιν
836 536 899 565 ἰδεῖν

130 582 192 611 ἄνευ
201 581 356 620 Πνεῦματος
368 582 543 621 ἀνοιγόμενον,
554 581 613 610 οὔτε
625 581 760 611 αὐθεντίαν
772 582 898 611 διδασκα·

129 629 188 661 λίας
209 628 379 663 ἐνδύσασθαι,
398 629 428 657 οὐ
450 627 560 666 δύναμιν
573 627 715 666 θαυμάτων
736 626 898 662 ἐνδείξασθαι

131 674 192 702 ἄνευ
206 676 252 702 τοῦ
266 674 341 713 ἁγίου
362 673 407 703 καὶ
427 676 609 713 προσκυνητοῧ
623 672 784 712 Πνεύματος.
803 673 897 703 Πάντα

130 719 183 758 γὰρ
196 721 295 759 ἐνεργεῖ
317 720 345 748 ἓν
367 719 412 751 καὶ
433 719 464 749 τὸ
478 719 543 748 αὐτὸ
563 720 690 758 Πνεῦμα,
711 719 826 758 διαιροῦν
843 720 897 760 ἰδίᾳ

131 765 248 805 ἑκάστῳ,
268 766 354 798 καθὼς
375 765 511 804 βούλεται·
527 761 549 805 ᾧ
562 767 579 800 ἡ
594 764 656 799 δόξα
676 766 712 798 εἰς
728 764 788 798 τοὺς
801 767 897 800 αἰῶνας

1626 141 1695 191 617

955 215 1114 254 piscatorem
1126 215 1279 254 respiciens,
1294 216 1407 245 orationi
1422 217 1463 245 ini
1482 223 1576 246 sanctae
1590 227 1651 245 cum
1666 217 1698 245 li-

953 260 1056 290 bertate
1076 261 1171 290 habita:
1186 261 1267 290 fidem
1284 272 1336 291 non
1355 261 1475 299 haberet,
1491 262 1620 302 praemisit
1633 262 1696 302 Spi—

953 306 1021 335 ritus
1035 307 1117 336 sancti
1132 307 1297 347 sapientiam,
1313 318 1345 336 ne
1364 307 1471 336 mireris
1493 307 1695 336 abundantiam.

951 352 1033 389 Quod
1041 353 1064 382 si
1076 352 1195 390 videtur,
1210 353 1294 382 alium
1302 353 1512 390 consideremus,
1527 360 1556 383 ut
1570 354 1654 392 magis
1668 365 1698 383 ac

951 398 1037 438 magis
1050 398 1122 428 dieta
1129 399 1330 429 confirmentur.
1340 400 1444 430 Sanctis
1457 400 1552 430 caelum
1566 400 1696 439 aperitur,

952 444 997 474 sed
1009 444 1066 474 sine
1085 445 1187 484 Spiritu
1209 452 1298 475 sancto
1313 454 1364 475 non
1379 446 1498 485 aperitur
1504 457 1513 483 ;
1527 446 1695 484 neque-enim

952 490 1038 520 oeulis
1057 490 1176 530 corporis
1190 491 1285 520 caelum
1299 498 1420 531 apertum
1435 491 1553 528 videtur,
1569 490 1616 520 sed
1631 492 1694 531 Spi-

952 536 1021 566 ritus
1044 537 1127 566 sancti
1150 536 1312 576 operatione.
1339 536 1418 567 Vidit
1442 537 1594 577 Stephanus
1617 537 1695 566 caelos

951 589 1069 622 apertos;
1084 593 1179 612 verum
1191 588 1221 611 ut
1233 581 1271 611 ait
1283 582 1433 622 Scriptura,
1447 593 1508 612 cum
1518 590 1584 612 esset
1600 583 1695 623 plenus

916 629 934 653 Ε
949 628 1054 667 Spiritu
1077 635 1178 664 saneto,
1199 627 1280 658 vidit.
1303 628 1443 666 Nusquam
1471 629 1564 667 igitur,
1586 631 1692 666 fratres,

948 674 1044 703 eaelum
1065 675 1127 704 licet
1139 681 1261 714 apertum
1279 674 1382 711 videre,
1397 676 1454 704 sine
1476 676 1592 716 Spiritu,
1609 686 1693 715 neque

948 719 1062 750 docendi
1083 720 1266 750 anctoritatem
1291 730 1407 757 sumere,
1426 732 1473 750 nec
1498 722 1692 751 miraculorum

948 765 1076 795 virtutem
1097 765 1225 795 exhibere
1246 766 1304 795 sine
1323 773 1413 795 saneto
1426 774 1452 796 et
1466 767 1604 797 adorando
1626 768 1692 806 Spi-

1707 541 1758 562 ,lth
1772 551 1792 572 7.
1822 542 1845 564 5.

129 813 182 840 τῶν
194 811 304 841 αἰώνων.
318 811 411 850 Ἀμήν.
949 811 1014 841 ritu.
1033 813 1140 841 Omnia
1160 814 1235 841 enim
1252 819 1388 851 operatur
1401 824 1475 842 unus
1490 820 1517 843 cc
1530 815 1605 843 idem
1624 815 1691 853 Spi-
1707 829 1725 842 1.
1742 822 1794 844 Cur.
1807 830 1840 844 ιι.

947 859 1032 894 ritus,
1044 859 1178 888 dividens
1194 859 1328 899 singulis,
1340 867 1427 898 prout
1441 861 1507 890 vult
1521 873 1530 889 .·
1546 860 1589 890 cui
1605 861 1690 900 gloria
1706 859 1711 873 ¹
1723 860 1739 874 ¹‘

947 905 976 933 in
989 905 1084 934 saecula
1096 905 1264 934 saeculorum.
1280 906 1374 934 Amen.

690 1126 873 1187 MON
883 1127 1101 1188 ITUM

612 1270 654 1298 IN
676 1269 923 1298 EPISTOLAM
944 1269 1212 1306 SEQUENTEM

436 1377 504 1413 Al)
546 1376 689 1411 Tulit)
699 1376 833 1412 DORU
843 1377 879 1411 M
922 1377 1378 1423 MOPSUESTENUM,

481 1489 583 1515 CUJUS
600 1490 749 1520 ANTIQUA
766 1489 888 1514 VERSIO
905 1490 1027 1515 LATtM
1046 1490 1104 1514 HIC
1122 1490 1330 1516 PROFERTUR.

165 1610 255 1649 nujus
265 1605 395 1647 epistolae,
409 1614 490 1643 quam
501 1605 594 1634 Graeee
607 1610 633 1632 ct
647 1603 739 1632 Latine
753 1602 877 1632 dedimus
892 1603 978 1632 Tomo
992 1603 1081 1640 tertio,
1098 1614 1123 1642 p.
1141 1603 1212 1641 655,
1228 1604 1411 1644 interpretatio
1434 1615 1510 1637 vetus
1531 1611 1624 1639 Latina
1639 1612 1686 1641 ha-

126 1657 204 1686 betur
215 1657 243 1685 in
256 1653 440 1692 Manuscripto
453 1651 570 1691 quodam
582 1650 755 1682 Bibliothecae
764 1657 859 1679 nostrae
872 1650 1121 1689 sangennanensis:
1139 1658 1164 1680 ct
1174 1651 1201 1680 in
1216 1652 1336 1692 catalogo
1347 1655 1594 1696 Manuscriptorum
1605 1669 1688 1689 enun-

127 1703 262 1740 tiabatur-5
277 1700 324 1731 sed
344 1698 524 1738 Manuscripti
540 1707 667 1727 numerus
689 1707 829 1737 perperam
851 1697 953 1736 positus
975 1707 1026 1726 non
1049 1707 1145 1737 parum
1166 1698 1265 1737 negotii
1286 1699 1438 1740 laborisque
1459 1703 1565 1742 attulit;
1582 1712 1687 1736 notatur

128 1749 200 1778 enim
212 1747 306 1779 Codex
319 1747 389 1782 727,
411 1745 438 1774 in
453 1754 507 1783 quo
521 1742 604 1783 hujus
616 1742 736 1783 epistolae
747 1753 780 1772 ne
791 1742 934 1782 vestigium
947 1742 1057 1782 quidem
1070 1743 1186 1774 occurrit
1197 1755 1207 1783 ;
1221 1744 1331 1775 demum
1342 1754 1431 1776 autem
1445 1747 1491 1777 illa
1504 1756 1563 1789 post
1575 1751 1686 1781 multam

129 1794 347 1834 perquisitionem
360 1792 387 1821 in
397 1790 497 1821 Codice
509 1791 568 1819 526
581 1796 685 1829 reperta
696 1789 757 1819 fuit.

168 1841 248 1870 Illam
259 1847 347 1870 autem
358 1839 402 1868 hic
411 1837 489 1867 edere
501 1836 590 1866 visum
600 1843 649 1873 est,
661 1836 724 1875 quia
737 1837 807 1867 circa
826 1837 902 1866 illam
912 1836 1054 1876 epistolam
1077 1836 1138 1866 duae
1150 1837 1322 1868 difficultates
1341 1847 1439 1869 exortae
1458 1842 1574 1880 fuerant,
1589 1851 1617 1873 ut
1630 1856 1686 1874 nio-

127 1887 236 1916 nuimus
247 1887 274 1915 in
288 1885 358 1915 notis
370 1883 405 1913 ad
418 1882 550 1920 eamdem,
562 1882 662 1921 quibus
675 1882 810 1913 solvendis
824 1882 1030 1912 difficultatibus
1041 1893 1167 1923 magnum
1181 1884 1257 1913 affert
1282 1893 1445 1916 momentum
1471 1888 1527 1919 haec
1543 1897 1619 1920 vetus
1642 1892 1686 1920 in-

127 1933 280 1972 terpretatio
295 1931 396 1961 Latina.
409 1928 486 1959 Prior
500 1934 589 1957 autem
608 1927 754 1958 difficultas
764 1928 828 1957 hInc
839 1928 925 1957 oritur
933 1928 1009 1967 quod
1022 1929 1104 1969 hujus
1116 1928 1244 1969 epistol-n,
1263 1941 1323 1969 quae
1347 1933 1423 1962 CXII
1435 1943 1601 1972 numeratur,
1620 1937 1684 1967 titu-

130 1978 171 2007 lus
182 1977 208 2007 in
221 1976 348 2007 omnibus
361 1977 428 2004 Mss.
448 1981 527 2012 atque
543 1972 632 2003 E'litis
643 1973 681 2003 sic
697 1973 792 2003 babeat
808 1987 813 2002 :
828 1973 960 2014 Θεοδώρῳ
983 1974 1130 2015 ἐπισκόπῳ,
1151 1976 1300 2006 Theodoro
1320 1979 1452 2018 episcopo
1459 1994 1469 2015 ;
1492 1983 1570 2021 eujus
1597 1990 1685 2013 autem

127 2023 243 2055 civitatis
256 2024 397 2063 episcopus
412 2026 478 2051 esset
492 2029 544 2049 non
558 2020 721 2049 enuntiatur.
736 2021 805 2050 Pene
825 2027 910 2049 tamen
926 2030 1035 2050 concors
1053 2021 1220 2051 eruditorum
1236 2023 1327 2062 opinio
1340 2032 1407 2062 erat,
1427 2026 1499 2057 hunc
1510 2029 1683 2060 Theodorum

127 2080 183 2099 esse
189 2072 417 2109 Mopsuestenum.
428 2068 462 2095 At
471 2066 498 2095 in
507 2065 632 2095 Concilio
644 2067 681 2102 V,
690 2066 776 2095 Tomo
788 2068 812 2096 V
822 2066 941 2103 Labbaei,
954 2077 982 2106 p.
992 2068 1060 2102 490,
1070 2074 1190 2107 negatur,
1198 2078 1259 2097 eum
1268 2070 1312 2098 cui
1322 2070 1379 2099 haec
1386 2071 1500 2102 mittitur
1508 2075 1619 2114 epistola
1630 2087 1685 2106 esse

128 2115 300 2146 Theodorum
324 2116 551 2153 Mopsuestenum.
566 2111 599 2140 In
612 2112 795 2152 Manuscripto
815 2119 902 2141 autem
921 2119 1012 2142 nostro
1032 2113 1127 2142 titulus
1141 2120 1181 2143 est
1195 2126 1201 2142 :
1215 2115 1343 2145 ,loannis
1366 2117 1687 2159 constantinopolitani

129 2162 169 2190 ad
187 2160 366 2190 Theodorum
379 2159 611 2197 Mopsuestenum
625 2159 800 2197 episcopum.
817 2157 886 2187 Hinc
899 2157 989 2188 videas
1000 2158 1056 2197 jam
1068 2159 1162 2199 priscis
1176 2160 1232 2189 illis
1244 2162 1409 2202 temporibus
1421 2164 1594 2195 Theodorum
1608 2167 1685 2196 iilum

128 2207 282 2248 episcopum
296 2215 346 2245 pro
356 2204 549 2243 Mopsuesteno
561 2203 683 2233 habitum
696 2203 791 2240 fuisse,
807 2204 835 2232 id
848 2203 921 2242 quod
935 2204 1014 2233 ctiam
1026 2205 1200 2235 confirmatur
1214 2217 1248 2236 ex
1259 2209 1428 2239 annotatione
1441 2219 1577 2249 sequente.

168 2252 291 2285 Secunda
305 2250 450 2281 difficultas
464 2260 499 2279 ex
515 2250 634 2289 epistolae
657 2250 710 2279 fine
723 2251 855 2289 exsurgit,
871 2250 918 2279 uhi
937 2250 976 2280 sic
990 2251 1087 2291 legitur
1098 2251 1125 2280 in
1138 2252 1218 2282 Edito
1232 2261 1322 2284 nostro
1336 2267 1342 2283 :
1357 2257 1386 2284 οὔ
1409 2256 1459 2296 γὰρ
1475 2257 1522 2293 τὴν
1539 2262 1668 2297 τυχοῦσαν
1679 2281 1686 2292 ,

129 2300 173 2330 καὶ
194 2299 221 2328 ἕν
246 2297 344 2338 ἐρημίᾳ
368 2295 527 2334 καθήμενοι,
549 2295 722 2334 καρπούμεθα
736 2295 783 2331 τὴν
796 2296 973 2335 παράκλησιν,
987 2296 1048 2326 ὅταν
1061 2301 1183 2328 τοσοῦτον
1198 2300 1226 2328 ἐν
1241 2300 1335 2340 καρδίᾳ
1349 2303 1478 2342 οησαυρὸν
1503 2304 1547 2332 καὶ
1572 2305 1684 2333 πλοῦτον

129 2347 299 2385 ἀποκείμενον
313 2344 417 2383 ἔχωμεν
429 2343 477 2376 τῆς
490 2340 659 2380 ἐγρηγορυίας
672 2341 716 2370 καὶ
730 2341 849 2380 γενναίας
861 2354 907 2372 σου
921 2344 1007 2382 ψυχῆς
1020 2343 1069 2379 τὴν
1083 2344 1188 2383 ἀγάπην
1200 2357 1207 2373 ι
1224 2346 1244 2374 i.
1257 2356 1282 2374 e.
1296 2347 1398 2386 Neque
1412 2351 1537 2386 enirn,in
1550 2351 1604 2377 Ιιαε
1619 2351 1685 2380 licet

129 2393 284 2422 solitudine
293 2391 389 2430 positi,
402 2388 556 2427 vulgarem
579 2387 805 2417 consolationem
829 2391 967 2428 capimus,
985 2399 1051 2419 cum
1074 2397 1189 2420 tantum
1203 2393 1234 2420 in
1248 2393 1334 2420 corde
1351 2394 1515 2423 thesaurum
1529 2402 1685 2436 cautasque

130 2449 194 2477 apes
207 2438 370 2467 reconditas
386 2436 535 2469 habemus,
548 2434 603 2462 hoc
615 2439 668 2468 est,
679 2434 832 2474 vigilantis
844 2445 880 2464 ac
892 2438 1021 2475 generosi
1033 2438 1126 2466 animi
1138 2439 1178 2466 Ιιιί
1192 2440 1352 2468 caritatem.

170 2484 248 2513 nnnc
259 2492 338 2522 porro
353 2482 443 2511 locum
456 2479 491 2509 ad
506 2479 647 2509 Frontonis
659 2479 749 2508 Ducaei
762 2487 787 2509 et
798 2481 895 2511 Savilii
909 2481 1067 2511 Editionum
1082 2482 1161 2511 [idem
1178 2483 1323 2511 edidimus.
1342 2483 1383 2512 Ex
1397 2492 1511 2522 quatuor
1524 2493 1611 2516 autem
1626 2490 1685 2518 Ma·

130 2529 286 2569 nnscriptis,
299 2527 373 2567 queis
384 2528 424 2556 usi
435 2536 537 2561 sumus,
548 2524 654 2555 duobus
661 2535 754 2566 nempe
766 2527 916 2566 Vaticanis,
929 2538 985 2558 uno
999 2529 1084 2568 Regio
1099 2535 1123 2558 et
1140 2540 1190 2557 uno
1205 2529 1379 2566 (faustiniano,
1390 2531 1487 2569 Regius
1500 2539 1523 2561 ct
1539 2533 1683 2564 Vaticanus
