1904 2840
18 1857 42 1887 7,·

11 1909 64 1926 ,Ιλ

643 170 676 193 IN

703 168 913 193 MATTHAEUM.
942 170 1057 193 nomn„
1086 171 1156 194 xm.

1580 159 1652 207 915

107 237 196 262 nostra
207 229 376 266 authentica,
389 240 472 270 opera
484 228 670 298 suntjustitiae
684 241 691 258 ε
705 240 787 270 opera
800 241 849 260 au·
864 233 885 256 Α
901 230 975 260 misit
985 231 1110 261 Christus
1122 231 1270 271 discipulos
1284 241 1357 262 suos.
1368 232 1438 262 Puto
1445 242 1508 272 ergo
1521 233 1650 272 quoniam

105 270 282 301 temcarnalia
298 270 545 310 superoperationes
574 269 748 305 icuntur‚non
759 280 849 309 opera,

106 310 170 349 quia
178 310 283 350 justitia
296 309 332 339 ad
348 310 432 339 vitam
457 316 583 338 aeternam
604 309 719 348 pertinet
743 320 847 347 veram,

106 359 176 390 opus
183 356 272 379 autem
284 357 422 379 terrenum
432 359 485 378 non
493 349 529 378 ad
543 348 637 384 vitam,
648 348 694 377 sed
703 348 738 378 ad
744 356 849 378 susten-

105 390 232 419 tationem
245 390 307 419 vitae
327 389 411 430 hujus
432 388 600 429 temporalis.
615 387 680 417 Ideo
701 399 766 428 ergo
781 399 850 429 opus

102 429 215 469 justitiae
224 435 321 459 attente
334 430 420 458 facere
431 429 571 464 debemus,
585 438 655 467 opus
663 435 752 457 autem
760 435 850 458 terre-

105 479 172 499 num
184 469 348 498 transitorie.
361 469 391 499 Si
404 479 467 508 ergo
481 468 624 498 honestum
637 477 705 507 opus
715 467 850 506 sequendo

105 508 229 538 homines
240 508 363 538 debitum
376 508 507 538 honorem
518 509 576 537 Deo
587 517 639 536 non
653 506 830 536 reddiderunt
840 529 848 544 ‚

105 549 188 578 talem
198 548 266 578 iram
278 555 425 578 merentur.
440 549 532 585 Putas,
544 547 618 586 quali
633 546 672 576 ira
685 554 748 576 sunt
760 546 848 586 digni,

107 588 156 628 qni
164 598 219 617 non
227 588 338 618 honesta
346 598 438 629 opera,
449 587 494 618 sed
505 587 694 627 negotiationes
703 586 848 626 sequendo,

107 638 162 657 non
176 628 301 658 ·veniunt
324 627 360 657 ad
384 628 494 657 Deum?
507 629 563 656 Aut
584 627 632 656 ita.
647 625 725 658 Villa
739 633 779 656 est
802 625 852 656 iste

107 667 236 705 mundus,
249 668 321 698 circa
332 678 413 707 quem
423 667 545 697 homines
558 672 688 696 amatores
701 665 796 695 mundi
810 676 852 695 oc-

108 717 142 736 cu
198 714 243 737 tur
263 708 411 746 quaestibus
423 708 494 747 ejus,
509 706 587 745 quasi
609 705 683 735 villae
709 705 851 745 cujusdam

109 718 241 777 retl‘iiibus
263 747 401 783 delectati3
417 746 561 786 negotiatio
586 752 675 775 autem
697 746 850 785 praedicatio

109 786 188 832 legis,
199 794 227 816 et
239 787 392 827 procuratio
401 786 506 826 templi,
519 796 601 825 quam
613 784 688 814 avari
702 785 851 815 sacerdotes

900 270 971 299 sicut
990 271 1120 309 generalis
1141 277 1166 299 et
1187 271 1297 310 publica
1314 271 1360 302 via
1380 278 1420 301 est
1433 272 1570 309 Christus,
1588 284 1648 312 quae

901 309 977 339 ducit
991 310 1025 339 ad
1039 311 1135 346 vitam,
1151 317 1178 339 et
1191 311 1241 340 viae
1255 310 1383 340 dicuntur
1394 322 1485 341 omnes
1499 323 1533 352 pr
1638 336 1648 350 ,

901 356 928 378 et
947 359 1038 379 omnes
1056 350 1170 390 apostoli
1187 351 1247 379 :11ae
1267 351 1337 379 enim
1356 361 1448 380 omnes
1470 352 1522 382 viae
1533 322 1649 382 opacum

900 388 935 418 ad
947 389 1227 425 Christum,Christus
1240 397 1327 419 autem
1339 390 1374 420 ad
1384 392 1507 420 Patrem:
1519 391 1557 421 sic
1570 402 1649 431 gene-

900 429 965 457 ralis
979 435 1004 458 et
1023 430 1133 469 publica
1153 430 1197 459 via
1217 437 1257 459 est
1277 429 1413 466 diabolus,
1433 441 1492 469 quae
1513 431 1590 460 ducit
1613 432 1648 462 ad

900 475 1023 504 mortem,
1041 475 1068 497 et
1088 469 1138 499 viae
1161 475 1222 498 sunt
1244 479 1335 498 omnes
1356 470 1535 509 professiones
1556 472 1649 501 saeculi

899 508 986 537 istius.
995 508 1245 548 Utputa,pr0fessio
1258 509 1446 548 philosophiae,
1460 521 1512 539 una
1526 517 1565 539 est
1578 511 1623 541 via
1639 524 1646 540 :

899 547 1028 587 professio
1043 547 1156 583 militiae,
1175 548 1258 577 altera
1280 555 1320 577 est
1338 549 1383 578 via
1400 561 1407 577 ε
1432 550 1579 580 mundialis
1600 551 1648 580 di-

900 587 996 626 gnitas,
1012 587 1095 616 altera
1109 594 1149 617 est
1169 587 1215 617 via
1232 600 1238 616 ε
1258 588 1386 627 professio
1407 589 1547 625 ludorum,
1565 591 1648 621 altera

899 626 945 656 via
955 633 995 655 est
1011 626 1118 656 mundi.
1130 627 1164 656 Et
1176 626 1244 665 quid
1257 627 1334 667 plura
1343 627 1451 657 dicam?
1462 629 1575 665 Quantae
1586 637 1649 659 sunt

899 665 1067 696 diversitates
1076 673 1185 696 actuum
1196 667 1224 695 in
1234 666 1286 695 hoc
1295 668 1409 703 mundo,
1421 674 1500 697 tantae
1510 676 1572 698 sunt
1582 670 1647 707 viae,

899 716 960 744 quas
976 716 1067 735 omnes
1086 706 1139 736 viae
1158 706 1263 735 ducunt
1275 706 1310 735 ad
1327 706 1478 743 diabolum,
1499 709 1649 746 generalem

899 745 973 775 viam
988 745 1157 786 perditionis.
1173 745 1238 775 Ideo
1252 756 1316 784 ergo
1329 746 1397 775 dicit
1412 758 1420 775 t
1441 749 1487 775 Ite
1497 748 1540 776 ad
1553 750 1649 779 exitus

900 787 1031 822 viarum,
1046 792 1072 815 et
1086 786 1230 826 cujuslibet
1243 785 1404 815 conditionis
1421 786 1542 816 homines
1557 795 1651 818 vocate

109 836 186 865 quasi
199 827 406 866 negotiationem
418 826 560 862 amimam,
575 824 684 864 quando
703 826 848 862 lucrosam,
865 830 884 853 B
900 825 934 854 ad
953 825 1046 854 fidem.
1065 825 1161 854 Adhuc
1175 825 1244 855 sicut
1257 826 1362 855 castitas
1378 826 1423 855 via
1436 833 1486 862 est,
1503 837 1563 865 quas
1574 827 1651 858 ducit

108 872 135 895 et
147 876 199 896 nou
211 866 436 907 dispensationem
445 865 533 895 divini
544 865 633 905 operis
644 871 750 903 putant,
762 872 789 894 et
798 875 851 894 non

108 915 256 935 onerosam.
272 906 346 945 Ergo
358 916 407 945 per
420 905 601 945 operationem
618 904 692 934 villae
706 905 851 944 populares

108 945 293 985 significantur
305 946 437 982 homines,
453 955 521 984 quos
541 943 638 974 mundi
652 943 794 974 delectatio
807 955 852 974 se-

108 985 214 1024 paravit
226 996 243 1015 a
255 985 363 1015 Christo
375 997 382 1014 ε
402 996 451 1025 per
464 985 644 1025 operationem
659 990 748 1013 autem
768 994 853 1023 nego-

108 1024 227 1054 tiationis
247 1024 397 1054 sacerdotes
415 1024 557 1063 caeterique
569 1023 684 1053 ministri
702 1024 797 1063 templi
810 1024 852 1053 si-

107 1064 280 1103 gnificantur,
295 1075 362 1103 quos
375 1064 444 1094 lucri
458 1064 569 1093 obtentu
579 1064 714 1093 venientes
722 1063 758 1092 ad
771 1063 850 1092 mini-

107 1104 220 1133 sterium
234 1104 301 1144 legis
320 1111 346 1134 et
360 1104 465 1144 templi,
476 1103 588 1133 avaritia
606 1103 741 1143 separavit
754 1114 770 1132 a
785 1103 849 1133 fide.

107 1144 169 1173 Non
189 1143 273 1178 dixit,
294 1144 436 1184 Malignati
456 1150 529 1179 sunt,
553 1142 611 1180 sed,
628 1142 850 1182 Neglexerunt:

108 1183 172 1221 quia
191 1193 245 1212 non
256 1193 347 1214 omnes
369 1183 459 1214 Judaei
481 1183 676 1213 crucifixerunt
699 1182 849 1220 Christum,

108 1232 158 1251 nec
168 1222 312 1253 audierunt
323 1223 475 1254 doctrinam
488 1223 584 1263 ipsius,
599 1229 646 1252 aut
662 1229 851 1252 consenserunt

109 1261 138 1291 in
149 1269 263 1292 mortem
276 1263 467 1304 ejus-Quidam
476 1263 547 1293 enim
557 1262 730 1292 saecularibus
737 1263 851 1301 negotiis

107 1302 243 1342 occupati,
259 1313 312 1332 non
331 1310 462 1333 venerunt
480 1302 516 1332 ad
529 1302 680 1336 Christum,
693 1312 742 1331 nec
756 1302 848 1332 audie-

108 1347 171 1370 runt
180 1341 346 1372 doctrinami
368 1343 491 1379 sius,nec
501 1341 627 1372 viderunt
635 1341 770 1371 mirabilia
776 1343 800 1382 ej
805 1353 847 1378 us,

107 1379 222 1420 ideoque
235 1392 287 1411 non
301 1393 316 1412 c
622 1381 677 1419 Qui
696 1392 760 1421 ergo
785 1382 849 1411 odio

367 1382 473 1412 iderunt
487 1382 515 1411 in
534 1392 607 1410 eum.

900 864 935 894 ad
953 865 1104 900 Christum,
1123 872 1148 894 et
1168 864 1363 902 misericordia,
1386 874 1538 904 caeteraeque
1557 867 1650 897 virtu—

900 910 938 933 tes
956 916 962 932 =
978 905 1016 934 sic
1027 911 1053 934 et
1064 905 1205 934 fornicatio
1219 904 1262 934 via
1277 912 1327 942 est,
1342 916 1401 944 quae
1416 905 1491 934 ducit
1502 905 1538 935 ad
1552 906 1648 936 diabo-

899 943 969 981 lum,
983 951 1010 973 et
1026 944 1149 981 avaritia,
1174 951 1326 984 caeteraeque
1346 945 1447 985 species
1461 946 1550 974 malae.
1566 947 1649 976 Jubet

899 994 963 1023 ergo
984 991 1015 1014 ut
1027 985 1220 1024 cujuscumque
1239 985 1448 1014 conversationis
1466 984 1589 1015 homines
1602 986 1648 1015 in-

899 1023 985 1053 vitent
1009 1023 1043 1052 ad
1062 1023 1155 1060 fidem,
1177 1033 1372 1062 quoscumque,
1397 1024 1454 1055 sive
1475 1035 1578 1062 servos,
1599 1034 1647 1056 seu

899 1062 1011 1093 liberos.
1032 1065 1106 1093 Deus
1130 1064 1202 1092 enim
1223 1064 1390 1103 corporalem
1413 1064 1577 1096 servitutem
1593 1075 1647 1095 non

900 1103 1056 1139 contemnit,
1066 1113 1114 1132 nec
1122 1103 1286 1143 corporalem
1296 1103 1539 1143 eligitlibertatem.
1553 1105 1649 1135 Omnis

901 1142 1066 1187 qui-diaboli
1079 1143 1201 1181 sequitur
1213 1142 1388 1179 voluntatem,
1402 1154 1496 1174 servus
1507 1151 1546 1173 est
1555 1143 1650 1174 diabo-

899 1182 930 1218 li,
940 1183 990 1211 etsi
1004 1183 1040 1212 sit
1053 1182 1126 1212 liber
1139 1182 1204 1221 :qui
1215 1189 1304 1211 autem
1320 1183 1434 1212 obaudit
1448 1185 1515 1219 Deo,
1530 1183 1577 1212 ille
1586 1195 1649 1214 vere

899 1221 1032 1262 ingenuus
1045 1228 1095 1259 est,
1103 1222 1152 1251 etsi
1164 1222 1244 1251 fuerit
1254 1233 1358 1252 servus.
1372 1222 1566 1262 Ingenuitatem
1575 1224 1649 1254 enim

901 1262 1069 1302 spiritualem
1090 1272 1142 1291 non
1155 1261 1276 1291 sordidat
1290 1262 1407 1292 servitus
1421 1263 1582 1302 corporalis,
1600 1274 1649 1293 nec

898 1301 1096 1341 turpitudinem
1114 1301 1282 1341 spiritualem
1298 1301 1419 1331 honestat
1439 1303 1587 1342 corporalis
1611 1303 1648 1332 li-

898 1340 997 1370 bertas.
1011 1341 1174 1371 Servitutem
1195 1341 1267 1371 enim
1288 1351 1341 1370 non
1356 1341 1413 1371 Dei-
1426 1341 1580 1386 dispositio,
1600 1342 1648 1372 sed

899 1380 1016 1409 humana
1025 1381 1152 1411 violentia
1162 1380 1320 1410 introducit.
1330 1381 1427 1410 Omnis
1437 1391 1509 1410 enim
1523 1382 1603 1412 homo
1616 1382 1648 1411 li-

107 1427 155 1449 aut
168 1421 270 1451 invidia
283 1422 476 1452 crucifixerunt
487 1421 637 1458 Christum,
652 1421 695 1450 illi
710 1421 848 1461 malignati
864 1429 883 1452 c
899 1420 948 1449 ber
958 1427 1062 1450 creatus
1077 1427 1127 1456 est,
1142 1431 1221 1459 quem
1236 1422 1310 1450 Deus
1322 1421 1350 1449 in
1369 1421 1455 1450 libero
1473 1421 1584 1451 arbitrio
1599 1433 1649 1462 po-

107 1466 171 1489 sunt
183 1473 190 1489 x
204 1461 252 1499 qui
265 1468 355 1493 autem
367 1462 480 1501 negotiis
494 1460 618 1500 impediti
637 1468 710 1498 sunt,
725 1471 778 1490 non
791 1472 848 1491 cre-

106 1498 236 1529 diderunt
250 1513 257 1529 t
271 1500 314 1530 illi
323 1502 473 1540 neglexisse
485 1500 624 1538 dicuntur,
637 1510 691 1529 non
699 1500 848 1540 malignati.

107 1539 177 1568 Nam
190 1547 253 1569 sunt
262 1540 374 1579 quidam
385 1540 517 1577 homines,
529 1539 578 1578 qui
591 1546 705 1580 possunt
714 1546 741 1569 et
754 1539 850 1569 audire

107 1584 134 1607 et
154 1578 273 1614 credere,
285 1579 333 1609 sed
344 1579 499 1609 sollicitudo
513 1589 603 1608 rerum
627 1579 846 1617 necessariarum,

106 1623 134 1646 et
140 1617 280 1648 delectatio
293 1618 392 1648 mundi·
399 1625 503 1659 separat
514 1629 560 1647 eos
573 1629 588 1647 a
599 1618 743 1657 Deo‚quos
754 1619 849 1648 Domi—

107 1666 159 1687 nus
172 1664 270 1687 terram
290 1658 427 1698 spinosam
440 1658 567 1699 appellat.
585 1659 615 1688 6.
634 1659 754 1698 Reliqui
777 1669 848 1688 vero

107 1702 262 1727 tenuerunt
283 1708 381 1728 servos
395 1700 468 1738 ejus,
484 1704 512 1727 et
531 1698 709 1727 contumelia
722 1698 849 1744 affectos

107 1738 286 1767 occider-une.
308 1739 349 1767 De
372 1749 420 1767 sua
448 1745 532 1767 morte
554 1744 633 1774 tacet,
657 1737 721 1776 quia
742 1748 799 1777 Jam
821 1739 848 1768 in

106 1775 191 1844 griori
215 1777 344 1845 parabola
369 1777 475 1807 dixerat
501 1790 507 1806 :
532 1776 580 1806 sed
599 1777 715 1806 ostendit
735 1785 849 1807 mortem

129 1816 212 1857 iscipu
225 1827 304 1846 orum
317 1828 439 1854 suorum,
454 1827 522 1856 quos
536 1823 595 1856 post
610 1827 748 1846 ascensum
763 1816 848 1856 ipsius

106 1855 262 1886 occiderunt
275 1857 292 1886 J
295 1857 363 1886 udaei
372 1879 379 1893 ‚
402 1859 518 1886 maxime
543 1856 692 1886 sacerdotes
701 1879 708 1892 ,
731 1857 847 1896 Stepha-

105 1904 171 1924 num
185 1895 343 1935 lapidantes‚
358 1897 385 1926 in
398 1897 492 1927 Jacobi
510 1902 596 1926 morte
607 1896 751 1936 gaudentes
763 1908 771 1925 ε
785 1897 847 1926 item

104 1934 236 1964 Jaoobum
251 1936 283 1965 Al
305 1936 356 1965 haei
371 1936 520 1976 lapidantes
535 1948 542 1964 :
555 1943 665 1975 propter
678 1946 737 1973 quae
757 1937 846 1965 omnia

103 1973 252 2004 Jerusalem
312 1983 412 2006 structa
439 1983 478 2006 est
505 1986 521 2005 a
545 1975 684 2005 Romanis.
711 1975 775 2005 Ideo
800 1975 844 2005 di-

899 1460 965 1494 suit,
978 1460 1030 1488 nisi
1050 1460 1108 1499 ipse
1120 1460 1213 1488 fecerit
1229 1470 1257 1489 se
1271 1470 1392 1489 servum.
1408 1461 1444 1490 Et
1456 1460 1526 1490 sicut
1542 1471 1596 1490 non
1609 1469 1650 1491 est

897 1498 1026 1528 distantia
1045 1499 1072 1527 in
1089 1506 1184 1527 natura
1204 1499 1346 1528 creationis
1364 1499 1516 1536 hominum,
1534 1501 1574 1530 sic
1594 1511 1648 1531 non

900 1538 930 1567 fit
942 1537 1092 1567 differentia
1100 1538 1127 1566 in
1136 1538 1275 1568 vocatione
1289 1538 1383 1567 salutis
1402 1549 1495 1568 eorum
1513 1541 1646 1578 omnium,

900 1577 957 1607 sive
974 1578 1149 1607 barbarorum
1161 1600 1168 1612 ,
1189 1578 1246 1606 sive
1263 1577 1414 1617 sapientum
1430 1591 1437 1607 ι
1454 1579 1580 1617 quoniam
1597 1590 1646 1620 po-

900 1623 958 1646 tens
978 1623 1018 1646 est
1035 1618 1086 1647 Dei
1101 1617 1187 1656 gratia
1204 1617 1332 1646 barbaras
1349 1624 1450 1648 mentes
1462 1618 1595 1658 corrigere
1612 1619 1648 1649 ad

900 1657 1086 1686 rationabilem
1106 1656 1283 1686 intellectum.
1303 1657 1359 1694 Qui
1385 1667 1431 1686 cor
1461 1658 1646 1689 Nabuchodo—
1657 1661 1754 1694 Dan-4·

900 1706 981 1725 nosor
997 1696 1032 1726 ad
1050 1696 1158 1726 feralem
1178 1707 1285 1726 sensum
1303 1697 1435 1733 mutavit,
1452 1704 1477 1727 et
1494 1698 1591 1728 iterum
1608 1700 1648 1729 fe-

900 1736 983 1765 ralem
1000 1747 1108 1766 sensum
1127 1735 1162 1765 ad
1175 1736 1324 1765 humanum
1343 1737 1509 1766 intellectum
1527 1738 1647 1776 reduxit,

900 1783 993 1815 potens
1010 1783 1061 1813 est,
1078 1776 1189 1815 inquam
1200 1799 1207 1813 ‚
1228 1783 1331 1805 mutare
1350 1787 1457 1813 omnes,
1473 1777 1531 1807 sive
1544 1778 1645 1816 bonos,

899 1815 957 1845 sive
984 1816 1069 1846 malos
1088 1827 1095 1845 z
1112 1816 1176 1845 boni
1204 1826 1237 1845 ne
1257 1823 1378 1856 pereant,
1391 1817 1455 1845 mali
1482 1823 1512 1845 ut
1532 1817 1646 1848 inexcu-

898 1855 995 1884 sabiles
1011 1855 1085 1884 fiant.
1103 1857 1188 1885 Nemo
1202 1863 1311 1895 propter
1338 1855 1516 1895 ignorantiam
1544 1865 1644 1896 pereat,

898 1905 976 1924 nemo
991 1902 1099 1935 propter
1121 1895 1297 1934 ignorantiam
1318 1902 1469 1925 excusetur.
1480 1897 1582 1926 Omnes
1602 1898 1646 1927 vi·

897 1934 979 1964 deant
998 1935 1099 1971 lumen,
1121 1942 1151 1964 ut
1173 1942 1328 1974 appareant,
1343 1935 1391 1974 qui
1405 1937 1643 1975 amant‘tenebras,

897 1981 923 2004 et
944 1974 991 2013 qui
1011 1974 1113 2003 lumen.
1133 1974 1189 2011 Qui
1207 1975 1279 2004 enim
1299 1975 1372 2004 filius
1393 1982 1432 2004 est
1449 1976 1618 2006 tenebrarum
1632 1999 1642 2014 ,

15 2013 142 2043 “¹⁶¹¹ch
165 2026 172 2043 :
195 2015 226 2044 7.
241 2015 378 2045 Audiens
407 2022 505 2045 autem
528 2026 579 2045 rex
591 2038 600 2049 ,
620 2016 713 2044 iratus
733 2022 775 2044 est
790 2028 798 2044 :
817 2023 846 2045 et
861 2027 881 2051 Ι)
895 2014 946 2043 etsi
956 2014 1101 2054 compellas
1112 2024 1185 2050 eum,
1196 2024 1249 2044 non
1256 2014 1357 2044 accedit
1367 2014 1401 2043 ad
1411 2015 1500 2044 lumen
1516 2027 1523 2044 ε
1537 2015 1642 2054 quiau-

27 2129 92 2152 23.1.

102 2054 180 2084 misit
193 2056 351 2084 exercitum
373 2065 468 2092 suum,
489 2061 517 2085 et
538 2055 666 2095 perdidit
686 2056 845 2085 homicidas

102 2092 170 2122 illos
194 2100 224 2123 et
244 2096 378 2125 civitates
402 2105 501 2125 eorum
524 2095 683 2124 succendit,
705 2096 844 2124 Romanus

102 2133 247 2170 exercitus,
269 2134 370 2164 dicitur
388 2136 521 2165 exercitus
542 2135 591 2164 Dei
606 2146 613 2164 ε
631 2134 695 2174 quia
720 2135 845 2163 Domini

102 2178 147 2201 est
161 2179 250 2209 terra,
263 2180 292 2203 et
302 2174 455 2213 plenitudo
471 2177 542 2214 ejus.
554 2175 609 2204 Nec
626 2175 698 2203 enim
710 2175 844 2204 venissent

101 2211 218 2241 Romani
228 2213 256 2242 in
266 2213 426 2250 Jerusalem,
436 2214 487 2244 nisi
498 2214 631 2244 Dominus
639 2224 684 2243 eos
694 2213 843 2243 excitasset.

101 2251 222 2288 Quidam
234 2259 323 2282 autem
336 2253 482 2283 exercitum
495 2253 603 2293 angelos
616 2253 693 2288 dicit,
707 2260 733 2283 et
746 2253 843 2283 civita-

100 2296 154 2320 tem
167 2302 218 2331 pro
229 2292 335 2322 civibus
349 2292 425 2333 ponit
440 2305 447 2321 ι
463 2303 494 2323 ac
506 2292 611 2322 sidicat
624 2305 630 2322 :
647 2293 724 2322 Misit
734 2292 842 2332 angelos

99 2339 173 2368 suos,
183 2338 210 2361 et
218 2332 292 2362 cives
304 2332 367 2362 illos
378 2332 451 2363 misit
463 2332 491 2362 in
504 2333 593 2372 ignem
610 2339 747 2362 aeternum.
760 2333 789 2362 8.
801 2333 843 2361 Et

98 2365 176 2400 dizit
195 2373 284 2402 servis
296 2374 356 2402 suis
371 2384 380 2401 τ
410 2379 426 2402 ’.
441 2374 485 2401 Ite
498 2373 539 2401 ad
554 2374 648 2400 exitus
666 2374 796 2407 viarum,
814 2377 843 2400 et

120 2419 295 2451 uoscumque
315 2414 503 2449 inveneritis,
526 2417 631 2441 vocate
650 2412 692 2440 ad
713 2413 838 2450 nuptias.

98 2480 102 2485 ,
131 2449 271 2480 anifestum
281 2459 321 2481 est
333 2451 454 2491 quidem,
465 2451 528 2490 quia
540 2458 599 2491 post
612 2457 770 2480 contemtam
780 2461 842 2480 con-

99 2489 244 2519 tumaciam
254 2491 271 2520 J
274 2491 422 2528 udaeorum,
433 2491 467 2521 de
476 2491 614 2520 vocatione
629 2491 748 2529 gentium
761 2489 839 2528 dicit,

99 2527 172 2565 quod
185 2528 261 2565 dicit,
274 2531 320 2559 Ite
336 2531 377 2559 ad
389 2531 482 2560 exitus
496 2532 626 2559 viarum.
640 2531 780 2569 Propterea
795 2540 840 2559 re-

99 2566 237 2604 quiramus
251 2579 309 2608 quae
323 2576 386 2600 sunt
398 2569 449 2601 viae
463 2570 530 2608 istae,
543 2576 569 2600 et
579 2569 614 2598 ad
623 2580 738 2608 quarum
751 2570 839 2599 exitus

897 2061 950 2083 tem
958 2054 1032 2082 filius
1043 2060 1082 2083 est
1091 2053 1210 2090 luminis,
1223 2064 1271 2084 nec
1277 2054 1300 2083 si
1313 2054 1428 2094 repellas
1435 2065 1508 2089 eum,
1521 2055 1619 2085 recedit
1627 2066 1643 2085 a

896 2093 1009 2123 lumine.
1027 2095 1058 2122 11
1069 2115 1075 2123 .
1086 2095 1215 2123 Intravit
1226 2101 1324 2123 autem
1337 2104 1399 2130 rex,
1413 2095 1566 2124 utvideret
1580 2096 1640 2124 dis-

896 2135 1073 2163 cumbentes.
1095 2133 1208 2163 Intravit
1227 2141 1317 2163 autem
1335 2135 1426 2170 Deus,
1442 2144 1495 2162 non
1518 2135 1582 2172 quia
1602 2141 1642 2163 est

895 2172 994 2212 aliquis
1008 2173 1083 2202 locus
1103 2172 1150 2202 uhi
1171 2183 1224 2202 non
1241 2173 1286 2210 sit,
1302 2173 1349 2203 sed
1371 2173 1418 2202 ubi
1440 2173 1500 2203 vult
1514 2174 1640 2213 aspicere,

895 2212 936 2242 ihi
950 2213 984 2241 sit
995 2223 1110 2252 praesens
1126 2224 1134 2242 ε
1149 2212 1195 2242 ubi
1208 2220 1297 2242 autem
1308 2223 1361 2242 non
1372 2212 1443 2249 vult,
1459 2213 1551 2242 absens
1565 2212 1642 2241 vide-

895 2258 948 2281 tur.
966 2253 1031 2281 Dies
1042 2252 1112 2282 enim
1124 2253 1283 2292 aspectionis
1294 2259 1333 2282 est
1344 2252 1402 2281 dies
1410 2251 1518 2291 judicii,
1530 2251 1639 2290 quaudo

898 2292 1052 2322 visitaturus
1062 2299 1100 2322 est
1109 2292 1284 2328 Christianos,
1296 2292 1343 2330 qui
1350 2301 1431 2330 super
1440 2301 1556 2319 mensam
1565 2290 1639 2319 Scri-

894 2339 1036 2372 pturarum
1055 2339 1208 2361 sanctarum
1222 2331 1380 2360 recumbunt
1396 2341 1403 2357 2
1419 2329 1448 2358 id
1466 2336 1514 2364 est,
1530 2330 1641 2367 requic—

893 2377 971 2401 scunt
991 2371 1019 2400 in
1037 2370 1091 2401 fide
1110 2382 1213 2408 earum,
1228 2378 1254 2400 et
1268 2369 1415 2399 caelestibus
1429 2368 1573 2407 epulantur
1586 2368 1638 2397 do-

893 2411 996 2441 ctrinis.
1012 2413 1067 2440 Aut
1083 2411 1141 2440 dies
1154 2409 1312 2449 aspectionis
1331 2415 1370 2437 est
1383 2407 1440 2436 dies
1461 2407 1610 2437 tentationis
1626 2420 1637 2437 a

893 2451 1000 2490 quando
1007 2450 1134 2490 dignatur
1140 2456 1240 2478 tentare
1252 2447 1398 2477 Ecclesiam
1408 2456 1495 2482 suam,
1508 2453 1537 2475 ut
1547 2447 1637 2477 videat

892 2491 940 2529 qui
948 2491 1047 2520 habent
1055 2490 1147 2523 fidem,
1159 2495 1185 2517 et
1194 2498 1273 2527 opera
1284 2486 1365 2515 diana
1374 2485 1474 2515 Christi
1484 2487 1635 2516 vocatione.

892 2530 1021 2570 Nuptiale
1036 2529 1223 2558 vestimentum
1237 2533 1275 2555 est
1290 2509 1356 2554 sides
1375 2535 1447 2560 vera,
1462 2535 1521 2563 quae
1533 2532 1572 2555 est
1587 2536 1637 2565 per

893 2570 985 2600 Jesum
994 2569 1132 2599 Christum
1145 2573 1171 2596 ct
1181 2565 1312 2604 justitiam
1324 2564 1382 2602 ejus
1398 2576 1404 2593 :
1420 2564 1454 2593 de
1461 2575 1515 2603 qua
1530 2565 1567 2597 ait
1577 2575 1637 2605 apo-
