<?xml version="1.0" encoding="UTF-8"?>
<!DOCTYPE html PUBLIC "-//W3C//DTD XHTML 1.0 Transitional//EN"
    "http://www.w3.org/TR/xhtml1/DTD/xhtml1-transitional.dtd">
<html xmlns="http://www.w3.org/1999/xhtml" xml:lang="en" lang="en">
 <head>
  <title>
</title>
<meta http-equiv="Content-Type" content="text/html;charset=utf-8" />
  <meta name='ocr-system' content='tesseract 3.04.00' />
  <meta name='ocr-capabilities' content='ocr_page ocr_carea ocr_par ocr_line ocrx_word'/>
</head>
<body>
  <div class='ocr_page' id='page_1' title='image "./operaomniaquaeex06johnuoft_0756.png"; bbox 0 0 1904 2840; ppageno 0'>
   <div class='ocr_carea' id='block_1_1' title="bbox 253 181 1336 230">
    <p class='ocr_par' dir='ltr' id='par_1_1' title="bbox 253 181 1336 230">
     <span class='ocr_line' id='line_1_1' title="bbox 253 181 1336 230; baseline -0.005 -13"><span class='ocrx_word' id='word_1_1' title='bbox 253 181 322 230; x_wconf 81' lang='lat'><strong>736</strong></span> <span class='ocrx_word' id='word_1_2' title='bbox 564 183 566 185; x_wconf 69' lang='lat'>‚</span> <span class='ocrx_word' id='word_1_3' title='bbox 733 190 890 230; x_wconf 43' lang='lat' dir='ltr'><strong>Dlit&#39;rnltsa</strong></span> <span class='ocrx_word' id='word_1_4' title='bbox 917 189 963 213; x_wconf 76' lang='lat' dir='ltr'><strong>An</strong></span> <span class='ocrx_word' id='word_1_5' title='bbox 989 189 1073 213; x_wconf 80' lang='lat' dir='ltr'>OPUS</span> <span class='ocrx_word' id='word_1_6' title='bbox 1101 188 1336 212; x_wconf 76' lang='lat' dir='ltr'><strong>{MPERFECTUM</strong></span> 
     </span>
    </p>
   </div>
   <div class='ocr_carea' id='block_1_2' title="bbox 212 250 1823 2488">
    <p class='ocr_par' dir='ltr' id='par_1_2' title="bbox 246 250 1813 474">
     <span class='ocr_line' id='line_1_2' title="bbox 248 250 1813 291; baseline -0.003 -5"><span class='ocrx_word' id='word_1_7' title='bbox 248 267 326 286; x_wconf 89' lang='lat' dir='ltr'><strong>num.</strong></span> <span class='ocrx_word' id='word_1_8' title='bbox 341 256 392 291; x_wconf 72' lang='lat'><strong>51,</strong></span> <span class='ocrx_word' id='word_1_9' title='bbox 405 252 454 283; x_wconf 86' lang='lat' dir='ltr'><strong>ubi</strong></span> <span class='ocrx_word' id='word_1_10' title='bbox 475 251 577 282; x_wconf 85' lang='lat' dir='ltr'><strong>dicitur</strong></span> <span class='ocrx_word' id='word_1_11' title='bbox 593 262 600 281; x_wconf 68' lang='grc' dir='ltr'><strong><em>ε</em></strong></span> <span class='ocrx_word' id='word_1_12' title='bbox 617 251 676 291; x_wconf 85' lang='lat' dir='ltr'><strong>Qui</strong></span> <span class='ocrx_word' id='word_1_13' title='bbox 693 260 848 281; x_wconf 75' lang='lat' dir='ltr'><em>consensus</em></span> <span class='ocrx_word' id='word_1_14' title='bbox 861 253 887 281; x_wconf 88' lang='lat' dir='ltr'><strong>si</strong></span> <span class='ocrx_word' id='word_1_15' title='bbox 903 251 983 281; x_wconf 87' lang='lat' dir='ltr'><strong>solus</strong></span> <span class='ocrx_word' id='word_1_16' title='bbox 996 252 1029 280; x_wconf 89' lang='lat' dir='ltr'><strong>in</strong></span> <span class='ocrx_word' id='word_1_17' title='bbox 1044 252 1151 291; x_wconf 86' lang='lat' dir='ltr'><strong>nuptiis</strong></span> <span class='ocrx_word' id='word_1_18' title='bbox 1154 251 1241 291; x_wconf 83' lang='lat' dir='ltr'><strong>forte</strong></span> <span class='ocrx_word' id='word_1_19' title='bbox 1255 250 1392 291; x_wconf 82' lang='lat' dir='ltr'><strong>defuerit,</strong></span> <span class='ocrx_word' id='word_1_20' title='bbox 1405 256 1511 281; x_wconf 81' lang='lat' dir='ltr'><strong>eaetera</strong></span> <span class='ocrx_word' id='word_1_21' title='bbox 1526 254 1626 282; x_wconf 84' lang='lat' dir='ltr'><strong>omnia</strong></span> <span class='ocrx_word' id='word_1_22' title='bbox 1639 252 1727 282; x_wconf 82' lang='lat' dir='ltr'><strong>etiam</strong></span> <span class='ocrx_word' id='word_1_23' title='bbox 1747 262 1813 282; x_wconf 83' lang='lat' dir='ltr'><strong>oum</strong></span> 
     </span>
     <span class='ocr_line' id='line_1_3' title="bbox 247 297 1813 342; baseline -0.004 -9"><span class='ocrx_word' id='word_1_24' title='bbox 247 306 310 342; x_wconf 88' lang='lat' dir='ltr'><strong>ipso</strong></span> <span class='ocrx_word' id='word_1_25' title='bbox 323 305 400 332; x_wconf 86' lang='lat' dir='ltr'><strong>coitu</strong></span> <span class='ocrx_word' id='word_1_26' title='bbox 418 299 566 330; x_wconf 86' lang='lat' dir='ltr'><strong>celebrata</strong></span> <span class='ocrx_word' id='word_1_27' title='bbox 575 298 774 338; x_wconf 67' lang='lat' dir='ltr'><strong>fnestrantur5</strong></span> <span class='ocrx_word' id='word_1_28' title='bbox 788 299 907 328; x_wconf 86' lang='lat' dir='ltr'><strong>Joanne</strong></span> <span class='ocrx_word' id='word_1_29' title='bbox 927 298 1134 335; x_wconf 75' lang='lat' dir='ltr'><strong>Cbrysostomo</strong></span> <span class='ocrx_word' id='word_1_30' title='bbox 1150 307 1258 337; x_wconf 83' lang='lat' dir='ltr'><strong>magno</strong></span> <span class='ocrx_word' id='word_1_31' title='bbox 1278 297 1396 327; x_wconf 78' lang='lat' dir='ltr'><strong>doctore</strong></span> <span class='ocrx_word' id='word_1_32' title='bbox 1410 304 1546 334; x_wconf 83' lang='lat' dir='ltr'><strong>testante,</strong></span> <span class='ocrx_word' id='word_1_33' title='bbox 1559 299 1611 338; x_wconf 81' lang='lat' dir='ltr'><strong>qui</strong></span> <span class='ocrx_word' id='word_1_34' title='bbox 1623 301 1666 338; x_wconf 86' lang='lat' dir='ltr'><strong>ait</strong></span> <span class='ocrx_word' id='word_1_35' title='bbox 1680 309 1688 326; x_wconf 90' lang='lat'><strong>:</strong></span> <span class='ocrx_word' id='word_1_36' title='bbox 1706 298 1813 327; x_wconf 83' lang='lat' dir='ltr'><strong>Matri-</strong></span> 
     </span>
     <span class='ocr_line' id='line_1_4' title="bbox 248 343 1813 387; baseline -0.004 -8"><span class='ocrx_word' id='word_1_37' title='bbox 248 351 378 379; x_wconf 81' lang='lat' dir='ltr'><em>monium</em></span> <span class='ocrx_word' id='word_1_38' title='bbox 398 357 459 377; x_wconf 88' lang='lat' dir='ltr'><strong>non</strong></span> <span class='ocrx_word' id='word_1_39' title='bbox 462 347 547 387; x_wconf 87' lang='lat' dir='ltr'><strong>facit</strong></span> <span class='ocrx_word' id='word_1_40' title='bbox 571 347 675 382; x_wconf 86' lang='lat' dir='ltr'><strong>coitus,</strong></span> <span class='ocrx_word' id='word_1_41' title='bbox 689 345 742 374; x_wconf 86' lang='lat' dir='ltr'><strong>sed</strong></span> <span class='ocrx_word' id='word_1_42' title='bbox 755 345 906 375; x_wconf 79' lang='lat' dir='ltr'><strong>voluntas.</strong></span> <span class='ocrx_word' id='word_1_43' title='bbox 922 346 1010 382; x_wconf 88' lang='lat' dir='ltr'><strong>Quem</strong></span> <span class='ocrx_word' id='word_1_44' title='bbox 1030 344 1119 374; x_wconf 85' lang='lat' dir='ltr'><strong>locum</strong></span> <span class='ocrx_word' id='word_1_45' title='bbox 1134 343 1216 373; x_wconf 88' lang='lat' dir='ltr'><strong>habes</strong></span> <span class='ocrx_word' id='word_1_46' title='bbox 1231 343 1258 372; x_wconf 93' lang='lat' dir='ltr'><strong>in</strong></span> <span class='ocrx_word' id='word_1_47' title='bbox 1280 343 1392 374; x_wconf 84' lang='lat' dir='ltr'><strong>homilia</strong></span> <span class='ocrx_word' id='word_1_48' title='bbox 1415 345 1454 374; x_wconf 70' lang='lat'><strong>52</strong></span> <span class='ocrx_word' id='word_1_49' title='bbox 1473 344 1544 374; x_wconf 84' lang='lat' dir='ltr'><strong>circa</strong></span> <span class='ocrx_word' id='word_1_50' title='bbox 1558 343 1688 374; x_wconf 88' lang='lat' dir='ltr'><strong>medium.</strong></span> <span class='ocrx_word' id='word_1_51' title='bbox 1706 345 1813 382; x_wconf 86' lang='lat' dir='ltr'><strong>Quam-</strong></span> 
     </span>
     <span class='ocr_line' id='line_1_5' title="bbox 246 389 1812 431; baseline -0.003 -6"><span class='ocrx_word' id='word_1_52' title='bbox 246 396 339 425; x_wconf 88' lang='lat' dir='ltr'><strong>obrem</strong></span> <span class='ocrx_word' id='word_1_53' title='bbox 350 395 417 424; x_wconf 86' lang='lat' dir='ltr'><strong>sorte</strong></span> <span class='ocrx_word' id='word_1_54' title='bbox 429 391 553 422; x_wconf 86' lang='lat' dir='ltr'><strong>credatur</strong></span> <span class='ocrx_word' id='word_1_55' title='bbox 566 391 656 431; x_wconf 89' lang='lat' dir='ltr'><strong>ipsum</strong></span> <span class='ocrx_word' id='word_1_56' title='bbox 668 397 804 421; x_wconf 80' lang='lat' dir='ltr'>auctorem</span> <span class='ocrx_word' id='word_1_57' title='bbox 814 390 891 431; x_wconf 84' lang='lat' dir='ltr'><strong>operi</strong></span> <span class='ocrx_word' id='word_1_58' title='bbox 901 400 951 420; x_wconf 89' lang='lat' dir='ltr'><strong>suo</strong></span> <span class='ocrx_word' id='word_1_59' title='bbox 963 399 1059 419; x_wconf 89' lang='lat' dir='ltr'><strong>nomen</strong></span> <span class='ocrx_word' id='word_1_60' title='bbox 1073 389 1184 421; x_wconf 85' lang='lat' dir='ltr'><strong>Joannis</strong></span> <span class='ocrx_word' id='word_1_61' title='bbox 1202 389 1491 430; x_wconf 81' lang='lat' dir='ltr'><strong>Constantinopolitani</strong></span> <span class='ocrx_word' id='word_1_62' title='bbox 1505 390 1675 431; x_wconf 62' lang='lat' dir='ltr'><strong>praemisisse,</strong></span> <span class='ocrx_word' id='word_1_63' title='bbox 1693 398 1722 420; x_wconf 90' lang='lat' dir='ltr'><strong>ut</strong></span> <span class='ocrx_word' id='word_1_64' title='bbox 1733 401 1812 420; x_wconf 89' lang='lat' dir='ltr'><strong>erro—</strong></span> 
     </span>
     <span class='ocr_line' id='line_1_6' title="bbox 246 435 1653 474; baseline -0.005 -2"><span class='ocrx_word' id='word_1_65' title='bbox 246 452 290 472; x_wconf 86' lang='lat' dir='ltr'><strong>res</strong></span> <span class='ocrx_word' id='word_1_66' title='bbox 302 451 365 471; x_wconf 87' lang='lat' dir='ltr'><strong>suos</strong></span> <span class='ocrx_word' id='word_1_67' title='bbox 377 438 444 469; x_wconf 83' lang='lat' dir='ltr'><strong>tanti</strong></span> <span class='ocrx_word' id='word_1_68' title='bbox 457 437 574 467; x_wconf 70' lang='lat' dir='ltr'><strong>doctoris</strong></span> <span class='ocrx_word' id='word_1_69' title='bbox 587 436 743 474; x_wconf 73' lang='lat' dir='ltr'><strong>auctoritate</strong></span> <span class='ocrx_word' id='word_1_70' title='bbox 755 436 885 466; x_wconf 84' lang='lat' dir='ltr'><strong>firmaret.</strong></span> <span class='ocrx_word' id='word_1_71' title='bbox 898 437 1004 467; x_wconf 89' lang='lat' dir='ltr'><strong>Verum</strong></span> <span class='ocrx_word' id='word_1_72' title='bbox 1015 435 1085 465; x_wconf 88' lang='lat' dir='ltr'><strong>illud</strong></span> <span class='ocrx_word' id='word_1_73' title='bbox 1097 445 1150 465; x_wconf 88' lang='lat' dir='ltr'><strong>non</strong></span> <span class='ocrx_word' id='word_1_74' title='bbox 1163 446 1212 465; x_wconf 83' lang='lat' dir='ltr'><strong>sua</strong></span> <span class='ocrx_word' id='word_1_75' title='bbox 1222 443 1300 465; x_wconf 82' lang='lat' dir='ltr'><strong>vacat</strong></span> <span class='ocrx_word' id='word_1_76' title='bbox 1313 435 1483 466; x_wconf 77' lang='lat' dir='ltr'><strong>difficultate.</strong></span> <span class='ocrx_word' id='word_1_77' title='bbox 1650 449 1653 451; x_wconf 94' lang='lat'>·</span> 
     </span>
    </p>

    <p class='ocr_par' dir='ltr' id='par_1_3' title="bbox 243 482 1814 800">
     <span class='ocr_line' id='line_1_7' title="bbox 286 482 1812 528; baseline -0.004 -10"><span class='ocrx_word' id='word_1_78' title='bbox 286 489 316 519; x_wconf 86' lang='lat' dir='ltr'><strong>si</strong></span> <span class='ocrx_word' id='word_1_79' title='bbox 330 497 410 528; x_wconf 90' lang='lat' dir='ltr'><strong>porro</strong></span> <span class='ocrx_word' id='word_1_80' title='bbox 426 483 611 525; x_wconf 85' lang='lat' dir='ltr'><strong>Chrysostomi</strong></span> <span class='ocrx_word' id='word_1_81' title='bbox 622 493 718 513; x_wconf 89' lang='lat' dir='ltr'><strong>nomen</strong></span> <span class='ocrx_word' id='word_1_82' title='bbox 739 483 882 513; x_wconf 86' lang='lat' dir='ltr'><strong>ementitus</strong></span> <span class='ocrx_word' id='word_1_83' title='bbox 894 483 930 512; x_wconf 90' lang='lat' dir='ltr'><strong>sit</strong></span> <span class='ocrx_word' id='word_1_84' title='bbox 948 482 992 512; x_wconf 90' lang='lat' dir='ltr'><strong>hie</strong></span> <span class='ocrx_word' id='word_1_85' title='bbox 1010 483 1136 523; x_wconf 82' lang='lat' dir='ltr'>scriptor,</span> <span class='ocrx_word' id='word_1_86' title='bbox 1149 493 1202 512; x_wconf 91' lang='lat' dir='ltr'><strong>non</strong></span> <span class='ocrx_word' id='word_1_87' title='bbox 1222 482 1284 512; x_wconf 90' lang='lat' dir='ltr'><strong>ideo</strong></span> <span class='ocrx_word' id='word_1_88' title='bbox 1296 482 1467 513; x_wconf 87' lang='lat' dir='ltr'><strong>inferendum</strong></span> <span class='ocrx_word' id='word_1_89' title='bbox 1479 483 1531 513; x_wconf 84' lang='lat' dir='ltr'><strong>erit</strong></span> <span class='ocrx_word' id='word_1_90' title='bbox 1548 483 1638 524; x_wconf 86' lang='lat' dir='ltr'><strong>ipsum</strong></span> <span class='ocrx_word' id='word_1_91' title='bbox 1655 483 1812 524; x_wconf 85' lang='lat' dir='ltr'><strong>episcopum</strong></span> 
     </span>
     <span class='ocr_line' id='line_1_8' title="bbox 245 528 1814 572; baseline -0.004 -8"><span class='ocrx_word' id='word_1_92' title='bbox 245 535 339 571; x_wconf 77' lang='lat' dir='ltr'><strong>fuisse,</strong></span> <span class='ocrx_word' id='word_1_93' title='bbox 350 532 424 572; x_wconf 79' lang='lat' dir='ltr'><strong>quod</strong></span> <span class='ocrx_word' id='word_1_94' title='bbox 436 532 509 561; x_wconf 87' lang='lat' dir='ltr'><strong>dicat</strong></span> <span class='ocrx_word' id='word_1_95' title='bbox 519 530 620 561; x_wconf 90' lang='lat' dir='ltr'><strong>Homil.</strong></span> <span class='ocrx_word' id='word_1_96' title='bbox 637 529 657 559; x_wconf 92' lang='lat'>8</span> <span class='ocrx_word' id='word_1_97' title='bbox 669 529 752 570; x_wconf 84' lang='lat' dir='ltr'><strong>paulo</strong></span> <span class='ocrx_word' id='word_1_98' title='bbox 765 536 826 569; x_wconf 88' lang='lat' dir='ltr'><strong>post</strong></span> <span class='ocrx_word' id='word_1_99' title='bbox 836 528 944 559; x_wconf 83' lang='lat' dir='ltr'><strong>initium</strong></span> <span class='ocrx_word' id='word_1_100' title='bbox 960 541 966 558; x_wconf 88' lang='lat'>=</span> <span class='ocrx_word' id='word_1_101' title='bbox 983 529 1045 559; x_wconf 76' lang='lat' dir='ltr'><strong>Nos</strong></span> <span class='ocrx_word' id='word_1_102' title='bbox 1059 536 1156 558; x_wconf 83' lang='lat' dir='ltr'><strong>autem</strong></span> <span class='ocrx_word' id='word_1_103' title='bbox 1165 531 1216 570; x_wconf 85' lang='lat' dir='ltr'><strong>qui</strong></span> <span class='ocrx_word' id='word_1_104' title='bbox 1224 539 1322 559; x_wconf 87' lang='lat' dir='ltr'><strong>sumus</strong></span> <span class='ocrx_word' id='word_1_105' title='bbox 1334 531 1562 569; x_wconf 81' lang='lat' dir='ltr'><strong>uniuscujusque</strong></span> <span class='ocrx_word' id='word_1_106' title='bbox 1575 529 1701 571; x_wconf 74' lang='lat' dir='ltr'><strong>regionis</strong></span> <span class='ocrx_word' id='word_1_107' title='bbox 1713 535 1814 568; x_wconf 84' lang='lat' dir='ltr'><strong>pasto-</strong></span> 
     </span>
     <span class='ocr_line' id='line_1_9' title="bbox 245 575 1812 618; baseline -0.003 -8"><span class='ocrx_word' id='word_1_108' title='bbox 245 590 290 610; x_wconf 84' lang='lat' dir='ltr'><strong>res</strong></span> <span class='ocrx_word' id='word_1_109' title='bbox 296 592 305 618; x_wconf 82' lang='lat'><em>3</em></span> <span class='ocrx_word' id='word_1_110' title='bbox 322 578 370 609; x_wconf 85' lang='lat' dir='ltr'><strong>sed</strong></span> <span class='ocrx_word' id='word_1_111' title='bbox 391 578 416 608; x_wconf 88' lang='lat' dir='ltr'><strong>si</strong></span> <span class='ocrx_word' id='word_1_112' title='bbox 433 576 575 607; x_wconf 84' lang='lat' dir='ltr'><strong>ementitus</strong></span> <span class='ocrx_word' id='word_1_113' title='bbox 591 575 626 605; x_wconf 85' lang='lat' dir='ltr'><strong>sit</strong></span> <span class='ocrx_word' id='word_1_114' title='bbox 643 575 879 615; x_wconf 80' lang='lat' dir='ltr'><strong>Chrysostomum,</strong></span> <span class='ocrx_word' id='word_1_115' title='bbox 893 575 1036 605; x_wconf 87' lang='lat' dir='ltr'><strong>ementitus</strong></span> <span class='ocrx_word' id='word_1_116' title='bbox 1054 575 1134 605; x_wconf 83' lang='lat' dir='ltr'><strong>etiam</strong></span> <span class='ocrx_word' id='word_1_117' title='bbox 1156 575 1237 605; x_wconf 83' lang='lat' dir='ltr'><strong>fuerit</strong></span> <span class='ocrx_word' id='word_1_118' title='bbox 1257 575 1425 615; x_wconf 89' lang='lat' dir='ltr'><strong>episcopum.</strong></span> <span class='ocrx_word' id='word_1_119' title='bbox 1442 577 1512 606; x_wconf 87' lang='lat' dir='ltr'><strong>Cum</strong></span> <span class='ocrx_word' id='word_1_120' title='bbox 1533 583 1623 607; x_wconf 83' lang='lat' dir='ltr'><strong>autem</strong></span> <span class='ocrx_word' id='word_1_121' title='bbox 1642 576 1714 606; x_wconf 81' lang='lat' dir='ltr'>dixit</span> <span class='ocrx_word' id='word_1_122' title='bbox 1734 577 1812 606; x_wconf 92' lang='lat' dir='ltr'><strong>initio</strong></span> 
     </span>
     <span class='ocr_line' id='line_1_10' title="bbox 244 621 1814 662; baseline -0.003 -6"><span class='ocrx_word' id='word_1_123' title='bbox 244 626 370 656; x_wconf 86' lang='lat' dir='ltr'><strong>Homiliae</strong></span> <span class='ocrx_word' id='word_1_124' title='bbox 383 625 423 654; x_wconf 61' lang='lat'><strong>52</strong></span> <span class='ocrx_word' id='word_1_125' title='bbox 434 634 462 654; x_wconf 85' lang='lat' dir='ltr'><strong>se</strong></span> <span class='ocrx_word' id='word_1_126' title='bbox 475 633 586 662; x_wconf 83' lang='lat' dir='ltr'><strong>corpore</strong></span> <span class='ocrx_word' id='word_1_127' title='bbox 597 622 731 652; x_wconf 77' lang='lat' dir='ltr'>absentem</span> <span class='ocrx_word' id='word_1_128' title='bbox 742 631 809 656; x_wconf 69' lang='lat' dir='ltr'><strong>esse,</strong></span> <span class='ocrx_word' id='word_1_129' title='bbox 822 631 879 650; x_wconf 61' lang='lat' dir='ltr'><strong>sose</strong></span> <span class='ocrx_word' id='word_1_130' title='bbox 897 621 997 661; x_wconf 78' lang='lat' dir='ltr'><strong>fingere</strong></span> <span class='ocrx_word' id='word_1_131' title='bbox 1008 621 1097 661; x_wconf 87' lang='lat' dir='ltr'><strong>potuit</strong></span> <span class='ocrx_word' id='word_1_132' title='bbox 1110 621 1334 662; x_wconf 86' lang='lat' dir='ltr'><strong>Chrysostomum</strong></span> <span class='ocrx_word' id='word_1_133' title='bbox 1347 621 1479 660; x_wconf 79' lang='lat' dir='ltr'>exsulem,</span> <span class='ocrx_word' id='word_1_134' title='bbox 1494 622 1570 661; x_wconf 88' lang='lat' dir='ltr'><strong>quod</strong></span> <span class='ocrx_word' id='word_1_135' title='bbox 1582 622 1645 653; x_wconf 80' lang='lat' dir='ltr'><strong>fecit</strong></span> <span class='ocrx_word' id='word_1_136' title='bbox 1666 629 1692 652; x_wconf 88' lang='lat' dir='ltr'><strong>et</strong></span> <span class='ocrx_word' id='word_1_137' title='bbox 1705 622 1753 652; x_wconf 88' lang='lat' dir='ltr'><strong>ille</strong></span> <span class='ocrx_word' id='word_1_138' title='bbox 1765 623 1814 662; x_wconf 83' lang='lat' dir='ltr'><strong>qui</strong></span> 
     </span>
     <span class='ocr_line' id='line_1_11' title="bbox 244 666 1814 713; baseline -0.002 -11"><span class='ocrx_word' id='word_1_139' title='bbox 244 672 396 713; x_wconf 86' lang='lat' dir='ltr'><strong>Epistolam</strong></span> <span class='ocrx_word' id='word_1_140' title='bbox 420 670 455 700; x_wconf 86' lang='lat' dir='ltr'><strong>ad</strong></span> <span class='ocrx_word' id='word_1_141' title='bbox 476 668 623 700; x_wconf 76' lang='lat' dir='ltr'><strong>Caesarium</strong></span> <span class='ocrx_word' id='word_1_142' title='bbox 645 668 811 698; x_wconf 79' lang='lat' dir='ltr'><strong>Monachum</strong></span> <span class='ocrx_word' id='word_1_143' title='bbox 827 668 1019 707; x_wconf 78' lang='lat' dir='ltr'><strong>chrysostomo</strong></span> <span class='ocrx_word' id='word_1_144' title='bbox 1040 666 1194 708; x_wconf 73' lang='lat' dir='ltr'>adscripsit,</span> <span class='ocrx_word' id='word_1_145' title='bbox 1211 674 1241 697; x_wconf 94' lang='lat' dir='ltr'><strong>ut</strong></span> <span class='ocrx_word' id='word_1_146' title='bbox 1260 666 1460 708; x_wconf 83' lang='lat' dir='ltr'><strong>Eutychianam</strong></span> <span class='ocrx_word' id='word_1_147' title='bbox 1479 669 1602 699; x_wconf 80' lang='lat' dir='ltr'><strong>haeresim</strong></span> <span class='ocrx_word' id='word_1_148' title='bbox 1616 669 1684 699; x_wconf 84' lang='lat' dir='ltr'><strong>tanti</strong></span> <span class='ocrx_word' id='word_1_149' title='bbox 1696 668 1814 699; x_wconf 83' lang='lat' dir='ltr'><strong>doctoris</strong></span> 
     </span>
     <span class='ocr_line' id='line_1_12' title="bbox 243 713 1811 755; baseline -0.003 -7"><span class='ocrx_word' id='word_1_150' title='bbox 243 718 395 749; x_wconf 82' lang='lat' dir='ltr'><strong>testimonio</strong></span> <span class='ocrx_word' id='word_1_151' title='bbox 408 715 588 747; x_wconf 80' lang='lat' dir='ltr'><strong>confirmaret.</strong></span> <span class='ocrx_word' id='word_1_152' title='bbox 598 714 669 744; x_wconf 90' lang='lat' dir='ltr'><strong>Hinc</strong></span> <span class='ocrx_word' id='word_1_153' title='bbox 689 713 774 753; x_wconf 82' lang='lat' dir='ltr'><strong>liquet</strong></span> <span class='ocrx_word' id='word_1_154' title='bbox 786 723 838 742; x_wconf 93' lang='lat' dir='ltr'><strong>non</strong></span> <span class='ocrx_word' id='word_1_155' title='bbox 852 724 930 753; x_wconf 88' lang='lat' dir='ltr'><strong>posse</strong></span> <span class='ocrx_word' id='word_1_156' title='bbox 942 724 977 743; x_wconf 84' lang='lat' dir='ltr'><strong>ex</strong></span> <span class='ocrx_word' id='word_1_157' title='bbox 997 713 1086 743; x_wconf 83' lang='lat' dir='ltr'><strong>allatis</strong></span> <span class='ocrx_word' id='word_1_158' title='bbox 1100 713 1190 743; x_wconf 78' lang='lat' dir='ltr'><strong>verbis</strong></span> <span class='ocrx_word' id='word_1_159' title='bbox 1211 713 1289 753; x_wconf 84' lang='lat' dir='ltr'><strong>argui</strong></span> <span class='ocrx_word' id='word_1_160' title='bbox 1303 713 1376 743; x_wconf 92' lang='lat' dir='ltr'><strong>hunc</strong></span> <span class='ocrx_word' id='word_1_161' title='bbox 1389 720 1526 744; x_wconf 82' lang='lat' dir='ltr'><strong>auctorem</strong></span> <span class='ocrx_word' id='word_1_162' title='bbox 1545 714 1702 755; x_wconf 83' lang='lat' dir='ltr'><strong>episcopum</strong></span> <span class='ocrx_word' id='word_1_163' title='bbox 1715 714 1811 750; x_wconf 76' lang='lat' dir='ltr'><strong>fuisse3</strong></span> 
     </span>
     <span class='ocr_line' id='line_1_13' title="bbox 244 758 1512 800; baseline -0.006 -4"><span class='ocrx_word' id='word_1_164' title='bbox 244 766 267 796; x_wconf 89' lang='lat' dir='ltr'><strong>si</strong></span> <span class='ocrx_word' id='word_1_165' title='bbox 281 773 370 795; x_wconf 84' lang='lat' dir='ltr'><strong>tamen</strong></span> <span class='ocrx_word' id='word_1_166' title='bbox 382 764 430 793; x_wconf 89' lang='lat' dir='ltr'><strong>ille</strong></span> <span class='ocrx_word' id='word_1_167' title='bbox 450 773 546 793; x_wconf 90' lang='lat' dir='ltr'><strong>nomen</strong></span> <span class='ocrx_word' id='word_1_168' title='bbox 559 760 670 793; x_wconf 85' lang='lat' dir='ltr'><strong>Joannis</strong></span> <span class='ocrx_word' id='word_1_169' title='bbox 683 760 759 800; x_wconf 88' lang='lat' dir='ltr'><strong>operi</strong></span> <span class='ocrx_word' id='word_1_170' title='bbox 777 770 826 789; x_wconf 92' lang='lat' dir='ltr'><strong>suo</strong></span> <span class='ocrx_word' id='word_1_171' title='bbox 839 759 996 799; x_wconf 67' lang='lat' dir='ltr'><strong>praefixerit,</strong></span> <span class='ocrx_word' id='word_1_172' title='bbox 1013 759 1042 789; x_wconf 90' lang='lat' dir='ltr'><strong>id</strong></span> <span class='ocrx_word' id='word_1_173' title='bbox 1056 758 1130 799; x_wconf 84' lang='lat' dir='ltr'><strong>quod</strong></span> <span class='ocrx_word' id='word_1_174' title='bbox 1147 766 1217 789; x_wconf 86' lang='lat' dir='ltr'><strong>certe</strong></span> <span class='ocrx_word' id='word_1_175' title='bbox 1230 759 1377 788; x_wconf 84' lang='lat' dir='ltr'><strong>verisimile</strong></span> <span class='ocrx_word' id='word_1_176' title='bbox 1390 769 1443 789; x_wconf 90' lang='lat' dir='ltr'><strong>non</strong></span> <span class='ocrx_word' id='word_1_177' title='bbox 1462 766 1512 789; x_wconf 83' lang='lat' dir='ltr'><strong>est.</strong></span> 
     </span>
    </p>

    <p class='ocr_par' dir='ltr' id='par_1_4' title="bbox 244 805 1815 1356">
     <span class='ocr_line' id='line_1_14' title="bbox 282 805 1815 850; baseline -0.004 -8"><span class='ocrx_word' id='word_1_178' title='bbox 282 812 390 842; x_wconf 77' lang='lat' dir='ltr'><strong>Atenim</strong></span> <span class='ocrx_word' id='word_1_179' title='bbox 400 809 536 850; x_wconf 88' lang='lat' dir='ltr'><strong>quomodo</strong></span> <span class='ocrx_word' id='word_1_180' title='bbox 549 808 636 849; x_wconf 89' lang='lat' dir='ltr'><strong>potuit</strong></span> <span class='ocrx_word' id='word_1_181' title='bbox 648 818 676 837; x_wconf 89' lang='lat' dir='ltr'><strong>se</strong></span> <span class='ocrx_word' id='word_1_182' title='bbox 687 807 911 847; x_wconf 81' lang='lat' dir='ltr'><strong>Chrysostomum</strong></span> <span class='ocrx_word' id='word_1_183' title='bbox 921 817 978 836; x_wconf 89' lang='lat' dir='ltr'><strong>esse</strong></span> <span class='ocrx_word' id='word_1_184' title='bbox 992 806 1093 847; x_wconf 82' lang='lat' dir='ltr'><strong>fingere</strong></span> <span class='ocrx_word' id='word_1_185' title='bbox 1101 806 1159 843; x_wconf 89' lang='lat' dir='ltr'><strong>ille,</strong></span> <span class='ocrx_word' id='word_1_186' title='bbox 1172 805 1220 845; x_wconf 87' lang='lat' dir='ltr'><strong>qui</strong></span> <span class='ocrx_word' id='word_1_187' title='bbox 1233 805 1271 835; x_wconf 90' lang='lat' dir='ltr'><strong>ait</strong></span> <span class='ocrx_word' id='word_1_188' title='bbox 1283 806 1387 836; x_wconf 86' lang='lat' dir='ltr'><strong>Homil.</strong></span> <span class='ocrx_word' id='word_1_189' title='bbox 1402 808 1439 836; x_wconf 72' lang='lat'><strong>52</strong></span> <span class='ocrx_word' id='word_1_190' title='bbox 1452 807 1523 836; x_wconf 86' lang='lat' dir='ltr'><strong>cirea</strong></span> <span class='ocrx_word' id='word_1_191' title='bbox 1534 806 1655 837; x_wconf 86' lang='lat' dir='ltr'><strong>medium</strong></span> <span class='ocrx_word' id='word_1_192' title='bbox 1669 819 1676 837; x_wconf 71' lang='grc' dir='ltr'><strong>ε</strong></span> <span class='ocrx_word' id='word_1_193' title='bbox 1692 807 1773 837; x_wconf 84' lang='lat' dir='ltr'><strong>Nam</strong></span> <span class='ocrx_word' id='word_1_194' title='bbox 1787 809 1815 836; x_wconf 89' lang='lat' dir='ltr'><strong>si</strong></span> 
     </span>
     <span class='ocr_line' id='line_1_15' title="bbox 245 853 1811 896; baseline -0.004 -7"><span class='ocrx_word' id='word_1_195' title='bbox 245 860 456 889; x_wconf 78' lang='lat' dir='ltr'><strong>consideremus</strong></span> <span class='ocrx_word' id='word_1_196' title='bbox 468 867 505 886; x_wconf 75' lang='lat' dir='ltr'><strong>ex</strong></span> <span class='ocrx_word' id='word_1_197' title='bbox 518 866 575 896; x_wconf 82' lang='lat' dir='ltr'><strong>quo</strong></span> <span class='ocrx_word' id='word_1_198' title='bbox 594 855 724 885; x_wconf 80' lang='lat' dir='ltr'><strong>Christus</strong></span> <span class='ocrx_word' id='word_1_199' title='bbox 738 855 770 882; x_wconf 88' lang='lat' dir='ltr'><strong>in</strong></span> <span class='ocrx_word' id='word_1_200' title='bbox 783 853 888 882; x_wconf 83' lang='lat' dir='ltr'><strong>coelum</strong></span> <span class='ocrx_word' id='word_1_201' title='bbox 905 853 1047 890; x_wconf 85' lang='lat' dir='ltr'><strong>ascendit,</strong></span> <span class='ocrx_word' id='word_1_202' title='bbox 1060 860 1088 883; x_wconf 86' lang='lat' dir='ltr'><strong>et</strong></span> <span class='ocrx_word' id='word_1_203' title='bbox 1101 858 1245 893; x_wconf 86' lang='lat' dir='ltr'><strong>quantum</strong></span> <span class='ocrx_word' id='word_1_204' title='bbox 1259 853 1402 882; x_wconf 78' lang='lat' dir='ltr'><strong>vivebant</strong></span> <span class='ocrx_word' id='word_1_205' title='bbox 1416 853 1548 882; x_wconf 79' lang='lat' dir='ltr'><strong>homines</strong></span> <span class='ocrx_word' id='word_1_206' title='bbox 1567 860 1642 889; x_wconf 60' lang='lat' dir='ltr'><strong>ante,</strong></span> <span class='ocrx_word' id='word_1_207' title='bbox 1650 853 1811 890; x_wconf 72' lang='lat' dir='ltr'><strong>diluvium,</strong></span> 
     </span>
     <span class='ocr_line' id='line_1_16' title="bbox 247 898 1814 946; baseline -0.005 -10"><span class='ocrx_word' id='word_1_208' title='bbox 247 914 274 936; x_wconf 90' lang='lat' dir='ltr'><strong>et</strong></span> <span class='ocrx_word' id='word_1_209' title='bbox 286 916 374 946; x_wconf 81' lang='lat' dir='ltr'><strong>prope</strong></span> <span class='ocrx_word' id='word_1_210' title='bbox 388 910 501 933; x_wconf 80' lang='lat' dir='ltr'><strong>tantum</strong></span> <span class='ocrx_word' id='word_1_211' title='bbox 515 903 641 942; x_wconf 88' lang='lat' dir='ltr'><strong>spatium</strong></span> <span class='ocrx_word' id='word_1_212' title='bbox 654 906 708 937; x_wconf 86' lang='lat' dir='ltr'><strong>est,</strong></span> <span class='ocrx_word' id='word_1_213' title='bbox 723 905 835 939; x_wconf 85' lang='lat' dir='ltr'><strong>quanto</strong></span> <span class='ocrx_word' id='word_1_214' title='bbox 850 905 976 939; x_wconf 81' lang='lat' dir='ltr'><strong>tempore</strong></span> <span class='ocrx_word' id='word_1_215' title='bbox 989 905 1052 928; x_wconf 85' lang='lat' dir='ltr'><strong>erat</strong></span> <span class='ocrx_word' id='word_1_216' title='bbox 1067 899 1131 927; x_wconf 88' lang='lat' dir='ltr'><strong>vita</strong></span> <span class='ocrx_word' id='word_1_217' title='bbox 1145 899 1371 938; x_wconf 81' lang='lat' dir='ltr'><strong>uniuscujusque</strong></span> <span class='ocrx_word' id='word_1_218' title='bbox 1382 908 1491 928; x_wconf 90' lang='lat' dir='ltr'><strong>eorum.</strong></span> <span class='ocrx_word' id='word_1_219' title='bbox 1506 898 1540 928; x_wconf 89' lang='lat' dir='ltr'><strong>Id</strong></span> <span class='ocrx_word' id='word_1_220' title='bbox 1559 905 1610 936; x_wconf 90' lang='lat' dir='ltr'><strong>est,</strong></span> <span class='ocrx_word' id='word_1_221' title='bbox 1625 904 1664 928; x_wconf 89' lang='lat' dir='ltr'><strong>tot</strong></span> <span class='ocrx_word' id='word_1_222' title='bbox 1676 899 1732 928; x_wconf 83' lang='lat' dir='ltr'><strong>fere</strong></span> <span class='ocrx_word' id='word_1_223' title='bbox 1750 898 1814 928; x_wconf 87' lang='lat' dir='ltr'><strong>anni</strong></span> 
     </span>
     <span class='ocr_line' id='line_1_17' title="bbox 245 944 1814 986; baseline -0.004 -3"><span class='ocrx_word' id='word_1_224' title='bbox 245 960 320 983; x_wconf 84' lang='lat' dir='ltr'><strong>crant</strong></span> <span class='ocrx_word' id='word_1_225' title='bbox 331 963 346 982; x_wconf 88' lang='lat' dir='ltr'><strong>a</strong></span> <span class='ocrx_word' id='word_1_226' title='bbox 355 950 456 982; x_wconf 79' lang='lat' dir='ltr'>Christi</span> <span class='ocrx_word' id='word_1_227' title='bbox 467 948 630 985; x_wconf 86' lang='lat' dir='ltr'><strong>ascensione,</strong></span> <span class='ocrx_word' id='word_1_228' title='bbox 645 954 711 986; x_wconf 89' lang='lat' dir='ltr'><strong>quot</strong></span> <span class='ocrx_word' id='word_1_229' title='bbox 729 946 806 975; x_wconf 88' lang='lat' dir='ltr'><strong>annis</strong></span> <span class='ocrx_word' id='word_1_230' title='bbox 821 946 913 976; x_wconf 81' lang='lat' dir='ltr'><strong>vivere</strong></span> <span class='ocrx_word' id='word_1_231' title='bbox 927 945 1048 975; x_wconf 88' lang='lat' dir='ltr'><strong>solebant</strong></span> <span class='ocrx_word' id='word_1_232' title='bbox 1071 944 1124 975; x_wconf 91' lang='lat' dir='ltr'><strong>viri</strong></span> <span class='ocrx_word' id='word_1_233' title='bbox 1137 944 1348 982; x_wconf 76' lang='lat' dir='ltr'><strong>antediluviani5</strong></span> <span class='ocrx_word' id='word_1_234' title='bbox 1365 945 1440 984; x_wconf 85' lang='lat' dir='ltr'><strong>atqui</strong></span> <span class='ocrx_word' id='word_1_235' title='bbox 1454 951 1515 975; x_wconf 86' lang='lat' dir='ltr'><strong>ante</strong></span> <span class='ocrx_word' id='word_1_236' title='bbox 1536 944 1673 975; x_wconf 88' lang='lat' dir='ltr'><strong>diluvium</strong></span> <span class='ocrx_word' id='word_1_237' title='bbox 1692 946 1748 976; x_wconf 86' lang='lat' dir='ltr'><strong>vita</strong></span> <span class='ocrx_word' id='word_1_238' title='bbox 1761 946 1814 976; x_wconf 62' lang='lat' dir='ltr'><strong>ho-&gt;</strong></span> 
     </span>
     <span class='ocr_line' id='line_1_18' title="bbox 245 989 1815 1036; baseline -0.006 -7"><span class='ocrx_word' id='word_1_239' title='bbox 245 1000 349 1030; x_wconf 89' lang='lat' dir='ltr'><strong>minum</strong></span> <span class='ocrx_word' id='word_1_240' title='bbox 363 1005 418 1027; x_wconf 82' lang='lat' dir='ltr'><strong>erat</strong></span> <span class='ocrx_word' id='word_1_241' title='bbox 431 1002 638 1036; x_wconf 80' lang='lat' dir='ltr'><strong>nongentorum,</strong></span> <span class='ocrx_word' id='word_1_242' title='bbox 648 993 702 1023; x_wconf 90' lang='lat' dir='ltr'><strong>imo</strong></span> <span class='ocrx_word' id='word_1_243' title='bbox 716 992 838 1033; x_wconf 88' lang='lat' dir='ltr'><strong>plurium</strong></span> <span class='ocrx_word' id='word_1_244' title='bbox 851 1002 1000 1026; x_wconf 85' lang='lat' dir='ltr'><strong>annorum;</strong></span> <span class='ocrx_word' id='word_1_245' title='bbox 1017 990 1089 1020; x_wconf 87' lang='lat' dir='ltr'><strong>unde</strong></span> <span class='ocrx_word' id='word_1_246' title='bbox 1101 990 1177 1029; x_wconf 86' lang='lat' dir='ltr'><strong>sequi</strong></span> <span class='ocrx_word' id='word_1_247' title='bbox 1186 989 1296 1020; x_wconf 87' lang='lat' dir='ltr'><strong>videtur</strong></span> <span class='ocrx_word' id='word_1_248' title='bbox 1302 1001 1374 1028; x_wconf 90' lang='lat' dir='ltr'><strong>eum,</strong></span> <span class='ocrx_word' id='word_1_249' title='bbox 1384 991 1433 1030; x_wconf 90' lang='lat' dir='ltr'><strong>qui</strong></span> <span class='ocrx_word' id='word_1_250' title='bbox 1446 991 1516 1021; x_wconf 85' lang='lat' dir='ltr'><strong>hane</strong></span> <span class='ocrx_word' id='word_1_251' title='bbox 1525 990 1653 1032; x_wconf 83' lang='lat' dir='ltr'><strong>temporis</strong></span> <span class='ocrx_word' id='word_1_252' title='bbox 1666 998 1755 1020; x_wconf 86' lang='lat' dir='ltr'><strong>notam</strong></span> <span class='ocrx_word' id='word_1_253' title='bbox 1763 1002 1815 1031; x_wconf 85' lang='lat' dir='ltr'><strong>po·</strong></span> 
     </span>
     <span class='ocr_line' id='line_1_19' title="bbox 244 1036 1811 1085; baseline -0.006 -9"><span class='ocrx_word' id='word_1_254' title='bbox 244 1047 307 1083; x_wconf 86' lang='lat' dir='ltr'><strong>suit,</strong></span> <span class='ocrx_word' id='word_1_255' title='bbox 315 1055 368 1075; x_wconf 91' lang='lat' dir='ltr'><strong>non</strong></span> <span class='ocrx_word' id='word_1_256' title='bbox 380 1043 497 1085; x_wconf 80' lang='lat' dir='ltr'><strong>potuisse</strong></span> <span class='ocrx_word' id='word_1_257' title='bbox 509 1041 767 1080; x_wconf 86' lang='lat' dir='ltr'><strong>seChrysostomum</strong></span> <span class='ocrx_word' id='word_1_258' title='bbox 775 1049 831 1068; x_wconf 89' lang='lat' dir='ltr'><strong>esse</strong></span> <span class='ocrx_word' id='word_1_259' title='bbox 842 1038 953 1078; x_wconf 82' lang='lat' dir='ltr'><strong>fingere,</strong></span> <span class='ocrx_word' id='word_1_260' title='bbox 965 1037 1010 1068; x_wconf 90' lang='lat' dir='ltr'><strong>vel</strong></span> <span class='ocrx_word' id='word_1_261' title='bbox 1018 1047 1113 1066; x_wconf 88' lang='lat' dir='ltr'><strong>nomen</strong></span> <span class='ocrx_word' id='word_1_262' title='bbox 1122 1047 1203 1066; x_wconf 88' lang='lat' dir='ltr'><strong>suum</strong></span> <span class='ocrx_word' id='word_1_263' title='bbox 1212 1036 1276 1066; x_wconf 89' lang='lat' dir='ltr'><strong>hnic</strong></span> <span class='ocrx_word' id='word_1_264' title='bbox 1286 1037 1361 1076; x_wconf 86' lang='lat' dir='ltr'><strong>operi</strong></span> <span class='ocrx_word' id='word_1_265' title='bbox 1367 1037 1540 1077; x_wconf 81' lang='lat' dir='ltr'><strong>praemittcre.</strong></span> <span class='ocrx_word' id='word_1_266' title='bbox 1552 1038 1646 1076; x_wconf 80' lang='lat' dir='ltr'><strong>Neque</strong></span> <span class='ocrx_word' id='word_1_267' title='bbox 1658 1044 1747 1067; x_wconf 85' lang='lat' dir='ltr'><strong>tamen</strong></span> <span class='ocrx_word' id='word_1_268' title='bbox 1757 1048 1811 1078; x_wconf 90' lang='lat' dir='ltr'><strong>po-</strong></span> 
     </span>
     <span class='ocr_line' id='line_1_20' title="bbox 246 1078 1813 1124; baseline -0.006 -2"><span class='ocrx_word' id='word_1_269' title='bbox 246 1099 296 1122; x_wconf 79' lang='lat' dir='ltr'><strong>test</strong></span> <span class='ocrx_word' id='word_1_270' title='bbox 307 1091 364 1120; x_wconf 66' lang='lat' dir='ltr'><strong>hate</strong></span> <span class='ocrx_word' id='word_1_271' title='bbox 376 1097 438 1120; x_wconf 89' lang='lat' dir='ltr'><strong>nota</strong></span> <span class='ocrx_word' id='word_1_272' title='bbox 452 1096 482 1118; x_wconf 92' lang='lat' dir='ltr'><strong>ut</strong></span> <span class='ocrx_word' id='word_1_273' title='bbox 497 1087 578 1119; x_wconf 84' lang='lat' dir='ltr'><strong>verba</strong></span> <span class='ocrx_word' id='word_1_274' title='bbox 592 1091 697 1122; x_wconf 86' lang='lat' dir='ltr'><strong>sonant,</strong></span> <span class='ocrx_word' id='word_1_275' title='bbox 712 1083 798 1124; x_wconf 79' lang='lat' dir='ltr'>accipi</span> <span class='ocrx_word' id='word_1_276' title='bbox 805 1095 815 1122; x_wconf 76' lang='lat'>3</span> <span class='ocrx_word' id='word_1_277' title='bbox 829 1093 891 1112; x_wconf 88' lang='lat' dir='ltr'><strong>nam</strong></span> <span class='ocrx_word' id='word_1_278' title='bbox 911 1089 1087 1123; x_wconf 83' lang='lat' dir='ltr'><strong>praeterquam</strong></span> <span class='ocrx_word' id='word_1_279' title='bbox 1101 1081 1176 1121; x_wconf 89' lang='lat' dir='ltr'><strong>quod</strong></span> <span class='ocrx_word' id='word_1_280' title='bbox 1188 1081 1218 1111; x_wconf 90' lang='lat' dir='ltr'><strong>id</strong></span> <span class='ocrx_word' id='word_1_281' title='bbox 1229 1078 1364 1122; x_wconf 74' lang='lat' dir='ltr'><strong>significat</strong></span> <span class='ocrx_word' id='word_1_282' title='bbox 1378 1094 1431 1113; x_wconf 83' lang='lat' dir='ltr'><strong>vox</strong></span> <span class='ocrx_word' id='word_1_283' title='bbox 1441 1093 1529 1123; x_wconf 83' lang='lat' dir='ltr'><strong>prope</strong></span> <span class='ocrx_word' id='word_1_284' title='bbox 1539 1083 1584 1112; x_wconf 91' lang='lat' dir='ltr'><strong>hic</strong></span> <span class='ocrx_word' id='word_1_285' title='bbox 1602 1083 1734 1120; x_wconf 78' lang='lat' dir='ltr'><strong>adhibita,</strong></span> <span class='ocrx_word' id='word_1_286' title='bbox 1751 1094 1813 1114; x_wconf 85' lang='lat' dir='ltr'><strong>cer-</strong></span> 
     </span>
     <span class='ocr_line' id='line_1_21' title="bbox 246 1128 1814 1169; baseline -0.006 -1"><span class='ocrx_word' id='word_1_287' title='bbox 246 1146 303 1168; x_wconf 86' lang='lat' dir='ltr'><strong>tum</strong></span> <span class='ocrx_word' id='word_1_288' title='bbox 316 1145 355 1167; x_wconf 84' lang='lat' dir='ltr'><strong>est</strong></span> <span class='ocrx_word' id='word_1_289' title='bbox 366 1138 438 1166; x_wconf 88' lang='lat' dir='ltr'><strong>hunc</strong></span> <span class='ocrx_word' id='word_1_290' title='bbox 452 1135 555 1164; x_wconf 89' lang='lat' dir='ltr'><strong>librum</strong></span> <span class='ocrx_word' id='word_1_291' title='bbox 568 1142 638 1162; x_wconf 92' lang='lat' dir='ltr'><strong>nono</strong></span> <span class='ocrx_word' id='word_1_292' title='bbox 657 1130 766 1166; x_wconf 74' lang='lat' dir='ltr'><strong>saeculo,</strong></span> <span class='ocrx_word' id='word_1_293' title='bbox 783 1129 860 1169; x_wconf 89' lang='lat' dir='ltr'><strong>quasi</strong></span> <span class='ocrx_word' id='word_1_294' title='bbox 879 1129 1065 1169; x_wconf 81' lang='lat' dir='ltr'><strong>chrysostomi</strong></span> <span class='ocrx_word' id='word_1_295' title='bbox 1085 1135 1164 1164; x_wconf 82' lang='lat' dir='ltr'><strong>esset,</strong></span> <span class='ocrx_word' id='word_1_296' title='bbox 1175 1128 1234 1169; x_wconf 87' lang='lat' dir='ltr'><strong>jam</strong></span> <span class='ocrx_word' id='word_1_297' title='bbox 1245 1128 1294 1158; x_wconf 91' lang='lat' dir='ltr'><strong>diu</strong></span> <span class='ocrx_word' id='word_1_298' title='bbox 1313 1129 1342 1159; x_wconf 86' lang='lat' dir='ltr'><strong>in</strong></span> <span class='ocrx_word' id='word_1_299' title='bbox 1358 1139 1408 1158; x_wconf 88' lang='lat' dir='ltr'><strong>usu</strong></span> <span class='ocrx_word' id='word_1_300' title='bbox 1422 1129 1515 1159; x_wconf 81' lang='lat' dir='ltr'><strong>fuisse.</strong></span> <span class='ocrx_word' id='word_1_301' title='bbox 1533 1129 1578 1160; x_wconf 72' lang='lat' dir='ltr'><strong>Ad</strong></span> <span class='ocrx_word' id='word_1_302' title='bbox 1589 1129 1647 1160; x_wconf 83' lang='lat' dir='ltr'><strong>haec</strong></span> <span class='ocrx_word' id='word_1_303' title='bbox 1663 1137 1753 1160; x_wconf 90' lang='lat' dir='ltr'><strong>autem</strong></span> <span class='ocrx_word' id='word_1_304' title='bbox 1766 1130 1814 1159; x_wconf 88' lang='lat' dir='ltr'><strong>illa</strong></span> 
     </span>
     <span class='ocr_line' id='line_1_22' title="bbox 246 1175 1814 1225; baseline -0.006 -10"><span class='ocrx_word' id='word_1_305' title='bbox 246 1197 305 1225; x_wconf 81' lang='lat' dir='ltr'><strong>quae</strong></span> <span class='ocrx_word' id='word_1_306' title='bbox 317 1185 351 1214; x_wconf 87' lang='lat' dir='ltr'><strong>de</strong></span> <span class='ocrx_word' id='word_1_307' title='bbox 364 1181 517 1213; x_wconf 87' lang='lat' dir='ltr'><strong>Theodosio</strong></span> <span class='ocrx_word' id='word_1_308' title='bbox 530 1182 630 1219; x_wconf 82' lang='lat' dir='ltr'><strong>Magno</strong></span> <span class='ocrx_word' id='word_1_309' title='bbox 644 1185 670 1208; x_wconf 85' lang='lat' dir='ltr'><strong>et</strong></span> <span class='ocrx_word' id='word_1_310' title='bbox 681 1178 716 1207; x_wconf 91' lang='lat' dir='ltr'><strong>de</strong></span> <span class='ocrx_word' id='word_1_311' title='bbox 728 1184 847 1217; x_wconf 89' lang='lat' dir='ltr'><strong>tempore</strong></span> <span class='ocrx_word' id='word_1_312' title='bbox 862 1175 1047 1215; x_wconf 85' lang='lat' dir='ltr'><strong>subsequenti,</strong></span> <span class='ocrx_word' id='word_1_313' title='bbox 1062 1175 1096 1205; x_wconf 89' lang='lat' dir='ltr'><strong>de</strong></span> <span class='ocrx_word' id='word_1_314' title='bbox 1110 1175 1251 1215; x_wconf 80' lang='lat' dir='ltr'><strong>gentilium</strong></span> <span class='ocrx_word' id='word_1_315' title='bbox 1265 1175 1394 1215; x_wconf 87' lang='lat' dir='ltr'><strong>religione</strong></span> <span class='ocrx_word' id='word_1_316' title='bbox 1409 1175 1487 1215; x_wconf 85' lang='lat' dir='ltr'><strong>quasi</strong></span> <span class='ocrx_word' id='word_1_317' title='bbox 1498 1175 1588 1206; x_wconf 85' lang='lat' dir='ltr'><strong>adhuc</strong></span> <span class='ocrx_word' id='word_1_318' title='bbox 1598 1176 1715 1216; x_wconf 77' lang='lat' dir='ltr'><strong>vigente,</strong></span> <span class='ocrx_word' id='word_1_319' title='bbox 1727 1176 1814 1216; x_wconf 83' lang='lat' dir='ltr'><strong>deque</strong></span> 
     </span>
     <span class='ocr_line' id='line_1_23' title="bbox 246 1221 1815 1266; baseline -0.006 -4"><span class='ocrx_word' id='word_1_320' title='bbox 246 1232 397 1262; x_wconf 85' lang='lat' dir='ltr'><strong>Arianismo</strong></span> <span class='ocrx_word' id='word_1_321' title='bbox 410 1228 554 1263; x_wconf 53' lang='lat' dir='ltr'><strong>Ecclesia,</strong></span> <span class='ocrx_word' id='word_1_322' title='bbox 566 1226 713 1266; x_wconf 87' lang='lat' dir='ltr'><strong>episcopos,</strong></span> <span class='ocrx_word' id='word_1_323' title='bbox 725 1230 804 1262; x_wconf 82' lang='lat' dir='ltr'><strong>atque</strong></span> <span class='ocrx_word' id='word_1_324' title='bbox 816 1223 987 1263; x_wconf 87' lang='lat' dir='ltr'><strong>presbyteros</strong></span> <span class='ocrx_word' id='word_1_325' title='bbox 999 1222 1100 1262; x_wconf 81' lang='lat' dir='ltr'><strong>passim</strong></span> <span class='ocrx_word' id='word_1_326' title='bbox 1121 1222 1254 1256; x_wconf 86' lang='lat' dir='ltr'><strong>habente;</strong></span> <span class='ocrx_word' id='word_1_327' title='bbox 1267 1221 1324 1250; x_wconf 84' lang='lat' dir='ltr'><strong>haec</strong></span> <span class='ocrx_word' id='word_1_328' title='bbox 1344 1222 1455 1263; x_wconf 87' lang='lat' dir='ltr'><strong>inquam</strong></span> <span class='ocrx_word' id='word_1_329' title='bbox 1471 1221 1572 1260; x_wconf 85' lang='lat' dir='ltr'><strong>omnia,</strong></span> <span class='ocrx_word' id='word_1_330' title='bbox 1585 1232 1638 1253; x_wconf 89' lang='lat' dir='ltr'><strong>non</strong></span> <span class='ocrx_word' id='word_1_331' title='bbox 1657 1221 1693 1252; x_wconf 85' lang='lat' dir='ltr'><strong>ad</strong></span> <span class='ocrx_word' id='word_1_332' title='bbox 1711 1233 1815 1253; x_wconf 90' lang='lat' dir='ltr'><strong>nonum</strong></span> 
     </span>
     <span class='ocr_line' id='line_1_24' title="bbox 245 1267 1815 1312; baseline -0.006 -3"><span class='ocrx_word' id='word_1_333' title='bbox 245 1279 291 1309; x_wconf 89' lang='lat' dir='ltr'><strong>vel</strong></span> <span class='ocrx_word' id='word_1_334' title='bbox 310 1285 445 1312; x_wconf 88' lang='lat' dir='ltr'><strong>octavum,</strong></span> <span class='ocrx_word' id='word_1_335' title='bbox 460 1275 515 1304; x_wconf 86' lang='lat' dir='ltr'><strong>imo</strong></span> <span class='ocrx_word' id='word_1_336' title='bbox 528 1273 577 1303; x_wconf 82' lang='lat' dir='ltr'><strong>vix</strong></span> <span class='ocrx_word' id='word_1_337' title='bbox 596 1270 631 1300; x_wconf 83' lang='lat' dir='ltr'><strong>ad</strong></span> <span class='ocrx_word' id='word_1_338' title='bbox 645 1270 788 1310; x_wconf 87' lang='lat' dir='ltr'><strong>septimum</strong></span> <span class='ocrx_word' id='word_1_339' title='bbox 809 1269 938 1299; x_wconf 66' lang='lat' dir='ltr'><strong>saeculum</strong></span> <span class='ocrx_word' id='word_1_340' title='bbox 959 1269 1052 1298; x_wconf 86' lang='lat' dir='ltr'><strong>referri</strong></span> <span class='ocrx_word' id='word_1_341' title='bbox 1072 1278 1151 1308; x_wconf 87' lang='lat' dir='ltr'><strong>posse</strong></span> <span class='ocrx_word' id='word_1_342' title='bbox 1164 1267 1293 1297; x_wconf 84' lang='lat' dir='ltr'><strong>videntur</strong></span> <span class='ocrx_word' id='word_1_343' title='bbox 1308 1278 1413 1307; x_wconf 27' lang='lat' dir='ltr'><strong>:equare</strong></span> <span class='ocrx_word' id='word_1_344' title='bbox 1437 1268 1483 1298; x_wconf 86' lang='lat' dir='ltr'><strong>illa</strong></span> <span class='ocrx_word' id='word_1_345' title='bbox 1496 1279 1628 1299; x_wconf 87' lang='lat' dir='ltr'><strong>annorum</strong></span> <span class='ocrx_word' id='word_1_346' title='bbox 1650 1270 1815 1310; x_wconf 85' lang='lat' dir='ltr'><strong>computatio</strong></span> 
     </span>
     <span class='ocr_line' id='line_1_25' title="bbox 246 1316 907 1356; baseline -0.018 0"><span class='ocrx_word' id='word_1_347' title='bbox 246 1325 389 1356; x_wconf 78' lang='lat' dir='ltr'><strong>oscitanter</strong></span> <span class='ocrx_word' id='word_1_348' title='bbox 399 1320 474 1351; x_wconf 87' lang='lat' dir='ltr'><strong>haud</strong></span> <span class='ocrx_word' id='word_1_349' title='bbox 484 1319 567 1349; x_wconf 90' lang='lat' dir='ltr'><strong>dubie</strong></span> <span class='ocrx_word' id='word_1_350' title='bbox 580 1318 648 1346; x_wconf 76' lang='lat' dir='ltr'><strong>facta</strong></span> <span class='ocrx_word' id='word_1_351' title='bbox 661 1316 752 1346; x_wconf 81' lang='lat' dir='ltr'><strong>fuerit.</strong></span> <span class='ocrx_word' id='word_1_352' title='bbox 901 1347 907 1351; x_wconf 58' lang='grc'><em>,</em></span> 
     </span>
    </p>

    <p class='ocr_par' dir='ltr' id='par_1_5' title="bbox 240 1359 1818 1883">
     <span class='ocr_line' id='line_1_26' title="bbox 285 1359 1814 1404; baseline -0.006 -4"><span class='ocrx_word' id='word_1_353' title='bbox 285 1372 356 1401; x_wconf 87' lang='lat' dir='ltr'><strong>Nota</strong></span> <span class='ocrx_word' id='word_1_354' title='bbox 369 1378 434 1399; x_wconf 87' lang='lat' dir='ltr'><strong>vero</strong></span> <span class='ocrx_word' id='word_1_355' title='bbox 452 1367 480 1395; x_wconf 89' lang='lat' dir='ltr'><strong>in</strong></span> <span class='ocrx_word' id='word_1_356' title='bbox 493 1375 547 1404; x_wconf 85' lang='lat' dir='ltr'><strong>qua</strong></span> <span class='ocrx_word' id='word_1_357' title='bbox 558 1363 591 1393; x_wconf 84' lang='lat' dir='ltr'><strong>de</strong></span> <span class='ocrx_word' id='word_1_358' title='bbox 604 1361 757 1392; x_wconf 86' lang='lat' dir='ltr'><strong>Theodosio</strong></span> <span class='ocrx_word' id='word_1_359' title='bbox 775 1362 864 1402; x_wconf 85' lang='lat' dir='ltr'><strong>agitur</strong></span> <span class='ocrx_word' id='word_1_360' title='bbox 877 1360 935 1390; x_wconf 84' lang='lat' dir='ltr'><strong>haec</strong></span> <span class='ocrx_word' id='word_1_361' title='bbox 954 1360 1035 1390; x_wconf 84' lang='lat' dir='ltr'><strong>habet</strong></span> <span class='ocrx_word' id='word_1_362' title='bbox 1056 1359 1158 1390; x_wconf 88' lang='lat' dir='ltr'><strong>Homil.</strong></span> <span class='ocrx_word' id='word_1_363' title='bbox 1173 1360 1214 1399; x_wconf 70' lang='lat'><strong>⁴9</strong></span> <span class='ocrx_word' id='word_1_364' title='bbox 1234 1359 1316 1399; x_wconf 84' lang='lat' dir='ltr'><strong>paulo</strong></span> <span class='ocrx_word' id='word_1_365' title='bbox 1339 1366 1400 1399; x_wconf 87' lang='lat' dir='ltr'><strong>post</strong></span> <span class='ocrx_word' id='word_1_366' title='bbox 1421 1359 1528 1390; x_wconf 88' lang='lat' dir='ltr'><strong>initium</strong></span> <span class='ocrx_word' id='word_1_367' title='bbox 1543 1373 1550 1389; x_wconf 76' lang='lat' dir='ltr'><strong><em>z</em></strong></span> <span class='ocrx_word' id='word_1_368' title='bbox 1569 1363 1609 1391; x_wconf 88' lang='lat' dir='ltr'><strong>Et</strong></span> <span class='ocrx_word' id='word_1_369' title='bbox 1626 1372 1678 1391; x_wconf 86' lang='lat' dir='ltr'><strong>nos</strong></span> <span class='ocrx_word' id='word_1_370' title='bbox 1696 1362 1814 1402; x_wconf 69' lang='lat' dir='ltr'><strong>quidem</strong></span> 
     </span>
     <span class='ocr_line' id='line_1_27' title="bbox 245 1405 1814 1458; baseline -0.006 -11"><span class='ocrx_word' id='word_1_371' title='bbox 245 1417 429 1458; x_wconf 77' lang='lat' dir='ltr'><strong>exposuimus</strong></span> <span class='ocrx_word' id='word_1_372' title='bbox 443 1414 491 1442; x_wconf 76' lang='lat' dir='ltr'><strong>hic</strong></span> <span class='ocrx_word' id='word_1_373' title='bbox 511 1411 676 1440; x_wconf 79' lang='lat' dir='ltr'><strong>auditiones</strong></span> <span class='ocrx_word' id='word_1_374' title='bbox 692 1408 872 1448; x_wconf 84' lang='lat' dir='ltr'><strong>praeliorum,</strong></span> <span class='ocrx_word' id='word_1_375' title='bbox 886 1414 915 1437; x_wconf 88' lang='lat' dir='ltr'><strong>et</strong></span> <span class='ocrx_word' id='word_1_376' title='bbox 924 1406 1038 1448; x_wconf 85' lang='lat' dir='ltr'><strong>fames,</strong></span> <span class='ocrx_word' id='word_1_377' title='bbox 1053 1412 1082 1435; x_wconf 88' lang='lat' dir='ltr'><strong>et</strong></span> <span class='ocrx_word' id='word_1_378' title='bbox 1095 1412 1178 1435; x_wconf 83' lang='lat' dir='ltr'><strong>terroe</strong></span> <span class='ocrx_word' id='word_1_379' title='bbox 1194 1411 1299 1442; x_wconf 87' lang='lat' dir='ltr'><strong>motus,</strong></span> <span class='ocrx_word' id='word_1_380' title='bbox 1314 1411 1343 1434; x_wconf 86' lang='lat' dir='ltr'><strong>et</strong></span> <span class='ocrx_word' id='word_1_381' title='bbox 1355 1405 1549 1444; x_wconf 81' lang='lat' dir='ltr'><strong>pestilentias,</strong></span> <span class='ocrx_word' id='word_1_382' title='bbox 1568 1408 1732 1439; x_wconf 79' lang='lat' dir='ltr'><strong>auditiones</strong></span> <span class='ocrx_word' id='word_1_383' title='bbox 1753 1410 1814 1438; x_wconf 79' lang='lat' dir='ltr'><em>12ae-</em></span> 
     </span>
     <span class='ocr_line' id='line_1_28' title="bbox 247 1453 1814 1502; baseline -0.01 -6"><span class='ocrx_word' id='word_1_384' title='bbox 247 1474 353 1502; x_wconf 87' lang='lat' dir='ltr'><strong>resum,</strong></span> <span class='ocrx_word' id='word_1_385' title='bbox 369 1470 397 1493; x_wconf 82' lang='lat' dir='ltr'><strong>et</strong></span> <span class='ocrx_word' id='word_1_386' title='bbox 408 1462 521 1500; x_wconf 86' lang='lat' dir='ltr'><strong>inopias</strong></span> <span class='ocrx_word' id='word_1_387' title='bbox 534 1458 627 1494; x_wconf 81' lang='lat' dir='ltr'><strong>verbi,</strong></span> <span class='ocrx_word' id='word_1_388' title='bbox 643 1463 672 1486; x_wconf 88' lang='lat' dir='ltr'><strong>et</strong></span> <span class='ocrx_word' id='word_1_389' title='bbox 691 1457 894 1486; x_wconf 81' lang='lat' dir='ltr'><strong>concussiones</strong></span> <span class='ocrx_word' id='word_1_390' title='bbox 911 1455 1156 1491; x_wconf 78' lang='lat' dir='ltr'><strong>Christianorum,</strong></span> <span class='ocrx_word' id='word_1_391' title='bbox 1170 1460 1200 1483; x_wconf 91' lang='lat' dir='ltr'><strong>et</strong></span> <span class='ocrx_word' id='word_1_392' title='bbox 1219 1453 1416 1493; x_wconf 81' lang='lat' dir='ltr'><strong>corruptiones</strong></span> <span class='ocrx_word' id='word_1_393' title='bbox 1432 1464 1556 1491; x_wconf 86' lang='lat' dir='ltr'><strong>morum,</strong></span> <span class='ocrx_word' id='word_1_394' title='bbox 1571 1465 1637 1494; x_wconf 80' lang='lat' dir='ltr'><strong>quoe</strong></span> <span class='ocrx_word' id='word_1_395' title='bbox 1658 1462 1728 1486; x_wconf 86' lang='lat' dir='ltr'><strong>ante</strong></span> <span class='ocrx_word' id='word_1_396' title='bbox 1737 1467 1814 1496; x_wconf 72' lang='lat' dir='ltr'><strong>proe-</strong></span> 
     </span>
     <span class='ocr_line' id='line_1_29' title="bbox 244 1499 1815 1546; baseline -0.005 -6"><span class='ocrx_word' id='word_1_397' title='bbox 244 1516 390 1543; x_wconf 81' lang='lat' dir='ltr'><strong>cesserunt</strong></span> <span class='ocrx_word' id='word_1_398' title='bbox 402 1519 421 1539; x_wconf 83' lang='lat' dir='ltr'><strong>a</strong></span> <span class='ocrx_word' id='word_1_399' title='bbox 435 1515 560 1546; x_wconf 82' lang='lat' dir='ltr'><strong>tempore</strong></span> <span class='ocrx_word' id='word_1_400' title='bbox 572 1503 760 1535; x_wconf 78' lang='lat' dir='ltr'><strong>Constantini</strong></span> <span class='ocrx_word' id='word_1_401' title='bbox 770 1513 862 1542; x_wconf 85' lang='lat' dir='ltr'><strong>usque</strong></span> <span class='ocrx_word' id='word_1_402' title='bbox 874 1502 915 1531; x_wconf 88' lang='lat' dir='ltr'><strong>ad</strong></span> <span class='ocrx_word' id='word_1_403' title='bbox 923 1508 1038 1540; x_wconf 84' lang='lat' dir='ltr'><strong>‚tempus</strong></span> <span class='ocrx_word' id='word_1_404' title='bbox 1056 1500 1218 1530; x_wconf 79' lang='lat' dir='ltr'><strong>Theodosii.</strong></span> <span class='ocrx_word' id='word_1_405' title='bbox 1233 1499 1265 1528; x_wconf 84' lang='lat' dir='ltr'><em>A</em></span> <span class='ocrx_word' id='word_1_406' title='bbox 1267 1499 1498 1530; x_wconf 80' lang='lat' dir='ltr'><strong>bominationem</strong></span> <span class='ocrx_word' id='word_1_407' title='bbox 1511 1506 1612 1530; x_wconf 84' lang='lat' dir='ltr'><strong>autem</strong></span> <span class='ocrx_word' id='word_1_408' title='bbox 1626 1501 1815 1533; x_wconf 80' lang='lat' dir='ltr'><strong>desolationis</strong></span> 
     </span>
     <span class='ocr_line' id='line_1_30' title="bbox 244 1545 1816 1590; baseline -0.001 -10"><span class='ocrx_word' id='word_1_409' title='bbox 244 1562 371 1589; x_wconf 62' lang='lat' dir='ltr'><strong>diximus</strong></span> <span class='ocrx_word' id='word_1_410' title='bbox 391 1565 452 1585; x_wconf 74' lang='lat' dir='ltr'><strong>esse</strong></span> <span class='ocrx_word' id='word_1_411' title='bbox 471 1555 549 1583; x_wconf 82' lang='lat' dir='ltr'><strong>hanc</strong></span> <span class='ocrx_word' id='word_1_412' title='bbox 566 1553 660 1590; x_wconf 82' lang='lat' dir='ltr'><strong>ipsam</strong></span> <span class='ocrx_word' id='word_1_413' title='bbox 677 1550 820 1585; x_wconf 79' lang='lat' dir='ltr'><strong>haeresim,</strong></span> <span class='ocrx_word' id='word_1_414' title='bbox 834 1559 900 1587; x_wconf 77' lang='lat' dir='ltr'><strong>quoe</strong></span> <span class='ocrx_word' id='word_1_415' title='bbox 922 1547 1076 1585; x_wconf 78' lang='lat' dir='ltr'><strong>occupavit</strong></span> <span class='ocrx_word' id='word_1_416' title='bbox 1098 1552 1209 1575; x_wconf 85' lang='lat' dir='ltr'><strong>sanctoe</strong></span> <span class='ocrx_word' id='word_1_417' title='bbox 1222 1545 1364 1574; x_wconf 85' lang='lat' dir='ltr'><strong>Ecclesioe</strong></span> <span class='ocrx_word' id='word_1_418' title='bbox 1379 1545 1456 1582; x_wconf 85' lang='lat' dir='ltr'><strong>loca,</strong></span> <span class='ocrx_word' id='word_1_419' title='bbox 1472 1552 1501 1575; x_wconf 89' lang='lat' dir='ltr'><strong>et</strong></span> <span class='ocrx_word' id='word_1_420' title='bbox 1515 1546 1623 1576; x_wconf 85' lang='lat' dir='ltr'><strong>multos</strong></span> <span class='ocrx_word' id='word_1_421' title='bbox 1638 1547 1783 1579; x_wconf 75' lang='lat' dir='ltr'><strong>desolavit</strong></span> <span class='ocrx_word' id='word_1_422' title='bbox 1796 1559 1816 1578; x_wconf 89' lang='lat' dir='ltr'><strong>a</strong></span> 
     </span>
     <span class='ocr_line' id='line_1_31' title="bbox 240 1593 1815 1647; baseline -0.006 -12"><span class='ocrx_word' id='word_1_423' title='bbox 240 1609 313 1647; x_wconf 86' lang='lat' dir='ltr'><strong>fide,</strong></span> <span class='ocrx_word' id='word_1_424' title='bbox 328 1612 356 1635; x_wconf 87' lang='lat' dir='ltr'><strong>et</strong></span> <span class='ocrx_word' id='word_1_425' title='bbox 368 1607 461 1645; x_wconf 88' lang='lat' dir='ltr'><strong>ipsum</strong></span> <span class='ocrx_word' id='word_1_426' title='bbox 473 1600 630 1631; x_wconf 76' lang='lat' dir='ltr'><strong>exercitum</strong></span> <span class='ocrx_word' id='word_1_427' title='bbox 642 1597 831 1632; x_wconf 84' lang='lat' dir='ltr'><strong>Antichristi,</strong></span> <span class='ocrx_word' id='word_1_428' title='bbox 842 1602 869 1624; x_wconf 87' lang='lat' dir='ltr'><strong>et</strong></span> <span class='ocrx_word' id='word_1_429' title='bbox 883 1601 1001 1624; x_wconf 68' lang='lat' dir='ltr'><strong>caeteras</strong></span> <span class='ocrx_word' id='word_1_430' title='bbox 1020 1594 1153 1629; x_wconf 84' lang='lat' dir='ltr'><strong>hoereses,</strong></span> <span class='ocrx_word' id='word_1_431' title='bbox 1165 1603 1231 1632; x_wconf 83' lang='lat' dir='ltr'><strong>quoe</strong></span> <span class='ocrx_word' id='word_1_432' title='bbox 1253 1598 1399 1632; x_wconf 85' lang='lat' dir='ltr'><strong>coeperunt</strong></span> <span class='ocrx_word' id='word_1_433' title='bbox 1411 1593 1527 1631; x_wconf 83' lang='lat' dir='ltr'><strong>publice</strong></span> <span class='ocrx_word' id='word_1_434' title='bbox 1538 1594 1644 1623; x_wconf 79' lang='lat' dir='ltr'><strong>habere</strong></span> <span class='ocrx_word' id='word_1_435' title='bbox 1652 1595 1815 1634; x_wconf 74' lang='lat' dir='ltr'><strong>Ecclesias,</strong></span> 
     </span>
     <span class='ocr_line' id='line_1_32' title="bbox 245 1639 1816 1685; baseline -0.009 0"><span class='ocrx_word' id='word_1_436' title='bbox 245 1656 340 1685; x_wconf 81' lang='lat' dir='ltr'><strong>locum</strong></span> <span class='ocrx_word' id='word_1_437' title='bbox 359 1652 522 1682; x_wconf 84' lang='lat' dir='ltr'><strong>obtinentes</strong></span> <span class='ocrx_word' id='word_1_438' title='bbox 535 1645 676 1676; x_wconf 67' lang='lat' dir='ltr'><strong>Ecclesia.²</strong></span> <span class='ocrx_word' id='word_1_439' title='bbox 690 1649 833 1674; x_wconf 83' lang='lat' dir='ltr'><strong>sanctum.</strong></span> <span class='ocrx_word' id='word_1_440' title='bbox 847 1642 878 1672; x_wconf 89' lang='lat' dir='ltr'><strong>Si</strong></span> <span class='ocrx_word' id='word_1_441' title='bbox 892 1643 958 1681; x_wconf 85' lang='lat' dir='ltr'><strong>quis</strong></span> <span class='ocrx_word' id='word_1_442' title='bbox 979 1646 1076 1670; x_wconf 85' lang='lat' dir='ltr'><strong>autem</strong></span> <span class='ocrx_word' id='word_1_443' title='bbox 1096 1639 1262 1668; x_wconf 85' lang='lat' dir='ltr'><strong>auditiones</strong></span> <span class='ocrx_word' id='word_1_444' title='bbox 1282 1639 1400 1678; x_wconf 88' lang='lat' dir='ltr'><strong>quidem</strong></span> <span class='ocrx_word' id='word_1_445' title='bbox 1420 1639 1708 1681; x_wconf 80' lang='lat' dir='ltr'><strong>proeliorum,sames</strong></span> <span class='ocrx_word' id='word_1_446' title='bbox 1721 1648 1749 1670; x_wconf 90' lang='lat' dir='ltr'><strong>et</strong></span> <span class='ocrx_word' id='word_1_447' title='bbox 1768 1648 1816 1671; x_wconf 89' lang='lat' dir='ltr'><strong>tu-</strong></span> 
     </span>
     <span class='ocr_line' id='line_1_33' title="bbox 245 1685 1818 1737; baseline -0.009 -5"><span class='ocrx_word' id='word_1_448' title='bbox 245 1701 366 1737; x_wconf 87' lang='lat' dir='ltr'><strong>multus,</strong></span> <span class='ocrx_word' id='word_1_449' title='bbox 389 1704 418 1728; x_wconf 87' lang='lat' dir='ltr'><strong>et</strong></span> <span class='ocrx_word' id='word_1_450' title='bbox 436 1694 616 1737; x_wconf 85' lang='lat' dir='ltr'><strong>pestilentias</strong></span> <span class='ocrx_word' id='word_1_451' title='bbox 638 1690 785 1730; x_wconf 81' lang='lat' dir='ltr'><strong>intelligat</strong></span> <span class='ocrx_word' id='word_1_452' title='bbox 806 1699 867 1718; x_wconf 84' lang='lat' dir='ltr'><strong>esse</strong></span> <span class='ocrx_word' id='word_1_453' title='bbox 887 1688 986 1717; x_wconf 84' lang='lat' dir='ltr'><strong>omnia</strong></span> <span class='ocrx_word' id='word_1_454' title='bbox 1010 1687 1071 1716; x_wconf 84' lang='lat' dir='ltr'><strong>hoee</strong></span> <span class='ocrx_word' id='word_1_455' title='bbox 1096 1685 1180 1715; x_wconf 81' lang='lat' dir='ltr'><strong>mala</strong></span> <span class='ocrx_word' id='word_1_456' title='bbox 1202 1685 1380 1725; x_wconf 85' lang='lat' dir='ltr'><strong>spiritualia,</strong></span> <span class='ocrx_word' id='word_1_457' title='bbox 1401 1695 1467 1726; x_wconf 87' lang='lat' dir='ltr'><strong>quae</strong></span> <span class='ocrx_word' id='word_1_458' title='bbox 1485 1685 1571 1725; x_wconf 78' lang='lat' dir='ltr'><strong>sacta</strong></span> <span class='ocrx_word' id='word_1_459' title='bbox 1596 1694 1664 1717; x_wconf 89' lang='lat' dir='ltr'><strong>sunt</strong></span> <span class='ocrx_word' id='word_1_460' title='bbox 1691 1694 1818 1728; x_wconf 87' lang='lat' dir='ltr'><strong>tempore</strong></span> 
     </span>
     <span class='ocr_line' id='line_1_34' title="bbox 247 1731 1818 1778; baseline -0.01 0"><span class='ocrx_word' id='word_1_461' title='bbox 247 1745 433 1778; x_wconf 85' lang='lat' dir='ltr'><strong>Constantini</strong></span> <span class='ocrx_word' id='word_1_462' title='bbox 453 1740 541 1772; x_wconf 82' lang='lat' dir='ltr'><strong>simul</strong></span> <span class='ocrx_word' id='word_1_463' title='bbox 558 1746 587 1768; x_wconf 88' lang='lat' dir='ltr'><strong>et</strong></span> <span class='ocrx_word' id='word_1_464' title='bbox 611 1737 763 1768; x_wconf 82' lang='lat' dir='ltr'><strong>Theodosii</strong></span> <span class='ocrx_word' id='word_1_465' title='bbox 785 1745 876 1775; x_wconf 84' lang='lat' dir='ltr'><strong>usque</strong></span> <span class='ocrx_word' id='word_1_466' title='bbox 890 1744 967 1763; x_wconf 85' lang='lat' dir='ltr'><strong>nunc</strong></span> <span class='ocrx_word' id='word_1_467' title='bbox 981 1746 989 1762; x_wconf 92' lang='lat'><strong>.·</strong></span> <span class='ocrx_word' id='word_1_468' title='bbox 1011 1734 1259 1762; x_wconf 82' lang='lat' dir='ltr'><strong>abominationem</strong></span> <span class='ocrx_word' id='word_1_469' title='bbox 1273 1738 1371 1761; x_wconf 81' lang='lat' dir='ltr'><strong>nutem</strong></span> <span class='ocrx_word' id='word_1_470' title='bbox 1387 1731 1578 1762; x_wconf 87' lang='lat' dir='ltr'><strong>desolationis</strong></span> <span class='ocrx_word' id='word_1_471' title='bbox 1592 1734 1738 1774; x_wconf 74' lang='lat' dir='ltr'><strong>intelligat</strong></span> <span class='ocrx_word' id='word_1_472' title='bbox 1756 1745 1818 1765; x_wconf 73' lang='lat' dir='ltr'><strong>esse</strong></span> 
     </span>
     <span class='ocr_line' id='line_1_35' title="bbox 245 1777 1816 1835; baseline -0.013 -11"><span class='ocrx_word' id='word_1_473' title='bbox 245 1800 340 1835; x_wconf 84' lang='lat' dir='ltr'><strong>ipsum</strong></span> <span class='ocrx_word' id='word_1_474' title='bbox 358 1793 389 1822; x_wconf 83' lang='lat' dir='ltr'><em>A</em></span> <span class='ocrx_word' id='word_1_475' title='bbox 393 1789 586 1822; x_wconf 83' lang='lat' dir='ltr'><strong>ntichristum,</strong></span> <span class='ocrx_word' id='word_1_476' title='bbox 602 1786 654 1824; x_wconf 85' lang='lat' dir='ltr'><strong>qui</strong></span> <span class='ocrx_word' id='word_1_477' title='bbox 671 1782 854 1822; x_wconf 87' lang='lat' dir='ltr'><strong>postmodum</strong></span> <span class='ocrx_word' id='word_1_478' title='bbox 873 1782 974 1810; x_wconf 82' lang='lat' dir='ltr'><strong>venire</strong></span> <span class='ocrx_word' id='word_1_479' title='bbox 993 1785 1136 1819; x_wconf 81' lang='lat' dir='ltr'><strong>speratur,</strong></span> <span class='ocrx_word' id='word_1_480' title='bbox 1152 1784 1181 1807; x_wconf 90' lang='lat' dir='ltr'><strong>et</strong></span> <span class='ocrx_word' id='word_1_481' title='bbox 1201 1778 1331 1806; x_wconf 88' lang='lat' dir='ltr'><strong>obtinere</strong></span> <span class='ocrx_word' id='word_1_482' title='bbox 1345 1778 1412 1807; x_wconf 86' lang='lat' dir='ltr'><strong>loca</strong></span> <span class='ocrx_word' id='word_1_483' title='bbox 1430 1777 1633 1808; x_wconf 86' lang='lat' dir='ltr'><strong>Ecclesiarum</strong></span> <span class='ocrx_word' id='word_1_484' title='bbox 1647 1786 1752 1810; x_wconf 73' lang='lat' dir='ltr'><strong>sancta</strong></span> <span class='ocrx_word' id='word_1_485' title='bbox 1763 1783 1816 1811; x_wconf 68' lang='lat' dir='ltr'><strong>sub</strong></span> 
     </span>
     <span class='ocr_line' id='line_1_36' title="bbox 245 1817 1727 1883; baseline -0.014 -13"><span class='ocrx_word' id='word_1_486' title='bbox 245 1843 338 1883; x_wconf 83' lang='lat' dir='ltr'><strong>specie</strong></span> <span class='ocrx_word' id='word_1_487' title='bbox 355 1838 474 1872; x_wconf 84' lang='lat' dir='ltr'><strong>Christi,</strong></span> <span class='ocrx_word' id='word_1_488' title='bbox 488 1844 524 1863; x_wconf 90' lang='lat' dir='ltr'><strong>ea</strong></span> <span class='ocrx_word' id='word_1_489' title='bbox 536 1831 642 1861; x_wconf 82' lang='lat' dir='ltr'><strong>multos</strong></span> <span class='ocrx_word' id='word_1_490' title='bbox 651 1830 786 1870; x_wconf 82' lang='lat' dir='ltr'><strong>fidelium</strong></span> <span class='ocrx_word' id='word_1_491' title='bbox 800 1827 943 1862; x_wconf 85' lang='lat' dir='ltr'><strong>desolare,</strong></span> <span class='ocrx_word' id='word_1_492' title='bbox 960 1835 1019 1854; x_wconf 89' lang='lat' dir='ltr'><strong>non</strong></span> <span class='ocrx_word' id='word_1_493' title='bbox 1028 1824 1272 1853; x_wconf 84' lang='lat' dir='ltr'><strong>irrationabiliter</strong></span> <span class='ocrx_word' id='word_1_494' title='bbox 1285 1823 1365 1852; x_wconf 79' lang='lat' dir='ltr'><strong>dicit.</strong></span> <span class='ocrx_word' id='word_1_495' title='bbox 1641 1818 1646 1822; x_wconf 61' lang='lat'><strong><em>⁴</em></strong></span> <span class='ocrx_word' id='word_1_496' title='bbox 1723 1817 1727 1821; x_wconf 70' lang='grc'><em>’</em></span> 
     </span>
    </p>

    <p class='ocr_par' dir='ltr' id='par_1_6' title="bbox 245 1869 1823 2390">
     <span class='ocr_line' id='line_1_37' title="bbox 284 1869 1815 1920; baseline -0.008 -5"><span class='ocrx_word' id='word_1_497' title='bbox 284 1889 329 1920; x_wconf 87' lang='lat' dir='ltr'><strong>Sic</strong></span> <span class='ocrx_word' id='word_1_498' title='bbox 336 1887 383 1916; x_wconf 87' lang='lat' dir='ltr'><strong>ille</strong></span> <span class='ocrx_word' id='word_1_499' title='bbox 391 1883 503 1914; x_wconf 79' lang='lat' dir='ltr'><strong>afflictas</strong></span> <span class='ocrx_word' id='word_1_500' title='bbox 510 1890 551 1910; x_wconf 86' lang='lat' dir='ltr'><strong>res</strong></span> <span class='ocrx_word' id='word_1_501' title='bbox 560 1878 723 1907; x_wconf 87' lang='lat' dir='ltr'><strong>Arianorum</strong></span> <span class='ocrx_word' id='word_1_502' title='bbox 731 1875 865 1914; x_wconf 84' lang='lat' dir='ltr'><strong>deplorat,</strong></span> <span class='ocrx_word' id='word_1_503' title='bbox 876 1883 935 1912; x_wconf 87' lang='lat' dir='ltr'><strong>quae</strong></span> <span class='ocrx_word' id='word_1_504' title='bbox 942 1873 993 1902; x_wconf 92' lang='lat' dir='ltr'><strong>sub</strong></span> <span class='ocrx_word' id='word_1_505' title='bbox 1010 1871 1183 1902; x_wconf 80' lang='lat' dir='ltr'><strong>Constantino</strong></span> <span class='ocrx_word' id='word_1_506' title='bbox 1196 1881 1244 1910; x_wconf 85' lang='lat' dir='ltr'><strong>per</strong></span> <span class='ocrx_word' id='word_1_507' title='bbox 1257 1870 1394 1899; x_wconf 80' lang='lat' dir='ltr'><strong>Nicaenam</strong></span> <span class='ocrx_word' id='word_1_508' title='bbox 1413 1869 1496 1900; x_wconf 82' lang='lat' dir='ltr'><strong>fidem</strong></span> <span class='ocrx_word' id='word_1_509' title='bbox 1508 1870 1638 1911; x_wconf 83' lang='lat' dir='ltr'><strong>depulsae,</strong></span> <span class='ocrx_word' id='word_1_510' title='bbox 1653 1872 1705 1901; x_wconf 87' lang='lat' dir='ltr'><strong>sub</strong></span> <span class='ocrx_word' id='word_1_511' title='bbox 1719 1872 1815 1902; x_wconf 90' lang='lat' dir='ltr'><strong>Theo—</strong></span> 
     </span>
     <span class='ocr_line' id='line_1_38' title="bbox 245 1917 1817 1966; baseline -0.009 -4"><span class='ocrx_word' id='word_1_512' title='bbox 245 1936 322 1965; x_wconf 85' lang='lat' dir='ltr'><strong>dosio</strong></span> <span class='ocrx_word' id='word_1_513' title='bbox 335 1939 424 1963; x_wconf 85' lang='lat' dir='ltr'><strong>autem</strong></span> <span class='ocrx_word' id='word_1_514' title='bbox 437 1931 537 1966; x_wconf 81' lang='lat' dir='ltr'><strong>Magno</strong></span> <span class='ocrx_word' id='word_1_515' title='bbox 548 1930 685 1966; x_wconf 77' lang='lat' dir='ltr'><strong>prostratae</strong></span> <span class='ocrx_word' id='word_1_516' title='bbox 696 1929 769 1960; x_wconf 79' lang='lat' dir='ltr'><strong>sunt,</strong></span> <span class='ocrx_word' id='word_1_517' title='bbox 785 1921 821 1950; x_wconf 85' lang='lat' dir='ltr'><strong>ita</strong></span> <span class='ocrx_word' id='word_1_518' title='bbox 840 1927 870 1949; x_wconf 89' lang='lat' dir='ltr'><strong>ut</strong></span> <span class='ocrx_word' id='word_1_519' title='bbox 883 1920 917 1949; x_wconf 86' lang='lat' dir='ltr'><strong>ab</strong></span> <span class='ocrx_word' id='word_1_520' title='bbox 938 1920 986 1948; x_wconf 89' lang='lat' dir='ltr'><strong>illo</strong></span> <span class='ocrx_word' id='word_1_521' title='bbox 1000 1925 1119 1958; x_wconf 89' lang='lat' dir='ltr'><strong>tempore</strong></span> <span class='ocrx_word' id='word_1_522' title='bbox 1133 1927 1223 1957; x_wconf 78' lang='lat' dir='ltr'><strong>usque</strong></span> <span class='ocrx_word' id='word_1_523' title='bbox 1243 1927 1333 1952; x_wconf 85' lang='lat' dir='ltr'><strong>nune,</strong></span> <span class='ocrx_word' id='word_1_524' title='bbox 1348 1917 1408 1947; x_wconf 86' lang='lat' dir='ltr'><strong>sive</strong></span> <span class='ocrx_word' id='word_1_525' title='bbox 1428 1927 1512 1956; x_wconf 88' lang='lat' dir='ltr'><strong>usque</strong></span> <span class='ocrx_word' id='word_1_526' title='bbox 1526 1917 1561 1946; x_wconf 90' lang='lat' dir='ltr'><strong>ad</strong></span> <span class='ocrx_word' id='word_1_527' title='bbox 1582 1918 1697 1947; x_wconf 87' lang='lat' dir='ltr'><strong>auctoris</strong></span> <span class='ocrx_word' id='word_1_528' title='bbox 1710 1925 1817 1959; x_wconf 91' lang='lat' dir='ltr'><strong>tempus</strong></span> 
     </span>
     <span class='ocr_line' id='line_1_39' title="bbox 247 1962 1818 2021; baseline -0.01 -11"><span class='ocrx_word' id='word_1_529' title='bbox 247 1983 301 2012; x_wconf 83' lang='lat' dir='ltr'><strong>illae</strong></span> <span class='ocrx_word' id='word_1_530' title='bbox 314 1989 422 2021; x_wconf 89' lang='lat' dir='ltr'><strong>pessum</strong></span> <span class='ocrx_word' id='word_1_531' title='bbox 435 1983 541 2014; x_wconf 84' lang='lat' dir='ltr'><strong>semper</strong></span> <span class='ocrx_word' id='word_1_532' title='bbox 554 1971 642 2001; x_wconf 86' lang='lat' dir='ltr'><strong>ierint.</strong></span> <span class='ocrx_word' id='word_1_533' title='bbox 657 1971 715 1999; x_wconf 86' lang='lat' dir='ltr'><strong>Hoc</strong></span> <span class='ocrx_word' id='word_1_534' title='bbox 734 1975 823 1997; x_wconf 76' lang='lat' dir='ltr'><strong>autem</strong></span> <span class='ocrx_word' id='word_1_535' title='bbox 836 1966 958 1996; x_wconf 81' lang='lat' dir='ltr'><strong>decantat</strong></span> <span class='ocrx_word' id='word_1_536' title='bbox 973 1965 1020 1995; x_wconf 85' lang='lat' dir='ltr'><strong>ille</strong></span> <span class='ocrx_word' id='word_1_537' title='bbox 1031 1965 1087 1994; x_wconf 74' lang='lat' dir='ltr'><strong>sere</strong></span> <span class='ocrx_word' id='word_1_538' title='bbox 1105 1975 1153 2004; x_wconf 88' lang='lat' dir='ltr'><strong>per</strong></span> <span class='ocrx_word' id='word_1_539' title='bbox 1177 1970 1261 1993; x_wconf 80' lang='lat' dir='ltr'><strong>totum</strong></span> <span class='ocrx_word' id='word_1_540' title='bbox 1283 1962 1384 1992; x_wconf 87' lang='lat' dir='ltr'><strong>librum</strong></span> <span class='ocrx_word' id='word_1_541' title='bbox 1400 1975 1408 1992; x_wconf 74' lang='lat' dir='ltr'>z</span> <span class='ocrx_word' id='word_1_542' title='bbox 1425 1973 1487 1992; x_wconf 85' lang='lat' dir='ltr'><strong>nam</strong></span> <span class='ocrx_word' id='word_1_543' title='bbox 1504 1974 1567 1993; x_wconf 88' lang='lat' dir='ltr'><strong>vere</strong></span> <span class='ocrx_word' id='word_1_544' title='bbox 1579 1963 1696 1993; x_wconf 73' lang='lat' dir='ltr'><strong>Asianus</strong></span> <span class='ocrx_word' id='word_1_545' title='bbox 1707 1971 1773 2000; x_wconf 82' lang='lat' dir='ltr'><strong>erat,</strong></span> <span class='ocrx_word' id='word_1_546' title='bbox 1787 1972 1818 1995; x_wconf 90' lang='lat' dir='ltr'><strong>ut</strong></span> 
     </span>
     <span class='ocr_line' id='line_1_40' title="bbox 249 2008 1818 2066; baseline -0.01 -10"><span class='ocrx_word' id='word_1_547' title='bbox 249 2039 315 2057; x_wconf 82' lang='lat' dir='ltr'><strong>mox</strong></span> <span class='ocrx_word' id='word_1_548' title='bbox 327 2023 497 2066; x_wconf 83' lang='lat' dir='ltr'><strong>probabitur.</strong></span> <span class='ocrx_word' id='word_1_549' title='bbox 514 2017 641 2057; x_wconf 88' lang='lat' dir='ltr'><strong>Idipsum</strong></span> <span class='ocrx_word' id='word_1_550' title='bbox 653 2016 733 2044; x_wconf 74' lang='lat' dir='ltr'><strong>etiam</strong></span> <span class='ocrx_word' id='word_1_551' title='bbox 747 2014 784 2043; x_wconf 87' lang='lat' dir='ltr'><strong>ait</strong></span> <span class='ocrx_word' id='word_1_552' title='bbox 797 2014 824 2043; x_wconf 91' lang='lat' dir='ltr'><strong>in</strong></span> <span class='ocrx_word' id='word_1_553' title='bbox 836 2012 940 2043; x_wconf 88' lang='lat' dir='ltr'><strong>Homil.</strong></span> <span class='ocrx_word' id='word_1_554' title='bbox 955 2012 994 2041; x_wconf 68' lang='lat'><strong>49</strong></span> <span class='ocrx_word' id='word_1_555' title='bbox 1005 2010 1087 2051; x_wconf 85' lang='lat' dir='ltr'><strong>paulo</strong></span> <span class='ocrx_word' id='word_1_556' title='bbox 1107 2017 1167 2039; x_wconf 90' lang='lat' dir='ltr'><strong>ante</strong></span> <span class='ocrx_word' id='word_1_557' title='bbox 1180 2008 1312 2046; x_wconf 87' lang='lat' dir='ltr'><strong>medium,</strong></span> <span class='ocrx_word' id='word_1_558' title='bbox 1327 2020 1423 2049; x_wconf 88' lang='lat' dir='ltr'><strong>nempe</strong></span> <span class='ocrx_word' id='word_1_559' title='bbox 1436 2016 1554 2049; x_wconf 86' lang='lat' dir='ltr'><strong>tempore</strong></span> <span class='ocrx_word' id='word_1_560' title='bbox 1566 2009 1712 2039; x_wconf 87' lang='lat' dir='ltr'><strong>Theodosii</strong></span> <span class='ocrx_word' id='word_1_561' title='bbox 1726 2021 1818 2050; x_wconf 70' lang='lat' dir='ltr'><strong>expu-</strong></span> 
     </span>
     <span class='ocr_line' id='line_1_41' title="bbox 249 2055 1823 2114; baseline -0.01 -13"><span class='ocrx_word' id='word_1_562' title='bbox 249 2079 371 2114; x_wconf 80' lang='lat' dir='ltr'><strong>gnatam</strong></span> <span class='ocrx_word' id='word_1_563' title='bbox 380 2071 472 2110; x_wconf 84' lang='lat' dir='ltr'><strong>fuisse</strong></span> <span class='ocrx_word' id='word_1_564' title='bbox 485 2064 659 2098; x_wconf 81' lang='lat' dir='ltr'><strong>Ecclesiam,</strong></span> <span class='ocrx_word' id='word_1_565' title='bbox 668 2061 769 2090; x_wconf 88' lang='lat' dir='ltr'><strong>scilicet</strong></span> <span class='ocrx_word' id='word_1_566' title='bbox 782 2059 979 2095; x_wconf 84' lang='lat' dir='ltr'><strong>Arianismum,</strong></span> <span class='ocrx_word' id='word_1_567' title='bbox 991 2067 1070 2096; x_wconf 91' lang='lat' dir='ltr'><strong>quem</strong></span> <span class='ocrx_word' id='word_1_568' title='bbox 1083 2056 1140 2096; x_wconf 88' lang='lat' dir='ltr'><strong>ipse</strong></span> <span class='ocrx_word' id='word_1_569' title='bbox 1154 2066 1235 2084; x_wconf 87' lang='lat' dir='ltr'><strong>unam</strong></span> <span class='ocrx_word' id='word_1_570' title='bbox 1246 2066 1338 2085; x_wconf 88' lang='lat' dir='ltr'><strong>veram</strong></span> <span class='ocrx_word' id='word_1_571' title='bbox 1351 2055 1501 2084; x_wconf 86' lang='lat' dir='ltr'><strong>Ecclesiam</strong></span> <span class='ocrx_word' id='word_1_572' title='bbox 1514 2065 1571 2084; x_wconf 87' lang='lat' dir='ltr'><strong>esse</strong></span> <span class='ocrx_word' id='word_1_573' title='bbox 1581 2055 1732 2094; x_wconf 78' lang='lat' dir='ltr'><strong>pugnabat3</strong></span> <span class='ocrx_word' id='word_1_574' title='bbox 1742 2057 1823 2093; x_wconf 89' lang='lat' dir='ltr'><strong>quod·</strong></span> 
     </span>
     <span class='ocr_line' id='line_1_42' title="bbox 250 2100 1817 2149; baseline -0.011 0"><span class='ocrx_word' id='word_1_575' title='bbox 250 2120 279 2149; x_wconf 90' lang='lat' dir='ltr'><strong>in</strong></span> <span class='ocrx_word' id='word_1_576' title='bbox 299 2106 392 2148; x_wconf 82' lang='lat' dir='ltr'><strong>eadem</strong></span> <span class='ocrx_word' id='word_1_577' title='bbox 404 2112 522 2145; x_wconf 79' lang='lat' dir='ltr'><strong>Humilia</strong></span> <span class='ocrx_word' id='word_1_578' title='bbox 536 2108 634 2139; x_wconf 80' lang='lat' dir='ltr'><strong>indicat</strong></span> <span class='ocrx_word' id='word_1_579' title='bbox 657 2107 725 2136; x_wconf 81' lang='lat' dir='ltr'><strong>infra</strong></span> <span class='ocrx_word' id='word_1_580' title='bbox 740 2119 748 2136; x_wconf 72' lang='grc' dir='ltr'>ε</span> <span class='ocrx_word' id='word_1_581' title='bbox 763 2106 890 2135; x_wconf 73' lang='lat' dir='ltr'><strong>Hier-esis</strong></span> <span class='ocrx_word' id='word_1_582' title='bbox 913 2104 1210 2135; x_wconf 74' lang='lat' dir='ltr'><strong>Homonastanomm,</strong></span> <span class='ocrx_word' id='word_1_583' title='bbox 1226 2100 1325 2139; x_wconf 87' lang='lat' dir='ltr'><strong>inquit,</strong></span> <span class='ocrx_word' id='word_1_584' title='bbox 1341 2110 1401 2129; x_wconf 88' lang='lat' dir='ltr'><strong>non</strong></span> <span class='ocrx_word' id='word_1_585' title='bbox 1421 2100 1516 2129; x_wconf 83' lang='lat' dir='ltr'><strong>solum</strong></span> <span class='ocrx_word' id='word_1_586' title='bbox 1543 2100 1652 2129; x_wconf 80' lang='lat' dir='ltr'><strong>Christi</strong></span> <span class='ocrx_word' id='word_1_587' title='bbox 1671 2101 1817 2131; x_wconf 78' lang='lat' dir='ltr'><strong>Ecclesia:</strong></span> 
     </span>
     <span class='ocr_line' id='line_1_43' title="bbox 251 2146 1816 2199; baseline -0.012 -2"><span class='ocrx_word' id='word_1_588' title='bbox 251 2168 435 2199; x_wconf 77' lang='lat' dir='ltr'><strong>adversatur,</strong></span> <span class='ocrx_word' id='word_1_589' title='bbox 447 2160 498 2190; x_wconf 84' lang='lat' dir='ltr'><strong>sed</strong></span> <span class='ocrx_word' id='word_1_590' title='bbox 511 2165 538 2187; x_wconf 92' lang='lat' dir='ltr'><strong>et</strong></span> <span class='ocrx_word' id='word_1_591' title='bbox 555 2157 687 2186; x_wconf 83' lang='lat' dir='ltr'><strong>omnibus</strong></span> <span class='ocrx_word' id='word_1_592' title='bbox 709 2155 840 2183; x_wconf 83' lang='lat' dir='ltr'><strong>haeresim</strong></span> <span class='ocrx_word' id='word_1_593' title='bbox 861 2162 922 2180; x_wconf 90' lang='lat' dir='ltr'><strong>non</strong></span> <span class='ocrx_word' id='word_1_594' title='bbox 942 2151 1076 2181; x_wconf 83' lang='lat' dir='ltr'><strong>similiter</strong></span> <span class='ocrx_word' id='word_1_595' title='bbox 1094 2149 1283 2188; x_wconf 83' lang='lat' dir='ltr'><strong>sapientibus.</strong></span> <span class='ocrx_word' id='word_1_596' title='bbox 1299 2148 1358 2177; x_wconf 88' lang='lat' dir='ltr'><strong>Hoc</strong></span> <span class='ocrx_word' id='word_1_597' title='bbox 1377 2146 1502 2187; x_wconf 88' lang='lat' dir='ltr'><strong>plurimis</strong></span> <span class='ocrx_word' id='word_1_598' title='bbox 1521 2147 1547 2176; x_wconf 93' lang='lat' dir='ltr'><strong>in</strong></span> <span class='ocrx_word' id='word_1_599' title='bbox 1565 2146 1631 2177; x_wconf 87' lang='lat' dir='ltr'><strong>locis</strong></span> <span class='ocrx_word' id='word_1_600' title='bbox 1644 2148 1749 2188; x_wconf 86' lang='lat' dir='ltr'><strong>repetit.</strong></span> <span class='ocrx_word' id='word_1_601' title='bbox 1765 2149 1816 2179; x_wconf 82' lang='lat' dir='ltr'><strong>His</strong></span> 
     </span>
     <span class='ocr_line' id='line_1_44' title="bbox 252 2193 1817 2255; baseline -0.011 -14"><span class='ocrx_word' id='word_1_602' title='bbox 252 2212 390 2255; x_wconf 81' lang='lat' dir='ltr'><strong>perpensis</strong></span> <span class='ocrx_word' id='word_1_603' title='bbox 402 2208 498 2248; x_wconf 83' lang='lat' dir='ltr'><strong>opinor</strong></span> <span class='ocrx_word' id='word_1_604' title='bbox 510 2205 555 2235; x_wconf 87' lang='lat' dir='ltr'><strong>vel</strong></span> <span class='ocrx_word' id='word_1_605' title='bbox 573 2203 644 2233; x_wconf 87' lang='lat' dir='ltr'><strong>circa</strong></span> <span class='ocrx_word' id='word_1_606' title='bbox 662 2201 742 2230; x_wconf 84' lang='lat' dir='ltr'><strong>finem</strong></span> <span class='ocrx_word' id='word_1_607' title='bbox 757 2200 836 2240; x_wconf 69' lang='lat' dir='ltr'><strong>sexti,</strong></span> <span class='ocrx_word' id='word_1_608' title='bbox 849 2199 893 2229; x_wconf 82' lang='lat' dir='ltr'><strong>vel</strong></span> <span class='ocrx_word' id='word_1_609' title='bbox 914 2198 1028 2238; x_wconf 86' lang='lat' dir='ltr'><strong>septimo</strong></span> <span class='ocrx_word' id='word_1_610' title='bbox 1046 2195 1143 2226; x_wconf 63' lang='lat' dir='ltr'><strong>saeculo</strong></span> <span class='ocrx_word' id='word_1_611' title='bbox 1161 2195 1291 2235; x_wconf 86' lang='lat' dir='ltr'><strong>scriptum</strong></span> <span class='ocrx_word' id='word_1_612' title='bbox 1305 2193 1356 2223; x_wconf 90' lang='lat' dir='ltr'><strong>hoc</strong></span> <span class='ocrx_word' id='word_1_613' title='bbox 1369 2205 1438 2234; x_wconf 86' lang='lat' dir='ltr'><strong>opus</strong></span> <span class='ocrx_word' id='word_1_614' title='bbox 1450 2193 1543 2224; x_wconf 88' lang='lat' dir='ltr'><strong>fuisse.</strong></span> <span class='ocrx_word' id='word_1_615' title='bbox 1559 2194 1750 2224; x_wconf 85' lang='lat' dir='ltr'><strong>Tillemontius</strong></span> <span class='ocrx_word' id='word_1_616' title='bbox 1765 2205 1817 2224; x_wconf 85' lang='lat' dir='ltr'><strong>au-</strong></span> 
     </span>
     <span class='ocr_line' id='line_1_45' title="bbox 251 2239 1818 2297; baseline -0.01 -11"><span class='ocrx_word' id='word_1_617' title='bbox 251 2268 305 2291; x_wconf 69' lang='lat' dir='ltr'><strong>tem</strong></span> <span class='ocrx_word' id='word_1_618' title='bbox 330 2258 378 2297; x_wconf 87' lang='lat' dir='ltr'><strong>qui</strong></span> <span class='ocrx_word' id='word_1_619' title='bbox 391 2256 466 2285; x_wconf 87' lang='lat' dir='ltr'><strong>illam</strong></span> <span class='ocrx_word' id='word_1_620' title='bbox 480 2251 597 2292; x_wconf 85' lang='lat' dir='ltr'><strong>priorem</strong></span> <span class='ocrx_word' id='word_1_621' title='bbox 610 2246 736 2286; x_wconf 84' lang='lat' dir='ltr'><strong>temporis</strong></span> <span class='ocrx_word' id='word_1_622' title='bbox 756 2253 846 2274; x_wconf 85' lang='lat' dir='ltr'><strong>notam</strong></span> <span class='ocrx_word' id='word_1_623' title='bbox 862 2255 914 2273; x_wconf 92' lang='lat' dir='ltr'><strong>non</strong></span> <span class='ocrx_word' id='word_1_624' title='bbox 924 2242 1163 2279; x_wconf 70' lang='lat' dir='ltr'><strong>animadverterat,</strong></span> <span class='ocrx_word' id='word_1_625' title='bbox 1178 2240 1235 2270; x_wconf 76' lang='lat' dir='ltr'><strong>haec</strong></span> <span class='ocrx_word' id='word_1_626' title='bbox 1248 2240 1318 2270; x_wconf 90' lang='lat' dir='ltr'><strong>circa</strong></span> <span class='ocrx_word' id='word_1_627' title='bbox 1332 2247 1437 2280; x_wconf 84' lang='lat' dir='ltr'><strong>tempus</strong></span> <span class='ocrx_word' id='word_1_628' title='bbox 1459 2239 1568 2280; x_wconf 88' lang='lat' dir='ltr'><strong>scripsit</strong></span> <span class='ocrx_word' id='word_1_629' title='bbox 1583 2253 1590 2269; x_wconf 76' lang='grc' dir='ltr'><strong><em>ε</em></strong></span> <span class='ocrx_word' id='word_1_630' title='bbox 1607 2252 1622 2268; x_wconf 70' lang='grc' dir='ltr'><strong>α</strong></span> <span class='ocrx_word' id='word_1_631' title='bbox 1633 2241 1744 2270; x_wconf 89' lang='lat' dir='ltr'><strong>Certum</strong></span> <span class='ocrx_word' id='word_1_632' title='bbox 1764 2242 1818 2270; x_wconf 88' lang='lat' dir='ltr'><strong>uti-</strong></span> 
     </span>
     <span class='ocr_line' id='line_1_46' title="bbox 253 2282 1816 2348; baseline -0.012 -13"><span class='ocrx_word' id='word_1_633' title='bbox 253 2282 354 2348; x_wconf 60' lang='lat' dir='ltr'><strong>que&#39;est</strong></span> <span class='ocrx_word' id='word_1_634' title='bbox 367 2305 447 2335; x_wconf 89' lang='lat' dir='ltr'><strong>illum</strong></span> <span class='ocrx_word' id='word_1_635' title='bbox 458 2299 593 2340; x_wconf 85' lang='lat' dir='ltr'><strong>scripsisse</strong></span> <span class='ocrx_word' id='word_1_636' title='bbox 612 2303 670 2337; x_wconf 89' lang='lat' dir='ltr'><strong>post</strong></span> <span class='ocrx_word' id='word_1_637' title='bbox 683 2293 867 2324; x_wconf 87' lang='lat' dir='ltr'><strong>Theodosium</strong></span> <span class='ocrx_word' id='word_1_638' title='bbox 880 2295 1022 2332; x_wconf 84' lang='lat' dir='ltr'><strong>Magnum,</strong></span> <span class='ocrx_word' id='word_1_639' title='bbox 1037 2290 1084 2330; x_wconf 89' lang='lat' dir='ltr'><strong>qui</strong></span> <span class='ocrx_word' id='word_1_640' title='bbox 1100 2288 1282 2318; x_wconf 88' lang='lat' dir='ltr'><strong>Arianismum</strong></span> <span class='ocrx_word' id='word_1_641' title='bbox 1294 2295 1434 2326; x_wconf 86' lang='lat' dir='ltr'><strong>everterat,</strong></span> <span class='ocrx_word' id='word_1_642' title='bbox 1447 2295 1478 2317; x_wconf 90' lang='lat' dir='ltr'><strong>ut</strong></span> <span class='ocrx_word' id='word_1_643' title='bbox 1490 2287 1535 2317; x_wconf 92' lang='lat' dir='ltr'><strong>hic</strong></span> <span class='ocrx_word' id='word_1_644' title='bbox 1548 2288 1663 2328; x_wconf 85' lang='lat' dir='ltr'><strong>scriptor</strong></span> <span class='ocrx_word' id='word_1_645' title='bbox 1675 2288 1816 2327; x_wconf 87' lang='lat' dir='ltr'><strong>conqueri—</strong></span> 
     </span>
     <span class='ocr_line' id='line_1_47' title="bbox 253 2333 1818 2390; baseline -0.011 -11"><span class='ocrx_word' id='word_1_646' title='bbox 253 2364 298 2386; x_wconf 89' lang='lat' dir='ltr'><strong>tur</strong></span> <span class='ocrx_word' id='word_1_647' title='bbox 322 2351 405 2390; x_wconf 83' lang='lat' dir='ltr'><strong>Quod</strong></span> <span class='ocrx_word' id='word_1_648' title='bbox 417 2356 505 2379; x_wconf 85' lang='lat' dir='ltr'><strong>autem</strong></span> <span class='ocrx_word' id='word_1_649' title='bbox 517 2346 565 2376; x_wconf 89' lang='lat' dir='ltr'><strong>ille</strong></span> <span class='ocrx_word' id='word_1_650' title='bbox 579 2344 613 2374; x_wconf 91' lang='lat' dir='ltr'><strong>de</strong></span> <span class='ocrx_word' id='word_1_651' title='bbox 624 2341 735 2373; x_wconf 75' lang='lat' dir='ltr'><strong>decimis</strong></span> <span class='ocrx_word' id='word_1_652' title='bbox 748 2341 885 2370; x_wconf 82' lang='lat' dir='ltr'><strong>fructuum</strong></span> <span class='ocrx_word' id='word_1_653' title='bbox 898 2339 989 2374; x_wconf 85' lang='lat' dir='ltr'><strong>habet,</strong></span> <span class='ocrx_word' id='word_1_654' title='bbox 1005 2337 1039 2366; x_wconf 83' lang='lat' dir='ltr'><strong>ad</strong></span> <span class='ocrx_word' id='word_1_655' title='bbox 1054 2342 1185 2376; x_wconf 85' lang='lat' dir='ltr'><strong>postrema</strong></span> <span class='ocrx_word' id='word_1_656' title='bbox 1200 2334 1346 2364; x_wconf 83' lang='lat' dir='ltr'><strong>Arianismi</strong></span> <span class='ocrx_word' id='word_1_657' title='bbox 1363 2341 1494 2374; x_wconf 87' lang='lat' dir='ltr'><strong>tempora,</strong></span> <span class='ocrx_word' id='word_1_658' title='bbox 1510 2334 1544 2363; x_wconf 90' lang='lat' dir='ltr'><strong>ad</strong></span> <span class='ocrx_word' id='word_1_659' title='bbox 1558 2334 1701 2374; x_wconf 85' lang='lat' dir='ltr'><strong>septimum</strong></span> <span class='ocrx_word' id='word_1_660' title='bbox 1712 2333 1818 2363; x_wconf 83' lang='lat' dir='ltr'><strong>circiter</strong></span> 
     </span>
    </p>

    <p class='ocr_par' dir='ltr' id='par_1_7' title="bbox 212 2378 1817 2488">
     <span class='ocr_line' id='line_1_48' title="bbox 255 2378 1816 2434; baseline -0.015 -3"><span class='ocrx_word' id='word_1_661' title='bbox 255 2378 383 2431; x_wconf 64' lang='lat' dir='ltr'><strong>sacculum</strong></span> <span class='ocrx_word' id='word_1_662' title='bbox 406 2392 584 2434; x_wconf 79' lang='lat' dir='ltr'><strong>ablegandum</strong></span> <span class='ocrx_word' id='word_1_663' title='bbox 604 2390 694 2430; x_wconf 88' lang='lat' dir='ltr'><strong>ipsum</strong></span> <span class='ocrx_word' id='word_1_664' title='bbox 708 2398 763 2416; x_wconf 81' lang='lat' dir='ltr'><strong>esse</strong></span> <span class='ocrx_word' id='word_1_665' title='bbox 777 2385 886 2423; x_wconf 80' lang='lat' dir='ltr'><strong>suadet3</strong></span> <span class='ocrx_word' id='word_1_666' title='bbox 906 2382 1124 2423; x_wconf 84' lang='lat' dir='ltr'><strong>quandoquidem</strong></span> <span class='ocrx_word' id='word_1_667' title='bbox 1142 2382 1200 2411; x_wconf 80' lang='lat' dir='ltr'><strong>haee</strong></span> <span class='ocrx_word' id='word_1_668' title='bbox 1223 2381 1333 2410; x_wconf 86' lang='lat' dir='ltr'><strong>haeresis</strong></span> <span class='ocrx_word' id='word_1_669' title='bbox 1346 2379 1381 2410; x_wconf 84' lang='lat' dir='ltr'><strong>ad</strong></span> <span class='ocrx_word' id='word_1_670' title='bbox 1398 2391 1481 2420; x_wconf 89' lang='lat' dir='ltr'><strong>usque</strong></span> <span class='ocrx_word' id='word_1_671' title='bbox 1500 2380 1580 2409; x_wconf 85' lang='lat' dir='ltr'><strong>finem</strong></span> <span class='ocrx_word' id='word_1_672' title='bbox 1595 2380 1663 2409; x_wconf 87' lang='lat' dir='ltr'><strong>sexti</strong></span> <span class='ocrx_word' id='word_1_673' title='bbox 1684 2379 1776 2409; x_wconf 62' lang='lat' dir='ltr'><strong>saeculi</strong></span> <span class='ocrx_word' id='word_1_674' title='bbox 1788 2380 1816 2409; x_wconf 87' lang='lat' dir='ltr'><strong>in</strong></span> 
     </span>
     <span class='ocr_line' id='line_1_49' title="bbox 212 2425 1817 2488; baseline -0.014 -12"><span class='ocrx_word' id='word_1_675' title='bbox 212 2460 243 2476; x_wconf 83' lang='lat' dir='ltr'><strong>vn</strong></span> <span class='ocrx_word' id='word_1_676' title='bbox 256 2446 384 2488; x_wconf 80' lang='lat' dir='ltr'><strong>Hispania</strong></span> <span class='ocrx_word' id='word_1_677' title='bbox 394 2440 514 2473; x_wconf 79' lang='lat' dir='ltr'><strong>substitit</strong></span> <span class='ocrx_word' id='word_1_678' title='bbox 533 2436 705 2478; x_wconf 79' lang='lat' dir='ltr'><strong>regnavitque</strong></span> <span class='ocrx_word' id='word_1_679' title='bbox 720 2446 726 2463; x_wconf 91' lang='lat'><strong>:</strong></span> <span class='ocrx_word' id='word_1_680' title='bbox 739 2433 785 2462; x_wconf 87' lang='lat' dir='ltr'><strong>hic</strong></span> <span class='ocrx_word' id='word_1_681' title='bbox 798 2442 862 2462; x_wconf 81' lang='lat' dir='ltr'><strong>vero</strong></span> <span class='ocrx_word' id='word_1_682' title='bbox 876 2431 991 2471; x_wconf 87' lang='lat' dir='ltr'><strong>scriptor</strong></span> <span class='ocrx_word' id='word_1_683' title='bbox 1008 2441 1077 2469; x_wconf 80' lang='lat' dir='ltr'><strong>saepe</strong></span> <span class='ocrx_word' id='word_1_684' title='bbox 1092 2428 1266 2467; x_wconf 82' lang='lat' dir='ltr'><strong>conqueritur</strong></span> <span class='ocrx_word' id='word_1_685' title='bbox 1284 2427 1430 2457; x_wconf 84' lang='lat' dir='ltr'><strong>Ecclesiam</strong></span> <span class='ocrx_word' id='word_1_686' title='bbox 1452 2436 1527 2456; x_wconf 84' lang='lat' dir='ltr'><strong>suam</strong></span> <span class='ocrx_word' id='word_1_687' title='bbox 1542 2425 1659 2466; x_wconf 83' lang='lat' dir='ltr'><strong>opprimi</strong></span> <span class='ocrx_word' id='word_1_688' title='bbox 1674 2433 1753 2465; x_wconf 87' lang='lat' dir='ltr'><strong>atque</strong></span> <span class='ocrx_word' id='word_1_689' title='bbox 1769 2436 1817 2456; x_wconf 84' lang='lat' dir='ltr'><strong>ve-</strong></span> 
     </span>
    </p>
   </div>
   <div class='ocr_carea' id='block_1_3' title="bbox 255 2473 1817 2524">
    <p class='ocr_par' dir='ltr' id='par_1_8' title="bbox 255 2473 1817 2524">
     <span class='ocr_line' id='line_1_50' title="bbox 255 2473 1817 2524; baseline -0.011 -6"><span class='ocrx_word' id='word_1_690' title='bbox 255 2494 324 2523; x_wconf 64' lang='lat' dir='ltr'><strong>xari,</strong></span> <span class='ocrx_word' id='word_1_691' title='bbox 340 2493 376 2522; x_wconf 78' lang='lat' dir='ltr'><strong>Et</strong></span> <span class='ocrx_word' id='word_1_692' title='bbox 388 2500 450 2520; x_wconf 86' lang='lat' dir='ltr'><strong>sane</strong></span> <span class='ocrx_word' id='word_1_693' title='bbox 463 2497 499 2517; x_wconf 81' lang='lat' dir='ltr'><strong>ex</strong></span> <span class='ocrx_word' id='word_1_694' title='bbox 517 2482 653 2524; x_wconf 82' lang='lat' dir='ltr'><strong>cogitandi</strong></span> <span class='ocrx_word' id='word_1_695' title='bbox 666 2479 758 2516; x_wconf 85' lang='lat' dir='ltr'><strong>modo,</strong></span> <span class='ocrx_word' id='word_1_696' title='bbox 775 2489 810 2508; x_wconf 82' lang='lat' dir='ltr'><strong>ex</strong></span> <span class='ocrx_word' id='word_1_697' title='bbox 824 2475 988 2517; x_wconf 79' lang='lat' dir='ltr'><strong>imaginandi</strong></span> <span class='ocrx_word' id='word_1_698' title='bbox 1007 2476 1036 2506; x_wconf 89' lang='lat' dir='ltr'><strong>vi</strong></span> <span class='ocrx_word' id='word_1_699' title='bbox 1054 2482 1079 2504; x_wconf 88' lang='lat' dir='ltr'><strong>et</strong></span> <span class='ocrx_word' id='word_1_700' title='bbox 1092 2474 1200 2504; x_wconf 88' lang='lat' dir='ltr'><strong>insolita</strong></span> <span class='ocrx_word' id='word_1_701' title='bbox 1221 2473 1369 2503; x_wconf 86' lang='lat' dir='ltr'><strong>disserendi</strong></span> <span class='ocrx_word' id='word_1_702' title='bbox 1390 2473 1502 2510; x_wconf 85' lang='lat' dir='ltr'><strong>ratione,</strong></span> <span class='ocrx_word' id='word_1_703' title='bbox 1518 2473 1654 2513; x_wconf 83' lang='lat' dir='ltr'><strong>Hispanus</strong></span> <span class='ocrx_word' id='word_1_704' title='bbox 1671 2483 1727 2502; x_wconf 87' lang='lat' dir='ltr'><strong>esse</strong></span> <span class='ocrx_word' id='word_1_705' title='bbox 1739 2473 1817 2515; x_wconf 80' lang='lat' dir='ltr'><strong>facile</strong></span> 
     </span>
    </p>
   </div>
   <div class='ocr_carea' id='block_1_4' title="bbox 254 2521 1817 2621">
    <p class='ocr_par' dir='ltr' id='par_1_9' title="bbox 254 2521 1817 2621">
     <span class='ocr_line' id='line_1_51' title="bbox 254 2521 1116 2581; baseline -0.026 -11"><span class='ocrx_word' id='word_1_706' title='bbox 254 2545 404 2581; x_wconf 86' lang='lat' dir='ltr'><strong>putaretur.</strong></span> <span class='ocrx_word' id='word_1_707' title='bbox 419 2536 463 2566; x_wconf 83' lang='lat' dir='ltr'><strong>Ex</strong></span> <span class='ocrx_word' id='word_1_708' title='bbox 475 2533 537 2563; x_wconf 85' lang='lat' dir='ltr'><strong>aliis</strong></span> <span class='ocrx_word' id='word_1_709' title='bbox 550 2538 637 2561; x_wconf 85' lang='lat' dir='ltr'><strong>tamen</strong></span> <span class='ocrx_word' id='word_1_710' title='bbox 651 2527 717 2558; x_wconf 87' lang='lat' dir='ltr'><strong>locis</strong></span> <span class='ocrx_word' id='word_1_711' title='bbox 730 2525 865 2564; x_wconf 87' lang='lat' dir='ltr'><strong>antiquior</strong></span> <span class='ocrx_word' id='word_1_712' title='bbox 879 2533 936 2552; x_wconf 86' lang='lat' dir='ltr'><strong>esse</strong></span> <span class='ocrx_word' id='word_1_713' title='bbox 949 2521 1083 2551; x_wconf 83' lang='lat' dir='ltr'><strong>credatur.</strong></span> <span class='ocrx_word' id='word_1_714' title='bbox 1102 2532 1116 2547; x_wconf 73' lang='lat'><strong>2&gt;</strong></span> 
     </span>
     <span class='ocr_line' id='line_1_52' title="bbox 293 2562 1817 2621; baseline -0.019 -6"><span class='ocrx_word' id='word_1_715' title='bbox 293 2588 354 2616; x_wconf 84' lang='lat' dir='ltr'><strong>Jam</strong></span> <span class='ocrx_word' id='word_1_716' title='bbox 368 2593 420 2613; x_wconf 89' lang='lat' dir='ltr'><strong>non</strong></span> <span class='ocrx_word' id='word_1_717' title='bbox 439 2590 558 2621; x_wconf 78' lang='lat' dir='ltr'><strong>quaeram</strong></span> <span class='ocrx_word' id='word_1_718' title='bbox 577 2586 631 2616; x_wconf 88' lang='lat' dir='ltr'><strong>quo</strong></span> <span class='ocrx_word' id='word_1_719' title='bbox 649 2582 767 2614; x_wconf 87' lang='lat' dir='ltr'><strong>tempore</strong></span> <span class='ocrx_word' id='word_1_720' title='bbox 786 2571 894 2601; x_wconf 75' lang='lat' dir='ltr'><strong>decima:</strong></span> <span class='ocrx_word' id='word_1_721' title='bbox 909 2569 936 2598; x_wconf 92' lang='lat' dir='ltr'><strong>in</strong></span> <span class='ocrx_word' id='word_1_722' title='bbox 952 2566 1071 2597; x_wconf 85' lang='lat' dir='ltr'><strong>Ecclesia</strong></span> <span class='ocrx_word' id='word_1_723' title='bbox 1085 2565 1152 2596; x_wconf 88' lang='lat' dir='ltr'><strong>solvi</strong></span> <span class='ocrx_word' id='word_1_724' title='bbox 1168 2565 1306 2606; x_wconf 81' lang='lat' dir='ltr'><strong>coeperint,</strong></span> <span class='ocrx_word' id='word_1_725' title='bbox 1317 2562 1482 2603; x_wconf 87' lang='lat' dir='ltr'><strong>nequeenim</strong></span> <span class='ocrx_word' id='word_1_726' title='bbox 1498 2563 1526 2592; x_wconf 91' lang='lat' dir='ltr'><strong>id</strong></span> <span class='ocrx_word' id='word_1_727' title='bbox 1537 2569 1602 2603; x_wconf 85' lang='lat' dir='ltr'><strong>puto</strong></span> <span class='ocrx_word' id='word_1_728' title='bbox 1614 2562 1649 2592; x_wconf 84' lang='lat' dir='ltr'><strong>ad</strong></span> <span class='ocrx_word' id='word_1_729' title='bbox 1664 2563 1817 2593; x_wconf 76' lang='lat' dir='ltr'><strong>institutum</strong></span> 
     </span>
    </p>
   </div>
   <div class='ocr_carea' id='block_1_5' title="bbox 254 2608 1817 2675">
    <p class='ocr_par' dir='ltr' id='par_1_10' title="bbox 254 2608 1817 2675">
     <span class='ocr_line' id='line_1_53' title="bbox 254 2608 1817 2675; baseline -0.017 -13"><span class='ocrx_word' id='word_1_730' title='bbox 254 2632 384 2675; x_wconf 74' lang='lat' dir='ltr'><strong>pertinere</strong></span> <span class='ocrx_word' id='word_1_731' title='bbox 405 2634 536 2658; x_wconf 87' lang='lat' dir='ltr'><strong>nostrum.</strong></span> <span class='ocrx_word' id='word_1_732' title='bbox 553 2625 622 2654; x_wconf 80' lang='lat' dir='ltr'><strong>Nam</strong></span> <span class='ocrx_word' id='word_1_733' title='bbox 636 2621 681 2652; x_wconf 83' lang='lat' dir='ltr'><strong>hic</strong></span> <span class='ocrx_word' id='word_1_734' title='bbox 694 2618 808 2659; x_wconf 88' lang='lat' dir='ltr'><strong>scriptor</strong></span> <span class='ocrx_word' id='word_1_735' title='bbox 822 2627 883 2647; x_wconf 87' lang='lat' dir='ltr'><strong>cum</strong></span> <span class='ocrx_word' id='word_1_736' title='bbox 899 2613 1015 2645; x_wconf 80' lang='lat' dir='ltr'><strong>decimas</strong></span> <span class='ocrx_word' id='word_1_737' title='bbox 1031 2618 1230 2648; x_wconf 81' lang='lat' dir='ltr'><strong>commemorat,</strong></span> <span class='ocrx_word' id='word_1_738' title='bbox 1245 2621 1297 2640; x_wconf 90' lang='lat' dir='ltr'><strong>non</strong></span> <span class='ocrx_word' id='word_1_739' title='bbox 1315 2610 1349 2640; x_wconf 91' lang='lat' dir='ltr'><strong>de</strong></span> <span class='ocrx_word' id='word_1_740' title='bbox 1362 2609 1473 2640; x_wconf 86' lang='lat' dir='ltr'><strong>decimis</strong></span> <span class='ocrx_word' id='word_1_741' title='bbox 1489 2609 1627 2639; x_wconf 79' lang='lat' dir='ltr'><strong>fructuum</strong></span> <span class='ocrx_word' id='word_1_742' title='bbox 1643 2608 1709 2648; x_wconf 74' lang='lat' dir='ltr'><strong>agit,</strong></span> <span class='ocrx_word' id='word_1_743' title='bbox 1725 2609 1817 2648; x_wconf 81' lang='lat' dir='ltr'><strong>quales</strong></span> 
     </span>
    </p>
   </div>
  </div>
 </body>
</html>
