1774 2814
131 181 168 202 tv
805 182 990 205 PRAEFATto.

127 242 258 278 trahebat,
280 248 397 271 comatas
411 241 497 281 spicas
510 241 664 283 dejiciebat,
681 242 797 283 στάχυας
817 246 954 282 κομῶντας
973 243 1146 279 κατακλίνων,
1166 243 1196 273 id
1209 250 1246 273 est
1257 243 1424 273 ³secundum
1443 243 1566 281 literam,
1582 243 1669 284 spicas

130 294 246 317 comatas
258 294 289 317 ut
297 298 325 317 se
337 287 496 317 inclinarent
504 287 624 327 cogebat,
633 287 733 327 quibus
745 289 836 319 verbis
848 296 1031 328 tempestatem
1043 289 1123 319 messi
1134 288 1287 329 proximam
1300 288 1412 319 indicat.
1422 289 1566 326 Quomodo
1580 296 1670 319 autem

130 333 149 363 d
171 333 290 374 intelligi
304 340 384 372 queat
391 332 427 362 de
439 332 540 372 campis
549 333 642 371 quales
650 341 712 363 sunt
725 334 832 364 ineunte
844 335 945 375 Aprili,
955 335 1039 364 herba
1053 334 1138 366 viridi
1147 345 1253 374 nempe,
1267 345 1318 364 non
1332 335 1443 365 comatis
1452 335 1544 375 spicis,
1557 335 1667 374 repleti:

129 378 264 418 siquidem
285 379 336 409 hoc
350 388 430 416 anno,
444 379 467 408 si
481 377 620 407 fidendum
633 379 746 409 Tabulis
762 380 947 418 paschalibus,
962 380 1063 410 Pascha
1078 379 1173 410 incidit
1190 380 1217 409 in
1241 387 1344 410 sextam
1357 381 1461 422 Aprilis
1478 380 1551 410 diem
1561 381 1575 410 'z'
1589 382 1629 411 Ut
1642 390 1671 412 ut

128 435 193 454 vero
206 431 256 462 cst,
273 431 382 454 comatae
391 424 470 464 spieae
483 434 536 453 non
548 431 662 463 possunt
672 425 718 455 vel
731 426 838 455 ineunte
848 425 892 456 vel
912 425 1003 455 medio
1014 425 1104 465 Aprili
1118 425 1146 454 in
1166 425 1238 465 agris
1251 425 1326 465 erigi.
1517 451 1521 455 ,

168 469 243 508 Quid
261 479 324 500 vero
342 470 365 499 si
379 469 499 499 dicamus
510 469 566 498 haec
575 468 610 498 ad
628 469 826 502 hebdomadam
839 477 956 500 sanctam
970 481 1023 500 non
1041 471 1145 507 referri,
1159 470 1207 500 sed
1224 470 1259 500 ad
1273 471 1353 500 aliam
1373 471 1569 501 hebdomadam
1582 482 1676 501 mense

128 516 233 546 circiter
242 516 354 556 ⁴Junio,
369 514 476 554 quando
490 515 569 554 spicae
583 522 716 545 comantes
726 516 754 545 in
761 516 832 556 agris
843 517 1019 547 observantur
1026 517 1098 546 circa
1105 516 1375 556 Constantinopolin?
1386 519 1444 548 Hoc
1454 524 1532 558 pacto
1545 524 1616 547 certe
1623 517 1677 546 dis—

129 562 264 591 ficultates
275 572 366 591 omnes
379 561 563 591 solverentur:
579 560 728 606 videndum
741 573 804 602 ergo
816 574 850 593 an
857 565 1003 594 Parasceve
1010 563 1070 603 illa,
1084 566 1117 593 in
1128 574 1188 604 qua
1195 565 1333 601 symbola
1342 566 1447 595 salutis
1458 566 1570 606 generis
1582 566 1672 594 nostri

131 610 162 636 in
171 618 231 647 qua
244 609 390 637 Dominus
401 617 454 647 pro
468 608 537 636 orbe
550 607 779 647 crucifigebatur,
789 615 853 645 etc„
874 610 958 649 possit
970 609 1005 639 de
1023 609 1144 649 qualibet
1155 609 1222 639 feria
1235 616 1310 639 sexta
1320 620 1367 640 seu
1385 612 1530 641 Parasceve
1543 610 1670 650 intelligi.

130 653 215 693 Apud
224 654 333 683 Graecos
343 653 437 692 utique
449 652 603 693 παρασκευὴ
615 663 665 692 pro
677 653 742 683 seria
751 661 826 683 sexta
838 655 968 695 accipitur
980 667 989 684 .-
1002 655 1173 695 παρασκευὴν
1187 654 1258 684 enim
1271 655 1343 685 diem
1357 657 1472 687 Veneris
1486 667 1542 687 esse
1555 657 1592 687 ait
1607 656 1672 686 Cle-

130 709 205 728 mens
221 698 418 728 Alexandrinus
440 699 539 728 Strom.
562 699 630 735 VII,
651 709 682 739 p.
700 700 770 735 744,
786 706 812 728 et
831 699 983 729 Chronicon
1002 699 1138 740 Anonymi
1153 699 1365 740 manuscriptum
1388 711 1403 730 a
1417 701 1516 731 Carolo
1529 701 1633 741 cangio
1644 701 1672 729 in

130 744 268 773 Glossario
282 744 380 774 Graeco
391 743 504 772 allatum
517 743 574 771 haec
587 741 622 772 de
633 743 807 773 Constantino
821 755 918 785 magno
931 745 1012 775 habet
1021 768 1029 783 ‚
1044 747 1243 779 Κωνσταντῑνος
1254 745 1341 775 πολλὰ
1352 746 1419 787 ὑπὲρ
1433 748 1600 787 Χριστιανῶν
1617 748 1672 776 ἐνο-

130 789 273 828 μοθέτησε,
287 788 333 818 καὶ
346 789 395 825 τὴν
407 788 579 828 παρασκευὴν
594 788 640 818 καὶ
658 788 707 824 τὴν
722 789 851 829 κυριακὴν
863 794 990 830 τιμᾶσθαι
1007 791 1170 831 προσέταξε,
1181 791 1229 827 τὴν
1243 790 1291 831 μὲν
1305 791 1348 821 διὰ
1365 792 1411 822 τὸν
1423 793 1534 834 σταυρὸν
1552 796 1598 823 τοῦ
1614 794 1673 823 Κυ-

130 835 196 875 ρίου,
206 835 254 870 τ-ὴν
265 834 293 864 δὲ
306 835 349 864 διὰ
362 834 410 871 τὴν
422 834 576 870 ἀνάστασιν,
590 835 800 865 Constantinus
813 836 922 866 multas
938 837 1015 878 leges
1025 848 1078 877 pro
1094 839 1268 867 Christianis
1283 837 1362 874 tulit,
1373 839 1517 878 jussitque
1529 839 1674 874 Parasce-

131 891 186 910 ven
202 887 231 910 et
244 881 435 910 Dominioam
449 881 597 919 honorari,
611 880 698 910 illam
709 888 827 921 propter
838 893 952 912 crucem
966 884 1100 920 Domini,
1115 884 1194 913 hanc
1205 889 1324 923 propter
1341 886 1590 914 resurrectionem.

169 926 221 957 Hic
235 933 305 955 certe
316 925 446 956 videtur⁵
455 926 664 966 Chrysostomus
675 926 710 955 de
727 927 781 956 alia
793 928 938 959 Parasoeve
950 929 1036 969 loqui,
1057 940 1138 969 quam
1161 929 1199 959 de
1213 929 1263 958 illa
1276 939 1336 968 quae
1350 929 1378 958 in
1392 929 1562 959 hebdomada
1583 937 1673 960 sancta

129 971 323 1010 celebrabatur3
338 970 461 1009 alioquin
470 971 542 1000 enim
555 981 642 1000 annon
661 971 696 1001 de
709 972 827 1002 Sabbato
842 975 963 1012 sequenti
976 974 1097 1014 loquens,
1108 985 1162 1014 quo
1178 984 1241 1015 pars
1251 974 1399 1005 Christiani
1410 975 1508 1015 populi
1521 975 1557 1005 ad
1569 975 1673 1006 theatra

129 1029 157 1047 se
176 1017 301 1053 contulit,
316 1017 508 1056 objurgaturus
526 1016 589 1046 illos
603 1022 660 1046 erat
681 1016 755 1055 quod
768 1017 796 1046 in
819 1018 914 1058 vigilia
927 1019 985 1060 ipsa
1004 1020 1164 1050 sanctissimi
1184 1019 1321 1050 paschatis
1338 1019 1377 1050 ad
1391 1021 1503 1061 profana
1516 1028 1542 1051 et
1554 1021 1675 1052 lascivias

129 1063 207 1103 plena
221 1062 270 1092 illa
283 1061 431 1102 spectacula
446 1072 474 1091 se
483 1061 675 1091 contulissent?
683 1063 698 1078 *
1294 1061 1296 1063 ’

170 1110 212 1138 De
225 1109 327 1138 caeteris
341 1118 401 1147 quae
419 1114 570 1147 sequuntur
579 1108 728 1148 opusculis,
739 1119 854 1148 quaeque
865 1109 895 1138 in
906 1108 1082 1138 Editionibus
1092 1108 1278 1149 Chrysostomi
1286 1109 1505 1139 Graeco-Latinis
1516 1119 1571 1139 non
1583 1116 1675 1139 exsta-

130 1155 205 1191 bant,
218 1154 282 1183 satis
294 1153 415 1183 diximus
428 1153 455 1182 in
470 1153 579 1183 Monitis
592 1153 628 1182 ad
644 1154 761 1194 singula.
773 1155 841 1192 Quae
852 1153 956 1185 Monita
968 1152 1088 1193 prudens
1101 1153 1184 1182 lector
1199 1152 1287 1192 legere
1300 1163 1335 1182 ne
1349 1153 1464 1193 omittat3
1480 1160 1542 1183 sunt
1557 1149 1629 1183 enim
1642 1164 1679 1183 effi

131 1205 219 1231 mente
231 1197 398 1236 concinnata,
410 1204 441 1227 ut
453 1197 581 1237 majorem
597 1208 632 1227 ex
644 1197 818 1229 homiliarum
830 1198 943 1228 lectione
959 1199 1077 1229 fructum
1090 1198 1231 1241 percipiat.

855 1347 877 1385 ς
892 1347 945 1376 m.

136 1469 181 1498 De
199 1467 326 1506 Synopsi
338 1466 493 1505 Scripturae
510 1475 610 1501 saone,
634 1471 662 1494 et
679 1475 731 1493 cur
750 1465 976 1501 Chrysoszomus
995 1465 1027 1493 in
1050 1466 1216 1494 recensione
1231 1466 1372 1494 librorum
1395 1467 1473 1496 Novi
1499 1468 1678 1498 Testamenti

583 1511 676 1540 Pauli
685 1511 837 1550 Epistulas
848 1516 916 1539 ante
937 1509 1105 1550 Evangelia
1114 1517 1215 1550 ponat.

175 1646 311 1685 Synopsin
327 1644 474 1684 Scriptura:
486 1653 566 1672 sacrae
585 1653 619 1672 ex
633 1642 818 1681 Manuscripto
826 1640 943 1680 quodam
957 1639 1122 1670 Coisliniano
1133 1640 1324 1679 desumsimus5
1338 1641 1431 1672 Codex
1455 1648 1544 1671 autem
1557 1642 1604 1671 ille
1614 1653 1674 1671 mu-

135 1692 201 1721 tilus
214 1691 243 1720 in
255 1691 348 1720 multis
360 1690 427 1720 locis
440 1696 511 1719 erat:
527 1699 589 1718 nam
609 1695 786 1729 praeterquam
800 1686 876 1726 quod
895 1686 924 1716 in
935 1688 1029 1717 Veteri
1045 1686 1215 1717 Testamento
1236 1688 1355 1728 plurima
1374 1688 1606 1726 desiderabantur,
1621 1695 1678 1718 tota

133 1738 206 1769 Novi
218 1737 381 1767 Testamenti
395 1736 525 1776 Synopsis
538 1735 637 1770 deerat,
647 1744 728 1773 quam
738 1740 825 1763 tamen
838 1733 872 1762 ab
891 1743 919 1762 se
935 1732 1119 1762 concinnatam
1132 1734 1189 1773 ipse
1201 1740 1294 1763 auctor
1310 1733 1340 1763 in
1352 1732 1487 1774 prooemio
1505 1733 1675 1764 testificatur.

135 1784 306 1823 Quapropter
315 1782 386 1812 nihil
399 1792 451 1812 non
461 1781 575 1821 egimus,
590 1787 621 1810 ut
633 1779 657 1809 si
669 1790 723 1819 qua
736 1779 765 1808 in
775 1778 837 1808 aliis
847 1778 1019 1808 bibliothecis
1030 1779 1153 1817 laterent,
1167 1790 1285 1818 quorum
1297 1779 1446 1810 accessione
1464 1786 1566 1809 sartum
1577 1786 1678 1809 tectum

135 1840 204 1869 opus
225 1829 290 1858 dare
300 1838 449 1868 possemus,
462 1837 492 1857 ea
506 1826 583 1855 nobis
595 1825 745 1855 amicorum
758 1834 809 1864 ope
818 1824 987 1854 mitterentur
999 1823 1141 1864 exscripta.
1156 1823 1212 1854 Ubi
1233 1834 1296 1854 vero
1316 1823 1434 1863 comperi
1454 1822 1539 1852 alium
1556 1823 1676 1864 ejusdcm

172 1960 181 1975 ²
198 1957 262 1990 Quis
273 1965 333 1983 vero
350 1953 528 1988 Chrysostomi
542 1951 680 1978 dictionem
699 1950 848 1976 translatam
865 1949 968 1982 proprio
980 1955 1052 1974 sensu
1068 1949 1268 1981 accipiaffNam
1287 1949 1312 1975 in
1329 1950 1401 1984 hujus
1419 1950 1575 1976 orationibus
1593 1959 1677 1976 mense

138 1997 216 2030 Aprili
225 1997 278 2031 jam
288 1995 399 2022 invenire
407 1993 467 2018 licet
474 1992 557 2025 spicas
568 1994 691 2023 comatae,
700 1998 762 2024 quas
771 1988 839 2023 apud
849 1986 1051 2022 agricolas-lunio
1062 1987 1165 2013 demum
1176 1990 1294 2022 reperias.
1303 1990 1342 2014 Ex
1350 1990 1389 2015 his
1400 1995 1509 2023 quatuor
1520 1989 1677 2015 orationibus

137 2038 220 2070 [sunt
231 2036 311 2067 enim,
322 2039 413 2068 praeter
429 2032 494 2058 hanc
512 2030 705 2061 Coislinianam,
720 2028 791 2055 hom.
805 2031 819 2053 4
828 2048 835 2060 ‚
849 2030 863 2053 7
877 2033 903 2053 et
920 2028 960 2059 ⁴0,
973 2035 1004 2052 ex
1016 2026 1134 2053 undecim
1145 2027 1194 2054 illis
1210 2037 1273 2062 quas
1284 2037 1298 2054 e
1311 2028 1376 2054 eod.
1392 2029 1473 2056 vatic.
1490 2029 1677 2063 primusedidit

137 2076 228 2102 Montf.
239 2076 315 2103 Tom.
327 2075 367 2106 ⁴2,
378 2082 404 2106 p.
416 2071 567 2104 323—4041
576 2069 615 2096 vel
629 2069 689 2095 solis
700 2075 814 2103 apparet,
827 2075 933 2102 κομῶντα
944 2075 995 2093 non
1011 2065 1086 2097 nimiu
1098 2067 1210 2101 urgenda
1221 2076 1282 2093 esse.
1298 2073 1331 2095 τά
1346 2073 1391 2102 γὰρ
1406 2071 1463 2104 παρ’
1478 2071 1556 2098 ἄλλοις
1571 2072 1624 2103 χθὲς
1639 2073 1677 2096 καὶ

137 2122 215 2151 πρώην
234 2119 258 2144 ἐκ
276 2120 315 2147 γῆς
331 2115 478 2149 προκύψαντα
492 2114 558 2146 παρὰ
574 2112 647 2143 τούτῳ
663 2115 725 2143 μόνῳ
736 2115 842 2142 κομῶσιν.
856 2106 992 2133 Audiamus
1004 2107 1086 2138 ipsum
1098 2107 1174 2133 Tom.
1195 2108 1235 2139 40,
1248 2116 1274 2140 p.
1288 2108 1350 2139 578,
1362 2108 1382 2133 C
1398 2120 1403 2134 :
1419 2112 1523 2142 καθάπερ
1534 2112 1579 2144 γὰρ
1594 2112 1606 2135 ὁ
1619 2115 1677 2138 σῖτος

137 2143 335 2187 κατάῧκλλὸμενος
345 2159 452 2185 κομῶντα
462 2154 493 2177 τὰ
505 2153 557 2180 λη’ῐα
568 2151 668 2175 δείκνυσι.
680 2149 738 2173 Non
749 2147 815 2173 dixit
827 2151 984 2178 καταῖληθείς.
999 2147 1033 2172 Et
1044 2148 1122 2175 Tom.
1135 2148 1160 2180 5,
1171 2156 1199 2180 p.
1213 2148 1271 2179 854,
1284 2149 1308 2173 D
1321 2156 1327 2172 τ
1341 2151 1416 2183 ὥσπερ
1426 2153 1470 2183 7⁶4³
1482 2151 1494 2174 ὁ
1506 2151 1603 2183 maipa„
1614 2147 1675 2182 (non

136 2193 202 2223 dixit
217 2191 318 2230 σπείρας)
330 2195 368 2221 οὐκ
377 2193 572 2224 ἀλύει-ἀφορῶν
583 2192 639 2222 πρὸς
650 2192 681 2214 τὰ
692 2191 745 2218 Mla
756 2192 787 2214 τὰ
799 2196 913 2221 κομῶντα.

170 2230 180 2256 ὅ
194 2234 296 2260 Habent
306 2232 360 2257 brec
373 2230 483 2263 aliquam
499 2226 686 2261 probabilitatis
701 2227 819 2260 speciem.
833 2228 933 2252 Etenim
947 2226 1039 2252 mensis
1050 2226 1119 2251 Sunii
1135 2223 1176 2251 die
1188 2226 1219 2250 29
1233 2224 1407 2251 celebrabatur
1419 2225 1541 2250 memoria
1553 2231 1597 2252 τῶν
1608 2228 1676 2258 ἁγίων

137 2278 268 2305 ἀποστόλων
279 2277 369 2308 Πέτρου
378 2274 416 2297 καὶ
426 2271 526 2296 Παύλου.
539 2268 573 2292 Et
584 2266 625 2292 die
637 2268 677 2299 80,
685 2273 729 2293 τῶν
740 2271 808 2300 άγίων
818 2267 850 2301 ιβ’
860 2270 998 2294 ἀποστόλων.
1011 2267 1092 2299 Atque
1101 2274 1131 2291 eo
1140 2265 1199 2291 anni
1211 2271 1325 2298 tempore
1336 2264 1424 2290 habita
1446 2264 1523 2289 etiam
1540 2270 1579 2290 est
1592 2264 1676 2291 homi-

139 2317 171 2343 lia
184 2314 256 2349 3[40
268 2313 295 2338 in
305 2313 389 2337 Tomo
403 2310 443 2340 ⁴2,
456 2307 504 2333 Ed.
515 2306 630 2339 Momm,
643 2312 671 2331 ut
683 2307 710 2331 in
726 2307 793 2330 notis
804 2305 994 2332 docui.Horum
1006 2312 1092 2331 autem
1105 2304 1197 2330 diserte
1213 2304 1288 2330 etiam
1301 2304 1327 2330 in
1340 2305 1388 2330 hac
1403 2304 1507 2330 homilia
1522 2304 1551 2330 fit
1564 2306 1676 2336 mentio,

136 2355 210 2382 sicuti
219 2355 246 2379 in
258 2352 340 2378 tertia.
354 2348 404 2376 Sed
415 2349 442 2374 in
454 2347 502 2373 hac
514 2345 618 2372 homilia
629 2344 698 2370 haud
707 2344 784 2370 dubie
792 2344 904 2378 loquitur
915 2345 947 2370 de
960 2349 1045 2376 συνάξει
1056 2351 1127 2370 extra
1137 2344 1253 2370 ordinem
1264 2345 1388 2377 instituta,
1401 2343 1436 2369 ob
1444 2350 1591 2376 praeeentaem
1605 2344 1674 2370 calu-

135 2401 280 2459 mllialgiixs’s'it
296 2430 324 2456 id
341 2437 400 2454 sane
412 2425 480 2458 fieri,
494 2425 540 2450 nisi
551 2424 617 2448 latro
634 2429 783 2457 repugnaret
795 2429 820 2448 et
828 2424 948 2457 jejunium
969 2422 1191 2457 quadragesimle,
1201 2429 1249 2448 etc.
1264 2423 1329 2448 Nam
1340 2421 1436 2448 Pascha
1448 2422 1569 2448 latissime
1582 2421 1674 2448 dicitur

136 2473 204 2507 apud
215 2471 433 2506 Chrysostomum.
445 2465 488 2492 Sic
499 2470 538 2490 est.
547 2464 623 2488 Tom.
638 2464 661 2495 l,
676 2471 702 2496 p.
713 2464 739 2488 6¹
749 2464 770 2495 l,
783 2469 809 2487 et
820 2472 859 2496 sq.
871 2473 876 2487 :
890 2466 914 2489 οὐ
931 2467 976 2497 γὰρ
993 2466 1075 2489 ταύτὸν
1089 2467 1167 2497 πάσχα
1182 2466 1219 2489 καὶ
1235 2467 1417 2497 τεσσαρακοστῇ,
1429 2465 1481 2488 ἀλλ’
1492 2465 1569 2496 ἕτερον
1585 2466 1670 2496 πάσχα,

135 2519 170 2543 mi
182 2517 258 2547 ἕτερον
273 2513 450 2544 τεσσαρακοστή·
463 2507 635 2538 Τίσσαρακθσῒὴ
647 2506 689 2535 μὲν
706 2507 750 2538 γὰρ
762 2506 824 2533 ἅπαξ
839 2507 878 2529 τοῦ
889 2507 989 2528 ἐνιαυτοῦ
1001 2506 1097 2534 γίνεται,
1111 2506 1188 2536 πάσχα
1201 2505 1223 2528 δὲ
1240 2506 1316 2537 τρίτον
1328 2508 1368 2531 τῆς
1386 2503 1520 2534 ἕθόομάδος·
1536 2505 1582 2527 ε”στι
1594 2503 1617 2527 δὲ
1634 2506 1674 2527 ὅτε

135 2558 171 2580 καὶ
184 2557 294 2584 τέταρτον
306 2561 327 2575 κ.
342 2560 363 2574 τ.
379 2551 399 2573 λ.
413 2544 533 2572 Videatur
545 2547 614 2567 totus
626 2541 704 2567 locus
716 2542 811 2567 Pascha
822 2547 896 2567 vocat
905 2551 1002 2566 coenam
1015 2550 1121 2566 sacram.

136 2576 146 2583 ,-
166 2591 179 2606 '⁵
198 2589 254 2624 [His
266 2588 331 2613 add„-
341 2596 395 2621 quae
408 2585 571 2613 Montfaucon
586 2583 702 2608 disseruit
713 2583 777 2608 iufra
788 2583 861 2608 Tom.
878 2583 916 2614 w,
928 2591 952 2615 p.
965 2583 1007 2606 32¹
1017 2581 1034 2614 j
