1890 2826
216 148 287 184 506

213 222 303 251 adhuc
328 220 491 251 offendiculo
514 227 553 249 est
574 216 645 249 tihi?
663 221 733 250 Sane
758 219 868 259 quidem
879 243 886 255 ‚
902 226 950 250 ait.

214 268 442 308 Congrediamur,
459 267 569 304 fratres,
585 277 647 296 cum
669 266 844 304 contentioso,
855 266 953 296 simul—

214 326 266 353 que
274 315 391 344 nitamur
403 314 433 344 vi
447 313 567 343 veritatis
578 312 641 342 illos
654 313 755 352 erigere
765 313 813 352 qui
824 312 952 343 incredu—

212 361 295 391 litatis
305 361 459 390 infirmitate
470 360 540 400 lapsi
553 366 625 389 sunt.
637 359 665 390 Si
677 366 832 399 potestatem
844 359 953 390 habuis-

211 415 250 437 set
280 408 420 443 Christus,
442 417 495 436 non
519 405 651 444 dixisset,
674 406 705 435 Si
729 406 868 446 possibile
891 411 933 436 est
942 428 950 442 ,

212 461 352 483 transeat.
369 456 471 483 Accusa
493 462 556 492 ergo
576 452 656 481 etiam
678 453 778 488 Deum,
793 451 840 491 qui
853 451 883 481 in
890 451 952 491 ‘lege

210 500 243 530 iis
257 501 346 530 verbis
363 511 428 529 usus
446 506 496 536 est⁷
509 509 569 536 quae
589 499 623 528 ab
644 499 703 539 ejus
726 505 856 539 potestate
873 498 952 538 longe

209 549 318 579 distent.
333 549 378 578 Ait
390 549 463 579 enim
474 548 565 589 Moysi
578 550 652 578 Deus
661 572 669 586 ,
681 560 744 579 cum
758 549 950 589 loquereturin

209 603 298 625 monte
308 596 384 633 Sina,
397 607 444 636 per
454 606 582 635 magnum
595 595 667 625 illud
678 596 851 635 terribileque
862 604 949 626 osten-

207 649 265 671 tum
277 655 283 671 z
296 653 358 672 cum
368 642 455 671 omnis
466 648 589 671 tremeret
598 641 728 682 populus,
737 641 847 672 audiens
856 653 949 672 vocem

207 688 257 717 Dei
271 688 387 718 viventis
400 701 406 716 :
420 687 467 727 qui
491 687 613 717 omnium
636 694 790 728 potestatem
810 688 908 725 habet,
924 695 949 719 et

206 735 296 763 omnia
306 734 432 764 omnibus
441 733 585 774 dispensat,
593 734 629 763 ait
643 734 735 775 Moysi
746 736 820 764 Deus
827 735 948 764 omnium

55 783 194 816 De11e.5.29.
206 780 334 820 largitor:
354 782 425 820 Quis
445 781 527 810 dabit
546 791 607 810 esse
625 791 677 810 cor
694 791 793 810 eorum
807 782 838 810 in
851 783 903 818 eis,
916 783 948 810 ut

206 829 326 856 timeant
342 837 398 864 me,
413 832 442 856 et
462 827 628 856 custodiant
642 828 775 856 omnibus
789 827 901 862 diebus,
915 834 948 856 ut

206 875 278 902 bene
298 875 335 903 sit
351 870 407 910 eis,
419 879 448 902 et
457 874 537 914 filiis
556 875 676 902 eorum?
688 873 762 902 Dicit
776 873 860 909 Deus,
876 873 947 911 Quis

205 921 288 949 dabit
307 920 416 959 populo
442 921 512 949 huic
536 922 605 949 cor?
619 919 656 949 Et
676 919 755 958 quis,
770 917 901 955 Domine,
921 925 947 948 te

205 966 341 1002 validior,
364 973 395 995 ut
414 965 480 995 det?
493 975 581 995 nonne
601 972 632 994 tu
652 975 680 994 es·
701 964 749 1003 qui
771 971 865 994 cuncta
885 963 945 1001 das,

204 1012 350 1052 praesertim
371 1023 430 1051 quae
443 1011 478 1041 ad
500 1011 623 1052 pietatem
645 1009 784 1050 spectant?
797 1009 857 1040 Nisi
871 1016 901 1038 tu
918 1020 947 1039 es

204 1058 251 1097 qui
265 1070 312 1088 cor
323 1059 425 1088 bonum
438 1057 487 1087 das
507 1057 685 1098 diligentibus
699 1063 734 1093 te,
748 1055 801 1085 nisi
815 1062 845 1085 tu
858 1066 886 1085 es
899 1055 947 1094 qui

54 1112 120 1133 Psal.
136 1111 174 1134 50.
204 1105 324 1145 largiris,
339 1116 423 1144 quare
443 1104 535 1134 David
555 1104 606 1134 hoc
619 1115 635 1133 a
654 1110 679 1133 te
693 1103 771 1144 petit,
785 1103 843 1132 Cor·
861 1113 945 1132 mun-

55 1150 90 1165 ¹²¹
204 1153 274 1180 dum
283 1161 351 1180 crea
360 1154 391 1180 in
405 1161 450 1179 me
462 1151 543 1179 Deus
551 1153 564 1178 P
581 1151 638 1179 Cor
649 1150 781 1179 mundum
792 1155 843 1178 ate
856 1155 948 1188 postu-

202 1197 261 1227 lant
272 1197 420 1237 prophetae,
430 1197 537 1235 aliaque
553 1197 622 1226 bona
634 1206 756 1232 munera,
766 1201 844 1234 atque
857 1194 947 1224 cordis

202 1245 347 1283 puritatem
360 1256 366 1272 :
379 1250 405 1272 et
418 1243 534 1271 humana
547 1249 623 1271 utens
635 1252 701 1272 voce
714 1241 793 1278 dicis,
813 1241 884 1279 Quis
897 1241 947 1269 da-

204 1292 246 1319 bit
255 1290 362 1329 populo
377 1290 444 1318 huic
459 1289 528 1318 cor?
544 1289 580 1318 Et
592 1289 654 1327 quis
667 1287 730 1327 plus
743 1287 790 1317 dat
803 1298 885 1326 quam
895 1287 946 1316 tu?

202 1337 396 1366 Verumtamen
416 1335 480 1364 licet
499 1342 527 1364 tu
542 1345 597 1375 prae
619 1335 738 1363 bonitate
759 1334 798 1363 sic
817 1333 946 1372 loquutus

204 1382 251 1417 sis,
264 1388 291 1411 at
302 1382 397 1410 beatus
416 1383 525 1421 Moyses
547 1390 601 1409 non
622 1379 734 1409 adhaesit
756 1379 872 1408 sermoni
886 1386 944 1415 tuo,

205 1428 251 1458 sed
270 1428 420 1468 publicavit
441 1427 606 1467 majestatem
618 1433 703 1463 tuam,
725 1425 842 1455 ostendit
854 1432 945 1455 aucto-

205 1475 311 1504 ritatem
320 1497 328 1511 ,
354 1474 478 1514 patefecit
506 1472 660 1514 potentiam.
692 1472 766 1501 Dicit
792 1471 894 1512 populo
917 1471 945 1500 in

54 1528 192 1558 Deul.29.l5-
203 1520 433 1550 Deuteronomio:
447 1520 537 1548 Dedit
548 1520 633 1548 vobis
648 1519 793 1560 ¹Dominus
805 1519 887 1547 Deus
897 1528 948 1547 cor

203 1567 244 1595 ad
253 1566 413 1601 sciendum,
426 1572 455 1594 et
466 1565 566 1595 oculos
579 1564 621 1593 ad
634 1564 809 1601 videndum,
820 1570 849 1593 et
860 1573 945 1593 aures

202 1612 243 1641 ad
253 1612 431 1641 audiendum
442 1621 532 1651 usqne
545 1612 577 1640 in
591 1611 667 1639 diem
681 1611 770 1638 hanc.

243 1658 272 1688 8.
300 1658 386 1688 Vides
411 1658 491 1686 illum
514 1656 580 1686 dare
604 1667 667 1693 cor,
686 1655 778 1685 oculos
787 1678 795 1691 ‚
818 1666 896 1685 aures
920 1663 947 1686 ct

204 1705 313 1734 omnia?
328 1704 384 1742 Qui
398 1715 462 1744 ergo
474 1704 497 1732 is
510 1703 557 1743 qui
570 1703 660 1732 omnia
674 1702 720 1732 dat
741 1701 859 1739 dicebat,
875 1703 947 1741 Quis

204 1752 287 1780 dabit
305 1751 411 1790 populo
426 1751 495 1779 huic
513 1759 564 1778 cor
585 1749 668 1778 tale?
681 1758 735 1787 quo
749 1755 826 1788 pacto
839 1759 946 1785 rursus,

55 1810 138 1832 [cuch.
159 1797 256 1832 ¹„nisi
270 1797 328 1836 ipse
348 1807 395 1826 cor
414 1796 502 1832 daret,
515 1795 615 1824 diceret
637 1805 685 1834 per
706 1794 947 1824 Ezechielem:Et
958 1826 994 1846 433

206 1846 362 1873 extraham
375 1854 411 1872 ex
426 1845 467 1872 eis
489 1852 539 1872 cor
549 1842 708 1881 lapideum,
719 1848 747 1870 et
759 1842 835 1871 dabo
846 1843 887 1871 eis
897 1853 948 1871 cor
966 1859 986 1878 Α

206 1901 354 1927 carneum,
369 1896 396 1919 et
414 1891 539 1919 scribam
553 1888 644 1928 legem
660 1898 753 1916 meam
766 1889 797 1916 in
811 1889 947 1918 cordibus

206 1940 326 1966 eorum?
342 1937 418 1967 Sicut
432 1947 495 1975 ergo
515 1935 572 1964 illic
592 1935 648 1974 ipse
660 1936 744 1969 Deus,
761 1935 809 1973 qui
822 1935 887 1965 dare
898 1946 947 1976 po-

205 1989 256 2012 test
269 1993 314 2012 cor
327 1983 440 2019 bonum,
455 1982 532 2018 dicit,
551 1982 622 2019 Quis
642 1981 726 2009 dabie
736 1983 749 2008 Ρ
763 1981 800 2010 ita
811 1988 836 2010 et
846 1982 948 2021 Unige-

206 2029 278 2058 nitus
292 2028 388 2064 Patris,
400 2028 448 2067 qui
461 2034 589 2068 potestate
602 2037 650 2055 sua
662 2026 747 2065 replet
760 2027 851 2056 orbem
866 2034 948 2056 terra-

206 2074 401 2113 rum,dicitque
410 2084 472 2103 cum
482 2073 638 2102 auctoritate
650 2084 656 2100 :
667 2073 845 2102 Potestatem
855 2075 948 2103 habeo

206 2122 336 2161 ponendi
356 2122 487 2149 animam
510 2130 613 2155 meam,
627 2125 654 2147 et
665 2126 835 2158 potestatem
855 2121 948 2150 habeo

209 2170 342 2199 sumendi
370 2179 437 2198 eam
456 2181 463 2197 .-
480 2167 568 2197 adhuc
585 2166 716 2206 responde
732 2174 758 2196 et
777 2178 811 2197 ex
831 2168 947 2198 bumana

209 2216 294 2244 forma
305 2222 331 2244 et
343 2215 445 2244 ratione
465 2213 579 2244 carnalis
593 2213 767 2249 infirmitatis,
783 2214 826 2242 his
837 2214 925 2244 verbis
939 2228 946 2244 ε

209 2262 240 2291 Si
251 2262 388 2301 possibile
399 2267 452 2296 est,
465 2266 595 2289 transeat
614 2269 633 2287 a
648 2269 693 2288 me
709 2260 798 2288 calix.
812 2260 852 2289 Ne
866 2260 950 2299 igitur

210 2307 411 2337 calumniemini
424 2307 495 2336 circa
508 2317 538 2335 ea
551 2316 611 2344 quae
624 2305 695 2334 dicta
709 2315 760 2333 non
774 2305 893 2342 suerunt,
903 2306 950 2335 sed

210 2355 336 2392 inbjerete
346 2354 391 2391 iis,
402 2364 461 2392 quae
473 2352 616 2393 praedicata
629 2358 690 2381 sunt
703 2364 709 2380 :
724 2361 758 2380 ne
771 2351 950 2381 eriminemiui

210 2401 370 2438 doctrinam,
385 2401 433 2440 qui
452 2410 559 2430 sensum
578 2408 630 2438 non
643 2398 790 2438 percipitis.
805 2398 865 2427 Scio
877 2399 950 2429 unde
969 2412 985 2435 Β

210 2449 238 2478 in
260 2448 422 2478 calumniam
436 2456 596 2487 prorumpas
608 2458 615 2475 ε
626 2446 681 2475 scio
703 2444 775 2474 unde
787 2444 826 2474 sic
839 2445 949 2475 affectus

209 2495 255 2524 sis.
271 2496 412 2525 Humanus
425 2501 465 2523 est
485 2493 605 2530 affectus,
620 2491 729 2522 invidiae
742 2491 863 2521 morbus.
879 2493 949 2522 Nam

210 2547 237 2569 ut
251 2540 345 2569 oculus
356 2540 376 2569 si
392 2550 477 2579 purus
499 2539 544 2576 sit,
559 2544 652 2568 cuncta
675 2544 745 2567 recte
755 2538 829 2567 videt
848 2548 879 2566 ac
891 2537 947 2567 dis-

207 2584 307 2622 cernit;
342 2583 383 2613 sin
396 2584 487 2613 sumus
504 2582 647 2620 invaserit,
667 2589 694 2611 et
714 2581 945 2623 pulchritudinem

59 1847 94 1870 ¹9·

55 1873 101 1893 λεν.
114 1873 194 1895 3ι.33.

58 2096 127 2117 donn.
149 2101 184 2118 10.

62 2125 96 2148 18,

59 2272 145 2294 Matth.
159 2273 197 2296 25.

59 2301 98 2332 39.

933 159 1068 183 memt'rt

1010 233 1070 260 μεν,
1088 222 1209 263 ἀδελφοὶ,
1223 225 1262 263 τῷ
1279 223 1427 264 φιλονείκῳ,
1442 224 1665 264 φιλονεικήσωμεν
1685 228 1718 266 τῇ
1735 225 1782 255 δυ·

1009 267 1086 307 νάμει
1098 271 1145 304 τῆς
1157 269 1280 305 ἀληθείας
1291 271 1389 310 ἐγεῖραι
1401 269 1461 304 τοὺς
1473 270 1602 304 πεσόντας
1613 273 1646 311 τῇ
1660 272 1781 312 ἀσθενείᾳ

1007 317 1055 350 τῆς
1073 316 1205 350 ἀπιστίας.
1225 317 1259 346 Εἰ
1281 312 1351 357 εἶχεν
1372 317 1491 351 ἐξουσίαν
1504 319 1519 346 ὁ
1533 318 1662 358 Χριστὸς,
1686 319 1734 348 οὐκ
1749 318 1779 347 ἂν

1008 355 1065 391 εἶπε
1087 362 1134 398 τὸ,
1155 363 1190 392 Εἰ
1210 363 1328 398 δυνατὸν,
1346 364 1514 404 παρελθάτω.
1539 365 1644 394 Οὐκοῦν
1666 364 1712 394 καὶ
1735 365 1780 394 τὸν

1008 407 1077 436 Θεὸν
1091 408 1209 438 αἷτίασαι
1216 432 1226 446 ,
1239 408 1283 438 διὰ
1297 412 1342 444 τοῦ
1357 409 1437 448 νόμου
1451 409 1615 450 κεχρημένον
1629 410 1681 440 τινὶ
1692 410 1779 446 λέξει,

1007 453 1074 483 πολὺ
1094 456 1141 489 τῆς
1164 456 1243 484 αὐτοῦ
1270 454 1387 489 ἐξουσίας
1409 455 1605 496 κεχωρισμένῃ.
1627 456 1708 495 Λέγει
1727 457 1779 496 γὰρ

1006 499 1070 539 πρὸς
1085 500 1130 530 τὸν
1144 500 1270 538 Μωϋσέα,
1285 501 1328 531 ὅτε
1342 501 1431 532 ἐλάλει
1448 503 1479 532 ἐκ
1495 506 1542 532 τοῦ
1555 502 1630 543 ὄρους
1643 503 1720 539 Σινᾶ,
1736 502 1779 532 διὰ

1006 548 1054 581 τῆς
1068 546 1185 586 μεγάλης
1199 547 1300 583 ἐκείνης
1311 547 1356 577 καὶ
1367 548 1480 588 φοὸερᾶς
1490 548 1656 589 ἐπιφανείας*
1669 548 1713 578 ὅτε
1726 553 1779 582 πᾶς

1005 594 1019 621 ὁ
1031 591 1093 625 λαὸς
1112 592 1231 633 ἔτρεμεν,
1247 593 1349 623 ἀκούων
1363 594 1452 634 φωνὴν
1466 595 1536 624 Θεοῦ
1551 596 1646 629 ζῶντος
1657 606 1664 613 ·
1679 597 1694 625 ὁ
1706 594 1778 625 πάν-

1005 650 1057 668 των
1071 639 1138 679 ἔχων
1150 639 1198 675 τὴν
1212 639 1340 674 ἐξουσίαν,
1351 639 1396 670 καὶ
1410 640 1498 670 πάντα
1517 640 1615 670 διέπων
1626 645 1680 674 τοῖς
1693 646 1760 671 πᾶσι
1768 663 1778 677 ,

1004 684 1074 724 λέγει
1087 687 1125 725 τῷ
1140 687 1253 725 Μωῦσῇ,
1267 689 1281 716 δ
1294 686 1362 720 Θεὸς
1375 689 1389 716 ὁ
1402 686 1436 717 τὰ
1449 687 1538 717 πάντα
1551 686 1651 721 διδούς·
1665 687 1715 721 Τίς
1727 687 1777 718 δώ-

1005 743 1046 760 σει
1067 730 1149 765 οὕτως
1162 727 1228 761 εἶναι
1247 732 1296 768 τὴν
1317 732 1426 772 καρδίαν
1448 734 1535 763 αὐτῶν
1548 734 1575 762 ἓν
1590 734 1693 770 αὓτοῖς,
1707 733 1778 764 ὥστε

1004 777 1141 816 φοὸεῖσθαί
1156 790 1189 817 με
1204 778 1249 808 καὶ
1263 779 1427 819 φυλάξασθαι
1440 779 1529 812 πάσας
1540 778 1588 813 τὰς
1601 778 1703 820 ἡμέρας
1712 802 1721 815 ,
1734 779 1778 810 ἵνα

1003 819 1033 852 εὗ
1051 819 1069 863 ἧ
1085 825 1173 858 αὐτοῖς
1190 824 1235 854 καὶ
1251 829 1304 858 τοῖς
1321 824 1423 858 τέκνοις
1444 826 1550 863 αὐτῶν,
1565 824 1646 865 Λέγει
1660 827 1675 855 ὁ
1688 825 1758 859 Θεός
1769 837 1776 846 ·

1003 869 1052 903 Τίς
1067 869 1145 900 δώσει
1162 872 1200 910 τῷ
1214 871 1270 911 λαῷ
1284 870 1369 911 τούτῳ
1387 871 1514 911 καρδίαν;
1532 870 1587 902 Καὶ
1609 871 1663 907 τίς,
1685 866 1708 901 ‹3¹›
1722 871 1777 902 Δέ-

1003 927 1105 953 σποτα,
1118 917 1185 956 ὑπὲρ
1205 916 1234 946 σὲ
1256 917 1373 956 στερεὸς,
1387 917 1431 947 ἵνα
1445 918 1502 957 δῷ;
1519 918 1549 947 οὗ
1564 917 1596 948 σὺ
1609 912 1634 948 εἷ
1655 920 1670 948 ὁ
1691 917 1776 952 διδοὺς

1001 961 1103 998 πάντα,
1123 962 1168 992 καὶ
1183 962 1300 1001 μάλιστα
1320 962 1354 992 τὰ
1375 964 1412 996 εἷς
1429 963 1564 994 εὖσέὸειαν
1589 963 1774 1000 συντείνοντα;

1002 1009 1036 1038 Εἰ
1050 1008 1086 1047 μὴ
1100 1008 1130 1038 σὺ
1145 1004 1213 1045 ἦσθα
1224 1012 1238 1039 ὃ
1251 1009 1336 1043 διδοὺς
1349 1009 1459 1050 καρδίαν
1471 1009 1571 1050 ἀγαθὴν
1583 1014 1638 1044 τοῖς
1649 1010 1775 1050 ἀγαπῶσί

1002 1066 1046 1091 σε,
1058 1055 1082 1083 εἷ
1094 1055 1131 1094 μὴ
1146 1054 1178 1084 σὺ
1192 1050 1217 1084 εἷ
1227 1058 1240 1085 ὁ
1251 1055 1353 1092 διδοὺς,
1367 1058 1423 1089 πῶς
1437 1068 1478 1086 σοι
1491 1056 1576 1086 Δαυὶδ
1588 1056 1773 1097 προσεύχεται,

1002 1101 1119 1140 Καρδίαν
1142 1101 1259 1142 καθαρὰν
1280 1102 1368 1132 κτίσον
1387 1104 1415 1132 ἐν
1437 1102 1497 1142 ἐμοὶ
1515 1105 1530 1132 ὁ
1550 1102 1638 1139 Θεός;
1655 1103 1774 1143 Καρδίαν

1002 1147 1118 1187 καθαρὰν
1132 1147 1205 1187 παρὰ
1220 1151 1266 1178 σοῦ
1281 1149 1396 1178 αἰτοῦσιν
1409 1151 1433 1178 οἱ
1446 1150 1589 1189 προφῆται,
1603 1149 1693 1179 καὶτὰ
1705 1150 1774 1180 ἄλλα

1003 1192 1075 1232 δῶρα
1096 1192 1130 1222 τὰ
1143 1194 1245 1233 ἀγαθὰ,
1266 1194 1373 1230 καὶτῆς
1391 1194 1500 1232 καρδίας
1518 1195 1708 1235 καθαρότητα·
1727 1196 1774 1226 καὶ

1002 1239 1085 1276 λέγεις
1109 1239 1258 1280 ἀνθρωπίνῃ
1274 1241 1438 1281 κεχρημένος
1457 1243 1545 1281 φωνῇ,
1565 1241 1615 1275 Τίς
1635 1241 1713 1272 δώσει
1734 1244 1774 1283 τῷ

1001 1286 1059 1324 λαῷ
1077 1286 1162 1326 τούτῳ
1183 1286 1310 1326 καρδίαν;
1332 1287 1385 1316 Καὶ
1404 1287 1443 1321 τίς
1462 1290 1477 1317 ὁ
1498 1287 1589 1317 πλεῖόν
1604 1299 1650 1317 σου
1665 1289 1773 1326 διδούς;

1001 1331 1078 1368 Πλὴν
1093 1333 1116 1361 εἷ
1130 1332 1218 1362 καὶσὺ
1230 1335 1265 1366 ὡς
1279 1333 1374 1373 ἀγαθὸς
1388 1333 1470 1367 οὕτως
1483 1334 1607 1374 ἐφθέγξω,
1624 1335 1682 1364 ἀλλ’
1696 1337 1710 1364 ὁ
1723 1347 1774 1374 μα-

1001 1377 1091 1416 κάριος
1110 1380 1228 1415 Μωῦσῆς
1249 1380 1296 1408 οὐκ
1313 1379 1477 1416 ἠκολούθησέ
1495 1392 1542 1409 σου
1565 1382 1599 1419 τῇ
1613 1379 1698 1417 λέξει,
1713 1382 1773 1410 ἀλλ’

1001 1422 1112 1463 ἐκήρυξέ
1124 1436 1170 1454 σου
1179 1425 1228 1461 τὴν
1240 1425 1325 1461 ἀξίαν,
1337 1425 1416 1460 ἔδειξε
1428 1426 1477 1462 τὴν
1489 1426 1636 1462 αὖθεντίαν,
1647 1424 1774 1467 ἐγνώρισέ

1002 1480 1048 1498 σου
1060 1469 1111 1505 ’τὴν
1126 1471 1289 1501 δυναστείαν.
1307 1471 1388 1511 Λέγει
1398 1474 1437 1512 τῷ
1453 1473 1511 1512 λαῷ
1525 1474 1552 1502 ἐν
1564 1475 1603 1512 τῷ
1615 1467 1774 1513 Δευτερονο-

1003 1514 1055 1554 μίῳ
1066 1527 1072 1533 ·
1086 1514 1205 1546 Ἔδωκεν
1221 1518 1283 1556 ὑμῖν
1297 1516 1394 1558 Κύριος
1413 1521 1427 1547 δ
1445 1517 1515 1551 Θεὸς
1536 1518 1646 1559 καρδίαν
1659 1518 1756 1548 εἰδέναι
1765 1540 1774 1554 ,

1002 1561 1047 1590 καὶ
1064 1562 1214 1602 ὀφθαλμοὺς
1234 1562 1351 1603 βλέπειν,
1375 1565 1420 1594 καὶ
1440 1558 1498 1593 ὦτα
1522 1564 1636 1600 ἀκούειν,
1656 1564 1706 1599 ἕως
1725 1567 1775 1601 τῆς

1003 1606 1104 1647 ἡμέρας
1116 1608 1224 1645 ταύτης.

1044 1659 1126 1700 Ὁρᾷς
1143 1660 1183 1690 ὅτι
1198 1661 1318 1701 καρδίαν,
1337 1661 1383 1691 καὶ
1396 1663 1561 1703 ὀφθαλμοὺς,
1575 1663 1621 1694 καὶ
1639 1659 1697 1694 ὦτα
1706 1686 1714 1701 ,
1728 1664 1775 1694 καὶ

1002 1706 1036 1735 τὰ
1047 1706 1134 1736 πάντα
1144 1709 1158 1736 ὁ
1171 1707 1247 1741 αὐτὸς
1261 1708 1351 1738 δίδωσι
1362 1721 1369 1745 ;
1380 1709 1444 1742 Πῶς
1458 1704 1502 1739 οὖν
1513 1712 1527 1739 ὃ
1540 1710 1575 1740 τὰ
1585 1710 1672 1741 πάντα
1689 1710 1774 1744 διδοὺς

1003 1754 1076 1792 ἔλεγε
1087 1775 1095 1788 ,
1110 1754 1135 1782 Τ
1138 1753 1159 1787 ίς
1181 1753 1260 1783 δώσει
1274 1756 1312 1795 τῷ
1329 1755 1387 1794 λαῷ
1404 1755 1490 1796 τούτῳ
1508 1757 1618 1797 καρδίαν
1631 1757 1773 1794 τοιαύτην;

1003 1801 1060 1832 πῶς
1071 1798 1099 1829 δὲ
1112 1799 1201 1835 πάλιν,
1218 1801 1240 1829 εἰ
1255 1799 1292 1839 μὴ
1307 1801 1384 1834 αὐτὸς
1395 1797 1427 1838 ἦν
1441 1804 1456 1831 ὁ
1469 1802 1555 1836 διδοὺς
1566 1804 1686 1843 καρδίαν,
1701 1803 1774 1844 ἔλεγε

1004 1845 1046 1874 διὰ
1067 1848 1113 1874 τοῦ
1130 1845 1259 1881 Ἰεζεκιήλ
1269 1857 1275 1864 ·
1290 1846 1343 1875 Καὶ
1358 1847 1484 1877 ἔκσπάσω
1500 1848 1527 1882 ἐξ
1548 1851 1634 1878 αὐτῶν
1647 1850 1695 1886 τὴν
1708 1861 1775 1890 καρ·

1004 1891 1060 1920 δίαν
1074 1890 1122 1927 τὴν
1135 1891 1245 1926 λιθίνην,
1264 1891 1308 1921 καὶ
1325 1892 1402 1922 δώσω
1415 1895 1503 1927 αὐτοῖς
1516 1894 1625 1935 καρδίαν
1637 1895 1773 1935 σαρκίνην,

1003 1937 1048 1967 καὶ
1067 1937 1162 1978 γράψω
1180 1937 1225 1967 τὸν
1238 1937 1318 1976 νόμον
1331 1951 1381 1978 μου
1401 1940 1428 1968 ἐν
1447 1944 1505 1973 ταῖς
1526 1940 1645 1981 καρδίαις
1668 1943 1772 1980 αὐτῶν,

1003 1983 1108 2024 εΏσπερ
1122 1979 1167 2013 οὖν
1189 1985 1243 2013 ἐκεῖ
1267 1984 1345 2018 αὐτὸς
1365 1987 1379 2014 ὁ
1397 1985 1481 2021 Θεὸς,
1500 1987 1514 2015 ὁ
1532 1986 1673 2025 δυνάμενος
1685 1988 1775 2017 δοῦναι

1003 2029 1113 2069 καρδίαν
1127 2029 1237 2069 ἀγαθὴν,
1251 2029 1323 2070 λέγει
1332 2043 1338 2049 ·
1353 2031 1402 2064 Τίς
1416 2031 1513 2068 δώσει;
1531 2033 1612 2066 οὕτως
1625 2033 1670 2062 καὶ
1684 2035 1697 2062 ὁ
1713 2035 1773 2063 Μο-

1003 2075 1109 2115 νογενὴς
1130 2079 1176 2105 τοῦ
1191 2076 1313 2116 Πατρὸς,
1332 2078 1359 2106 ἔν
1373 2077 1478 2118 ἐξουσίᾳ
1499 2079 1610 2118 πληρῶν
1622 2079 1672 2115 τὴν
1684 2081 1774 2109 οἰκου-

1004 2121 1094 2160 μένην,
1107 2120 1153 2150 καὶ
1165 2120 1249 2160 λέγων
1261 2120 1329 2159 μετὰ
1343 2121 1492 2159 αὖθεντίας,
1507 2121 1646 2156 Ἐξουσίαν
1655 2122 1710 2163 ἔχω
1723 2126 1775 2153 θεῖ-

1003 2179 1046 2196 ναι
1060 2166 1108 2202 τὴν
1121 2166 1210 2207 ψυχήν
1226 2178 1287 2206 μου,
1302 2167 1347 2197 καὶ
1365 2166 1483 2202 ἐξουσίαν
1502 2167 1556 2208 ἔχω
1570 2168 1662 2198 λαὸεῐν
1682 2169 1774 2206 αὐτὴν,

1004 2213 1174 2253 ἀποκρίνεται
1202 2213 1282 2242 πάλιν
1314 2215 1353 2253 τῷ
1386 2214 1541 2255 ἀνθρωπίνῳ
1574 2214 1695 2255 σχήματι
1710 2238 1718 2253 ,
1744 2217 1775 2246 ἐκ

1003 2259 1146 2299 προσώπου
1160 2261 1207 2295 τῆς
1227 2259 1296 2288 κατὰ
1311 2259 1398 2300 σάρκα
1409 2259 1542 2294 ἀσθενείας
1561 2261 1645 2300 λέγων
1654 2272 1661 2279 ·
1683 2262 1717 2290 Εἰ
1731 2261 1775 2290 δυ-

1004 2305 1093 2342 νατὸν,
1105 2305 1264 2345 παρελθάτω
1280 2307 1326 2335 ἀπ’
1343 2307 1408 2344 ἐμοῦ
1428 2306 1459 2335 τὸ
1471 2306 1606 2347 ποτήριον.
1626 2306 1673 2343 Μὴ
1688 2306 1774 2336 τοίνυν

1006 2356 1190 2392 συκοφαντεῖτε
1211 2351 1245 2381 τὰ
1264 2351 1301 2391 μὴ
1319 2352 1466 2391 λεγόμενα,
1480 2352 1549 2383 ἀλλὰ
1570 2357 1700 2392 στοιχεῑτι
1720 2357 1775 2386 τοῖς

1005 2398 1208 2438 κηρυττομένοις
1220 2410 1226 2417 ·
1242 2398 1279 2438 μὴ
1295 2399 1451 2429 διαὸάλλετε
1466 2398 1516 2435 τὴν
1537 2398 1717 2435 διδασκαλίαν,
1735 2399 1773 2438 μὴ

1005 2444 1252 2484 καταλαμὲάνοντες
1264 2444 1312 2480 τὴν
1327 2445 1435 2475 ἔννοιαν.
1453 2440 1523 2474 Οἶδα
1537 2444 1617 2475 πόθεν
1634 2446 1671 2478 εἷς
1684 2445 1774 2474 διαδο-

1004 2489 1053 2524 λὴν
1065 2490 1246 2524 ἐξολισθαίνεις
1255 2502 1261 2509 ·
1276 2485 1334 2520 οἶδα
1344 2493 1429 2520 ταῦτα
1439 2490 1517 2520 πόθεν
1527 2490 1648 2531 πάσχεις.
1663 2490 1774 2531 Ἀνθρώ-

1003 2547 1078 2564 πινον
1096 2535 1126 2564 τὸ
1146 2536 1244 2574 πάθος,
1266 2537 1397 2576 βασκανία
1417 2539 1435 2572 ἡ
1456 2536 1540 2571 νόσος.
1563 2537 1668 2577 Ὥσπερ
1691 2537 1742 2577 γὰρ
1760 2540 1774 2567 ὁ

1004 2582 1151 2622 ὀφθαλμὸς,
1165 2583 1210 2612 ἐὰν
1230 2579 1247 2624 ’ᾖ
1268 2583 1397 2624 καθαρὸς,
1417 2583 1504 2614 πάντα
1527 2583 1591 2624 ὀρθὰ
1614 2583 1707 2623 βλέπει
1727 2583 1773 2614 καὶ
