1904 2840
223 198 292 244 778

222 310 275 341 Sed
287 309 398 339 faciebat
420 318 482 338 eum
499 307 630 337 incertum
650 314 745 338 natura
763 308 822 349 ejus
835 308 961 338 carnalis.-

222 350 334 379 Dicebat
351 349 422 378 enim
436 346 509 388 apud
522 358 549 377 se
562 359 568 376 :
580 347 632 377 Hic
645 357 698 377 non
712 354 799 387 potest
813 358 870 378 esse
888 348 963 377 filius

223 389 285 425 Dei,
306 389 354 427 qui
367 387 401 417 de
413 387 526 416 muliere
543 393 570 416 et
585 386 620 416 de
630 386 690 418 viro
704 394 782 418 natus
791 393 841 418 est,
855 389 926 418 Nam
939 393 964 416 et

223 428 284 458 ideo
295 428 329 458 de
338 427 494 467 desponsata
504 433 530 456 et
543 426 570 455 in
581 426 663 457 domo
676 425 767 456 habita
779 433 858 457 natus
871 434 922 463 est,
933 433 966 456 ut

223 475 316 508 partus
335 466 450 511 virginis
470 465 580 495 diabolo
606 467 747 496 celaretur.
768 466 797 497 Si
824 474 913 496 autem
931 465 965 495 de

224 507 348 547 simplice
367 517 408 536 vir
428 505 470 535 ine
483 512 561 535 natus
579 505 683 543 fuisset,
705 506 783 536 facile
819 512 904 536 oterat
917 515 965 535 co*-

225 556 350 585 gnoscere
363 517 499 581 diaiiotus,
522 545 587 584 quia
605 545 679 575 filius
698 552 738 575 est
757 547 818 576 Dei.
831 546 967 585 Cogitat-et

225 586 296 615 enim
308 585 379 625 apud
394 595 422 614 se
438 595 446 614 ι
461 585 549 615 Maria
561 585 688 614 fornicata
702 595 754 614 non
766 592 806 615 est
822 597 829 614 :
844 585 867 615 si
878 591 967 614 autem

225 626 353 654 fornicata
365 625 471 659 fuisset,
481 634 530 663 ego
536 624 594 654 sine
601 624 686 654 dubio
695 624 801 662 scirem,
810 625 873 664 quia
882 625 968 654 omnis

226 664 367 694 fornicatio
378 675 421 693 me
433 663 600 694 ministrante
609 664 795 694 committitur.
809 664 872 694 Sine
882 663 967 693 dubio

227 704 275 734 iste
298 703 386 733 Filius
400 703 450 732 Dei
470 710 519 732 est.
535 704 592 734 Nec
610 703 682 733 enim
696 710 782 744 potest
801 704 871 740 fieri,
885 710 914 732 ut
934 702 969 732 de

161 756 218 772 ιινι
227 743 341 773 muliere
352 743 433 772 homo
445 742 503 772 sine
513 743 572 773 viro
587 750 720 772 nascatur.
734 742 799 773 Ideo
812 743 970 783 desponsata

228 782 339 812 intravit
351 782 462 811 domum
475 782 588 822 Joseph‚
611 789 640 811 ιιι
656 782 723 812 dum
735 783 866 812 maritalis
879 792 970 812 conce-

228 823 284 863 ptio
295 821 452 859 aestimatur‚
467 822 596 861 unigeniti
610 822 661 851 Dei
671 822 799 852 nativitas
807 833 860 852 non
873 831 970 861 cogno-

229 861 335 892 scatur?
355 862 407 891 Hic
420 868 459 891 est
470 872 519 890 rex
533 861 637 900 gloriae,
652 861 701 900 qui
714 862 809 902 pannis
820 862 971 897 involutus,

228 912 275 931 nec
296 901 386 930 locum
408 901 436 930 in
460 900 610 930 diversorio
627 901 715 941 potuit
734 901 867 938 invenire,
883 900 972 930 sedin

229 941 359 981 praesepio
372 940 475 980 positus
483 940 544 969 est?
560 940 609 970 nic
622 947 661 970 est
672 947 774 970 creator
785 951 889 976 rerum,
901 944 913 956 “
924 939 972 979 qni

229 981 322 1015 crevit,
335 987 361 1009 et
375 990 421 1019 per
432 979 552 1019 singulos
566 981 651 1009 aetatis
663 979 761 1020 gradus
773 980 911 1010 ascendit?
920 979 971 1011 Hic

229 1026 268 1048 est
280 1019 327 1048 ille
336 1026 454 1055 sanctus,
487 1019 515 1048 ui
526 1029 588 1048 cum
597 1019 828 1059 peccatoribu5‚ut
838 1026 971 1059 peccator,

229 1066 269 1088 est
283 1059 452 1098 baptizatus?
466 1031 543 1095 {uid
557 1059 640 1098 ergo?
657 1060 718 1099 Ipse
731 1069 793 1089 eum
810 1059 931 1095 tentabo,
947 1065 974 1088 et

230 1098 253 1127 si
265 1098 374 1136 quidem
387 1098 512 1128 invenero
522 1108 583 1127 eum
594 1098 741 1135 hominem,
756 1098 827 1128 sient
837 1105 913 1138 puto,
924 1098 976 1128 do-

230 1138 355 1166 minabor
362 1137 449 1174 illius,
460 1137 530 1167 sicut
543 1138 662 1166 omnium
677 1139 816 1168 bominum
830 1151 836 1167 :
850 1138 873 1168 si
886 1146 975 1168 autem

230 1177 356 1206 invenero
363 1187 436 1213 eum,
442 1176 608 1213 sicutaudio,
619 1177 722 1207 Filium
730 1177 796 1215 Dei,
805 1178 976 1217 postmodum

232 1215 354 1244 recedam
368 1216 402 1245 ab
414 1225 456 1251 eo,
473 1226 520 1245 nee
535 1215 693 1254 congrediar
706 1223 795 1246 contra
813 1228 875 1246 eum
888 1230 895 1246 :
909 1228 976 1256 quc-

232 1255 304 1283 niam
320 1255 366 1292 qui
387 1254 463 1283 vadit
475 1262 566 1284 contra
584 1255 732 1289 fortiorem.
746 1256 913 1286 occasionem
934 1257 975 1286 illi

232 1294 351 1323 vietoriae
372 1293 497 1333 providet
514 1306 520 1322 :
540 1295 564 1322 si
578 1301 665 1323 autem
684 1295 846 1324 subduxerit
858 1306 897 1332 se,
912 1307 976 1325 eva-

233 1340 294 1362 cuet
303 1333 429 1362 virtutem
443 1333 539 1372 ipsius.
555 1333 647 1363 Sciens
656 1344 719 1373 ergo
731 1333 863 1363 Dominus
873 1336 975 1374 cogita-

233 1372 317 1401 tiones
327 1371 441 1407 diaboli,
453 1372 516 1410 quia
529 1372 636 1401 volebat
649 1383 711 1402 eum
724 1379 835 1408 tentare,
846 1374 977 1412 processit

235 1418 326 1441 contra
335 1421 396 1440 eum
405 1423 411 1440 z
420 1421 471 1441 non
480 1411 556 1450 quasi
566 1413 649 1448 Deus,
657 1411 704 1441 scd
709 1412 795 1451 magis
801 1413 974 1450 quasihomo,

234 1461 282 1480 nee
301 1451 328 1479 in
343 1457 398 1479 toto
418 1451 494 1489 quasi
510 1452 593 1487 Deus,
609 1451 696 1480 necin
719 1458 775 1481 toto
793 1452 870 1490 quasi
882 1452 973 1482 homo.
992 1463 1011 1487 c

234 1491 304 1519 Nam
318 1490 544 1528 quemadmodum
553 1490 730 1529 quadraginta
743 1490 839 1521 diebus
851 1501 903 1521 non
915 1503 976 1521 esu-

234 1529 288 1558 rire
302 1539 353 1558 non
369 1536 425 1558 erat
435 1529 553 1558 hominis
567 1542 575 1558 ε
591 1530 631 1559 sic
644 1529 789 1569 aliquando
806 1531 910 1560 esurire
923 1542 978 1561 non

233 1575 290 1598 erat
301 1568 360 1598 Dei.
380 1569 518 1608 Jejunavit
536 1579 600 1614 ergo
613 1569 788 1609 quadraginta
802 1569 899 1599 diebus
913 1581 980 1610 pro-

235 1615 294 1648 pter
310 1607 378 1637 duas
391 1618 483 1638 causas
496 1619 503 1637 ι
516 1619 645 1648 primum,
660 1615 689 1638 ut
702 1609 779 1638 nobis
790 1608 921 1639 adversus
930 1617 983 1640 ten-

234 1648 345 1677 tationes
353 1647 492 1687 jejunandi
500 1647 575 1677 daret
582 1648 735 1688 exemplum
747 1660 754 1677 z
765 1648 874 1683 deinde,
882 1656 912 1679 ut
919 1660 983 1688 qua-

235 1687 379 1726 dragesimi
394 1687 490 1726 jejunii
512 1688 595 1732 nostri
614 1694 722 1728 poneret
740 1698 900 1718 mensuram.
916 1690 983 1719 Esu—

236 1727 300 1756 rivit
310 1733 410 1762 autem,
423 1734 452 1755 ut
464 1737 496 1755 ne
511 1737 590 1756 nimis
604 1738 686 1767 supra
695 1737 848 1757 mensnram
856 1728 981 1767 jejunans

236 1766 373 1795 manifeste
388 1766 581 1805 intelligeretur
589 1767 672 1803 Deus,
694 1773 720 1796 et
736 1767 774 1796 sic
794 1767 903 1797 diabolo
920 1770 982 1807 qui-

236 1805 297 1834 dem
313 1816 387 1845 spem
406 1805 526 1835 tentandi
545 1806 735 1844 exstingueret,
756 1817 884 1845 suamque
898 1808 982 1837 victo-

237 1845 304 1873 riam
319 1844 470 1889 impediret.
485 1846 578 1883 Itaque
592 1844 729 1882 diabolus,
745 1846 809 1883 quia
823 1846 918 1876 videns
931 1859 980 1887 per

236 1884 412 1923 quadraginta
432 1884 490 1913 dies
505 1884 670 1923 jejunantem
691 1884 886 1924 desperaverat,
905 1894 978 1926 post-

237 1934 317 1961 quam
329 1924 409 1952 sensit
425 1923 592 1959 esurientem,
608 1923 705 1952 iterum
726 1924 806 1964 coepit
822 1936 938 1964 sperare,
953 1934 979 1957 et

237 1962 276 1991 sic
293 1962 402 1992 accessit
419 1962 454 1991 ad
468 1969 542 1992 extra
556 1963 726 1997 esurientem,
741 1970 766 1992 et
789 1964 892 1994 invenit
906 1965 978 1996 intus

237 2012 383 2040 numquam
394 2002 564 2031 esurientem.
581 2003 617 2031 Et
629 2001 696 2031 dum
709 2010 791 2032 tentat
804 2005 975 2042 esurientem,

813 206 900 230 OPUS
925 205 1165 231 IMPRRFECTUM

73 275 210 304 loun-¹49·
221 272 299 301 Ecce
312 279 404 314 agnus
412 269 480 304 Dei,
492 277 558 298 ecce
566 270 618 308 qui
629 267 706 298 tollit
715 275 836 308 peccata
846 268 958 298 mundi.
978 271 998 294 Α
1012 279 1072 307 quae
1085 269 1195 299 fortiora
1214 277 1278 300 sunt
1288 270 1430 301 ascendere
1448 281 1503 301 non
1516 277 1614 312 potest.
1628 270 1674 301 Sic
1683 280 1759 316 ‘ergo

1013 309 1100 348 magis
1118 320 1153 339 ex
1173 320 1217 344 eo,
1239 309 1314 349 quod
1333 321 1382 351 per
1402 317 1442 340 tot
1464 310 1523 341 dies
1542 321 1596 340 non
1617 317 1760 345 esurierat,

1015 348 1164 388 intelligere
1176 348 1316 386 debuerat,
1331 350 1394 389 quia
1416 351 1490 380 Deus
1503 358 1552 384 est,
1565 361 1647 390 quam
1666 361 1702 380 ex
1715 359 1758 385 eo,

1015 387 1089 426 quod
1107 395 1168 428 post
1189 395 1228 419 tot
1247 388 1306 419 dies
1324 390 1418 426 esurit,
1437 391 1501 429 quia
1524 391 1606 420 homo
1625 397 1674 419 est.
1689 391 1759 420 Nam

1017 429 1091 457 Deus
1103 438 1163 466 quae
1175 427 1292 458 hominis
1301 435 1364 458 sunt
1372 439 1449 469 agere
1457 437 1545 470 potest
1556 430 1656 460 :bomo
1668 437 1758 459 nutem

1038 477 1078 496 uae
1100 474 1164 497 sunt
1181 468 1232 498 Dei
1245 478 1323 507 agere
1335 478 1390 498 non
1407 476 1503 509 potest.
1518 469 1574 500 Sed
1594 470 1705 499 forsitan
1728 475 1760 498 tu

1018 477 1087 536 dicis
1102 508 1212 537 :Moses
1229 514 1255 537 et
1273 507 1366 538 Helias
1375 508 1552 548 quadraginta
1573 508 1633 539 dies
1647 509 1760 550 jejuna·-

1019 553 1093 582 runt,
1114 553 1140 577 et
1160 547 1282 577 humina
1297 554 1382 578 erant.
1397 548 1452 578 Sed
1467 548 1510 578 illi
1526 548 1678 589 jejunantes
1695 557 1760 578 esn-

1020 586 1135 623 fiebant,
1157 594 1183 616 et
1196 586 1364 617 sustinebant
1385 600 1392 617 ε
1417 588 1467 618 iste
1479 595 1569 618 autem
1581 587 1761 628 quadraginta

1026 624 1122 655 diebus
1142 637 1195 656 non
1215 627 1320 656 esuriit.
1342 627 1400 657 Hoc
1424 634 1464 658 est
1481 628 1554 658 enim
1571 628 1647 668 quod
1671 627 1739 658 dicit
1752 640 1760 656 ι

1022 666 1049 694 E
1053 670 1062 694 ι
1077 675 1143 695 cum
1156 667 1320 706 jejunasset
1333 667 1532 709 quadraginta
1546 668 1659 703 diebus,
1682 672 1761 706 post-

1022 715 1057 734 ea
1070 707 1181 735 esuriit.
1201 705 1314 736 Esurire
1334 707 1406 736 enim
1421 714 1448 736 et
1466 718 1519 738 non
1539 706 1701 737 manducare
1713 715 1763 752 pn·

1022 743 1120 774 tientiae
1141 752 1180 775 est
1193 745 1318 775 humanae
1338 758 1346 774 ι
1365 756 1418 776 ιιοιι
1437 747 1540 777 esurire
1558 754 1647 776 autem
1663 747 1766 776 divin:

1023 790 1133 814 naturae.
1147 785 1202 822 Qui
1215 795 1279 825 ergo
1298 785 1474 826 quadraginta
1486 786 1584 816 diebus
1593 796 1647 816 non
1658 786 1764 822 esuriit,

1023 831 1112 863 postea
1133 824 1262 860 esuriens,
1281 824 1474 856 demonstravit
1495 826 1559 865 qnia
1578 825 1689 855 esuritio
1707 825 1767 855 e'us

1021 862 1175 899 voluntaria
1185 864 1247 898 fuit.
1257 875 1310 895 non
1320 865 1475 895 necessaria.
1485 864 1560 902 Quid
1570 875 1634 905 ergo
1644 865 1702 895 est?
1711 836 1768 896 ἐίσ-

1025 909 1053 931 ιιι
1074 913 1178 943 semper
1197 903 1324 934 diabolus
1342 914 1433 935 omnes
1459 905 1580 934 homines
1599 905 1766 942 excaecabat,

1025 948 1055 971 ιιι
1073 952 1127 971 non
1146 943 1328 983 intelligerent
1349 944 1422 983 quod
1443 951 1482 975 est
1494 945 1595 974 bonum
1609 944 1666 974 :sic
1685 944 1768 974 modo

1024 981 1199 1012 invisibiliter
1213 982 1270 1022 ipse
1288 994 1304 1013 a
1322 983 1430 1014 Christo
1444 991 1483 1014 est
1497 990 1655 1020 excaecatus,
1671 990 1701 1013 ut
1713 993 1768 1013 non

1025 1028 1195 1061 cognosceret
1212 1033 1319 1052 verum.
1336 1022 1472 1063 Cogitavit
1489 1024 1561 1053 enim
1574 1023 1648 1064 apud
1662 1033 1691 1052 se
1715 1035 1723 1052 e
1738 1023 1769 1053 Si

1027 1061 1125 1100 poterit
1138 1060 1171 1090 de
1185 1061 1324 1102 lapidibus
1333 1063 1419 1092 facere
1431 1073 1523 1102 panes,
1537 1073 1602 1093 vere
1615 1063 1705 1093 Filius
1719 1063 1770 1092 nei

1027 1107 1067 1130 est
1081 1100 1122 1130 :si
1136 1108 1224 1130 autem
1236 1112 1287 1131 non
1302 1104 1412 1143 poterit,
1427 1103 1507 1132 homo
1519 1109 1570 1132 est.
1580 1102 1635 1133 Sed
1648 1113 1708 1142 qua
1719 1102 1772 1132 tuit

1027 1139 1153 1179 cogitatio
1163 1141 1236 1171 ista?
1248 1143 1300 1172 Per
1309 1142 1361 1172 hoc
1369 1143 1443 1172 enim
1453 1152 1598 1181 numquam
1648 1149 1715 1173 terat
1725 1152 1770 1172 oo-

1028 1189 1164 1217 gnoseere,
1178 1181 1201 1210 si
1215 1182 1304 1211 Filius
1323 1182 1373 1211 Dei
1386 1189 1454 1219 erat,
1468 1191 1501 1211 an
1521 1191 1584 1212 non.
1629 1181 1728 1212 timum
1747 1182 1771 1211 si

1029 1219 1117 1248 Filius
1131 1220 1180 1249 Dei
1191 1228 1257 1258 erat,
1268 1231 1316 1250 nec
1324 1222 1468 1251 esuriebat.
1476 1221 1620 1259 Quomodo
1633 1221 1704 1251 enim
1717 1231 1772 1251 non

1028 1259 1118 1288 vincat
1137 1260 1318 1290 necessitatem
1339 1268 1441 1291 naturae
1460 1261 1594 1298 carnalis,
1616 1261 1663 1300 qui
1685 1261 1772 1301 ipsam

1029 1298 1209 1328 necessitatem
1223 1300 1251 1328 in
1263 1307 1357 1330 natura
1371 1300 1494 1331 creavit?
1506 1301 1542 1331 Ει
1555 1307 1585 1330 ιιι
1595 1300 1662 1340 quid
1675 1300 1773 1330 faceret

1028 1336 1063 1365 de
1075 1337 1214 1376 lapidibus
1227 1349 1319 1378 panes,
1334 1341 1382 1378 qui
1394 1350 1489 1380 panem
1500 1351 1563 1370 cum
1575 1340 1702 1370 omnibus
1709 1339 1773 1369 aliis

1028 1385 1063 1404 ex
1081 1376 1179 1413 nihilo,
1195 1387 1256 1407 cum
1269 1378 1366 1414 voluit,
1377 1379 1460 1408 fecit?
1473 1379 1576 1409 Deinde
1599 1379 1650 1409 etsi
1667 1379 1773 1408 aziria-

1028 1414 1073 1444 bat
1093 1423 1202 1455 propter
1214 1427 1261 1446 cor
1282 1428 1323 1454 us,
1347 1425 1374 1447 et
1392 1418 1500 1448 volebat
1528 1418 1632 1455 faeere,
1660 1417 1773 1447 faciebat

1029 1454 1135 1493 quando
1152 1455 1208 1495 ipse
1226 1427 1344 1493 vol'ebat,
1361 1467 1414 1486 non
1432 1457 1541 1496 quando
1559 1456 1686 1486 diabolus
1708 1467 1772 1497 pro-

1029 1494 1152 1524 vocabat.
1164 1495 1194 1525 Si
1207 1506 1271 1536 ergo
1280 1506 1332 1525 non
1342 1497 1449 1532 faceret,
1466 1496 1541 1536 quod
1557 1503 1584 1526 et
1601 1496 1664 1526 fecit
1676 1508 1684 1525 ε
1699 1496 1772 1526 unde

1031 1534 1142 1570 sciebat,
1164 1541 1257 1564 utrum
1279 1535 1341 1565 ideo
1362 1547 1417 1566 non
1438 1537 1513 1574 fecit,
1528 1536 1591 1575 quia
1610 1546 1664 1566 non
1684 1536 1772 1577 potuit

1031 1573 1108 1611 quasi
1119 1573 1211 1610 bomo,
1224 1581 1271 1604 aut
1289 1576 1352 1614 quia
1365 1575 1452 1605 noluit
1469 1577 1546 1615 quasi
1557 1577 1642 1613 Deus,
1661 1575 1735 1615 quod
1746 1582 1773 1605 et

1031 1612 1112 1641 fecit?
1126 1614 1194 1642 Nam
1209 1624 1257 1643 nec
1270 1615 1342 1652 fecit,
1356 1625 1404 1644 nec
1417 1614 1498 1652 dixit,
1514 1617 1638 1651 Possum,
1652 1622 1679 1645 ot
1697 1615 1771 1651 nolo,

1034 1658 1108 1681 utne
1119 1662 1147 1681 se
1169 1653 1318 1683 ostenderet
1336 1654 1438 1684 Filium
1460 1656 1520 1685 Dei.
1542 1655 1599 1684 Nec
1617 1654 1699 1692 dixit,
1711 1656 1772 1685 Non

1032 1702 1156 1731 possum,
1176 1699 1207 1722 ut
1225 1703 1278 1722 nou
1302 1704 1330 1723 se
1350 1694 1501 1724 ostenderet
1525 1694 1690 1728 mendacem.
1710 1704 1772 1724 οοιι-

1032 1731 1109 1760 fitens
1131 1742 1159 1761 se
1182 1732 1328 1768 hominem,
1352 1741 1502 1764 cum=esset
1516 1735 1598 1763 Deus.
1619 1733 1773 1773 Sedquid?

1031 1772 1062 1799 4.
1075 1771 1142 1800 Non
1159 1774 1190 1801 in
1203 1772 1267 1801 solo
1277 1783 1355 1812 pane
1376 1774 1449 1802 vivit
1462 1774 1560 1809 bomo,
1579 1774 1632 1802 sed
1648 1775 1681 1802 in
1693 1775 1774 1803 omni
1783 1785 1904 1809 D=u1.8.³.

1031 1810 1122 1839 verbo
1145 1812 1212 1840 Dei.
1234 1813 1294 1842 Non
1314 1812 1400 1850 dixit,
1421 1814 1480 1842 Non
1493 1813 1519 1842 in
1553 1823 1602 1842 ane
1613 1813 1671 1842 solo
1690 1813 1770 1851 vivo,

1031 1849 1116 1879 sed-in
1129 1851 1203 1880 omni
1217 1851 1299 1880 verbo
1316 1853 1374 1889 Dei,
1395 1859 1423 1882 ιιι
1436 1862 1488 1882 non
1504 1852 1530 1882 vi
1581 1859 1627 1882 tur
1638 1852 1674 1882 de
1687 1862 1716 1882 se
1729 1853 1773 1882 di-

1031 1889 1102 1919 xisse
1115 1902 1122 1918 ε
1135 1890 1182 1919 sed
1193 1890 1292 1927 medie,
1305 1892 1374 1921 Non
1386 1893 1418 1921 in
1431 1892 1494 1922 solo
1503 1902 1581 1932 pane
1589 1894 1663 1922 vivit
1672 1893 1770 1922 homo.

1030 1929 1105 1965 Quid
1119 1929 1194 1958 aliud
1209 1937 1313 1970 poterat
1326 1931 1486 1972 respondere
1505 1938 1531 1961 ει
1544 1931 1632 1961 Filius
1646 1931 1696 1961 Dei
1708 1932 1773 1962 abs-

1029 1968 1146 1998 condens
1160 1979 1199 2003 se,
1214 1980 1247 1998 ne
1261 1971 1415 2000 ostendatur
1431 1971 1505 2010 quod
1523 1978 1619 2010 potest,
1643 1978 1670 2000 et
1690 1971 1772 2001 homo

1028 2014 1131 2037 astutus
1144 2019 1274 2038 excusans
1287 2020 1326 2046 se,
1342 2017 1371 2039 ut
1386 2021 1439 2039 non
1459 2010 1614 2040 ostendatur
1632 2010 1704 2049 quod
1719 2021 1770 2040 non

236 2040 356 2069 vincitur
378 2052 392 2070 a
417 2051 470 2070 non
493 2043 633 2070 esuriente.
650 2042 680 2070 5.
694 2043 737 2071 Ec
754 2044 895 2074 accedens
911 2050 971 2074 ten-
991 2053 1012 2076 t>
1028 2054 1124 2085 potest.
1139 2048 1184 2077 Sic
1204 2058 1268 2087 ergo
1277 2059 1338 2078 cum
1351 2060 1385 2078 ex
1392 2050 1442 2079 hoc
1451 2059 1579 2087 responso
1589 2050 1770 2079 nihile-ertum

237 2086 315 2108 tator
326 2081 402 2109 dixit
413 2082 440 2108 ei
450 2094 457 2108 .·
472 2080 503 2109 Si
513 2080 611 2109 Filius
627 2081 684 2109 Dei
695 2091 735 2117 es,
749 2082 797 2111 dic
816 2089 847 2112 ut
862 2084 975 2122 lapides

236 2121 284 2150 isti
312 2129 382 2148 anes
389 2120 474 2158 fiant.
483 2120 507 2148 O
516 2120 619 2149 caecitas
626 2119 727 2150 diaboli
736 2121 888 2152 manifesta!
901 2125 972 2161 Quo-

234 2170 263 2188 m
300 2169 316 2187 ο
333 2159 482 2198 suspicatus
501 2165 540 2187 est
558 2169 618 2187 eum
639 2169 690 2188 non
713 2171 768 2189 esse
788 2162 889 2191 Filium
912 2164 971 2199 Dei,

234 2208 314 2237 quem
333 2205 393 2237 post
407 2197 583 2236 quadraginta
600 2198 657 2227 dies
668 2200 826 2230 esurientem
842 2202 935 2237 sensit,
949 2211 975 2233 et

233 2248 281 2277 per
292 2237 467 2276 quadraginta
487 2237 546 2266 dies
565 2248 618 2267 non
632 2239 790 2269 esurientem
801 2251 852 2269 non
866 2241 974 2272 intelle-

232 2277 294 2306 xit?
308 2278 377 2306 Nam
390 2277 459 2306 sicut
473 2277 576 2306 esurire
591 2277 706 2306 hominis
719 2285 767 2315 est,
790 2279 826 2308 ita
842 2291 891 2319 per
904 2292 972 2320 qua-

231 2316 354 2355 draginta
375 2316 432 2346 dies
452 2326 504 2346 non
524 2317 625 2346 esurire
643 2316 759 2346 hominis
778 2328 831 2347 non
848 2327 896 2348 est·
912 2323 972 2351 Non

231 2355 369 2395 cogitavit,
379 2356 506 2394 quoniam
519 2355 566 2395 qui
576 2367 638 2386 vere
649 2366 701 2385 non
715 2357 808 2392 esurit,
821 2359 973 2391 voluntarie

230 2397 332 2424 esurire
346 2402 449 2435 potest;
463 2395 606 2434 quiantem
616 2406 680 2425 vere
693 2396 787 2433 esurit,
802 2408 849 2437 per
862 2405 900 2427 tot
914 2400 971 2429 dics

230 2445 282 2464 non
296 2435 397 2464 esurire
410 2445 462 2464 non
481 2441 576 2475 potest.
591 2435 680 2464 Fortis
693 2435 728 2464 ad
739 2446 769 2464 ea
783 2447 843 2475 quae
865 2437 970 2468 infirma

229 2482 291 2503 sunt
304 2474 463 2504 descendere
474 2485 527 2504 non
541 2481 637 2514 potest,
650 2475 775 2504 infirmus
788 2483 876 2505 autem
891 2477 925 2506 ad
940 2489 969 2507 ea

1027 2085 1164 2116 addiscere
1170 2088 1310 2127 potuisset,
1319 2096 1412 2118 utrum
1421 2090 1575 2123 Deusesset‚
1585 2099 1618 2117 an
1625 2089 1715 2123 homo,
1726 2100 1770 2119 as-

1027 2126 1122 2155 sumsit
1133 2137 1194 2155 eum
1206 2126 1241 2155 ad
1254 2127 1334 2156 aliam
1347 2128 1528 2163 tentationem,
1539 2127 1631 2158 dicens
1638 2128 1711 2168 apud
1723 2139 1766 2159 se:

1027 2165 1079 2194 Iste
1084 2165 1131 2203 qui
1140 2167 1168 2194 in
1176 2166 1245 2195 fame
1255 2176 1305 2195 non
1313 2167 1442 2202 vincitur,
1452 2167 1499 2196 etsi
1506 2178 1558 2197 uon
1565 2175 1604 2197 est
1610 2168 1698 2197 Filius
1706 2169 1767 2206 Dei,

1028 2211 1115 2234 tamen
1132 2212 1238 2235 sanctus
1249 2213 1297 2235 est.
1315 2207 1415 2237 Valent
1429 2207 1502 2236 enim
1516 2207 1638 2237 homines
1649 2207 1731 2237 sancti
1741 2215 1769 2238 et

1027 2243 1180 2283 spirituales
1194 2245 1263 2274 same
1278 2255 1329 2275 non
1342 2246 1426 2276 vinci.
1444 2245 1498 2275 Sed
1511 2254 1651 2287 postquam
1661 2257 1766 2277 omnem

1027 2285 1206 2313 necessitatem
1215 2285 1303 2314 carnis
1309 2286 1433 2322 vicerint,
1442 2297 1491 2326 per
1497 2296 1591 2315 vanam
1598 2287 1712 2326 gloriam
1719 2297 1764 2316 ca-

1025 2323 1104 2353 dunt.
1117 2323 1181 2353 Ideo
1192 2325 1273 2364 ooepit
1283 2335 1344 2354 eum
1351 2332 1451 2354 tentare
1459 2325 1487 2354 in
1497 2335 1565 2355 vana
1575 2326 1670 2365 gloria.
1681 2327 1711 2356 5.
1726 2327 1767 2355 Et

1026 2366 1160 2392 assumsit
1169 2365 1271 2393 Iesum
1286 2366 1318 2393 in
1329 2371 1463 2394 sanctam
1477 2367 1634 2394 civitatem.
1650 2364 1767 2401 Quando

1025 2401 1102 2432 audis
1122 2402 1264 2439 dicentem,
1286 2405 1390 2433 Ductus
1403 2415 1419 2434 a
1437 2404 1557 2442 diabolo,
1576 2404 1644 2433 nihil
1667 2405 1767 2444 cogites

1025 2440 1058 2470 de
1067 2443 1182 2481 potentia
1193 2443 1308 2479 diaboli,
1323 2445 1386 2482 quia
1398 2443 1484 2484 potuit
1497 2443 1596 2473 ducere
1603 2443 1743 2473 Christum
1756 2457 1763 2473 :

1026 2481 1072 2510 sed
1085 2481 1120 2510 de
1131 2483 1256 2522 patientia
1269 2483 1371 2514 Christi
1389 2483 1498 2522 mirare,
1519 2483 1583 2522 quia
1595 2483 1723 2513 sustinuit
1735 2490 1766 2513 ιιι

261 2576 271 2587 u
292 2567 346 2602 Qui
364 2569 446 2600 creuit,
461 2575 483 2593 ez
496 2578 543 2602 pet·
557 2569 679 2602 singulos.
691 2569 734 2595 Sic
746 2570 777 2597 V.
791 2571 821 2595 D.
835 2577 861 2595 et
878 2571 946 2597 Editi
958 2574 982 2598 in
1008 2581 1044 2600 cst
1057 2578 1180 2608 repetitio.

228 2615 306 2639 marg.
320 2614 386 2632 recte
409 2607 476 2632 Editi
491 2609 515 2632 iu
534 2613 603 2633 textu
621 2609 666 2642 qui
683 2610 776 2634 creauit
790 2611 874 2636 omnia
892 2613 983 2644 e1,·scd
