1904 2840
0 1093 78 1119 (abac.
88 1094 112 1117 3.

34 2429 121 2453 ηαδ.

615 196 650 218 IN
676 195 867 219 MATTHAEUM
872 210 879 218 .

132 264 186 287 tem
199 267 280 297 super
288 257 408 297 jumenta
422 255 503 285 estin
517 255 672 295 praecordiis
681 266 773 285 eorum
788 255 866 285 habi·
890 260 908 281 Α
925 255 1077 285 ablaturum
1098 256 1132 285 de

0 298 70 320 [auh.
86 305 122 322 ¹¹·
131 303 199 334 tare,
215 303 245 326 nt
255 296 328 326 dicat
338 295 395 325 illis
407 295 548 325 Christus:
568 295 674 324 Tolli-te
688 305 760 324 onus
774 305 870 323 meum

130 346 289 375 supervos,
304 341 332 364 et
342 335 451 370 videte,
465 337 537 374 quia
549 336 626 363 mitis
639 345 703 364 sum
714 341 741 363 et
753 334 871 363 humilis

131 376 227 404 corde.
238 374 372 405 Mansueti
381 374 454 403 enim
463 380 631 404 mansuetum
640 373 738 403 debent
746 381 853 413 portare
858 384 868 411 3
878 406 882 410 ,

130 415 179 453 qui
201 414 306 445 vocavit
325 424 381 450 eos,
405 424 491 443 sessor
507 420 558 449 est,
573 424 628 443 non
646 420 677 443 ut
697 413 759 442 illos
776 413 870 453 puniat

130 461 240 495 propter
256 461 362 494 peccata
381 464 486 489 eorum,
504 452 552 482 sed
564 460 594 482 ut
612 453 668 492 ipse
681 453 829 491 requiescat
841 452 870 481 in

131 493 169 523 eis
177 501 286 534 propter
299 492 530 523 mansuetudinem
541 503 646 522 eorum.
658 493 727 521 Nam
737 492 807 521 sicut
818 491 870 520 hoc

131 543 214 572 genus
222 533 347 573 jumenti,
358 532 382 562 si
393 532 460 571 quid
469 539 550 567 errat,
565 532 593 560 in
606 531 776 571 simplicitate
787 537 868 564 errat,

131 579 159 601 et
171 583 223 602 non
237 573 265 602 in
277 572 417 613 asperitate
426 584 434 600 ε
450 571 487 600 ita
498 578 524 601 et
537 571 668 606 homines,
683 571 731 610 qui
746 569 868 599 credide-

131 619 195 641 runt
206 612 235 641 in
249 613 342 643 Jesum
355 612 503 647 Christum,
520 613 578 640 sive
591 622 625 641 ex
637 610 750 647 Judaeis,
766 610 823 639 sive
835 620 869 639 ex

131 652 265 696 gentibus,
285 659 346 681 ante
364 651 504 681 Christum
517 661 570 679 non
589 650 618 679 in
638 649 751 686 malitia,
773 649 820 678 sed
840 649 868 677 in

132 691 280 730 ignorantia
301 697 485 731 peccaverunt.
509 690 574 719 Ideo
593 701 621 719 se
644 688 802 718 deridebant
815 698 866 717 non

132 731 225 770 puniri
244 731 296 760 sub
319 730 396 760 “ravi
414 740 524 759 sessore.
544 730 613 759 Nam
631 729 701 758 sicat
720 734 868 768 peccatores

132 770 195 808 eqni
203 777 265 799 sunt
276 769 320 799 dia
341 769 390 805 oli,
402 770 437 800 ita
447 776 473 798 et
484 769 566 798 sancti
577 769 638 807 equi
649 767 868 797 dicuntuerhri-

133 810 166 838 sti
182 821 190 837 .·
205 810 268 848 qnia
289 809 415 839 diabolus
427 809 454 838 in
467 808 652 849 peccatoribus
670 806 775 843 sedens,
793 807 869 836 insti-

134 856 178 888 gat
185 859 229 878 eos
240 849 399 889 perdeserta
413 849 559 878 facinorum
572 860 579 876 z
593 847 623 877 id
636 854 686 883 est,
702 857 749 887 per
758 846 868 875 fornica-

133 889 229 924 tiones,
247 899 295 928 per
313 888 452 924 avaritias,
467 894 499 917 et
514 894 624 923 caetera3
637 887 761 916 Christus
774 886 868 915 sedens

133 928 161 957 in
173 929 282 964 sanctis,
302 927 397 967 dirigit
414 938 459 957 eos
473 938 520 967 per
549 927 610 956 lana
619 927 743 966 justitiae,
767 925 797 954 id
817 933 866 962 est,

132 967 161 999 iu
173 967 302 1004 castitate,
314 968 342 996 in
352 967 514 997 humilitate.
528 938 601 1006 {rgo
610 965 744 1004 equitatus
754 964 868 1001 diaboli,

167 1006 247 1036 rditio
259 1014 312 1036 est:
325 1007 459 1046 equitatus
473 1013 561 1035 autem
575 1005 687 1040 Christi,
702 1005 785 1040 salus,
800 1005 870 1034 sicut

131 1017 257 1076 Fleabacuc
269 1046 337 1076 dicit
345 1047 374 1075 in
384 1046 494 1076 canticis
504 1045 561 1074 suis
571 1045 606 1074 ad
615 1046 704 1084 ipsum
713 1044 851 1073 Christum
861 1056 867 1072 ι

135 1086 194 1124 Qui
213 1087 347 1115 ascendis
368 1096 454 1125 super
470 1095 558 1125 equos
575 1091 649 1120 tuos,
675 1090 703 1112 et
724 1085 870 1123 equitatus

133 1132 200 1155 tuus
214 1127 326 1155 sanitas
348 1132 400 1154 est.
426 1126 498 1164 Ergo
512 1124 620 1153 induxit
641 1124 749 1163 pullum
763 1124 791 1152 in
805 1130 872 1152 tem·

132 1165 222 1204 plum,
241 1173 270 1195 ut
284 1171 376 1205 gentes
387 1164 489 1194 Judaeis
504 1164 660 1203 conjungat,
677 1170 706 1192 ut
727 1163 873 1203 adimpleat

133 1204 207 1242 quod
226 1205 312 1235 Jacob
326 1203 485 1233 benedicens
498 1204 678 1233 filiumsuum
692 1204 709 1233 J
712 1203 792 1231 udam
806 1213 872 1242 pro—

9 1248 78 1279 cn.49
93 1257 123 1273 ιι.
134 1243 271 1283 phetavit:
288 1244 439 1283 Alligans‚
464 1244 561 1282 inquit,
583 1244 625 1272 ad
645 1245 736 1272 vitem
756 1242 872 1281 pullum

54 1298 127 1315 cnvm
135 1292 228 1312 suum.
241 1285 308 1321 Qnae
314 1290 352 1313 est
363 1283 410 1312 illa
425 1283 509 1313 vitis?
522 1282 626 1319 Judaea,
637 1293 696 1321 quae
708 1281 745 1325 de
754 1282 823 1321 AEgy
827 1288 872 1320 pto

135 1323 262 1352 translata
275 1331 324 1358 est,
339 1330 364 1352 et
373 1323 401 1351 in
413 1323 523 1352 Oriente
533 1322 661 1362 plantata.
676 1322 712 1351 Et
725 1328 794 1350 sicut
807 1332 871 1360 pro-

9 1378 44 1393 m.
54 1378 77 1401 9.
87 1370 124 1393 26.
135 1361 256 1401 phetavit
279 1364 336 1393 Noe
357 1362 392 1391 de
404 1362 469 1391 filiis
481 1362 549 1396 suis,
566 1361 656 1391 dicens
669 1373 676 1390 ι
696 1361 873 1390 Benedictus

130 1401 214 1441 filius
227 1413 306 1431 meus
318 1403 395 1437 Sem,
410 1402 515 1431 dilatet
527 1401 606 1430 Deus
618 1401 738 1439 laphet,
751 1406 778 1428 et
791 1400 873 1428 inha-

135 1442 240 1470 bitabit
251 1443 283 1470 in
294 1442 482 1471 tabernaculo
493 1441 569 1470 Sem.
582 1441 644 1470 Sem
653 1440 725 1469 enim
739 1446 813 1479 pater
822 1439 875 1469 suit

134 1479 302 1518 Judaenrum,
328 1481 426 1520 saphet
449 1487 538 1510 autem
560 1486 633 1520 pater
653 1479 784 1519 gentium,
814 1490 873 1517 quae

135 1530 183 1559 per
195 1520 333 1550 Christum
353 1521 476 1559 ingressae
496 1526 558 1548 sunt
578 1519 605 1547 in
625 1518 796 1548 tabernacula
820 1519 874 1548 Ju-

135 1558 266 1588 daeorum.
288 1560 319 1589 6.
342 1561 457 1594 Euntes
470 1566 569 1588 autem
580 1558 727 1596 discipuli,
734 1558 874 1596 fecerunt

136 1600 211 1627 sicut
233 1605 406 1637 praeceperat
420 1601 461 1627 eis
471 1599 572 1633 Jesus,
589 1598 618 1626 7.
637 1604 666 1626 et
687 1597 876 1625 adduxerunt

136 1638 252 1666 asinam
262 1645 290 1666 et
298 1637 426 1677 pullum.
439 1637 576 1674 Quoniam
588 1643 679 1665 euntes
692 1635 807 1675 apostoli
818 1635 874 1664 sol-

136 1682 235 1705 verunt
251 1677 355 1706 asinam
371 1677 496 1712 alienam,
516 1675 693 1707 ministerium
704 1674 814 1713 quidem
826 1675 876 1704 tuit

136 1726 240 1752 eorum,
261 1717 349 1745 virtus
371 1723 460 1746 autem
476 1723 502 1745 et
519 1715 663 1745 auctoritas
684 1714 797 1744 Christi.
818 1714 875 1743 Nec

136 1755 207 1784 enim
224 1756 373 1795 potuissent
385 1756 478 1785 tollere
484 1756 636 1796 jumentum
649 1754 767 1783 alienum
779 1753 814 1782 ab
825 1753 874 1783 illo

137 1794 258 1831 domino,
274 1795 322 1834 qui
339 1806 383 1825 eos
397 1806 451 1825 non
472 1794 658 1834 cognoscebat,
683 1792 754 1822 unde
776 1800 873 1828 essent,

137 1834 188 1863 nisi
209 1835 373 1874 praevcniens
387 1834 497 1874 spiritus
519 1834 620 1864 Christi
633 1844 679 1862 cor
692 1832 795 1862 domini
816 1832 874 1872 ejus

136 1881 310 1914 praeparasset
322 1874 357 1903 ad
368 1874 496 1904 dandum.
512 1874 556 1903 Sic
569 1872 642 1918 quod
661 1872 873 1917 apostoli—solve-

137 1920 200 1943 runt
222 1913 331 1944 Judaeos
357 1914 400 1944 vel
422 1920 510 1953 gentes
527 1913 562 1943 de
581 1912 690 1942 vmculo
708 1911 819 1947 munici,
844 1911 873 1940 in
892 1944 894 1946 q

136 1953 223 1992 prima
242 1953 353 1992 quidem
373 1954 440 1983 facie
457 1963 550 1982 eorum
574 1952 718 1982 videbatur
737 1961 822 1990 opus:
837 1962 873 1995 ‘re

136 2002 200 2022 vera
209 1999 298 2022 autem
310 1993 362 2022 fuit
375 1994 461 2023 virtus
474 1999 500 2022 et
507 1992 591 2032 gratia
605 1991 716 2022 Christi.
731 1992 787 2020 Nec
800 2000 872 2019 enim

136 2042 152 2061 a
168 2031 276 2061 Christo
289 2032 432 2062 duodecim
445 2031 581 2061 constituti
595 2038 681 2061 totum
692 2029 824 2060 mundum
838 2030 871 2059 li-

136 2077 227 2111 gatum
247 2072 300 2101 sub
337 2079 445 2102 otestate
462 2071 565 2102 diaboli
585 2071 688 2100 solvere
711 2069 869 2114 potuissent,

135 2110 187 2140 nisi
201 2111 286 2149 gratia
303 2083 405 2142 Cfiiristi
425 2111 597 2150 confregisset
614 2110 742 2141 virtutem
756 2109 868 2139 inimici.

135 2151 177 2180 Et
189 2151 383 2189 imposuerunt
396 2161 482 2190 super
493 2161 559 2180 eum
570 2153 746 2180 vestimenta
758 2159 822 2185 sua,
844 2156 872 2178 et

135 2199 201 2218 eum
223 2190 291 2219 desa
313 2201 345 2221 er
356 2191 455 2220 sedere
460 2193 608 2231 fecerunt.
624 2189 789 2220 Vestimenta
810 2195 872 2218 sunt
885 2211 887 2213 .

135 2235 264 2267 praecepta
304 2229 387 2266 ivina,
407 2237 433 2259 et
445 2230 529 2270 gratia
542 2229 699 2268 spiritualis.
713 2229 788 2258 Sicut
800 2228 871 2256 enim

134 2267 274 2312 turpitudo
287 2268 416 2298 nuditatis
436 2270 594 2298 vestimento
606 2268 715 2307 tegitur,
737 2268 774 2297 sic
794 2273 872 2295 natu-

134 2306 200 2336 ralia
223 2307 292 2336 mala
316 2308 402 2337 carnis
421 2314 517 2337 nostra:
536 2307 674 2347 praeceptis
687 2314 713 2336 et
726 2307 809 2346 gratia
828 2305 870 2335 di-

133 2346 196 2376 vina
210 2353 346 2386 teguntur.
362 2347 458 2377 Omnis
472 2347 544 2376 enim
554 2346 635 2375 homo
649 2346 804 2375 naturaliter
817 2355 870 2374 non

132 2386 221 2415 solum
242 2393 364 2425 peccator
385 2393 435 2421 est,
454 2386 502 2415 sed
522 2387 601 2415 etiam
618 2392 703 2414 totum
720 2392 869 2425 peccatum,

132 2424 236 2455 dicente
248 2426 386 2464 apostolo:
400 2427 528 2455 Eramus
541 2431 648 2454 natura
651 2425 717 2464 filii
734 2428 795 2461 iroe,
814 2425 869 2453 sic-

133 2471 164 2493 ut
178 2471 204 2494 et
217 2467 322 2495 caeteri.
335 2465 415 2495 Unde
429 2472 455 2494 et
467 2464 551 2494 Adam
564 2463 624 2493 ideo
638 2475 666 2493 se
677 2463 746 2494 vidit
757 2463 871 2500 nudum,

132 2502 159 2532 id
171 2510 221 2539 est,
233 2512 412 2543 peccatorem:
426 2511 451 2533 et
463 2504 522 2534 ideo
535 2503 607 2533 soliis
617 2503 672 2540 fici,
686 2503 717 2533 id
730 2510 779 2539 est,
793 2514 871 2533 man-

131 2540 201 2571 datis
215 2553 312 2582 asperae
326 2544 392 2584 legis
405 2544 542 2584 cooperuit
564 2542 712 2573 nuditatem
731 2554 818 2573 suam.
836 2544 871 2573 Et

132 2581 198 2614 alibi
224 2583 380 2621 promittens
407 2585 479 2613 Deus
500 2582 617 2622 justitias
637 2592 709 2621 suaS,
726 2590 752 2613 et
773 2582 870 2622 gratias

274 2720 283 2741 t

909 195 1025 218 uomit„
1054 194 1186 218 xxxvii.

1600 184 1669 232 897

1168 262 1227 285 ente
1242 257 1260 286 J
1262 255 1348 293 udaea,
1371 256 1441 286 sicut
1453 255 1521 286 dicit
1532 258 1667 288 Dominus

924 305 972 334 per
995 296 1064 324 Osee
1082 266 1256 334 propbetam:
1273 297 1315 325 Et
1333 296 1468 336 auferam
1490 299 1666 328 vestimenta
1677 306 1742 331 Ost-2.
1754 315 1777 331 2.
1789 315 1814 339 9.

925 344 1000 368 mea,
1014 340 1043 362 et
1054 334 1238 371 linteamina,
1253 336 1405 364 ostendam
1423 338 1558 376 gentibus
1575 339 1665 376 turpi-

926 374 1056 402 tudinem
1083 380 1173 402 tuam.
1197 375 1270 413 Ergo
1296 374 1482 414 imposuerunt
1507 377 1665 407 vestimenta

925 422 973 442 sua
997 423 1080 452 super
1104 424 1159 447 eos,
1181 413 1211 442 id
1229 421 1278 450 est,
1296 414 1418 444 mandata
1437 422 1465 446 et
1483 416 1583 454 gratias
1597 427 1665 456 quas

925 451 977 491 ipsi
990 459 1149 492 acceperunt
1163 463 1179 482 a
1192 453 1300 483 Christo
1311 465 1318 482 ε
1331 464 1362 483 su
1384 465 1414 483 er
1434 455 1543 485 Judaeos
1562 463 1587 485 et
1599 466 1664 496 gen·

924 491 984 520 tiles
996 491 1192 531 imposuerunt,
1206 492 1236 521 id
1249 500 1299 529 est,
1319 465 1503 532 tradidernnu
1524 505 1572 524 nec
1592 496 1664 525 enim

924 531 1089 569 requiescere
1103 531 1130 560 in
1139 533 1177 560 eis
1187 532 1317 571 potuisset
1330 532 1464 569 Christus,
1479 534 1529 563 nisi
1540 535 1665 565 mandata

923 569 982 608 ejus
999 570 1111 599 fuissent
1133 571 1160 599 in
1181 571 1229 600 eis.
1254 571 1284 601 8.
1309 572 1446 601 Plurima
1461 580 1558 602 autem
1579 576 1665 603 turba

922 611 1097 638 vestimenta
1107 620 1162 639 sua
1172 612 1319 641 sternebat
1326 622 1336 639 .·
1345 611 1400 639 alii
1405 618 1502 641 autem
1514 614 1665 644 caedebant

923 654 1027 678 ramos'
1046 649 1082 677 de
1107 651 1269 685 arboribus,
1296 657 1325 679 et
1347 653 1516 680 sternebant
1540 655 1572 681 in
1597 655 1662 683 via.

923 687 1059 717 Videlicet
1077 695 1106 717 ut
1124 697 1158 718 'eo
1180 689 1302 718 veniente
1324 690 1489 719 calcarentur
1507 702 1522 720 a
1533 693 1663 730 jumento.

923 727 1090 757 Vestimenta
1103 735 1164 757 sunt
1174 728 1309 765 mandata,
1325 729 1540 762 sicutdiximus:
1556 731 1664 762 frondes

923 774 1011 796 autem
1024 768 1139 807 speciem
1160 774 1250 797 tenent
1271 768 1388 808 pietatis.
1411 770 1546 806 Quoniam
1559 781 1622 809 ergo
1639 778 1664 801 et

923 806 1048 836 mandata
1057 807 1123 847 legis
1131 814 1157 836 et
1170 808 1270 847 species
1280 808 1297 837 J
1300 808 1399 838 uda'icae
1410 809 1546 848 religionis
1557 811 1572 839 a
1585 811 1664 840 Chri-

922 846 1015 875 stianis
1021 847 1126 876 fuerant
1134 847 1314 877 conculcanda
1328 848 1355 876 in
1369 848 1424 883 via,
1440 848 1466 877 id
1479 856 1528 885 est,
1542 849 1570 878 in
1583 850 1664 880 Chri-

923 892 981 915 sto:
994 885 1053 915 ideo
1065 893 1128 915 tunc
1139 887 1187 915 illa
1198 887 1250 916 sub
1260 887 1372 926 pedibus
1383 888 1498 927 jumenti
1513 890 1671 924 sternebant*

923 924 951 953 in
963 925 1020 954 via.
1036 926 1071 955 Et
1083 925 1147 955 vide
1159 926 1287 964 quoniam
1299 937 1379 966 super
1387 927 1539 966 jumentum
1553 929 1663 967 quidem

924 965 1039 1004 apostoli
1059 973 1205 1005 posuerunt
1224 966 1381 995 vestimenta
1402 977 1462 1001 sua,
1485 968 1536 996 sub
1549 968 1664 1007 pedibus

925 1011 1013 1033 autem
1035 1005 1150 1049 jumenti
1173 1012 1266 1034 caetera
1292 1006 1369 1034 turba
1388 1006 1518 1036 Juda'tca:
1539 1008 1665 1046 quoniam

926 1043 1058 1073 mandatis
1078 1045 1261 1084 apostolorum
1284 1052 1437 1074 sternuntur
1457 1046 1566 1084 quidem
1586 1048 1668 1077 Chri-

926 1083 1004 1112 stiani
1019 1090 1045 1112 et
1058 1083 1214 1121 odorantur,
1230 1084 1296 1124 legis
1310 1091 1397 1114 autem
1415 1086 1539 1115 mandata
1557 1088 1668 1122 concul-

926 1130 996 1151 cant.
1018 1123 1245 1162 Quotiescumque
1261 1124 1332 1153 enim
1346 1124 1576 1155 circumcisionem
1590 1138 1667 1167 sper-

927 1161 1027 1198 nimus,
1037 1163 1166 1192 sacrificia
1173 1164 1190 1192 J
1192 1163 1329 1192 udaeorum
1339 1174 1388 1202 pro
1399 1164 1485 1193 nihilo
1493 1165 1666 1204 aestimamus,

927 1207 953 1230 et
977 1209 1084 1231 caeteras
1109 1203 1313 1232 consuetudines
1332 1203 1459 1232 Juda'icas
1479 1205 1665 1243 reprobamus.

928 1241 1094 1271 Vestimenta
1106 1242 1124 1271 J
1126 1242 1274 1279 udaeorum,
1288 1242 1388 1281 quibus
1409 1243 1460 1282 ipsi
1476 1243 1667 1279 induebantur.

928 1291 987 1316 nos,
1001 1281 1048 1320 qui
1064 1291 1157 1310 sumus
1169 1292 1204 1310 ex
1218 1282 1354 1321 gentihus,
1372 1282 1423 1311 suh
1443 1282 1558 1322 pedibus
1571 1285 1669 1315 nostris

928 1320 1126 1349 conculcamus.
1151 1321 1232 1350 Alius
1253 1328 1342 1350 autem
1354 1321 1410 1350 sic:
1425 1321 1482 1359 Qui
1500 1323 1667 1361 vestimenta,

926 1359 1025 1397 inquit,
1047 1358 1229 1427 deposuerunt
1241 1371 1322 1400 super
1340 1361 1452 1397 asinam,
1467 1363 1580 1401 apostoli
1594 1371 1667 1400 sunt,

927 1399 1068 1437 caeterique
1098 1406 1199 1429 octores
1213 1412 1219 1428 ε
1235 1400 1393 1429 vestimenta
1409 1408 1497 1429 autem
1511 1409 1574 1431 sunt
1587 1402 1670 1432 decus

891 1448 910 1471 ο
929 1445 955 1467 et
972 1438 1078 1467 schema
1089 1439 1194 1477 gloriae.
1210 1439 1334 1469 Gloriam
1351 1450 1426 1478 ergo,
1444 1451 1526 1478 quam
1546 1442 1669 1472 Christus

927 1478 1028 1517 accepit
1050 1489 1064 1506 a
1085 1479 1174 1515 Patre,
1197 1478 1273 1508 dedit
1285 1478 1428 1518 discipulis
1447 1478 1525 1510 suis:
1540 1481 1669 1522 discipuli

927 1524 1015 1546 autem
1036 1517 1195 1556 accipientes
1215 1528 1274 1546 eam
1288 1529 1303 1546 a
1317 1518 1435 1553 Christo,
1454 1518 1587 1549 dederunt
1610 1532 1668 1550 eam

927 1556 1063 1594 gentibus,
1078 1563 1108 1585 ut
1120 1556 1315 1586 delectabiliter
1328 1557 1451 1586 Christus
1463 1558 1565 1588 sederet
1577 1560 1605 1588 in
1617 1560 1666 1597 eis,

927 1595 997 1623 sicut
1015 1596 1072 1634 ipse
1093 1595 1178 1624 dicit:
1194 1591 1236 1624 Et
1253 1606 1304 1636 ego
1325 1596 1461 1635 gloriam,
1485 1609 1574 1637 quam
1597 1600 1669 1628 mihi
1678 1611 1747 1633 Joan.
1767 1618 1803 1641 ¹7·

927 1634 1043 1669 dedisti,
1064 1634 1132 1663 dedi
1144 1637 1194 1670 eis,
1218 1640 1249 1665 ut
1272 1637 1332 1664 sint
1346 1646 1446 1671 unum,
1467 1638 1542 1666 sicut
1563 1644 1592 1667 et
1616 1649 1668 1668 nos
1680 1649 1718 1665 υ.

928 1682 1018 1702 unum
1040 1683 1149 1703 sumus.
1178 1674 1277 1703 Turbae
1303 1681 1402 1709 autem,
1428 1686 1487 1714 quae
1511 1678 1668 1707 vestimenta

927 1713 1077 1742 sternebant
1098 1713 1125 1741 in
1141 1712 1196 1748 via,
1215 1713 1350 1743 credentes
1369 1722 1444 1744 erant
1466 1726 1501 1744 ex
1527 1717 1669 1747 circumci-

927 1751 1011 1788 sione,
1032 1753 1078 1791 qui
1095 1751 1221 1791 gloriam,
1239 1753 1327 1792 quam'
1339 1753 1473 1784 habebant
1484 1755 1602 1795 exlege,
1622 1757 1668 1786 vi-

927 1790 1019 1820 dentes
1039 1792 1189 1827 Christum,
1212 1792 1366 1832 dejecerunt
1387 1793 1414 1823 in
1437 1801 1547 1829 terram,
1568 1803 1668 1825 semet-

927 1830 935 1859 i
956 1841 1000 1860 sos
1008 1830 1190 1868 humiliantes,
1200 1838 1227 1861 et
1238 1842 1300 1861 cum
1308 1833 1428 1872 apostolo
1439 1834 1523 1863 Paulo
1531 1834 1666 1865 dicentes:

947 1871 1092 1899 ecundum
1100 1872 1258 1910 justitiam,
1271 1883 1336 1911 quoe
1352 1882 1389 1900 ex
1404 1873 1467 1913 lege
1480 1881 1531 1909 est,
1546 1884 1668 1904 conver—
1678 1883 1817 1914 ΡΙιῑιῑρ.3.6.

928 1916 1008 1939 sutus
1021 1920 1085 1939 sum
1095 1912 1159 1939 sine
1171 1911 1301 1951 querela,
1314 1912 1366 1940 sed
1378 1922 1443 1951 quoe
1452 1914 1581 1954 suerunt
1596 1916 1669 1944 mihi
1677 1916 1723 1940 -8

929 1950 1022 1986 lucra,
1036 1950 1098 1979 hoec
1115 1951 1259 1979 aestimavi
1270 1957 1388 1991 propter
1407 1952 1554 1982 Christum
1576 1954 1668 1983 detri-

928 1996 1037 2024 menta,
1054 1995 1082 2018 et
1103 1991 1231 2019 arbitror
1243 1996 1370 2022 stercora
1384 2001 1455 2027 esse,
1474 1998 1506 2021 ut
1521 1993 1669 2023 Christum

928 2029 1125 2069 lucrifaciam.
1140 2028 1216 2066 Quid
1228 2037 1268 2059 est
1279 2037 1368 2060 autem
1381 2031 1469 2067 aliud,
1491 2043 1572 2070 quam
1587 2034 1667 2072 justi-

927 2068 991 2097 tiam
1002 2068 1068 2106 legis
1076 2075 1153 2098 terrae
1162 2075 1310 2107 coaequare‚
1325 2076 1385 2099 ante
1398 2070 1541 2101 sublimem
1554 2073 1669 2111 gloriam

926 2108 1048 2137 Christi?
1060 2108 1115 2144 Qui
1126 2115 1215 2137 autem
1236 2119 1324 2139 ramos
1331 2109 1371 2139 ‚de
1382 2110 1523 2140 arboribus
1536 2111 1667 2151 praecide-

926 2147 991 2184 bant
1007 2147 1168 2184 frondentes,
1189 2148 1240 2188 ipsi
1263 2156 1337 2178 erant
1356 2150 1494 2179 credentes
1520 2157 1546 2179 et
1567 2150 1666 2179 eruditi

926 2186 1059 2221 doctores,
1086 2187 1134 2225 qui
1154 2198 1187 2217 ex
1207 2188 1346 2228 prophetis
1368 2189 1525 2229 accipientes
1544 2190 1666 2228 exempla

926 2226 988 2256 viva
999 2225 1033 2255 de
1044 2226 1162 2263 Christo,
1174 2227 1249 2266 quasi
1259 2227 1293 2256 de
1302 2228 1443 2258 arboribus
1459 2239 1562 2268 semper
1577 2229 1665 2257 viren-

927 2266 1014 2300 tibus,
1027 2273 1053 2295 et
1067 2276 1211 2305 numquam
1225 2267 1290 2296 solia
1308 2267 1451 2297 verborum
1469 2278 1579 2296 suorum
1592 2267 1665 2306 deji-

926 2305 1068 2341 cientibus,
1082 2316 1169 2335 ramos
1190 2306 1341 2336 frondentes
1354 2314 1414 2335 ante
1423 2306 1503 2346 pedes
1515 2306 1665 2345 subjugalis

926 2345 1021 2385 populi
1042 2345 1204 2382 sternebant,
1226 2353 1251 2375 et
1269 2357 1316 2386 per
1329 2356 1358 2374 ea
1373 2346 1493 2385 exempla
1518 2347 1593 2383 quasi
1636 2355 1665 2373 er

926 2394 1013 2414 ramos
1026 2384 1188 2422 frondentes,
1203 2386 1318 2415 virentes
1329 2385 1386 2413 sine
1399 2384 1559 2413 offendiculo
1571 2394 1612 2412 am
1635 2394 1665 2412 u·

925 2424 1011 2454 larent
1033 2435 1081 2463 per
1106 2424 1178 2453 viam
1193 2425 1254 2453 vitae
1276 2423 1463 2458 istius‚.donee
1482 2422 1622 2452 introirent
1636 2422 1664 2451 in

925 2464 1105 2493 sanctuarium
1120 2464 1181 2492 Dei.
1202 2465 1232 2492 9.
1252 2464 1349 2491 Turba
1368 2468 1464 2490 autem
1480 2473 1545 2500 quoe
1557 2471 1665 2500 proece-

925 2504 1023 2540 debat,
1047 2510 1075 2532 et
1093 2513 1157 2543 quae
1169 2502 1351 2541 sequebatur,
1368 2501 1526 2536 clamabat,
1541 2501 1642 2530 dicens
1652 2512 1663 2529 .-

925 2543 1081 2573 Hosianna
1091 2543 1156 2581 filio
1169 2541 1279 2575 David,
1290 2547 1341 2569 etc.
1356 2540 1491 2569 Memores
1504 2540 1598 2580 populi
1612 2540 1664 2569 mi-

925 2582 1051 2612 rabilium
1060 2582 1128 2621 ejus,
1142 2591 1201 2619 quae
1210 2579 1324 2610 ostendit
1333 2579 1382 2615 eis,
1393 2586 1418 2609 et
1428 2579 1582 2616 sanitatum,
1597 2590 1664 2618 quas
