1890 2826
578 175 639 199 sYN
645 175 737 199 opsts
763 176 819 198 SCR
825 176 950 199 IPTURE
976 176 1087 200 samm
1093 191 1100 199 .

63 244 147 280 μῆσαι
163 240 207 270 τὸν
224 238 314 280 βωμόν
324 250 330 257 ·
345 239 404 267 ἀλλ’
425 237 468 267 ἵνα
482 236 520 276 μὴ
533 236 631 277 ἔχωσιν
647 237 672 266 οἱ
686 236 745 275 μεθ’
756 238 825 275 ὑμᾶς

60 286 195 326 γενόμενοι
214 285 275 319 τοὺς
295 283 440 324 ἡμετέρους
462 283 533 316 υἱοὺς
552 284 588 316 ὣς
607 282 760 322 ἀλλοτρίους
780 283 828 316 τῆς

62 333 161 362 {maiiiv
173 330 324 370 συγγενείας
333 353 341 366 ,
358 329 402 359 διὰ
419 328 451 359 τὸ
462 328 507 358 τὸν
522 328 657 368 Ἰορδάνην
671 327 750 367 μέσον
765 329 829 356 ἑκα-

60 376 143 417 τέρων
162 378 232 417 ῥεῖν
246 377 306 405 ἀλλ’
325 375 368 405 ἵνα
386 371 404 415 ᾖ
425 376 439 404 ὁ
463 374 550 415 βωμὸς
563 376 600 407 εἷς
613 373 771 414 μαρτύριον,
785 372 829 402 καὶ

61 424 99 462 μὴ
114 423 197 463 ἔχωσι
213 421 300 462 λέγειν
316 421 350 451 τὰ
360 421 440 451 τέκνα
453 422 526 460 ὑμῶν
542 425 596 454 τοῖς
609 419 724 459 ἐγγόνοις
736 420 814 458 ἡμῶν
822 441 830 456 ,

60 470 109 499 οὐκ
133 469 203 499 ἔστιν
228 470 291 507 ὑμῖν
316 468 390 508 μερὶς
409 467 517 507 Κυρίου.
539 465 718 502 Ἐπείσθησαν
734 464 831 504 μηκέτι

60 516 212 553 πολεμῆσαι
233 513 327 547 αὐτοὺς
349 515 377 543 αἱ
397 512 489 542 λοιπαὶ
508 511 598 552 φυλαί.
612 511 682 541 Τότε
704 512 831 550 συγκαλεῖ

60 558 120 592 τοὺς
138 558 305 598 Ἰσραηλίτας
318 558 435 594 Ἰησοῦς,
452 556 499 586 καὶ
522 555 721 595 ὑπομιμνήσκει
738 555 831 589 αὐτοὺς

60 604 112 632 τῶν
135 605 181 633 τοῦ
203 605 274 633 Θεοῦ
297 604 472 643 εὐεργεσιῶν,
492 602 538 632 καὶ
556 606 680 642 παραινεῖ
691 601 831 642 φυλάττειν

59 647 104 678 τὸν
117 649 210 688 νόμον,
222 648 267 678 καὶ
276 648 403 689 προλέγει
414 648 448 678 τὰ
464 647 633 687 διαδεξόμενοι
645 647 739 681 αὐτοὺς
750 647 830 683 κακὰ,

1556 167 1627 214 399

883 237 986 276 possint
1002 236 1091 267 dicere
1108 237 1159 266 filii
1180 238 1262 267 vestri
1279 237 1422 278 nepotibus
1441 238 1549 275 nostris,
1565 240 1626 268 Non

882 289 922 312 est
938 283 1015 313 vohis
1028 283 1116 323 portio
1130 284 1255 320 Domini;
1271 284 1362 323 sieque
1376 291 1565 324 persuaserunt
1582 296 1625 314 re·

881 328 965 367 liquis
985 330 1111 359 tribubus
1137 340 1169 359 ne
1190 330 1242 359 sibi
1262 330 1365 359 bellum
1387 330 1524 359 inferrent.
1547 330 1626 360 Tunc

882 382 1011 405 convocat
1024 376 1159 405 Israiilitas
1179 377 1268 412 Jesus,
1283 376 1402 416 ipsisque
1422 377 1450 405 in
1470 377 1625 405 memoriam

882 428 990 450 revocat
1000 421 1052 450 Dei
1059 421 1196 457 beneficia,
1205 422 1328 451 hortatur
1339 429 1369 452 ut
1378 422 1463 462 legem
1473 422 1625 457 observent,

883 466 1058 507 praedicitque
1076 468 1146 496 mala
1166 478 1224 507 quas
1244 467 1306 497 illos
1323 475 1468 508 exceptura
1485 475 1558 505 sunt,
1576 467 1628 497 nisi

882 512 958 542 illam
985 513 1169 549 custodierint,
1195 520 1220 542 et
1244 520 1366 543 mortuus
1387 521 1434 544 est.
1458 514 1578 543 Moritur
1604 520 1629 542 et

883 559 994 590 Eleazar
1017 559 1150 594 sacerdos,
1173 566 1198 588 et
1218 560 1245 588 in
1266 560 1353 589 locum
1371 560 1430 599 ejus
1449 559 1628 589 sacerdotium

883 605 986 635 obtinet
1005 605 1117 634 Phinees
1137 605 1210 634 filius
1231 605 1297 645 ejus.
1320 607 1356 635 Et
1373 605 1425 635 filii
1449 606 1533 635 Israiil
1555 605 1628 634 idola

883 651 1035 687 coluerunt,
1050 650 1195 690 traditique
1206 652 1309 681 suntin
1323 662 1416 680 manus
1433 651 1540 690 AEglom
1557 651 1629 689 regis

61 695 84 724 ti
98 693 136 733 μὴ
151 694 297 734 φυλάξειεν,
311 694 356 724 καὶ
370 696 490 734 τελευτᾷ·
504 695 624 734 Τελευτᾷ
640 693 668 723 δὲ
678 693 723 723 καὶ
734 693 830 723 Ἐλεά·
848 699 866 722 0
884 697 978 734 Moab,
994 697 1042 737 qui
1057 697 1084 726 in
1098 697 1160 726 illos
1174 697 1319 737 imperium
1332 697 1448 726 obtinuit
1460 698 1536 726 annis
1553 703 1627 726 octo-

61 741 109 780 ζαρ
123 743 136 769 ὁ
151 740 234 780 ἱερεὺς
243 763 250 776 ,
265 740 311 770 καὶ
329 740 465 780 ῖεράτευσε
478 739 574 774 Φινεὲς
584 742 599 770 ὃ
616 739 671 773 υἱὸς
685 740 764 769 αὐτοῦ
776 740 832 768 ἀντ’

61 788 151 816 αὐτοῦ.
163 786 216 816 Καὶ
230 786 459 825 εἷδωλολάτρησαν
471 788 495 816 οἱ
506 787 682 826 Ἰσραηλῖται,
695 785 740 815 καὶ
754 797 834 825 παρε-

62 831 174 867 δόθησαν
187 835 199 848 ²
207 834 246 873 τῷ
269 831 382 871 Αἷγλὼμ
404 833 508 871 βασιλεῖ
530 830 618 862 Most&
626 853 634 868 ,
657 831 703 861 καὶ
722 842 834 861 κατεκυ-

63 877 164 918 ρίευσεν
179 879 266 907 αὐτῶν
279 877 327 914 ἔτη
342 877 487 908 δεκαοκτώ,
529 888 531 890 ·

282 976 404 996 ΣΥΝΟΨΊΣ
424 977 480 996 ΤΩΝ
503 977 612 997 ΚΡΙΤΩΝ.

101 1041 234 1072 Ἐνταῦθα
247 1046 333 1071 κεῖται
345 1041 422 1076 ποίας
444 1041 492 1081 μὲν
510 1042 600 1076 πόλεις
617 1037 686 1071 εἶλον
695 1064 703 1076 ,
716 1041 793 1075 ποίας
806 1041 834 1071 δὲ

62 1088 166 1128 ἀφῆκαν
186 1087 266 1128 φόρου
285 1089 413 1121 ἐπιτελεῖς
435 1088 524 1121 αὐτοῖς
537 1083 602 1117 εἶναι
617 1089 640 1117 οἱ
656 1088 832 1127 Ἰσραηλῖται.

885 743 980 774 decim.

1110 966 1239 986 SYNOPSlS
1249 966 1393 985 mutemu-

928 1035 981 1066 Hic
998 1042 1121 1065 narratur
1128 1045 1194 1073 quas
1208 1034 1288 1063 urbes
1300 1034 1429 1075 ceperint,
1441 1045 1560 1074 quasque
1574 1035 1627 1064 sibi

886 1082 1040 1112 tributarias
1059 1081 1169 1111 fecerint
1179 1080 1317 1110 Israellitae.
1331 1082 1401 1110 Nam
1421 1080 1490 1110 circa
1508 1081 1573 1110 belli
1585 1081 1628 1110 la—

62 1133 348 1172 Καταμαλακισθέντες
361 1132 412 1173 γὰρ
434 1133 498 1174 πρὸς
512 1132 573 1167 τοὺς
592 1136 638 1163 τοῦ
651 1133 769 1173 πολέμου
783 1133 832 1163 πό-
848 1144 867 1167 2
886 1128 963 1158 bores
981 1127 1104 1163 emolliti,
1129 1126 1286 1167 transgressi
1303 1133 1365 1156 sunt
1386 1126 1541 1156 mandatnm
1564 1127 1626 1163 Dei,

62 1190 134 1215 νους,
149 1178 304 1219 παρέὸησαν
325 1178 355 1208 τὸ
371 1178 531 1219 πρόσταγμα
545 1182 591 1209 τοῦ
606 1180 692 1215 Θεοῦ,
706 1181 834 1209 κελεῦσαν

12 1246 16 1254 .
61 1224 162 1258 πάντας
184 1226 320 1257 παντελῶς
345 1224 427 1265 ἄρδην
443 1226 626 1265 ἀφανισθῆναι.
640 1220 740 1255 ’Ἦλθεν
756 1225 835 1265 ἄγγε-

18 1271 24 1279 ’
61 1271 106 1303 λος
116 1269 190 1310 παρὰ
204 1269 301 1311 Κυρίου
317 1269 380 1310 πρὸς
393 1270 454 1304 τοὺς
476 1270 654 1311 Ἰσραηλίτας,
668 1271 713 1301 καὶ
726 1271 834 1311 ἤλεγξεν

63 1317 149 1345 αὐτῶν
161 1317 210 1352 τὴν
220 1316 397 1356 παρανομίαν.
414 1317 479 1346 Δέον
490 1316 551 1357 γὰρ,
566 1316 640 1357 φησὶ,
651 1317 751 1351 πάντας
764 1319 832 1358 ἀφα-

63 1363 192 1397 νισθῆναι,
207 1364 281 1401 ὑμεῖς
300 1362 327 1391 δὲ
342 1362 386 1392 καὶ
403 1362 533 1399 συνθήκας
546 1363 633 1392 ἔθεσθε
646 1362 711 1403 πρὸς
725 1363 833 1396 αὐτούς’·

64 1407 107 1436 διὰ
121 1410 197 1437 τοῦτο
219 1409 267 1437 οὐκ
284 1404 461 1449 ἐξολοθρεύσει
475 1411 488 1438 δ
501 1408 570 1442 Θεὸς
592 1407 626 1438 τὰ
640 1408 835 1448 ὑπολειπόμενα

63 1453 135 1490 ἔθνη.
149 1455 244 1483 Ταῦτα
263 1454 422 1488 ἀκούσαντες
443 1455 573 1485 ἔκλαυσαν
593 1456 758 1494 ὁμοθυμαδὸν
768 1480 776 1493 ,
790 1455 834 1485 καὶ

64 1499 196 1538 κλαυθμὸς
206 1502 220 1529 ὁ
231 1500 310 1534 τόπος
323 1501 434 1537 ἐκλήθη.
452 1501 503 1531 Καὶ
518 1501 687 1542 παρηνόμουν
701 1501 747 1531 καὶ
760 1503 834 1532 εἰδω-

64 1544 207 1584 λολάτρουν
231 1548 363 1586 συνεχῶς,
385 1546 622 1587 κα1,παρεδίδοντο
642 1552 696 1581 τοῖς
716 1548 834 1587 ἐχθροῖς,

885 1185 939 1214 quo
953 1175 1118 1214 jubebantur
1136 1184 1227 1202 omnes
1241 1173 1418 1202 internecione
1429 1173 1530 1202 delere.
1544 1174 1629 1204 Venit

885 1221 995 1261 angelus
1005 1231 1020 1250 a
1031 1221 1147 1250 Domino
1161 1219 1195 1251 ad
1215 1219 1362 1256 Israfflitas,
1375 1220 1422 1258 qui
1435 1219 1545 1248 illorum
1558 1230 1628 1259 prae-

886 1267 1075 1297 varicationem
1100 1264 1247 1304 redarguit.
1277 1265 1347 1295 Cum
1375 1265 1446 1294 enim
1469 1264 1630 1304 oportuisset

886 1312 948 1341 illos
959 1312 1060 1347 delere,
1074 1312 1172 1350 inquit,
1190 1321 1237 1340 vos
1251 1310 1348 1340 soedera
1363 1321 1423 1339 cum
1436 1310 1501 1350 ipsis
1515 1310 1627 1340 iniistis:

887 1357 947 1387 ideo
960 1367 1013 1387 non
1024 1357 1212 1386 exterminabit
1222 1357 1299 1386 Deus
1312 1356 1429 1395 reliquas
1457 1362 1556 1395 gentes.
1581 1356 1630 1386 His

886 1403 986 1432 auditis
996 1403 1038 1432 illi
1052 1403 1184 1432 fleverunt
1196 1402 1368 1439 unanimiter,
1382 1402 1510 1440 locusque
1521 1409 1630 1431 vocatus

886 1456 925 1478 est
933 1449 1033 1478 Fletus.
1041 1449 1076 1478 Et
1081 1448 1246 1488 praevaricati
1255 1454 1361 1484 sunt,ac
1370 1447 1543 1476 tradebantur
1551 1447 1631 1476 hosti-

886 1496 948 1533 bus,
959 1502 1007 1525 eta
1018 1496 1147 1525 servitute
1160 1495 1354 1531 liberabantur,
1363 1505 1524 1534 rursumque
1535 1495 1631 1524 iisdem

886 1541 914 1571 in
929 1542 1006 1571 malis
1024 1541 1237 1581 perseverabant.
1252 1541 1357 1571 Traditi
1372 1549 1434 1570 sunt
1452 1541 1562 1570 Chusab
1581 1543 1630 1571 Sa-

65 1589 110 1618 καὶ
124 1591 327 1626 ἀπηλλάσσοντο
337 1594 385 1627 τῆς
397 1592 523 1628 δουλείας,
534 1593 580 1622 καὶ
590 1592 670 1622 πάλιν
680 1597 734 1626 τοῖς
749 1594 835 1626 αὐτοῖς
841 1586 877 1637 3,ss
886 1588 952 1617 tbon
966 1587 1023 1627 regi
1032 1588 1116 1628 Syriae
1125 1588 1200 1617 annis
1215 1594 1285 1623 octo,
1293 1594 1320 1616 et
1331 1586 1368 1616 eri
1372 1588 1418 1627 pui
1422 1595 1431 1617 t
1444 1598 1488 1616 eos
1499 1587 1632 1617 Dominus

65 1635 191 1674 ἐπέμενον
212 1640 311 1670 κακοῖς.
327 1637 517 1678 Παρεδόθησαν
531 1637 659 1677 1Χουσδιρ
673 1638 768 1667 Σαθὼν
783 1641 834 1678 βα·
851 1644 870 1667 Α
887 1646 936 1675 per
956 1635 1102 1665 Gothoniel
1123 1634 1253 1674 judicem.
1276 1634 1312 1663 Et
1329 1633 1421 1663 traditi
1442 1641 1504 1663 sunt
1530 1634 1630 1674 Eglom

65 1681 134 1710 σιλεῖ
148 1682 246 1722 Συρίας
264 1682 310 1718 ἔτη
328 1682 378 1720 η’.,
399 1683 444 1712 καὶ
465 1683 562 1713 ἔσωσεν
578 1683 671 1716 αὐτοὺς
684 1684 780 1724 Κύριος
793 1684 836 1713 διὰ

65 1727 198 1763 Γοθονοὴλ
214 1731 261 1757 τοῦ
275 1732 375 1768 κριτοῦ.
398 1728 652 1769 Καὶγπαρεδόθησαν
674 1731 712 1770 τῷ
726 1729 837 1769 Ἐγλὼμ

67 1774 171 1813 βασιλεῖ
194 1774 298 1810 Mete,
321 1772 368 1804 καῖ
391 1774 501 1814 ἔκραξαν
526 1775 591 1815 πρὸς
613 1775 657 1804 τὸν
681 1775 767 1812 Θεὸν,
792 1776 838 1805 καὶ

66 1818 171 1859 ἤγειρεν
183 1821 271 1853 αὐτοῖς
288 1820 370 1856 Άὼδ,
391 1819 462 1853 ὅστις
483 1819 552 1860 δόλῳ
566 1821 651 1850 ἀνεῖλε
669 1820 713 1850 τὸν
726 1821 838 1860 Ἐγλὼμ

66 1864 111 1894 καὶ
130 1865 176 1894 τὸν
190 1865 289 1894 Μωάὸ.
313 1865 391 1895 Μετὰ
404 1868 495 1895 τοῦτον
509 1865 594 1905 ἔκρινε
612 1865 748 1906 Σομεγὰρ,
765 1865 778 1882 ¹²
788 1868 839 1896 Δε-

69 1909 158 1950 ὃώρα,
181 1910 246 1949 γυνὴ
269 1913 407 1951 προφῆτις.
428 1912 611 1941 Δουλευόντων
633 1912 660 1941 δὲ
677 1914 716 1952 τῷ
735 1913 839 1951 βασιλεῖ

67 1956 177 1986 Χαναὰν
196 1959 249 1985 τῶν
270 1957 442 1997 Ἰσραηλιτῶν
453 1980 460 1994 ,
481 1958 582 1987 κελεύει
595 1959 633 1997 τῷ
648 1958 741 1998 Βαρὰκ
754 1961 771 1994 ἡ
789 1960 839 1988 Δε-

68 2001 142 2042 ὅώρα
157 2005 340 2042 στρατηγῆσαι
357 2002 401 2032 τὸν
413 2003 539 2042 πόλεμον.
553 2003 587 2033 Ὁ
600 2003 627 2033 δὲ
639 2005 686 2033 οὐκ
700 2004 820 2044 ἠνείχετο
830 2027 838 2041 ,

69 2047 143 2086 εἰμὴ
165 2048 210 2077 καὶ
225 2048 292 2085 αὐτὴ
312 2048 457 2083 συνεξέλθοι
480 2050 565 2089 αὖτῷ·
585 2049 631 2078 καὶ
651 2049 806 2085 συνεξῆλθεν
820 2053 837 2086 ἡ

67 2093 143 2134 γυνή.
160 2095 304 2134 Γενομένου
321 2095 349 2125 δὲ
363 2098 409 2124 τοῦ
421 2095 538 2134 πολέμου
547 2117 554 2131 ,
569 2094 708 2135 φεύγουσιν
721 2097 745 2124 οἱ
757 2095 836 2126 πολέ-

68 2150 132 2178 μιοι,
145 2140 191 2169 καὶ
205 2143 219 2170 ὁ
230 2141 378 2181 στρατηγὸς
395 2140 480 2174 Ἰαὸὶς
491 2141 596 2180 Σισάρα
606 2141 688 2170 ἐλθὼν
700 2141 766 2181 πρός
779 2153 838 2171 τινα

888 1681 944 1721 regi
953 1681 1045 1717 Moab,
1058 1687 1083 1710 et
1096 1681 1279 1710 clamaverunt
1292 1679 1326 1708 ad
1338 1680 1493 1715 Dominum,
1504 1686 1529 1708 et
1543 1680 1631 1708 susci-

888 1728 955 1756 tavit
970 1726 1024 1756 illis
1041 1726 1110 1762 Aod,
1125 1725 1172 1765 qui
1194 1724 1257 1754 dolo
1272 1725 1369 1754 occidit
1383 1725 1481 1765 Eglom
1504 1731 1531 1754 et
1551 1726 1630 1754 Moa-

887 1772 968 1801 bitas.
986 1773 1048 1801 Post
1071 1771 1144 1800 hune
1158 1770 1254 1811 populi
1272 1770 1358 1810 judex
1379 1771 1430 1800 fuit
1449 1771 1589 1810 Somegar,
1606 1777 1633 1800 et

890 1825 980 1858 postea
1007 1817 1114 1847 Debora
1140 1817 1238 1846 mulier
1256 1817 1435 1857 prophetissa.
1460 1818 1529 1846 Cum
1543 1824 1632 1846 autem

890 1863 946 1903 regi
965 1863 1092 1893 Chanaan
1106 1862 1236 1892 servirent
1252 1862 1390 1899 Israeliten,
1406 1863 1537 1892 Baracum
1555 1862 1634 1903 jubet

889 1909 995 1939 Debora
1009 1919 1036 1938 se
1055 1908 1151 1937 ducem
1170 1908 1236 1937 belli
1255 1908 1382 1947 praebere.
1400 1907 1450 1937 Ille
1470 1908 1566 1943 noluit,
1581 1907 1634 1937 nisi

890 1963 916 1985 et
930 1956 975 1985 illa
992 1966 1053 1985 cnm
1067 1955 1126 1995 ipso
1139 1955 1225 1984 exiret
1237 1966 1243 1983 :
1257 1954 1394 1993 exivitque
1416 1955 1523 1984 mulier.
1551 1956 1632 1985 Com—

890 2003 972 2031 misso
986 2001 1089 2041 praelio,
1106 2001 1231 2040 sugerunt
1244 2001 1332 2029 hostes
1345 2012 1351 2029 :
1368 1999 1478 2039 duxque
1489 2000 1574 2031 Jabisi
1588 2000 1632 2030 Si-

890 2058 948 2077 sara
962 2047 1088 2077 accedens
1101 2047 1137 2076 ad
1150 2046 1293 2085 quamdam
1309 2047 1450 2075 mulierem
1464 2047 1566 2077 Jaelcm
1588 2046 1632 2075 di-

891 2101 972 2127 ctam,
983 2092 1089 2133 petebat
1100 2092 1188 2122 abina
1200 2099 1308 2132 potum:
1325 2092 1375 2121 illa
1389 2102 1438 2132 pro
1453 2103 1521 2131 aqua
1536 2092 1577 2121 lac
1591 2091 1633 2120 illi

890 2139 973 2168 dedit.
991 2140 1030 2168 Ut
1037 2145 1124 2167 autem
1136 2145 1195 2178 post
1203 2144 1297 2177 potum
1309 2137 1484 2174 obdormivit,
1498 2145 1633 2177 arreptum

66 2190 176 2224 γυναῖκα
190 2186 264 2223 Ἰαὴλ
278 2186 432 2226 λεγομένην,
446 2186 505 2227 ᾔτει
518 2191 588 2216 πιεῖν
598 2198 604 2205 ·
621 2189 637 2222 ἡ
651 2187 678 2216 δὲ
693 2187 762 2226 γάλα
773 2188 834 2217 ἔδω·
852 2195 870 2217 Β
890 2192 990 2215 vectem
1011 2185 1109 2214 mulier
1131 2195 1179 2224 per
1195 2191 1314 2224 tempora
1338 2184 1396 2224 ejus
1421 2184 1565 2213 transfixit.
1590 2183 1635 2213 Sic

66 2242 111 2261 κεν
126 2233 196 2272 αὐτῷ
210 2233 268 2262 ἀντὶ
281 2233 382 2267 ὕδατος.
392 2233 440 2266 Ὡς
454 2233 482 2262 δὲ
495 2233 623 2272 ἐκοιμήθη
636 2232 714 2270 πιὼν,
729 2233 835 2263 πάσσα-

65 2277 111 2306 λον
130 2277 247 2308 λαὸοῦσα
270 2280 287 2314 ἡ
311 2278 376 2317 γυνὴ
386 2301 394 2316 ,
417 2278 540 2314 διήλασεν
566 2278 608 2308 διὰ
634 2281 680 2308 τοῦ
705 2279 836 2319 κροτάφου

98 2369 109 2380 ¹
125 2362 184 2386 Haec
195 2370 250 2395 qum
271 2362 303 2387 de
321 2361 422 2396 AEglom
440 2362 481 2387 hic
499 2362 622 2396 leguntur,
645 2371 675 2387 ex
691 2363 773 2395 capite
785 2371 823 2388 se-

66 2399 150 2432 quenti
163 2399 212 2425 huc
231 2406 370 2426 transumta
393 2406 452 2426 sunt
468 2402 494 2426 in
513 2407 582 2425 textu
599 2407 643 2427 τῶν
657 2401 703 2433 ο’.,
714 2409 759 2426 nee
777 2400 822 2426 ha-

66 2437 156 2463 benun·
174 2438 200 2464 iu
215 2439 322 2465 Hebraeo
335 2449 341 2463 ι
354 2448 409 2472 quae
426 2447 503 2472 porro
518 2439 551 2464 de
568 2439 668 2473 AEglom
681 2439 722 2464 hic
737 2441 822 2472 paucis

65 2475 147 2501 verbis
158 2476 277 2503 dicuutur
286 2479 311 2503 in
320 2477 406 2503 cadem
420 2477 536 2503 Editione
545 2497 552 2508 ‚
565 2477 677 2510 pluribus
689 2484 823 2504 narrantur

65 2516 90 2540 in
102 2515 167 2541 libro
178 2516 305 2542 Judicum.
319 2516 416 2542 Ibidem
429 2518 454 2542 111
465 2516 626 2550 Lugduneusi
639 2516 727 2550 legitur
739 2522 777 2544 καὶ
792 2522 823 2544 el·

41 2572 43 2575 v
67 2556 243 2596 {mionz-potam
255 2560 275 2583 οὶ
289 2556 427 2590 ἰσραηλὶται.
442 2555 540 2582 Ibidem
561 2564 607 2588 pro
624 2559 714 2589 Λίγλὼμ
736 2556 824 2590 legitur

66 2596 158 2625 Εγλώμ.

877 2239 1013 2261 *mortuus
1033 2237 1071 2261 est
1099 2232 1189 2261 Sisara
1213 2242 1219 2258 z
1245 2231 1433 2270 ingressusque
1456 2231 1539 2260 Barac
1566 2231 1635 2261 vidit

891 2278 968 2308 ilium
978 2285 1123 2307 mortuum.
1137 2278 1215 2307 Tunc
1223 2277 1355 2306 canticum
1367 2276 1531 2316 triumphale
1540 2277 1635 2306 cecinit

906 2361 916 2383 ἱ
936 2364 966 2388 [n
978 2362 1095 2387 Editione
1108 2363 1223 2387 Romana
1234 2361 1323 2395 legitur
1335 2365 1521 2396 Χουσαρσαθαίμ,
1536 2361 1560 2384 111
1575 2359 1635 2384 Vul-

871 2408 929 2435 gata
947 2401 1084 2427 secundum
1104 2401 1253 2426 Hebrai‘cam
1272 2401 1401 2426 veritatem
1423 2399 1525 2423 Clausam
1547 2399 1632 2422 Rasa-

871 2440 958 2466 thuim.
966 2441 1158 2474 Lugdunensem
1170 2441 1305 2472 sequimur.
1315 2439 1480 2464 Coislinianus
1490 2445 1549 2461 vero
1559 2436 1634 2462 hahet

872 2483 962 2507 Χοοσὰδ
973 2483 1035 2516 Σύρῳ
1046 2483 1135 2514 βασιλεῖ
1148 2483 1235 2514 Συρίας.
1249 2483 1285 2504 καὶ
1298 2482 1384 2504 ἔσωσεν.
1395 2476 1404 2510 [
1416 2475 1502 2501 Schol.
1516 2476 1541 2500 in
1554 2484 1633 2508 marg.

873 2523 1015 2555 Χουρσαθὼμ
1028 2522 1119 2554 ὤφειλεν
1130 2522 1206 2548 εἰπεῖν,
1217 2522 1253 2543 καὶ
1268 2515 1393 2548 rebeum-l

908 2559 921 2578 b
939 2559 970 2582 In
989 2558 1160 2589 Manuscripto
1181 2555 1284 2580 Coislin.
1307 2553 1347 2578 hic
1368 2556 1472 2588 Δεὸὅώρα
1492 2551 1590 2586 legitur,
1611 2559 1635 2578 et

875 2597 949 2629 paulo
959 2602 1018 2630 post
1030 2599 1129 2628 Διδώρα.
