1890 2826
697 157 730 179 ιΝ
759 154 886 185 isaram,
914 153 990 177 car.
1021 154 1072 177 111.

112 224 166 252 κῶν
176 223 266 255 αὐταῖς
279 222 403 260 ἐγκαλεῖ,
419 218 544 249 ἀπόνοιαν
558 217 604 248 καὶ
613 217 775 252 ἀλαζονείαν.
791 217 879 246 Τοῦτο

111 268 162 308 γὰρ
173 269 308 307 πανταχοῦ
324 265 372 305 μὲν
384 265 513 306 χαλεπὸν,
530 264 646 304 μάλιστα
662 263 688 293 δὲ
710 263 754 293 ἐπὶ
769 264 819 298 τῆς
830 274 879 302 γυ-

110 313 226 347 ναικείας
237 312 389 351 τικτόμενον
400 311 510 352 φύσεως.
523 310 700 351 Φρονήματος
712 309 764 349 γὰρ
780 309 882 356 ἐμ-πλη-

111 362 201 389 σθεῑσα
222 358 304 399 γυνὴ,
317 358 363 388 ἅτε
384 356 529 398 κουφοτέρα
555 356 600 386 καὶ
622 355 774 395 ἀλογωτέρα
797 357 863 384 οὖσα
871 377 880 391 ,

112 404 225 438 εὐκόλως
235 403 424 444 περιτρέπεται
438 425 447 440 ,
459 403 504 432 καὶ
517 402 672 442 βαπτίζεται
683 424 691 439 ,
699 401 744 430 καὶ
755 399 880 439 ναυάγιον

110 450 236 490 ὑπομένει
248 449 258 467 ¹
265 450 362 483 παντὸς
375 451 489 488 πονηροῦ
507 448 670 487 πνεύματος,
679 450 725 477 τοῦ
739 446 820 487 τύφου
834 445 880 475 καὶ

110 499 158 532 τῆς
171 490 321 530 ἆλαζονείοις
334 495 414 531 αὐτὴν
429 494 618 534 βαπτιζούσης.
627 495 707 523 Δοκεῖ
721 492 748 522 δὲ
759 491 824 532 πρὸς
833 491 880 525 τὰς

111 544 139 572 ἐν
164 542 355 582 Ἱεροσολύμοις
382 541 578 571 ἄποτείνεσθαι·
601 540 640 569 διὸ
664 539 710 570 καὶ
735 538 880 578 θυγατέρας

110 588 182 618 Σιών
203 588 324 618 ἐκάλεσε.
351 587 405 617 Καὶ
431 586 609 627 ἐπορεύθησαν
632 587 726 626 ὑψηλῷ
740 584 879 625 τραχήλῳ.

112 635 244 664 Ἐνταῦθα
257 633 338 668 αὐτὰς
354 634 399 664 καὶ
409 635 546 674 κωμῳδεῖ,
561 633 606 663 καὶ
620 633 650 662 τὸ
662 636 810 672 γυναικεῖον
824 630 878 661 δεί-

111 693 186 711 κνυσι
208 680 347 721 φρόνημα,
370 680 428 710 οὐδὲ
453 681 481 709 ἐν
495 679 619 713 διανοίαις
636 682 651 701 ⁸
657 691 686 708 τε
698 678 820 718 γενέσθαι
833 678 880 707 δυ·
896 683 914 706 Β

110 727 231 766 νᾶμενον,
250 727 308 756 ἀλλ’
328 726 530 766 ἐκρηγνύμενον,
547 725 592 755 καὶ
616 724 659 755 διὰ
682 726 734 754 τῶν
754 727 800 754 τοῦ
823 722 879 753 σώ-

113 785 194 812 ματος
217 771 428 811 ἐπιδεικνύμενον
454 771 591 807 κινήσεων.
610 772 669 801 Οὐκ
693 773 730 804 εἷς
755 769 880 799 ἀπόνοιαν

113 819 139 848 δὲ
160 818 248 858 μόνον,
263 818 332 848 ἀλλὰ
345 817 392 847 καὶ
406 819 443 851 εἷς
463 817 601 857 ἀσέλγειαν
625 816 705 850 αὐτὰς
727 816 879 852 διαὸάλλει,

112 867 190 894 τοῦτο
221 865 304 904 λέγων
335 863 380 894 καὶ
407 865 494 900 δηλῶν
523 864 554 892 ἐκ
579 864 633 892 τῶν
659 862 728 898 ἑξῆς.
756 861 880 901 Ἐπήγα·

111 922 157 949 γεν
182 906 242 940 οὖν·
269 909 323 940 Καὶ
347 910 473 949 νεύμασιν
497 909 648 950 ὀφθαλμῶν,
670 908 684 938 ὃ
708 910 761 938 τῶν
781 910 880 947 ἑταιρι-

113 956 227 995 ζομένων
241 957 298 986 ἐστὶ
320 958 462 996 γυναικῶν,
479 955 641 995 διαστρέφειν
662 955 709 988 τὰς
724 954 813 994 κόρας,
834 952 880 983 καὶ

1632 143 1672 179 51

931 209 1086 254 superbiam
1094 222 1120 245 et
1128 217 1318 257 arrogantiam.
1326 218 1385 248 Hoc
1397 217 1468 247 enim
1481 217 1581 256 ubique
1595 228 1678 257 grave

932 268 982 298 est,
997 261 1115 292 maxime
1127 273 1192 293 vero
1206 274 1269 293 cum
1282 264 1310 293 in
1323 263 1450 293 muliebri
1464 274 1531 293 sexu
1542 264 1675 293 exoritur.

933 307 998 337 Alto
1020 307 1092 337 enim
1106 309 1204 349 spiritu
1225 305 1308 350 plena⁴
1317 310 1428 347 mulier,
1444 317 1536 350 utpote
1550 310 1637 340 levior
1650 317 1677 339 et

933 353 1161 392 irrationabilior,
1183 356 1262 386 facile
1283 355 1456 397 pervertitur,
1480 355 1676 395 submergitur,

933 400 1103 440 naufragium
1116 402 1229 441 patitur,
1244 403 1279 433 ab
1292 403 1365 432 omni
1379 402 1497 442 maligno
1510 402 1608 443 spiritu
1623 403 1676 432 im-

933 446 1023 486 pulsa,
1032 447 1100 476 fastu
1115 455 1141 477 et
1151 450 1304 488 arrogantia
1315 450 1403 490 ipsam
1414 449 1611 488 submergente.
1622 449 1678 480 Vi—

933 491 1013 521 detur
1021 495 1347 535 porroJerosolymitanas
1362 495 1489 525 mulieres
1501 495 1620 534 alloqui:
1636 495 1679 524 id-

933 548 1017 577 eoque
1026 538 1096 568 filias
1109 540 1174 570 Sion
1185 541 1300 571 vocavit.
1310 543 1352 570 Et
1361 541 1584 582 ambulaverunt
1599 541 1679 570 elato

933 583 1022 613 collo.
1049 584 1100 614 Hic
1121 585 1183 615 illas
1206 586 1334 623 traducit,
1357 597 1389 617 ac
1408 586 1568 616 muliebrem
1588 594 1681 616 osten-

933 629 974 659 dit
996 630 1106 668 fastum,
1128 630 1176 670 qui
1196 642 1248 662 non
1274 639 1360 673 potest
1377 632 1404 662 in
1422 632 1513 662 animo
1537 642 1566 662 se
1591 632 1680 662 conti-

933 685 1007 711 nere,
1023 675 1070 705 sed
1088 677 1216 717 erumpit,
1236 689 1266 708 ac
1286 689 1336 718 per
1354 688 1496 718 corporeos
1515 684 1612 711 motus,
1623 689 1680 708 sese

934 721 1034 762 prodit.
1049 723 1074 752 N
1076 733 1106 752 ec
1117 723 1145 752 in
1153 724 1333 764 arrogantiam
1345 724 1439 762 modo,
1452 724 1500 754 sed
1513 726 1592 754 etiam
1602 725 1630 754 in
1641 725 1680 754 la-

932 767 1045 798 sciviam
1059 768 1121 798 illas
1142 769 1252 810 dejicit;
1268 770 1319 800 hoc
1337 770 1365 799 in
1382 770 1556 810 sequentibus
1574 770 1641 800 dicit
1653 777 1681 800 et

931 814 1059 844 declarat.
1083 816 1172 856 Pergit
1182 816 1279 856 igitur:
1289 818 1332 846 Et
1343 819 1461 847 nutibus
1477 818 1638 855 oculorum,
1650 817 1681 846 id

931 860 1006 900 quod
1024 862 1186 892 amasiarum
1199 863 1342 903 proprium
1355 870 1405 900 est,
1427 864 1549 903 pupillas
1562 870 1677 898 vertere,

932 908 1127 948 mollitiemque
1148 911 1261 940 multam
1283 917 1309 940 et
1331 911 1470 941 lasciviam
1494 912 1558 941 hinc
1581 912 1678 952 expri-

911 954 914 957 '
933 964 1005 983 mere
1012 966 1021 992 3
1034 955 1158 984 mollitiei
1167 963 1256 985 autem
1267 966 1298 985 ac
1309 956 1426 986 lasciviae
1440 957 1548 986 nullum
1561 957 1613 987 hoc
1622 968 1679 986 ma-

112 1003 161 1038 τὴν
186 1003 288 1039 πολλὴν
304 1001 429 1042 βλακείαν
449 1002 494 1031 καὶ
524 1001 568 1031 τὸν
598 999 767 1040 μαλακισμὸν
794 1001 881 1028 ἐντεῧ-
894 1021 918 1042 44
932 1000 977 1039 jus
988 1000 1120 1029 indicium
1131 1001 1256 1034 hahetur.
1270 1003 1312 1031 Et
1322 1004 1438 1032 incessu
1445 1005 1553 1043 pedum
1563 1005 1680 1034 trahen-

113 1052 155 1078 θεν
177 1049 326 1090 ἐμφαίνειν
340 1052 386 1078 τοῦ
407 1048 434 1077 δὲ
451 1047 610 1087 θρύπτεσθαι
624 1047 669 1076 καὶ
691 1045 881 1085 μαλακίζεσθαι
898 1050 916 1071 Α

114 1095 187 1125 οὐδὲν
200 1095 268 1124 οὕτω
289 1094 398 1133 σημεῖόν
412 1095 492 1129 ἐστιν,
504 1095 540 1126 ὣς
562 1096 649 1122 τοῦτο.
665 1092 718 1122 Καὶ
732 1093 765 1131 τῇ
787 1090 882 1130 πορείᾳ

112 1143 165 1170 τῶν
179 1142 267 1170 ποδῶν
285 1141 411 1180 σύρουσαι
425 1139 480 1178 ἅμα
504 1138 564 1172 τοὺς
584 1141 708 1178 χιτῶνας.
724 1139 765 1167 Οὐ
788 1136 881 1176 μικρὸν

114 1189 191 1217 τοῦτο
205 1187 340 1226 ἔγκλημα,
349 1186 397 1215 κᾶν
413 1185 504 1224 μικρὸν
517 1180 584 1214 εἶναι
594 1185 657 1223 δοκῇ
666 1204 674 1218 ,
689 1184 747 1212 ἀλλ’
760 1182 881 1216 ἐξωλείας

113 1235 161 1268 τῆς
174 1233 288 1273 ἐσχάτης
298 1232 418 1271 ἔλεγχος,
429 1231 474 1260 καὶ
486 1233 531 1260 τοῦ
546 1230 735 1269 μαλακίζεσθαι
744 1251 752 1265 ,
764 1228 809 1258 καὶ
829 1240 879 1257 κα-

114 1280 275 1314 τακλᾶσθαι,
289 1278 335 1308 καὶ
353 1277 518 1312 διαλύεσθαι,
537 1277 568 1306 τὸ
579 1276 638 1310 τοὺς
653 1277 769 1316 χιτῶνας
783 1274 880 1315 σύρειν.

115 1327 201 1355 Τοῦτο
211 1328 273 1365 γοῦν
286 1337 326 1358 τις
339 1324 384 1353 καὶ
395 1326 448 1352 τῶν
463 1322 556 1357 ἔξωθεν
570 1323 706 1362 κωμῳδῶν
724 1320 769 1350 τὸν
784 1321 882 1350 ἀντίδι-

114 1384 160 1403 κον
173 1372 217 1401 τὸν
229 1373 309 1400 αὐτοῦ
321 1370 422 1400 τέθεικε
435 1369 518 1408 λέγων
529 1380 535 1387 ·
546 1371 557 1385 ⁸
566 1369 700 1407 θοίμάτιον
717 1367 804 1402 καθεὶς
818 1367 882 1407 ἄχρι

114 1420 167 1448 τῶν
188 1419 302 1458 σφυρῶν.
329 1416 382 1446 Καὶ
405 1420 459 1449 τοῖς
482 1415 559 1445 ποσὶν
583 1415 639 1454 ἅμα
659 1414 808 1449 παίζουσαι.
828 1414 882 1444 Καὶ

115 1468 192 1495 τοῦτο
205 1467 252 1500 τῆς
276 1465 358 1498 αὐτῆς
375 1462 456 1492 πάλιν
477 1461 664 1502 ἀσχημοσύνης
679 1460 818 1496 ἀπόδειξις.
830 1461 882 1491 Διὰ

114 1510 165 1551 γὰρ
184 1510 300 1546 πάντων,
315 1510 347 1538 δι’
373 1509 524 1548 ὀφθαλμῶν,
534 1509 567 1537 δι’
591 1507 713 1546 ἱματίων,
728 1507 771 1536 διὰ
784 1509 882 1544 ποδῶν,

116 1556 159 1586 διὰ
173 1556 316 1597 βαδίσεως,
330 1555 347 1591 ἥ
361 1566 391 1584 τε
404 1553 559 1594 σωφροσύνη
581 1553 626 1583 καὶ
647 1556 665 1589 ἡ
681 1553 804 1592 ἀσέλγεια
823 1553 883 1594 φαί-

116 1613 197 1631 νεται.
211 1603 269 1637 Τῆς
279 1601 329 1641 γὰρ
342 1600 413 1630 ἔνδον
428 1599 578 1638 καθημένης
596 1600 684 1639 ψυχῆς
693 1598 784 1639 ὥσπερ
797 1600 883 1640 κήρυ-

116 1647 160 1682 κές
172 1647 241 1685 τινές
254 1649 305 1676 εἶσι
318 1648 371 1676 τῶν
386 1644 562 1685 αἰσθητηρίων
578 1646 605 1674 αἱ
622 1645 749 1680 κινήσεις.
765 1645 818 1674 Καὶ
832 1658 883 1675 κα-

118 1694 201 1733 θάπερ
223 1694 247 1722 οἱ
274 1692 406 1732 ζωγράφοι
425 1690 458 1720 τᾶ
475 1690 607 1730 χρώματα
631 1690 815 1730 κεραννύντες,
838 1691 884 1725 τὰς

117 1738 218 1772 εἰκόνας
232 1739 262 1772 ἃς
283 1738 421 1777 βούλονται
434 1735 672 1776 χαρακτηρίζουσιν
681 1748 687 1754 ·
700 1735 769 1764 οὕτω
784 1736 815 1772 δὴ
838 1737 884 1766 καὶ

116 1785 150 1815 τὰ
161 1785 296 1824 κινήματα
308 1785 360 1813 τῶν
375 1784 462 1821 μελῶν
475 1784 521 1810 τοῦ
535 1781 658 1820 σώματος
671 1780 730 1815 τοὺς
743 1784 884 1821 χαρακτῆ-

118 1843 164 1872 ρας
178 1830 227 1865 ἔξω
239 1833 286 1866 τῆς
299 1832 387 1870 ψυχῆς
399 1828 473 1868 ἄγει,
488 1827 534 1857 καὶ
547 1828 599 1867 πρὸ
617 1829 670 1856 τῶν
693 1829 835 1868 ὀφθαλμῶν
846 1828 884 1858 τί·

117 1880 178 1913 θησι
189 1878 241 1906 τῶν
254 1875 398 1915 ἡμετέρων.
413 1874 462 1903 Διὸ
473 1873 518 1903 καὶ
541 1873 628 1913 ἕτερός
647 1885 687 1907 τις
700 1874 778 1914 σοφὸς
790 1874 864 1914 ἔλεγε
877 1887 884 1893 ·

116 1921 264 1961 Στολισμὸς
285 1921 392 1961 ἀνδρὸς,
418 1919 463 1949 καὶ
493 1919 576 1959 γέλως
599 1919 721 1956 ὀδόντων,
740 1919 786 1949 καὶ
810 1922 885 1960 βῆμα

115 1969 195 2002 ποδὸς
213 1968 353 2007 ἀναγγελεῖ
378 1966 412 1996 τὰ
433 1966 494 2006 περὶ
515 1967 602 1995 αὐτοῦ.
616 1965 671 1995 Καὶ
692 1966 849 1996 ταπεινώσει
870 1970 883 1997 ὁ

116 2014 184 2048 Θεὸς
198 2013 330 2054 ἀρχούσας
351 2012 495 2052 θυγατέρας
508 2011 589 2049 Σιὼν,
601 2011 646 2041 καὶ
665 2010 762 2051 Κύριος
784 2014 884 2041 ἀνακα-

149 2120 161 2139 5
178 2122 265 2148 Παντὸς
274 2121 372 2153 πονηροῦ
381 2120 516 2151 πνεύματος,
525 2122 566 2144 τοῦ
575 2119 653 2151 τύφου.
663 2117 711 2141 Hic
720 2115 791 2140 locus
799 2124 871 2141 mau-

117 2166 162 2183 cus
172 2165 224 2183 enee
234 2156 342 2183 videtur.
350 2158 446 2182 Boisius
453 2156 520 2190 apud
527 2155 649 2182 Savilium
660 2154 790 2188 legendum
799 2161 872 2188 putat

117 2201 200 2226 παντὸς
210 2201 307 2231 πονηροῦ
317 2199 443 2230 πνεύματος
450 2200 548 2230 μᾶλλον,
561 2201 601 2222 τοῦ
612 2197 690 2230 τύφου.

151 2243 162 2261 ⁸
179 2236 271 2268 [Savil.
280 2238 306 2261 in
319 2244 397 2269 marg.
411 2240 441 2262 ἴσ.
453 2235 595 2269 στέγεσθαι.]

151 2283 162 2295 ·
180 2281 302 2309 Θοὶμάτιον
311 2279 383 2305 καθεὶς
392 2281 448 2311 ἄχρι
459 2282 503 2301 τῶν
515 2281 602 2310 σφυρῶν
613 2273 683 2299 locus
694 2279 732 2298 est
743 2273 812 2298 haud
823 2273 872 2306 du-

118 2314 158 2340 bie
173 2314 303 2348 cujusdam
314 2315 422 2339 oratoris
437 2315 524 2339 Attici.
539 2318 663 2346 Θοὶμάτιον
674 2312 757 2337 Attice
775 2321 823 2345 pro
841 2317 868 2340 τὸ

118 2357 216 2387 ἱμάτιον.
230 2355 260 2378 In
273 2353 340 2378 hune
350 2361 410 2378 vero
421 2351 505 2378 locum
519 2358 592 2377 notat
610 2352 707 2377 Boisius
719 2351 786 2384 apud
797 2351 869 2377 Savi-

118 2392 194 2419 lium:
210 2394 287 2425 «Ipse
302 2392 372 2417 loeus
382 2391 496 2418 nondum
511 2392 633 2422 occurrit,
649 2399 695 2416 nec
711 2397 786 2416 vacat
803 2400 870 2417 nunc

117 2440 227 2465 quaerere
238 2441 243 2456 :
255 2431 382 2457 simillima
394 2437 478 2456 tamen
495 2437 554 2456 nunt
566 2436 591 2455 et
604 2429 716 2464 ejusdem
727 2429 802 2463 plane
814 2440 869 2456 mo-

118 2477 181 2497 netae
191 2491 197 2502 ,
211 2480 266 2505 quae
283 2472 311 2497 in
326 2479 404 2496 unum
423 2469 524 2504 collegit
538 2469 700 2495 doctissimus
711 2470 873 2496 Cnsaubonus

121 2516 204 2536 noster
214 2510 402 2536 Commentario
414 2518 458 2535 suo
467 2508 501 2534 ad
513 2509 681 2542 Theophrasti
693 2508 871 2541 characteres,

122 2550 203 2583 capite
214 2554 264 2584 πιρὶ
276 2552 429 2584 μικρολογίας,
441 2547 482 2573 ubi
492 2549 527 2573 sic
539 2547 639 2575 scribit:
652 2547 873 2580 Quemadmodum

936 1052 977 1075 tes
991 1047 1079 1075 simul
1096 1048 1221 1077 tunicas.
1243 1049 1304 1077 Non
1319 1049 1417 1088 exigua
1430 1049 1487 1079 haec
1500 1057 1539 1079 est
1552 1050 1679 1080 crimina-

933 1091 990 1129 ti03
1006 1092 1110 1121 etiamsi
1122 1103 1206 1132 parva
1219 1092 1344 1123 videatur
1356 1105 1422 1131 esse,
1437 1094 1483 1124 sed
1503 1102 1628 1125 extremae
1641 1103 1680 1125 est

933 1139 1115 1178 corruptionis
1126 1146 1324 1180 argumentum,
1339 1140 1465 1170 mollities
1477 1151 1583 1181 nempe,
1597 1142 1679 1172 lasci-

932 1183 988 1221 via,
1010 1183 1164 1221 dissolutio,
1180 1185 1271 1214 tunica
1292 1185 1431 1215 diffluens.
1455 1188 1512 1217 Hoc
1525 1194 1679 1221 exterorum

932 1230 1067 1270 quispiam
1080 1231 1265 1260 adversarium
1278 1242 1358 1263 suum
1371 1233 1512 1263 traducens
1524 1234 1562 1263 sic
1573 1245 1681 1275 expres-

933 1277 968 1306 sit
980 1291 986 1305 :
1011 1278 1146 1307 Panium
1170 1279 1324 1309 demittens
1346 1290 1439 1320 usque
1465 1282 1506 1310 ad
1527 1282 1614 1311 talos.
1633 1282 1680 1312 Si-

935 1324 1054 1363 mulque
1065 1325 1188 1364 pedibus
1201 1325 1345 1355 ludentes.
1358 1327 1394 1356 Et
1413 1327 1465 1356 hoc
1478 1338 1587 1357 rursum
1601 1328 1677 1368 ejus-

933 1370 996 1400 dem
1007 1370 1186 1411 turpitudinis
1199 1371 1392 1402 demonstratio
1404 1380 1454 1402 est.
1476 1375 1527 1403 Per
1540 1374 1596 1403 haec
1608 1375 1681 1404 enim

934 1417 1032 1451 omnia,
1045 1428 1095 1457 per
1107 1417 1210 1454 oculos,
1222 1428 1270 1458 per
1283 1419 1451 1456 vestimenta,
1464 1430 1513 1460 per
1526 1420 1618 1460 pedes,
1631 1431 1681 1462 per

933 1464 1076 1502 incessum,
1093 1475 1140 1494 seu
1162 1465 1266 1495 castitas
1287 1476 1335 1495 seu
1355 1466 1467 1497 lascivia
1493 1477 1549 1496 sese
1576 1467 1679 1508 prodit.

935 1511 1004 1540 Nam
1026 1510 1099 1540 intus
1121 1511 1237 1541 sedentis
1250 1513 1346 1542 animae
1360 1523 1487 1542 sensuum
1500 1521 1589 1543 motus
1603 1516 1679 1553 quasi

898 1564 916 1587 Β
935 1567 1071 1597 praecones
1077 1556 1188 1596 quidam
1196 1564 1268 1587 sunt.
1281 1559 1321 1588 Ae
1329 1558 1556 1597 quemadmodum
1566 1560 1682 1600 pictores

936 1603 1038 1633 colores
1051 1603 1182 1642 quosdam
1195 1605 1347 1642 miscentes,
1363 1605 1492 1645 imagines
1505 1617 1572 1645 quas
1585 1607 1682 1638 volunt

936 1649 1110 1689 exprimunt:
1131 1649 1170 1679 sic
1188 1657 1214 1679 et
1235 1657 1324 1680 motus
1341 1651 1524 1681 membrorum
1541 1653 1679 1693 corporis,

937 1694 1020 1724 animi
1033 1695 1197 1724 characteres
1209 1696 1280 1725 foras
1293 1705 1466 1736 expromunt,
1480 1705 1507 1727 et
1516 1706 1577 1729 ante
1587 1699 1679 1730 oculos

938 1747 1041 1769 nostros
1061 1747 1175 1780 ponunt.
1200 1742 1382 1777 Quamobrem
1396 1743 1466 1773 alius
1480 1745 1614 1784 quispiam
1637 1756 1681 1774 sa-

938 1783 1014 1823 piens
1027 1783 1132 1813 dicebat
1146 1796 1154 1813 ι
1169 1784 1309 1815 Amictus
1322 1787 1391 1822 viri,
1406 1793 1435 1816 et
1447 1789 1521 1818 risus
1536 1789 1679 1826 dentium,
1690 1797 1763 1819 Ecca.
1775 1803 1810 1827 ¹9·

937 1836 967 1859 et
977 1831 1103 1859 incessus
1112 1831 1195 1869 pedis
1206 1833 1384 1861 annuntiant
1393 1843 1458 1872 quoe
1469 1834 1510 1862 ad
1519 1835 1612 1874 ipsum
1622 1845 1682 1875 spe
1691 1834 1729 1859 ²7·

937 1882 1029 1905 ctant.
1057 1877 1096 1906 Et
1109 1877 1277 1907 humiliabit
1290 1879 1371 1908 Deus
1385 1879 1590 1911 dominatrices
1594 1882 1681 1922 filias

936 1920 1006 1949 Sion
1017 1932 1024 1949 :
1038 1927 1066 1950 et
1079 1921 1224 1951 Dominus
1239 1922 1380 1952 revelabit
1391 1923 1525 1953 habitum
1538 1935 1638 1954 eor-um
1652 1926 1682 1955 in

937 1967 985 1996 die
997 1967 1064 1996 illa.
1085 1967 1128 1996 Et
1148 1968 1264 2009 auferet
1283 1968 1429 1998 Dominus
1453 1969 1577 2010 gloriam
1591 1972 1681 2001 vesti-

938 2015 1027 2042 menti
1046 2023 1158 2043 earum.
1180 2014 1294 2044 Duobus
1306 2015 1402 2055 positis
1413 2016 1588 2055 criminibus,
1603 2028 1682 2048 arro-

920 2116 996 2142 vestis
1006 2115 1117 2142 brevitas
1129 2123 1167 2142 est
1181 2117 1295 2143 sordium
1306 2125 1491 2153 argumentum,
1511 2121 1547 2146 sic
1560 2122 1635 2147 vestis
1647 2122 1681 2147 ad

921 2155 985 2181 talos
989 2155 1106 2188 demissa,
1115 2155 1132 2181 i.
1139 2164 1160 2181 e.
1167 2161 1222 2191 ἄχρι
1227 2163 1272 2183 τῶν
1277 2165 1364 2193 σφυρῶν
1370 2162 1499 2192 καθημένη,
1506 2160 1563 2185 vitae
1568 2160 1682 2187 delicatae

921 2201 946 2220 et
953 2194 1089 2227 dissolutae,
1096 2201 1124 2220 ut
1131 2195 1199 2228 apud
1210 2195 1341 2221 Platonem
1352 2196 1377 2222 in
1387 2197 1517 2224 Alcibiade
1527 2200 1611 2232 priore
1623 2204 1680 2232 ἕλξις

921 2238 1018 2268 ἱματίων
1030 2234 1151 2260 indicium
1163 2237 1297 2269 ἁδρότητος.
1308 2235 1373 2261 lude
1384 2235 1427 2261 illa
1437 2236 1567 2262 Plutarchi
1575 2239 1602 2263 in
1610 2238 1679 2264 Alci-

921 2272 1010 2300 biade:
1025 2276 1155 2307 ὺὸρίσματά
1167 2285 1193 2300 τε
1205 2276 1332 2304 θηλύτητας
1344 2279 1442 2304 ἒσθήτων
1452 2279 1569 2311 ἁλουργῶν
1580 2280 1679 2311 ἑλκομε-

918 2324 959 2339 νων
970 2315 998 2339 δι’
1007 2318 1101 2349 ἀγορᾶς.
1113 2314 1202 2338 lim-nt.
1216 2312 1334 2345 Epodon,
1347 2313 1397 2339 Od.
1407 2316 1422 2339 4
1433 2323 1439 2339 ι
1452 2315 1559 2341 Sacram
1567 2318 1681 2343 metiente

920 2357 942 2376 te
953 2353 1023 2376 viam
1036 2361 1090 2376 eum
1100 2351 1138 2376 bis
1146 2357 1183 2376 ter
1193 2352 1310 2376 ulnarum
1321 2358 1389 2386 toga.
1399 2353 1473 2386 Apud
1485 2354 1591 2379 Dionem
1603 2356 1683 2381 Cale—¹

919 2399 966 2416 nus
977 2390 1066 2424 objicit
1077 2391 1202 2422 Ciceroni,
1213 2390 1283 2424 quod
1292 2396 1363 2427 μέχρι
1376 2399 1463 2428 σφυρῶν
1471 2398 1511 2423 τὴν
1523 2398 1606 2424 ἐσθῆτα
1618 2398 1679 2431 σύρει

920 2436 970 2455 etc.
981 2441 994 2454 »
1002 2430 1048 2455 His
1059 2430 1177 2463 adjiciam
1193 2429 1341 2456 Ciceronem
1356 2432 1436 2464 ipsum
1456 2432 1569 2458 Catilinae
1581 2435 1680 2460 asseclis

922 2470 1074 2503 exprobrare
1092 2469 1162 2504 quod
1182 2469 1338 2502 incederent,
1356 2472 1493 2496 manicatis
1511 2477 1535 2496 el
1555 2473 1681 2500 talaribus

922 2511 1022 2542 tunicis,
1033 2510 1092 2535 velis
1106 2510 1218 2542 amictos,
1230 2517 1281 2534 non
1291 2510 1363 2543 togis,
1372 2509 1404 2534 In
1415 2510 1490 2535 Cutil.
1505 2512 1528 2535 2.
