1890 2826
660 237 704 260 un
730 237 902 261 rnnrncm
928 220 1108 262 cmm-Am.

1589 229 1656 275 347

102 301 208 338 Δήσατε
220 303 298 331 αὐτοῦ
314 305 404 341 χεῖρας
427 300 471 330 καὶ
490 299 586 335 πόδας,
601 299 647 328 καὶ
671 298 765 339 βάλετε
788 297 867 327 αὐτὸν
884 301 902 323 E
919 301 1049 329 tenebras
1070 303 1240 338 exteriores,
1256 308 1280 331 et
1305 301 1373 330 hanc
1398 300 1506 340 abjicies
1527 302 1656 341 concupi-

101 349 139 381 εἷς
149 347 283 381 &exem
301 347 332 379 τὸ
345 346 480 387 ἐξώτερον,
494 346 540 376 καὶ
559 345 658 381 ταύτην
677 345 797 378 ἐκὸαλεῖς
818 344 868 380 τὴν

100 393 250 432 ἕπιθυμίαν.
259 393 305 423 Ἂν
316 393 389 432 ὠμὸς
401 392 447 423 καὶ
461 392 613 431 ἀνελεήμων
626 387 672 431 ᾖς,
685 390 867 430 ἀναμνήσθητι

99 441 152 469 τῶν
174 439 310 480 παρθένων
334 439 450 474 ἐκείνων,
473 438 516 474 αἳ,
538 440 590 468 τῶν
610 437 758 476 λαμπάδων
780 438 866 466 αὐτῶν

99 485 258 517 σὸεσθιισῶν
286 485 330 515 διὰ
349 485 380 518 τὸ
406 484 444 524 μὴ
462 485 532 525 ἔχειν
555 484 653 520 ἔλαιον,
668 486 714 513 τοῦ
730 484 867 523 νυμφῶνος

100 531 230 570 ἐξέπεσον,
243 532 288 562 καὶ
307 531 408 572 ταχέως
429 531 476 571 ἔσῃ
496 530 687 571 φιλάνθρωπος.
700 530 748 560 Ἂν
763 529 866 569 μεθύειν

99 578 146 608 καὶ
157 583 258 618 τρυφᾷν
283 579 413 618 ἐπιθυμῇς
421 600 430 615 ,
443 578 556 608 ἄκουσον
578 580 624 606 τοῦ
635 576 761 606 πλουσίου
774 575 867 615 λέγον,-

99 635 156 660 τος,
170 624 281 664 Πέμψον
295 624 424 664 Λάζαρον,
438 624 483 654 ἵνα
501 623 575 664 ἄκρῳ
587 625 625 663 τῷ
648 622 769 662 δακτύλῳ
782 633 867 652 κατα-

99 669 166 710 ψύξῃ
179 670 227 707 τὴν
239 670 446 710 τηγανιζομένην
463 670 599 709 γλῶσσαν,
613 669 658 699 καὶ
679 670 708 699 οὗ
722 667 866 708 τυγχάνον-

917 346 1054 375 scentiam.
1063 346 1092 376 Si
1104 346 1221 376 crudelis
1229 354 1256 376 et
1265 346 1454 376 immisericors
1464 346 1557 383 fueris,
1569 358 1658 378 recor-

916 391 1122 432 damvirginum
1131 393 1250 430 illarum,
1260 404 1331 433 quae,
1342 392 1479 423 exstinctis
1489 393 1658 434 lampadibus
1667 402 1751 426 Mauh.
1770 402 1808 425 25.

916 439 984 474 suis,
999 449 1061 469 cum
1071 449 1123 468 non
1136 440 1265 470 haberent
1275 440 1377 477 oleum,
1389 450 1423 469 ex
1437 439 1527 480 s'ponsi
1538 441 1657 471 thalamo

917 484 1032 514 excluse
1045 493 1107 514 sunt
1118 497 1124 517 ;
1139 497 1170 515 ac
1191 486 1244 516 cito
1257 486 1396 526 lbenignus
1408 485 1516 516 evades.
1529 486 1560 517 Si
1572 487 1657 516 ebric-

917 531 966 560 tati
979 538 1005 560 et
1018 532 1253 562 comessationibus
1273 542 1381 572 operam
1394 531 1459 562 dare
1473 533 1581 572 cupias,
1595 534 1658 562 audi

919 576 1032 607 divitem
1052 577 1195 615 dicentem,
1210 580 1297 608 Mitte
1312 579 1469 615 Lazarum,
1484 578 1532 617 qui
1553 587 1659 608 summo
1671 585 1808 615 Luc.16.2!..

919 622 1005 662 digito
1017 623 1153 663 refrigeret
1165 624 1287 654 adustam
1298 624 1430 664 linguam,
1441 634 1526 662 neque
1540 631 1660 664 optatiun

920 677 1099 708 consequutus
1108 677 1156 708 est,
1165 678 1191 700 et
1200 671 1290 700 statim
1299 671 1333 700 ab
1342 671 1393 701 hoc
1402 670 1557 710 cupiditatis
1567 672 1662 701 morbo

98 727 142 749 τος
156 717 204 751 τῆς
215 715 358 753 αἰτήσεως,
368 715 413 746 καὶ
431 715 534 756 ταχέως
545 715 686 755 ἀποστήσῃ
700 717 746 744 τοῦ
759 714 865 749 πάθους.
874 732 911 754 ²⁹4
921 717 1058 746 averteris.
1074 718 1174 747 Caetera
1184 728 1291 756 quoquc
1304 716 1394 747 omnia
1404 717 1513 748 virtutis
1523 718 1611 747 officia
1624 718 1662 747 sic

99 762 154 792 Καὶ
166 762 201 791 τὰ
213 762 282 792 ἄλλα
294 762 321 792 δὲ
334 761 422 792 πάντα
435 761 520 802 τούτῳ
531 761 706 803 κατορθώσεις
716 763 754 801 τῷ
767 761 866 802 τρόπῳ·
884 761 904 783 A
921 764 1074 802 exsequeris
1090 777 1096 793 :
1112 763 1182 793 nihil
1194 763 1266 793 euim
1283 774 1424 793 onerosum
1437 765 1511 793 Deus
1524 765 1659 804 praecepit.

99 807 174 838 οὐδὲν
182 807 235 848 γὰρ
247 807 371 847 φορτικὸν
384 807 509 842 ἑπέταξιν
522 809 537 837 ὁ
550 807 626 841 Θεός.
639 807 725 837 Πόθεν
738 803 782 837 οῧν
803 819 867 848 φορ-

100 853 161 883 τικὰ
180 853 301 894 φαίνει-αι
326 854 362 884 τὰ
380 854 564 894 ἐπιτάγματας
582 853 646 884 Ἀπὸ
671 855 719 889 τῆς
740 853 868 894 ῥᾳθυμίας

99 901 147 935 τῆς
164 900 304 940 ἡμετέρας.
319 899 426 940 Ὥσπερ
445 900 507 940 γὰρ,
533 899 579 930 ἐὰν
602 899 799 940 σπουδάζωμεν,
822 900 868 929 καὶ

99 945 133 975 τὰ
149 946 275 976 δοκοῦντα
296 945 379 986 βαρέα
400 949 486 986 κοῦφα
503 946 578 976 ἔσται
601 946 646 976 καὶ
666 946 756 986 ῥᾴδια,
771 945 866 982 οὕτως,

99 991 146 1022 ἐὰν
172 993 340 1032 ρᾳθυμῶμεν,
361 992 406 1022 καὶ
427 992 462 1021 τὰ
482 992 585 1032 φορητὰ
610 997 730 1032 φανεῖται
752 991 867 1021 δύσκολα

98 1040 172 1077 ἡμῖν.
187 1037 269 1078 Ἅπιρ
280 1038 386 1068 ἅπαντα
398 1038 584 1078 λογισάμενοι,
595 1038 633 1077 μὴ
645 1037 706 1071 τοὺς
715 1039 866 1078 τρυφῶντας

99 1083 296 1124 μακαρίζωμιν,
317 1083 386 1114 ἀλλὰ
400 1083 431 1113 τὸ
450 1083 525 1117 τέλος
544 1085 630 1113 αὐτῶν
652 1085 789 1121 ἐννοῶμεν.
804 1083 865 1113 Ἐν-

99 1130 184 1157 ταῦθα
197 1127 245 1166 μὲν
258 1127 310 1167 γὰρ
322 1127 420 1168 κόπρος
438 1127 484 1158 καὶ
494 1127 672 1167 πολυσαρκία,
687 1129 741 1157 ἐκεῖ
755 1127 783 1156 δὲ
795 1126 865 1156 σκώ-

921 810 1002 840 Unde
1017 810 1102 850 igitur
1114 817 1246 851 praecepta
1262 821 1373 840 onerosa
1385 821 1442 840 esse
1453 809 1581 840 videntur
1589 810 1603 839 P
1617 811 1661 840 Ex

920 856 1032 896 segnitie
1049 863 1148 887 nostra.
1165 856 1400 893 Quemadmodum
1413 855 1484 885 enim
1503 856 1526 885 si
1543 855 1662 885 studiose

920 902 1117 942 diligenterque
1130 913 1255 942 agamuS,
1269 913 1329 941 quae
1346 902 1474 932 videntur
1486 912 1542 932 esse
1556 903 1658 942 gravia,

919 948 990 977 levia
1000 948 1142 987 faciliaque
1164 955 1253 985 erunt,
1268 950 1318 985 sic,
1331 947 1354 977 si
1367 948 1481 987 segniter
1492 958 1612 988 agamus,
1624 956 1661 978 to-

918 994 1072 1023 lerabiliora
1101 1005 1208 1033 quoque
1228 993 1353 1023 difficilia
1376 993 1454 1022 nobis
1482 993 1658 1024 videbuntur.

921 1041 988 1077 Quae
1002 1040 1092 1069 omnia
1103 1040 1243 1070 nobiscum
1257 1046 1419 1079 reputantes,
1432 1050 1467 1069 ne
1489 1040 1580 1070 beatos
1600 1042 1662 1070 illos

919 1087 1096 1127 praedicemus
1104 1086 1151 1126 qui
1160 1087 1233 1116 lauta
1247 1087 1374 1116 fruuntur
1383 1096 1486 1125 mensa,
1494 1086 1541 1116 sed
1551 1087 1663 1117 illorum

921 1133 1002 1163 finem
1014 1134 1172 1173 cogitemus.
1187 1133 1256 1163 Nam
1277 1132 1323 1162 hic
1345 1139 1446 1162 stercus
1467 1139 1494 1162 et
1513 1133 1661 1173 pinguedo,

100 1173 150 1210 ληξ
163 1173 208 1203 Ml·
218 1176 282 1214 πῦρ-
295 1173 343 1210 Μῆ
357 1173 417 1208 τοὺς
431 1173 609 1214 ἁρπάζοντας,
624 1173 693 1203 ἀλλὰ
705 1174 732 1202 τί
751 1173 782 1202 τὸ
796 1173 868 1206 τέλος
921 1179 979 1209 illic
988 1180 1088 1210 vermis
1097 1187 1123 1210 et
1133 1180 1215 1219 ignis.
1227 1180 1269 1209 Ne
1280 1185 1410 1219 raptores,
1421 1178 1469 1208 sed
1480 1190 1573 1209 eorum
1582 1180 1663 1209 finem
1683 1171 1685 1174 .

100 1220 199 1250 αὖτῶν·
213 1220 346 1250 Ἐνταῦθα
370 1220 503 1260 φροντίδες
525 1220 571 1249 καὶ
593 1220 685 1256 πόνοι,
704 1221 758 1250 ἐκεῖ
784 1219 869 1258 δεσμὰ
884 1220 902 1243 ¹3
922 1226 1062 1256 nobiscum
1081 1232 1246 1266 reputemus.
1262 1225 1336 1255 Nam
1358 1225 1403 1254 hic
1425 1225 1621 1255 sollicitudines
1638 1234 1664 1255 et

101 1265 187 1295 ἄλυτα
198 1265 245 1295 καὶ
259 1265 351 1299 σκότος
367 1265 503 1306 ἐξώτερον.
520 1266 567 1302 Μὴ
581 1265 641 1299 τοὺς
655 1265 730 1301 δόξης
744 1266 870 1305 ἐρῶντας,

101 1311 170 1341 ἀλλὰ
182 1311 210 1341 τί
221 1311 253 1343 τὸ
265 1311 339 1345 τέλος
354 1313 449 1343 αὐτῶν.
464 1312 596 1342 Ἐνταῦθα
608 1311 713 1341 δουλεία
726 1311 771 1345 καὶ
791 1313 870 1351 εἰρω-

100 1356 173 1393 νεία,
189 1358 243 1387 ἐκιῖ
256 1357 338 1396 ζημία
346 1357 433 1393 πολλὴ
445 1357 490 1388 καὶ
501 1358 532 1388 τὸ
544 1357 661 1394 διηνεκὲς
672 1357 869 1397 ἔμπυρίζεσθαι.

102 1402 149 1433 Ἂν
161 1402 244 1436 οὕτως
253 1405 356 1438 ἑαυτοῖς
377 1403 560 1443 διαλεγώμεθα
568 1426 576 1439 ,
588 1403 634 1433 καὶ
657 1405 742 1433 ταῦτα
767 1403 812 1433 καὶ
836 1403 869 1432 τὰ

100 1452 210 1478 τοιαῦτα
218 1451 334 1489 συνεχῶς
346 1449 559 1490 ἐπᾴδωμενξταῖς
578 1453 705 1489 πονηραῖς
718 1451 795 1488 ἡμῶν
809 1450 870 1479 ἐπι-

101 1493 220 1532 θυμίαις,
231 1495 334 1535 ταχέως
347 1495 392 1525 καὶ
411 1495 505 1525 κακίαν
516 1494 697 1536 *ἐκφύγωμεη
715 1495 760 1525 καὶ
774 1495 870 1535 ἀρετὴν

102 1540 313 1580 κατορθώσομεν,
321 1541 367 1571 καὶ
374 1541 418 1571 τὸν
425 1543 478 1581 τῶν
485 1541 622 1581 παρόντων
634 1541 720 1581 ἔρωτα
730 1540 870 1579 σὸέσομεν,

102 1585 206 1616 καὶτὸν
229 1588 282 1616 τῶν
303 1586 452 1625 μελλόντων
473 1587 618 1627 ἀνάψομεν.
634 1586 670 1616 Τί
689 1587 740 1626 γὰρ
762 1587 818 1627 ἔχει
837 1586 870 1624 τὰ

102 1631 221 1671 παρόντα
235 1632 352 1671 βέὸαιον,
366 1632 384 1668 ἢ
400 1632 427 1662 τί
441 1632 511 1667 ξένον
525 1633 570 1662 καὶ
591 1632 746 1673 παράδοξον,
758 1633 799 1661 ὅτι
819 1636 871 1660 πᾶ-

104 1688 153 1706 σαν
175 1677 223 1713 τὴν
247 1678 364 1714 σπουδὴν
378 1680 414 1711 εἷς
437 1678 504 1708 αὐτὰ
528 1677 729 1717 ἀναλίσκωμενς
743 1677 814 1717 Οὐχὶ
837 1676 872 1705 τὰ
886 1675 905 1699 C

100 1722 171 1769 gor&
185 1723 324 1757 διαπαντὸς
345 1725 448 1764 ὁρῶμεν
465 1724 699 1762 ἀνακυκλούμενα,
710 1718 762 1753 οἶον
783 1722 871 1762 ἡμέρα

103 1768 149 1798 καὶ
159 1768 204 1803 νὺξ
213 1791 222 1806 ,
233 1769 278 1803 νὺξ
291 1769 338 1799 καὶ
352 1769 455 1809 ἡμέρα,
468 1769 569 1810 χειμὼν
584 1768 629 1798 καὶ
643 1768 716 1809 θέρος
724 1790 732 1805 ,
744 1768 816 1808 θέρος
827 1768 871 1797 καὶ

103 1813 214 1854 χειμὼν,
228 1815 272 1845 καὶ
284 1815 364 1845 πλέον
376 1815 463 1852 οὖδέν;
478 1815 629 1855 Ἀνάψωμεν
641 1814 727 1844 τοίνυν
741 1816 793 1843 τῶν
811 1815 873 1853 μελ-

103 1860 201 1890 λόντων
227 1863 333 1900 ἀγαθῶν
358 1861 402 1890 τὸν
425 1860 514 1890 πόθον.
525 1861 639 1900 Μεγάλη
662 1859 715 1900 γὰρ
735 1859 874 1889 ἀπόκειται

103 1906 164 1941 δόξα
173 1910 227 1940 τοῖς
240 1906 366 1944 δικαίοις,
380 1907 426 1937 καὶ
446 1907 479 1943 ἣν
492 1908 540 1937 οὐκ
557 1908 596 1938 ἔνι
608 1908 780 1946 παραστῆσαι
793 1906 873 1946 λόγῳ.

103 1951 148 1981 Τὰ
165 1951 216 1992 γὰρ
239 1953 351 1992 σώματα
375 1953 443 1992 μετὰ
462 1953 511 1989 τὴν
533 1953 678 1983 ἀνάστασιν
697 1952 874 1985 ἀπολαὸόντες

105 1998 243 2039 ἄφθαρτα,
270 1998 468 2034 συνδοξάζονται
492 1999 537 2029 καὶ
570 1998 794 2038 συμὸασιλεύουσι
833 2000 871 2037 τῷ

106 2046 225 2085 Χριστῷ.

146 2143 233 2172 Τοῦτο
246 2143 273 2173 δὲ
286 2143 377 2179 ἡλίκον
394 2145 475 2180 ἔστὶν,
490 2146 606 2174 ἰντεῧθιν
620 2145 758 2185 εἰσόμεθα·
774 2147 873 2185 μᾶλλον
914 2171 917 2174 ⁴

921 1273 1037 1310 labores,
1052 1272 1111 1302 illic
1123 1271 1231 1303 vincula
1253 1271 1410 1301 insolubilia
1421 1278 1447 1300 et
1460 1272 1574 1301 tenebrae
1592 1279 1665 1301 exte-

921 1319 1015 1348 riores.
1032 1318 1077 1349 Ne
1089 1317 1182 1358 gloriae
1196 1317 1319 1347 humanae
1333 1324 1482 1356 amatorcs;
1497 1317 1545 1347 sed
1558 1318 1619 1357 quis
1631 1318 1664 1347 sit

921 1375 1013 1395 eorum
1025 1364 1125 1400 exitus,
1135 1363 1343 1394 consideremus.
1353 1364 1405 1393 Hic
1415 1363 1530 1393 servitus
1540 1371 1565 1393 ct
1575 1364 1662 1399 fucus,

921 1411 979 1441 illic
991 1411 1121 1440 damnum
1133 1410 1250 1440 multum
1263 1416 1289 1439 et
1303 1409 1453 1439 combustio
1466 1416 1572 1439 aeterna.
1586 1410 1615 1440 Si
1628 1411 1663 1439 ita

921 1456 996 1497 apud
1009 1467 1057 1486 nos
1070 1456 1271 1492 ratiocinemur,
1284 1462 1363 1494 atque
1376 1455 1434 1484 haec
1443 1462 1470 1484 et
1483 1455 1580 1484 similia
1602 1467 1663 1495 pra-

923 1503 964 1533 vis
976 1503 1075 1533 nostris
1086 1501 1309 1542 concupiscentiis
1321 1501 1428 1531 assidue
1437 1501 1599 1534 ominamus,
1611 1502 1663 1531 cito

922 1549 1068 1588 nequitiam
1092 1549 1252 1588 effugiemus
1274 1554 1300 1576 et
1323 1547 1450 1576 virtutem
1474 1557 1662 1585 exsequemur,

924 1595 1095 1635 praesentium
1113 1605 1230 1624 amorem
1247 1593 1460 1632 exstinguemus,
1474 1599 1500 1622 et
1512 1593 1663 1622 futurorum

923 1642 1107 1671 accendemus.
1120 1639 1195 1678 Quid
1207 1640 1279 1669 enim
1292 1639 1427 1669 firmitatis
1439 1639 1538 1668 habent
1551 1650 1665 1679 praesen-

923 1688 971 1724 tia,
986 1688 1053 1727 quid
1065 1695 1121 1717 tam
1134 1686 1284 1721 insolitum,
1298 1685 1364 1724 quid
1377 1692 1431 1714 tam
1446 1685 1620 1725 stupendum,
1635 1693 1663 1715 ut

923 1743 1029 1763 omnem
1039 1744 1101 1773 erga
1113 1732 1162 1762 illa
1170 1742 1263 1761 curam
1272 1730 1457 1760 insumamus?
1469 1732 1563 1760 Annon
1572 1731 1665 1761 eadem

924 1780 982 1819 ipsa
990 1786 1120 1819 perpetuo
1129 1777 1253 1809 videmus
1261 1776 1338 1816 quasi
1347 1776 1375 1805 in
1385 1776 1518 1806 circulum
1529 1787 1664 1806 recurren-

924 1825 971 1862 tia,
985 1832 1015 1854 nt
1024 1824 1098 1854 diem
1107 1831 1133 1854 et
1142 1830 1256 1858 noctem,
1267 1829 1370 1852 noctem
1381 1829 1407 1852 et
1415 1821 1486 1851 diem
1492 1845 1502 1858 ‚
1511 1822 1626 1852 hiemem
1639 1830 1665 1852 et

925 1878 1053 1908 aestatem,
1062 1877 1178 1901 aestatem
1186 1877 1213 1899 et
1221 1869 1350 1906 hiemem,
1358 1874 1384 1898 et
1393 1868 1463 1898 nihil
1472 1868 1606 1899 ulterius?
1615 1870 1664 1898 Ac-

926 1917 1069 1947 cendamus
1081 1927 1144 1956 crgo
1161 1916 1315 1946 futurorum
1334 1914 1499 1944 desiderium
1519 1914 1663 1944 honorum.

925 1963 1025 2002 Magna
1040 1960 1141 2001 quippe
1151 1960 1231 2000 justis
1244 1960 1359 2000 reposita
1371 1965 1411 1989 est
1425 1958 1521 1998 gloria,
1536 1965 1562 1988 et
1584 1970 1666 1998 quam

926 2006 1017 2038 verbis
1037 2005 1187 2046 exprimere
1211 2015 1264 2034 non
1290 2015 1442 2045 possumus.
1464 2004 1532 2033 Nam
1554 2014 1665 2044 corpora

928 2058 987 2091 post
1011 2050 1230 2080 resurrectionem
1257 2048 1473 2088 incorruptibilia
1494 2047 1665 2087 accipientes,

926 2095 1018 2136 gloriae
1029 2094 1158 2134 regnique
1171 2093 1272 2124 Christi
1285 2100 1422 2124 consortes
1432 2099 1505 2122 sunt.

966 2142 997 2171 6.
1019 2141 1076 2171 Hoc
1094 2151 1159 2170 vero
1172 2147 1303 2180 quantum
1322 2139 1365 2175 sit,
1379 2139 1443 2168 hinc
1466 2137 1665 2178 intelligemus;

107 2187 136 2216 δὲ
149 2190 239 2228 σαφῶς
258 2189 306 2227 μὶν
319 2190 461 2230 οὐδαμόθεν
474 2191 613 2230 εἰσόμεθα·
626 2191 696 2221 ὥστε
713 2191 741 2222 δὲ
755 2191 808 2222 ἀπὸ
820 2194 873 2221 τῶν
889 2185 909 2208 D
927 2187 982 2218 imo
994 2187 1085 2228 potius
1095 2197 1243 2226 numquam
1254 2186 1324 2215 clare
1337 2184 1567 2224 intelligem1155ut
1577 2193 1666 2215 autem

108 2235 172 2272 παρ’
181 2235 248 2272 ἡμῖν
259 2236 364 2274 ἀγαθῶν
377 2236 546 2276 ἀναχθέντες,
560 2237 657 2277 μικρὰν
674 2240 736 2277 γοῦν
750 2250 808 2267 τινα
821 2238 874 2267 λά-

109 2280 199 2319 ὃωμιν
212 2280 320 2317 ἔννοιαν,
331 2283 367 2315 ὣς
381 2281 411 2311 ἂν
429 2279 482 2316 οἷός
493 2295 522 2313 τε
534 2278 557 2312 ὦ
565 2305 574 2320 ,
592 2287 763 2324 παραστῆσαι
783 2284 875 2324 πειρά-

109 2337 190 2365 σομαι
209 2327 240 2357 τὸ
261 2326 362 2367 λεχθέν.
376 2328 445 2358 Εἰπὲ
459 2329 510 2369 γάρ
530 2341 587 2369 μοι,
603 2330 629 2359 εἴ
650 2330 690 2364 τίς
712 2342 741 2360 σε
763 2342 874 2370 γεγηρα·

109 2371 190 2409 κόνι-α,
201 2372 246 2402 καὶ
260 2373 288 2402 ἐν
300 2372 378 2414 πενίᾳ
392 2375 477 2408 ζῶντα
490 2375 668 2414 ἐπηγγέλλετο
677 2376 798 2412 ποιήσειν
807 2375 876 2410 ἐξαί-

110 2430 176 2459 φνης
187 2418 254 2456 νίον,
266 2419 312 2449 καὶ
326 2421 362 2453 εἰς
369 2419 451 2456 αὐτὴν
460 2419 530 2455 ἄξειν
538 2424 588 2457 τῆς
598 2421 703 2457 ἡλικίας
713 2422 761 2458 τὴν
775 2422 875 2462 ἀκμὴν,

111 2465 156 2494 καὶ
174 2464 275 2505 σφόδρα
287 2465 395 2505 ἰσχυρὸν
408 2466 453 2495 καὶ
474 2467 570 2506 ὡραῖον
592 2467 660 2507 ὑπὲρ
672 2467 773 2501 πάντας
789 2479 876 2498 κατα-

928 2235 1053 2275 exemplo
1068 2245 1104 2265 ex
1121 2233 1199 2263 bonis
1218 2232 1394 2273 praesentibus
1410 2238 1542 2267 assumto,
1557 2242 1667 2272 parvam

927 2281 1071 2321 quamdam
1093 2281 1152 2321 ejus
1175 2280 1297 2309 notitiam
1318 2279 1498 2318 attingamus,
1517 2289 1567 2317 pro
1595 2277 1668 2307 virili

928 2339 986 2358 mea
1005 2327 1035 2357 id
1056 2327 1129 2366 quod
1147 2326 1250 2356 dictum
1273 2331 1314 2355 est
1334 2324 1469 2354 declarare
1489 2323 1596 2353 curabo.
1617 2323 1668 2351 Dic

929 2373 1008 2411 mihi,
1020 2374 1044 2403 si
1057 2374 1118 2413 quis
1128 2373 1179 2403 tibi
1191 2372 1247 2402 seni
1260 2378 1286 2401 et
1299 2371 1326 2400 in
1341 2370 1455 2410 penuria
1466 2368 1571 2407 degenti
1585 2367 1665 2406 polli-

929 2427 1033 2450 cei-etur
1054 2419 1084 2450 id
1107 2419 1289 2460 praestiturum
1312 2427 1356 2452 se,
1381 2422 1410 2445 ut
1435 2420 1541 2453 repente
1560 2412 1668 2451 juvenis

929 2477 1009 2504 ossea,
1018 2474 1044 2496 et
1055 2467 1083 2496 in
1095 2467 1184 2506 ipsum
1195 2464 1278 2494 aetatis
1287 2463 1380 2492 florem
1391 2458 1563 2495 reduceretis,
1570 2458 1668 2487 sonna-

112 2510 258 2548 σκιιιάσιιν,
271 2511 316 2540 καὶ
331 2511 466 2551 βασιλείαν
479 2511 571 2542 δώσειν
585 2514 633 2548 τῆς
644 2515 694 2552 γῆς
712 2514 818 2550 ἁπάσης
830 2514 874 2544 ἐπὶ
931 2524 983 2551 que
989 2524 1020 2543 ac
1030 2513 1125 2543 robore
1134 2509 1253 2551 corporis
1262 2507 1363 2538 cunctis
1371 2512 1519 2546 praestares,
1527 2504 1667 2534 daturum-

113 2556 182 2586 ἔτεσι
196 2556 304 2596 χιλίοις,
318 2557 454 2597 βασιλείαν
468 2557 574 2597 εἰρήνην
586 2558 698 2598 ἔχουσαν
713 2560 873 2599 βαθυτάτην,
933 2572 984 2600 que
1006 2559 1056 2589 tibi
1082 2558 1162 2587 totius
1187 2556 1259 2586 orbis
1284 2562 1411 2592 regnum,
1431 2550 1511 2589 idque
1534 2550 1568 2579 ad
1594 2549 1668 2579 mille

131 2649 139 2680 [
149 2648 226 2677 Savll.
240 2650 266 2676 in
276 2655 344 2676 textu
356 2654 520 2686 ὰφιυξόμιθαι
534 2651 559 2676 in
571 2659 649 2686 marg.
665 2663 701 2687 γρ.
713 2653 862 2687 hythmum]
