1904 2840
717 235 748 259 [Ν
775 235 830 258 son
857 226 968 258 sumno
996 236 1045 259 ιιι.

101 298 200 333 ζονείαν
211 300 226 327 ὁ
238 296 314 335 λόγος
326 295 374 332 τῆς
385 296 523 331 ἀληθείας,
538 296 601 336 φησὶ
616 295 679 336 πρὸς
693 296 783 325 αὐτόν·
799 291 865 329 εἶδες

100 339 144 367 τὸν
161 337 295 376 ἄνθρωπον
307 335 352 365 τὸν
366 336 418 365 ὕπὸ
428 338 475 364 σοῦ
498 334 535 374 μὴ
554 335 749 375 πεπατημένον,
772 335 863 371 ἐπειδὴ

1587 224 1658 272 695

920 303 1037 336 peraret,
1045 296 1221 336 arrogantiam
1230 297 1288 337 ejus
1297 297 1527 328 solvensveritatis
1534 297 1658 333 verbum,

920 336 957 365 ait
971 335 1005 365 ad
1017 336 1097 365 illum
1114 349 1119 365 :
1134 336 1263 367 Vidistin‘
1274 337 1409 366 hominem
1420 348 1435 366 a
1449 344 1474 367 te
1487 337 1597 366 minime
1607 337 1660 366 cal-

100 376 215 412 πάντων,
226 378 262 409 ὣς
282 375 298 405 ἔ
314 387 363 411 ης,
375 379 492 415 κρατεῖς;
506 371 571 408 εἶδες
591 375 635 405 τὸν
655 375 743 410 πάσης
757 382 803 405 σού
817 377 864 410 τῆς
884 378 902 401 Β
919 381 1008 404 catum
1019 398 1027 411 ‚
1039 376 1103 415 quia
1122 376 1247 406 omnibus
1256 399 1264 413 ‚
1281 383 1310 405 ut
1329 377 1381 413 ait,
1395 376 1529 417 imperas?
1541 376 1660 406 vidistin⁷

101 415 194 464 κακίας
218 427 270 455 κρα
284 454 292 466 Ι
305 409 502 483 σανταίῖδεέδεςὸ
514 414 738 484 τὲζλπέιτήσαντῗ
752 425 800 489 τσὴῖ
819 414 863 482 :fixe

362 466 368 472 ·
472 466 487 483 τ
502 466 516 483 ν
534 467 546 483 ε
581 466 595 483 υ
647 466 662 483 τ
855 470 865 475 -

101 465 355 563 ζζῖνοέαπῗὲἔῗὴῖς
361 466 464 544 agminis
471 466 645 563 ὅέκλιῖσὸνέξν
652 466 865 563 ᾗξδιοικαιοσύνῃέ

102 544 166 603 ’δῶ
173 545 242 610 ,ἰαὶ
254 544 345 611 ἰέγῗῗῗ
354 544 396 601 ὦ
410 544 642 612 &astam
665 544 819 613 ἧξῖἷῖοζῗε
827 543 868 600 ττῖ

102 602 241 651 κτήματα,
253 612 297 642 ἵνα
321 611 415 651 ὓὸρίοῃ
436 614 516 641 αὐτοῦ
529 611 573 641 τὸν
592 612 698 652 τρόπον,
711 612 755 641 ἵνα
772 611 867 652 ὓὸρίσῃ

103 653 183 681 aaron
194 652 239 681 καὶ
251 651 282 680 τὸ
294 647 371 688 ἦθος,
384 651 427 680 ἵνα
435 656 493 684 ταῖς
506 651 638 686 ὑπονοίαις
650 652 723 682 νόθον
737 650 806 691 δείξῃ
820 651 869 687 τὴν

104 691 211 731 ἀρετήν.
237 690 276 721 Σὺ
304 690 419 724 δέδωκας
439 692 527 728 αὐτῶ,
553 691 635 731 φησὶ,
659 691 707 728 τὴν
731 690 854 731 ἀφθονίαν
863 701 869 708 ·

103 742 138 760 πε
156 731 209 760 ίελε
228 730 278 766 τὴν
302 730 436 770 ἀφθονίαν,
461 721 506 759 καί
530 733 702 770 γυμνοῦται-ἧ
724 730 792 759 anda
811 741 869 763 ισις.

105 771 129 799 Λ
142 782 183 809 γει
197 770 270 809 αὐτῷ
290 772 305 799 ὁ
324 769 407 802 Θιός·
421 769 503 810 Ἅψαι
525 770 631 799 πάντων
653 765 690 799 ὧν
713 769 778 810 ἔχει.
831 770 870 798 δει

103 809 156 849 γὰρ
173 812 188 839 ὁ
210 809 296 844 Θεὸς,
310 809 351 839 &t
378 808 519 849 ἀκόρεστον
542 809 558 839 1
575 821 599 839 ει
620 809 668 846 τὴν
690 811 813 849 πρόθεσιν
834 810 870 842 εἷς

104 848 254 883 πλεονεξίαν
262 860 269 867 ·
280 849 326 878 καὶ
334 848 406 887 λέγει
417 860 424 867 ·
436 848 490 878 ἰδοὺ
498 871 506 886 ,
648 848 742 888 δίδωμί
765 860 806 878 σοι
821 849 870 884 τὴν

105 888 232 924 ἐξουσίαν,
246 889 325 918 αὐτοῦ·
345 887 372 917 δὲ
386 887 464 925 μόνον
478 888 515 927 μὴ
537 888 604 928 ἅψῃ.
619 888 711 928 σΟροις
730 888 871 929 περιορίζει

104 928 154 964 τὴν
167 928 262 957 κακίαν
276 930 323 957 τοῦ
335 927 466 956 διαὸόλον.
484 927 572 957 Βλέπε
585 928 676 958 λοιπὸν
696 924 749 958 οἷον
763 927 871 957 ἀποτεί-

105 979 144 997 νει
153 967 227 1001 τόξον
236 967 307 1001 ,κατὰ
316 969 363 996 τοῦ
374 966 474 996 δικαίου
484 990 492 1004 ,
499 964 542 997 οἷα
550 967 651 1006 πέμπει
664 967 738 1007 βέλη.
750 967 870 1005 Ἐξῆλθε,

106 1006 151 1036 καὶ
170 1009 274 1046 πρῖνιον
289 1005 483 1047 σχηματίζεται
497 1007 574 1040 αὐτὸς
587 1010 601 1037 ὁ
613 1009 666 1036 τῶν
680 1008 768 1036 κακῶν
790 1009 802 1036 ἐ
837 1007 871 1035 ά-

105 1058 168 1082 της,
182 1047 260 1079 αὐτὸς
273 1046 364 1076 ἑαυτὸν
385 1046 496 1085 ἄγγελον
514 1048 566 1075 τῶν
580 1049 670 1076 κακῶν
683 1019 872 1086 παραστήίζις,

106 1086 183 1118 αὐτὸς
196 1085 291 1122 ἔπληξε
306 1085 339 1114 τὰ
358 1085 458 1121 κτήνη,
472 1085 518 1114 καὶ
540 1086 618 1120 αὐτὸς
641 1085 803 1125 ἀπαγγέλλει
823 1086 872 1121 τὴν

106 1125 222 1164 πληγήν.
250 1120 319 1154 Eine
343 1124 411 1164 γὰρ,
436 1125 531 1164 φησὶν,
554 1127 568 1154 ὁ
592 1125 712 1158 διᾶὅολος
739 1127 778 1164 τῷ
800 1125 871 1154 Ἰώδ-

107 1165 151 1194 Τὰ
165 1165 207 1198 ζε’
266 1166 320 1193 τῶν
344 1165 412 1203 βοῶν
436 1175 483 1193 σου
508 1165 694 1204 ἠροτρία,καὶ
720 1166 747 1193 αἱ
771 1165 873 1201 θήλειαι

106 1205 161 1234 ὄνοι
178 1206 219 1233 ἐνε
311 1225 319 1239 ,
336 1202 382 1232 καὶ
400 1198 480 1239 ἦλθον
504 1206 529 1233 οἱ
555 1204 810 1244 αἰχμαλωτεύοντες,
828 1204 874 1233 καὶ

107 1242 271 1284 κατέσφαξαν
291 1243 351 1276 τοὺς
372 1242 469 1276 παῖδάς
489 1255 552 1279 σου,
566 1245 612 1273 καὶ
635 1243 793 1293 ὑπελείψθην
821 1243 873 1281 ἐγὼ

108 1283 202 1351 μόέοςδ,
218 1282 264 1312 καὶ
283 1277 363 1319 ἦλθον
381 1284 428 1330 *τοῦ
442 1283 602 1322 ἀπαγγεῖλαί
615 1295 666 1313 σοι.
681 1284 779 1322 Πρωτη
794 1287 874 1351 πεῖρα

107 1333 153 1351 του
199 1321 319 1357 ιαὸόλου,
341 1333 447 1361 πρωτον
563 1361 572 1372 ,
592 1362 600 1374 x
666 1362 673 1372 x
778 1362 785 1371 x
842 1365 859 1372 η

107 1361 559 1439 ἓῖἷιῖςτῗὲὸνᾼέὲνάῇῗῖᾙῖζα
573 1363 627 1431 ’36
636 1374 700 1441 pii}
716 1364 873 1437 ῗέοζονῖῗῗ

108 1443 154 1480 ροῧ
176 1441 211 1470 τὰ
232 1440 411 1480 πεπυρωμένα
432 1439 534 1470 σόἒσαι.
555 1441 599 1470 Τὰ
625 1440 703 1481 ζεῦγη
729 1442 780 1470 τῶν
805 1443 874 1480 βοῶν

108 1480 246 1516 ἀπώλετο,
257 1479 302 1509 καὶ
315 1482 333 1515 ἡ
346 1479 419 1520 ψυχὴ
444 1481 492 1509 οὐκ
510 1480 654 1528 ἐμερίζετο.
670 1482 705 1510 Αἰ
729 1480 783 1510 ὄνοι
797 1481 874 1509 ἀπώ-

76 1543 79 1545 ›
107 1521 198 1556 λοντο,
211 1519 258 1549 καὶ
268 1521 282 1548 ὁ
294 1518 400 1558 εὐγενὴς
410 1519 498 1552 πῶλος
508 1530 552 1549 τον
564 1521 673 1559 χαλινὸν
685 1522 733 1556 τῆς
741 1520 875 1553 εὗσεὸείας

108 1561 156 1589 οῦκ
169 1558 315 1598 ἠρνήσατο.
329 1554 406 1588 Essa
431 1559 556 1597 ἀγγελίαν
570 1559 667 1599 πικρὰν
680 1561 729 1594 τῆς
741 1559 875 1592 ἀπωλείας

108 1599 162 1627 τῶν
175 1597 328 1647 κτημάτων,
343 1597 388 1627 καὶ
403 1597 504 1635 ἔμεινεν
524 1599 559 1631 ὡς
573 1598 694 1637 ἀσφαλὴς
714 1598 813 1638 πύργος
830 1599 875 1627 καὶ

110 1638 331 1676 ἄκαταγωνιστος.
345 1636 380 1666 ‘O
402 1635 523 1670 διᾶὅολος
545 1638 638 1677 πικρὸς
662 1637 699 1666 ὢν
722 1640 755 1676 τῇ
779 1637 874 1676 κακίᾳ,

110 1676 155 1706 καὶ
176 1687 225 1705 πικ
242 1676 269 1708 ὸς
289 1675 325 1704 ὢν
347 1675 397 1711 τὴν
416 1675 579 1715 προαίρεσιν,
605 1676 771 1715 μετεμελήθη
795 1676 877 1710 οὕτως

111 1718 225 1755 ἀπαγγει
244 1726 281 1748 ας.
296 1714 350 1744 Καὶ
372 1714 487 1754 πρόσεχε
510 1714 640 1755 ἀκριὲῶς,
661 1717 823 1754 παρακαλῶ,
838 1716 875 1754 μή

112 1766 141 1784 σε
155 1754 268 1794 διαφύγῃ
288 1756 306 1789 ἡ
323 1756 370 1783 τοῦ
381 1757 496 1793 πονηροῦ
510 1754 611 1790 ἔννοια,
630 1754 663 1790 ἣν
677 1755 721 1784 καὶ
734 1756 877 1789 ἀπόστολος

113 1794 228 1834 ἀκριὸῶς
239 1793 433 1829 κατοπτεύσας,
463 1793 524 1829 ησίν
534 1805 540 1812 ·
555 1794 595 1823 Οὖ
608 1794 660 1833 γὰρ
675 1796 754 1823 αὐτοῦ
768 1794 802 1823 τὰ
813 1795 877 1830 νοή-

113 1845 184 1872 ματα
200 1834 351 1872 ἀγνοοῦμεν.
372 1833 419 1866 Ὡς
466 1845 480 1862 ν
503 1833 662 1873 ἀπήγγειλεν
685 1835 824 1874 αὖτῷ,ὅτι
834 1834 878 1863 Τὰ

113 1872 192 1912 ζεύγη
206 1874 258 1901 τῶν
281 1872 484 1912 βοῶνήροτρία,
498 1872 543 1901 καὶ
568 1874 596 1901 αἱ
618 1872 721 1908 θήλειαι
742 1874 795 1903 ὄνοι
820 1873 878 1902 ἐνέ-

150 1923 209 1948 ντο,
225 1911 270 1941 καὶ
291 1907 370 1948 ἦλθον
385 1913 409 1941 οἱ
433 1911 694 1952 αῖχμαλωτεύοντες,
716 1907 768 1942 εἶδε
793 1912 820 1942 δὲ
835 1913 879 1942 τὸν

124 1951 177 1981 {M
189 1952 263 1991 ψυχῇ
285 1951 391 1991 γενναίᾳ
411 1950 523 1991 φέροντα
544 1951 593 1987 τὴν
615 1951 749 1991 ἀγγελίαν,
763 1964 879 1991 μετεμε-

113 1991 181 2027 λήθη
195 1990 236 2020 ὅτι
251 1992 339 2024 κακῶς
352 1991 512 2030 ἀπήγγειλε,
525 1990 570 2020 καὶ
585 1991 722 2031 μονονουχὶ
737 1986 793 2021 εἷπε
815 1992 880 2032 πρὸς

114 2030 206 2060 ἑαυτὸν
215 2031 230 2059 ὁ
243 2029 362 2064 διάθολος
371 2041 378 2048 ·
391 2031 479 2063 κακῶς
491 2030 640 2070 ἀπήγγειλα
647 2054 654 2067 ,
665 2030 745 2060 εἰπὼν
756 2033 826 2071 αὐτῷ
840 2031 881 2061 ὅτι

115 2070 246 2110 ἄνθρωποι
269 2070 340 2109 αὐτῷ
366 2069 549 2108 ἐπολέμησαν·
577 2069 684 2099 δύναται
709 2071 881 2110 λογίσασθαι,

114 2110 155 2138 ὅτι
168 2111 191 2138 εἷ
204 2108 336 2148 ἄνθρωποι
350 2109 519 2147 ἐπολέμησαν
529 2109 575 2138 καί
589 2121 622 2148 με
633 2110 772 2146 ἠδίκησαν,
783 2110 809 2139 τί
817 2111 881 2151 πρὸς

115 2149 160 2178 τὸν
175 2148 263 2183 &du
278 2149 387 2183 Κακῶς,
400 2147 488 2188 φησὶν,
502 2148 624 2183 ἐτόξευσα
635 2170 643 2183 ,
657 2151 685 2178 οὔ
700 2149 768 2178 κατὰ
782 2152 881 2179 σκοποῦ

116 2187 220 2222 leam,
234 2186 365 2226 ἀπέτυχον
382 2189 430 2222 ἰ-’ῆς
442 2187 556 2223 τοξείας,
573 2188 746 2224 ἀπεπλανήθη
756 2188 790 2217 τὰ
804 2189 879 2228 βέλη.

118 2222 202 2256 Εἶπον
224 2225 264 2254 ὅτι
286 2225 418 2265 ἄνθρωποι
430 2226 658 2265 ᾐχμαλᾶντευσαν·
679 2227 788 2256 δύναται
809 2224 883 2261 οὗτος

117 2268 210 2300 εἰπεῖν,
224 2263 250 2293 τί
261 2259 306 2293 οὖν
323 2264 372 2300 τὴν
385 2266 438 2293 τῶν
459 2267 506 2294 ἀνθ
532 2265 540 2277 ’
589 2277 602 2294 ν
626 2266 728 2296 ἀδικίαν
749 2269 812 2295 (θεῶ
826 2268 883 2296 ἐπι-

119 2305 229 2345 γράψω;
243 2302 333 2334 Ἄλλοι
360 2305 384 2332 οἱ
404 2277 588 2341 ἠδικηκέἑζῒ)
597 2305 642 2334 καὶ
666 2305 743 2339 ἄλλος
769 2296 843 2335 ἔσται
870 2309 884 2335 ὁ

120 2342 372 2384 βλασφημούμενος
384 2342 443 2372 Ἵνα
457 2340 501 2372 οὗν
520 2343 656 2383 μεταγάγῃ
669 2345 748 2374 αὔτοῦ
767 2345 814 2380 τὴν
830 2345 885 2374 διά-

479 1323 555 1361 βέλος
585 1323 654 1352 κατὰ
683 1325 729 1352 τοῦ
755 1334 832 1362 γεννα
843 1335 873 1352 ου

64 2391 67 2393 ’
119 2395 191 2412 νοιαν
206 2382 258 2411 ἀπὸ
271 2384 322 2410 τῶν
343 2382 487 2421 ἀνθρώπων
510 2384 546 2415 εἷς
559 2383 638 2419 Θεὸν,
661 2383 706 2412 καὶ
729 2383 799 2423 δείξῃ
814 2385 885 2424 αὐτῷ

121 2423 169 2451 οὗκ
182 2421 332 2461 ἀνθρώπους
354 2421 604 2456 καταὸλάπτοντας,
627 2422 695 2451 ἀλλὰ
718 2422 787 2452 Θεὸν
807 2425 886 2452 πολε-

124 2464 234 2499 μοῦντα,
246 2460 319 2499 λέγει
330 2462 411 2501 αὐτῷ·
421 2462 481 2500 Πῦρ
496 2460 588 2490 ἔπεσεν
603 2461 632 2490 ἐκ
645 2463 691 2489 τοῦ
706 2465 823 2502 οὐρανοῦ.
839 2463 886 2499 Μὴ

123 2500 186 2539 δύνῃ
207 2501 299 2533 εἰπεῖν,
320 2499 361 2528 ὅτι
385 2501 472 2540 ἐχθροὶ
498 2499 607 2540 ἔῤῥιψαν
631 2500 744 2536 ἅνωθενς
758 2500 886 2542 ’Ύῆρισον

123 2539 168 2568 τὸν
196 2538 375 2573 ἀδικήσαντα,
400 2539 592 2580 βλασφήμησον
621 2539 665 2568 τὸν
690 2540 887 2579 πολεμήσαντα.

124 2581 184 2618 ῙΙῢρ
198 2577 290 2606 ἔπεσεν
300 2579 329 2606 ἐκ
342 2580 387 2607 τοῦ
401 2580 519 2618 οὐρανοῦ.
534 2579 586 2608 Διὰ
596 2577 622 2607 τί
632 2579 765 2619 λατρεύεις
778 2582 816 2621 τῷ
830 2583 888 2611 ἀδι-

127 2619 250 2653 κήσαντι;
267 2616 308 2646 διὰ
322 2617 347 2645 τί
362 2622 514 2657 προσκυνεῖς
536 2618 580 2647 τὸν
602 2619 774 2648 ἀναλίσκοντά
797 2631 842 2650 σου
856 2622 889 2652 τὰ

919 414 1055 444 hominem
1078 415 1126 454 qui
1146 422 1227 445 totam
1248 415 1377 446 malitiam
1402 415 1609 446 ῐιιοωινίεοτίῑὶ)
1620 416 1662 445 vi-

919 453 1012 483 distin'
1026 455 1074 493 qui
1095 461 1121 483 tc
1141 455 1263 492 calcarit,
1280 455 1327 494 qui
1354 455 1439 484 calcas
1457 455 1567 485 omnes?
1591 455 1661 485 vidi-

920 493 981 522 stin’
993 494 1040 532 qui
1054 501 1128 523 tuam
1146 495 1232 524 solvat
1253 494 1440 534 tyrannidem,
1461 502 1486 524 et
1503 494 1662 534 injustitiam

917 533 1039 572 justitia,
1058 534 1094 562 im
1117 533 1221 563 ietatem
1238 534 1334 574 pietate
1351 534 1491 564 eliminet?
1509 534 1560 564 Hic
1573 541 1662 563 autem

922 572 980 601 Deo
990 579 1081 602 contra
1103 573 1160 609 icit,
1169 580 1195 602 et
1208 573 1260 603 ait:
1275 574 1345 602 Non
1358 575 1450 613 gratis
1464 574 1535 603 colit
1549 580 1587 603 te.
1599 574 1662 603 Pro-

923 611 999 651 ponit
1016 612 1209 652 possessiones,
1222 619 1251 642 ut
1269 619 1295 642 et
1310 613 1370 652 ejus
1389 623 1476 642 mores
1495 620 1521 642 et
1535 613 1662 642 virtutem

922 651 1066 691 vituperet,
1083 658 1114 681 ut
1125 652 1324 691 suspicionibus
1337 663 1349 681 s
1370 652 1457 681 uriam
1478 652 1599 682 ostendat
1611 652 1665 682 vir-

923 691 1069 720 tutem.Tu
1082 690 1195 728 dedisti,
1213 691 1316 731 inquit,
1333 692 1351 720 il
1366 692 1373 720 i
1390 691 1600 724 abundantiam:
1616 702 1663 721 au-

924 729 963 758 fer
987 730 1197 768 abundantiam,
1213 738 1238 761 et
1263 731 1381 760 nudatur
1399 731 1561 771 hypocrisis.
1591 732 1666 761 Dicit

924 769 949 797 ei
969 770 1062 799 Deus:
1081 771 1178 810 Tange
1199 772 1335 800 universa
1376 781 1420 800 uae
1443 771 1542 800 habet.
1557 771 1666 801 Sciebat
1675 778 1725 799 Job.
1744 784 1761 798 ι,
1780 783 1815 798 ιι,

924 808 996 838 enim
1020 810 1094 839 Deus
1117 809 1206 850 ipsum
1230 810 1382 840 insatiabie
1406 811 1576 850 propositum
1595 811 1666 840 circa

924 848 1065 878 avaritiam
1078 849 1188 886 habere,
1203 849 1313 889 aitque:
1334 850 1404 880 Ecce
1417 850 1539 879 omnium
1556 850 1592 879 do
1615 851 1665 879 tibi

925 894 1079 927 potestatem
1090 911 1098 925 ,
1112 896 1217 918 tantum
1230 899 1292 918 eum
1306 899 1339 918 ne
1351 896 1454 929 tangas.
1467 889 1603 919 Terminis
1614 890 1667 920 cir-

925 928 1081 957 cumscribit
1101 928 1230 958 malitiam
1249 928 1364 958 diaboli.
1379 927 1452 959 Vide
1462 928 1587 969 deinceps
1620 940 1667 959 ua-

902 992 908 1000 ,
927 966 981 996 lem
993 967 1085 997 tendat
1105 978 1200 997 arcum
1222 967 1351 998 adversus
1373 967 1484 1005 ‘ustum,
1499 978 1559 1013 quae
1579 969 1606 999 vi
1628 976 1668 999 ret

926 1006 987 1035 tela.
1001 1006 1107 1043 Exivit,
1121 1014 1146 1036 et
1156 1007 1244 1046 primo
1257 1007 1315 1047 ipse
1324 1018 1367 1036 ma
1380 1017 1457 1036 orum
1468 1008 1565 1037 artifex
1578 1008 1606 1038 in
1618 1019 1666 1038 va-

927 1045 982 1075 rias
1005 1056 1034 1075 se
1057 1046 1158 1085 figuras
1178 1047 1359 1083 transformat,
1380 1046 1438 1086 ipse
1459 1057 1515 1076 sese
1534 1048 1668 1077 malorum

925 1085 1049 1114 nuntium
1060 1085 1171 1124 praebet,
1181 1085 1239 1130 ipse
1256 1085 1387 1126 percussit
1395 1086 1527 1125 jumenta,
1537 1086 1594 1127 ipse
1626 1088 1667 1117 la-

927 1134 987 1162 gam
1001 1125 1116 1154 nuntiat.
1129 1125 1218 1163 Dixit,
1234 1124 1468 1164 inquitffidiabolus
1479 1126 1549 1156 Jobo
1566 1138 1572 1155 :
1588 1098 1668 1167 Jiiga
1678 1129 1736 1153 [leid.
1747 1138 1766 1150 v.
1782 1128 1818 1158 14-

929 1165 1016 1193 boum
1028 1170 1146 1194 tuorum
1159 1166 1296 1201 arabant,
1309 1171 1337 1194 et
1350 1167 1442 1194 asinae
1453 1167 1667 1203 pascebantur,
1681 1160 1708 1184 ¹⁵
1713 1177 1717 1183 ¹

928 1209 957 1232 et
975 1210 1119 1233 ‘venerunt
1131 1205 1184 1244 qui
1201 1214 1238 1233 ea
1254 1204 1446 1241 abducerent,
1458 1211 1486 1233 et
1501 1206 1670 1235 occiderunt

926 1253 1031 1282 pueros
1047 1249 1122 1280 tuos,
1133 1249 1161 1272 et
1177 1244 1295 1273 relictus
1308 1253 1371 1272 sum
1386 1254 1438 1283 ego
1455 1244 1548 1281 solus,
1559 1251 1587 1274 et
1600 1247 1671 1274 veni

928 1283 981 1311 tihi
994 1284 1189 1312 nuntiaturus.
1201 1282 1289 1312 Prima
1302 1282 1405 1312 diaboli
1416 1284 1525 1312 tentatio
1533 1305 1541 1319 ,
1552 1283 1671 1324 primum

927 1323 1012 1351 telum
1033 1328 1124 1351 contra
1150 1329 1289 1351 strenuum
1310 1322 1448 1352 athletam.
1469 1323 1522 1352 Sed
1546 1325 1673 1363 opposuit

926 1361 981 1391 Joh
1000 1371 1035 1391 ex
1051 1361 1164 1391 adverso
1185 1361 1250 1391 fidei
1267 1361 1406 1401 clypeum,
1416 1363 1464 1401 qui
1486 1369 1575 1402 posset
1589 1363 1672 1403 ignita

927 1401 1024 1430 omnia
1036 1400 1149 1440 maligni
1172 1401 1226 1430 tela
1246 1401 1420 1440 restinguere.
1437 1402 1508 1441 Juga
1527 1403 1610 1432 boum
1627 1413 1673 1442 pe-

928 1440 996 1470 riere
1005 1462 1013 1477 ‚
1027 1447 1053 1470 et
1066 1440 1154 1470 anima
1164 1439 1277 1470 dissecta
1290 1450 1342 1469 non
1356 1447 1406 1470 est.
1420 1441 1507 1470 Asinae
1521 1442 1671 1481 perierunt,

948 1479 1076 1518 ullusque
1085 1480 1132 1508 ille
1143 1479 1242 1509 nobilis
1253 1480 1359 1509 frenum
1371 1479 1477 1519 pietatis
1489 1491 1542 1509 non
1553 1481 1671 1521 negavit.

928 1491 1009 1549 ilidii
1020 1519 1144 1548 nuntium
1155 1519 1280 1548 acerbum
1290 1518 1456 1558 perditarum
1465 1520 1672 1559 possessionum,

929 1557 1078 1596 mansitque
1095 1564 1123 1586 ut
1137 1557 1219 1586 turris
1232 1558 1309 1586 firma
1323 1565 1349 1586 et
1369 1557 1596 1598 inexpugnabilis.
1612 1559 1675 1588 Dia-

929 1597 1023 1625 bolum
1039 1596 1157 1635 nequitia
1178 1596 1303 1625 acerbum
1325 1607 1499 1635 amarumque
1518 1598 1608 1627 animo
1620 1608 1675 1638 poe-

930 1635 1011 1664 nituit
1023 1635 1061 1664 sic
1076 1635 1222 1665 nuntiasse.
1238 1635 1437 1672 Animadverte,
1447 1646 1549 1674 quaeso,
1560 1637 1674 1676 diligen-

930 1681 984 1712 ter,
1000 1685 1032 1703 ne
1051 1681 1078 1703 te
1096 1673 1182 1713 fugiat
1201 1674 1313 1713 maligni
1334 1675 1497 1711 consilium,
1517 1676 1590 1715 quod
1611 1687 1673 1705 cum

932 1721 1001 1743 recte
1042 1714 1185 1753 rospioerct
1203 1713 1339 1752 apostolus
1353 1713 1407 1743 ait:
1421 1715 1490 1744 Non
1510 1717 1588 1744 enim
1611 1717 1674 1755 ejus
1685 1725 1707 1740 2-
1723 1718 1773 1739 (³0¹²
1786 1725 1807 1739 ’ὶ-

932 1754 1013 1782 consi
1027 1755 1057 1782 ia
1070 1754 1247 1792 ignoramus.
1257 1752 1314 1782 Ubi
1326 1763 1388 1792 crgo
1402 1753 1537 1784 nuntiavit
1548 1754 1589 1783 illi
1600 1767 1607 1783 :
1620 1756 1674 1784 Ju-
1689 1756 1722 1771 ¹¹·

932 1802 970 1831 ga
982 1794 1066 1822 boum
1079 1793 1221 1828 arabant,
1235 1798 1263 1820 et
1274 1792 1363 1821 asinoe
1375 1794 1580 1830 pascebantur,
1590 1800 1619 1823 et
1625 1805 1675 1823 ve-

934 1838 1039 1861 nerunt
1050 1833 1101 1871 qui
1114 1831 1303 1868 abducerent,
1317 1830 1440 1870 viditque
1454 1833 1554 1862 Johum
1568 1840 1676 1862 strenuo

933 1871 1022 1900 animo
1033 1870 1156 1900 nuntium
1166 1871 1303 1907 serentem,
1332 1871 1438 1900 oenituit
1448 1882 1510 1901 eum
1521 1872 1593 1911 quod
1607 1873 1676 1902 male

934 1911 1094 1945 nuntiasset,
1107 1917 1132 1939 et
1152 1910 1180 1939 in
1203 1909 1290 1949 seipso
1331 1920 1368 1940 aec
1390 1912 1585 1950 propemodum
1605 1912 1678 1942 dixit

934 1949 1079 1979 diabolus:
1093 1949 1166 1979 Male
1190 1949 1330 1986 nuntiavi,
1344 1950 1452 1988 quando
1474 1950 1534 1980 dixi
1555 1951 1677 1981 homines

934 1989 1024 2029 ipsum
1040 1989 1217 2028 impugnare:
1231 1995 1318 2033 potest
1338 1989 1385 2018 ille
1404 1989 1519 2029 cogitare
1531 1990 1577 2020 :Si
1591 1991 1678 2027 homi-

935 2027 982 2058 nes
994 2028 1029 2057 im
1052 2034 1186 2064 ugnarunt
1198 2034 1224 2057 ct
1237 2027 1335 2067 injuste
1349 2028 1484 2067 laeserunt,
1499 2029 1566 2069 quid
1579 2030 1631 2060 hoc
1643 2030 1678 2059 ad

935 2069 1036 2097 Deum.
1063 2066 1154 2103 Male,
1175 2067 1278 2106 inquit,
1297 2068 1430 2107 jaculatus
1452 2080 1527 2106 sum,
1549 2079 1602 2098 non
1621 2080 1678 2099 sco-

936 2118 1003 2147 pum
1016 2106 1104 2145 attigi,
1118 2106 1226 2145 sagittas
1237 2107 1335 2136 frustra
1347 2107 1436 2145 emisi,
1445 2108 1604 2138 aberrarunt
1617 2109 1678 2138 tela.

938 2146 1003 2175 Dixi
1023 2145 1144 2175 homines
1158 2145 1302 2175 abduxisse
1314 2153 1418 2187 :potest
1435 2148 1480 2177 hic
1494 2148 1583 2178 dicere
1601 2161 1607 2177 :
1623 2150 1679 2178 Cur

938 2185 1078 2214 hominum
1100 2184 1266 2224 iniquitatem
1283 2186 1341 2215 Deo
1359 2185 1531 2217 adscribam?
1543 2188 1597 2216 Alii
1618 2194 1680 2216 sunt

939 2225 986 2263 qui
1006 2224 1141 2261 laeserunt,
1153 2231 1179 2254 et
1199 2224 1269 2254 alius
1287 2225 1339 2254 crit
1360 2226 1408 2264 qui
1430 2226 1680 2266 blasphemabitur?

940 2265 979 2293 Ut
992 2263 1080 2302 itaque
1092 2264 1150 2303 ejus
1166 2263 1286 2293 animum
1304 2270 1331 2293 et
1347 2265 1414 2294 iram
1429 2265 1462 2294 ab
1478 2265 1633 2295 hominibus
1647 2265 1681 2294 atl

941 2304 1030 2332 Deum
1042 2303 1206 2339 transferret,
1221 2309 1247 2332 et
1261 2303 1410 2333 ostenderet
1424 2304 1464 2333 illi
1480 2315 1533 2333 non
1550 2304 1682 2339 homines,

941 2342 989 2372 sed
1001 2343 1090 2371 Deum
1100 2342 1150 2382 ipsi
1164 2341 1262 2371 damna
1276 2342 1454 2378 intulissc‚ait
1468 2343 1508 2371 illi
1524 2355 1530 2371 ε
1544 2344 1625 2382 Ignis
1637 2343 1742 2375 tle-m.
1760 2359 1778 2373 ι.
1796 2351 1830 2373 16.

942 2382 1013 2411 cidit
1023 2382 1059 2410 de
1072 2382 1154 2411 caelo.
1169 2382 1243 2411 Num
1276 2382 1355 2411 cteris
1366 2381 1454 2410 (licere
1469 2381 1590 2410 inimicos
1604 2381 1682 2410 illum

942 2431 1055 2461 superne
1077 2420 1239 2451 immisisse?
1275 2420 1448 2450 ontumeliam
1465 2421 1533 2448 inser
1551 2421 1575 2449 ei
1596 2420 1683 2457 quite

943 2460 1020 2495 laesit,
1034 2460 1188 2500 blasphema
1203 2460 1229 2488 in
1246 2470 1308 2488 cum
1329 2459 1375 2497 qui
1396 2465 1420 2487 tc
1441 2466 1587 2498 oppugnat.
1603 2460 1683 2497 Ignis

943 2500 1049 2529 decidit
1062 2500 1099 2529 de
1112 2499 1193 2528 coelo,
1205 2498 1263 2527 Cur
1276 2505 1301 2526 tc
1314 2498 1453 2526 laedentem
1466 2497 1551 2526 colis?
1565 2498 1685 2526 curado-

943 2549 986 2568 ras
999 2549 1060 2568 eum
1075 2539 1120 2577 qui
1135 2537 1183 2566 tibi
1197 2537 1335 2566 facultates
1347 2536 1478 2565 abstulit?
1489 2538 1569 2575 Ignis
1581 2537 1686 2566 decidit

945 2579 982 2607 de
997 2579 1079 2608 caelo.
1100 2577 1215 2606 Audivit
1236 2575 1299 2611 Job,
1319 2582 1345 2604 et
1367 2585 1475 2604 rursum
1494 2576 1595 2605 sortiter
1614 2576 1684 2605 tulit.

947 2622 1074 2651 Patientia
1088 2621 1159 2650 enim
1175 2619 1248 2648 illius
1263 2629 1323 2647 vere
1337 2618 1461 2657 patientia
1481 2626 1536 2647 erat
1547 2643 1554 2656 ,
1564 2619 1596 2648 ad
1607 2619 1687 2650 finem

1466 2658 1515 2694 45.
