1890 2826
72 1150 91 1164 1.
107 1142 159 1164 Cor,
175 1149 194 1163 z.

71 1175 105 1202 ‘'¹-

73 1930 128 1951 Gen.
143 1929 209 1960 &¹9-

73 2164 128 2185 Gen.
146 2162 208 2185 1.26.

73 2252 128 2273 Gen.
140 2257 162 2280 9.
176 2259 197 2274 ².

221 186 290 222 216

556 198 585 222 S.
614 198 753 223 JOANNIS
780 198 961 223 cnanosT.
992 199 1147 224 AllClllEP.
1176 199 1449 226 CONSTANTINOP-

217 266 260 288 tur
274 269 333 298 quae
345 268 423 288 sensu
437 266 508 289 caret
521 266 546 289 et
558 259 705 289 immobilis
719 267 776 295 est;
792 260 838 290 sed
853 260 961 290 univer·
981 279 993 298 ,
1015 263 1062 296 τ’ῆς
1075 262 1172 296 οἰκείας
1187 263 1279 296 αὐτοὺς
1300 264 1508 303 ἀναμιμνήσκων
1529 265 1645 305 φύσεως,
1673 267 1721 301 τῆς
1735 275 1788 305 μη-

217 316 276 335 sum
285 316 369 345 genus
380 306 529 335 humanum
539 305 577 335 sic
590 306 748 346 appellavit,
760 316 804 336 eos
817 306 961 336 admonens

1015 307 1074 346 τρὸς
1088 309 1125 341 εἰς
1135 308 1283 347 ὑπόμνησιν
1298 309 1368 349 ἄγων
1376 332 1384 346 ,
1396 310 1454 339 ὅθεν
1467 309 1593 350 ἐγένοντο.
1607 313 1723 341 Διπλοῧν
1736 311 1788 351 γὰρ

216 352 332 392 propriae
345 359 457 389 natum,
468 359 590 389 matrem,
605 363 639 382 ex
653 363 705 391 qua
717 353 769 382 orti
782 360 855 390 sunt,
867 352 922 382 illis
933 353 960 381 in
983 356 1000 378 D
1015 355 1093 383 τοῦτο
1102 353 1132 383 τὸ
1145 355 1220 391 ζῶον,
1234 358 1249 385 ὁ
1262 355 1407 395 ἄνθρωπος,
1421 356 1489 396 λέγω
1498 377 1506 392 ,
1519 357 1549 387 ἐκ
1561 357 1606 400 δύο
1619 357 1790 402 συγκείμενος

216 397 373 427 memoriam
393 408 530 428 revocans.
553 398 663 438 Duplex
683 397 755 427 enim
772 404 812 427 est
828 398 880 427 hoc
901 399 960 427 ani-

215 444 282 482 mal,
297 445 389 482 homo,
406 444 525 484 inquam,
535 455 573 482 ex*
581 444 689 474 duabus
697 445 852 475 substantiis
860 445 960 475 confla-

215 498 269 527 tus,
290 501 343 520 una
362 491 494 528 sensibili,
514 490 652 532 spirituali
675 492 771 529 altera,
791 491 842 521 hoc
863 499 913 529 est,
926 502 962 522 ex

215 537 305 566 anima
317 544 344 566 et
357 548 478 578 corpore,
494 539 538 566 cui
552 548 615 567 cum
629 538 780 568 caelestibus
793 544 820 567 et
832 548 894 567 cum
908 545 959 568 ter-

216 584 346 613 restribus
367 584 490 624 cognatio
509 584 632 623 quaedam
658 584 806 615 intercedit.
826 586 896 615 Nam
913 596 962 626 per

217 630 384 670 spiritualem
406 630 516 669 quidem
538 631 714 660 substantiam
730 642 794 660 cum
815 631 962 661 virtutibus

217 676 340 716 supernis
360 676 505 716 participat
518 689 526 706 ε
543 688 590 717 per
615 677 770 707 sensibilem
795 688 858 713 cum
882 678 962 707 rebus

217 723 327 753 terrenis
349 723 503 764 copulatur,
526 730 552 753 et
571 730 611 753 est
630 724 742 763 quidam
767 724 962 763 velutimexus

217 769 387 798 firmissimus
395 769 535 808 utriusque
544 776 680 798 creaturae.
692 769 850 810 Cumigitur
857 769 961 808 aliquid

217 814 273 854 agit
284 825 379 844 eorum
387 825 447 854 quae
458 817 516 845 Deo
529 822 591 845 sunt
603 815 712 855 placita,
727 816 878 856 spiritualis
891 815 962 845 dici-

218 868 273 897 tur,
287 868 313 891 et
322 872 370 891 nec
381 862 416 891 ab
429 862 486 902 ipsa
505 862 615 901 quidem
629 863 718 892 anima
738 873 834 894 nomen
853 863 960 903 accipit,

217 907 264 936 sed
290 908 325 937 ab
346 908 400 937 alio
423 907 542 947 quodam
564 909 666 938 honore
689 910 796 950 majori,
811 921 826 939 a
844 910 962 950 Spiritus

217 954 380 993 operatione.
403 955 498 993 Neque
519 955 591 984 enim
617 954 655 984 ad
678 961 748 985 recte
773 956 840 985 facta
863 956 963 986 sufficit

216 1000 316 1037 anima,
329 1000 381 1029 nisi
391 1000 440 1029 illo
454 1000 590 1040 potiamur
603 1001 719 1031 auxilio.
739 1003 827 1040 Atque
838 1008 868 1031 ut
879 1002 962 1032 intel—

216 1045 306 1085 ligatis
318 1046 435 1076 animam
455 1046 533 1075 nobis
546 1046 582 1075 ad
591 1053 661 1076 recte
677 1047 744 1077 facta
756 1056 811 1076 non
823 1047 962 1085 sufficere3

216 1098 242 1121 et
255 1091 405 1131 quidsdico,
419 1092 454 1121 ad
468 1099 538 1122 recte
553 1092 643 1122 facta?
656 1103 689 1122 ne
700 1092 736 1122 ad
748 1093 800 1123 hoc
810 1093 920 1132 quidem
934 1101 964 1123 ut

218 1148 247 1166 ea
260 1148 319 1176 quae
330 1137 470 1175 dicuntur,
482 1139 620 1178 percipere
633 1139 783 1179 possimus:
798 1139 961 1177 Animalt's,

1016 400 1120 435 Οὗσῑῶνν
1134 402 1182 436 τῆς
1194 401 1241 439 μὲν
1253 402 1380 437 αἰσθητῆς
1390 424 1398 438 5
1412 404 1459 438 τῆς
1469 402 1496 432 δὲ
1509 404 1614 440 νοητῆς,
1626 405 1725 445 ψυχῆς,
1740 404 1789 436 λέ-

1016 456 1065 483 γω,
1078 445 1124 474 καὶ
1138 446 1274 485 σώματος,
1285 447 1329 476 καὶ
1342 449 1367 476 ἐν
1377 449 1479 488 οὐρανῷ
1490 449 1535 478 καὶ
1549 450 1578 478 ἐν
1590 451 1625 489 γῇ
1637 449 1789 489 συγγένειαν

1017 490 1094 529 ἔχων.
1110 491 1162 521 Διὰ
1176 491 1225 531 μὲν
1239 494 1291 532 γὰρ
1303 495 1352 529 τῆς
1366 496 1461 530 νοητῆς
1485 494 1574 529 οὐσίας
1594 499 1712 524 κοινωνεῖ
1731 500 1789 528 ταῖς

1018 536 1072 564 ἄνω
1095 537 1237 576 δυνάμεσι,
1261 538 1304 567 διὰ
1326 539 1355 568 δὲ
1377 541 1425 575 τῆς
1444 541 1571 577 αἰσθητῆς
1592 545 1647 574 τοῖς
1669 542 1717 577 τῆς
1739 542 1790 580 γῆς

1017 584 1148 618 συνῆπται
1161 583 1316 623 πράγμασι,
1331 584 1475 624 σύνδεσμός
1488 598 1528 619 τις
1541 587 1578 616 ὢν
1597 586 1709 627 ἄκριῧὴς
1722 588 1788 616 ἑκα-

1016 628 1093 668 τέρας
1106 630 1154 664 τῆς
1167 628 1288 662 κτίσεως.
1299 628 1385 660 Ὅταν
1397 630 1446 670 μὲν
1459 627 1504 661 σῧν
1512 632 1617 673 πράττῃ
1631 645 1659 662 τι
1670 635 1723 662 τῶν
1745 635 1784 673 τῷ

1016 676 1080 714 Θεῷ
1096 675 1256 712 δοκούντων,
1276 677 1453 715 πνευματικὸς
1468 678 1590 717 λέγεται,
1607 679 1653 708 καὶ
1665 678 1725 709 οὐδὲ
1736 679 1790 708 ἀπὸ

1016 722 1064 756 τῆς
1080 722 1167 761 ψυχῆς
1192 721 1349 760 ὀνομάζεται
1359 744 1368 758 ,
1395 724 1454 753 ἀλλ’
1482 725 1526 764 ἀφ’
1555 724 1647 765 ἑτέρας
1673 725 1789 764 μείζονος

1016 768 1112 804 τιμῆς,
1134 767 1187 797 ἀπὸ
1199 769 1247 803 τῆς
1267 770 1313 797 τοῦ
1336 768 1492 808 Πνεύματος
1503 770 1643 810 ἐνεργείας.
1654 769 1726 800 Οὐδὲ
1737 770 1789 810 γὰρ

983 813 1000 836 E
1018 812 1119 851 ἀρκεῖὴ
1130 812 1203 853 ψυχὴ
1217 816 1281 852 ἡμῖν
1300 815 1337 847 εἷς
1358 814 1563 855 κατορθώματα,
1586 815 1632 845 ἐὰν
1656 816 1694 855 μὴ
1718 818 1789 846 ἀπο-

1016 857 1156 897 λαύσωμεν
1165 861 1213 895 τῆς
1228 859 1348 899 βοηθείας
1357 860 1467 898 ἐκείνης.
1481 862 1536 891 Καὶ
1546 860 1589 891 ἵνα
1604 861 1716 901 μάθητε,
1732 862 1790 896 ὅτι,

1016 904 1076 934 οὐδὲ
1088 906 1105 940 ἡ
1125 905 1197 945 ψυχὴ
1219 907 1294 946 ἀρκεῖ
1311 908 1375 945 ἡμῖν
1389 908 1426 940 εἷς
1443 907 1655 947 κατορθώματα·
1677 907 1743 937 πκαὶ
1762 908 1789 937 τί

1016 949 1095 989 λέγω,
1104 952 1141 984 εἷς
1149 952 1353 991 κατορθώματα;
1362 953 1421 982 οὐδὲ
1432 954 1468 986 εἰς
1478 953 1509 982 τὸ
1518 954 1659 990 δυνηθῆναι
1670 953 1787 983 συνιέναι

1017 998 1070 1025 τῶν
1082 997 1230 1037 λεγομένων
1239 1010 1246 1017 ·
1256 998 1382 1039 Ψυχικὸς
1390 1021 1398 1035 ,
1413 1000 1491 1040 φησὶν
1501 1022 1510 1035 ,
1521 1000 1657 1040 ἄνθρωπος
1667 1002 1696 1030 οὗ
1711 1000 1788 1040 δέχε-

1017 1053 1062 1072 ται
1074 1043 1108 1072 τὰ
1117 1046 1162 1072 τοῦ
1174 1044 1338 1083 Πνεύματος.
1348 1045 1455 1087 Ὥσπερ
1466 1046 1518 1086 γὰρ
1526 1046 1651 1086 σαρκικὸν
1659 1047 1735 1076 καλεῖ
1743 1047 1788 1076 τὸν

1017 1090 1051 1127 τῇ
1076 1089 1154 1128 σαρκὶ
1169 1089 1325 1119 δουλεύοντα
1332 1113 1340 1128 ,
1362 1091 1431 1121 οὕτω
1449 1093 1562 1132 ψυχικὸν
1576 1093 1652 1122 καλεῖ
1670 1093 1716 1122 τὸν
1734 1097 1789 1127 τοῖς

1017 1135 1153 1173 λογισμοῖς
1163 1139 1217 1168 τοῖς
1228 1136 1398 1175 ἀνθρωπίνοις
1405 1136 1439 1166 τὰ
1448 1139 1594 1177 πράγματα
1605 1138 1788 1179 ἐπιτρέποντα,

218 1183 316 1222 inquit,
327 1185 413 1213 homo
426 1195 485 1213 non
493 1186 614 1224 percipit
624 1195 660 1213 ea
672 1195 737 1224 quoe
746 1191 814 1215 sunt
825 1185 959 1225 Spiritus.
974 1201 1010 1222 ¹89
1016 1179 1061 1208 καὶ
1072 1180 1109 1218 μὴ
1121 1180 1262 1221 δεχόμενον
1277 1184 1324 1211 τοῦ
1330 1182 1487 1222 Πνέὗματθς
1501 1183 1550 1220 τὴν
1562 1183 1703 1224 ἐνέργειαν·
1718 1185 1788 1215 Ἀλλ’

218 1231 287 1259 Nam
301 1236 331 1259 ut
341 1229 474 1259 carnalem
491 1230 610 1269 appellat
626 1241 700 1267 eum,
714 1231 762 1269 qui
779 1231 854 1260 carni
869 1231 962 1268 servit,

216 1275 255 1305 sic
268 1275 411 1304 animalem
421 1275 541 1315 appellat
558 1286 632 1313 eum,
647 1276 695 1314 qui
712 1276 961 1307 ratiocinationibus

218 1321 341 1351 humanis
353 1327 448 1350 cuneta
460 1321 695 1360 permittit,neque
706 1321 824 1361 Spiritus
839 1322 959 1352 afflatum

217 1367 322 1407 recipit.
337 1365 391 1396 Sed
410 1373 439 1396 ut
450 1366 584 1404 dicebam,
597 1376 646 1396 nos
665 1366 732 1396 dum
752 1374 822 1397 recte
841 1369 957 1409 agimus,

217 1413 370 1453 spirituales
379 1412 512 1442 dicimur:
522 1424 585 1443 cum
595 1424 660 1444 vero
671 1424 822 1454 peccamus,
835 1417 961 1455 supplan-

217 1467 322 1497 tamur,
339 1466 365 1488 et
385 1459 527 1499 quidpiam
550 1459 693 1499 indignum
712 1460 854 1490 nobilitate
872 1469 960 1492 nostra

216 1506 382 1546 peragimus,
402 1505 480 1534 nobis
498 1516 513 1534 a
527 1505 577 1535 vili
589 1512 615 1535 ct
628 1506 730 1545 abjecta
750 1513 846 1536 natura
866 1517 961 1537 nomen

218 1553 341 1592 imponit,
354 1559 379 1582 et
400 1562 448 1581 nos
465 1559 563 1581 terram
579 1552 707 1592 appellat.
721 1553 856 1590 Quoniam
879 1553 962 1593 igitur

217 1599 262 1628 hic
275 1609 383 1638 quoque
396 1598 540 1628 nonnullos
552 1605 724 1628 accusaturus
743 1606 792 1636 est,
805 1601 853 1638 qui
865 1602 962 1630 turrim

217 1644 422 1681 mdificaverant,
440 1644 488 1684 qui
507 1645 534 1674 in
554 1645 708 1684 superbiam
728 1645 791 1674 elati
811 1653 896 1682 erant,
914 1647 962 1685 qui

217 1691 332 1731 majores
343 1691 472 1731 dignitate
485 1701 532 1719 sua
545 1691 659 1730 spiritns
669 1691 722 1720 sibi
734 1699 892 1727 sumserunt,
900 1693 963 1723 illos

982 1230 1001 1253 Δ
1016 1224 1080 1264 ὅπερ
1094 1224 1183 1265 ἔλεγον
1193 1247 1201 1261 ,
1215 1226 1256 1256 ὅτι
1269 1230 1455 1267 κατορθοῦντες
1467 1229 1515 1268 μὲν
1529 1230 1703 1269 πνευματικοὶ
1711 1230 1789 1270 λεγό-

1016 1274 1098 1309 μεθα·
1122 1271 1185 1301 ὅταν
1202 1273 1230 1302 δὲ
1250 1273 1411 1313 ἁμάρτωμεν
1428 1275 1473 1304 καὶ
1496 1277 1729 1316 ὑποσκελισθῶμεν
1742 1276 1789 1306 καὶ

1013 1316 1153 1356 πράξωμέν
1165 1330 1191 1347 τι
1205 1319 1310 1353 ἀνάξιον
1318 1322 1366 1355 τῆς
1374 1321 1505 1360 ἡμετέρας
1518 1321 1660 1361 εὐγενείας,
1675 1323 1728 1352 ἀπὸ
1738 1324 1787 1358 τῆς

1013 1363 1133 1396 εὐτελοῦς
1154 1365 1225 1402 ἡμᾶς
1243 1366 1319 1394 καλεῖ
1345 1365 1463 1405 φύσεως,
1485 1369 1535 1406 γῆν
1550 1369 1622 1406 ἡμᾶς
1643 1369 1787 1408 ὀνομάζων,

1014 1406 1092 1437 Ἐπεὶ
1112 1404 1156 1438 οῧν
1177 1409 1222 1438 καὶ
1243 1411 1355 1440 ἐνταῦθα
1376 1411 1469 1450 μέλλει
1491 1415 1569 1442 τινῶν
1595 1414 1788 1455 κατηγορήσειν

1013 1456 1066 1483 τῶν
1080 1454 1124 1484 τὸν
1137 1455 1236 1495 πύργον
1259 1458 1490 1497 οἰκοδομησάντων
1502 1482 1510 1495 ,
1534 1463 1588 1490 τῶν
1609 1462 1646 1495 εἷς
1662 1462 1787 1492 ἀπόνοιαν

1014 1500 1197 1539 ἐπαρθέντων,
1222 1504 1275 1531 τῶν
1289 1503 1395 1542 μείζονα
1410 1504 1508 1534 ἔννοιαν
1529 1505 1724 1543 λαὸόντωνντῆς
1746 1510 1787 1538 οἷ-

1015 1545 1088 1579 κείας
1107 1545 1180 1580 ἀξίας
1189 1569 1197 1583 ,
1218 1547 1309 1587 μέλλει
1329 1549 1357 1579 δὲ
1370 1550 1457 1579 αὐτῶν
1470 1556 1626 1592 κατηγορεῖν
1641 1553 1766 1584 ἀπόνοιαν
1777 1576 1785 1590 ,

1016 1592 1059 1620 διὰ
1069 1594 1146 1621 τοῦτο
1159 1593 1212 1622 ἀπὸ
1223 1596 1271 1630 τῆς
1295 1595 1414 1628 εὐτελοῦς
1438 1596 1533 1630 αὐτοὺς
1554 1597 1678 1628 ἐκάλεσεν
1697 1599 1787 1633 οὐσίας

1016 1637 1095 1667 εἰπών
1107 1650 1114 1657 ·
1128 1638 1181 1668 Καὶ
1187 1635 1219 1676 ἦν
1231 1644 1305 1669 πᾶσα
1318 1643 1335 1676 ἡ
1349 1643 1384 1680 γῆ
1398 1643 1486 1682 χεῖλος
1500 1642 1538 1672 ἕν.
1548 1644 1602 1673 Καὶ
1615 1643 1659 1673 ἵνα
1674 1643 1786 1684 μάθητε,

1015 1683 1055 1712 ὅτι
1073 1684 1142 1714 οὕτω
1162 1686 1238 1715 καλεῖ
1250 1688 1336 1725 ἡμᾶς,
1357 1687 1420 1716 ὅταν
1440 1687 1621 1728 ἃμοίρτωμεν,
1644 1690 1689 1719 τὸν
1703 1690 1788 1730 Ἀδὰμ

217 1744 306 1766 autem
315 1744 489 1766 accusaturus
501 1743 541 1766 est
552 1737 696 1777 superbire,
707 1737 808 1768 idcirco
817 1749 833 1768 a
841 1739 891 1768 vili
902 1740 964 1769 sub·
984 1733 1000 1757 Β
1017 1730 1084 1767 μετὰ
1097 1730 1146 1767 τὴν
1159 1731 1290 1772 ἁμαρτίαν
1315 1732 1398 1766 Οὕτως
1410 1733 1535 1764 ἐκάλεσεν
1557 1735 1639 1765 Εἷπών
1651 1747 1658 1754 “
1677 1737 1718 1773 Γῆ
1743 1733 1768 1767 εἶ
1777 1760 1786 1774 ,

217 1783 311 1812 stantia
334 1782 414 1813 (luxit
431 1783 637 1823 appellationem
654 1794 717 1813 cum
732 1783 802 1814 dixit
818 1797 824 1814 ε
838 1786 881 1814 Et
899 1794 963 1817 erat

218 1832 311 1860 omnis
325 1835 403 1858 ter-ra
419 1830 530 1858 labium
546 1839 648 1858 unum.
662 1831 749 1869 Atque
758 1838 789 1860 ut
801 1831 911 1863 discatis
923 1834 963 1864 sie

216 1885 279 1904 eum
296 1885 344 1904 nos
361 1874 497 1915 appellare
513 1886 576 1904 cum
597 1876 806 1915 peccaverimus,
827 1877 963 1909 Adamum

219 1920 253 1949 ita
266 1927 326 1960 post
337 1927 473 1960 peccatum
488 1920 638 1960 appellavit
653 1920 760 1959 dicens,
781 1923 870 1953 Terra
882 1934 925 1962 es,
935 1932 964 1955 et

219 1968 251 1994 in
263 1972 370 1995 terram
389 1967 559 1996 reverteris.-
570 1966 675 1995 tametsi
696 1976 750 1996 non
771 1975 841 1998 terra
858 1976 963 2001 tantum

218 2019 285 2048 erat,
305 2012 353 2041 sed
372 2018 398 2040 et
415 2012 532 2041 animam
553 2012 669 2041 habebat
693 2012 881 2045 immortalem.
904 2017 963 2047 Cur

218 2058 301 2097 igitur
320 2065 418 2087 terram
439 2058 530 2098 ipsum
549 2057 717 2097 appellavit?
735 2060 806 2096 Quia
829 2064 961 2100 peccavit.

218 2106 287 2135 sane
297 2115 358 2133 cum
371 2104 460 2144 ipsum
481 2105 617 2139 formaret,
628 2114 680 2134 non
695 2104 731 2133 ita
744 2105 824 2136 illum
841 2109 962 2149 appella-

218 2151 258 2181 vit
271 2163 277 2179 :
294 2150 361 2189 quid
374 2151 458 2190 ergo?
474 2152 632 2179 Faciamus
644 2151 788 2181 hominem
802 2155 843 2182 ad
858 2157 963 2196 imagi-

219 2208 284 2226 nem
295 2203 324 2226 et
332 2197 552 2226 similitudinem
564 2203 694 2226 nostram
708 2209 716 2224 .·
729 2205 757 2227 et
777 2200 964 2232 dom'z'nentur

216 2244 344 2283 piscibus
355 2244 455 2279 maris,
471 2250 496 2271 et
513 2244 611 2272 bestiis
627 2249 721 2272 terne.
740 2245 782 2273 Et
802 2247 857 2274 erit
877 2249 963 2277 timor

218 2287 328 2327 eorum,
345 2294 373 2317 et
391 2294 497 2317 tremor
513 2298 599 2327 super
613 2299 727 2318 omnem
742 2295 859 2319 terram.
876 2293 962 2324 Vides

218 2335 306 2374 qualis
318 2342 388 2364 esset
397 2341 498 2363 naturae
509 2334 684 2374 praerogativa
692 2335 706 2363 Ξ)
720 2336 812 2374 quales
825 2337 938 2368 honores
947 2341 961 2369 Ρ

217 2381 307 2421 qualia
326 2381 478 2421 praeeonia?
500 2382 693 2412 Verumtamen
719 2388 779 2411 ante
803 2391 960 2423 peccatum:

218 2434 279 2468 post
294 2434 433 2467 peccatum
453 2433 541 2456 autem
560 2426 685 2466 deinceps
701 2439 708 2455 t
729 2428 817 2457 Terra
838 2439 878 2467 es,
890 2433 960 2459 etin

221 2480 326 2503 terram
337 2474 499 2503 reverteris.
514 2471 586 2501 Audi
595 2482 659 2502 vero
673 2473 836 2503 Malachiam
856 2486 963 2515 quoque

1016 1776 1061 1805 καὶ
1075 1777 1111 1810 εἷς
1121 1779 1171 1816 γῆν
1184 1778 1318 1818 ἀπελεύσῃ
1326 1791 1333 1798 ·
1346 1779 1392 1808 καὶ
1406 1779 1459 1819 μὴν
1472 1782 1520 1810 οὐκ
1532 1776 1565 1816 ἦν
1573 1783 1608 1821 γῆ
1616 1781 1709 1821 μόνον,
1719 1783 1787 1813 ἀλλὰ

1015 1821 1060 1850 καὶ
1074 1822 1202 1853 ἀθάνατον
1215 1819 1272 1864 εἶχε
1283 1824 1381 1865 ψυχήν.
1395 1825 1473 1859 Τίνος
1491 1822 1536 1856 οὖν
1549 1826 1636 1866 ἕνεκεν
1647 1829 1698 1868 γῆν
1710 1829 1788 1859 αὐτὸν

1015 1867 1139 1897 ἐκάλεσεν
1154 1880 1162 1904 ;
1186 1869 1297 1906 Ἐπειδὴ
1328 1870 1455 1911 ἥμαρτεν.
1484 1871 1552 1902 Ὅτε
1574 1876 1636 1912 γοῦν
1658 1874 1788 1905 ἔπλαττεν

1016 1913 1103 1950 αὐτὸν,
1119 1915 1167 1944 οὐκ
1180 1915 1304 1945 ἐκάλεσεν
1319 1917 1398 1946 αὐτὸν
1411 1916 1492 1951 οὕτως
1501 1929 1507 1936 ·
1525 1919 1594 1948 ἀλλὰ
1606 1919 1633 1948 τί
1637 1931 1647 1956 ;
1665 1921 1788 1957 Ποιήσω-

1016 1971 1064 1998 μεν
1084 1960 1220 2000 ἄνθρωπον
1245 1964 1303 1991 κατ’
1327 1961 1416 1992 εἰκόνα
1439 1963 1485 1993 καὶ
1497 1964 1623 2003 ὁμοίωσιν
1635 1966 1787 2007 ἡμετέραν·

1014 2005 1059 2035 καὶ
1073 2006 1230 2046 ἀρχέτωσαν
1250 2008 1302 2036 τῶν
1323 2008 1421 2049 ἰχθύων
1434 2011 1482 2045 τῆς
1495 2010 1648 2049 θαλάσσης,
1671 2011 1717 2041 καὶ
1734 2015 1787 2043 τῶν

1016 2052 1112 2092 θηρίων
1125 2054 1173 2088 τῆς
1184 2054 1241 2092 γῆς.
1256 2053 1311 2083 Καὶ
1332 2054 1407 2083 ἔσται
1420 2056 1434 2084 ὁ
1448 2055 1526 2095 φόὸος
1535 2058 1622 2086 αὖτῶν
1635 2058 1681 2087 καὶ
1694 2060 1709 2088 ὁ
1722 2060 1786 2100 τρό-

1017 2109 1065 2136 μος
1085 2098 1128 2128 ἐπὶ
1144 2104 1232 2129 πᾶσαν
1244 2098 1293 2135 τὴν
1307 2102 1369 2139 γῆν.
1391 2100 1474 2141 ΚΟρᾷς
1487 2098 1530 2131 οἶα
1542 2102 1577 2132 τὰ
1598 2104 1724 2144 προέδρια
1737 2107 1786 2142 τῆς

1016 2145 1132 2184 quietum
1153 2141 1207 2174 οἷαι
1222 2147 1250 2174 αἱ
1269 2146 1348 2185 τιμαί
1354 2158 1363 2182 ;
1388 2142 1431 2176 οἷα
1444 2148 1478 2176 τὰ
1492 2148 1612 2188 ἐγκώμια
1618 2161 1627 2185 ;
1642 2149 1722 2180 Ἀλλὰ
1734 2152 1787 2191 πρὸ

1016 2193 1064 2227 τῆς
1073 2190 1218 2231 ἁμαρτίας·
1238 2191 1306 2230 μετὰ
1319 2192 1346 2222 δὲ
1360 2192 1410 2229 τὴν
1423 2193 1554 2233 ἁμαρτίαν
1566 2188 1657 2225 λοιπόν
1668 2207 1675 2214 ·
1688 2198 1727 2233 Γῆ
1742 2193 1767 2227 εἶ
1776 2220 1785 2234 ,

1016 2238 1060 2267 καὶ
1075 2239 1111 2271 εἷς
1123 2240 1173 2277 γῆν
1186 2238 1328 2278 ἀπελεύσῃ.
1348 2238 1473 2269 Ἄκουσον
1488 2241 1514 2270 δὲ
1526 2241 1571 2270 καὶ
1582 2244 1628 2271 τοῦ
1644 2243 1786 2283 Μαλαχίου

982 2292 1000 2314 C
1015 2286 1092 2312 τοῦτο
1106 2284 1298 2322 αἰνιττομένου,
1312 2286 1412 2324 μᾶλλον
1427 2286 1453 2315 δὲ
1467 2289 1512 2315 τοῦ
1527 2288 1598 2317 Θεοῦ
1611 2287 1655 2318 διὰ
1667 2292 1715 2318 τοῦ
1722 2301 1786 2330 προ-

1016 2332 1115 2370 φήτου·
1130 2330 1198 2361 Ἰδοὺ
1220 2332 1271 2371 γὰρ
1295 2332 1450 2361 ἀποστέλλω
1473 2335 1551 2372 ὑμῖν,
1571 2334 1669 2374 φησὶν..
1691 2335 1784 2366 Ἠλίαν

1015 2378 1059 2406 τὸν
1070 2378 1217 2414 esaei-mv.
1240 2377 1319 2411 Τίνος
1342 2373 1387 2407 οἶν
1407 2378 1493 2408 ἕνεκεν
1508 2380 1682 2417 ἄποστέλλει;
1695 2380 1783 2411 fsto-re

1015 2427 1172 2467 ἐπιστρέψαι
1185 2427 1294 2467 καρδίαν
1314 2428 1413 2468 πατρὸς
1432 2429 1497 2468 πρὸς
1518 2429 1583 2467 υἱόν.
1608 2426 1718 2467 Ἐπειδὴ
1733 2430 1783 2471 γὰρ

1017 2477 1106 2514 μέλλει
1131 2478 1162 2506 τὸ
1178 2478 1346 2518 δικαστήριον
1360 2478 1514 2518 ἐφίστασθαι
1531 2479 1562 2509 τὸ
1575 2480 1685 2520 φοὸερὸν
1699 2482 1784 2511 ἐκεῖνο

253 2582 262 2592 ι·
279 2575 337 2599 llaec
350 2574 453 2601 deerant
462 2575 488 2601 in
498 2574 596 2606 Mon-el„
605 2578 641 2601 καὶ
654 2579 675 2601 τί
685 2578 742 2608 λέγω
753 2579 781 2606 εἰς
792 2582 968 2614 κατορθώματα.
979 2580 1028 2604 sed
1041 2579 1164 2607 hahentur
1177 2582 1202 2608 iu
1215 2583 1268 2608 aliis
1277 2583 1468 2616 exemplaribus.
