1890 2826
471 191 508 214 ιΝ
538 187 651 223 innuo,
678 191 819 222 nomme,
847 181 912 213 nou
939 191 1000 213 Esr
1026 190 1061 213 m
1089 192 1236 223 nomme,
1265 192 1344 214 ΠΕ.

135 252 206 285 οἴκου
225 254 321 284 ’τούτου
339 257 356 290 ἡ
380 253 480 293 ἐσχάιη
504 253 570 293 ὑπὲρ
593 252 642 288 τὴν
661 252 779 292 πρώτην.
801 252 853 281 Καὶ
876 251 902 280 τί

136 305 211 331 τοῦτο
223 299 288 340 πρὸς
297 298 525 339 τὸπροκείμενονς
537 298 626 339 φησίν.
637 298 703 329 Ὅτι
715 300 744 328 οὔ
758 300 798 328 δεῖ
810 299 902 331 ἅπλῶς

1635 180 1699 228 187

957 259 1052 289 essent,
1065 259 1091 281 et
1104 253 1138 282 ab
1158 254 1280 283 hostibus
1299 253 1469 283 circumfusis
1488 254 1599 291 obsessi,
1617 256 1700 285 multa

956 306 1092 338 premente
1104 307 1271 339 paupertate,
1286 310 1334 330 nec
1352 300 1414 329 ulloe
1428 301 1566 329 facultates
1578 301 1701 330 alicunde
1736 328 1739 329 ι

134 347 180 380 τὰς
199 349 252 376 τῶν
273 347 385 386 Γραφῶν
410 345 500 386 ῥήσεις
521 344 717 386 ’παραφέρειη
738 345 797 374 οὐδὲ
821 344 900 374 ἑκκό-
918 352 938 375 Ε
955 352 1126 384 apparerent,
1151 346 1178 375 in
1203 347 1339 376 meliorem
1363 357 1438 387 spem
1462 346 1523 376 illos
1545 347 1638 377 volens
1648 348 1700 377 eri-

133 404 245 426 πτοντας
262 394 309 428 τ’ἠς
327 391 498 429 ἀκολουθίας,
521 391 580 421 οὐδὲ
601 393 650 428 τ’ἦς
669 390 819 431 συγγενείας
833 392 900 420 ἀπο-

132 440 268 474 σπῶντας,
280 438 339 468 οὗδὲ
358 438 446 477 ἔρημα
463 439 508 467 καὶ
520 437 607 477 γυμνὰ
620 437 654 467 τὰ
667 437 774 478 ῥήματα
786 439 834 472 τῆς
847 439 900 466 τῶν

132 484 266 524 ἑπομένων
283 484 302 520 ἢ
323 484 509 524 προλαὸόντων
523 483 644 524 βοηθείας
656 484 839 523 λαμδάνοντας
853 495 900 513 συ·

954 402 1027 430 gere,
1042 403 1073 421 ac
1086 393 1246 432 persuadere
1260 401 1288 423 ut
1301 393 1335 423 de
1346 394 1398 423 line
1405 393 1585 430 confiderent,
1595 405 1628 423 ex
1639 405 1699 434 per-

953 448 1017 467 sona
1032 439 1081 468 Dei
1103 439 1181 476 dicit,
1197 441 1296 469 Meum
1313 447 1355 469 est
1374 446 1539 480 argentum,
1556 446 1584 468 et
1606 451 1700 469 meum

954 489 996 513 est
1005 493 1124 520 aurum,·
1132 486 1220 513 eterit
1228 485 1320 524 gloria
1329 486 1432 514 domus
1447 486 1699 514 istius-novissima
1713 495 1772 517 tnta.
1783 505 1802 517 v.
1814 503 1851 519 ιο.

132 535 270 571 κοφαντεῖν
287 531 377 564 ἁπλῶς
394 530 440 559 καὶ
453 530 616 570 ἐπηρεάζειν.
630 531 695 564 Πῶς
707 529 759 570 γὰρ
777 531 825 559 οὔκ
839 529 899 559 ἄτο-
909 552 946 572 ,ω
954 540 1039 570 super
1046 533 1180 570 primam.
1194 532 1248 561 Sed
1259 531 1326 571 quid
1338 533 1390 561 hoc
1403 531 1437 561 ad
1451 531 1640 572 propositum?
1650 532 1699 560 di-

132 588 191 614 πον,
204 578 232 606 ἐν
244 575 406 616 δικαστηρίῳ
418 575 466 615 μὲν
481 576 543 616 περὶ
558 578 688 616 βωπικῶν
699 575 900 614 ’δικαζομένους
918 581 937 604 Α
953 583 995 605 cet
1007 577 1116 615 aliquis.
1129 577 1211 615 Quod
1225 588 1276 607 non
1291 585 1411 618 oporteat
1423 577 1569 617 scripturae
1591 585 1698 607 senten·
1734 586 1852 612 Scriptum»

131 621 304 662 πραγμάτων,
323 622 428 651 ἅπαντα
439 623 476 655 εἷς
490 622 569 660 μέσον
580 622 731 662 προτιθέναι
743 622 776 651 τὰ
791 622 900 651 δικαιώ-

131 680 204 707 ματα
215 691 224 705 ,
235 667 280 697 καὶ
293 667 388 701 τόπους
404 667 451 697 καὶ
463 667 570 708 καιροὺς
591 668 636 697 καὶ
650 668 735 702 αἰτίας
755 668 800 697 καὶ
818 668 899 708 πρόσ-

130 725 192 743 ωπα
202 713 247 743 καὶ
261 713 343 753 μυρία
355 713 484 754 παράγειν
496 713 584 754 ἕτερα,
597 714 658 754 περὶ
675 714 702 744 δὲ
713 716 781 750 ζωῆς
793 713 899 744 αἰωνίου

130 759 311 800 προκειμένων
328 762 392 799 ἡμῖν
412 759 531 799 ἀγώνων,
552 760 643 793 ἁπλῶς
660 760 706 790 καὶ
726 762 762 794 ὣς
775 760 852 801 ἔτυχε
866 760 900 789 τὰ

131 807 184 836 ἀπὸ
198 808 250 836 τῶν
269 808 382 846 Γραφῶν
401 805 578 847 παραφέρειν;
593 806 647 836 Καὶ
659 806 739 846 νόμον
752 806 804 846 γὰρ
817 806 900 840 οὐδεὶς

130 852 310 892 ἀναγνώσεται
331 852 467 892 βασιλικὸν
481 853 572 886 ἅπλῶς
594 852 639 883 καὶ
655 854 691 886 ὡς
713 853 805 893 ἔτυχεν
815 876 825 889 ,
840 853 899 883 ἀλλ’

131 899 162 928 ἂν
176 898 213 937 μὴ
228 899 272 928 τὸν
285 898 379 939 χρόνον
394 898 456 939 εἴπῃ
467 921 476 934 ,
491 898 536 928 καὶ
555 898 600 928 τὸν
618 898 696 929 θέντα
708 898 839 938 ἐπιδείξῃ,
854 898 899 928 καὶ

129 946 190 984 ὑγιῆ
213 944 259 974 καὶ
283 944 426 984 ὁλόκληρον
449 944 528 974 αὐτὸν
546 944 729 984 παράσχηται,
760 944 898 978 κολάζεται

129 990 174 1019 καὶ
191 989 266 1026 δίκην
280 990 371 1020 δίδωσι
385 990 434 1027 τὴν
452 990 568 1030 ἐσχάτην
582 1002 588 1009 ·
603 993 680 1030 ἡμεῖς
694 991 722 1020 δὲ
735 992 783 1020 οὐκ.
796 990 899 1030 ἀνθρώ-

127 1047 185 1065 πων
207 1035 298 1075 νόμον,
321 1036 390 1066 ἀλλὰ
415 1036 459 1065 τὸν
481 1036 579 1066 ἄνωθεν
598 1038 630 1065 ἐκ
642 1038 694 1065 τῶν
708 1037 824 1076 οὖρανῶν
844 1037 899 1065 ἔνε-

952 622 1004 652 tias
1016 629 1113 652 temere
1123 626 1251 664 arripere,
1267 631 1346 663 atque
1360 635 1375 653 a
1389 625 1458 653 serie
1472 623 1600 653 sermonis
1615 631 1640 653 ct
1651 635 1694 653 ar-
1710 616 1776 668 ζξὶἶιὲ
1795 623 1852 667 '¹:21

953 670 1072 709 gumenti
1094 670 1222 700 affinitate
1242 670 1373 701 divellere
1389 682 1497 710 :neque
1523 671 1595 700 nuda
1617 672 1698 701 verba
1709 678 1794 699 manda.

952 716 1080 746 sumenda
1101 717 1165 754 sint,
1188 727 1336 756 eorumque
1354 717 1476 747 subsidio
1496 717 1621 746 destituta
1641 729 1700 756 quae

952 770 1102 802 sequuntur
1117 771 1163 793 aut
1181 764 1345 804 praecedunt,
1362 772 1391 794 ut
1403 775 1451 804 per
1464 775 1493 793 ea
1509 772 1607 795 temere
1622 766 1701 794 culu-

952 809 1054 839 mniam
1065 816 1200 839 struamus
1219 817 1245 839 et
1261 811 1431 840 cavillemur,
1450 812 1544 840 Annon
1567 813 1637 839 enim
1651 812 1702 840 ah-

953 855 1066 885 surdum
1078 863 1129 894 est,
1150 864 1179 886 ut
1201 857 1228 886 in
1243 857 1483 898 judiciisquidem,
1499 857 1546 886 ubi
1569 856 1603 886 de
1621 858 1701 887 rebus

952 903 1126 932 saecularibus
1137 903 1328 944 disceptamus,
1341 904 1428 933 omnia
1438 904 1501 943 jura
1510 911 1598 933 nostra
1611 904 1700 933 inme-

952 948 1029 977 dium
1045 950 1221 989 proferamus,
1231 956 1256 978 ct
1266 949 1335 986 loca,
1351 956 1483 989 tempora,
1494 960 1597 986 causas,
1607 960 1701 989 perso-

953 1005 1012 1031 nas,
1042 995 1149 1034 aliaque
1161 995 1299 1025 innumera
1307 995 1501 1035 producamus,
1512 1007 1573 1026 cum
1581 1008 1644 1026 vero
1656 1008 1704 1025 no-

952 1041 995 1070 bis
1001 1041 1093 1071 devita
1106 1048 1203 1071 :eterna
1216 1046 1384 1082 propositum
1397 1042 1431 1071 sit
1444 1049 1588 1079 certamen,
1604 1050 1702 1072 temere

127 1081 225 1122 χθένῖα
233 1082 465 1122 ἀναγῑνώσκθνῒῑς,
479 1081 595 1121 τοσαύτῃ
609 1082 724 1122 ῥᾳθυμίᾳ
734 1082 899 1122 χρησόμεθα,
918 1090 936 1113 Β
953 1095 979 1117 et
999 1087 1192 1118 inconsiderate
1216 1088 1361 1128 Scripturae
1382 1088 1439 1118 loca
1458 1089 1646 1129 proferamus?
1664 1093 1702 1119 Ac

128 1131 164 1161 ὡς
177 1127 245 1166 μέλη
259 1127 305 1157 καὶ
317 1128 386 1167 μέρη
400 1133 542 1167 παρασπᾷν
552 1139 561 1163 ;
573 1128 626 1157 Καὶ
638 1130 689 1157 ποῦ
699 1130 785 1157 ταῦτα
798 1129 883 1157 ἀπολο
894 1144 900 1149 ·

128 1173 185 1212 γίας
209 1173 270 1208 ἄξια
290 1173 336 1203 καὶ
359 1173 534 1213 συγγνώμης,
554 1173 636 1213 Τάχα
655 1173 725 1214 πέρα
741 1176 786 1203 τοῦ
801 1173 898 1213 μέτρου

127 1219 243 1254 ἐξέτεινα
255 1218 300 1248 τὸν
312 1219 401 1259 λόγον,
414 1220 472 1248 ἀλλ’
486 1220 537 1259 οὐχ
550 1219 650 1254 ἁπλῶς,
662 1220 721 1248 ἀλλ’
732 1218 775 1249 ἵνα
788 1221 835 1255 τῆς
846 1231 898 1248 πο-

127 1267 208 1303 νηρᾶς
225 1265 294 1302 ὗμᾶς
311 1262 612 1302 ἀπαγάγω,συνηθείας.
628 1262 675 1299 Μὴ
696 1263 781 1293 τοίνυν
796 1264 898 1293 ἀποκά-

128 1320 231 1348 μωμεν,
247 1308 296 1342 ἕως
312 1308 344 1337 ἂν
358 1307 472 1341 τὸτέλος
486 1308 603 1348 εὕρωμεν
612 1320 619 1327 ·
634 1308 677 1338 διὰ
690 1309 742 1349 γὰρ
754 1311 831 1338 τοῦτο
843 1310 898 1348 ἔγε-

126 1355 224 1394 νόμεθα
233 1377 242 1391 ,
256 1356 307 1395 οὐχ
316 1354 360 1384 ἵνα
370 1355 495 1395 φάγωμεν
505 1354 551 1384 καὶ
562 1355 675 1394 πίωμεν,
689 1355 734 1385 καὶ
745 1355 897 1396 περιὸαλώ-

128 1403 209 1439 μεθα,
224 1402 282 1431 ἀλλ’
302 1400 346 1430 ἵνα
364 1400 488 1441 φύγωμεν
497 1401 603 1436 κακίαν,
614 1401 734 1441 ἑλώμεθα
744 1401 771 1431 δὲ
785 1402 880 1442 ἀρετὴν
889 1423 898 1438 ,

127 1449 173 1482 τῆς
185 1446 255 1480 θείας
270 1446 456 1485 ἐπιλαὸόμενοι
471 1447 633 1487 φιλοσοφίας.
642 1447 709 1477 ’Ότι
728 1447 780 1488 γὰρ
794 1449 844 1488 οὐχ
853 1447 897 1477 ἵνα

126 1492 251 1532 φάγωμεν
270 1492 316 1522 καὶ
339 1491 443 1531 πίωμεν
465 1492 608 1531 ἐγενόμεθα
618 1515 626 1531 ,
652 1495 710 1523 ἀλλ’
733 1495 774 1534 ἐφ’
799 1494 897 1534 ἑτέροις

126 1539 217 1579 πολλῷ
238 1538 340 1578 μείζοσι
353 1538 398 1568 καὶ
419 1538 560 1578 βελτίοσιν,
574 1539 686 1569 ἄκουσον
699 1544 746 1570 τοῦ
764 1542 835 1570 Θεοῦ
851 1539 896 1569 καὶ

953 1135 1040 1174 legem
1051 1134 1161 1172 quidem
1175 1135 1276 1175 regiam
1292 1145 1370 1164 nemo
1390 1142 1487 1164 temere
1504 1142 1530 1164 et
1548 1135 1701 1164 inconside-

952 1186 1009 1209 rate
1022 1179 1218 1217 recitabit‚-sed
1231 1179 1282 1209 nisi
1298 1186 1403 1220 tempus
1414 1186 1497 1216 notet,
1513 1190 1544 1209 ac
1557 1180 1701 1219 legislato-

952 1236 1009 1255 rem
1027 1225 1158 1265 designet‚
1179 1232 1206 1255 et
1225 1226 1354 1266 integram
1378 1225 1453 1254 illam
1472 1232 1551 1264 atque
1568 1226 1702 1256 illibatam

951 1279 1094 1312 proponat,
1109 1273 1256 1313 castigatur
1267 1272 1479 1312 gravissimaque
1493 1282 1569 1311 poena
1586 1272 1700 1301 mulcta—

950 1324 996 1347 tur
1010 1329 1077 1348 :nos
1090 1329 1154 1349 vcro
1167 1318 1234 1348 dum
1249 1328 1301 1347 non
1316 1317 1403 1358 legem
1420 1317 1577 1353 humanam,
1592 1318 1639 1347 sed
1654 1330 1700 1348 su-

949 1374 1060 1404 pernam
1076 1375 1107 1394 ac
1120 1363 1155 1394 de
1172 1364 1238 1394 caelo
1261 1363 1400 1403 delapsam
1424 1363 1577 1400 recitamus,
1601 1371 1701 1395 tantam

949 1420 1005 1450 prae
1019 1410 1095 1439 nobis
1108 1410 1297 1450 negligentiam
1318 1409 1446 1447 seremttS,
1459 1415 1489 1439 ut
1499 1409 1557 1449 ejus
1568 1417 1655 1450 partes
1670 1421 1702 1439 ac

949 1456 1069 1487 membra
1092 1456 1298 1497 discequamus?
1314 1456 1384 1494 Quis
1410 1456 1462 1485 hoc
1486 1457 1563 1487 venia
1585 1456 1702 1497 dignum

947 1502 1072 1532 censeat?
1093 1503 1216 1532 Fortasse
1239 1502 1311 1532 ultra
1331 1501 1443 1531 modum
1464 1502 1612 1532 orationem
1632 1513 1698 1542 pro—

947 1548 1030 1585 duxi,
1044 1555 1071 1578 at
1081 1558 1134 1577 non
1156 1548 1214 1578 sine
1232 1559 1324 1585 causa,
1344 1558 1441 1577 verum
1462 1555 1519 1577 uta
1536 1559 1619 1588 prava
1633 1560 1698 1578 con-

126 1584 174 1620 τὴν
191 1584 276 1614 αἷῖίαν
297 1583 435 1623 λέγοντος,
457 1585 498 1624 &P’
521 1581 541 1624 ’ᾗ
564 1585 608 1615 τὸν
626 1586 761 1626 ἄνθρωπον
778 1586 894 1622 ἐποίησε·
912 1594 1090 1625 nsuetudine
1116 1605 1166 1624 vos
1183 1593 1327 1623 abducam.
1347 1594 1388 1623 Nc
1406 1593 1490 1633 igitur
1509 1593 1698 1634 defatigemur,

127 1630 301 1659 Διαπλάττων
314 1629 365 1669 γὰρ
380 1630 467 1664 αὐτὸν,
481 1630 549 1659 οὕτω
562 1643 618 1664 πως
631 1632 696 1671 φησί
707 1643 714 1650 ·
733 1631 895 1671 Ποιήσωμεν

127 1674 261 1715 ἄνθρωπον
275 1677 333 1705 κατ’
347 1674 435 1714 εἰκόνα
449 1675 580 1722 ἡμετέραν
592 1677 638 1706 καὶ
649 1678 707 1707 καθ’
718 1677 852 1716 ὁμοίωσιν.

165 2141 272 2180 Ὅμοιοι
285 2141 313 2170 δὲ
326 2143 397 2172 Θεοῦ
410 2141 536 2181 γινόμεθα
547 2143 595 2172 οὐκ
608 2143 738 2176 ἐσθίοντες
746 2143 790 2172 καὶ
804 2143 891 2173 πίνον-

124 2197 166 2220 τες
179 2186 224 2216 καὶ
237 2187 454 2227 περιὸαλλόμενοι
463 2199 471 2206 ·
485 2188 553 2222 Θεὸς
569 2187 621 2228 γὰρ
634 2187 693 2218 οὔτε
713 2189 794 2218 ἐσθίει
804 2210 812 2224 ,
830 2189 890 2218 οὔτε

125 2231 210 2268 πίνει,
222 2232 282 2262 οὔτε
295 2233 484 2273 περιὸάλλεται
494 2246 502 2253 ·
514 2234 583 2264 ἀλλὰ
596 2235 763 2271 δικαιοσύνην
776 2237 890 2265 ἀσκοῦν-

125 2288 177 2314 τες,
187 2279 381 2319 φιλανθρωπίαν
392 2280 609 2320 ἐπιδεικνύμενοι,
622 2282 734 2322 χρηστοὶ
748 2282 793 2311 καὶ
806 2283 891 2312 ἐπιει-

126 2328 179 2357 κεῖς
200 2323 271 2358 ὄντες
279 2346 288 2360 ,
306 2324 366 2358 τοὺς
386 2326 498 2361 πλησίον
519 2327 666 2363 ἐλεοῦντες,
681 2332 770 2358 πᾶσαν
794 2328 891 2368 ἀρετὴν

125 2368 276 2403 himma·
291 2370 348 2400 ἐπεὶ
370 2370 402 2399 τὸ
418 2375 510 2411 φαγεῖν
529 2372 575 2402 καὶ
596 2373 627 2403 τὸ
646 2377 714 2402 πιεῖν
729 2374 814 2404 κοινὸν
827 2374 893 2414 πρὸς

946 1641 1031 1671 donec
1042 1640 1077 1670 ad
1091 1641 1170 1669 linem
1184 1639 1386 1680 pervenerImus
1402 1652 1408 1668 :
1423 1647 1562 1680 propterea
1583 1650 1699 1680 namque

946 1688 1003 1717 nati
1017 1697 1121 1723 sumus,
1138 1684 1192 1715 non
1203 1692 1232 1715 ut
1244 1685 1355 1715 edamus
1370 1696 1401 1714 ac
1413 1685 1548 1723 bihamus,
1560 1693 1590 1727 et
1599 1686 1698 1716 indua-

945 1744 1016 1769 mur,
1030 1732 1076 1762 sed
1092 1739 1122 1762 ut
1134 1731 1234 1762 vitium
1247 1730 1392 1770 fugiamus,
1401 1740 1432 1759 ac
1443 1730 1564 1761 divinam
1578 1732 1696 1771 amplexi

945 1778 1148 1820 philosophiam
1165 1778 1293 1807 virtutem
1306 1783 1446 1806 sectemur.
1459 1777 1542 1806 Natos
1555 1777 1626 1806 enim
1639 1788 1704 1807 esse>

946 1836 993 1856 nos
1000 1835 1052 1855 non
1062 1831 1092 1853 ut
1103 1822 1213 1853 edamus
1225 1833 1256 1851 ac
1265 1821 1402 1859 bibamus,
1413 1821 1460 1851 sed
1470 1821 1505 1851 ad
1513 1822 1565 1852 alia
1572 1822 1695 1862 quaedam

947 1873 1032 1903 multo
1053 1871 1157 1911 majora
1177 1868 1341 1906 melioraque
1365 1867 1525 1908 praestanda,
1545 1879 1600 1908 quo
1618 1877 1694 1909 pacto

946 1922 1020 1950 Deus
1041 1917 1143 1952 doceat,
1161 1914 1236 1951 audi,
1250 1921 1279 1944 σι’
1286 1924 1366 1953 quam
1387 1914 1481 1944 asserat
1499 1925 1607 1945 causam
1629 1927 1694 1956 pro-

946 1970 1005 2005 pter
1017 1971 1099 2002 quam
1114 1959 1252 1989 hominem
1268 1958 1423 1998 procrearit.
1435 1959 1506 1988 Cum
1523 1958 1594 1988 enim
1613 1959 1693 1990 illum

944 2009 1080 2043 formaret,
1095 2004 1138 2033 his
1157 2002 1248 2033 verbis
1261 2011 1326 2031 usus
1341 2008 1381 2031 est
1397 2014 1404 2030 :
1421 2003 1581 2032 Faciamus
1598 2004 1689 2033 homi-
1704 2019 1761 2040 Gen,
1773 2024 1790 2039 ¹,
1804 2019 1842 2041 26.

946 2062 1011 2082 nem
1032 2050 1073 2080 ad
1089 2048 1246 2087 imaginem
1268 2052 1415 2084 nostram,
1440 2053 1469 2076 et
1494 2047 1535 2076 ad
1553 2048 1690 2078 similitu-

945 2099 1057 2128 dinem.
1507 2133 1509 2136 Ι

983 2146 1013 2174 ἆ.
1029 2145 1113 2173 Porro
1124 2141 1183 2171 Deo
1196 2139 1297 2169 similes
1314 2139 1455 2169 reddimur
1473 2149 1526 2169 non
1537 2140 1603 2170 dum
1617 2151 1689 2171 com·
1725 2150 1772 2171 nvo
1783 2159 1842 2180 quo-

943 2190 1060 2227 edimus,
1071 2187 1204 2224 bibimus,
1226 2192 1273 2216 aut
1292 2185 1451 2225 induimur3
1466 2186 1540 2215 Deus
1554 2187 1624 2216 enim
1639 2197 1685 2217 ne-
1696 2182 1838 2234 sgfd‘ssffiffi]

942 2248 996 2277 que
1013 2234 1139 2271 comedit,
1158 2243 1245 2272 neque
1267 2232 1350 2269 bibit,
1373 2242 1462 2271 neque
1481 2232 1604 2263 induitur
1620 2246 1626 2262 :
1640 2235 1684 2264 sed
1697 2251 1755 2265 mur.

942 2283 1010 2314 dum
1023 2281 1155 2322 justitiam
1175 2288 1347 2315 exercemus,
1363 2278 1552 2317 benignitatem
1573 2279 1686 2309 exhibe-

943 2340 1014 2367 mus,
1031 2328 1107 2357 mites
1123 2333 1150 2355 et
1169 2324 1284 2354 modesti
1304 2335 1335 2354 ac
1354 2323 1539 2353 misericordes
1554 2324 1580 2353 in
1593 2325 1685 2364 proxi-

943 2384 1003 2404 mos
1014 2381 1118 2408 sumus,
1127 2370 1252 2400 virtutem
1266 2378 1372 2397 omnem
1385 2374 1517 2397 sectamur
1533 2380 1539 2395 :
1553 2368 1685 2406 siquidem

125 2414 173 2452 τὴν
185 2417 238 2446 τῶν
257 2416 360 2456 ἀλόγων
373 2417 449 2457 φύσιν
468 2420 532 2457 ἡμῖν
547 2420 620 2455 ἐστι,
634 2420 679 2449 καὶ
698 2420 772 2450 οὐδὲν
786 2421 891 2451 ἐκείνων
908 2425 928 2449 D
944 2428 1084 2450 commune
1098 2416 1174 2446 nobis
1187 2422 1226 2444 est
1240 2414 1309 2444 illud
1323 2425 1386 2443 cum
1403 2413 1556 2442 belluarum
1578 2421 1688 2450 natura,

126 2461 193 2491 κατὰ
203 2464 280 2492 τοῦτο
289 2462 410 2502 ἀμείνους
422 2464 511 2502 ἐσμέν.
520 2465 600 2495 Ἀλλὰ
608 2466 686 2495 πόθεν
700 2468 776 2505 ἡμῶν
790 2470 806 2503 ἣ
821 2469 898 2509 ὓπερ-

158 2563 168 2581 t
186 2570 335 2599 Παραςιιρειν.
351 2563 429 2589 Aliam
443 2564 574 2591 lectionem
585 2566 658 2592 offert.
669 2567 694 2592 in
711 2568 821 2601 margine
834 2569 882 2594 Sa-

128 2602 211 2634 uiuus,
224 2612 312 2637 nempe
326 2610 486 2640 mpuuz'pzav,
500 2615 554 2639 qua:
567 2612 632 2632 certe
645 2616 696 2633 uon
708 2608 855 2641 spernenda.

944 2465 1018 2507 quod
1025 2462 1190 2495 comedimus
1201 2468 1225 2490 et
1234 2460 1366 2498 bibimus,
1375 2470 1459 2498 neque
1473 2459 1620 2498 quidquam
1631 2460 1700 2490 illis,

967 2576 977 2588 a
996 2567 1067 2592 Unus
1080 2562 1155 2588 habet
1166 2564 1324 2595 δικαζομένων.
