1904 2840
622 168 658 190 ΙΝ
686 167 894 191 ΜΑΤΤΙ-ΙΕΠΜ.
924 167 1042 191 Romu..
1070 169 1154 192 xur.

1593 171 1662 207 9¹7

131 229 181 259 94.
201 229 329 258 dieentes
342 240 353 258 .-
365 229 519 268 Hagister,
533 229 629 257 Moses
647 229 724 257 dixit
738 241 746 257 :
761 229 793 258 Si
806 229 871 267 quis
888 230 909 254 Α
926 234 966 257 ter
975 238 1028 257 non
1037 229 1071 258 ad
1079 239 1170 259 servos
1183 230 1325 267 Dei,viros
1334 231 1483 271 religiosos,
1495 231 1543 261 sed
1556 230 1591 261 ad
1601 243 1664 272 gen-

132 274 262 298 mortuus
278 267 371 307 fiderit
391 278 451 297 non
472 268 584 297 babens
597 267 711 307 filium,
728 274 760 297 ut
784 268 872 296 ducat

121 307 226 348 frater
248 308 311 346 ejus
333 316 454 336 uxorem
475 307 568 344 illius,
583 314 612 336 et
635 309 753 337 suscitet
773 317 873 336 semen

122 346 223 386 fratri
232 357 296 376 suo.
311 347 362 376 25.
376 347 476 376 Erant
495 353 593 377 autem
606 347 686 386 apud
699 357 752 376 nos
764 353 872 387 septem

122 385 250 426 fratres,
262 392 291 415 et
301 388 412 426 primus
434 396 524 416 uxore
539 387 628 416 ducta
641 387 798 427 defunctus
818 393 871 423 est,

132 430 161 456 et
174 436 235 456 non
256 426 368 455 habens
392 436 504 463 semen,
518 426 637 466 reliquit
657 436 776 456 azor-em
789 436 873 456 suam

124 465 222 504 sraeri
240 476 304 495 suo.
319 467 370 496 26.
385 465 527 496 Similiter
546 466 690 495 secundus
710 472 739 495 et
757 467 870 502 tertius,

133 513 226 544 usque
251 506 292 535 ad
316 507 480 545 septimum.
511 507 562 535 2⁷.
586 504 750 535 Novissime
774 512 873 534 autem

134 546 263 574 omnium
277 551 308 575 et
324 545 430 574 mulier
441 545 582 586 defuncta
594 551 647 575 est.
660 546 712 576 28.
724 546 763 574 ln
777 554 872 574 resur·-

134 584 261 614 rectione
268 595 336 625 ergo
345 586 428 625 cujus
437 588 492 615 erit
501 586 538 614 de
546 591 654 625 septem
665 586 758 614 utor?
767 585 875 614 Omnes

135 625 214 655 enim
227 625 394 654 habuerunt
415 635 492 655 eam.
507 625 555 654 29.
573 624 759 664 Respondeas
777 630 875 653 autem

135 663 159 692 J
158 673 233 700 esus,
245 665 288 693 ait
299 664 362 693 illis
375 677 383 693 ε
395 665 522 700 Erratis,
533 666 690 694 nescientes
700 664 878 703 Scripturas,

137 712 231 742 neque
240 704 378 733 virtutem
391 705 459 734 Dei.
470 706 520 735 50.
530 706 568 733 In
577 705 787 734 resurrectione
797 705 876 732 enim

138 751 231 781 neque
241 744 363 779 nubent,
372 754 466 783 neque
479 746 634 779 nubentur,
643 744 696 773 sed
704 749 788 772 erunt
801 745 877 772 sicut

137 782 236 821 angeli
243 782 303 812 Dei
312 783 343 812 in
353 784 436 813 eoelo.
448 786 498 814 51.
510 785 539 813 E
541 789 552 812 t
561 784 598 812 de
606 785 813 812 resurrectione
823 793 876 811 au-

139 826 195 851 tem
209 828 386 852 mor-cuorum
400 834 460 852 non
469 824 579 863 legistis
589 823 670 863 quod
682 822 791 851 dictum
805 829 847 851 est
859 832 878 851 a
894 825 911 848 Β

90 880 95 886 -
139 861 215 898 Deo,
226 862 342 891 dicente
352 864 438 892 vobis
447 874 456 892 .-
469 864 517 892 52.
529 863 593 902 Ego
603 873 667 892 sum
687 862 767 891 Deus
779 863 878 892 Abra-

140 901 221 938 ham,
243 901 324 931 Deus
347 904 444 937 Isaac,
456 909 509 931 etc.
525 903 620 932 Omnis
643 902 752 940 quidem
776 902 879 931 malitia

138 940 313 973 confunditur
323 941 464 980 aliquoties
475 942 576 971 ratione
589 941 719 977 veritatis,
734 942 879 982 corrigitur

138 986 228 1013 autem
244 991 401 1019 numquam,
415 982 532 1011 maxime
555 992 648 1011 eorum
671 981 717 1020 qui
742 982 880 1026 proposito

139 1019 222 1057 malo,
232 1027 257 1049 et
270 1030 323 1049 non
333 1021 484 1060 ignorantia
496 1028 614 1061 peccant.
625 1022 672 1051 Sic
683 1027 780 1050 etemm
791 1031 878 1050 sacer—

139 1058 215 1090 dote·
225 1066 366 1099 postquam
378 1067 477 1090 terrere
496 1061 643 1090 Dominum
657 1071 708 1090 non
724 1067 878 1101 potuerunt,

124 1121 130 1126 .
140 1098 258 1129 dieentes
271 1111 277 1128 :
289 1101 328 1128 In
339 1110 399 1139 qua
406 1106 548 1140 potestate
548 1101 634 1147 facis
645 1101 708 1130 hoec
715 1103 729 1129 P
739 1107 880 1141 postquam

141 1138 331 1179 parabolarum
342 1140 445 1170 ratione
458 1141 606 1177 constricti,
620 1141 659 1170 sic
669 1141 773 1180 judicio
786 1141 838 1180 ipsi
853 1151 881 1170 se

125 1196 132 1203 -
143 1189 202 1209 reos
213 1179 343 1216 fecerunt,
354 1179 473 1210 dicentes
481 1177 492 1209 'z
507 1181 606 1210 Malos
620 1181 698 1210 male
709 1181 820 1220 perdet,
835 1190 880 1209 ne-

142 1219 214 1248 mine
226 1225 318 1248 eontra
338 1230 384 1249 eos
405 1219 511 1250 dioeute
533 1220 726 1257 testimonium,
742 1220 792 1249 nisi
813 1229 878 1249 con-

140 1258 251 1288 scientia
276 1258 332 1288 sola
357 1271 365 1288 :
388 1259 522 1299 numquid
547 1261 705 1300 compunxit
730 1270 775 1289 eos
799 1259 881 1289 timor

142 1298 262 1338 peccati?
281 1298 413 1338 numquid
437 1300 601 1340 compescuit
613 1309 658 1329 eos
682 1300 726 1329 vel
748 1299 881 1329 libertatis

140 1336 336 1368 consideratio?
349 1338 404 1369 Sed
412 1339 498 1378 quid?
510 1339 670 1376 Abierant,
684 1346 714 1369 et
726 1339 881 1369 consilium

142 1383 326 1416 acceperunt,
331 1385 366 1408 ut
374 1388 442 1408 eum
450 1385 587 1418 caperent
595 1381 627 1408 in
637 1389 775 1409 sermone.
783 1380 882 1416 Quem-

141 1416 288 1447 admodum
301 1417 325 1447 εἰ
338 1418 438 1457 aliquis
449 1417 575 1448 claudere
592 1418 710 1449 voluerit
729 1429 806 1458 aquae
820 1429 881 1448 cur·
897 1421 916 1444 C

142 1457 225 1486 rentis
247 1463 380 1495 meatum,
394 1459 418 1487 si
442 1468 494 1488 una
516 1469 551 1488 ex
572 1465 647 1498 parte
669 1459 778 1489 exclusa
801 1458 884 1488 suerit

143 1507 228 1535 aqua,
239 1497 367 1527 violentia
380 1497 489 1527 aliunde
501 1498 552 1527 sibi
572 1498 693 1528 semitam
708 1497 811 1539 rumpit
824 1510 830 1527 =
844 1498 883 1527 sic

143 1543 169 1566 et
180 1546 273 1566 eorum
285 1537 438 1577 malignitas
448 1548 482 1567 ex
492 1548 545 1567 una
555 1545 631 1578 parte
643 1539 762 1575 confusa,
773 1537 883 1567 aliunde

143 1575 197 1605 sihi
210 1575 314 1606 aditum
324 1577 472 1607 adinvenit.
480 1577 638 1607 sicutenim
649 1588 702 1607 non
714 1585 799 1618 potest
809 1577 879 1613 fieri,

147 1621 176 1644 ut
185 1615 259 1655 ligna
268 1616 397 1646 mittendo
405 1617 492 1646 exstin
513 1627 559 1646 uas
568 1617 657 1656 ignem
669 1629 676 1646 :
687 1618 725 1647 sic
734 1627 786 1647 non
798 1623 883 1655 potest

145 1655 216 1690 steri,
225 1662 256 1684 ut
265 1655 479 1686 rationem‘dioen
521 1657 610 1697 places
623 1657 759 1687 hominem
769 1658 882 1687 malum.

145 1695 222 1725 Sicut
227 1695 300 1725 enim
306 1695 376 1736 ignis
382 1703 481 1735 quanto
489 1697 606 1737 amplius
613 1697 686 1737 ligna
695 1697 850 1737 susceperit,
856 1696 885 1725 in

146 1736 274 1775 majorem
297 1735 434 1766 flammam
453 1737 566 1776 erigitur
583 1749 590 1765 ε
604 1737 643 1766 sic
665 1738 774 1766 animus
798 1736 886 1765 malus

146 1782 247 1813 quanto
254 1776 340 1815 magis
346 1775 484 1806 veritatem
492 1776 618 1812 audierit,
627 1787 658 1806 co
667 1777 784 1816 amplius
791 1776 819 1805 in
827 1785 887 1805 ma-

148 1814 235 1844 litiam
243 1815 386 1845 excitatur.
395 1815 527 1845 Abierunt
542 1823 650 1856 ergo,et
663 1816 807 1845 consilium
814 1825 887 1844 aoee-

148 1861 253 1894 perunt-
266 1855 329 1892 Quo
339 1855 482 1885 abierunt?
491 1855 533 1885 Ad
542 1855 716 1885 Herodianos.
729 1857 798 1885 Nam
811 1865 846 1884 ex
856 1864 888 1884 eo

149 1893 223 1933 quod
230 1905 282 1924 non
291 1894 367 1930 dicit,
377 1895 519 1925 Consiliati
526 1902 597 1931 sunt,
604 1895 661 1930 sed,
669 1895 830 1924 ConsiIium
839 1905 888 1923 ac-

149 1941 300 1973 ceperunt,
312 1941 339 1963 et
351 1945 386 1963 ex
398 1944 429 1963 eo
443 1935 517 1973 quod
532 1934 633 1974 pariter
652 1945 713 1964 cum
730 1933 890 1964 Herodianis

150 1980 299 2011 venerunt,
314 1981 425 2020 apparet
442 1975 506 2012 quia
524 1984 586 2003 cum
607 1974 664 2003 illis
681 1973 813 2014 ejusmodi
832 1974 889 2002 cir-

925 268 997 303 tiles,
1012 267 1041 297 id
1065 276 1104 298 est
1123 269 1287 299 Herodianus
1299 293 1306 307 ,
1325 281 1352 300 se
1375 271 1552 301 contulerunt.
1576 273 1665 309 Quale

924 313 964 336 est
975 307 1129 344 consilium,
1145 309 1210 338 tales
1227 316 1254 338 et
1275 310 1467 340 consiliatores.
1482 311 1551 349 Quis
1574 318 1664 342 autem

924 353 1028 415 pgterat
1038 346 1102 376 dare
1113 348 1254 378 consilium
1272 356 1362 379 contra
1373 350 1522 386 Christum,
1538 351 1590 381 nisi
1601 350 1664 381 dia-

961 385 1004 431 lus
1028 386 1076 425 qui
1096 394 1152 416 erat
1176 387 1343 418 adversarius
1364 390 1486 419 Christi?
1505 391 1665 430 Cogitabam

925 435 995 454 cmm
1005 426 1078 466 apud
1090 437 1117 456 se
1125 428 1283 464 sacerdotes,
1293 429 1322 458 Si
1332 439 1381 458 nos
1390 429 1441 458 soli
1451 436 1542 459 euntes
1552 431 1664 460 interro-

925 465 1077 504 gaverimus
1085 466 1234 504 Christum,
1243 468 1367 506 quamvis
1377 468 1476 498 dixerit
1488 469 1551 508 quia
1563 479 1616 500 non
1628 471 1663 500 li·
1673 481 1772 498 ccxxvii

926 511 967 533 cet
976 504 1036 534 dari
1043 506 1140 535 Caesari
1151 507 1292 542 tributum,
1302 513 1389 536 tamen
1401 518 1478 538 nemo
1487 509 1564 539 nobis
1574 510 1664 540 credet

927 544 1077 574 dicentibus
1097 552 1189 576 eontra
1206 557 1269 575 eum
1284 558 1291 575 ε
1309 547 1360 575 'am
1372 547 1443 576 enim
1454 558 1545 578 omnes
1564 550 1663 586 sciunt,

927 583 991 622 quia
1005 583 1107 614 inimici
1119 586 1177 614 e'us
1190 596 1293 615 sumus.
1323 586 1482 616 nimicorum
1492 585 1664 621 autem'testi-

928 624 1049 652 monium
1058 624 1085 652 in
1097 597 1207 661 'udicim
1220 625 1268 653 etsi
1281 636 1376 655 verum
1388 626 1560 665 fuerit;quasi
1571 634 1663 668 sitspe.

927 669 1001 691 ctum
1014 673 1092 703 repro
1128 670 1181 693 tur.
1197 664 1250 694 Sed
1265 675 1313 694 nec
1336 675 1384 704 per
1406 665 1507 705 seipsos
1528 666 1666 703 Christum

928 701 1091 741 interrogare
1107 703 1246 740 volebant,
1262 704 1326 743 quia
1348 704 1375 732 in
1400 715 1496 750 magna
1517 706 1667 745 suspicione

928 741 1075 786 inimicitiae
1088 753 1182 772 eorum
1193 744 1298 772 fuerant
1309 743 1383 789 apud
1394 742 1544 781 Christum,
1554 755 1590 774 vnc
1602 747 1672 776 foi-tcv

929 791 1017 826 quasi.
1032 783 1148 827 suspecti
1170 783 1364 812 circumvenire
1385 794 1448 812 eum
1476 794 1528 813 non
1553 785 1665 824 possin't.

929 822 999 850 Nam
1010 822 1135 851 mimicus
1146 823 1300 852 manifestus
1309 823 1405 852 melior
1414 829 1462 859 est,
1472 834 1556 863 quam·
1566 825 1668 855 amicus

930 861 1017 890 fictus.
1033 861 1083 890 Ille
1095 861 1161 891 dum
1175 862 1300 898 timetur,
1312 863 1390 892 facile
1401 863 1503 892 vitatur
1518 877 1524 893 ι
1540 864 1590 893 iste
1601 865 1668 895 dum

931 910 982 929 non
993 901 1156 940 agnoscitur,
1168 903 1305 941 prevalet.
1318 904 1460 932 Miserunt
1470 913 1533 942 ergo
1543 905 1667 944 discipu-

931 940 975 969 los
987 949 1066 977 suos,
1078 942 1154 979 quasi
1177 941 1266 971 adhuc
1285 942 1373 970 minus
1397 952 1428 971 co
1448 942 1527 980 nitos,
1542 951 1568 973 et
1579 944 1668 974 minus

930 986 1063 1020 supectos,
1076 987 1105 1009 ut
1117 988 1163 1010 aut
1173 981 1327 1011 abscondite
1340 981 1418 1010 facile
1427 953 1580 1022 deciperent
1592 994 1667 1021 eum,

931 1026 978 1048 aut
999 1019 1160 1059 deprehensi
1185 1022 1274 1050 minus
1287 1021 1471 1051 erubescerent
1496 1023 1570 1062 apud
1593 1034 1665 1053 eum.

931 1060 1000 1089 Nam
1019 1060 1130 1090 consilio
1152 1061 1222 1090 malo
1242 1061 1418 1101 deprehenso,
1432 1067 1506 1091 tanto
1519 1063 1608 1092 minor
1619 1073 1667 1093 na-

931 1099 1015 1128 scitur
1037 1100 1169 1136 conl'usio,
1185 1108 1283 1139 quanto
1304 1101 1384 1130 fuerit
1405 1111 1517 1140 persona
1541 1102 1667 1133 deterior.

931 1138 986 1168 Sed
1008 1138 1135 1185 discipuli
1158 1140 1201 1170 illi
1223 1140 1357 1180 magistris
1378 1140 1435 1169 suis
1459 1147 1534 1171 aetate
1554 1143 1670 1172 minores

932 1186 1015 1215 erant,
1021 1179 1123 1209 malitia
1131 1187 1218 1210 autem
1226 1190 1311 1220 pareS.
1318 1181 1386 1209 Nam
1395 1187 1421 1209 et
1428 1180 1498 1220 pulli
1507 1182 1670 1222 serpentium

933 1225 1034 1248 statura
1056 1219 1203 1255 breviores,
1225 1230 1325 1250 veneno
1346 1226 1433 1249 autern
1458 1221 1572 1259 aequales
1597 1229 1668 1251 sunt.

932 1258 968 1287 Et
988 1258 1070 1288 catuli
1090 1259 1217 1299 luporum
1238 1259 1327 1288 adhuc
1352 1259 1435 1288 teneri
1458 1261 1606 1298 constituti,
1621 1263 1671 1291 etsi

932 1298 1099 1328 venationem
1111 1309 1234 1329 exercere
1245 1309 1298 1328 non
1311 1305 1433 1339 possunt,
1441 1299 1498 1338 jam
1512 1306 1598 1330 tamen
1609 1311 1671 1330 san-

932 1337 1014 1376 guine
1024 1338 1151 1378 gaudent,
1159 1346 1186 1368 et
1196 1339 1330 1368 morsibus
1338 1338 1448 1368 ludunt.
1457 1340 1608 1380 Magister,
1617 1343 1672 1370 sci-

935 1387 997 1406 mus
1010 1380 1082 1418 quia
1102 1388 1197 1408 verax
1212 1388 1257 1415 es,
1272 1385 1301 1408 et
1313 1380 1395 1408 viam
1418 1379 1474 1408 Dei
1496 1382 1527 1407 in
1548 1381 1673 1409 veritate

934 1417 1029 1447 doces.
1044 1418 1206 1457 Magistrum
1224 1429 1286 1447 eum
1304 1424 1401 1448 vocant
1416 1425 1442 1447 et
1457 1428 1577 1448 veracem
1591 1432 1597 1448 ι
1613 1431 1671 1449 ma-

935 1457 1058 1496 gistrum,
1081 1465 1110 1486 ut
1144 1458 1201 1487 uasi
1224 1458 1370 1487 honoratus
1383 1463 1408 1486 et
1422 1457 1558 1494 laudatus,
1572 1466 1671 1499 myste-

934 1496 1006 1525 rium
1019 1496 1062 1526 sui
1083 1468 1172 1526 cor‘dis
1185 1497 1342 1537 simpliciter
1360 1497 1398 1526 eis
1411 1497 1523 1536 aperiet,
1538 1505 1672 1537 tamquam

935 1536 1028 1566 volens
1035 1546 1078 1565 eos
1087 1537 1184 1565 hahere
1193 1536 1350 1576 discipulos.
1357 1537 1418 1566 Haee
1425 1537 1497 1565 enim
1505 1544 1544 1567 est
1551 1538 1673 1578 hypocri-
1693 1543 1824 1573 Hypoerita-

935 1583 1023 1604 tarum
1037 1576 1123 1615 prima
1132 1577 1260 1616 potentia,
1272 1575 1397 1605 simulata
1411 1575 1540 1606 laudatio.
1550 1577 1674 1607 Laudant
1682 1582 1732 1595 ‘¹¹¹¹'
1745 1581 1802 1594 '¹¹⁰³'

934 1615 1006 1644 enim
1023 1625 1089 1653 quos
1106 1615 1218 1655 perdere
1234 1615 1339 1650 volunt,
1354 1621 1384 1644 ut
1403 1625 1452 1655 per
1471 1615 1674 1647 delectationem

936 1654 1025 1684 laudis
1042 1655 1169 1694 paulatim
1185 1654 1265 1685 corda
1276 1655 1416 1684 hominurn
1430 1654 1464 1684 ad
1477 1655 1675 1696 simplicitatem

935 1694 1057 1734 benignae,
1068 1694 1239 1724 confessionis
1252 1694 1388 1724 inclinent.
1404 1694 1498 1725 Veluti
1512 1696 1534 1724 si
1548 1696 1608 1734 quis
1618 1703 1677 1726 tau-

938 1745 1000 1764 rum
1026 1734 1147 1764 validum
1170 1734 1275 1765 viribus
1297 1744 1349 1764 non
1370 1740 1455 1774 potest
1476 1735 1635 1774 sub'ugare,
1650 1742 1676 1765 et

937 1774 1046 1804 vinculo
1060 1773 1175 1812 flectere,
1190 1774 1319 1803 mollibus
1341 1773 1465 1803 manibus
1479 1784 1513 1803 no
1534 1785 1606 1804 osam
1619 1776 1677 1815 ejus

938 1814 1016 1843 fricat
1024 1814 1166 1851 cervicem,
1178 1820 1208 1843 ut
1219 1824 1299 1852 quem
1310 1814 1409 1843 virtute
1419 1820 1508 1843 tenere
1517 1824 1568 1843 non
1577 1815 1675 1860 potuit,

940 1864 987 1894 per
1008 1852 1220 1883 blandimentum
1243 1852 1449 1893 comprehendat
1463 1864 1470 1882 ε
1483 1853 1522 1882 sic
1540 1860 1566 1882 ct
1580 1855 1621 1884 isti
1634 1865 1679 1884 ca-

941 1901 1029 1923 tenam
1047 1892 1167 1922 subdolae
1188 1892 1278 1922 laudis
1300 1898 1434 1933 portantes
1456 1893 1484 1921 in
1507 1903 1567 1929 ore,
1581 1894 1678 1933 etgla·

941 1933 1017 1962 dium
1032 1932 1140 1961 matitiae
1153 1932 1342 1962 abscondentes
1361 1932 1389 1961 in
1402 1931 1497 1968 corde,
1513 1939 1620 1962 taurum
1634 1943 1681 1962 ec-

943 1971 1082 2002 clesiastici
1095 1971 1184 2012 gregis
1196 1972 1260 2001 dolo
1271 1972 1359 2001 laudis
1372 1972 1598 2012 comprehendere
1608 1973 1681 2002 sesti-

150 2013 346 2043 cumventioms
365 2013 510 2043 consilium
527 2020 717 2043 tractaverunt.
732 2014 819 2043 Homo
846 2023 892 2042 co-
907 2019 926 2042 1)
943 2013 1052 2041 nabant.
1067 2012 1108 2040 De
1121 2022 1174 2050 quo
1187 2018 1263 2041 tauro
1276 2011 1438 2052 prophetans
1447 2012 1542 2046 Jacob,
1552 2012 1608 2052 jam
1619 2019 1682 2041 tunc

152 2053 242 2090 lonus,
255 2053 333 2092 cnjus
346 2060 444 2083 terram
464 2052 594 2093 possidet,
607 2053 683 2082 illius
696 2053 800 2082 auxilio
823 2063 892 2097 opus

151 2092 242 2122 hahet.
254 2093 309 2130 Qui
320 2093 452 2132 justitiam
465 2099 545 2129 tenet,
561 2093 664 2122 nullius
685 2093 833 2133 patrocinio
846 2102 891 2120 m-

153 2133 238 2171 diget,
253 2132 305 2161 nisi
317 2133 377 2162 Dei.
395 2133 449 2170 Qui
464 2133 492 2162 in
505 2132 608 2162 diaboli
630 2132 818 2171 iniquitatibus
834 2141 892 2160 arn-

154 2172 243 2208 balat,
255 2171 357 2201 diaboli
369 2172 534 2212 adjutorium
544 2173 722 2201 necessarium
735 2172 825 2201 habet.
838 2172 894 2200 Co-

156 2212 236 2240 lonus
247 2211 318 2240 enirn
333 2211 513 2248 Dei„diaboli
533 2212 667 2240 auxilium
689 2220 741 2241 non
755 2210 869 2249 requirit
884 2221 892 2238 ε

156 2251 268 2280 colonus
280 2257 369 2280 autem
389 2249 509 2286 diaboli,
524 2250 659 2280 auxilium
671 2250 723 2279 Dei
737 2257 763 2279 et
787 2250 809 2279 si
823 2259 896 2288 quae-

158 2292 204 2328 rit,
219 2300 271 2319 non
296 2290 408 2319 invenit.
433 2289 537 2319 Vidisti
563 2288 707 2328 aliquando
731 2296 837 2318 euntem
862 2287 897 2317 ad

158 2332 261 2360 furtum
274 2332 362 2360 Deum
373 2339 459 2365 orare,
473 2335 500 2358 ut
514 2329 581 2358 bene
591 2335 763 2368 prosperetur
774 2328 800 2357 in
811 2327 898 2357 furto?

160 2378 207 2400 aut
219 2371 266 2409 qui
279 2368 355 2399 vadit
368 2368 400 2398 ad
418 2368 628 2403 fornicationem,
642 2367 775 2406 numquid
793 2368 843 2396 sibi
860 2366 900 2396 si-

198 2421 244 2440 um
268 2409 355 2438 crucis
377 2409 453 2449 ponit
466 2408 492 2436 in
506 2409 602 2444 fronte,
618 2414 648 2436 ut
661 2417 714 2436 non
728 2407 901 2446 comprehen-

162 2419 243 2479 ἕξων
253 2449 280 2478 in
294 2447 428 2478 crimine?
440 2447 522 2484 Quod
535 2447 557 2476 si
570 2446 671 2482 feeerit,
685 2456 737 2476 non
749 2447 836 2476 solum
847 2455 902 2475 non

164 2489 319 2534 adjuvatur,
333 2487 381 2518 sed
394 2486 482 2516 adhuc
495 2487 613 2526 amplius
624 2485 741 2515 traditur
757 2499 763 2514 ε
779 2486 843 2524 quia
857 2496 904 2515 no-

165 2535 214 2558 sc1t
225 2528 331 2568 justitia
342 2527 391 2557 Dei
405 2526 582 2567 patrocinium
593 2525 657 2555 dare
679 2525 849 2557 criminibus.
860 2525 906 2556 Sic

166 2575 190 2597 ct
204 2568 259 2605 isti,
270 2567 409 2597 Christum
421 2575 576 2606 expugnare
589 2566 736 2605 cupientes,
750 2565 907 2595 convenien-

329 2616 400 2635 rom.
418 2616 460 2634 vi.

946 2051 1099 2091 increpabat
1110 2052 1178 2081 Levi
1199 2051 1287 2081 filium
1304 2061 1395 2087 suum,
1409 2051 1471 2089 quia
1485 2051 1519 2080 de
1530 2052 1597 2082 Levi
1610 2058 1683 2081 erant

945 2090 1071 2121 nascituri
1095 2089 1255 2127 sacerdotes,
1269 2091 1317 2130 qui
1339 2090 1503 2120 interfecturi
1517 2098 1590 2120 erant
1603 2091 1683 2121 chri-

945 2138 1031 2161 stum:
1043 2130 1158 2159 Simeon
1169 2137 1198 2159 et
1211 2132 1282 2160 Levi
1283 2130 1399 2171 fratres
1412 2136 1684 2160 consummaverunt
1697 2139 1752 2160 Gen.
1763 2138 1800 2167 49.
1810 2136 1831 2158 5.

946 2171 1117 2209 iniquitates
1141 2180 1220 2200 suas.
1236 2172 1275 2199 In
1294 2171 1486 2209 cogitationes
1507 2180 1604 2199 eorum
1627 2179 1685 2198 non
1695 2169 1718 2191 δ’

948 2211 1031 2239 venit
1043 2211 1144 2238 anima
1155 2220 1230 2247 mea,
1240 2214 1269 2238 et
1280 2211 1310 2239 in
1323 2209 1447 2238 consilia
1457 2219 1555 2237 eorum
1567 2219 1626 2237 non
1637 2218 1685 2236 cn-

948 2250 1023 2278 dant
1039 2250 1198 2288 praecordia
1219 2259 1294 2284 mea,
1311 2252 1380 2288 quia
1396 2250 1427 2276 in
1442 2250 1486 2276 ira
1500 2258 1552 2276 sua
1575 2248 1685 2276 occide-

950 2294 1018 2318 runt
1041 2290 1150 2325 virum,
1162 2295 1190 2318 et
1212 2291 1243 2318 in
1263 2289 1362 2325 furore
1374 2298 1426 2316 suo
1441 2289 1688 2316 subnervaverunt

952 2334 1078 2358 taurum.
1092 2329 1132 2357 De
1145 2328 1244 2357 talibus
1255 2328 1320 2356 dicit
1332 2327 1460 2366 propheta
1475 2337 1481 2352 :
1498 2325 1610 2354 Molliti
1621 2331 1687 2354 sunt
1699 2342 1765 2363 psat.
1784 2338 1813 2369 54

953 2377 1099 2397 sermones
1113 2378 1210 2397 eorum
1226 2377 1311 2406 super
1331 2367 1436 2401 oleum,
1451 2370 1479 2392 et
1492 2365 1547 2403 ipsi
1563 2371 1631 2393 sunt
1642 2365 1688 2403 ja·
1701 2379 1738 2395 22.

955 2408 1034 2436 cula.
1063 2408 1142 2446 Quid
1161 2407 1213 2436 tibi
1230 2407 1366 2435 videtur?
1393 2405 1460 2432 licet
1484 2413 1601 2432 censum
1626 2404 1691 2432 dari

958 2448 1078 2484 Coesari,
1096 2457 1136 2476 an
1150 2448 1231 2475 non?
1246 2446 1305 2475 Non
1318 2451 1358 2473 est
1369 2444 1480 2482 justum,
1498 2448 1527 2471 ut
1540 2443 1611 2472 servi
1622 2453 1694 2472 sum-

958 2487 995 2516 mi
1010 2487 1091 2525 regis,
1107 2485 1216 2515 terrenis
1228 2484 1336 2522 regibus
1350 2482 1508 2511 serviamus.
1525 2481 1554 2511 Si
1567 2482 1638 2511 enim
1653 2483 1695 2511 in-

959 2526 1071 2565 dignum
1085 2532 1134 2558 est,
1146 2531 1175 2553 ut
1188 2533 1222 2552 ex
1235 2522 1341 2552 duobus
1362 2521 1469 2560 regibus
1487 2520 1568 2550 homo
1587 2521 1696 2550 alterius

962 2565 1037 2594 alteri
1049 2565 1221 2602 obsequatur,
1236 2567 1262 2591 et
1275 2560 1402 2600 injuriam
1414 2560 1476 2589 facit
1490 2570 1551 2595 suo,
1572 2561 1594 2590 si
1607 2561 1698 2601 subja-

1522 2600 1559 2636 59
