1890 2826
105 616 182 637 nauh.
198 615 236 638 28.

102 656 135 676 ιιι.

98 890 145 910 lar.
157 886 227 918 3134

101 1351 154 1373 Act.
167 1358 190 1381 7.
203 1350 240 1373 51.

101 1537 168 1559 I‘sal.
191 1542 226 1565 ¹7·

107 1681 163 1701 sen.
181 1681 220 1710 49.

107 1717 141 1735 ll·

104 2025 151 2049 ΙΝ.
175 2023 197 2046 5.
222 2023 244 2047 5.

247 165 291 201 26

243 245 346 274 remur,
359 243 385 267 et
396 243 527 266 extremas
542 235 576 265 de
592 235 635 265 his
648 234 773 274 exigebat
785 234 895 275 poenas?
908 234 986 264 Certe

244 284 375 324 propheta
403 284 518 322 Aggaeus
535 288 618 312 totam
628 282 678 311 hac
692 281 719 310 in
735 291 764 310 re
774 289 849 310 sunm
860 289 984 310 consum-

245 331 279 360 sit
298 329 479 371 prophetiam,
495 329 631 364 incusans,
645 326 819 364 comminans,
833 333 924 367 poenas
943 332 986 355 re-

244 383 336 416 petens
355 375 389 406 de
411 375 506 406 illicita
529 374 672 405 affinitate.
694 374 729 402 At
744 378 834 403 nostra
850 372 915 402 talia
933 382 986 402 non

244 429 316 460 sunt,
328 421 375 452 sed
380 421 500 452 Ecclesia
512 431 575 450 cum
586 419 660 450 omni
671 419 798 449 facilitate
809 418 898 448 sinum
909 428 988 448 suum

245 468 417 509 expandens,
431 467 535 507 supinis
558 466 683 496 manibus
703 475 794 495 omnes
812 464 885 495 orbis
905 465 988 494 totius

246 521 336 554 gentes
350 513 471 553 quotidie
485 512 608 552 suscipit.
628 512 687 541 Hoc
700 510 773 540 enim
789 510 872 551 primi
885 509 927 540 illi
937 509 987 540 do-

246 567 366 599 gmatum
375 559 496 589 doctores
508 559 542 588 ab
555 558 703 598 Unigenito
717 556 872 588 mandatum
885 566 989 598 accepe-

248 612 326 642 runt,
348 606 398 635 hac
427 605 516 635 statim
542 604 635 634 audita
659 614 726 634 voce
738 616 744 633 z
759 604 872 633 Euntes
891 603 991 633 docete

248 662 346 681 omnes
358 659 467 692 gentes.
483 651 601 681 Advorte
614 657 703 679 autem
717 648 853 688 quomodo
865 658 917 678 non
930 655 989 678 tan·

575 175 605 198 S.
632 173 773 197 JOANNIS
798 172 981 196 CHRYSOST.·
1012 173 1166 196 ARCRIEP.
1195 174 1466 197 CONSTANTINOP.

1038 234 1104 274 ῦπὲρ
1115 234 1213 264 τούτων
1228 235 1324 275 ἀπῄτει
1339 235 1430 271 δίκην;
1456 235 1490 274 ‘Q
1517 237 1578 275 γοῦν
1592 235 1728 276 προφήτης
1752 237 1813 275 Ἀγ-

1037 285 1110 320 γαῖος
1121 281 1225 311 ἅπασαν
1242 284 1277 316 εἰς
1290 285 1367 312 τοῦτο
1379 282 1550 318 κατηνάλωσε
1566 282 1615 318 τὴν
1627 283 1790 323 προφητείαν
1802 307 1810 320 ,

1038 328 1157 366 ἐγκαλῶν
1165 351 1172 364 ,
1193 329 1308 358 ἀπειλῶν
1320 350 1327 363 ,
1354 328 1459 361 εὐθύνας
1474 329 1594 357 ἀπαιτῶν
1606 330 1654 364 τῆς
1666 329 1696 358 οὔ
1709 341 1812 369 προση-

1039 372 1136 409 κούσης
1161 374 1344 414 ἓπιγαμὸρίας.
1360 375 1429 403 Ἀλλ’
1451 375 1479 403 οὖ
1494 373 1528 403 τὰ
1547 373 1665 414 ἡμέτερα
1682 377 1792 404 τοιαῦτα
1804 396 1812 410 ,

1040 418 1109 448 ἀλλὰ
1123 419 1191 458 μετὰ
1202 419 1290 453 ἀδείας
1304 419 1408 455 ἁπάσης
1425 419 1614 449 ἀναπετάσασα
1627 419 1686 454 τοὺς
1698 421 1812 454 κόλπους

1039 466 1056 500 ἡ
1071 465 1222 502 Ἐκκλησία
1233 488 1240 502 ,
1265 466 1358 505 χερσὶν
1369 464 1474 498 ὑπτίαις
1490 465 1595 495 ἅπαντα
1608 465 1642 495 τὰ
1662 467 1711 502 τῆς
1722 468 1812 496 οἰκου-

1037 510 1118 549 μένης
1129 513 1188 540 καθΙ
1215 511 1329 548 ἑκάστην
1345 511 1446 551 ἡμέραν
1463 511 1620 551 ὑποδέχεται
1632 510 1703 547 ἔθνη.
1721 512 1810 542 Τοῦτο

1037 556 1089 596 γὰρ
1102 556 1147 586 καὶ
1161 558 1185 586 οἱ
1208 559 1309 597 πρῶτοι
1332 559 1384 586 τῶν
1412 557 1550 596 δογμάτων
1571 557 1725 588 διδάσκαλοι
1739 557 1812 598 παρὰ

1038 604 1083 632 τοῦ
1097 603 1258 642 Μονογενοῢς
1272 602 1463 639 ἐκελεύσθησαν
1475 626 1482 640 ,
1503 602 1600 639 ταύτην
1620 603 1715 637 εὖθέως
1732 603 1812 634 ἀκού-

1038 659 1130 682 σαντες
1147 649 1195 685 τὴν
1217 649 1304 690 φωνήν
1314 661 1320 667 ·
1340 649 1514 689 Πορευθέντες
1529 649 1712 689 μαθητεύσατε
1724 650 1812 680 πάντα

247 705 305 727 1um
320 692 486 727 vocationem
509 697 627 737 gentium
649 695 829 725 subindicavit
847 694 988 735 propheta,
1005 701 1022 724 B
1039 693 1073 723 τὰ
1086 694 1157 731 ἔθνη.
1174 695 1274 725 Σκόπει
1288 695 1317 725 δέ
1332 708 1376 735 μοι
1389 698 1445 729 πῶς
1455 697 1484 725 οὗ
1497 696 1545 732 τὴν
1559 697 1654 731 κλῆσιν
1665 697 1719 725 τῶν
1732 697 1813 726 ἐθνῶν

247 743 295 774 sed
312 744 392 773 etiam
404 754 497 774 earum
518 749 653 783 promtam
665 749 690 772 et
703 742 818 771 alacrem
839 741 991 780 obsequen-

247 789 323 819 tiam.
334 790 395 819 Non
404 789 475 818 enim
485 788 567 824 dixit,
577 787 765 825 Adducentur‚
775 786 833 823 sed,
845 787 970 816 Venient
981 798 989 814 .-

248 835 277 864 id
291 834 366 874 quod
374 835 445 864 alius
456 834 587 875 propheta
603 833 702 863 clarius
714 831 855 862 ostendens
865 831 989 862 dicebat:

250 882 290 910 E't
301 891 360 910 non
367 882 514 910 docebunt
521 881 723 920 unusquisque
733 881 882 909 concivem
894 889 989 914 suum,

249 933 277 956 et
298 928 497 966 unusquisque
509 925 640 966 fratrem
658 936 743 955 suum
757 926 867 961 dicens,
880 926 991 965 Cogno-

249 983 295 1002 sce
310 973 482 1009 Dominum,
497 973 569 1012 quia
590 981 689 1001 omnes
702 972 796 1001 scient
811 981 857 1001 me
869 981 889 1000 a
899 982 992 1011 parvo

249 1029 341 1058 usque
355 1019 397 1047 ad
409 1027 558 1058 magnum.
576 1016 658 1055 Quod
670 1016 704 1047 ad
721 1016 831 1047 Jndaeos
844 1017 916 1046 enim
930 1027 993 1057 spe-

250 1066 338 1096 ctabat
353 1071 480 1095 creaturae
494 1063 615 1094 ordinem
630 1074 710 1093 suum
723 1064 874 1100 mutabant,
885 1063 994 1093 aderant

250 1113 400 1150 frequentes
419 1110 510 1147 minae,
525 1110 658 1150 supplicia
673 1109 793 1146 assidua,
806 1109 899 1139 crebra
913 1109 994 1139 mira-

250 1157 310 1187 cula
319 1180 327 1195 ,
342 1157 536 1197 prophetarum
550 1156 690 1186 discursus
699 1178 707 1193 ‚
721 1155 881 1196 legislatoris
896 1156 992 1192 timor,

250 1203 477 1233 interminationes
496 1202 647 1239 bellorum,
666 1201 845 1231 barbarorum
862 1202 994 1231 incursio-

1039 739 1146 780 ᾐνίξατο
1161 741 1238 780 μόνον
1253 744 1266 771 ὁ
1279 741 1434 782 προφήτης,
1448 742 1516 772 ἀλλὰ
1529 742 1574 771 καὶ
1595 742 1643 778 τὴν
1657 741 1725 781 μετὰ
1746 753 1812 782 προ-

1040 786 1133 825 θυμίας
1142 787 1228 816 αὖτῶν
1240 788 1370 824 ὖπακοήν.
1391 789 1432 818 Οὔ
1447 783 1503 829 γὰρ’
1519 783 1590 818 εἶπεν
1603 810 1610 824 ,
1634 787 1812 828 ἀχθήσονται,

1041 831 1124 869 ἀλλὰ,
1139 832 1263 867 Ἥξουσιν
1278 845 1284 851 ·
1310 833 1375 873 ὅπερ
1395 834 1481 874 ἕτερος
1495 834 1632 874 προφήτης
1653 833 1814 875 σαφέστερον

1041 876 1232 918 ἐνδεικνύμενος
1253 879 1342 919 ἔλεγε·
1365 880 1418 910 Καὶ
1437 882 1466 909 οὗ
1482 880 1519 919 μὴ
1544 881 1681 915 διδάξωσιν
1704 880 1814 914 ἕκαστος

1041 921 1084 952 τὸν
1097 924 1206 960 πολίτην
1221 926 1300 954 αὐτοῦ
1311 948 1318 961 ,
1334 926 1378 955 καὶ
1403 926 1512 960 ἕκαστος
1533 926 1577 956 τὸν
1592 927 1703 967 ἀδελφὸν
1718 928 1814 961 αὐτοῦ,

1042 968 1138 1009 λέγων,
1151 972 1230 1009 γνῶθι
1243 970 1288 1000 τὸν
1303 971 1399 1011 Κύριον
1410 994 1418 1009 ‚
1441 974 1482 1002 ὅτι
1510 973 1606 1007 πάντες
1627 974 1760 1010 εἷδήσουσί
1780 987 1813 1014 με

1035 1015 1096 1045 ,ἀπὸ
1115 1018 1208 1056 μικροῦ
1229 1016 1277 1050 ἕως
1293 1018 1408 1057 μεγάλου
1423 1020 1519 1048 αὐτῶν.
1542 1019 1607 1049 Ἐπὶ
1634 1019 1682 1059 μὲν
1695 1020 1747 1061 γὰρ
1761 1023 1815 1051 τῶν

1044 1061 1176 1091 Ἰουδαίων
1188 1061 1233 1092 καὶ
1245 1065 1263 1098 ἡ
1277 1063 1361 1097 κτίσις
1381 1066 1391 1079 “
1400 1065 1625 1105 ἀνεστοιχειοῦτο,
1648 1067 1692 1096 καὶ
1706 1067 1814 1098 ἀπειλαὶ

1044 1111 1174 1147 συνεχεῖς,
1186 1108 1231 1138 καὶ
1245 1109 1365 1143 κολάσεις
1381 1110 1522 1147 διηνεκεῖς,
1537 1111 1583 1141 καὶ
1594 1112 1716 1151 θαύματα
1730 1114 1813 1143 ἐπάλ-

1043 1153 1128 1189 ληλα,
1148 1153 1193 1183 καὶ
1205 1157 1347 1195 προφητῶν
1364 1156 1455 1195 δρόμοι
1469 1177 1477 1191 ,
1502 1157 1546 1187 καὶ
1560 1158 1699 1197 νομοθέτου
1715 1159 1793 1199 φόὸος
1804 1181 1813 1196 ,

1043 1198 1089 1228 καὶ
1100 1199 1222 1239 πολίμων
1232 1201 1349 1238 ἀπειλαὶ,
1365 1202 1410 1231 καὶ
1418 1203 1558 1243 βαρὸοίρων
1569 1204 1667 1244 ἔφοδοι,
1683 1205 1727 1234 καὶ
1739 1205 1815 1245 ὀργαὶ

250 1260 308 1285 nes,
318 1260 333 1279 a
347 1250 405 1279 Deo
418 1248 545 1278 immissae
556 1247 694 1285 vindictae,
707 1247 892 1288 castigationes
902 1258 936 1277 ex
946 1258 995 1277 (κε’
1010 1254 1029 1278 c
1045 1245 1180 1283 θεήλατοι,
1203 1246 1249 1276 καὶ
1261 1249 1382 1281 κολάσεις
1391 1250 1421 1278 ἐκ
1431 1251 1484 1278 τῶν
1501 1251 1616 1290 οὐρανῶν
1630 1252 1813 1290 πεμπόμεναι·

252 1296 285 1325 lis
297 1297 408 1326 invectae
420 1294 632 1333 :manebantque
653 1294 695 1323 illi
708 1293 779 1323 dura
797 1294 901 1324 cervice
912 1300 939 1323 et
951 1294 994 1324 in—

252 1342 415 1379 circumcisi,
427 1348 457 1371 ut
469 1341 506 1371 ait
518 1341 681 1380 Stephanus,
693 1340 836 1380 praefracti,
848 1347 874 1370 et
884 1340 997 1370 difficile

252 1387 374 1418 cedentes
380 1399 389 1426 ;
411 1387 446 1417 ad
468 1386 588 1427 gentium
609 1397 676 1416 vero
697 1386 888 1424 [vocationem
900 1388 913 1425 ]
935 1387 998 1417 satis

251 1435 303 1464 suit
317 1435 428 1465 unicum
440 1441 573 1473 tenueque
584 1433 699 1463 verbum
712 1433 862 1471 audivisse,
870 1440 896 1463 et
907 1444 998 1464 omnes

252 1481 389 1511 confestim
412 1486 594 1510 accurrerunt.
610 1478 692 1516 Quod
712 1479 886 1509 subindicans
908 1479 999 1509 David

252 1526 360 1557 dicebat
373 1538 379 1555 ε
389 1526 533 1565 Populus,
545 1535 633 1566 quem
654 1535 714 1554 non
734 1528 868 1565 cognovi,
881 1528 1000 1556 servivit

254 1573 325 1601 mihi
326 1586 338 1608 ,·
348 1579 373 1602 et
383 1571 495 1601 modum
503 1570 660 1601 obedientiae
668 1570 806 1601 admirans
816 1571 977 1612 subjiciebat
987 1583 995 1600 t

254 1622 291 1648 In
306 1619 410 1648 auditu
425 1619 505 1647 auris
519 1618 647 1647 obedivit
657 1618 738 1646 mihi.
750 1618 808 1647 Hoc
821 1618 911 1658 ipsum
920 1625 946 1647 et
953 1619 1000 1649 Ja-

253 1666 303 1695 cob
315 1664 482 1705 aenigmatico
491 1674 565 1693 more
576 1663 715 1694 declarans
724 1664 812 1694 aiebat
821 1677 827 1693 z
840 1666 951 1704 ligans
960 1666 1002 1694 ad

255 1714 377 1741 vineam
388 1711 504 1751 pullum
523 1721 617 1745 suum,
628 1716 656 1739 el
669 1711 711 1740 ad
723 1711 872 1741 surculum
884 1712 1000 1750 pullum

1045 1293 1089 1323 καὶ
1106 1293 1195 1333 ἔμενον
1216 1296 1447 1336 σκληροτράχηλοι
1461 1298 1506 1326 καὶ
1528 1298 1705 1338 ἀπερίτμητοι
1725 1300 1813 1336 ὄντες,

1046 1339 1132 1374 καθὼς
1143 1341 1158 1369 ὁ
1169 1340 1303 1381 Στέφανος
1315 1341 1414 1382 ἔλεγεν,
1426 1345 1526 1377 ἀτενεῖς
1539 1343 1584 1373 καὶ
1599 1343 1755 1375 δυσίνδοτοι·
1769 1346 1814 1375 ἐπὶ

1047 1385 1075 1415 δὲ
1086 1388 1139 1416 π’ὖν
1152 1387 1231 1417 ἐθνῶν
1244 1387 1340 1428 ἤρκεσε
1353 1390 1425 1428 ῥῆμα
1439 1390 1514 1429 ψιλὸν
1526 1390 1571 1420 καὶ
1586 1391 1652 1427 ἀκοὴ
1668 1391 1734 1430 μόνη
1747 1415 1755 1428 ,
1770 1393 1815 1422 καὶ

1046 1431 1141 1466 πάντες
1158 1432 1252 1467 εὐθέως
1264 1434 1456 1474 προσέδραμον.
1480 1435 1568 1476 ‘'On-ep
1588 1432 1633 1466 οῧν
1647 1437 1692 1467 καὶ
1703 1440 1717 1467 δ
1731 1439 1815 1469 Δαυὶδ

1048 1478 1223 1518 αἰνιττόμενος
1235 1479 1309 1519 ἔλεγε
1318 1492 1325 1499 ·
1345 1481 1416 1514 Ααὸς
1426 1501 1434 1516 ,
1456 1481 1485 1511 ὃν
1503 1483 1551 1511 οὔκ
1566 1482 1645 1522 ἔγνων
1657 1505 1664 1519 ,
1679 1484 1817 1515 ἐδούλευσέ

1048 1534 1106 1562 μοι·
1130 1524 1174 1554 καὶ
1193 1524 1237 1555 τὸν
1257 1525 1354 1566 τρόπον
1374 1529 1422 1562 τῆς
1435 1528 1553 1563 ὑπακοῆς
1566 1529 1706 1568 θαυμάζων
1718 1542 1817 1571 προσε-

1048 1569 1129 1599 τίθει·
1141 1571 1188 1604 Εἰς
1210 1571 1291 1608 ἀκοὴν
1312 1572 1391 1601 ὠτίου
1405 1573 1538 1609 ἐπήκουσέ
1561 1585 1620 1612 μου.
1648 1577 1735 1606 Τοῦτο
1754 1577 1818 1607 αὐτὸ

1049 1615 1094 1645 καὶ
1114 1617 1129 1645 ὁ
1151 1616 1250 1647 ’Ῐαιιὼό
1270 1619 1539 1660 αἷνιγματωδέστερον
1566 1621 1699 1662 ἐμφαίνων
1723 1622 1797 1663 ἔλεγε
1809 1636 1816 1642 ·
1840 1620 1842 1622 ’

1050 1661 1191 1702 Δεσμεύων
1208 1663 1273 1704 πρὸς
1293 1664 1411 1704 ἄμπελον
1426 1666 1470 1695 τὸν
1492 1667 1582 1696 πῶλον
1594 1669 1689 1703 αὐτοῦ,
1714 1670 1759 1699 καὶ
1783 1673 1817 1710 τῇ

1050 1707 1118 1738 ἕλικι
1126 1708 1170 1739 τὸν
1183 1711 1271 1739 πῶλον
1278 1712 1325 1746 τῆς
1338 1711 1397 1740 ὄνου
1407 1712 1495 1741 αὐτοῦ.
1511 1713 1607 1742 Καίτοι
1622 1714 1661 1748 τίς
1671 1710 1737 1745 εἶδεν
1749 1715 1819 1746 ἕλικι

254 1764 346 1791 asinoe
364 1772 436 1791 suoe.
453 1762 488 1790 At
504 1761 565 1800 quis
578 1760 649 1791 vidit
670 1760 780 1802 pullum
793 1761 873 1790 asinae
891 1761 1000 1791 surculo
1016 1761 1036 1785 D
1050 1755 1138 1784 πῶλῦν
1153 1755 1326 1795 &My-evm
1337 1779 1345 1793 ‚
1367 1757 1413 1787 καὶ
1425 1761 1584 1798 παρεστῶτα
1597 1758 1728 1802 Ι’ἀμπέλῳ
1739 1785 1747 1799 ,
1773 1763 1818 1792 καὶ

254 1811 394 1851 alligatum
410 1817 435 1840 et
448 1810 532 1840 vineae
545 1810 703 1847 adstantem,
713 1817 739 1840 et
750 1811 868 1841 fructum
877 1821 930 1841 non
940 1823 1001 1852 pes-

254 1862 443 1891 sumdantem?
459 1862 490 1892 In
503 1861 594 1891 brutis
606 1861 718 1900 quidem
733 1861 854 1899 minime,
870 1862 897 1891 in
912 1862 1001 1893 homi-

253 1912 335 1942 nibus
354 1919 444 1941 autem
467 1911 496 1941 id
508 1922 570 1941 vere
594 1918 621 1940 et
643 1911 732 1951 reipsa
755 1911 896 1952 contingit.
909 1912 1000 1943 Judaei

254 1972 369 2001 namque
387 1961 536 1991 innumeris
548 1960 669 2000 colligati
682 1961 810 1998 vinculis,
821 1963 919 2002 jugum
933 1973 997 1992 con-

256 2013 408 2052 fregerunt,
432 2011 574 2041 vinculum
600 2011 777 2051 disruperunt
786 2035 794 2049 ,
815 2019 845 2042 ut
871 2013 908 2042 ait
931 2024 998 2054 pro—

255 2064 352 2104 pheta;
368 2070 457 2103 gentes
471 2069 560 2092 autem
571 2062 647 2091 nulla
663 2062 748 2092 simili
763 2063 894 2103 colligata:
908 2075 1000 2094 ncces-

255 2114 342 2152 sitate,
360 2120 466 2154 promte
487 2112 656 2149 obedierunt,
675 2113 752 2152 quasi
774 2114 868 2154 pullus
891 2116 1000 2145 surculo

256 2165 397 2205 alligatus,
411 2170 437 2194 et
453 2175 487 2193 ex
499 2164 641 2204 praeceptis
657 2164 726 2194 nihil
738 2165 996 2205 pessumdederunt,

256 2216 303 2246 sed
316 2216 477 2245 adstiterunt
487 2215 600 2244 multam
613 2215 770 2245 exhibentes
783 2216 996 2256 obsequentiam.

291 2326 302 2338 ¹
319 2318 507 2352 Ᾰνιστοιχειοῦτο,
522 2315 630 2343 obscura
642 2316 712 2342 vocis
730 2317 888 2351 significatio.
902 2319 1015 2345 Tilman-

258 2367 305 2384 nus
315 2358 392 2383 vertit
403 2366 409 2381 z
422 2362 536 2381 creatura
553 2358 630 2380 enam
643 2357 698 2385 ipsa
716 2357 742 2380 in
754 2358 879 2390 primaria
893 2358 1016 2384 elemenm

257 2398 364 2422 resoluta
373 2401 417 2421 est.
430 2396 480 2421 Hic
492 2400 576 2420 autem
586 2403 669 2420 sermo
680 2401 717 2420 est
728 2394 761 2420 de
772 2397 856 2429 signis,
869 2397 1015 2431 castigatio-

255 2437 337 2468 nibus,
355 2435 458 2469 aliisque
469 2434 503 2460 ad
520 2434 622 2460 Judaeos
638 2436 844 2467 praevaricatores
862 2438 1014 2469 perterrefa-

255 2475 358 2501 ciendos
370 2475 501 2506 immissis3
516 2479 553 2505 ut,
565 2473 673 2506 exempli
686 2483 770 2506 causa,
783 2483 841 2499 cum
858 2482 931 2501 terrm
943 2476 1013 2502 hiatu

254 2517 319 2540 Core
330 2520 355 2540 et
371 2514 469 2540 asseclae
485 2512 598 2546 absorpti
618 2519 685 2543 sunt,
703 2513 795 2546 aliique
814 2515 869 2547 igne
884 2515 1011 2549 absumss,

255 2564 313 2581 cum
325 2561 451 2588 serpentes
464 2553 575 2584 immissi,
589 2561 646 2578 cum
656 2552 771 2578 Samuele
783 2555 950 2580 concionante
964 2565 1009 2582 vo-

1051 1800 1089 1840 μὴ
1107 1801 1294 1841 λυμαινόμενον
1321 1802 1366 1832 τὸν
1390 1804 1506 1843 καρπόν;
1530 1805 1594 1835 Ἐπὶ
1617 1806 1664 1845 μὲν
1687 1807 1738 1848 γὰρ
1765 1811 1818 1838 τῶν

1050 1846 1152 1886 ἀλόγων
1166 1848 1263 1884 οὖδεὶς,
1285 1848 1330 1878 ἐπὶ
1343 1848 1371 1878 δὲ
1391 1852 1444 1879 τῶν
1469 1852 1612 1891 ἀνθρώπων
1635 1854 1703 1892 μετὰ
1717 1855 1818 1891 πολλῆς

1048 1895 1126 1922 τοῦτο
1138 1893 1226 1933 γέγονε
1238 1895 1286 1929 τ’ἥς
1300 1894 1443 1934 ἄκριὸείας.
1460 1898 1495 1926 Οἱ
1511 1898 1557 1936 μὲν
1572 1898 1623 1938 γὰρ
1638 1900 1761 1929 Ἰουδαῖοι
1770 1913 1817 1939 μυ·

1049 1937 1113 1977 ρίοις
1131 1939 1244 1973 δεθέντες
1257 1940 1375 1979 δεσμοῖς,
1388 1941 1543 1983 συνέτριψαν
1555 1943 1598 1973 τὸν
1613 1945 1687 1984 ζυγὸν
1695 1968 1704 1982 ,
1716 1946 1820 1987 διέῤῥη-

1050 1985 1095 2020 ξαν
1106 1985 1150 2015 τὸν
1164 1986 1257 2025 δεσμὸν
1268 2010 1277 2023 ,
1298 1986 1383 2020 καθὼς
1397 1989 1411 2016 ὁ
1423 1989 1561 2029 προφήτης
1575 1990 1640 2030 φησί
1650 2003 1656 2009 ·
1671 1991 1705 2020 τὰ
1719 1991 1747 2021 δὲ
1759 1992 1820 2028 ἔθνη

1050 2032 1176 2072 ιὀὐδεμιᾷ
1189 2032 1295 2073 τοιαύτῃ
1308 2033 1415 2063 δεθέντα
1429 2035 1529 2075 ἀνάγκῃ
1543 2058 1551 2071 ,
1573 2037 1685 2076 ἑτοίμως
1698 2038 1819 2074 brt-Anou-

1052 2089 1109 2116 σαν,
1123 2080 1158 2113 ὣς
1171 2079 1203 2109 ἂν
1215 2079 1284 2111 ἕλικι
1297 2080 1385 2113 πῶλος
1399 2081 1588 2120 δεσμούμενος,
1606 2083 1652 2113 καὶ
1666 2084 1740 2114 οὐδὲν
1758 2086 1820 2114 ἐλυ-

1053 2126 1167 2168 μήναντο
1193 2128 1245 2155 τῶν
1269 2125 1456 2165 ἐπιταγμάτων
1473 2151 1482 2163 ,
1505 2128 1573 2158 ἀλλὰ
1597 2130 1820 2169 παρειστήκεισαν

1051 2172 1150 2208 πολλὴν
1164 2171 1351 2211 ἐνδεικνύμενοι
1370 2171 1419 2208 τὴν
1431 2174 1559 2210 ὑπακοήν.
1580 2175 1634 2204 Καὶ
1647 2176 1820 2215 πορεύσονται

1050 2218 1109 2248 λαοὶ
1123 2218 1231 2254 πολλοὶ,
1245 2218 1290 2248 καὶ
1304 2219 1408 2258 ἐροῦσι·
1423 2219 1511 2257 δεῦτε,
1526 2220 1571 2250 καὶ
1587 2221 1727 2260 ἀναδῶμεν
1740 2224 1777 2256 εἷς
1790 2222 1820 2252 τὸ

1044 2330 1106 2355 sees
1118 2321 1243 2355 ct'pluviae
1254 2321 1320 2346 datae
1331 2327 1400 2352 suut,
1419 2331 1474 2355 quae
1494 2323 1615 2356 populum
1633 2331 1817 2353 exterruerunt.

1065 2361 1122 2386 Uno
1133 2361 1211 2386 verbo
1219 2369 1277 2385 cum
1287 2366 1382 2386 naturae
1394 2361 1517 2387 elementa
1527 2364 1642 2389 ordinem
1655 2374 1727 2391 suum
1737 2371 1820 2390 muta-

1065 2399 1128 2425 bant
1140 2410 1145 2424 :
1159 2406 1185 2425 et
1202 2399 1251 2426 hoc
1266 2399 1343 2426 modo
1360 2408 1449 2426 vocem
1471 2407 1645 2437 ἀνεποιχιιοῦτο
1662 2403 1818 2430 reddendam

1065 2448 1117 2464 esse
1134 2441 1215 2465 visum
1224 2439 1297 2465 nobis
1306 2445 1353 2464 cst.

1097 2480 1110 2498 b
1128 2479 1189 2512 ch.
1203 2485 1228 2503 et
1240 2477 1317 2505 Savil.
1330 2488 1468 2514 παρεστῶτα
1480 2485 1593 2514 ἄμπελον,
1604 2483 1678 2508 male.

1094 2525 1104 2537 Β
1122 2518 1182 2551 Reg.
1192 2524 1217 2543 et
1224 2517 1301 2545 Savil.
1312 2521 1415 2552 οὐδεμιᾶς
1420 2522 1525 2550 τοιαύτης
1532 2522 1623 2548 δεθέντα
1631 2527 1735 2556 ἀνάγκης,
1743 2523 1816 2550 male.

1061 2563 1088 2582 ut
1099 2558 1150 2590 ipsc
1159 2557 1265 2583 Savilius
1277 2558 1417 2590 suspicatus
1430 2564 1476 2584 est.
