1890 2826
86 668 169 688 llainly.
186 666 221 698 'l'-

80 1496 132 1516 Act.
150 1496 183 1518 16.
196 1503 218 1525 9.

81 1920 165 1940 Mami.
182 1928 189 1942 1
196 1927 217 1949 7.

231 177 301 222 430

231 250 388 279 Abimelech
399 272 408 285 ,
423 251 469 289 qui
490 251 634 281 interfectis
646 253 813 293 septuaginta
834 252 971 288 fratribus,

232 303 345 335 totoque
359 297 462 337 populo
476 307 524 337 per
537 298 588 328 hoc
600 298 780 328 fratricidium
793 298 821 328 in
834 309 911 328 suam
924 309 977 339 po-

233 350 351 373 testatem
364 345 485 382 rcdaeto‚
496 345 639 385 oppidum,
652 344 768 374 admotis
779 345 874 385 copiis.
887 355 975 385 oppu-

232 399 313 428 gnare
323 393 405 432 coepit
420 404 427 420 ε
444 399 471 422 et
485 389 611 422 omnibus
623 390 658 420 ad
671 390 738 420 belli
751 390 846 421 faciem
858 390 979 421 attonitis

232 442 258 464 ct
268 438 435 477 stupefactis,
448 439 522 467 Deus
533 437 632 467 iterum
641 437 765 468 mulieris
774 447 886 467 manum
898 437 976 466 robo-

233 483 319 520 ravit,
334 494 445 523 eamque
457 494 473 513 e
486 484 621 513 moenibus
643 483 761 524 conspici
780 484 884 514 curavit
895 507 903 522 ‚
918 496 978 524 quac

234 530 280 559 ubi
306 530 423 559 frustum
448 529 483 559 de
509 529 600 570 lapide
624 529 720 560 molari
749 530 921 570 arripuisset,
950 532 976 559 in

233 584 312 616 eaput
338 577 445 617 tyranni
467 577 597 618 projecit,
611 583 744 617 caputque
767 576 903 606 contrivit.
923 577 977 607 Sed

232 623 344 653 observa
370 623 503 663 ingentem
526 623 637 663 superbi
650 623 726 652 illius
747 622 892 662 nequitiam
914 633 976 652 cum

232 669 291 709 ipso
301 670 528 700 commorientcm.
541 669 615 700 Dicit
624 669 734 700 satelliti
744 670 851 707 astanti,
863 671 977 711 Stringe

232 717 364 755 gladium
389 723 481 754 tuum,
496 723 525 746 et
538 727 585 746 me
593 722 721 756 percute,
734 726 771 744 ne
782 717 892 752 dicant,
906 718 976 746 Mu-

234 763 289 791 lier
300 765 393 802 ipsum
406 764 525 793 occidit.
539 764 645 803 Corpus
658 762 833 800 moriebatur,
849 763 975 802 superbia

228 810 357 839 manebat
369 821 376 838 ε
389 810 473 840 vitam
485 810 532 839 ille
542 809 653 849 quidem
663 820 725 839 cum
738 816 822 838 morte
832 816 977 839 commuta-

234 855 289 889 bat,
305 865 378 885 van-:e
399 856 491 896 gloriae
515 856 636 886 studium
655 866 708 885 non
732 856 925 885 commutabat.
940 857 976 886 Et

233 900 344 939 quidem
364 902 414 932 hac
436 909 511 932 aetate
533 913 585 932 non
609 902 683 932 deest
705 903 762 930 Deo
783 901 888 930 Debora
899 924 907 938 ‚
922 912 975 932 non

233 948 306 977 deest
320 950 377 978 Deo
391 949 460 979 Jaell.
472 949 608 979 Habemus
619 956 644 978 et
655 959 704 978 nos
714 955 832 977 sanctam
842 948 977 988 virginem

233 1006 263 1024 ac
275 996 325 1025 Dei
338 997 494 1035 genitricem
505 996 632 1032 Mariam,
644 1006 704 1034 quae
715 1005 764 1035 pro
778 994 855 1024 nobis
866 994 977 1025 interce·

234 1043 282 1071 dit.
308 1043 336 1071 Si
361 1043 433 1071 enim
459 1042 562 1081 quaevis
574 1053 588 1071 e
602 1042 687 1081 vulgo
713 1041 812 1070 mulier
835 1041 976 1071 victoriam

233 1090 360 1123 obtinuit,
376 1096 476 1128 quanto
491 1089 575 1128 magis
588 1088 691 1118 Christi
705 1095 790 1117 mater
803 1088 891 1117 hostes
904 1088 975 1117 veri-

225 1135 292 1164 tatis
304 1135 467 1165 confundit?
482 1135 571 1165 Hostis
585 1135 632 1164 iile
643 1134 716 1164 omni
729 1144 868 1163 armorum
881 1144 977 1173 genere

227 1181 389 1217 instructus,
403 1182 508 1221 putavit
522 1181 663 1211 mulierem
677 1191 734 1210 esse
747 1180 803 1210 risu
815 1180 938 1220 dignam,
951 1187 977 1210 ct

229 1227 334 1255 invonit
355 1227 452 1256 ducem
474 1234 629 1256 certantem.
644 1228 705 1257 Non
728 1226 833 1266 putavit
850 1237 879 1255 se
892 1236 976 1266 prope

224 1273 386 1312 *sepulcrum
400 1284 467 1310 csse,
482 1280 508 1302 et
522 1273 661 1302 inventum
677 1279 718 1302 est
741 1273 782 1301 illi
796 1272 952 1312 sepulcrum
966 1285 971 1301 :

231 1326 364 1348 mortuam
378 1319 454 1348 illam
473 1319 654 1356 existimabat,
664 1325 693 1348 et
704 1318 738 1347 ab
752 1319 810 1358 ipsa
824 1318 975 1347 interfectus

230 1372 281 1394 est.
297 1365 433 1395 Habemus
446 1365 583 1395 dominam
598 1372 716 1395 nostram
728 1371 846 1394 sanctam
859 1364 973 1394 Mariam

704 189 836 212 INCERTI
863 189 1001 212 ttoMtLtA
1028 191 1071 213 DE
1094 192 1338 217 LEGISLATORE.

1033 252 1085 282 ἀπὸ
1105 255 1152 289 τῆς
1173 254 1297 291 τοιαύτης
1317 256 1517 296 ἀδελφοκτονίας
1527 278 1536 293 ,
1558 257 1646 287 πάντα
1667 258 1711 287 τὸν
1739 258 1803 288 λαὸν

1032 297 1100 337 ἔχων
1111 300 1272 339 ὑποχείριον,
1285 301 1464 331 συνεπάλαισὲ
1476 314 1528 332 τινι
1536 302 1613 332 πόλει
1623 306 1802 344 τειχομαχῶν,

1032 344 1077 373 καὶ
1090 344 1196 374 πάντων
1210 347 1397 386 ναρκησάντων
1410 348 1476 388 πρὸς
1484 347 1534 384 τὴν
1547 348 1608 378 θέαν
1618 352 1664 378 τοῦ
1676 349 1803 388 πολέμου,

1034 390 1114 419 πάλιν
1129 392 1143 419 ὁ
1157 391 1225 425 Θεὸς
1244 392 1366 431 γυναικὸς
1385 397 1463 433 χεῖρα
1483 393 1632 434 νευρώσας,
1653 400 1724 425 ποιεῖ
1745 407 1804 425 τινα

1033 441 1145 475 γυναῖκα
1158 441 1271 478 φανῆναι
1285 440 1316 468 ἐκ
1330 441 1376 468 τοῦ
1395 439 1514 480 τείχους,
1527 440 1586 476 ἥτις
1597 441 1706 481 κλάσμα
1719 442 1804 481 μύλου

1033 484 1166 521 λαὸοῦσα,
1187 486 1313 526 ἔπέρῥιψε
1338 488 1372 526 τῆ·
1398 488 1501 528 κεφαλῇ
1522 490 1568 517 τοῦ
1589 489 1733 528 τυράννου,
1759 490 1804 519 καὶ

1032 530 1184 571 συνέτριψεν
1197 532 1276 561 αὖτοῦ
1287 532 1440 572 τὸκρανίον.
1453 533 1507 563 Καὶ
1516 533 1564 573 ὅρα
1577 536 1623 563 τοῦ
1635 534 1804 574 ὑπερηφάνω

1031 575 1079 611 τὴν
1089 576 1203 616 ἄμετρον
1217 577 1312 607 κακίαν
1326 581 1566 608 συναποθανοῢσαν.
1579 579 1660 619 Λέγει
1669 582 1708 619 τῷ
1723 591 1806 620 παρε-

1031 624 1113 652 στῶτι
1135 624 1270 664 δορυφόρῳ
1280 637 1286 642 ·
1309 624 1418 655 Σπάσαι
1440 625 1490 661 τὴν
1512 626 1649 666 μάχαιράν
1672 637 1734 662 σου,
1758 627 1804 656 καὶ

1029 668 1128 704 πλῆξόν
1142 682 1189 708 με,
1201 669 1244 699 ἵνα
1257 670 1293 709 μὴ
1306 670 1400 700 εἴπωσι
1409 693 1417 707 ,
1430 667 1496 709 γυνὴ
1507 671 1585 701 αὐτὸν
1600 671 1749 701 ἀπέκτεινε.
1764 671 1805 700 Τὸ

1029 716 1108 753 σῶμα
1122 716 1202 745 αὐτοῦ
1226 716 1397 753 ἀπέθνησκε,
1418 716 1463 745 καὶ
1474 719 1491 752 ἡ
1507 713 1672 757 ὑπερηφανία
1696 717 1785 756 ἔμενεν
1797 732 1804 738 ·

1029 761 1167 791 ἀπετίθετο
1188 762 1237 798 τὴν
1254 763 1334 799 ζωὴν,
1349 762 1394 792 καὶ
1408 764 1457 792 οὐκ
1471 763 1610 794 ἀπετίθετο
1633 763 1682 799 τὴν
1695 764 1803 793 κενοδο-

1030 806 1094 840 ξίαν.
1109 807 1160 836 Καὶ
1179 811 1224 837 νῦν
1244 811 1272 838 οὐ
1291 809 1378 838 λείπει
1391 810 1430 849 τῷ
1443 810 1507 849 Θεῷ
1522 808 1651 849 Δεὸὠρα,
1673 810 1702 838 οὗ
1716 808 1803 839 λείπει

1029 855 1068 893 τῷ
1080 855 1143 893 Θεῷ
1157 854 1241 890 Ἰαήλ.
1252 854 1370 895 Ἔχομεν
1382 855 1427 884 καὶ
1435 857 1513 894 ἡμεῖς
1522 854 1570 890 τὴν
1581 854 1659 894 ἁγίαν
1671 855 1802 895 παρθένον

1029 899 1074 928 καὶ
1088 900 1206 930 θεοτόκον
1220 901 1327 941 Μαρίαν
1345 901 1542 941 πρεσὸεύουσαν
1556 899 1644 941 Ι’ὑπὲρ
1664 903 1752 941 ἡμῶν.
1768 903 1804 932 Et

1029 945 1080 985 γὰρ
1092 948 1108 982 ἡ
1123 949 1241 986 τυχοῦσα
1262 947 1327 986 γυνὴ
1350 947 1456 983 ἐνίκησε
1466 971 1474 985 ,
1497 948 1573 988 πόσῳ
1598 949 1699 987 μᾶλλον
1717 950 1734 984 ἠ
1756 951 1802 977 τοῦ

1030 991 1146 1031 Χριστοῦ
1162 993 1250 1033 μήτηρ
1264 993 1436 1033 καταισχύνει
1458 993 1517 1027 τοὺς
1539 994 1647 1034 ἐχθροὺς
1668 996 1716 1030 τῆς
1739 995 1804 1031 ἀλη-

995 1042 1014 1065 E
1030 1037 1115 1073 θείας;
1138 1038 1293 1068 Πανοπλίαν
1307 1039 1478 1076 εένδυόμενος
1490 1042 1504 1069 ὁ
1518 1039 1610 1080 ἐχθρὸς
1626 1040 1732 1079 ἐνόμισε
1755 1053 1803 1080 γυ-

1029 1087 1106 1112 ναῖκα
1121 1079 1188 1112 εἶναι
1200 1084 1408 1124 χλευαζομένην,
1425 1085 1470 1115 καὶ
1489 1082 1547 1125 εὗρε
1566 1086 1714 1126 στρατηγὸν
1729 1088 1802 1126 ἀγω-

1029 1129 1170 1168 νιζόμενον.
1182 1132 1241 1160 Οὐκ
1249 1131 1354 1170 ἐνόμισε
1363 1131 1484 1171 μνήματι
1494 1131 1624 1162 ἅπτεσθαι
1631 1153 1640 1168 ,
1653 1133 1698 1162 καὶ
1708 1133 1801 1173 εὑρέθη

1029 1177 1101 1216 αὐτῷ
1115 1177 1211 1216 τάφος·
1229 1177 1324 1216 νεκρὰν
1339 1178 1444 1217 ἐνόμισε
1453 1201 1462 1214 ,
1484 1178 1529 1208 καὶ
1548 1178 1679 1218 ἐνεκρώθη
1693 1180 1738 1208 ὑπ’
1751 1181 1801 1209 αὖ-

1029 1225 1085 1258 τῆς.
1097 1222 1216 1262 Ἔχομεν
1230 1223 1278 1259 τὴν
1291 1223 1430 1253 δέσποιναν
1444 1226 1522 1263 ἡμῶν
1534 1223 1582 1260 τὴν
1598 1224 1675 1263 ἁγίαν
1694 1224 1801 1265 Μαρίαν

1028 1268 1076 1304 τὴν
1087 1269 1223 1298 Οεοτόκον-
1246 1269 1315 1299 ἀλλὰ
1334 1270 1412 1310 χρεία
1425 1270 1470 1299 καὶ
1489 1269 1654 1300 ἀποστόλων.
1674 1270 1801 1310 Εἶπωμεν

1026 1314 1128 1355 -Παύλῳ
1137 1337 1144 1350 ,
1159 1315 1245 1349 καθὼς
1259 1311 1332 1344 εἷπον
1343 1318 1366 1345 οἱ
1380 1315 1440 1345 τότε
1450 1328 1457 1335 ·
1471 1316 1573 1350 Διαὸὰς
1581 1318 1620 1350 εἷς
1634 1316 1801 1347 Μακεδονίαν

1024 1360 1159 1398 ,βοήθησον
1173 1363 1248 1399 ἡμῖν.
1269 1361 1389 1401 Ἔχομεν
1406 1361 1581 1398 ἀποστόλους,
1601 1362 1642 1401 μὴ
1660 1363 1800 1403 ναρκήσω-

231 1411 375 1451 Deiparam
388 1424 394 1440 :
408 1412 455 1441 sed
474 1418 500 1441 et
512 1412 695 1451 apostolorum
706 1411 831 1452 precibus
842 1421 910 1451 opus
921 1418 971 1440 est.
984 1419 1021 1438 11¹6
1029 1418 1087 1445 μεν-
1103 1406 1221 1447 Ἔχομεν
1236 1408 1285 1443 τὴν
1298 1407 1437 1437 δέσποιναν
1451 1411 1528 1446 ἡμῶν
1543 1408 1591 1444 τὴν
1607 1409 1737 1446 θεοτόκον,
1750 1409 1799 1446 τὴν

224 1457 359 1487 >Dicamus
382 1466 407 1487 et
429 1469 477 1488 nos
498 1458 595 1494 Paulo,
611 1457 838 1497 quemadmodum
852 1464 878 1486 et
891 1457 974 1497 prisci
993 1447 1011 1468 A

226 1504 272 1533 ⁴'illi
289 1517 295 1534 =
314 1505 387 1534 Cum
399 1507 430 1534 in
443 1506 651 1534 hlaeedoniam
662 1506 877 1544 pertransieris,
892 1506 974 1534 nobis

231 1552 385 1581 auxiliare.
404 1552 539 1582 Habemus
566 1552 714 1591 apostolos,
728 1561 761 1580 ne
779 1558 971 1591 torpescamus.

231 1599 384 1632 Habemus,
401 1599 528 1637 inquam,
550 1598 688 1627 dominam
713 1604 831 1627 nostram
856 1604 973 1627 sanctam

231 1645 383 1685 Deiparam‚
399 1652 425 1674 ct
438 1655 542 1685 sempe-1·
554 1644 688 1687 virginem
701 1644 829 1681 Mariam,
841 1654 875 1673 ne
886 1645 971 1684 pigri-

230 1698 326 1720 temur.
345 1692 482 1721 Habemus
503 1691 616 1721 chorum
640 1697 806 1731 martyrum,
822 1701 856 1720 ne
869 1691 974 1720 desides

229 1737 323 1767 siuius.
338 1739 431 1777 Neque
444 1748 509 1768 vero
522 1745 625 1767 tantum
641 1748 792 1778 precemur,
810 1737 868 1775 sed,
883 1740 906 1768 si
930 1738 973 1768 vi-

229 1784 308 1814 detur
318 1808 324 1819 ‚
340 1785 419 1814 etiam
431 1786 594 1825 jejunemus.
611 1785 701 1814 Satius
714 1791 753 1813 est
764 1786 888 1824 jejunare
900 1785 972 1826 jeju—

227 1831 305 1860 nium
331 1831 471 1869 desiderii,
499 1842 578 1870 quam
604 1830 705 1860 samis:
727 1831 826 1868 satius,
839 1831 971 1871 jejunium

228 1876 389 1914 dilectionis,
402 1888 483 1915 quam
497 1877 668 1906 necessitatis.
684 1878 812 1907 servator
823 1877 857 1907 de
869 1877 971 1907 daemo-

229 1923 311 1952 nibus
321 1924 357 1952 ait
373 1936 379 1951 ε
399 1925 498 1953 Genus
519 1924 574 1952 hoc
593 1934 652 1952 non
666 1925 782 1962 ejicitur
793 1926 849 1953 nisi
860 1926 892 1953 in
907 1935 972 1954 ora-

231 1970 309 1998 tione
328 1976 356 1998 et
374 1971 498 2008 jejunio.
518 1969 612 1998 Oratio
634 1976 660 1998 et
680 1969 813 2009 jejunium
838 1969 972 2001 daemones

230 2015 356 2054 profligat
371 2028 377 2043 :
392 2022 417 2044 et
426 2015 554 2044 barbaros
564 2025 616 2044 non
630 2015 805 2055 profligabit?
819 2016 901 2053 Quod
911 2024 971 2047 ante

229 2061 288 2091 dixi
316 2072 409 2090 rursus
434 2061 495 2091 dico
513 2074 519 2090 ι
536 2072 660 2100 rogemus
684 2069 801 2091 sanctam
824 2063 969 2101 gloriosam

229 2108 363 2148 virginem
389 2114 416 2137 et
438 2109 583 2148 Deiparam
607 2109 721 2137 Mariam
741 2120 747 2136 :
765 2119 889 2147 rogemus
912 2120 971 2139 san-

229 2161 285 2183 ctos
307 2160 334 2183 et
355 2154 498 2194 praeelaros
524 2154 658 2194 apostolos
683 2167 690 2182 :
717 2165 840 2194 rogemus
866 2163 971 2186 sanctos

229 2208 368 2242 martyres.
388 2202 416 2232 Si
444 2202 506 2241 quis
527 2201 682 2231 necessitate
706 2202 825 2240 quadam
847 2202 969 2241 adactus,

229 2248 318 2277 subito
350 2248 385 2277 ad
413 2248 530 2287 aliquem
561 2248 737 2287 potentiorem
767 2248 919 2288 confugiat,
946 2251 970 2280 is

228 2304 279 2323 uon
306 2295 420 2324 libenter
443 2294 533 2335 ipsum
557 2294 667 2333 excipit.
684 2295 751 2323 Ante
775 2294 967 2333 necessitatem,

227 2342 329 2380 inquit,
342 2342 476 2372 nesciebas
498 2342 566 2371 mihi
583 2341 711 2370 honorem
730 2347 756 2370 et
777 2341 882 2370 cultum
897 2353 967 2381 prae-

226 2394 305 2425 stare,
320 2388 367 2418 sed
387 2388 541 2418 necessitate
563 2387 717 2427 compulsus
742 2387 772 2416 id
790 2388 858 2427 agis.
882 2389 967 2419 Extra

226 2436 406 2465 necessitatem
419 2435 506 2464 honor
521 2434 568 2464 ille
581 2441 720 2474 suspectus
734 2444 786 2463 non
799 2441 848 2463 est.
863 2435 892 2465 Si
906 2443 966 2465 ante

258 2543 270 2560 ¹¹
288 2542 357 2567 Unus
370 2543 426 2574 ὑπὲρ
436 2543 498 2573 ἡμῶν
508 2542 662 2569 ἀδιαλείπτως.

256 2590 264 2600 ι·
283 2580 352 2605 Unus
368 2582 518 2612 ἐνδεδυμένος,
534 2579 598 2603 sorte
610 2577 705 2603 melius
720 2577 789 2602 Infra
808 2576 874 2603 idem
886 2584 979 2612 μνήμα-

1027 1452 1104 1491 ἁγίαν
1120 1453 1289 1493 ἀει-παρθένον
1309 1453 1427 1494 Μαρίαν,
1449 1453 1486 1492 μὴ
1503 1454 1666 1493 ὄκνήσωμεν.
1681 1455 1799 1496 Ἐχομεν

1027 1499 1070 1528 τὸν
1093 1500 1175 1538 γχορὸν
1198 1501 1251 1528 τῶν
1276 1499 1431 1540 μαρτύρων,
1451 1500 1488 1539 μὴ
1516 1500 1723 1540 ῥᾳθυμήσωμεν.
1751 1501 1798 1538 Μὴ

1028 1544 1106 1583 μόνον
1118 1545 1304 1584 ἱκετεύσωμεν,
1313 1547 1384 1582 ἀλλ’,
1398 1548 1421 1575 εἷ
1433 1547 1518 1583 δοκεῖ,
1539 1547 1584 1576 καὶ
1602 1547 1799 1586 νηστεύσωμεν.

1028 1591 1136 1620 Βέλτιον
1158 1594 1299 1627 νηστεῦσαι
1314 1592 1437 1627 νηστείαν
1451 1592 1546 1628 πόθου,
1561 1593 1606 1622 καὶ
1621 1593 1659 1632 μὴ
1675 1594 1798 1629 νηστείαν

1027 1638 1120 1676 λιμοῦ·
1137 1637 1239 1677 βέλτιον
1264 1641 1405 1673 νηστεῦσαι
1426 1638 1549 1675 νηστείαν
1565 1638 1686 1678 ἀγάπης,
1700 1639 1745 1668 καὶ
1759 1640 1796 1678 μὴ

1026 1683 1148 1718 νηστείαν
1162 1683 1285 1722 ἀνάγκης.
1300 1683 1379 1723 Λέγει
1389 1686 1402 1713 ὁ
1414 1684 1510 1724 Σωτὴρ
1520 1684 1581 1724 περὶ
1594 1686 1647 1714 τῶν
1657 1685 1797 1724 δαιμόνων·

1027 1729 1067 1758 Τὸ
1079 1729 1151 1768 γένος
1162 1731 1241 1759 τοῦτο
1255 1730 1302 1758 οὐκ
1313 1729 1500 1770 ἐκπορεύεται,
1518 1732 1542 1759 εἷ
1556 1730 1593 1770 μὴ
1614 1731 1641 1759 ἐν
1660 1733 1796 1772 προσευχῇ

1026 1775 1071 1804 καὶ
1080 1775 1196 1815 νηστείᾳ.
1211 1775 1345 1814 Δαίμονας
1359 1775 1499 1816 φυγαδεύει
1517 1776 1584 1816 εὐχὴ
1601 1776 1646 1806 καὶ
1666 1777 1774 1812 νηστεία
1787 1800 1796 1813 ,

1026 1821 1070 1850 καὶ
1083 1821 1233 1861 βαρὸάρους
1245 1823 1292 1851 οὐκ
1304 1822 1422 1858 ἐλαύνει,
1438 1822 1490 1852 Καὶ
1503 1822 1554 1859 ἤδη
1568 1819 1650 1858 εἶπον,
1672 1823 1718 1853 καὶ
1739 1824 1795 1853 πά-

1025 1868 1066 1910 λιν
1084 1866 1167 1906 λέγω·
1182 1867 1409 1907 παρακαλέσωμεν
1423 1868 1472 1904 τὴν
1485 1868 1561 1908 ἁγίαν
1573 1869 1674 1903 ἔνδοξον
1694 1870 1795 1910 παρθέ-

1026 1924 1069 1942 νον
1080 1913 1126 1942 καὶ
1134 1914 1253 1943 θεοτόκον
1263 1913 1370 1954 Μαρίαν
1380 1925 1386 1932 ·
1398 1914 1626 1954 παρακαλέσωμεν
1637 1915 1697 1949 τοὺς
1709 1915 1796 1955 ἁγίους

1026 1959 1071 1988 καὶ
1084 1959 1198 1994 ἐνδόξους
1210 1959 1370 1992 ἀποστόλους
1378 1972 1384 1978 ·
1396 1960 1624 2000 παρακαλέσωμεν
1638 1961 1699 1995 τοὺς
1708 1962 1798 2000 ἁγίους

1026 2007 1169 2045 μάρτυρας.
1188 2005 1252 2035 Ἐάν
1267 2017 1306 2039 τις
1328 2006 1355 2035 ἐν
1373 2006 1475 2046 ἀνάγκῃ
1489 2006 1623 2040 καταστὰς
1637 2008 1795 2047 προσδράμῃ

1024 2052 1077 2081 τινὶ
1098 2054 1149 2081 τῶν
1170 2053 1296 2088 δυνατῶν,
1310 2053 1339 2081 οὗ
1353 2052 1479 2092 προσέχει
1501 2055 1573 2093 αὐτῷ
1594 2054 1719 2093 γνησίως.
1738 2055 1796 2095 Πρὸ

1025 2099 1154 2137 ἀνάγκης,
1169 2098 1258 2139 φησὶν,
1272 2100 1320 2128 οὐκ
1333 2098 1404 2137 ᾔδεις
1415 2111 1448 2137 με
1462 2101 1574 2138 τιμῆσαι
1586 2099 1604 2135 ἢ
1619 2103 1795 2140 θεραπεῦσαι,

1025 2146 1083 2173 ἀλλ’
1099 2145 1126 2173 ἐν
1139 2147 1172 2184 τῇ
1186 2144 1300 2184 ἀνάγκῃ.
1321 2144 1480 2178 ’Amnem-oc
1495 2145 1560 2184 τιμὴ
1573 2148 1589 2181 ἡ
1602 2145 1651 2180 ἔξω
1669 2146 1794 2186 ἀνάγκης.

1026 2189 1090 2220 Ἐὰν
1104 2190 1156 2230 πρὸ
1168 2190 1283 2228 ἀνάγκης
1302 2190 1465 2231 θεραπεύσῃς
1487 2191 1531 2221 τὸν
1553 2191 1688 2228 δικαστὴν,
1712 2193 1740 2221 ἐν
1761 2193 1794 2231 τῇ

1025 2237 1125 2276 ἀνάγκῃ
1149 2237 1268 2277 εὑρήσεις
1295 2237 1445 2278 σύμμαχον.
1468 2233 1533 2267 Οἵδε
1552 2238 1618 2278 γὰρ,
1642 2237 1684 2267 ὅτι
1705 2239 1756 2278 οὐχ
1777 2240 1794 2273 ἡ

1024 2283 1142 2322 ἀνάγκη,
1155 2284 1214 2312 ἀλλ’
1228 2286 1242 2313 ὁ
1253 2283 1331 2317 πόθος
1353 2295 1383 2313 σε
1396 2284 1490 2324 ἤγαγε.
1510 2285 1532 2314 Γ
1533 2283 1654 2323 ενώμεθα
1674 2279 1718 2317 οὖν
1740 2286 1794 2313 τῶν

1024 2334 1164 2374 μαρτύρων
1179 2333 1216 2372 μὴ
1230 2335 1257 2363 ἐν
1270 2336 1303 2373 τῇ
1316 2334 1418 2373 ἀνάγκῃ
1432 2334 1518 2374 φίλοι,
1533 2334 1592 2364 ἀλλ’
1605 2335 1632 2363 ἐν
1645 2335 1679 2374 τῇ
1691 2333 1792 2373 ἀγάπῃ·

1022 2385 1074 2424 πρὸ
1093 2386 1236 2425 χειμῶνος,
1258 2387 1293 2417 ὡς
1315 2385 1342 2413 ἐν
1367 2386 1490 2424 χειμῶνι,
1515 2385 1687 2423 λυπηθῶμεν,
1701 2383 1745 2413 ἵνα
1765 2385 1794 2413 ἐν

985 2443 1003 2464 t:
1022 2439 1105 2476 καιρῷ
1118 2437 1249 2476 χειμῶνος
1263 2435 1293 2465 τὸ
1308 2436 1355 2476 ἔαρ
1366 2435 1492 2475 εὕρωμεν.
1507 2436 1601 2465 Ταῦτα
1618 2435 1729 2475 λέγομεν
1744 2437 1793 2465 οὐκ

1029 2552 1066 2569 το,-
1078 2544 1195 2567 ἅπτεσθαι.
