1890 2826
598 177 627 200 S.
654 175 795 200 JOANMS
821 174 1004 199 CHRYSOST.
1034 174 1189 198 ARCHIEP.
1218 174 1492 200 CONSTANTINOP-

266 180 328 215 192

108 240 310 283 ¹212«.11›.34.sil›i
318 239 459 271 conciliat.
482 240 626 280 Propterea
647 238 714 270 dicit
730 238 813 269 etiam
834 239 928 268 Petrus
944 239 1002 267 :ln
1054 236 1120 266 Ἐὰν
1140 237 1250 273 θέλητε,
1265 237 1309 271 καὶ
1332 237 1505 274 εἲσακούσητέ
1528 250 1595 278 μου,
1617 239 1651 268 τὰ
1673 239 1759 279 ἀγαθὰ
1779 242 1826 275 τῆς

106 279 146 302 ³⁵·
258 289 531 327 ωενὶωίωοηιρενί,
546 288 618 327 quia
629 288 746 316 inomni
757 291 851 326 gente,
861 287 913 325 qui
921 287 1002 314 timec
1018 286 1036 309 Β
1053 286 1102 323 γῆς
1115 283 1244 325 φάγεσθε·
1259 284 1304 314 ἐὰν
1321 284 1348 314 δὲ
1370 284 1408 324 μὴ
1430 283 1542 320 θέλητε,
1562 285 1629 324 μηδὲ
1651 286 1825 321 εἷσακούσητέ

109 386 165 406 lsai.
181 392 246 416 t.19.

258 332 365 369 Deum,
378 338 406 362 et
419 338 556 371 operatur
567 332 723 372 justitiam,
739 337 875 369 acceptus
888 335 931 359 est
942 331 1000 360 illi.

257 379 294 408 Et
304 379 435 419 propheta
444 379 534 419 ipsum
544 378 669 408 admonet
680 377 723 407 his
734 377 824 408 verbis
837 388 844 405 ι
856 377 889 406 Si
900 377 1002 406 volue-

257 427 331 462 ritis,
346 431 375 455 et
397 426 549 455 audieritis
566 434 621 460 ηιε,
636 425 715 454 bona
728 430 811 454 term
831 423 998 453 comeditis.-

259 473 285 501 εἰ
297 472 671 511 autemnolueritis,-neque
681 470 870 499 exaudieritis
877 480 932 506 me,
942 469 1002 510 gla-

258 518 325 546 dius
338 518 490 547 devorabit
500 528 566 547 vos.
579 518 647 554 Qum
660 526 721 546 cum
733 516 769 546 ita
782 522 844 546 nota
860 523 886 546 et
905 516 1001 556 explo-

258 570 314 593 rata
325 563 379 594 sint
393 563 482 601 nobis,
493 570 573 603 atque
583 563 611 593 in
624 569 712 592 nostra
725 569 853 602 potestate
860 561 940 591 situm
946 571 1003 590 esse

258 617 288 640 ut
300 611 428 648 velimus,
443 618 469 640 et
492 620 644 644 curramus,
657 619 768 647 nosque,
790 608 858 637 dum
874 608 1002 637 volumus

257 657 456 696 currimusque,
473 659 562 687 Deum
581 656 659 686 nobis
682 654 872 684 conciliaturus
889 653 925 683 ad
943 655 1002 695 ejus

257 703 392 733 auxilium
404 702 580 732 obtinendum
590 714 599 740 ;
612 713 644 731 eo
654 712 737 741 porro
748 701 825 730 nobis
846 699 1001 737 conciliato,

257 758 305 776 nos
324 758 415 776 rorum
427 747 531 776 exitum
544 753 735 785 assequuturos
746 757 755 784 ;
776 745 926 775 excitemus
939 755 1000 782 nos,

257 791 524 830 dilectissimi‚atque
538 791 573 820 ad
588 790 701 821 salutem
711 790 806 820 animae
821 795 917 819 nostrae
923 799 1002 819 omne
1017 799 1035 822 c

257 837 377 867 studium
386 838 564 874 conferamus,
578 843 608 867 ut
620 847 683 866 cum
696 835 834 866 modicum
846 836 875 865 in
888 836 939 865 hac
945 834 1003 866 vitzi

214 899 222 905 s
257 883 376 913 laborem
395 883 634 920 mandaverimus,
650 883 677 912 in
691 889 788 912 oeterno
809 888 837 911 et
857 882 1001 912 immortali

257 941 315 960 aevo
337 930 387 961 illo
408 930 487 960 bonis
511 929 709 961 immortalibus
729 929 900 969 perfruamur
913 941 920 958 =
943 939 1002 968 quae

1054 341 1115 368 μου,
1130 330 1251 371 μάχαιρα
1267 331 1507 370 ὖμᾶς·κατέδεται.
1532 331 1627 361 Ταῦτα
1646 328 1692 361 οὖν
1714 332 1827 368 εἰδότες,

1053 376 1099 405 καὶ
1111 376 1151 406 ὅτι
1166 376 1211 406 καὶ
1225 376 1255 406 τὸ
1266 376 1351 406 θέλειν
1364 376 1410 406 καὶ
1422 376 1453 408 τὸ
1466 376 1572 417 τρέχειν
1585 378 1613 407 ἐν
1624 379 1688 416 ἡμῖν
1703 379 1770 413 ἐστι,
1782 378 1827 408 καὶ

1053 421 1096 452 διὰ
1110 425 1156 452 τοῦ
1168 422 1253 453 θέλειν
1263 422 1308 453 καὶ
1322 426 1369 452 τοῦ
1383 422 1488 463 τρέχειν
1501 422 1546 453 τὸν
1565 423 1634 453 Θεὸν
1652 424 1827 463 ἐπισπώμεθα

1052 469 1117 509 πρὸς
1129 469 1177 506 τὴν
1191 469 1324 510 ἡμετέραν
1345 469 1468 508 βοήθειαν
1477 490 1486 505 ,
1508 468 1721 509 ἐπισπασάμενοι
1734 469 1764 499 δὲ
1778 472 1826 500 αὖ·

1053 515 1114 550 τὸν,
1127 515 1192 555 πρὸς
1214 514 1244 544 τὸ
1261 514 1334 548 τέλος
1356 514 1453 554 ἥξομεν
1474 516 1527 544 τῶν
1541 514 1722 555 πραγμάτων*
1737 516 1827 545 διανοι-

1055 562 1176 599 στῶμεν,
1191 560 1344 600 ἀγαπητοὶ,
1368 560 1413 590 καὶ
1434 566 1523 591 πᾶσαν
1548 560 1665 597 σπουδὴν
1687 560 1829 595 ἐπιδειξώ-

1055 609 1122 646 μεθα
1144 607 1170 636 ἐν
1191 609 1225 646 τῇ
1246 608 1295 642 τῆς
1316 608 1403 647 ψυχῆς
1423 606 1542 647 σωτηρίᾳ
1558 608 1607 642 τῆς
1619 606 1769 646 ἡμετέρας,
1783 607 1827 636 ἵνα

1054 652 1148 693 μικρὸν
1161 653 1273 681 ἐνταῦθα
1286 651 1448 687 πονήσαντες
1465 651 1574 692 χρόνον,
1588 651 1657 682 κατὰ
1675 651 1721 681 τὸν
1734 651 1827 691 ἀγήρω

1052 697 1097 726 καὶ
1109 696 1237 726 ἀθάνατον
1249 697 1333 726 αἰῶνα
1342 698 1395 726 τῶν
1409 697 1545 726 ἀθανάτων
1557 695 1750 735 ἀπολαύσωμεν
1762 698 1827 735 ἀγα-

1053 745 1119 774 θῶν·
1133 738 1169 772 ὧν
1183 742 1284 782 γένοιτο
1302 742 1403 776 πάντας
1427 744 1496 782 ἡμᾶς
1509 743 1646 782 ἐπιτυχεῖν
1656 764 1664 778 ,
1675 742 1768 782 χάριτι
1782 742 1827 770 καὶ

1054 788 1236 830 φιλανθρωπίᾳ
1249 792 1294 818 τοῦ
1310 788 1408 828 Κυρίου
1419 789 1496 827 ἡμῶν
1516 788 1604 824 Ἰησοῦ
1619 789 1736 827 Χριστοῦ
1745 809 1753 822 ,
1767 789 1825 826 μεθ’

1054 831 1083 865 οῧ
1095 837 1133 876 τῷ
1146 835 1235 875 Πατρὶ
1252 837 1270 871 ἡ
1290 834 1351 868 δόξα
1361 856 1369 870 ,
1385 834 1440 873 ἅμα
1462 836 1501 874 τῷ
1523 834 1591 874 ἁγίῳ
1611 832 1767 872 Πνεύματι,
1782 836 1826 862 ν’ῦν

1054 882 1098 911 καὶ
1113 881 1163 918 ἀεὶ,
1175 881 1219 911 καὶ
1232 882 1269 914 εἷς
1278 879 1337 914 τοὺς
1349 882 1445 913 αἰῶνας
1456 882 1508 922 τῶν
1521 879 1634 909 αἰώνων.
1649 879 1740 917 Ἀμήν.

257 975 335 1005 nobis
347 975 473 1005 omnibus
486 981 515 1004 ut
527 966 692 1014 contingant,
705 973 772 1003 faxit
785 973 869 1013 gratie
882 980 909 1002 et
920 973 1003 1002 bene-

258 1022 344 1061 gnitas
358 1021 469 1051 Domini
482 1020 567 1050 nostri
587 1021 653 1051 Jesu
667 1019 783 1055 Christi,
794 1030 855 1049 cum
865 1030 919 1059 quo
928 1021 1002 1050 Patri

256 1067 354 1106 gloria,
369 1067 505 1106 simulque
517 1073 608 1097 sancto
620 1066 748 1106 Spiritui,
763 1075 834 1095 nunc
849 1072 876 1095 et
886 1076 1001 1106 semper,

257 1121 283 1144 ct
294 1114 321 1143 in
336 1113 432 1144 saecula
451 1113 623 1143 saeculorum.
645 1114 740 1142 Amen.

860 1319 900 1349 IN
921 1317 1021 1348 DUAS
1042 1318 1225 1348 HOMILIAS

572 1428 639 1464 DE
673 1425 1106 1463 PROPHETIARUM
1141 1424 1514 1460 OBSCURITATE

828 1556 1262 1619 MONITUM.

301 1717 457 1749 Admodum
468 1714 581 1746 difficile
593 1720 633 1744 est
642 1720 749 1752 tempus
759 1710 890 1747 iudicare,
899 1719 954 1748 quo
961 1709 1001 1739 hae
1014 1708 1075 1738 duae
1088 1708 1206 1738 homiliae
1214 1708 1311 1738 habitae
1317 1709 1405 1738 suere.
1413 1710 1523 1739 Certum
1534 1707 1700 1748 quidemr-st
1713 1708 1828 1748 priorem

262 1768 363 1806 aliquot
369 1765 465 1795 diebus
472 1763 583 1792 alteram
593 1759 769 1801 praecessisse,
777 1755 950 1798 posteriorem
959 1765 1024 1784 vero
1032 1754 1077 1784 die
1088 1754 1230 1785 Dominica
1237 1754 1337 1784 dictam
1343 1754 1438 1784 fuisse.
1448 1753 1482 1784 ld
1493 1754 1566 1783 enim
1574 1759 1715 1783 constatex
1728 1753 1761 1782 iis
1770 1763 1830 1792 quae

261 1814 391 1844 dicuntur
404 1812 431 1840 in
440 1809 558 1841 Homilia
565 1808 610 1838 cui
621 1806 726 1842 titulus,
740 1805 894 1835 Daemones
907 1813 967 1832 non
976 1803 1139 1842 gubernare
1153 1802 1307 1830 mundum.
1323 1800 1460 1838 1bienim,
1472 1801 1553 1830 Tom.
1570 1802 1645 1841 11‚p.
1661 1802 1732 1837 247,
1746 1802 1781 1839 B,
1791 1801 1831 1831 sie

263 1861 300 1891 ait
317 1873 324 1889 :
341 1860 443 1899 Atque
459 1858 512 1886 hoc
525 1855 643 1895 quidem
656 1855 694 1883 ab
707 1853 788 1882 omni
799 1857 925 1890 tempore
940 1850 1006 1889 jam
1018 1850 1159 1884 innotuit,
1170 1850 1332 1887 praesertim
1354 1858 1373 1877 a
1387 1848 1547 1877 Dominio-a
1562 1849 1719 1887 superiore.
1733 1848 1829 1877 Num-

263 1917 354 1946 quam
367 1907 445 1935 enim
459 1902 560 1932 divina
572 1902 658 1930 vobis
668 1900 788 1939 eloquia
801 1897 965 1939 fastidium
975 1905 1078 1936 parere
1091 1895 1153 1924 dies
1167 1895 1220 1924 ille
1228 1896 1387 1935 praesertim
1400 1894 1554 1923 indicavit.
1570 1893 1675 1923 Ibidem
1688 1900 1789 1931 autem,
1801 1894 1830 1923 in

263 1951 400 1982 concionis
411 1950 512 1981 scilicet
524 1946 669 1988 principio,
678 1945 726 1975 illa
739 1945 829 1974 omnia
849 1943 944 1974 ordine
957 1942 1053 1983 repetit
1069 1952 1128 1981 quse
1140 1941 1168 1971 in
1181 1942 1263 1982 hujus
1277 1940 1413 1970 concionis
1423 1941 1477 1970 fine
1499 1941 1616 1978 dixerat,
1625 1940 1699 1979 quod
1713 1941 1741 1970 in
1756 1951 1831 1970 more

263 2009 320 2029 esse
333 1998 526 2038 Chrysostomo
541 2004 618 2023 nemo
640 1992 743 2029 nescit;
765 1991 895 2021 nimirum
909 1990 965 2030 agit
982 1989 1017 2019 de
1030 1988 1128 2018 sanctis
1138 1988 1273 2028 justisque
1285 1987 1364 2024 viris,
1375 1986 1423 2026 qui
1446 1997 1495 2016 sua
1506 1987 1629 2027 ipsorum
1646 1993 1762 2027 peccata,
1777 1997 1831 2016 non

262 2052 353 2075 autem
363 2039 461 2079 eliens,
477 2051 540 2071 cum
551 2039 654 2069 doloris
667 2037 860 2078 significatione
872 2035 1128 2074 commemorabant,
1137 2034 1226 2063 allatis
1237 2033 1318 2063 etiam
1330 2032 1475 2072 Scripturae
1489 2032 1555 2062 locis
1564 2032 1633 2062 bene
1644 2032 1738 2062 multis
1751 2039 1831 2071 atque

263 2091 396 2132 exemplis
408 2095 572 2124 sanctornm,
587 2085 682 2115 eadem
696 2084 763 2114 serie
775 2091 799 2113 et
812 2082 1021 2113 accuratissime.
1036 2082 1106 2111 Nam
1115 2080 1190 2120 quod
1198 2079 1356 2119 exemplum
1373 2077 1522 2108 desiderari
1534 2078 1563 2108 in
1573 2078 1625 2108 hac
1635 2077 1752 2107 secunda
1765 2088 1829 2107 con-

263 2137 340 2167 cione
353 2135 514 2175 querebatur
527 2131 728 2167 Tillemontius,
742 2131 786 2161 vir
797 2129 944 2169 diligentiae
956 2135 984 2158 et
994 2127 1173 2159 accurationis
1191 2123 1422 2166 singularissimae,
1446 2135 1543 2165 nempe
1557 2124 1630 2154 illud
1642 2124 1725 2161 Petri,
1735 2125 1798 2153 Exi
1810 2134 1830 2153 a

264 2195 320 2221 me,
334 2186 405 2224 quia
417 2185 469 2212 vir
473 2186 611 2222 peccator
621 2189 697 2216 sum,
710 2179 767 2219 jam
777 2188 813 2207 ex
825 2177 924 2207 Codice
939 2176 1100 2206 Colbertino
1113 2175 1267 2204 restitutum
1278 2173 1373 2202 babes.
1385 2173 1479 2211 Itaque
1491 2178 1594 2202 certum
1607 2171 1831 2211 exploratumque

262 2239 302 2262 est
316 2230 458 2261 homiliam
476 2229 546 2258 hanc
559 2225 703 2257 secundam
714 2225 749 2255 de
759 2223 966 2263 Prophetiarum
974 2222 1137 2252 obscuritate
1147 2220 1247 2250 dictam
1259 2218 1343 2248 fuisse
1351 2217 1493 2250 Dominica
1502 2216 1667 2258 praecedente
1676 2217 1830 2246 concionem

263 2280 338 2309 illam
350 2288 432 2318 supra
444 2281 627 2306 memoratam.
646 2275 760 2303 Certum
780 2270 892 2311 perinde
905 2270 1015 2300 videtur
1032 2269 1111 2298 hasce
1125 2267 1193 2298 duas
1206 2265 1347 2296 conciones
1361 2264 1510 2294 Antiochiae
1522 2264 1628 2294 habitas
1642 2263 1741 2295 suisse;
1765 2263 1830 2303 quia

261 2335 358 2365 nempe
370 2324 578 2363 chrysostomus
592 2321 631 2351 sic
644 2319 680 2350 de
691 2318 817 2359 episcopo
831 2315 952 2355 loquitur
963 2316 991 2344 in
1009 2315 1121 2345 homilia
1132 2312 1260 2349 secunda,
1271 2321 1348 2341 num.
1358 2312 1390 2347 5,
1405 2318 1435 2340 ut
1448 2321 1501 2340 non
1515 2321 1554 2346 se,
1567 2310 1614 2340 sed
1627 2310 1712 2339 alium
1725 2310 1830 2350 episco-

261 2382 326 2412 pum
341 2381 397 2401 esse
408 2367 571 2399 subindicet.
587 2368 628 2396 De
642 2375 712 2395 anno
728 2371 818 2394 autem
825 2362 896 2393 nihil
916 2362 1088 2402 exploratum
1102 2361 1227 2390 hahetur.
1243 2357 1318 2389 Vide
1330 2358 1418 2388 Tomo
1431 2358 1470 2392 ΙΙ,
1479 2358 1590 2398 p.945.

299 2419 360 2449 Erit
377 2418 444 2447 forte
456 2414 594 2454 quispiam
612 2413 660 2452 qui
671 2422 772 2442 annum
785 2421 813 2440 se
824 2410 888 2440 hinc
901 2409 1035 2449 expiscari
1058 2419 1136 2448 posse
1149 2413 1237 2448 putet,
1249 2404 1325 2446 quod
1346 2405 1376 2434 in
1386 2404 1506 2435 Humilia
1519 2404 1608 2445 prima
1621 2401 1655 2433 de
1667 2401 1829 2442 Prophetia-

258 2477 320 2496 rum
342 2463 517 2498 obscuritate,
532 2471 643 2490 numero
658 2461 688 2496 5,
700 2459 772 2488 dicat
795 2468 823 2487 se
836 2466 984 2486 sermonem
1000 2455 1034 2485 de
1047 2453 1228 2484 Melchisedec
1241 2453 1268 2482 in
1279 2452 1395 2481 alterum
1406 2450 1479 2480 diem
1491 2450 1613 2490 rejicere.
1627 2451 1669 2479 De
1682 2448 1829 2479 Melchise-

257 2513 305 2542 dec
317 2522 380 2542 vcm
394 2509 519 2551 pluribus
528 2508 583 2548 egit
595 2507 805 2547 Chrysostomus
816 2505 844 2534 in
861 2502 979 2534 Homilia
990 2502 1102 2542 septima
1117 2508 1207 2531 contra
1227 2498 1349 2536 Judaeos,
1358 2499 1450 2527 >Tomo
1461 2498 1475 2526 1
1492 2507 1498 2524 :
1512 2496 1584 2526 unde
1600 2495 1675 2535 sequi
1689 2494 1829 2525 videretur

254 2561 322 2589 hanc
335 2557 488 2594 homiliam,
506 2554 648 2595 septimam
669 2560 761 2583 contra
778 2552 887 2582 Judaeos
903 2548 1077 2590 praecessisse,
1093 2555 1172 2586 atque
1185 2547 1213 2576 in
1226 2557 1327 2575 annum
1338 2545 1397 2575 587
1416 2543 1625 2583 consignandam
1638 2553 1704 2572 esse.
1721 2543 1827 2571 Verum

254 2614 429 2647 praeterquam
441 2602 514 2642 quod
530 2602 627 2642 saepius
642 2600 675 2631 dc
691 2598 871 2631 Melchisedec
900 2606 1047 2627 sermonem
1061 2594 1157 2623 imbuit
1177 2593 1396 2632 Chrysostomus,
1412 2591 1469 2620 haec
1481 2600 1540 2628 quae
1550 2589 1577 2618 in
1593 2587 1668 2618 aliud
1682 2595 1787 2627 tempus
1800 2597 1828 2615 se
