1904 2840
1 390 58 413 luc.
64 396 130 414 (0.3(
135 406 141 413 .

0 667 139 699 ὕιε.ιο.ι7.

645 208 680 230 ΙΝ
707 206 914 231 MATTHAEUM.
943 208 1063 231 HOMIL.
1091 209 1215 232 xxvttl.

1623 197 1693 232 855

154 269 273 305 cundum
298 271 402 303 Lucam
419 270 611 310 exponentium
627 282 636 299 ι
652 270 801 311 Confiteor
821 271 874 300 tibi
886 293 894 307 ‚
911 273 930 296 Α
950 278 1036 307 est‚ut
1040 282 1093 317 per
1102 271 1222 301 eamdem
1231 272 1302 301 viam
1314 278 1472 309 revertatur,
1478 272 1550 302 unde
1558 271 1694 318 ingressus

153 311 292 346 Domine,
305 311 397 341 Pater
418 311 482 340 caelt’
503 316 533 340 et
552 316 645 341 terroe.
662 309 895 341 Considerandum

151 356 201 384 est,
213 350 342 388 quoniam
355 351 442 380 Lucas
454 349 493 380 sic
506 349 653 379 introducit
671 350 743 379 hunc
762 360 870 379 sensum
884 362 891 379 :

151 390 190 419 In
196 389 329 420 ille-hora
336 390 497 420 exsultavit
503 390 534 419 in
542 390 643 428 spiritu
654 390 752 424 Iesus,
763 396 790 418 et
798 390 874 423 dixit
883 402 891 418 .-

152 429 299 469 Confiteor
311 430 375 462 tibi,
389 430 500 462 Pater.-
513 429 563 459 iste
573 436 662 458 autem
681 430 720 458 sic
733 428 799 458 dicit
814 442 821 458 z
836 431 892 458 Re-

150 470 295 508 spondeas
313 470 399 499 ,lesus
413 471 464 499 ait,
481 469 556 499 Sicut
569 479 604 498 ex
615 468 733 498 diversis
752 468 893 498 itineribus

150 509 285 538 venientes
296 507 333 538 ad
345 518 426 538 unam
445 509 610 539 mansionem
623 507 803 538 contendunt:
816 508 855 537 sic
866 515 893 537 et

149 548 318 587 evangelium
330 558 365 578 ex
384 547 507 578 diversis
515 548 699 578 occasionibus
706 548 850 586 'loquentes
863 547 890 576 in

150 597 234 617 uuum
247 598 354 618 sensum
368 587 569 627 ingrediuntur.
581 587 632 617 Ille
642 598 706 634 ergo
719 587 758 618 sic
771 586 894 617 intmdu-

149 626 184 656 cit
194 639 202 656 :
212 628 357 667 Postquam
365 628 466 657 reversi
477 634 540 657 sunt
550 627 691 669 discipuli,
702 627 800 667 gratias
810 637 891 666 agen-

149 672 199 703 ἰεῦ,
210 673 237 697 et
249 666 368 697 diceutes
381 679 388 695 ι
404 668 542 703 Domine,
557 669 592 696 in
603 670 720 696 nomine
739 673 790 696 tuo
802 669 891 696 etiam

149 706 295 736 doemonia
308 708 390 736 nobis
405 708 545 736 obediunt
556 719 565 736 .-
578 706 673 738 videtts
695 707 793 746 gratias
804 706 888 735 disci-

148 745 275 785 pulorum
299 746 435 781 Clu-istus,
458 746 593 785 quomodo
617 746 646 775 in
664 746 890 775 consummatione

147 785 284 815 commissi
293 785 414 826 mysterii
424 786 525 815 fuerint
531 786 638 823 fideles,
648 785 785 825 quomodo
796 786 822 814 in
832 796 890 824 gra-

147 824 247 855 tiarum
260 825 410 856 actionibus
422 832 497 855 eraut
509 825 612 862 devoti,
628 825 705 865 quasi
718 825 889 865 congaudens

147 862 291 906 discipulis
303 865 377 899 suis,
392 865 575 901 Επειιῑιανίτ,
587 872 614 894 et
627 866 704 894 dixit
718 878 728 894 .·
745 866 892 904 Confiteor
905 870 923 892 B

148 905 214 940 tibi,
235 905 336 935 Pater.
348 903 403 934 Iste
421 910 521 941 autem,
544 912 686 945 postquam
707 904 889 944 implacabiles

146 944 250 974 animos
263 943 418 974 Judaeoeum
430 950 458 973 et
470 943 553 973 duras
570 952 670 974 mentes
683 944 809 979 ostendit,
822 955 889 983 quos

146 989 185 1012 tot
206 982 336 1014 miracula
361 983 395 1013 ad
416 982 499 1013 fidem
519 983 624 1013 flectere
645 994 698 1013 non
720 990 865 1024 potuerunt
880 996 887 1012 z

145 1022 283 1062 reqiondit
305 1023 436 1053 excitatus
450 1023 646 1063 discipulorum
665 1034 777 1053 suorum
794 1034 887 1060 suasu,

144 1060 256 1093 illm-um
275 1062 359 1093 bonas
378 1062 581 1102 imprecationes
601 1063 759 1103 suscipiens,
773 1062 808 1092 ad
821 1073 889 1101 quo-

142 1111 206 1130 rum
219 1103 344 1132 nuntium
356 1102 459 1131 bonum
478 1102 624 1142 respondit.
640 1103 773 1139 Alterum,
789 1102 888 1132 duritia

143 1141 300 1180 compulsus
310 1140 479 1172 Judaeorum.
490 1141 563 1181 Ergo
572 1142 620 1171 ille
631 1142 728 1181 gratias
742 1143 809 1181 agit,
823 1142 887 1181 quia

144 1179 290 1211 illuminati
304 1187 368 1210 suat
389 1180 482 1211 rustici
499 1187 525 1210 et
542 1181 678 1221 simplices
694 1182 826 1218 homines,
841 1181 887 1220 qui

145 1225 231 1250 totum
250 1219 381 1258 quicquid
400 1221 510 1250 fecerint
533 1220 597 1250 honi
621 1221 754 1261 imputant
773 1221 884 1251 audori.

145 1258 199 1290 1⁵oe
210 1266 298 1289 autem
327 1260 407 1290 ratias
419 1260 485 1299 agit,
498 1269 551 1290 non
565 1260 654 1290 solum
664 1261 728 1299 quia
742 1261 887 1291 illuminati

146 1305 211 1328 sunt
230 1271 348 1338 pai-vuit,
361 1298 408 1330 sed
426 1301 490 1338 quia
506 1300 633 1329 excaecati
651 1307 715 1329 sunt
733 1300 842 1330 litterati
859 1308 888 1330 et

143 1337 275 1377 sapientes
294 1339 462 1375 Judanmm,
477 1346 504 1368 et
517 1339 564 1378 qui
578 1349 685 1368 omnem
705 1340 818 1379 gratiam
834 1340 886 1369 Dei

143 1376 277 1416 imputant
297 1378 358 1409 sibi.
376 1379 530 1419 Confiteor
550 1380 612 1415 tibi,
636 1379 772 1416 Domine,
794 1380 888 1409 Pater

143 1417 210 1447 celi
222 1423 251 1447 et
263 1423 357 1456 tetroe,
369 1419 440 1458 quia
451 1419 630 1448 abscondisti
643 1419 705 1448 haec
714 1429 734 1447 a
746 1421 886 1457 sapienci-

143 1457 197 1486 bus
212 1463 242 1486 et
258 1458 459 1495 prudentibus,
472 1464 501 1487 et
525 1458 663 1487 revelasti
684 1469 720 1487 ea
740 1459 883 1496 parvulis.
899 1465 920 1488 c

142 1496 280 1532 Quantum
294 1496 329 1527 ad
348 1508 367 1537 p
449 1497 517 1527 itum
535 1497 646 1536 quidem
664 1498 766 1527 Christi
786 1498 813 1526 in
834 1498 885 1528 hoc

142 1534 202 1564 low
212 1535 356 1574 loquentis,
366 1543 393 1566 ta
406 1537 428 1566 is
440 1543 480 1565 est
493 1537 647 1566 intellectus
657 1537 804 1566 verborum
819 1537 884 1567 isw-

142 1584 216 1605 rum.
235 1575 381 1614 Postquam
412 1575 605 1620 improperavit
637 1575 784 1605 incredulis
814 1576 884 1605 civi-

142 1613 253 1648 tatibus,
269 1614 434 1645 occasionem
448 1614 582 1654 accipiens
594 1614 631 1643 ab
645 1614 830 1644 incredulitate
843 1626 885 1645 ea-

142 1653 325 1692 rum,justam
337 1653 540 1693 dispositionem
554 1654 604 1683 Dei
620 1653 768 1683 introducit
782 1654 811 1683 in
829 1665 884 1685 rne-

141 1691 230 1729 dium,
245 1692 344 1732 gratias
356 1703 437 1732 agens
449 1692 526 1723 dicit.
543 1693 615 1730 Quia
627 1692 729 1733 placuit
742 1694 813 1723 enim
828 1695 884 1724 Deo

141 1731 251 1762 Judaeos
272 1732 383 1771 quidem
402 1733 541 1778 repellere,
555 1733 603 1771 qui
623 1733 700 1772 prius
719 1731 884 1773 sapientibus

141 1771 275 1802 dabantur
288 1772 317 1801 in
336 1772 452 1811 eloquiis
474 1772 536 1810 Dei,
558 1783 620 1801 cum
633 1779 719 1802 essent
729 1772 884 1818 insipientes

143 1810 155 1850 (
163 1810 294 1850 sapientia
307 1811 417 1850 quidem
435 1818 484 1848 est,
494 1822 547 1841 non
560 1811 668 1850 eloquia
684 1812 733 1841 Dei
747 1823 823 1848 scire,
838 1813 884 1842 sed

141 1850 289 1880 secundum
302 1851 408 1890 eloquia
421 1852 472 1881 Dei
484 1852 605 1887 vivere),
615 1858 643 1882 et
656 1851 773 1891 recipere
783 1858 883 1891 gentes,

141 1890 208 1928 quia
221 1890 328 1930 parvuli
338 1897 414 1920 erant
427 1891 454 1919 in
469 1891 579 1921 scientia
594 1890 656 1927 Dei,
669 1897 695 1920 et
714 1891 821 1931 parvuli
836 1902 883 1932 per

142 1929 327 1967 ignorantiam,
341 1941 393 1959 nori
407 1940 454 1970 per
466 1929 668 1959 contumaciam.
688 1931 731 1959 Tu
745 1937 834 1959 autem
847 1931 883 1960 ad

141 1979 323 2008 quascumque
334 1969 452 1999 volueris
512 1980 599 2005 sonas,
610 1976 686 2010 potes
703 1969 816 1999 dilatare
831 1977 883 2000 tra-

142 2016 253 2045 ctatum,
271 2009 398 2047 quoniam
411 2016 438 2038 et
453 2020 467 2038 a
501 2009 628 2039 omuibus
646 2009 881 2054 sapientibus,qui

141 2048 288 2078 secumdum
307 2059 415 2078 sensum
437 2050 525 2078 carnis
547 2055 611 2078 sunt
630 2055 771 2093 sapientes,
782 2056 808 2078 et
828 2060 880 2079 non
896 2055 914 2077 n

141 2087 288 2118 secundun
298 2088 423 2128 spiritum
433 2088 533 2125 cordis,
543 2088 682 2118 abscondit
691 2090 765 2118 Deus
776 2099 831 2118 sem
851 2100 881 2120 er

140 2128 298 2167 mysterium
321 2128 451 2163 veritatis,
474 2134 502 2157 et
520 2127 652 2168 parvulis‘
670 2127 742 2157 illud
767 2139 830 2158 reve
841 2136 878 2163 at,

140 2167 188 2205 qui
210 2167 317 2206 parvuli
336 2167 438 2196 malitia
461 2174 534 2197 sunt.
557 2167 613 2204 Qui
637 2174 699 2196 sunt
726 2168 857 2207 sapientes
867 2168 881 2197 i’

141 2205 252 2251 Antiqui
274 2205 441 2245 philosophi,
454 2213 481 2235 et
501 2212 627 2243 oratores,
646 2206 694 2246 qui
708 2207 823 2236 naturali
837 2218 881 2236 sa—

139 2245 240 2285 pientia
246 2244 382 2274 literarum
391 2245 579 2275 exercitatione
588 2246 776 2282 maminoti,
786 2246 821 2275 de
830 2246 882 2276 Dei

139 2291 235 2314 natura
248 2294 366 2322 querere
379 2284 582 2320 conteuaekbmt,
596 2295 649 2314 non
664 2286 749 2315 Deum
763 2285 883 2315 invenire

138 2323 320 2354 desiderantes
331 2345 338 2359 ,
360 2322 408 2352 sed
427 2323 556 2352 altissima
575 2323 705 2353 disserere
728 2324 882 2364 cupientes,

139 2363 203 2393 victi
215 2370 277 2392 sunt
291 2363 317 2391 in
337 2361 408 2399 enio,
422 2362 575 2391 defecerunt
586 2373 705 2392 sermone
718 2374 725 2391 :
738 2363 765 2392 in
786 2363 881 2394 ultimo

139 2403 209 2432 nihil
222 2413 251 2433 se
263 2373 380 2442 amplius
400 2402 521 2432 invenire
605 2401 656 2431 isse
675 2402 786 2432 confessi
805 2410 878 2440 sunt,

138 2442 191 2472 nisi
201 2442 264 2481 quia
276 2443 349 2471 Deus
360 2441 540 2481 incognoscibi
554 2440 576 2470 's
587 2447 635 2470 est.
648 2442 684 2471 Et
694 2441 803 2481 utquid
815 2453 880 2482 ergo

139 2487 243 2511 tantum
257 2481 393 2516 laborasti,
403 2482 426 2510 si
440 2481 564 2521 ignorans
577 2491 614 2516 es,
630 2488 770 2521 postquam
787 2482 878 2521 requi-

138 2520 208 2556 sisti,
224 2519 449 2559 quemadmodum
466 2520 716 2559 fueras,anoequam
730 2523 880 2560 quaereres?

139 2560 216 2589 Sicut
232 2559 304 2589 enim
320 2560 368 2598 qui
388 2559 596 2598 innavigabileni
610 2570 737 2589 umanum
755 2561 880 2601 navigare

141 2609 169 2627 se
179 2605 298 2638 usurpat,
310 2598 376 2628 dum
390 2608 442 2628 non
457 2605 542 2639 potest
563 2608 625 2629 enm
639 2599 760 2639 transire,
775 2610 880 2631 necesse

949 318 989 340 est
1004 323 1010 340 ε
1025 322 1064 340 sic
1076 318 1101 341 et
1114 311 1155 340 illi
1170 311 1204 340 ab
1215 311 1363 350 ignorantia
1377 313 1525 356 coefierunt,
1540 319 1606 341 etin
1619 312 1694 352 igno-

950 350 1036 380 rancia
1058 351 1195 380 linierunt.
1216 352 1242 380 Ο
1262 352 1341 379 homo
1364 362 1486 390 sapiens,
1499 351 1584 391 magis
1603 359 1691 382 autem

949 389 1096 430 insipiens!
1110 392 1183 420 Deus
1200 390 1345 420 invisibilis
1358 397 1407 426 est,
1420 391 1516 429 etquis
1531 402 1593 420 eum
1607 399 1693 431 potest

947 429 1052 465 videre,
1066 431 1118 459 nisi
1131 430 1187 470 ipse
1201 440 1228 459 se
1246 429 1356 459 videat?
1378 431 1460 460 Serva
1482 442 1546 470 ergo
1568 431 1692 461 mandata

949 469 1008 505 Dei,
1027 470 1161 499 sanctifica
1173 476 1320 505 cortuum,
1335 469 1370 498 ita
1383 476 1413 498 ut
1428 470 1557 499 inhabitet
1571 471 1644 500 Deus
1663 472 1690 500 in

948 515 984 545 tc,
995 509 1121 539 etvideas
1131 511 1229 539 Deum.
1248 509 1337 548 Magis
1349 516 1437 538 autem
1447 520 1498 538 non
1507 517 1536 539 tu
1548 510 1634 546 vides,
1643 511 1691 540 sed

947 550 1032 584 Deus,
1047 549 1095 588 qui
1105 549 1180 582 estin
1191 556 1227 584 te,
1243 548 1301 588 ipse
1314 547 1387 578 videt
1395 555 1434 578 te.
1449 550 1521 579 Deus
1538 550 1688 589 incompre-

947 588 1141 618 hensibilisest.
1148 588 1294 625 Quisenim
1319 594 1384 617 otest
1390 589 1613 628 comprehendere
1618 600 1688 626 eum,

946 627 999 657 nisi
1019 629 1118 668 ipsese
1130 627 1290 668 comprehen
1312 628 1362 656 at?
1383 628 1466 657 Serva
1484 639 1546 667 ergo
1565 629 1689 659 mandata

946 667 1006 704 Dei,
1017 667 1152 699 sanctifica
1160 678 1206 697 cor
1215 674 1303 702 tuum,
1312 667 1348 696 ita
1356 674 1385 696 ut
1395 669 1467 696 Deus
1475 668 1576 697 habitet
1583 667 1610 696 in
1619 675 1655 706 te,
1663 676 1689 699 et

944 706 1066 746 quotidie
1075 706 1160 746 magis
1167 718 1197 736 ac
1205 707 1290 746 magis
1303 705 1421 736 invenies
1434 708 1532 736 Deum.
1549 708 1609 736 Non
1623 719 1688 747 ergo

942 752 974 779 >tu
989 748 1087 782 Deum,
1101 746 1148 776 sed
1161 749 1234 776 Deus
1246 746 1348 775 invenit
1360 753 1398 775 te.
1414 746 1468 783 Qui
1483 754 1545 776 sunt
1558 748 1687 786 purvuli?¹

943 786 1102 822 Christiani,
1114 786 1162 826 qui
1173 786 1244 816 nihil
1256 792 1366 826 possunt
1378 786 1496 826 amplius
1511 787 1641 816 aestimare
1654 787 1688 816 de

942 826 1061 863 Christo,
1077 826 1129 855 nisi
1143 826 1217 865 quod
1230 826 1322 855 vident
1335 825 1362 854 in
1376 836 1418 863 eo,
1433 833 1459 855 ct
1480 826 1550 854 nihil
1570 827 1687 866 amplius

942 865 1050 895 credere

942 905 1012 950 ipso.
1027 906 1069 935 Ta
1082 906 1105 935 is
1117 912 1156 934 est
1169 905 1240 934 enim
1252 912 1347 934 natura
1361 905 1502 934 infantium
1517 917 1523 933 :
1538 916 1598 934 cum
1612 906 1684 935 vidc-

943 952 997 974 rint
1019 956 1076 974 rem
1097 945 1227 984 aliquam,
1241 945 1347 974 animus
1370 955 1464 973 eorum
1478 945 1595 984 simplex
1617 946 1685 974 nihil

944 992 1029 1024 potest
1039 995 1081 1014 am
1102 984 1155 1014 lius
1163 983 1332 1013 considerare
1341 983 1375 1013 de
1384 994 1426 1020 ea,
1437 995 1516 1022 qnam
1529 984 1601 1023 quod
1612 986 1684 1014 oculi

942 1034 1039 1053 eorum
1051 996 1144 1055 vident
1157 1037 1164 1053 z
1175 1031 1203 1053 et
1215 1023 1289 1062 quod
1302 1023 1437 1053 audierint
1450 1024 1484 1052 ab
1497 1023 1599 1063 aliquo,
1616 1025 1686 1054 nihil

943 1064 1061 1103 amplius
1084 1064 1112 1093 in
1139 1063 1308 1093 sermonibus
1336 1063 1493 1103 exponentis
1519 1063 1684 1103 intelligunt,

944 1113 1029 1142 neque
1044 1110 1155 1144 possunt
1171 1102 1304 1132 discutere
1317 1113 1372 1132 rem
1393 1102 1510 1132 auditam
1521 1126 1528 1140 ,
1542 1103 1589 1132 sed
1601 1104 1686 1142 quid-

943 1143 1010 1181 quid
1035 1143 1187 1178 audierint,
1200 1141 1324 1172 crednnt.
1340 1142 1369 1172 Si
1392 1142 1511 1180 bonnm,
1526 1150 1582 1172 toto
1605 1144 1686 1173 corde

942 1182 1068 1212 laetantur
1082 1195 1088 1211 ι
1105 1183 1127 1211 si
1142 1182 1257 1218 malum,
1272 1181 1329 1211 sine
1341 1182 1520 1211 consolatione
1535 1183 1683 1213 tristantur.

943 1222 965 1260 †
979 1222 1046 1262 [Sic
1059 1229 1085 1252 et
1098 1221 1231 1256 infideles,
1244 1221 1268 1250 si
1289 1221 1423 1251 audierint
1442 1222 1580 1252 Christum
1593 1222 1686 1252 dicen-

942 1268 1006 1298 tem,
1022 1263 1084 1291 Non
1106 1272 1166 1293 sum
1193 1261 1278 1297 solus,
1295 1260 1343 1290 scd
1363 1261 1411 1300 qui
1435 1261 1509 1290 misit
1528 1272 1571 1291 me
1593 1263 1682 1300 Pater,

942 1311 1047 1331 mecum
1070 1308 1110 1331 est
1134 1313 1141 1330 τ
1165 1311 1218 1330 nou
1241 1307 1353 1340 possunt
1378 1301 1528 1339 intelligere
1539 1324 1546 1338 ,
1562 1308 1684 1342 putantes

941 1341 1005 1380 quia
1019 1351 1072 1371 nou
1086 1348 1205 1370 unusest
1229 1341 1312 1376 Deus,
1327 1341 1406 1369 Pater
1415 1347 1442 1370 et
1456 1341 1552 1370 Filius.
1569 1342 1599 1372 Si
1613 1342 1684 1371 enim

940 1387 1007 1410 esset
1017 1390 1098 1416 unus,
1111 1390 1257 1419 numquam
1265 1379 1376 1417 diceret,
1390 1381 1448 1409 Non
1457 1391 1517 1410 sum
1530 1381 1613 1410 solus.
1630 1382 1685 1419 Qui

939 1419 1011 1449 enim
1026 1430 1095 1449 uuus
1112 1427 1161 1455 est,
1173 1426 1199 1449 et
1219 1419 1293 1448 solus
1303 1425 1346 1447 est
1359 1431 1365 1447 ε
1381 1420 1429 1458 qui
1442 1427 1530 1449 antem
1544 1421 1617 1450 solus
1632 1432 1683 1450 non

941 1466 997 1488 est:
1011 1470 1060 1488 nec
1075 1470 1144 1488 unus
1156 1460 1220 1498 est.]
1234 1459 1264 1488 Si
1277 1457 1399 1488 videmus
1413 1459 1551 1489 Christum
1568 1460 1594 1488 in
1605 1471 1683 1490 cruce

940 1498 1108 1537 pendentem,
1124 1508 1178 1527 non
1199 1508 1343 1537 possumus
1365 1498 1512 1535 intelligere
1536 1509 1570 1528 ex
1593 1500 1682 1537 nobis,

938 1538 1004 1575 quia
1026 1537 1106 1566 homo
1121 1548 1206 1576 purus
1216 1543 1256 1565 est
1269 1536 1316 1565 ille
1328 1537 1375 1574 qui
1390 1537 1497 1576 pendet.
1510 1539 1579 1566 Nam
1593 1549 1680 1568 reces-

939 1577 1006 1605 sisse
1018 1576 1180 1615 majestatem
1194 1576 1244 1605 Dei
1255 1575 1289 1604 de
1303 1586 1414 1615 corpore
1430 1587 1477 1605 nec
1491 1577 1621 1614 vidimus,
1634 1588 1682 1608 ncc

939 1615 1103 1645 audivimus.
1112 1615 1164 1645 Sed
1172 1614 1323 1650 fortedicis,
1332 1615 1475 1652 Quomodo
1482 1616 1681 1655 ergoclainabat

940 1654 967 1683 in
981 1665 1076 1691 cruce,
1093 1656 1174 1684 Deus
1195 1665 1292 1691 meus,
1309 1655 1389 1684 Deus
1411 1665 1504 1690 meus,
1531 1666 1623 1695 quare
1637 1668 1681 1686 me

938 1694 1129 1734 dereliquisti,
1142 1694 1165 1723 si
1179 1704 1230 1723 non
1245 1700 1310 1723 esset
1324 1704 1423 1734 corpus
1443 1694 1625 1725 derelictum?
1645 1697 1680 1727 Et

1109 872 1195 902 ssunt,
1210 865 1261 895 nisi
1284 865 1359 905 quod
1382 865 1496 895 audiunt
1510 865 1537 894 in
1560 865 1639 895 libris
1652 866 1686 896 de
1696 881 1754 898 cxix

1726 1239 1738 1264 †
1751 1237 1794 1258 lunc
1815 1238 1838 1258 in

1695 1269 1790 1296 quodam

1696 1300 1817 1327 exemplari

1695 1330 1707 1350 d
1712 1335 1783 1351 esunt.

1694 1629 1778 1650 ulans.
1794 1636 1832 1658 27.
1856 1655 1860 1657 ,

1691 1657 1729 1688 46.

1691 1690 1757 1711 Psal.
1766 1697 1828 1713 zuz-

939 1744 991 1763 non
1001 1733 1099 1763 audisti
1112 1733 1247 1772 quomodo
1261 1733 1295 1762 ad
1308 1733 1436 1763 latronem
1449 1733 1564 1771 dicebat,
1579 1736 1612 1764 A
1614 1747 1679 1765 men
1690 1748 1744 1769 Luc.
1758 1748 1796 1770 23.

937 1774 1002 1802 dico
1014 1775 1078 1809 tibi,
1088 1774 1177 1804 bodie
1187 1783 1297 1802 mecum
1309 1775 1366 1803 eris
1378 1776 1409 1802 in
1419 1774 1557 1813 paradiso
1568 1777 1581 1802 Ρ
1593 1776 1679 1805 Homo

937 1823 1033 1853 purus,
1049 1813 1097 1851 qui
1110 1823 1139 1842 se
1158 1812 1315 1842 derelictum
1331 1812 1439 1842 dolebat
1449 1836 1456 1849 ‚
1473 1813 1540 1843 sicut
1554 1821 1583 1844 tu
1596 1814 1676 1852 dicis,

937 1851 1072 1892 quomodo
1084 1852 1120 1881 ad
1150 1852 1287 1881 aradisum
1301 1851 1427 1882 ducatum
1443 1854 1604 1892 praestabati’
1617 1855 1678 1884 Cla-

937 1892 1026 1921 mahat
1042 1902 1107 1931 ergo
1143 1892 1206 1921 ilius
1218 1891 1253 1921 ad
1268 1894 1379 1927 Patrem,
1391 1899 1420 1921 ut
1434 1903 1461 1921 se
1475 1903 1510 1921 ex
1524 1893 1678 1924 infirmitate

936 1942 967 1960 co
1019 1931 1056 1960 ris
1070 1931 1125 1971 pati
1145 1931 1270 1971 probaret
1284 1931 1454 1969 hominibus;
1469 1942 1521 1961 non
1537 1940 1566 1962 ut
1580 1944 1677 1973 corpus

919 1988 922 1990 -
935 1981 951 2000 a
990 1971 1110 2000 ivinitate
1121 1970 1279 2000 derelictum
1301 1970 1460 2000 ostenderet.
1475 1973 1543 2001 Item
1555 1973 1602 2011 qui
1616 1981 1677 2003 sunt

935 2010 1076 2050 sapientes,
1089 2021 1105 2039 a
1118 2010 1218 2049 quibus
1239 2011 1395 2050 mysterium
1417 2010 1518 2040 Christi
1532 2012 1673 2042 abscondi-

935 2057 992 2080 tum
1005 2049 1066 2078 est?
1079 2049 1243 2085 Sacerdotes,
1258 2050 1350 2079 scribae
1362 2057 1387 2079 et
1401 2050 1537 2088 Pharisaei‚
1550 2053 1596 2090 qui
1611 2063 1675 2081 con-

936 2089 1035 2129 gregati
1050 2089 1076 2118 in
1090 2089 1189 2129 templo
1203 2089 1327 2119 dicebant
1341 2102 1348 2118 :

1373 2091 1529 2130 Quousque
1544 2094 1673 2120 animam
1684 2117 1688 2123 .

1690 1779 1728 1808 43.

1689 2103 1751 2123 ῘοιιηΔ
1771 2109 1804 2124 ιο,

935 2135 1065 2158 nostram
1075 2129 1154 2158 tollis
1164 2131 1177 2157 P
1190 2130 1247 2158 Dic
1260 2131 1342 2158 nobis
1352 2130 1464 2169 palam,
1472 2132 1498 2158 si
1507 2137 1537 2159 tu
1549 2141 1579 2160 es
1593 2132 1675 2160 Chri·
1685 2134 1722 2161 24·
1733 2133 1769 2154 23·

935 2175 1006 2198 stus.
1022 2168 1130 2205 Quibus
1150 2168 1286 2209 respondit
1303 2180 1308 2197 :
1326 2170 1365 2198 Et
1384 2169 1449 2198 diri
1462 2172 1557 2205 vobis,
1573 2177 1600 2199 et
1614 2181 1673 2199 non

936 2209 1060 2237 creditis.
1073 2209 1167 2248 Opera
1178 2218 1243 2246 quoe
1252 2219 1303 2248 ego
1305 2209 1392 2248 facio
1403 2210 1436 2237 in
1447 2211 1563 2237 nomine
1573 2210 1672 2238 Patris

938 2249 1005 2284 mei,
1017 2249 1082 2287 ipsa
1096 2247 1288 2287 testificantur
1306 2249 1342 2276 de
1360 2258 1414 2276 me.
1430 2249 1470 2277 Et
1484 2248 1613 2277 tulerunt
1628 2249 1670 2276 la-
1681 2260 1739 2282 md,
1753 2260 1820 2282 v>31.

935 2288 1031 2327 pidet,
1047 2293 1078 2316 ut
1100 2287 1263 2326 lapidarent
1290 2297 1354 2316 eum
1364 2309 1372 2323 ‚
1386 2287 1514 2316 dicentes
1527 2299 1535 2314 .·
1549 2288 1672 2325 Propter
1681 2291 1719 2314 33.

938 2328 1044 2356 bonum
1069 2336 1139 2366 opus
1162 2337 1221 2355 non
1242 2327 1408 2364 lapidamus
1429 2333 1472 2360 te,
1487 2326 1538 2354 sed
1556 2332 1673 2363 propter

937 2366 1167 2406 blasphemiam:
1184 2367 1255 2405 quia
1278 2372 1309 2394 tu
1331 2375 1398 2393 cum
1422 2366 1461 2393 sis
1485 2365 1672 2405 homo,facis

933 2406 974 2436 cei
990 2415 1054 2435 sum
1066 2406 1170 2434 Deum.
1185 2405 1240 2441 Qui
1252 2411 1313 2433 sunt
1325 2403 1448 2443 parvuli,
1464 2403 1563 2440 quihus
1575 2410 1615 2433 cst
1629 2415 1667 2432 re-

932 2457 951 2477 Ὗ

977 2445 1056 2474 atus?
1069 2446 1145 2482 Quos
1166 2443 1298 2473 Dominus
1319 2444 1461 2480 interrogat
1479 2441 1570 2471 dicens
1587 2455 1594 2472 ε
1612 2444 1670 2472 Vos
1680 2448 1766 2470 ΜηιιΙι.
1783 2449 1818 2471 (6.

931 2491 1030 2515 autem
1062 2495 1125 2514 uem
1137 2494 1182 2512 me
1192 2493 1253 2511 esse
1263 2483 1378 2510 dicitis?
1388 2480 1586 2520 Respondentes
1596 2481 1670 2512 dixe·
1683 2478 1718 2501 ’5-
1732 2478 1767 2501 ¹⁶-

932 2531 996 2555 runt
1009 2535 1015 2552 ε
1055 2535 1073 2553 α
1087 2533 1116 2552 es
1131 2523 1152 2551 C
1156 2523 1278 2557 hristus,
1294 2521 1390 2549 Filius
1405 2521 1463 2548 Dei
1475 2522 1549 2549 vivi.
1564 2521 1592 2550 Si
1606 2532 1670 2562 ergo

933 2564 1006 2609 quod
1020 2562 1109 2593 Judaei
1122 2559 1242 2599 quotidie
1254 2559 1409 2588 meditantes
1424 2559 1509 2598 legem
1525 2560 1573 2589 Dei
1594 2561 1669 2591 inve-

934 2613 992 2632 nire
1005 2612 1056 2631 non
1078 2605 1238 2640 potuerunt,
1253 2598 1395 2637 piscatores
1408 2605 1433 2627 ct
1446 2599 1539 2666 (1ιέῑίἠοί
1560 2599 1671 2637 invenc-

1501 2645 1529 2667 D.
