1890 2826
618 167 757 191 ΗΟΜΙῙᾸΑ

82 232 192 272 γόμενον
205 233 296 269 λῶμα,
318 233 328 246 “
337 230 419 265 ἄνθη,
435 229 507 269 ῥωὰ,
522 228 566 258 καὶ
579 229 678 268 ῥοΐσκοι
691 233 794 268 χρυσοῖ,
809 229 853 257 ’καὶ

82 278 207 311 κώδωνες.
227 276 264 306 Τί
277 276 399 305 ἐὸούλετο
412 277 496 304 ταῦτα
512 276 539 304 ἐν
564 277 602 314 τῷ
619 276 699 314 ἱερεῖ,
720 269 772 314 ἄρα
785 273 854 304 Θεὸς

81 323 225 354 ἀνεπαύετο
243 321 343 355 τούτοις
363 325 417 354 τοῖς
430 321 550 358 ἄνθεσιν,
565 315 618 360 ἀρα
630 319 753 349 ἐδούλετο
774 319 853 358 γήϊνα

81 370 146 404 ἄνθη
159 364 226 397 εἶναι
239 367 300 407 περὶ
314 368 358 396 τὸν
375 366 464 407 ἱερέα;
490 367 559 396 Ἀλλ’
575 367 602 395 ἐν
614 367 652 405 τῷ
666 365 787 405 σχήματι
807 366 853 393 τοῦ

79 414 169 455 ἱερέως
182 413 329 448 ἐξεικονίζει
342 413 389 446 τὰς
399 412 502 452 ἀρετάς.
529 411 597 441 Ἄνω
611 412 655 441 ἐπὶ
670 414 718 447 τῆς
738 411 854 451 κεφαλῆς

80 461 163 499 ὄνομα
179 462 265 495 Θεοῦ,
279 459 324 488 ἐπὶ
337 461 383 487 τοῦ
406 457 538 494 1’στήθους
548 458 579 486 τὸ
590 459 708 496 λογεῖον,
724 455 757 485 τὰ
780 455 854 486 κάτω

81 507 146 542 ἄνθη
160 506 204 535 καὶ
215 505 327 546 καρποὶ,
337 505 371 534 τὰ
382 507 435 534 τῶν
447 505 548 544 ἀρετῶν
558 503 765 543 κατορθώματα,
778 501 854 531 ἅτινά

80 554 150 582 ἐστιν
164 551 327 590 ἐλεημοσύνη
337 573 344 586 ,
360 549 511 585 δικαιοσύνη
519 572 530 586 ,
542 548 733 589 φιλανθρωπία.

119 1065 166 1094 Δεῖ
179 1059 224 1094 οὖν
235 1066 306 1102 ἡμᾶς
328 1064 399 1103 ἔχειν
413 1062 458 1091 καὶ
478 1061 512 1090 τὰ
526 1063 652 1091 ἀνθοῦντα
662 1061 748 1095 κάλλη
762 1060 807 1089 καὶ
819 1059 853 1088 τὰ

77 1110 286 1150 πεπληρωμένα.
299 1109 378 1144 Ἄνθη
391 1108 419 1138 δέ
431 1110 496 1137 εἰσιν
511 1107 614 1147 ἱερέως,
639 1107 782 1145 συντυχία,
797 1109 854 1144 ὁμι-

80 1157 126 1185 λία
137 1179 144 1192 ,
167 1152 245 1191 ιτ’ῗίθος
268 1155 377 1194 ἀγαθὸν,
398 1154 475 1194 λόγος
492 1154 622 1193 χρηστὸς,
647 1152 748 1185 πίστις,
775 1151 852 1188 δόξα,

80 1203 200 1239 ἀλήθεια,
213 1200 363 1237 δικαιοσύνη
373 1213 380 1219 ·
395 1200 440 1230 καὶ
461 1199 558 1238 μεταξὺ
569 1198 667 1228 τούτων
679 1199 703 1227 οἱ
717 1197 836 1232 κώδωνες
846 1219 854 1233 ,

75 1250 96 1283 Δἡ
110 1246 249 1287 συμφωνία
257 1249 310 1276 τῶν
324 1247 412 1276 καλῶν
427 1246 518 1285 ἔργων.
531 1246 612 1274 Πᾶσα
622 1243 674 1284 γὰρ
689 1243 769 1283 ἀρετὴ
786 1239 854 1283 ἦχον

79 1294 210 1323 ἀποτελεῖ.
225 1293 274 1322 Διὸ
285 1292 358 1331 λέγει
370 1292 486 1324 Παῦλος·
504 1291 558 1330 Ἀφ’
575 1292 650 1328 ὑμῶν
660 1289 711 1329 γὰρ
726 1289 854 1329 ἐξήχηται

78 1341 92 1367 ὁ
104 1339 180 1378 λόγος
192 1340 238 1367 τοῦ
250 1339 330 1368 Θεοῦ.
355 1337 441 1367 Πόθεν
455 1336 482 1366 δὲ
492 1336 590 1375 ἤρξατο
605 1337 619 1365 ὁ
633 1331 715 1375 ἦχος,
735 1334 789 1364 Καὶ
803 1346 853 1364 πε-

78 1384 166 1424 ριῄει,
185 1385 280 1425 φησὶν,
306 1386 321 1413 ὁ
335 1383 440 1419 Ἰησοῦς
452 1382 581 1411 διδάσκων
595 1386 684 1410 πᾶσαν
697 1380 785 1417 πόλιν,
810 1379 854 1409 καὶ

78 1437 166 1461 πᾶσαν
177 1431 271 1470 κώμην
279 1453 287 1467 ,
310 1430 356 1460 καὶ
368 1428 519 1469 θεραπεύων
530 1433 619 1457 πᾶσαν
633 1427 708 1456 νόσον
718 1450 726 1463 ,
745 1426 789 1456 καὶ
801 1431 855 1456 πᾶ-

79 1489 127 1507 σαν
143 1478 286 1516 μαλακίαν.
294 1477 348 1506 Καὶ
361 1475 466 1511 ἐξῆλθεν
479 1470 546 1514 ἦχος
556 1474 618 1514 περὶ
630 1475 708 1502 αὐτοῦ
721 1474 756 1506 εἷς
766 1478 855 1502 πᾶσαν

78 1522 127 1558 τὴν
148 1525 207 1562 γῆν.
228 1522 351 1562 Πρόσεχε
364 1520 488 1561 ἀκριὸῶς.
509 1515 586 1552 Εἶδες
609 1520 661 1548 τῶν
684 1520 784 1558 ἀρετῶν
811 1518 856 1548 τὸν

80 1568 196 1607 κόσμον;
210 1569 328 1601 Ἐκεῖνος
351 1569 365 1596 ὁ
393 1565 476 1606 ἱερεὺς
492 1567 607 1605 Χριστοῦ
632 1560 665 1599 ἦν
686 1563 774 1596 τύπος.
797 1565 856 1593 Οὐκ

80 1615 277 1654 ἀλληγοροῦμεν
289 1615 415 1648 ἐνταῦθα,
428 1614 451 1641 εἰ
466 1611 503 1650 μὴ
515 1609 637 1650 ἀφορμὰς
645 1609 774 1647 ἐλάὸομεν
783 1609 856 1649 παρὰ

80 1661 197 1690 Παύλου.
219 1662 253 1690 Εἰ
267 1659 304 1699 μὴ
320 1660 427 1692 Παῦλος
442 1658 592 1697 ἡρμήνευσε
613 1655 662 1691 τὴν
680 1655 790 1694 δύναμιν
807 1657 856 1690 τῆς

79 1706 260 1742 δικαιοσύνης,
271 1708 348 1744 ἡμεῖς
358 1708 441 1734 ταῦτα
454 1707 544 1742 μαθεῖν
556 1704 603 1732 οὐκ
617 1701 777 1740 ἠδυνάμεθα.
803 1701 854 1730 Διὰ

81 1756 159 1782 τοῦτο
171 1756 240 1781 ποιεῖ
257 1753 362 1788 Παῦλος
376 1750 421 1780 τὸν
435 1750 508 1789 ἱερέα
519 1750 617 1778 ἐκεῖνον
629 1747 710 1777 τύπον
725 1749 770 1776 τοῦ
786 1748 854 1786 Χρι-

78 1802 140 1828 στοῦ
151 1821 159 1834 ,
174 1798 219 1828 καὶ
229 1798 315 1837 λέγει·
333 1799 374 1827 Οὖ
388 1795 440 1836 γὰρ
450 1797 487 1829 εἰς
498 1793 673 1834 χειροποίητα
689 1793 751 1832 ἅγια
765 1794 854 1828 εἷσῆλ-

78 1847 120 1874 θεν
133 1847 147 1874 ὁ
161 1844 288 1884 Χριστὸς,
301 1842 430 1872 ἀντίτυπα
445 1843 497 1871 τῶν
510 1841 639 1876 ἀληθινῶν
650 1861 658 1874 ,
683 1840 741 1869 ἀλλ’
757 1840 793 1872 εἷς
808 1840 854 1867 αὖ-

77 1891 121 1920 τὸν
150 1890 194 1919 τὸν
219 1889 326 1930 οὐρανὸν
337 1911 344 1925 ,
371 1890 562 1929 ἐμφανισθῆναι
585 1889 623 1926 τῷ
645 1884 781 1926 προσώπῳ
807 1887 853 1914 τοῦ

76 1939 146 1966 Θεοῦ
157 1937 223 1976 ὑπὲρ
231 1938 318 1975 ἡμῶν.
329 1929 476 1967 Στάσιςοῧν
491 1929 522 1970 ἦν
531 1934 557 1962 ἐν
566 1936 620 1966 τοῖς
628 1931 688 1961 τότε
702 1930 852 1965 Ἰουδαίοις,

78 1984 123 2014 καὶ
136 1984 242 2023 ζήτημα
256 1983 335 2017 ξένον.
350 1980 461 2016 Ἐπειδὴ
475 1979 526 2019 γὰρ
540 1980 564 2008 οἱ
577 1978 720 2008 ἀπόστολοι
738 1978 853 2016 ἐκήρυτ-

77 2042 122 2060 τον
132 2031 175 2060 τὸν
182 2031 297 2069 Σωτῆρα
306 2051 314 2064 ,
330 2027 374 2057 καὶ
391 2026 501 2067 βασιλέα
510 2049 518 2062 ,
527 2025 572 2055 καὶ
586 2023 659 2064 ἱερέα
669 2046 677 2060 ,
691 2023 736 2053 καὶ
747 2021 853 2062 προφή-

77 2089 138 2112 την,
152 2075 284 2116 ἐμάχοντο
293 2076 318 2104 οἱ
330 2075 466 2107 Ἰουδαῖοι,
478 2073 524 2102 καὶ
537 2072 628 2110 ἔλεγον
638 2070 672 2100 τὰ
684 2069 752 2100 κατὰ
763 2069 851 2108 νόμον.

76 2123 174 2158 Ἄλλη,
190 2122 273 2162 φησὶ,
295 2121 363 2161 φυλὴ
379 2119 527 2160 βασιλείας,
555 2117 599 2148 καὶ
613 2117 682 2152 ἄλλη
697 2115 849 2156 ἱερωσύνης.

77 2169 112 2198 ‘ll
134 2167 260 2203 Λευιτικὴ
279 2166 363 2207 φυλὴ,
383 2164 540 2205 ἱερωσύνης,
567 2166 584 2199 ἡ
599 2164 626 2193 δὲ
647 2163 743 2198 Ἰούδα,
772 2163 850 2201 βασι-

784 167 828 190 DE
854 167 1087 193 LEGISLATORE
1095 185 1100 192 .

1571 160 1635 206 481

908 229 961 258 cim
987 230 1075 260 tribus
1105 230 1296 262 dividebantur
1308 244 1314 261 :
1326 243 1406 271 grave
1419 232 1534 262 (lictum.
1559 233 1648 273 Supra

908 275 1018 314 quidem
1032 276 1059 305 in
1073 276 1192 307 humeris
1207 288 1258 307 una
1273 278 1396 318 lapidum
1410 286 1466 308 erat
1486 286 1581 308 natura
1598 289 1651 308 uno

908 320 1044 360 designata
1067 322 1183 360 nomine,
1202 324 1377 364 smaragdus5
1392 324 1419 354 in
1438 331 1544 364 pectore
1563 331 1651 354 autem

909 366 977 395 infra
991 367 1094 407 lapides
1113 368 1222 398 diversi.
1241 370 1316 406 Quid
1327 370 1379 400 hoc
1391 370 1445 399 sibi
1463 370 1544 399 vult?
1558 371 1652 406 Quan-

908 412 1055 452 doquidem
1082 425 1136 443 una
1160 426 1207 444 nos
1226 423 1320 445 natura
1345 416 1497 456 procreavit
1507 438 1514 452 ‚
1545 415 1651 445 diversa

871 461 890 485 ’.ἶ
908 469 972 489 vero
982 470 1031 489 nos
1044 460 1156 489 consilia
1169 468 1196 490 et
1207 462 1346 501 opiniones
1354 461 1514 498 diviserunt,
1528 462 1578 491 hoc
1591 462 1653 500 qui-

908 504 969 534 dem
983 505 1104 545 opinioni
1118 506 1225 539 tribuit,
1237 507 1308 536 illud
1319 518 1383 536 vero
1395 514 1505 536 naturae.
1522 507 1589 536 Erat
1602 506 1654 545 igi-

909 557 952 580 tur
972 551 1023 581 Dei
1043 562 1138 581 nomen
1157 553 1244 582 virtus
1260 553 1288 582 in
1309 553 1411 582 actione
1422 554 1520 593 posita,
1534 563 1594 591 quae
1606 563 1653 592 pei·

908 598 1036 627 rationem
1055 609 1085 628 ac
1099 599 1238 628 veritatem
1251 600 1381 629 subsistit.
1395 600 1431 629 Et
1442 599 1469 628 in
1487 599 1596 628 fimbria
1610 610 1652 628 sa-

906 644 1032 682 cerdotis,
1045 656 1103 684 quae
1117 645 1219 675 dicitur
1231 657 1287 682 ora,
1298 646 1377 676 flores
1391 647 1455 676 mali
1469 647 1572 686 punici,
1584 646 1654 686 mala

907 691 1003 730 punica
1026 702 1118 728 aurea,
1141 700 1166 722 ct
1185 692 1375 722 tintinnabula.
1392 692 1467 730 Quid
1487 692 1544 722 haec
1562 692 1588 721 in
1609 702 1653 721 sa-

906 737 1012 767 cerdote
1031 738 1083 767 sibi
1104 732 1401 778 voleban2?‘n11mquid
1417 740 1491 768 Deus
1515 738 1559 767 his
1575 738 1652 767 flori—

905 783 956 811 bus
982 782 1190 813 delectabatur?
1215 795 1282 814 num
1307 785 1420 814 terrenis
1448 784 1562 814 floribus
1591 785 1648 813 cin-

906 835 979 858 cunn
990 840 1046 859 csse
1067 830 1232 860 sacerdotem
1243 831 1369 861 volebat?
1380 830 1434 861 Sed
1450 830 1477 859 in
1497 831 1597 861 vestitu
1610 841 1652 859 sa-

908 874 1023 904 cerdotis
1034 876 1148 905 virtutes
1168 877 1281 916 effingit.
1294 877 1381 916 Supra
1403 876 1513 915 quidem
1529 877 1556 905 in
1567 876 1654 915 capite

906 932 1001 951 nomen
1012 922 1062 951 Dei
1076 934 1082 953 ;
1098 923 1125 951 in
1138 930 1245 963 pectore
1260 923 1401 952 oraculum
1418 935 1424 951 :
1441 923 1508 951 infra
1518 933 1583 951 vcro
1597 922 1650 951 {lo--

907 978 948 996 res
958 974 983 996 et
993 968 1107 1004 fructus,
1116 968 1250 998 virtutum
1264 975 1333 998 recte
1347 969 1426 1005 facta,
1441 979 1501 1007 quae
1512 974 1575 997 sunt
1586 967 1653 996 elee-

909 1024 1031 1054 mosyna,
1045 1015 1162 1054 justitia,
1177 1015 1340 1054 benignitas.

947 1062 976 1091 5.
992 1062 1048 1091 Nos
1066 1061 1150 1101 igitur
1167 1062 1265 1091 habere
1285 1069 1390 1101 oportet
1403 1069 1429 1091 et
1440 1062 1565 1091 ssorcntae
1584 1061 1653 1101 pul-

906 1107 1074 1136 chritudines
1094 1115 1120 1137 et
1141 1108 1287 1148 completas
1306 1115 1385 1147 atque
1406 1116 1535 1138 maturas.
1560 1108 1654 1138 Flores

907 1164 987 1193 porro
1012 1160 1074 1183 sunt
1102 1150 1256 1191 sacerdotis,
1282 1164 1448 1193 congressus,
1471 1154 1652 1193 colloquium,

906 1199 970 1228 boni
984 1210 1082 1236 mores,
1097 1200 1170 1229 mitis
1184 1211 1282 1238 sermo,
1295 1199 1374 1237 fides,
1389 1201 1471 1237 fama,
1482 1201 1591 1236 veritas,
1604 1202 1652 1240 ju-

907 1245 993 1283 stiti-‘³5
1010 1253 1036 1275 et
1052 1245 1094 1275 his
1107 1246 1244 1286 interjecta
1256 1246 1448 1282 tintinnabula,
1461 1247 1599 1276 consensio
1614 1247 1655 1275 ni-

907 1291 1007 1321 mirum
1020 1292 1153 1321 bonorum
1167 1303 1290 1332 operum.
1312 1292 1408 1322 Omnis
1425 1292 1496 1322 enim
1510 1293 1597 1322 virtus
1611 1303 1653 1322 so-

909 1347 974 1366 num
999 1337 1142 1376 quemdam
1164 1337 1229 1368 edit.
1251 1337 1332 1367 Unde
1350 1338 1450 1368 Paulus
1476 1339 1512 1368 ait
1532 1338 1583 1368 :A
1604 1349 1805 1376 2¹⁰·1.Tl1ess.=.

871 1386 890 1408 D
909 1384 952 1412 bis
976 1386 1054 1412 enim
1075 1393 1168 1412 sermo
1196 1385 1255 1413 Dei
1282 1386 1443 1424 personuit
1467 1387 1503 1414 At
1524 1384 1655 1415 undenam
1666 1383 1689 1407 ²3·

909 1429 1007 1469 incepit
1037 1430 1139 1459 sonus?
1169 1431 1318 1460 circuibat
1344 1432 1449 1466 Jesus,
1471 1430 1523 1466 ait,
1550 1432 1656 1460 docens
1667 1447 1752 1467 mmm,
1767 1455 1790 1475 9,

910 1486 955 1504 om
961 1486 1025 1504 nem
1051 1477 1198 1505 civitatem
1213 1483 1242 1505 et
1253 1487 1367 1506 omnem
1380 1478 1489 1512 vicum,
1510 1483 1538 1506 et
1552 1487 1656 1507 curans
1667 1477 1705 1500 35-

910 1532 1024 1550 omnem
1047 1523 1191 1556 morbum,
1214 1527 1243 1550 et
1263 1532 1378 1551 omnem
1400 1523 1604 1562 infirmitatem
1624 1525 1657 1552 in

907 1568 1016 1606 populo
1031 1579 1042 1595 .·
1057 1574 1082 1596 et
1093 1567 1177 1597 exivit
1190 1577 1270 1596 sonus
1283 1567 1317 1596 de
1330 1578 1360 1596 eo
1378 1568 1406 1596 in
1424 1578 1531 1597 omnem
1545 1575 1655 1598 terram.

908 1612 1022 1642 Attende
1044 1612 1197 1652 diligenter.
1225 1612 1368 1643 Virtutum
1390 1621 1515 1643 ornatum
1540 1614 1655 1643 vidisti?

907 1658 958 1687 Ille
972 1658 1029 1698 ipse
1044 1658 1166 1687 sacerdos
1179 1658 1280 1688 Christi
1295 1659 1381 1698 figura
1399 1666 1465 1688 erat.
1481 1660 1532 1689 Hic
1546 1660 1656 1698 quidem

909 1704 979 1733 nihil
992 1704 1066 1734 velut
1076 1715 1124 1744 per
1135 1703 1291 1744 allegoriam
1304 1704 1512 1744 explicaremus,
1525 1705 1577 1734 nisi
1587 1707 1657 1736 Pau-

908 1751 952 1780 lus
965 1751 1044 1780 nobis
1057 1761 1148 1780 ansam
1162 1751 1291 1791 praeberet
1306 1764 1312 1780 :
1327 1758 1352 1780 et
1366 1751 1418 1780 nisi
1432 1752 1535 1781 Paulus
1549 1752 1606 1782 vim
1620 1752 1655 1782 il-

908 1797 962 1825 lam
974 1796 1085 1835 justitiae
1098 1797 1175 1826 nobis
1187 1796 1357 1836 explicasset,
1368 1807 1416 1826 nos
1430 1808 1493 1826 sane
1506 1798 1563 1828 baec
1576 1809 1655 1828 num-

871 1847 889 1870 E
908 1854 988 1882 quam
1007 1843 1110 1882 assequi
1132 1844 1323 1883 potuissemus.
1346 1844 1422 1873 Hanc
1436 1844 1472 1872 oh
1485 1855 1542 1873 rem
1557 1845 1656 1874 Paulus

908 1889 980 1918 hunc
994 1888 1156 1918 sacerdotem
1166 1888 1269 1919 Christi
1281 1889 1396 1928 figuram
1410 1891 1547 1929 proponit,
1562 1897 1588 1919 et
1598 1891 1635 1920 ait
1646 1904 1653 1920 τ

907 1936 981 1965 Non
994 1937 1072 1965 enim
1084 1936 1116 1963 in
1125 1941 1231 1965 sancta
1242 1936 1414 1976 manufacta
1426 1938 1558 1966 introivit
1574 1938 1656 1966 Chri-
1666 1955 1805 1984 lleh1·.9.2.',.

907 1987 980 2018 stus,
1001 1981 1181 2019 exemplaria
1201 1991 1349 2018 verorum,
1369 1983 1420 2011 sed
1438 1984 1470 2011 in
1489 1984 1582 2022 ipsum
1601 1994 1655 2013 σιε-

908 2028 980 2063 lum,
999 2033 1031 2056 nt
1050 2034 1189 2067 appareat
1208 2037 1286 2056 nunc
1306 2028 1404 2057 vultui
1426 2029 1483 2057 Dei
1495 2039 1548 2068 pro
1563 2030 1653 2059 nobis.

907 2075 994 2112 Atque
1019 2073 1076 2103 baec
1101 2073 1212 2113 quidem
1234 2084 1277 2103 res
1306 2073 1431 2104 seditioni
1456 2075 1525 2105 inter
1547 2076 1656 2107 Judaeos

907 2119 1070 2148 occasionem
1082 2119 1228 2160 praebehat,
1250 2119 1285 2149 ita
1302 2127 1332 2149 ut
1349 2119 1383 2149 de
1398 2121 1523 2151 inusitata
1545 2122 1613 2152 inter
1626 2134 1654 2152 se

907 2165 1052 2203 quaestione
1069 2164 1266 2195 contenderent.
1281 2165 1352 2195 Cum
1370 2167 1441 2195 enim
1462 2168 1576 2207 apostoli
1597 2179 1655 2198 ser-

77 2214 163 2250 λείας,
174 2212 262 2254 φησίν.
279 2213 313 2241 Εἰ
326 2207 513 2251 οὗνὸΧριστὸς
528 2209 650 2249 βασιλεύς
665 2210 749 2244 ἐστιν,
763 2206 851 2236 οὐκέτι
860 2235 896 2255 4„
907 2217 1037 2247 vatorem‚
1052 2217 1078 2240 et
1096 2221 1196 2251 regem,
1212 2218 1239 2240 et
1257 2211 1431 2248 sacerdotem,
1449 2220 1475 2242 ct
1495 2214 1654 2253 prophetam

77 2260 173 2300 ἱερεύς·
200 2261 223 2289 εἰ
236 2259 264 2288 δὲ
278 2257 378 2298 ἱερεὺς,
390 2257 478 2287 οὐκέτι
493 2255 625 2296 βασιλεύς.
639 2255 746 2287 Παῦλος
766 2253 850 2292 μαχό-
868 2263 888 2285 Α
901 2255 1094 2296 ‘pudic-arent,
1108 2256 1195 2287 Judaei
1218 2257 1286 2286 inter
1305 2258 1552 2296 secontendebant,
1566 2260 1655 2289 allatis

78 2318 170 2345 μενος,
190 2305 236 2335 καὶ
249 2304 315 2345 πρὸς
333 2303 383 2339 τὴν
397 2303 503 2333 ἐκείνων
520 2301 644 2331 “⁴⁷³deth
661 2299 782 2340 ἁρμόζων
807 2299 850 2328 τὸν
866 2337 869 2340 ,
907 2301 936 2330 in
953 2301 1070 2331 medium
1085 2302 1129 2338 iis,
1145 2313 1204 2341 quoe
1218 2302 1245 2331 in
1258 2303 1316 2342 lege
1326 2302 1443 2342 ipsorum
1456 2303 1552 2343 scripta
1567 2312 1651 2334 erant.

76 2353 171 2392 λόγον,
185 2351 265 2392 φησί·
291 2350 328 2388 μὴ
352 2350 404 2389 γὰρ
426 2349 495 2379 κατὰ
508 2348 556 2384 τὴν
576 2347 648 2382 τάξιν
663 2348 711 2381 τῆς
724 2344 853 2385 ὑμετέρας
908 2347 980 2386 Alia²
1000 2346 1136 2384 dicebant,
1159 2348 1249 2378 tribus
1270 2349 1355 2388 regni,
1378 2355 1404 2377 et
1424 2349 1477 2377 alia
1499 2349 1653 2379 sacerdotii.

78 2398 220 2437 ἱερωσύνης
231 2397 328 2433 ἀνίστη
343 2394 471 2435 Χριστόςὶ
484 2389 554 2433 Παρ’
567 2395 628 2431 ὖμῖν
640 2392 851 2431 διῄρηταῑβασῑ·
908 2394 1027 2424 Levitica
1050 2393 1172 2433 quidem,
1195 2393 1336 2423 sacerdotii
1354 2405 1360 2422 :
1378 2394 1465 2423 tribus
1486 2404 1549 2423 vero
1569 2395 1653 2432 Juda,

77 2449 136 2478 λεία
157 2448 202 2477 καὶ
215 2446 343 2487 ἱερωσύνη
353 2458 359 2464 ·
380 2447 406 2475 ἐν
420 2446 446 2474 δὲ
462 2446 500 2485 τῷ
516 2445 623 2483 Χριστῷ
645 2444 784 2477 συνῆπται.
812 2440 851 2470 Σὺ
907 2440 993 2481 regni.
1009 2441 1038 2471 Si
1048 2440 1131 2480 igitur
1144 2439 1271 2469 Christus
1292 2450 1351 2476 rex,
1367 2449 1429 2478 ergo
1441 2449 1492 2469 non
1506 2440 1628 2470 sacerdos
1644 2454 1651 2470 ε

891 2526 923 2550 tis
936 2524 1000 2550 bene
1012 2523 1105 2548 habere
1118 2522 1224 2548 videtur.

114 2542 123 2552 ¹·
142 2534 197 2558 Duo
206 2537 262 2562 ἄνθη
273 2535 345 2567 ῥοιᾶς,
360 2535 397 2556 καὶ
407 2534 499 2566 palazol.
1363 2561 1368 2566 ι

925 2572 934 2584 t
952 2564 993 2589 Sic
1004 2571 1090 2588 omues
1103 2566 1164 2591 ἦθος,
1178 2560 1221 2585 sed
1234 2569 1295 2585 {tntis
1309 2559 1382 2585 addit
1391 2566 1501 2587 ταπεινόν,

115 2574 127 2592 ¹»
144 2573 207 2597 Tres
219 2572 276 2596 uss.
291 2574 381 2599 στήθους
395 2573 466 2601 λόγος.
482 2572 512 2594 τὰ
524 2571 593 2593 κάτω.
604 2565 653 2591 Sed
666 2565 735 2590 locus
744 2566 769 2590 in
780 2564 840 2590 Edi-
