1904 2840
219 213 236 247 7
249 214 255 235 ι
266 202 288 244 4

213 279 368 312 pereuntem
377 276 555 301 servaturum.
563 269 679 299 Ducitur
685 277 750 309 ergo
760 267 788 296 in
798 266 957 307 AEgyptum,

214 322 363 349 rursusque
374 310 512 347 venditur,
521 319 607 348 neque
614 308 697 338 semel
710 314 797 337 tamen
809 307 840 336 fit
852 317 957 336 servus.

215 353 270 389 Qui
278 352 350 380 euim
358 350 446 379 animo
454 350 523 379 liber
532 356 582 385 est,
593 349 655 378 licet
664 347 763 377 millies
772 346 897 377 venditus
904 346 958 375 fue-

214 392 260 426 rit⁷
269 401 317 420 nec
325 390 407 419 semel
415 390 445 419 lit
453 399 546 419 servus
559 401 565 417 ι
578 395 607 417 ut
615 398 709 417 rursus
717 387 765 426 qui
775 386 895 415 moribus
901 396 956 415 ser·
968 401 1004 420 6⁰5

214 442 264 460 vus
274 437 324 466 est,
334 430 383 459 etsi
392 429 491 458 millies
499 429 622 458 libertate
628 427 752 463 donetur,
769 436 802 456 ne
809 425 890 455 semel
899 425 959 464 qui·
976 430 996 452 Α

214 471 275 500 dein
291 471 320 499 fit
341 470 426 510 liberJ
441 479 522 508 quem
539 468 610 497 enim
624 477 672 507 pro
695 466 726 496 rii
741 476 827 495 mores
842 465 959 494 liberum

215 520 267 539 non
287 509 417 545 efficiunt,
431 509 504 538 hunc
517 514 645 537 sexcentae
658 478 757 536 cliartae
773 505 910 545 nigraeque
923 504 959 533 li-

215 557 277 579 terae
295 556 430 587 nequeunt
450 548 567 577 liberum
583 546 706 576 reddere.
721 545 838 575 Ducitur
857 554 920 584 ergo
933 544 960 573 in

216 590 378 629 AEgyptum‚
388 589 415 617 in
436 588 507 628 AEgy
528 587 565 616 tia
577 586 658 616 domo
677 584 815 621 venditur,
829 591 961 623 amatura

216 629 336 664 domino,
358 635 463 658 amatur
476 639 491 656 a
524 626 614 656 omina
630 638 637 654 τ
657 625 704 655 sed
725 624 829 654 domini
851 623 961 663 quidem

215 669 301 698 bonus
321 679 407 704 amor,
427 667 544 697 dominae
569 673 658 695 autem
676 675 777 706 pravus
797 674 874 693 amor
893 670 960 693 erat.

214 709 284 737 Nam
298 708 345 737 ille
357 707 466 747 quidem
477 717 540 736 eum
554 713 662 751 propter
675 703 832 734 modestiam
839 703 962 739 amabat;

215 748 271 777 haec
285 755 383 784 autem,
395 747 469 786 quod
478 753 557 776 oestro
566 745 690 775 libldinis
701 750 769 774 esset
778 743 893 784 percita:
905 749 963 772 tum

215 798 280 817 vero
296 794 426 826 quantum
442 794 585 827 progressu
599 785 728 825 temporis
747 784 839 813 formae
857 793 963 822 quoque

216 826 591 866 pulchritudocfssoreseebat,
598 831 701 854 tantum
710 823 787 853 illius
798 823 826 852 in
838 833 900 852 eum
908 824 962 852 im·-

215 874 309 906 poteus
320 877 395 896 amor
407 866 567 905 augebatur,
580 871 606 895 et
619 864 729 893 intimus
743 862 812 902 ignis
826 862 964 902 cupidinis

215 917 261 936 cor
266 908 288 947 ej
294 917 323 936 us
330 905 647 947 depascebat.Enimvero
651 904 778 943 juvenem
785 901 896 942 perdere
902 912 964 931 cum

215 946 344 983 studeret,
351 946 440 976 omnia
447 946 546 985 quibus
554 944 626 974 oculi
632 944 766 984 juvenum
772 942 831 971 falli
839 949 962 982 possunt,

215 987 342 1023 tentabat,
353 985 420 1015 dum
427 987 535 1016 vultum
544 985 619 1023 quasi
631 989 740 1024 pratum
748 981 886 1021 quoddam
895 981 964 1010 mul-

215 1026 303 1065 tiplici
323 1026 449 1055 varietate
469 1025 626 1059 decorabat,
650 1023 710 1052 fuco
731 1022 859 1051 ruborem
871 1020 961 1061 genis,

216 1077 322 1095 cerussa
337 1065 578 1095 sronticandorem
591 1062 739 1098 obtinebat,
760 1062 852 1091 oculos
881 1061 963 1092 stibio
979 1064 996 1087 B

218 1105 354 1145 pingebat,
370 1105 516 1134 monilibus
529 1104 618 1133 aureis
631 1102 732 1132 collum
742 1108 768 1131 et
778 1112 873 1131 manus
886 1112 965 1131 exor-

216 1145 307 1181 nabat,
324 1145 419 1175 molles
431 1152 516 1174 vestes
530 1155 592 1173 suas
609 1142 693 1172 variis
707 1141 899 1180 suffumigahat
911 1152 963 1171 un-

217 1185 322 1223 guentis
337 1197 343 1212 :
359 1185 446 1213 letifer
459 1184 575 1222 denique
589 1183 700 1221 laqueus
713 1189 780 1216 erat,
794 1181 830 1211 ad
837 1182 965 1221 juvenem

218 1234 267 1263 per
277 1234 368 1253 omnes
379 1234 482 1259 sensus,
494 1230 523 1252 ut
536 1222 715 1257 existimabat,
730 1221 890 1258 fallendum,
903 1232 965 1250 cum

219 1263 312 1292 oculos
335 1262 446 1302 quidem
467 1262 618 1302 apparentis
640 1267 761 1294 ornatus,
780 1271 858 1290 aures
877 1267 966 1290 autem

218 1302 404 1331 adulationum
416 1301 557 1341 praestigiis
568 1301 698 1337 irretiret,
712 1300 839 1332 olfactum
850 1310 966 1338 unguen-

219 1342 254 1371 tis
275 1341 426 1371 fascinaret.
441 1341 495 1371 Sed
510 1341 583 1375 vide,
603 1350 703 1379 quaeso,
725 1339 845 1379 generosi
860 1339 966 1368 athletae

219 1381 403 1411 fortitudinem
424 1393 431 1409 ε
447 1381 485 1410 sic
498 1380 570 1409 enim
583 1379 698 1408 arbitror
713 1379 864 1418 permisisse
877 1379 965 1408 Deum

220 1428 251 1450 ut
268 1421 376 1450 tentatio
390 1431 474 1460 puero
493 1420 646 1456 inferretur,
662 1425 691 1447 ut
708 1418 790 1447 simul
801 1424 827 1447 et
842 1418 966 1447 latentem

220 1461 249 1489 in
269 1462 369 1500 juvene
382 1460 509 1490 virtutem
524 1459 693 1499 patefaceret,
709 1464 734 1487 et
747 1458 804 1497 ejus
818 1457 900 1487 vitam
915 1459 967 1487 Ec-

220 1500 306 1530 clesiae
319 1507 455 1538 tamquam
472 1499 616 1528 maximam
630 1497 774 1537 quamdam
787 1497 907 1526 scholam
920 1508 966 1527 re—

220 1540 363 1578 linqueret.
382 1539 457 1569 Nihil
475 1540 546 1568 enim
557 1538 620 1567 boni
636 1544 676 1567 est
688 1547 703 1566 a
721 1536 845 1577 patribus
863 1543 967 1576 gestum

221 1579 295 1618 quod
305 1589 357 1608 non
368 1579 396 1608 in
405 1578 524 1608 Ecclesia
534 1579 606 1607 Deus
620 1576 694 1606 velut
706 1576 859 1606 columnam
872 1586 968 1614 quam·

221 1619 285 1649 dam
299 1619 360 1649 vitae
371 1625 574 1648 monumentum
592 1617 719 1646 ferentem
735 1615 858 1645 erexerit.
872 1615 968 1644 Consi—

222 1659 286 1688 dera
310 1669 373 1698 ergo
396 1657 517 1698 generosi
541 1656 648 1686 athletae
670 1654 871 1690 fortitudinem,
886 1665 968 1693 quam

224 1698 309 1727 multa
318 1705 404 1727 essent
414 1708 473 1736 quae
484 1707 546 1726 eum
557 1702 754 1736 oppugnarent.
762 1695 779 1725 J
783 1694 897 1724 uvenilis
908 1701 969 1723 aetas

224 1739 247 1767 ci
260 1749 307 1767 sua
318 1738 421 1766 bellum
429 1737 567 1771 inferebat,
578 1736 690 1765 interius
700 1734 786 1764 libido
796 1733 935 1770 titillabat,
943 1740 969 1763 et

224 1778 323 1807 mulier
337 1777 456 1807 exterius
472 1776 645 1817 oppugnabat
664 1774 803 1815 promissis
815 1773 968 1810 blandiens,

224 1826 249 1847 et
260 1817 402 1847 blanditiis
416 1823 551 1846 assentans
561 1828 567 1845 :
577 1814 702 1844 immissae
719 1813 884 1843 mulierculae
897 1824 970 1842 com-

226 1857 378 1893 movebant,
391 1864 417 1886 et
435 1855 555 1885 adulatio
566 1865 644 1883 aures
663 1854 720 1893 ejus
734 1863 880 1892 sensusque
892 1853 969 1882 solli-

226 1897 325 1926 citabat
348 1908 354 1924 :
375 1896 422 1925 sed
436 1895 507 1924 nihil
528 1895 626 1924 horum
645 1904 708 1923 eum
725 1893 814 1932 potuit
833 1899 970 1933 superare.

226 1937 296 1966 Nam
307 1946 393 1975 neque
403 1934 604 1965 adulationibus
612 1932 747 1962 emollitus
756 1932 872 1961 habenas
882 1932 971 1962 remit-

227 1976 309 2011 tebat,
323 1986 411 2014 neque
425 1973 562 2014 promissis
575 1972 684 2002 inflatus
694 1971 840 2001 castitatem
851 1972 971 2011 neglige—

228 2015 285 2051 bat,
297 2025 383 2053 neque
401 2014 482 2043 minis
495 2012 699 2052 perterrefactus
718 2011 849 2040 virtutum
862 2011 971 2041 divitias

227 2053 359 2093 prodebat
375 2066 381 2082 :
395 2053 442 2083 sed
455 2063 546 2082 omnes
560 2052 679 2091 corporis
691 2058 777 2090 partes
791 2050 890 2090 pudica
903 2052 973 2096 cogi-

228 2093 327 2123 tatione
339 2093 468 2122 frenabat.
484 2093 554 2122 Cum
567 2102 630 2121 vero
640 2092 765 2131 juvenem
778 2097 816 2119 tot
829 2090 971 2127 machinis,

229 2143 296 2172 quas
316 2131 389 2177 apud
403 2143 430 2161 se
449 2131 575 2165 habebat,
590 2130 699 2159 minime
716 2130 808 2159 fallere
829 2129 969 2169 potuisset,

229 2173 258 2202 in
269 2171 407 2201 domicilio
420 2170 547 2210 quopiam
557 2170 651 2199 furtim
659 2176 738 2207 atquc
751 2169 868 2198 violente
881 2169 915 2198 ad
926 2171 972 2198 ne-

227 2211 328 2241 farium
340 2210 513 2241 concubitum
522 2209 687 2250 pertrahens,
697 2219 759 2238 eum
770 2208 864 2238 tenuit.
877 2208 973 2247 Itaque

228 2251 321 2281 videre
333 2257 388 2280 erat
400 2250 530 2280 eximium
547 2248 738 2288 spectaculum,
752 2258 804 2277 nou
825 2255 971 2286 terrenum,
992 2253 1009 2277 D

230 2291 278 2320 se'd
297 2290 409 2320 caeleste.
432 2288 573 2328 Siquidem
591 2295 647 2317 erat
663 2287 764 2327 Joseph
786 2287 814 2315 in
833 2295 974 2317 scammate

230 2330 382 2360 tentationis
398 2329 550 2364 decertans;
568 2327 728 2368 patefactum
739 2327 826 2356 suerat
843 2327 972 2364 stadium,

229 2370 372 2400 certamina
388 2368 607 2401 conficiebantur.
624 2366 762 2405 clangebat
780 2366 855 2399 tuba,
873 2376 972 2405 agono-

228 2410 300 2440 theta
319 2409 354 2439 de
375 2409 441 2438 caelo
461 2408 562 2438 luctam
584 2406 751 2440 intuebatur,
770 2412 796 2434 ct
815 2405 971 2443 angelorum

228 2450 307 2479 turba
338 2459 437 2479 cernua
468 2447 670 2488 prospectabat3
698 2445 808 2475 inferius
838 2444 971 2474 daemones

228 2489 363 2530 AEgyptiae
376 2487 486 2528 praemia
492 2487 686 2527 proponebant,
702 2484 790 2524 angeli
803 2494 911 2514 sursum
925 2494 970 2513 co-

206 2552 209 2555 <
228 2540 307 2558 ronas
320 2528 438 2568 Josepho
451 2526 589 2556 nectebant
604 2538 611 2555 ε
627 2536 689 2555 nam
702 2523 836 2565 AEgyptiae
846 2523 970 2553 favebant

227 2568 371 2601 daemones,
395 2575 420 2597 et
447 2577 509 2596 cum
533 2565 635 2606 Joseph
656 2564 744 2605 angeli
767 2563 966 2604 conspirabant.

227 2610 583 2646 Utervictoriamobtineret,
588 2610 673 2639 multa
678 2608 844 2639 contentione
851 2607 968 2637 certaba-

933 204 1066 228 spuma.

1016 266 1150 306 δεύτερον,
1163 267 1208 296 καὶ
1221 266 1276 296 οὐδ’
1288 263 1359 300 ἅπαξ
1370 264 1517 295 δουλοῦται.
1533 262 1569 295 Ὁ
1581 263 1633 304 γὰρ
1644 265 1678 304 τῇ
1693 263 1786 304 γνώμῃ

1015 306 1161 347 ἐλεύθερος,
1175 306 1223 336 κᾶν
1237 305 1359 346 μυριάκις
1366 307 1470 346 πραθῇ,
1484 305 1537 334 οὔδ’
1552 303 1622 338 ἅπαξ
1632 305 1769 334 δουλοῦται
1780 315 1786 322 ·

1014 345 1104 386 ὥσπερ
1118 346 1199 375 πάλιν
1213 347 1303 379 δοῦλος
1317 349 1370 379 τοῖς
1381 344 1498 385 τρόποις,
1513 344 1562 374 κᾶν
1576 344 1699 384 μυριάκις
1714 344 1788 373 ἔλευ-

1015 387 1185 426 θερωθῇ,οὖδ’
1197 385 1267 419 ἅπαξ
1280 387 1474 424 ἐλευθεροῦται·
1487 384 1516 414 ὃν
1531 383 1604 424 γὰρὸ
1614 383 1678 417 ἴδιος
1692 383 1788 423 τρόπος

1014 426 1061 454 οὐκ
1073 420 1222 465 ἐλευθεροῖ,’
1227 427 1318 454 τοῦτον
1329 424 1417 475 μυρίοι
1429 424 1528 464 χάρται
1540 424 1586 453 καὶ
1594 424 1695 464 μέλανα
1701 422 1788 463 γράμ-

1015 476 1087 504 ματα
1102 466 1277 505 ἐλευθερῶσαι
1296 465 1326 493 οὗ
1345 465 1476 493 δυνανται.
1498 463 1605 503 Ἄγεται
1620 459 1664 492 οὖν
1684 464 1721 496 εἷς
1735 462 1787 491 Αἴ-

1014 516 1122 543 γυπτον,
1131 504 1310 544 πιπράσκεται
1322 505 1358 537 εἰς
1369 498 1440 533 οἶκον
1452 503 1605 543 Αἰγύπτιον,
1616 504 1730 544 φιλεῖται
1737 501 1788 531 ὑπὸ

1017 544 1143 573 δεσπότου
1154 567 1161 581 ,
1203 545 1296 573 ιλεῖται
1313 543 1365 573 ὕπὸ
1380 542 1518 580 δεσποίνης
1533 554 1540 561 ·
1567 544 1625 572 ἀλλ’
1646 544 1660 572 6
1676 541 1724 581 μὲν
1742 543 1788 570 τοῦ

1017 583 1144 613 δεσπότου
1158 587 1237 617 ποθος
1247 583 1343 623 ἀγαθὸς
1352 605 1360 619 ,
1381 585 1396 612 6
1409 582 1437 612 δὲ
1449 585 1497 619 τῆς
1511 582 1648 620 δεσποίνης
1662 582 1727 622 ἔρως
1737 593 1789 611 πο-

1016 623 1101 663 νηρός.
1114 623 1149 653 Ὁ
1160 623 1208 662 μὲν
1221 623 1272 664 γὰρ
1286 623 1366 653 αὐτὸν
1379 622 1461 664 ἐφίλει
1475 623 1509 652 δι’
1523 622 1673 657 εὔλᾶὅειαν,
1685 625 1703 658 ἡ
1716 619 1743 651 δὲ
1754 622 1787 652 δι’

1017 659 1119 703 οἶστρον
1135 663 1291 697 ἀκολασίας·
1306 663 1352 693 καὶ
1362 664 1422 693 ὅσον
1437 662 1583 702 ἐμηκῦνετο
1593 664 1607 692 6
1619 661 1728 703 χρόνος,
1743 662 1789 692 καὶ

1017 703 1047 733 τὸ
1061 705 1108 738 τῆς
1130 705 1232 772 μορφῆς
1252 703 1348 736 κάλλος
1370 702 1493 739 ἐπήνθει,
1511 705 1635 732 τοσοῦτον
1651 702 1752 738 ἐκείνης
1775 705 1790 732 6

1017 743 1079 783 περὶ
1092 743 1170 773 αὐτὸν
1200 743 1265 776 εινὸς
1276 743 1340 783 ἔρως
1354 742 1494 780 ἐτιηύξανε,
1505 742 1551 772 καὶ
1564 741 1678 783 ἔμφυτον
1691 743 1722 772 τὸ
1735 744 1772 771 πῢ

1018 786 1064 812 τοῦ
1085 782 1192 823 φίλτρου
1207 782 1256 819 τὴν
1277 782 1386 823 καρδίαν
1408 784 1489 818 αὗτῆς
1511 781 1654 821 διενέμετο.
1681 781 1735 812 Καὶ
1759 782 1772 792 ““

1019 823 1155 859 ἀπατῆσαι
1168 823 1212 852 τὸν
1223 822 1279 852 νέον
1291 822 1458 861 σκεπτομένη
1473 821 1517 851 διὰ
1531 821 1637 851 πάντων
1651 822 1704 851 τῶν
1717 823 1791 851 ἀπα-

1019 862 1124 892 τώντων
1137 862 1184 896 τὰς
1197 863 1269 903 ὄψεις
1278 865 1330 892 τῶν
1346 863 1410 893 νέων
1419 861 1528 903 ἐχώρει,
1542 861 1590 898 τὴν
1603 861 1651 901 μὲν
1664 860 1722 902 ὄψιν
1736 860 1790 891 ὥσ·-

1019 914 1069 943 περ
1078 903 1196 942 λειμῶνα
1210 902 1385 938 διανθίζουσα,
1399 902 1476 942 φύκει
1489 900 1536 935 τὰς
1545 901 1657 942 παρειὰς
1666 901 1790 942 ἐρυθραί-

1019 953 1098 972 νουσα
1107 964 1115 978 ,
1141 942 1279 983 ψιμμυθίῳ
1292 942 1320 972 δὲ
1338 942 1369 972 τὸ
1391 942 1512 981 μέτωπον
1535 941 1722 978 λευκαίνουσα,
1744 941 1791 971 καὶ

1019 982 1113 1020 μέλανι
1131 981 1190 1015 τοὺς
1206 982 1356 1022 ὀφθαλμοὺς
1365 981 1468 1022 ὑπογρά
1488 993 1567 1017 ουσα,
1578 981 1700 1022 χρυσέοις
1709 981 1737 1011 δὲ
1749 980 1791 1011 κό-

1019 1033 1095 1061 σμοις
1107 1021 1151 1052 τὸν
1163 1021 1295 1062 τράχηλον
1308 1023 1389 1058 αὐτῆς
1398 1021 1443 1051 καὶ
1452 993 1499 1054 τῖς
1507 1025 1599 1061 χεῖρας
1610 1020 1790 1055 καλλωπίζου-

1017 1073 1052 1091 σα
1061 1083 1069 1098 ,
1090 1061 1135 1091 καὶ
1146 1061 1194 1098 τὴν
1209 1061 1331 1100 μαλακὴν
1353 1063 1434 1098 αὐτ-’ἧς
1454 1062 1553 1096 ἐσθῆτα
1587 1060 1714 1101 υρίσμασι
1732 1061 1790 1090 δια-

1018 1101 1106 1152 φόροις
1116 1101 1278 1135 καπνίζουσα
1286 1113 1293 1120 ·
1308 1101 1353 1131 καὶ
1363 1098 1395 1138 ἦν
1410 1102 1500 1135 ἁπλῶς
1511 1112 1567 1140 παγ
1579 1112 1591 1134 ς
1601 1100 1790 1140 Θανατηφόρος,

1018 1142 1062 1171 οιὰ
1072 1142 1164 1170 πασῶν
1177 1143 1229 1171 τῶν
1241 1141 1398 1178 αἰσθήσεων,
1410 1143 1446 1174 ὡς
1459 1140 1587 1180 ἐνόμιζεν,
1599 1141 1738 1176 ἀπατῆσαι
1746 1139 1791 1169 τὸν

1018 1182 1075 1211 νέον
1085 1204 1092 1218 ,
1109 1180 1157 1216 τὴν
1172 1180 1219 1219 μὲν
1233 1181 1292 1221 ὄψιν
1306 1183 1337 1211 ἐκ
1350 1185 1396 1211 τοῦ
1407 1179 1564 1221 φαινομένου
1584 1180 1774 1219 καλλωπισμοῦ
1783 1200 1792 1214 ,

1018 1221 1067 1256 τὴν
1090 1221 1117 1250 δὲ
1143 1221 1225 1257 ἀκοὴν
1245 1225 1303 1255 ταῖς
1327 1220 1477 1254 κολακείαις
1501 1218 1666 1260 μαγεύουσα,
1688 1218 1737 1255 τὴν
1764 1219 1791 1248 δὲ

1019 1261 1147 1301 ὄσφρησιν
1163 1265 1216 1294 τοῖς
1227 1261 1376 1301 μυρίσμασι
1395 1259 1569 1300 γοητεύουσα.
1586 1260 1655 1289 Ἀλλ’
1678 1258 1727 1299 ὅρα
1745 1270 1791 1298 μοι

1019 1301 1138 1339 γενναίου
1154 1301 1268 1335 ἀθλητοῦ
1280 1300 1329 1337 τὴν
1344 1301 1464 1340 ἀνδρείαν
1474 1311 1481 1318 ·
1497 1295 1573 1338 οἶμαι
1582 1298 1633 1339 γὰρ
1645 1298 1685 1329 ὅτι
1698 1300 1713 1328 6
1725 1298 1793 1332 Θεὸς

1020 1339 1165 1379 συνεχώρει
1177 1339 1246 1369 κατὰ
1257 1343 1303 1369 τοῦ
1316 1340 1409 1373 παιδὸς
1431 1339 1554 1380 φέρεσθαι
1567 1339 1613 1368 τὸν
1631 1339 1791 1390 πειρασμὸν,

1020 1379 1062 1408 ἵνα
1075 1381 1141 1418 ὁμοῦ
1156 1391 1185 1408 τε
1198 1379 1381 1419 κρυπτομένην
1405 1378 1502 1419 ἀρετὴν
1520 1380 1548 1408 ἐν
1568 1377 1618 1418 νέῳ
1636 1389 1774 1418 φανερωοῃ
1784 1398 1793 1413 ,

1021 1418 1066 1448 καὶ
1077 1420 1110 1458 τῇ
1120 1418 1273 1458 ῗΕκκλησίᾳ
1293 1419 1479 1458 παιδευτήριον
1494 1417 1617 1457 μέγιστον
1631 1418 1675 1447 τὸν
1693 1418 1792 1447 ἐκείνου

1022 1458 1078 1497 βίον
1092 1458 1206 1487 καταλείι
1223 1470 1249 1498 ῃ.
1264 1458 1348 1488 Οὐδὲν
1367 1458 1418 1497 γάρ
1441 1459 1512 1487 ἐστιν
1533 1457 1584 1487 ὑπὸ
1603 1458 1656 1486 τῶν
1670 1457 1792 1496 πατέρων

1020 1497 1124 1537 γεγονὸς
1137 1500 1204 1538 ἀγαθ
1220 1510 1245 1535 ν,
1259 1497 1273 1527 ὃ
1287 1497 1325 1537 μὴ
1340 1499 1366 1527 ἐν
1381 1500 1413 1538 τῇ
1428 1497 1576 1537 Ἐκκλησία
1588 1497 1678 1536 ὥσπερ
1691 1496 1792 1533 στήλην

1021 1537 1165 1576 ὑπόμνημα
1172 1537 1300 1578 φέρουσαν
1308 1540 1354 1567 τοῦ
1367 1537 1424 1577 βίου
1435 1537 1590 1576 καθίδρυσεν
1601 1539 1614 1567 6
1628 1535 1706 1570 Θεός.
1717 1535 1792 1577 Ὅρα

1021 1573 1066 1606 οὖν
1086 1589 1131 1616 μοι
1144 1576 1262 1617 γενναίου
1276 1579 1389 1613 ἀθλητοῦ
1405 1577 1454 1613 τὴν
1469 1575 1601 1616 ἀνδρείαν,
1614 1575 1663 1606 ὅσα
1677 1572 1709 1612 ἦν
1720 1577 1792 1605 αὐτῶ

1021 1616 1055 1646 τὰ
1068 1617 1218 1656 μαχόμενα.
1233 1616 1268 1646 Ἡ
1285 1617 1339 1646 ἰδία
1350 1617 1439 1653 νεότης
1451 1618 1523 1656 αὐτῷ
1537 1615 1671 1655 ἐπολέμει,
1683 1617 1700 1651 ἡ
1711 1606 1792 1652 ἡδονὴ

1022 1656 1116 1686 ἔσωθεν
1129 1656 1284 1696 ε’γαργάριζε
1294 1679 1302 1692 ,
1317 1655 1362 1686 καὶ
1375 1658 1392 1692 ἡ
1404 1656 1470 1696 γυνὴ
1483 1655 1575 1690 ἔξωθεν
1599 1654 1793 1696 προσεπάλαιεν

1022 1699 1056 1732 τῆ
1068 1695 1212 1736 ἐπαγγελία
1219 1696 1387 1732 θωπεύουσα,
1395 1696 1440 1726 καὶ
1451 1698 1484 1735 τῇ
1496 1695 1596 1735 emta}
1606 1694 1793 1725 κολακεύουσα·

1023 1729 1057 1765 τὰ
1069 1727 1274 1776 ἐπιπεμπόμενα
1283 1735 1378 1774 γύναια
1387 1735 1524 1775 ἔμόχλευε,
1531 1735 1576 1765 καὶ
1583 1737 1601 1771 ἡ
1612 1734 1739 1766 κολακεία
1745 1734 1795 1770 τὴν

1024 1775 1106 1812 ἀκοὴν
1119 1777 1191 1816 αὐτῷ
1202 1776 1248 1805 καὶ
1257 1775 1306 1812 τὴν
1319 1775 1441 1811 αἴσθησιν
1455 1775 1566 1809 ἔκνιζεν·
1578 1776 1636 1804 ἀλλ’
1651 1774 1724 1804 οὐδὲν
1734 1774 1796 1804 τού-

1024 1827 1077 1844 των
1091 1818 1252 1856 κατισχῦσαι
1265 1818 1344 1845 αὐτοῦ
1356 1815 1483 1851 ἠδυνήθη.
1499 1815 1570 1844 Οὔτε
1583 1813 1634 1854 γὰρ
1648 1818 1705 1847 ταῖς
1716 1815 1797 1844 κολα-

1025 1855 1109 1888 κείαις
1129 1854 1309 1895 χαυνούμενος
1331 1854 1378 1889 τὰς
1399 1855 1475 1891 ἡνίας
1496 1854 1609 1884 ἐνεδίδου
1622 1876 1630 1890 ,
1655 1853 1715 1883 οὔτε
1740 1857 1798 1888 ταῖς

1026 1895 1195 1934 ἐπαγγελίαις
1206 1894 1358 1935 φυσώμενος
1375 1894 1530 1935 κατεφρόνει
1543 1896 1591 1930 τῆς
1608 1892 1778 1934 σωφροσύνης
1789 1915 1797 1928 ,

1026 1935 1086 1964 οὔτε
1096 1939 1154 1968 ταῖς
1165 1934 1285 1968 ἀπειλαῖς
1298 1934 1499 1974 ταπεινούμενος
1509 1933 1646 1974 προεδίδου
1660 1933 1705 1963 τὸν
1715 1933 1798 1962 πλοῦ-

1026 1986 1069 2003 τον
1084 1976 1135 2004 τῶν
1150 1976 1263 2014 ἀρετῶν·
1278 1974 1347 2003 ἀλλὰ
1360 1974 1447 2004 πάντα
1465 1975 1499 2003 τὰ
1516 1976 1562 2003 τοῦ
1583 1973 1705 2012 σώματος
1718 1974 1798 2002 αὐτοῦ

1027 2014 1106 2053 μόρια
1116 2016 1155 2054 τῷ
1170 2013 1283 2053 σώφρονι
1301 2014 1422 2054 λογισμῷ
1443 2013 1578 2053 ἐχαλίνου,
1598 2013 1651 2043 Καὶ
1670 2011 1731 2042 ἐπεὶ
1749 2014 1797 2042 οὔκ

1025 2053 1142 2089 ἠδυνήθη
1156 2053 1199 2082 τὸν
1213 2052 1270 2082 νέον
1282 2052 1324 2082 διὰ
1332 2053 1462 2083 τοσούτων
1470 2052 1586 2092 ὀργάνων
1596 2053 1732 2087 ἀπατῆσαι
1743 2053 1796 2080 τῶν

1026 2094 1051 2122 ἐν
1063 2093 1139 2132 αὐτῇ,
1150 2094 1182 2122 δι’
1195 2093 1289 2128 ἑαυτῆς
1297 2094 1323 2121 ἐν
1331 2092 1440 2132 οἰκίσκῳ
1449 2093 1500 2121 τινὶ
1507 2090 1638 2129 λαθραίως
1649 2091 1694 2120 καὶ.
1704 2090 1796 2130 βιαίως

1025 2136 1147 2172 κατεῖχεν
1158 2131 1235 2161 αὐτὸν
1246 2132 1311 2171 πρὸς
1322 2132 1434 2161 ἄτακτον
1444 2131 1532 2167 εὐνήν.
1541 2126 1595 2161 τΗν
1607 2126 1651 2160 οὖν
1664 2130 1728 2159 ἰδεῖν
1738 2129 1795 2159 θέα-

1026 2183 1087 2211 τρον
1102 2171 1238 2211 μέγιστον,
1247 2173 1295 2201 οὐκ
1306 2171 1419 2210 ἐπίγειον
1427 2194 1434 2207 ,
1445 2172 1504 2200 ἀλλ’
1516 2170 1644 2210 οὐράνιον.
1660 2165 1714 2201 ’Ἦν
1723 2169 1774 2210 γὰρ
1782 2172 1796 2199 ὁ

1027 2211 1106 2247 'Inoo-h
1148 2213 1174 2241 ἐν
1193 2212 1230 2250 τῷ
1252 2210 1391 2250 σκάμματι
1408 2213 1454 2240 τοῦ
1470 2212 1617 2250 πειρασμοῦ
1633 2209 1795 2249 μαχόμενος·

1027 2251 1057 2280 τὸ
1071 2252 1175 2281 σταδιον
1188 2249 1297 2286 ἥπλωτο
1306 2273 1313 2287 ,
1330 2253 1353 2280 οἱ
1368 2252 1466 2290 ἀγῶνες
1483 2251 1668 2284 ἐπετελοῦντο,
1690 2251 1708 2284 ἡ
1728 2248 1795 2278 σάλ-

1027 2290 1089 2330 πιγξ
1101 2290 1177 2326 ἐὸόα,
1190 2292 1204 2320 6
1219 2290 1380 2329 ἀγωνοθέτης
1397 2290 1494 2319 ἄνωθεν
1506 2290 1593 2319 ἐπεῖδε
1606 2292 1639 2329 τῇ
1650 2288 1736 2327 πάλῃ,
1749 2288 1794 2317 καὶ

1027 2333 1041 2361 6
1060 2331 1142 2369 δῆμος
1153 2332 1204 2359 τῶν
1221 2329 1339 2370 ἀγγέλων
1350 2329 1513 2370 ἐπικεκυφὼς
1526 2328 1649 2369 ἐθεώρει·
1663 2329 1687 2358 οἳ
1701 2327 1796 2366 δαίμο-

1026 2383 1067 2403 νες
1080 2370 1152 2399 κάτω
1170 2370 1204 2399 τὰ
1216 2370 1327 2409 βραδεῖα
1341 2370 1493 2409 προετίθουν
1505 2370 1539 2408 τῇ
1552 2367 1682 2407 Αἰγυπτίᾳ
1691 2389 1699 2403 ‚
1714 2367 1759 2396 καὶ
1770 2368 1794 2396 οἱ

1026 2411 1133 2449 ἄγγελοι
1153 2410 1207 2439 ἄνω
1220 2408 1330 2439 ἕπλεκον
1342 2412 1381 2450 τῷ
1396 2409 1495 2449 Ἰῳσὴφ
1509 2408 1570 2441 τοὺς
1583 2407 1738 2447 στεφάνους·
1760 2409 1794 2446 τῇ

1025 2449 1076 2489 γὰρ
1091 2450 1226 2489 Αἰγυπτίᾳ
1245 2449 1358 2489 συνέτρε·
1371 2461 1399 2478 ον
1413 2448 1551 2487 δαίμονες,
1569 2447 1614 2476 καὶ
1637 2448 1675 2475 τῶ
1693 2445 1793 2486 Ἰωσὴφ

1025 2489 1163 2518 συνέπνεον
1175 2489 1288 2542 ἄγγελοι.
1302 2490 1390 2522 Πολυς
1402 2484 1435 2524 ἦν
1448 2491 1462 2518 6
1477 2487 1547 2527 ἀγὼν
1557 2509 1565 2522 ,
1585 2486 1624 2519 τίς
1638 2498 1654 2515 τ
1665 2498 1697 2515 να
1715 2485 1794 2521 vix-A«

1025 2540 1064 2557 σει
1072 2541 1078 2547 ·
1091 2528 1194 2568 φροντὶς
1205 2540 1236 2566 ην
1251 2533 1304 2562 τοῖς
1319 2528 1437 2568 ἀγγέλοις
1451 2527 1536 2563 πολλὴ
1548 2525 1609 2565 περὶ
1620 2528 1666 2555 τοῦ
1678 2524 1777 2574 Ἰωσὴφ
1785 2548 1793 2562 ,

1024 2567 1061 2606 μή
1081 2579 1144 2597 ποτε
1160 2569 1212 2607 ἄρα
1225 2568 1258 2597 τὰ
1273 2581 1308 2607 μυ
1328 2568 1426 2607 ίσματα
1439 2570 1484 2596 τοῦ
1495 2566 1602 2606 γυναίου
1613 2564 1738 2605 χαυνώσῃ
1749 2576 1792 2594 τον

1023 2607 1094 2643 νέον,
1111 2607 1147 2646 μὴ
1168 2608 1200 2637 τὰ
1219 2609 1309 2646 μαλακ
1337 2607 1445 2646 ἱμάτια,
1468 2606 1504 2645 μὴ
1517 2605 1547 2635 τὸ
1560 2605 1667 2645 βλέμμα
1678 2628 1685 2642 ,
1707 2604 1744 2643 μὴ
1760 2603 1790 2633 τὸ
