1890 2826
269 181 316 216 08

269 255 335 290 tuit,
347 254 452 282 erroris
473 254 519 281 sui
535 253 568 281 in
582 253 741 291 semetipsis
759 253 939 292 recipientes.
956 253 1012 282 Vc-

268 310 330 329 rum
343 297 451 339 quando
465 297 496 327 id
508 297 587 327 etiam
600 296 755 327 stoliditatis
765 307 859 327 eorum
871 298 1013 338 proprium

267 354 317 384 est,
331 346 405 386 quod
415 346 572 387 puniantur,
584 355 632 374 nec
644 355 672 374 se
684 344 776 385 puniri
797 344 922 382 sentiant,
939 345 1012 384 quod

267 400 406 435 aeg1·otent,
417 403 465 422 nec
482 392 566 422 sciant
579 402 608 421 se
620 397 758 431 aegrotare,
769 391 803 421 ab
822 391 919 421 exteris
932 391 1012 421 etiam

267 439 434 481 supplicium
445 438 561 473 inducit,
577 437 685 477 aitque:
698 439 794 478 Igitur
813 439 945 478 captivus
951 439 1010 479 sa-

267 494 331 517 ctus
344 493 387 516 est
405 486 531 526 populus
543 495 633 520 meus,
646 495 679 514 eo
692 484 774 524 quod
785 495 844 513 non
867 495 1011 525 cognove-

266 535 327 562 rint
345 534 517 562 Dominum.
539 533 579 561 Et
596 531 752 560 multitudo
761 531 852 572 sacta
869 538 913 561 est
936 542 1012 561 mor-

269 586 385 609 tuorum
407 578 654 618 propter-samem
676 583 705 607 et
727 579 806 607 sitim
823 588 918 617 aquoe.
935 578 1011 609 Vide

266 626 380 655 multam
394 626 519 655 insertam
530 624 557 654 in
576 623 711 664 supplicio
732 623 917 661 monitionem,
925 634 1011 663 neque

599 191 628 213 S.
657 189 798 213 JoANle
824 190 1007 215 CHRYSOST.
1039 189 1193 215 ARCHIEP.
1223 193 1496 216 CONSTANTINOP-

1066 254 1242 292 ἀντιμισθίαν,
1257 255 1290 291 ἣν
1310 255 1379 293 ἔδει,
1403 258 1452 292 τῆς
1463 255 1567 291 πλάνης
1588 257 1674 286 αὐτῶν
1695 258 1721 286 ἓν
1740 258 1840 292 ἑαυτοῖς

1065 300 1306 338 ἀπολαμὸάνοντες.
1328 301 1397 331 Ἀλλ’
1418 301 1509 338 ἐπειδὴ
1533 302 1578 331 καὶ
1601 305 1679 331 τοῦτο
1695 306 1744 339 τῆς
1763 305 1840 333 ἀναι-

1065 345 1175 380 σθησίας
1186 346 1282 382 αὐτῶν,
1293 346 1324 376 τὸ
1341 347 1506 384 κολάζεσθαι,
1522 348 1567 378 καὶ
1580 348 1646 387 μηδὲ
1661 349 1839 384 αἰσθάνεσθαι,

1063 390 1094 419 τὸ
1113 395 1208 426 νοσεῖν,
1229 391 1275 422 καίι
1290 392 1327 432 μὴ
1345 393 1441 423 εἰδέναι
1456 393 1497 423 ὅτι
1518 397 1647 431 νοσοῦσιν,
1661 393 1755 434 ἐπάγει
1768 394 1782 412 ¹’
1793 395 1840 424 καὶ

1063 438 1116 465 τῶν
1141 436 1234 470 ἔξωθεν
1258 438 1405 478 τιμωρίαν,
1423 438 1524 479 λέγων·
1549 439 1645 469 Τοίνυν
1667 440 1838 480 αἰχμάλωτος

1063 481 1175 521 ἐγενήθη
1191 484 1205 512 ὁ
1218 483 1282 517 λαός
1296 495 1365 523 μου,
1380 483 1424 514 διὰ
1445 484 1476 514 τὸ
1499 484 1536 524 μὴ
1559 484 1656 515 εἶδέναι
1678 485 1773 519 αὖτοὺς
1793 486 1839 516 τὸν

1063 527 1172 567 Κύριον,
1200 529 1253 558 Καὶ
1276 530 1376 566 πλῆθος
1398 531 1509 571 ἐγενήθη
1531 533 1630 572 νεκρῶν
1646 530 1689 560 διὰ
1701 531 1779 570 λιμὸν
1792 532 1838 561 καὶ

1063 573 1140 615 δίψαν
1163 575 1266 610 ὕδατος.
1281 576 1353 617 “Ope
1375 577 1421 607 καὶ
1441 579 1468 607 ἕν
1489 579 1523 618 τῇ
1544 578 1660 618 τιμωρίᾳ
1674 577 1776 614 πολλὴν
1789 578 1837 615 τὴν

1062 621 1204 658 νουθεσίαν,
1219 621 1264 651 καὶ
1277 623 1325 652 οὐκ
1338 623 1430 663 ἀθρόον
1445 623 1494 660 τὴν
1509 624 1661 664 βαρυτάτην
1676 625 1837 663 ἐναγομένην

264 671 451 711 gravissimam
465 670 554 700 statim
564 669 656 699 induci
669 669 820 699 sectionem.
832 670 926 710 Neque
939 670 1009 699 enim
1027 665 1047 688 Ῑ)
1061 667 1188 706 ετόλμαν.
1204 670 1245 698 Ox]
1260 668 1312 709 γὰρ
1323 669 1417 704 εὐθέως
1431 670 1479 707 τὴν
1496 670 1681 711 αἰχμαλωσίαν
1696 671 1838 711 ἐπήγαγεν,

264 718 355 748 subito
378 717 558 757 captivitatem
586 715 690 753 intulit,
705 715 752 746 sed
777 716 873 746 famem
890 716 967 757 prius
984 724 1010 746 et

264 764 349 801 sitim,
363 771 393 793 ut
401 763 476 793 domi
490 769 636 798 manentes,
651 762 775 792 meliores
791 761 944 798 evaderent,
959 772 1007 792 ne-

264 821 317 850 que
331 810 366 839 ob
380 809 559 840 incurabilem
571 808 696 838 morbum
713 808 892 838 barbarorum
904 809 1009 839 exerci—

264 864 323 886 tum
337 856 507 886 attraherent.
517 855 590 892 Quia
605 864 671 884 vero
687 865 741 884 non
760 861 907 892 eesserunt,
922 855 1007 884 nihil-

264 915 316 943 que
336 902 399 932 inde
418 901 515 931 lucrati
531 907 606 936 sunt,
631 907 783 930 extremum
802 900 918 940 denique
942 900 1008 941 ipsis

265 949 369 980 inducit
388 947 560 989 supplicium.
575 948 695 976 Attamen
710 954 770 976 ante
788 947 846 983 illa,
860 946 950 976 verbis
963 957 1007 976 ex-

264 996 336 1025 tollit
357 1002 383 1024 et
409 993 555 1034 amplificat
581 992 661 1021 famis
682 992 870 1028 calamitatem,
893 992 1004 1021 dicens:

265 1043 314 1070 14.
342 1041 491 1070 Dilatavit
520 1038 654 1079 infernus
675 1039 809 1066 animant
830 1047 915 1066 suam
930 1047 938 1065 .-
954 1047 1008 1067 non

262 1086 336 1125 quod
350 1087 471 1116 infernus
483 1084 600 1114 animam
621 1083 717 1112 habeat
731 1093 737 1110 ε
753 1082 800 1112 sed
813 1093 932 1123 persona:
949 1086 1008 1113 for—

262 1144 305 1162 ma
320 1133 536 1168 minasintentat,
546 1137 575 1160 ut
588 1130 689 1170 majore
703 1140 764 1158 cum
778 1129 898 1169 emphasi
912 1129 1007 1168 loqua-

262 1185 317 1216 tur,
334 1178 489 1219 ingentique
500 1177 596 1206 timore
609 1175 764 1205 auditorum
780 1175 883 1204 animos
902 1175 1006 1215 percel-

1063 714 1131 743 ἀλλὰ
1144 714 1222 753 λιμὸν
1235 715 1363 755 πρότερον
1376 716 1422 746 καὶ
1435 716 1549 756 αὐχμὸν,
1562 716 1606 746 ἵνα
1617 717 1686 747 οἶκοι
1701 717 1822 756 μένοντες
1830 739 1838 752 ,

1060 758 1188 798 γένωνται
1211 761 1347 799 βελτίους,
1370 761 1438 800 μηδὲ
1458 762 1554 792 ἀνίατα
1567 765 1704 796 νοσοῦντες
1727 762 1838 803 ἐφελκύ-

1060 816 1158 834 σωνται
1179 806 1210 835 τὸ
1231 808 1285 836 τῶν
1312 807 1453 848 βαρὸάρων
1473 807 1660 846 στρατόπεδον.
1677 808 1790 844 Ἐπειδὴ
1809 808 1837 838 δὲ

1059 852 1107 880 οὐκ
1118 847 1197 888 εἶξαν,
1212 852 1270 881 οὐδὲ
1284 852 1425 893 ἐκέρδαναν
1439 855 1566 891 ἐντῶθεν,
1578 854 1672 894 ἐπάγει
1682 854 1776 884 λοιπὸν
1788 854 1837 891 ἰ-ὴν

1059 898 1176 938 ἐσχάτην
1198 899 1328 939 τιμωρίαν
1353 901 1450 934 αὐτοῖς.
1464 901 1534 930 Ἀλλ’
1561 900 1633 940 ὅμως
1656 900 1709 941 πρὸ
1730 901 1836 931 ἐκείνων

1058 943 1157 980 ταύτην
1171 945 1275 984 ἐπαίρει
1288 945 1334 974 καὶ
1353 945 1454 985 ἐξογκοῖ
1468 949 1507 987 τῷ
1521 946 1592 987 λόγῳ
1607 947 1656 983 τὴν
1671 949 1717 976 τοῦ
1738 948 1834 986 λιμοῦ,

1058 989 1141 1028 λέγων
1156 1001 1163 1008 ·
1180 991 1342 1020 Ἐπλάτυνεν
1365 993 1379 1020 δ
1395 991 1460 1032 ᾅδης
1486 992 1534 1028 τὴν
1560 992 1647 1032 ψυχὴν
1673 994 1753 1022 αὐτοῦ
1764 1004 1771 1010 ·
1785 994 1835 1033 οὐχ

1057 1036 1093 1068 ὣς
1108 1035 1196 1075 ψυχὴν
1207 1039 1253 1066 τοῦ
1270 1037 1332 1077 ᾅδου
1347 1037 1467 1077 ἔχοντος,
1488 1038 1557 1068 ἀλλὰ
1570 1042 1769 1078 προσωποποαῖ
1784 1038 1834 1075 τὴν

1059 1080 1180 1116 ἀπειλὴν,
1197 1082 1410 1123 ἐμφατικώτερον
1428 1083 1473 1113 τὸν
1485 1083 1563 1124 λόγον
1577 1086 1688 1120 ποιῆσαι
1703 1084 1832 1123 βουλόμε-

1057 1137 1109 1161 νος,
1118 1126 1163 1155 καὶ
1177 1126 1257 1167 φόὸον
1270 1129 1422 1168 ἀκμάζοντα
1435 1129 1608 1159 ἐναποθέσθαι
1619 1131 1653 1170 τῇ
1667 1130 1767 1170 διανοίᾳ
1778 1132 1832 1160 τῶν

1058 1171 1213 1203 ἀκουόντων.
1232 1174 1281 1204 Διὸ
1294 1175 1339 1204 καὶ
1354 1175 1473 1214 ἐπιμένει
1490 1174 1574 1215 λέγων
1586 1187 1593 1194 ·
1608 1175 1662 1205 Καὶ
1677 1175 1788 1211 διήνοιξε
1802 1177 1834 1206 τὸ

261 1225 309 1255 lat.
336 1225 401 1255 Ideo
423 1225 450 1254 in
474 1222 661 1264 prosopopoeia
690 1221 808 1261 persistit
838 1221 929 1251 dicens
943 1235 951 1248 =
966 1223 1006 1251 Et
1023 1226 1041 1249 Ε
1058 1217 1144 1256 στόμα
1157 1219 1246 1256 αὐτοῦ,
1259 1222 1306 1249 τοῦ
1321 1220 1358 1259 μὴ
1371 1221 1501 1250 διαλιπεῖν
1515 1233 1521 1239 ·
1535 1223 1572 1255 ὡς
1583 1221 1644 1261 περὶ
1658 1221 1749 1261 θηρίου
1763 1222 1833 1255 τινὸς

261 1273 377 1312 aperuit
395 1282 427 1301 os
441 1280 535 1306 suum,
551 1275 584 1298 ut
598 1278 657 1298 non
675 1273 763 1297 cesset
777 1279 785 1296 .·
799 1267 875 1306 quasi
893 1268 927 1297 de
950 1269 1006 1297 sera

260 1318 342 1347 verba
354 1317 464 1354 faciens,
479 1323 504 1346 et
515 1314 660 1354 imaginem
671 1323 760 1343 rerum
776 1323 860 1353 prope
872 1313 944 1353 ipsos
962 1313 1007 1343 ad-

260 1364 371 1394 ducens.
387 1362 522 1402 Quodque
539 1361 648 1401 gravius
661 1367 711 1397 est,
727 1370 779 1390 non
801 1359 882 1389 modo
901 1360 1006 1400 aperuit

260 1421 289 1439 os
302 1421 394 1448 suum,
408 1409 456 1439 sed
469 1408 555 1438 hianti
565 1418 611 1436 ore
624 1412 724 1443 manet,
738 1415 786 1435 nec
800 1416 835 1435 ex
845 1407 901 1447 jam
915 1406 1005 1435 absor-

259 1457 313 1497 ptis
327 1457 448 1486 satiatur.
465 1456 506 1484 Et
517 1454 691 1484 descendent
705 1453 746 1481 ad
757 1462 822 1482 eum
831 1453 960 1492 gloriosi,
976 1459 1005 1482 et

1057 1263 1240 1303 διηγούμενος,
1255 1266 1300 1295 καὶ
1323 1266 1399 1306 ἐγγὺς
1412 1268 1499 1296 αὐτῶν
1516 1266 1567 1303 τὴν
1581 1267 1670 1296 εἰκόνα
1686 1269 1739 1296 τῶν
1759 1279 1831 1308 πρα-

1056 1309 1166 1348 γμάτων
1178 1310 1258 1350 ἄγων.
1273 1312 1326 1340 Καὶ
1336 1313 1366 1342 τὸ
1378 1312 1409 1348 δὴ
1419 1313 1618 1353 χαλεπώτερον,
1631 1313 1671 1343 ὅτι
1684 1315 1732 1343 οὐκ
1745 1313 1831 1349 ἤνοιξε

1055 1355 1086 1384 τὸ
1099 1355 1186 1394 στόμα
1201 1356 1288 1396 μόνον,
1307 1357 1376 1387 ἀλλὰ
1394 1359 1440 1387 καὶ
1455 1358 1528 1397 μένει
1543 1358 1678 1399 κεχηνὼς,
1693 1359 1738 1388 καὶ
1753 1359 1829 1399 κόρον

1055 1403 1084 1431 οὗ
1108 1403 1252 1442 λαμὸάνων
1275 1406 1328 1433 τῶν
1350 1406 1377 1434 ἐν
1398 1406 1470 1445 αὐτῷ
1487 1405 1755 1445 “κατορυττομένων.
1777 1406 1830 1436 Καὶ

1054 1448 1251 1485 καταδήσονται
1265 1451 1302 1483 εἷς
1321 1450 1399 1480 αὐτὸν
1421 1453 1445 1480 οἱ
1467 1451 1584 1489 ἔνδοξοι,
1601 1451 1646 1481 καὶ
1659 1453 1683 1481 οἱ
1699 1452 1829 1491 μεγάλοι,

259 1509 421 1543 magnates,
439 1508 467 1531 et
479 1502 628 1535 divites‚et
644 1505 740 1539 pestes
755 1497 828 1537 ejus.
843 1497 962 1534 Exhinc,
975 1505 1004 1527 ut
1017 1517 1041 1537 ⁶9
1053 1494 1098 1523 καὶ
1111 1497 1135 1525 οἱ
1147 1495 1285 1531 πλούσιοι,
1298 1497 1344 1526 καὶ
1357 1497 1446 1536 λοιμοὶ
1460 1498 1552 1532 αὐτῆς.
1570 1493 1656 1534 Εἶτα,
1671 1497 1715 1527 ἵνα
1730 1498 1826 1538 μάθῃς,

258 1549 326 1579 scias
335 1560 388 1579 non
399 1548 547 1578 secundum
558 1553 660 1576 naturae
671 1545 795 1575 ordinem
805 1545 865 1574 haec
874 1544 944 1581 fieri,
956 1544 1003 1574 sed
1019 1546 1038 1568 Α
1053 1539 1093 1570 ὅτι
1104 1543 1133 1570 οὗ
1145 1541 1216 1571 κατὰ
1229 1541 1330 1582 φύσεως
1344 1543 1499 1572 ἀκολουθίαν
1510 1543 1541 1572 τὸ
1552 1543 1689 1583 γινόμενον
1702 1539 1746 1580 ἦν,
1758 1545 1827 1574 ἀλλὰ

257 1606 272 1624 a
286 1596 344 1625 Deo
358 1594 506 1624 immissam
518 1603 574 1622 esse
587 1592 704 1633 plagam,
713 1597 739 1620 et
747 1590 885 1620 decretum
894 1601 928 1620 ex
938 1590 1003 1620 caelo

256 1641 387 1679 delatum,
398 1641 430 1669 ‘in
450 1639 579 1680 dignitate
592 1646 618 1668 et
639 1637 756 1678 potentia
772 1637 940 1674 constitutos,
954 1638 1003 1676 qui

242 1682 345 1717 “omnia
359 1687 516 1721 miscebant,
524 1695 619 1724 resque
629 1685 646 1715 J
649 1684 789 1713 udaeorum
797 1683 1001 1721 subvertebant,

255 1745 286 1764 eo
300 1732 474 1764 descensuros
490 1742 546 1761 esse
559 1731 607 1760 ait.

294 1829 325 1857 6.
347 1829 437 1857 Pestes
459 1832 548 1855 autem
569 1824 630 1854 illos
648 1824 710 1864 jure
731 1830 818 1860 vocat,
843 1829 934 1863 utpote
954 1823 1001 1862 qui

254 1873 401 1912 nequitiam
418 1883 471 1902 non
493 1881 574 1912 penes
592 1881 619 1899 se
636 1876 783 1906 servarent,
801 1868 849 1897 sed
869 1869 950 1898 etiam
967 1869 1001 1899 ad

252 1920 320 1950 alios
335 1919 460 1949 morbum
471 1916 688 1947 transmitterent.
700 1914 775 1944 Talis
789 1914 892 1954 quippe
903 1921 942 1944 est
954 1926 1001 1955 pe·

252 1966 375 1996 stilentiae
394 1971 489 1994 natura
503 1975 509 1991 ε
523 1973 584 1992 cum
609 1963 644 1991 ab
665 1972 719 1990 uno
738 1971 850 2000 corpore
871 1962 998 2001 coeperit,

252 2011 384 2052 gradatim
395 2011 422 2040 in
432 2008 633 2039 multitudinem
641 2013 786 2047 grassatur.
795 2007 837 2035 Et
848 2007 999 2037 exsultans

1052 1587 1176 1623 θεήλατος
1197 1583 1231 1624 ἦν
1250 1591 1267 1624 ἡ
1287 1588 1395 1628 πληγὴ,
1415 1589 1461 1618 καὶ
1477 1590 1563 1630 ψῆφος
1582 1591 1613 1619 ἐκ
1631 1592 1684 1619 τῶν
1707 1592 1825 1630 οὐρανῶν

1052 1635 1239 1674 κατενεχθεῖσα
1247 1656 1255 1671 ,
1267 1633 1328 1667 τοὺς
1338 1636 1366 1663 ἐν
1379 1634 1545 1675 περιφανείᾳ,
1559 1634 1620 1669 τοὺς
1634 1637 1661 1665 ἐν
1676 1636 1826 1676 δυναστείᾳ,

1051 1678 1113 1712 τοὺς
1132 1679 1220 1708 πάντα
1237 1678 1412 1720 συγχέοντας,
1435 1680 1481 1710 καὶ
1502 1681 1556 1710 ἄνω
1579 1681 1626 1711 καὶ
1638 1681 1712 1711 κάτω
1725 1681 1760 1711 τὰ
1772 1684 1825 1711 τῶν

1052 1725 1185 1755 Ἰουδαίων
1198 1729 1336 1760 ποιοῦντας
1348 1728 1493 1766 πράγματα
1505 1749 1513 1763 ,
1536 1727 1645 1762 τούτους
1668 1730 1723 1758 ἐκεῖ
1740 1740 1824 1758 κατα-

1053 1771 1180 1808 θήσεσθαι
1193 1771 1283 1812 ἔφησε.

1091 1822 1206 1862 Λοιμοὺς
1231 1823 1258 1853 δὲ
1279 1824 1386 1857 εἰκότως
1407 1824 1500 1858 αὐτοὺς
1521 1826 1611 1862 καλεῖ,
1631 1825 1677 1854 ἅτε
1697 1827 1725 1854 οὗ
1742 1825 1823 1866 μέχρι

1050 1871 1148 1899 ἑαυτῶν
1158 1869 1206 1906 τὴν
1217 1869 1312 1899 κακίαν
1323 1870 1511 1910 διατηροῦντας
1519 1892 1527 1906 ,
1543 1870 1612 1900 ἀλλὰ
1623 1871 1668 1900 καὶ
1681 1873 1718 1904 εἰς
1728 1871 1824 1905 ἄλλους

1049 1915 1097 1952 τὴν
1112 1914 1186 1945 νόσον
1201 1915 1409 1949 διαὸιὸάζοντας.
1428 1915 1546 1952 Τοιαύτη
1566 1916 1618 1956 γὰρ
1631 1919 1648 1952 ἡ
1667 1920 1713 1946 τοῦ
1727 1918 1821 1956 λοιμοῦ

1049 1961 1140 2001 ‹ptime-
1154 1961 1260 1991 ἐπειδὰν
1274 1962 1318 2001 ἀφ’
1333 1961 1388 1995 ἑνὸς
1405 1961 1517 2001 ἄρξηται
1536 1961 1658 2001 σώματος
1669 1984 1677 1998 ,
1699 1963 1751 2002 ὁδῷ
1770 1964 1820 2002 βα-

1049 2007 1155 2042 δίζουσα
1167 2007 1198 2037 τὸ
1209 2007 1301 2037 λοιπὸν
1318 2007 1457 2046 ἐκνέμεται
1470 2009 1580 2043 πλῆθος.
1594 2008 1648 2037 Καὶ
1661 2009 1676 2037 ὀ
1689 2009 1818 2048 ἀγαλλιώ-

253 2061 284 2087 in
297 2069 343 2087 ea.
359 2057 414 2095 Qui
435 2055 542 2086 deliciis
559 2060 645 2088 vacat,
660 2054 706 2092 qui
724 2053 852 2089 exsultat,
862 2054 910 2092 qui
923 2061 1000 2094 putat
1015 2055 1032 2078 Β
1049 2066 1125 2094 μενος
1138 2055 1165 2083 ἐν
1179 2055 1255 2094 αὐτῇ.
1269 2053 1303 2084 Ὁ
1315 2055 1431 2094 τρυφῶν,
1445 2056 1460 2083 ὁ
1474 2056 1599 2094 σκιρτῶν,
1612 2056 1626 2083 ὁ
1639 2054 1752 2093 νομίζων
1765 2054 1821 2084 ἀκί-

251 2115 279 2133 se
290 2102 439 2133 immobilia
454 2100 589 2142 possidere
605 2100 685 2135 bona,
697 2099 754 2139 ipse
768 2109 876 2138 quoque
884 2100 960 2130 cadet
972 2108 999 2130 et

251 2150 383 2190 capietur.
397 2150 443 2179 15.
459 2149 500 2177 Et
511 2147 717 2176 humiliabitur
725 2146 820 2182 homo,
831 2152 859 2174 et
873 2148 997 2176 inhono-

252 2199 366 2227 rabitur
376 2198 426 2226 vir
438 2209 446 2224 :
462 2201 489 2224 et
502 2194 582 2224 oculi
600 2192 738 2222 sublimes
754 2191 996 2222 humiliabuntur.

251 2246 300 2274 16.
315 2245 358 2273 Et
372 2243 554 2272 exaltabitur·
570 2240 713 2269 Dominus
727 2238 806 2268 solus
819 2238 951 2268 Sabaoth
965 2241 996 2268 in

285 2337 298 2356 b
316 2338 359 2361 Καὶ
368 2339 421 2365 τῶν,
432 2331 498 2357 sorte
508 2335 545 2358 καὶ
558 2337 607 2360 τήν.

285 2383 294 2395 e
311 2377 412 2406 'reip-w·
421 2373 469 2396 Hic
481 2371 596 2403 apposite
611 2375 685 2394 notat
692 2366 798 2394 Savilius
808 2377 813 2392 :
829 2368 944 2393 «Boisius
956 2372 1012 2396 ina-

250 2419 346 2448 γοιιένην
357 2415 477 2447 τιμωρίαν,
501 2409 540 2435 vel
560 2412 658 2435 κόλασιν.
681 2409 745 2433 Puto
764 2407 848 2440 pot-ius
864 2417 911 2440 pro
923 2411 1012 2441 τόλμαν

251 2443 423 2487 reponendum
442 2455 523 2483 τομήν.
539 2448 582 2474 Sic
602 2448 668 2472 enim
684 2448 772 2480 saepius
785 2445 894 2479 loquitur
910 2448 1010 2472 Noster.

252 2495 294 2519 Sic
306 2494 331 2517 in
344 2491 382 2516 his
394 2489 453 2523 ipsis
465 2490 490 2514 lu
500 2488 593 2513 Isaiam
605 2486 800 2511 Commentariis
811 2485 876 2510 infra
885 2487 910 2511 'm
920 2487 1009 2518 capitis

250 2533 351 2566 septimi
363 2538 461 2556 versum
480 2530 510 2553 ⁴4
522 2537 526 2551 :
538 2531 601 2561 μετὰ
617 2529 703 2555 πολλῆς
715 2532 756 2556 τῆς
771 2528 920 2561 σφοδρότητος
932 2530 1009 2559 ἐπάγει

252 2579 293 2603 τὴν
313 2578 393 2605 τομήν.
412 2571 493 2601 Quem
507 2566 591 2592 locum
604 2565 660 2590 ideo
678 2564 798 2598 produxi,
815 2565 873 2598 quia
885 2566 911 2590 in
923 2567 1008 2597 Apan-

252 2612 335 2637 thism.
351 2609 408 2643 (seu
418 2609 443 2633 in
453 2605 602 2639 Florilegio)
618 2603 684 2629 idem
697 2606 748 2636 ipse
763 2603 832 2629 locus
847 2603 1008 2636 describitur,

1048 2111 1114 2137 νητα
1137 2100 1208 2140 ἔχειν
1228 2099 1263 2129 τὰ
1287 2100 1373 2139 ἀγαθὰ
1387 2121 1395 2135 ,
1421 2101 1467 2130 καὶ
1493 2100 1571 2134 αὐτὸς
1595 2103 1751 2139 ἐμπεσεῖται
1773 2101 1819 2131 καὶ

1047 2147 1187 2176 ἁλώσεται.
1210 2145 1263 2175 Καὶ
1279 2146 1506 2182 ταπεινωθήσεται
1520 2147 1672 2186 ἄνθρωπος,
1692 2147 1738 2176 καὶ
1758 2148 1817 2176 ἄτι-

1048 2192 1212 2233 μασθήσεται
1227 2191 1302 2232 ἀνήρ.
1322 2192 1374 2221 Καὶ
1394 2194 1419 2221 οἱ
1438 2193 1567 2232 ὀφθαλμοὶ
1588 2194 1612 2222 οἱ
1628 2192 1754 2232 μετέωροι
1767 2204 1820 2222 τα-

1047 2238 1261 2275 πεινωθήσονται.
1284 2238 1338 2268 Καὶ
1360 2238 1528 2278 ὑψωθήσεται
1547 2238 1644 2278 Κύριος
1665 2239 1742 2277 μόνος
1760 2239 1818 2268 Σα-

1061 2330 1177 2364 idemque
1187 2338 1257 2355 error
1266 2330 1444 2360 committitur,
1462 2335 1488 2354 et
1503 2338 1550 2362 pro
1564 2337 1637 2362 τομήν
1651 2331 1759 2363 genuino
1771 2329 1817 2354 ha-

1061 2369 1105 2394 bes
1117 2375 1262 2402 corruptum
1274 2372 1371 2402 τόλμαν.
1380 2380 1392 2392 υ
1405 2370 1478 2394 Hanc
1488 2370 1626 2394 certissime
1637 2375 1754 2402 putamus
1765 2379 1817 2395 esse

1061 2417 1146 2434 veram
1158 2408 1300 2438 lectionem,
1314 2407 1359 2433 sed
1370 2409 1422 2433 sine
1433 2409 1584 2433 auctoritate
1592 2408 1654 2434 nihil
1663 2414 1760 2434 mutare
1771 2418 1817 2434 au-

1062 2448 1160 2474 demus.
1174 2448 1252 2472 Paulo
1261 2453 1319 2480 post
1331 2450 1419 2481 αὐχμόν
1431 2449 1551 2473 νει-ιῖιιιυε
1562 2449 1636 2479 sitim,
1650 2456 1701 2473 non
1710 2454 1814 2481 testum,-

1059 2496 1113 2520 quae
1121 2493 1159 2512 est
1168 2495 1287 2520 germana
1304 2487 1355 2520 ejus
1372 2486 1532 2520 significatio.
1545 2488 1610 2513 Nam
1619 2487 1816 2522 chrysostomus

1059 2525 1100 2550 hic
1121 2526 1249 2558 explicans
1264 2525 1331 2550 hunc
1352 2525 1436 2551 locum
1446 2545 1452 2557 ‚
1469 2526 1676 2560 propter-firmem
1699 2533 1724 2552 et
1747 2529 1814 2553 sitim

1059 2575 1144 2599 aquae,
1157 2565 1197 2591 hic
1207 2566 1275 2591 sitim
1286 2564 1437 2590 hauddubie
1445 2565 1571 2600 iutelligit.

1092 2606 1105 2624 d
1123 2606 1184 2638 Reg.
1194 2604 1259 2630 male
1271 2610 1445 2640 κηρυττόμενον.
