1890 2826
101 1823 169 1867 fsal.
188 1822 226 1852 57.

138 1918 242 1939 Putidum

102 1949 179 1971 orandi
206 1957 242 1977 ge-

103 1987 152 2000 nus.

236 202 307 248 640

957 203 1089 234 spuma.

236 274 445 315 increpationem
453 273 467 302 ἶ)
479 268 550 303 Non'
562 272 619 301 sero
639 270 741 301 doloris
763 270 902 309 reliquias,
923 279 976 300 non
986 271 1023 322 ⁵2⁸
1034 270 1219 310 ἂλλοτρίωσιν;
1227 269 1272 299 τὸν
1281 268 1448 310 μακαρισμὸν
1457 268 1502 298 τὸν
1509 269 1601 306 ἀΐδιον;
1607 270 1688 300 Ποῖον
1697 268 1810 299 κοπετὸν

237 316 292 343 fero
311 313 452 353 gemitum,
467 321 520 341 non
540 311 597 340 fero
617 310 682 340 volu
703 311 765 340 tatis
789 311 843 339 tua}
863 319 976 379 consse-

237 361 321 389 ctum,
337 363 427 382 eoram
443 358 469 381 te
491 350 661 380 constitutus.
701 356 830 379 xtraneus
852 349 903 379 tibi
945 360 978 378 o-

238 393 394 431 micilioque
414 399 461 421 tuo
475 391 561 420 factus
582 400 653 427 sum,
664 389 820 428 alienusque
838 399 854 418 a
867 389 978 429 perenni

239 444 289 462 usu
303 433 355 469 tui,
379 431 491 472 propria
515 431 653 460 voluntate
675 439 718 458 me
744 429 862 458 alienum
884 439 899 458 a
920 429 978 458 Deo

237 472 372 502 constitui.
388 472 500 500 Alienus
518 469 615 499 dehinc
636 480 682 499 ero
695 479 711 498 a
725 475 772 498 tuo
791 474 934 508 conspeetu
953 474 980 497 et

238 511 472 551 contemplatione.
486 511 548 540 Non
568 509 640 538 ultra
663 509 738 538 fruar
757 508 897 547 voluptate
909 514 977 545 tua;

238 562 291 580 non
305 551 374 580 ultra
387 549 553 579 beatitudine
570 555 617 578 tua
630 549 716 588 potiar
733 559 740 583 ;
754 557 807 577 non
821 547 892 576 ultra
904 548 979 576 fruar

238 597 347 631 aspectu
357 597 419 627 tuo;
433 599 486 618 non
499 589 570 618 ultra
584 587 667 617 radiis
678 588 731 618 tuis
745 587 914 626 illustrabor5
926 596 979 615 non

239 631 310 660 ultra
325 631 352 659 in
367 637 393 659 te
405 629 544 658 habitabo⁴
558 628 656 658 Omnia
668 627 737 657 mihi
751 627 851 656 frustra
863 636 977 663 cessere3

239 670 328 699 omnia
343 676 372 699 ut
378 669 475 699 umbra
485 667 658 708 transierunt,
670 666 759 697 omnia
765 666 840 696 velut
846 665 980 696 somnium

239 710 442 750 praeterierunt,
457 708 546 738 omnia
560 707 595 736 ab
607 707 693 736 oculis
706 706 772 736 meis
783 706 978 742 abscesserunt,

239 749 317 788 quasi
340 759 486 787 numquam
499 747 670 777 exstitissent.
686 747 759 776 Num
806 752 846 775 tes
858 745 937 774 etiam
949 751 980 774 tu

240 789 374 829 opificem
388 798 492 827 rogare,
505 794 536 817 ut
552 797 586 816 ne
600 787 635 816 ab
648 786 774 816 habitacu
787 796 803 814 o
821 792 868 814 tuo
889 784 981 814 detru-

240 828 310 858 dar?
320 828 410 858 Flecte
421 828 528 857 arbores
541 833 610 863 tuas,
626 833 652 856 et
664 825 812 866 procumbe
825 831 885 854 ante
897 824 981 853 mise-

241 875 356 898 ratorem
372 867 463 904 illum,
480 866 569 896 sonitu
594 866 722 895 foliorum
744 872 855 894 tuorum
876 864 982 893 fortiter

242 909 339 937 clama.
356 906 540 937 Felicissimus
560 906 646 935 factus
668 915 696 934 es
712 906 791 945 juss'u
815 903 937 938 Domini3
951 913 983 933 ac
999 918 1018 941 B

242 947 370 977 fiduciam
391 946 485 983 habes,
507 952 601 985 utpote
623 945 721 974 domus
740 944 792 974 Dei
815 943 909 973 nostri.
933 943 982 972 At-

243 988 307 1016 tolle
319 986 396 1026 quasi
414 986 506 1015 oculos
526 985 665 1014 fructuum
687 991 798 1013 tuorum
820 993 833 1012 s
853 983 936 1012 eciem
958 988 985 1011 et

243 1027 319 1065 quasi
333 1038 362 1056 os
375 1026 501 1064 eloquens
522 1025 674 1064 plantarum
693 1030 802 1053 tuarum
851 1032 936 1059 orem,
953 1028 983 1051 ut

242 1077 256 1095 a
279 1073 350 1095 ertus
363 1075 469 1095 maneas
492 1064 592 1094 amanti
613 1071 651 1093 te.
676 1064 746 1093 Ecce
767 1063 825 1103 jam
841 1072 871 1091 os
894 1070 985 1091 meum

244 1077 385 1135 cl'amando
399 1104 573 1144 defatigatum
595 1110 634 1132 est
647 1115 656 1142 ς
669 1113 729 1132 ecce
749 1102 842 1142 lingua
864 1111 923 1130 mea
945 1101 986 1130 lo-

244 1145 344 1183 quendi
359 1145 440 1174 finem
453 1145 515 1173 fecit
528 1155 537 1181 ;
553 1154 612 1173 ecce
631 1143 722 1172 fauces
736 1152 800 1171 meae
813 1141 920 1171 silentio
931 1140 986 1170 col-

245 1185 375 1223 ligantur.
390 1185 429 1214 Ut
450 1184 528 1222 pravi
552 1182 659 1211 consilii
683 1181 835 1217 damnatus,
854 1187 884 1210 ut
905 1180 986 1210 miser

245 1223 373 1257 nudatus,
384 1230 415 1252 ut
426 1222 525 1262 impius
535 1222 634 1261 ejectus
646 1231 718 1257 sum,
733 1228 764 1250 ut
777 1227 898 1250 terrenus
909 1227 986 1249 terrae

245 1273 305 1291 sum
318 1262 441 1296 traditus,
459 1272 493 1290 cx
504 1272 557 1300 qua
570 1260 644 1290 exivi
654 1271 661 1298 ;
674 1261 701 1288 in
712 1271 771 1289 eam
782 1270 815 1289 ex
826 1270 879 1297 qua
889 1259 986 1288 forma-

246 1308 290 1331 tus
303 1313 364 1331 sum
386 1300 476 1335 redeo,
486 1311 535 1329 nec
548 1300 619 1328 ultra
642 1299 808 1338 contemplor
821 1298 925 1328 decoris
946 1298 986 1327 tui

246 1341 372 1380 speciem.
388 1339 492 1369 Deinde
511 1349 654 1368 conversus
665 1338 699 1367 ad
711 1338 863 1373 mulierem,
879 1337 987 1376 probris

246 1387 286 1409 cst
298 1391 374 1417 usus,
385 1379 446 1417 etin
456 1377 634 1408 amaritudine
645 1379 739 1406 auimae
749 1377 819 1406 dixit
833 1390 839 1405 :
851 1377 908 1406 Cur
918 1376 987 1406 mihi

247 1419 475 1448 immortalitatem
489 1417 655 1457 decerpsisti,
671 1417 790 1446 mulier?
803 1427 852 1445 cur
865 1415 988 1445 omnium

247 1458 388 1488 dominum
400 1458 511 1488 effecisti
533 1456 686 1486 mendicum
694 1457 708 1485 ἰ’
720 1466 768 1485 cur
789 1466 878 1495 regem
893 1455 988 1484 mundi

248 1509 356 1529 servum
366 1497 535 1527 exhibuisti?
549 1507 597 1525 cur
606 1496 698 1525 oculos
710 1506 782 1524 meos
793 1495 894 1524 lumine
902 1495 989 1524 fruen-

249 1544 287 1566 tes
301 1538 436 1569 excaecasti
447 1537 460 1565 Ρ
474 1547 523 1566 cur
542 1546 584 1565 me
597 1536 693 1565 vestitu
711 1535 809 1564 exuisti
821 1557 829 1571 ‚
842 1545 923 1573 quem
936 1544 989 1563 non

249 1584 371 1606 texueras
380 1578 394 1606 Ξ)
405 1587 455 1606 cur
467 1575 563 1604 honori
584 1585 643 1604 meo
655 1573 796 1604 invidisti?
809 1584 857 1603 eur
868 1573 990 1614 archety-

251 1627 317 1655 pum
329 1616 452 1646 decorem
462 1625 552 1644 meum
564 1614 713 1643 obscurasti
722 1613 736 1642 Ξ)
749 1624 798 1643 cur
809 1613 871 1643 vitae
883 1613 1026 1653 nominc-C

250 1655 358 1693 donata,
373 1666 444 1685 mors
456 1655 523 1684 mihi
537 1653 612 1683 fuisti
620 1654 634 1682 Ξ)
648 1664 697 1683 cur
705 1663 748 1682 me
759 1653 860 1691 angelis
872 1652 991 1682 alienum

249 1695 349 1724 faciens
369 1706 432 1724 cum
456 1693 624 1724 daemonibus
651 1693 771 1722 habitare
793 1692 927 1732 coegisti?
941 1702 991 1721 cur

251 1745 294 1764 mc
307 1744 388 1773 regno
403 1735 538 1774 privatum
559 1733 586 1761 in
601 1743 735 1761 summam
754 1739 936 1772 paupertatem
950 1742 991 1761 re-

251 1773 347 1813 degisti
356 1774 370 1803 ?
381 1785 430 1803 cur
441 1784 519 1802 aures
532 1783 603 1803 meas
614 1773 765 1810 frequenter
776 1772 828 1801 Dei
841 1782 936 1802 vocem
947 1782 992 1800 au-

252 1813 353 1843 dientes
367 1813 507 1850 obturasti,
517 1813 586 1842 sicut
593 1811 664 1851 aspis
676 1811 768 1848 surda,
782 1821 840 1850 quae
849 1821 902 1840 non
913 1822 993 1840 exau-

253 1852 308 1882 diet
328 1863 407 1882 voces
430 1851 607 1881 incantantis?
618 1851 678 1880 Non
689 1851 746 1880 fero
771 1850 990 1890 increpationem,

253 1899 313 1921 ante
324 1893 449 1932 copulam
469 1891 631 1920 solutionem
643 1891 751 1928 requiro
767 1902 775 1927 3
789 1897 932 1929 antequam
944 1890 992 1919 ha-

252 1932 401 1960 bitaculum
412 1938 537 1967 statuam,
550 1940 681 1958 secessum
692 1929 824 1967 meditor;
839 1936 899 1959 ante
911 1940 996 1969 copu—

253 1971 307 1999 lam
321 1971 512 2011 separationem
519 1969 617 1998 molior
624 1980 634 2006 3
649 1976 709 1998 ante
721 1969 935 2009 conjunctionem
948 1969 995 1998 abs

252 2017 279 2039 te
302 2010 438 2039 discedere
460 2020 502 2038 me
525 2008 618 2048 pudet.
642 2008 763 2038 Abscede
776 2019 791 2037 a
805 2019 847 2038 me
859 2031 867 2046 ‚
883 2009 992 2038 mulier.

254 2049 433 2085 Quandonam
458 2056 557 2077 terram
583 2048 734 2087 operabor?
749 2048 855 2086 quando
880 2048 996 2078 tribulos

253 2088 390 2117 evellam?
403 2087 571 2126 quandonam
592 2088 754 2116 frumentum
774 2094 877 2117 mature
901 2087 997 2117 deme-
1021 2095 1024 2098 ⁴

254 2127 328 2156 tam?
351 2127 525 2166 quandonam
549 2127 598 2155 illo
612 2127 640 2154 in
661 2126 774 2155 farinam
793 2127 903 2156 reducto
914 2149 922 2164 ‚
947 2138 998 2168 pa-

254 2177 315 2195 nem
333 2167 467 2205 coquam?
484 2165 653 2205 quandonam
673 2166 729 2194 sine
749 2167 820 2195 euris
842 2166 936 2196 sedens
961 2167 996 2196 il-

256 2206 314 2235 lum
331 2206 488 2235 comedam?
503 2205 672 2244 quandonam
692 2205 749 2234 sine
768 2206 860 2235 dolore
873 2216 997 2236 somnum

256 2245 378 2285 capiam?
392 2245 564 2285 quandonam
573 2255 607 2274 ex
618 2245 690 2273 foliis
702 2244 768 2273 ficus
783 2246 899 2275 vestiar?
909 2257 998 2285 quan-

256 2284 355 2314 donam
364 2284 559 2324 turpitudinem
572 2284 660 2313 carnis
673 2294 736 2312 meae
748 2284 862 2314 volabo?
874 2285 1003 2323 quando-⁷

258 2335 323 2359 nam
343 2324 439 2354 calceis
459 2323 541 2364 pedes
554 2324 687 2363 obtegam,
716 2330 746 2352 ut
758 2334 791 2353 ne
803 2334 907 2363 pungar
921 2326 998 2365 spina

257 2363 388 2395 divinitus
397 2363 548 2403 pullulante
557 2363 570 2392 ἷ)
579 2362 748 2402 quandonam
759 2363 850 2392 velum
859 2374 996 2402 consuam,

257 2410 288 2432 ut
310 2403 461 2443 abstergam
485 2402 621 2438 sudorem,
636 2412 716 2441 quem
741 2402 821 2439 mihi,
837 2403 945 2441 mulier,
964 2415 999 2434 ex

258 2443 411 2487 insipientia
425 2442 597 2483 procurasti?
609 2443 653 2471 Tu
664 2442 721 2471 sine
734 2442 826 2471 labore
839 2442 937 2482 degens
951 2454 999 2476 ca—

257 2483 403 2512 lamitatem
425 2493 478 2511 non
499 2492 561 2522 pers
582 2481 630 2511 icis
645 2494 651 2510 :
665 2481 712 2510 ubi
727 2492 791 2511 vcro
811 2481 938 2511 infantem
951 2494 998 2523 pa-

257 2522 320 2558 ries,
336 2529 399 2551 tunc
409 2522 542 2551 sententiae
573 2521 688 2553 amnatio
701 2521 751 2550 tibi
765 2522 910 2550 exorietur.
929 2523 997 2552 Cum

258 2562 346 2601 proles
366 2572 401 2590 cx
428 2569 503 2591 utero
527 2568 574 2590 tuo
585 2561 747 2600 egredietur,
767 2567 831 2589 tunc
853 2561 997 2591 verborum

259 2616 377 2635 meorum
402 2605 602 2637 recordaberis;
623 2616 684 2635 cum
710 2604 802 2634 dolore
825 2605 997 2644 cruciaberis,

1032 308 1806 389 ἒῖῗὶῖζίαῗῖξῖἔιἶνλῖζέἵζέιῖῖηέἒέέῗῲἶζᾙῖἷτῖῖίζζῖὸῗ

1033 389 1181 429 ἀναπέμψω
1187 400 1195 425 ;
1202 388 1280 418 ποίαν
1289 388 1384 424 ὀδύνην
1391 387 1563 424 καταπαύσω,
1568 388 1616 425 τὴν
1626 388 1722 430 ἀρτίως
1728 387 1808 429 παρε-

1033 431 1146 464 στῶσαν,
1156 428 1204 465 τὴν
1217 428 1285 467 μετὰ
1296 431 1390 465 ταῦτα,
1398 427 1447 464 τὴν
1455 429 1483 457 ἐν
1490 431 1544 461 τοῖς
1554 428 1746 469 καταχθονίοις,
1755 429 1806 465 τὴν

1032 470 1058 498 ἐν
1069 469 1160 507 ἱδρῶτι
1172 471 1218 497 τοῦ
1230 467 1382 508 προσείπω,
1392 470 1446 497 τῶν
1457 468 1581 497 ἀκανθῶν
1587 467 1636 504 τὴν
1647 468 1805 508 βλάστησιν,

1032 511 1080 544 τ’ῆς
1090 510 1138 547 γῆς
1151 507 1200 544 τὴν
1215 507 1384 546 ἐπιτίμησιν;
1398 508 1439 537 Οὔ
1451 506 1523 547 φέρω
1535 509 1584 542 τῆς
1601 506 1689 543 λύπης
1705 507 1740 537 τὰ
1752 507 1808 537 λεί-

1032 550 1113 588 ψανα,
1126 549 1155 577 οὐ
1170 547 1242 588 φέρω
1257 548 1301 577 τὸν
1315 547 1478 586 στεναγμὸν,
1491 548 1521 576 οὔ
1534 546 1606 606 φέρω
1620 547 1746 577 ἀπέναντι
1759 549 1807 583 τῆς
1850 548 1852 551 ’

1032 589 1132 627 τρυφῆς
1143 599 1189 616 σου
1203 587 1350 626 καθήμενος
1366 586 1472 627 βλέπειν
1490 598 1530 616 σε.
1551 586 1633 620 μένος
1645 586 1681 625 γὰ
1710 586 1805 626 γέγονα

1032 630 1080 663 τῆς
1093 629 1142 662 σῆς
1155 627 1300 667 διατριὸἥς,
1311 626 1380 661 ξένος
1389 629 1436 663 τῆς
1447 628 1496 662 σῆς
1509 625 1654 662 κατοικίας,
1668 628 1685 655 ἀ
1719 626 1806 666 ότριος

1032 669 1079 702 τῆς
1093 667 1176 695 ἀϊδίου
1190 666 1370 701 ἀπολαύσεως,
1383 666 1454 700 ξένον
1469 666 1583 705 ἐμαυτὸν
1597 666 1749 702 κατέσπισα
1758 669 1805 696 τοῦ

1037 708 1109 736 Θεοῦ
1124 705 1208 747 οἰκείᾳ
1222 718 1272 746 μου
1287 708 1380 746 βουλῇ.
1396 706 1478 739 Ξένος
1492 706 1591 746 ἀπαρτὶ
1601 706 1748 745 γενήσομαι
1759 707 1808 742 τῆς

1033 748 1081 781 σῆς
1103 745 1212 785 θεωρίας
1235 746 1280 775 καὶ
1301 746 1425 786 ὁράσεως.
1449 745 1550 775 Οὐκέτι
1563 757 1610 774 σου
1632 747 1681 781 τῆς
1703 747 1806 786 τρυφῆς

1032 785 1176 815 ἀπολαύσω
1184 808 1193 823 ,
1217 785 1306 815 οὐκέτι
1329 789 1377 822 τ’ῆς
1398 784 1592 825 μακαριότητός
1613 796 1659 815 σου
1684 786 1805 822 ἧδυνθῶ,

1033 825 1120 855 οὖκέτι
1135 837 1181 855 σου
1195 827 1243 861 τῆς
1256 824 1316 858 θέας
1331 825 1490 861 ἀπολαύσω,
1504 824 1592 854 οὐκέτι
1608 831 1655 854 σου
1673 826 1722 860 τ’ἥς
1737 835 1807 864 μαρ-

1035 867 1156 905 μαρυγῆς
1165 865 1320 905 ἐλλαμφθῶ,
1335 864 1424 894 οὐκέτι
1438 866 1465 894 ἐν
1480 864 1521 894 σοὶ
1539 864 1703 900 κατοικήσω.
1714 864 1808 894 Πάντα

1034 904 1098 934 κενά
1109 916 1155 944 μοι
1173 904 1264 944 γέγονε
1273 916 1279 923 ·
1293 904 1380 934 πάντα
1402 905 1538 944 παρῆλθον
1560 906 1595 937 ὡς
1618 904 1695 934 σκιά·
1719 904 1809 934 πάντα

1036 945 1112 980 διέὸη
1127 947 1164 978 ὡς
1188 944 1264 984 ὄναρ’
1288 943 1376 973 πάντα
1395 944 1577 984 ἠφανίσθησαν
1599 946 1635 977 ὡς
1655 943 1810 984 ἀνύπαρκτα

1037 984 1089 1013 ἀπὸ
1100 986 1154 1013 τῶν
1165 985 1307 1024 ὀφθαλμῶν
1319 995 1379 1023 μου.
1394 985 1429 1013 Et
1444 983 1563 1020 δύνασαι,
1577 983 1627 1012 κᾶν
1639 983 1671 1012 σὺ
1684 982 1810 1024 παρακάὲ

1036 1024 1113 1053 λεσαι
1126 1023 1170 1053 τὸν
1183 1023 1315 1060 πλάστην,
1329 1022 1400 1056 ὅπως
1419 1023 1457 1062 μὴ
1470 1024 1596 1063 χωρισθῶ
1609 1025 1657 1059 -ι-’ῆς
1670 1023 1811 1056 συναυλίας

1038 1075 1093 1093 σου.
1108 1062 1292 1103 Κατᾶκαμψον
1304 1062 1339 1092 τὰ
1358 1062 1451 1103 δένδρα
1465 1074 1522 1097 σου,
1542 1062 1589 1091 καὶ
1607 1061 1759 1102 πρόσπεσον
1771 1064 1811 1102 τῷ

1038 1103 1178 1143 εὖσπλοὶγχ
1222 1125 1230 1139 ,
1242 1102 1287 1131 καὶ
1298 1104 1337 1143 τῷ
1345 1102 1363 1138 ἤ
1383 1113 1406 1142 ῳ
1417 1104 1470 1131 τῶν
1484 1102 1590 1141 φύλλων
1602 1113 1648 1131 σου
1662 1101 1809 1142 ἀνάκραξον

1040 1144 1066 1172 ἐν
1080 1141 1164 1183 ῖσχΰι.
1178 1114 1328 1175 Ἠιανόλὸιος
1341 1114 1450 1181 γῖγονας
1467 1141 1628 1179 κελεύσματι
1645 1145 1691 1171 τοῦ
1705 1141 1812 1171 Δεσπό-

1039 1194 1094 1223 Ξου,
1109 1182 1154 1212 καὶ
1175 1181 1326 1222 παρῤησίαν
1340 1183 1352 1210 ἔ
1374 1193 1410 1215 εις
1431 1183 1467 1214 ὥς
1488 1176 1558 1214 οἶκος
1572 1184 1626 1210 τοῦ·
1641 1183 1712 1211 Θεοῦ
1725 1183 1813 1220 ἡμῶν.

1043 1224 1116 1261 Ἀρον
1131 1221 1223 1261 ὥσπερ
1234 1222 1384 1262 ὀφθαλμους
1396 1222 1450 1250 τῶν
1462 1223 1573 1260 καρπῶν
1582 1231 1629 1250 σου
1643 1221 1677 1250 τὰ
1690 1221 1756 1258 εἴδη,
1767 1221 1813 1250 καὶ

1040 1261 1131 1301 ὥσπερ
1151 1261 1238 1300 στόμα
1261 1261 1371 1290 εύλαλον
1390 1260 1438 1296 τὴν
1452 1262 1504 1290 τῶν
1521 1261 1609 1300 φυτῶν
1631 1260 1757 1297 εὐωδίαν,
1770 1260 1813 1290 Ιἶνα

1042 1301 1132 1340 μείνῃς
1149 1300 1311 1340 ἀνεῳγμένος
1324 1302 1363 1340 τῷ
1383 1312 1412 1329 σε
1434 1299 1611 1339 ἀγαπήσαντι.
1626 1300 1695 1330 Ἰδοὺ
1715 1303 1762 1330 νῦν
1783 1300 1815 1329 τὸ

1041 1339 1128 1379 στόμα
1150 1351 1200 1378 μου
1225 1339 1329 1379 κράζειν
1356 1339 1494 1368 ἐκοπίασε·
1516 1339 1572 1368 ἰδοὺ
1597 1340 1642 1369 καὶ
1663 1342 1681 1375 ἡ
1705 1339 1815 1379 γλῶσσά

1043 1390 1104 1427 μου...
1120 1381 1216 1429 λαλεῖνΙ
1236 1378 1411 1408 ἀπεπαύσατο
1419 1390 1426 1397 ·
1440 1418 1446 1428 Ι
1454 1377 1509 1408 ἰδοὺ
1536 1378 1582 1408 καὶ
1606 1381 1620 1408 ὁ
1643 1378 1743 1418 λα’ρυγξ
1764 1391 1814 1417 μου

1043 1417 1815 1498 {gestasset[Pasizzffizssssaaazissaaa

1011 1531 1017 1533 -
1042 1499 1075 1536 τῇ
1090 1499 1124 1537 γῇ
1140 1497 1299 1538 παρεδόθην,
1309 1497 1366 1526 ὅθεν
1383 1497 1489 1532 ἐξῆλθον
1498 1508 1504 1515 ·
1518 1496 1575 1526 ὅθεν
1589 1497 1735 1534 ἐπλάσθην,
1752 1499 1815 1527 ἀνα·

1041 1537 1106 1574 λύω,
1121 1537 1166 1566 καὶ
1179 1536 1267 1567 οὐκέτι
1287 1548 1334 1566 σου
1349 1539 1438 1575 θεωρῶ
1451 1539 1497 1566 τοῦ
1516 1536 1630 1570 κάλλους
1647 1536 1696 1572 τὴν
1716 1537 1816 1578 ὡραιό-

1042 1588 1118 1645 Ξέἔα.
1137 1572 1209 1645 13ταί
1226 1576 1431 1645 φέραῖεὶςίπρὸς
1448 1576 1644 1644 ᾗζλγυναῖκία,
1659 1578 1818 1653 &urguo-gagis

1043 1628 1140 1685 νασχίὲΐ
1149 1628 1267 1696 ἐόέριαάας
1275 1678 1283 1692 ,
1301 1617 1503 1694 ᾁύεαῗξῐῒῇζιέξνε
1512 1626 1613 1695 ὖᾜξχλὸῖ
1628 1627 1755 1693 &laege
1767 1629 1819 1686 τί·

1043 1696 1149 1733 πεινόν;
1162 1695 1188 1725 τί
1201 1695 1246 1725 τὸν
1258 1694 1416 1735 παντάρχην
1437 1694 1603 1731 κατέστησας
1615 1695 1777 1735 προσαίτηνς
1791 1695 1818 1725 τί

1043 1736 1087 1766 τὸν
1096 1734 1207 1775 βασιλέα
1218 1738 1266 1771 τῆς
1275 1734 1385 1768 κτίσεως
1400 1735 1490 1764 δοῦλον
1505 1734 1650 1772 ἀνέδειξας;
1664 1734 1690 1764 τί
1700 1747 1750 1775 μου
1757 1734 1819 1769 τοὺς

1045 1774 1185 1816 φωτεινοὺς
1194 1774 1345 1815 ἐτύφλωσας
1355 1773 1518 1815 ὀφθαλμούς;
1527 1773 1553 1803 τί
1562 1786 1596 1813 με
1605 1774 1655 1812 τ’ὴν
1663 1774 1760 1811 στολὴν
1765 1774 1819 1810 ἔξέ·

1045 1817 1140 1850 δυσας,
1151 1814 1183 1851 ἣν
1194 1816 1242 1844 οὐκ
1254 1814 1399 1855 ἐξύφανοις;
1412 1815 1439 1844 τί
1450 1814 1498 1850 τὴν
1513 1813 1593 1853 τιμήν
1603 1826 1653 1854 μου
1661 1814 1804 1854 ἐφθόνησας
1809 1826 1821 1851 ς

1045 1855 1072 1884 τί
1093 1855 1124 1884 τὸ
1145 1854 1296 1894 ἀρχέτυπόν
1322 1866 1372 1893 μου
1397 1854 1493 1887 κάλλος
1515 1853 1696 1894 ἠμαύρωσας;
1717 1854 1744 1883 τί
1764 1854 1818 1891 ζωὴ

1046 1896 1302 1935 προσαγορευθεῖσα,
1326 1893 1436 1927 θάνατός
1459 1905 1504 1932 μοι
1526 1893 1648 1932 γέγονας;
1670 1893 1697 1922 τί
1715 1905 1749 1932 με
1765 1895 1819 1922 τῶν

1048 1933 1166 1974 ἀγγέλων
1178 1933 1395 1973 ἀλλοτριώσασα,
1408 1937 1462 1966 τοῖς
1477 1932 1584 1971 δαίμοσι
1598 1932 1819 1972 συγκατεσκήνου-

1047 1985 1109 2010 σας;
1123 1974 1150 2002 τί
1171 1985 1205 2012 με
1224 1975 1272 2008 τ’ῆς
1287 1972 1421 2012 βασιλείας
1435 1971 1587 2012 στερήσασα
1601 1973 1641 2005 εἷς
1649 1972 1733 2012 ἄκραν
1746 1984 1819 2002 πτωη

1046 2013 1122 2053 χείαν
1136 2013 1303 2052 κατήγαγες
1316 2012 1342 2041 τί
1350 2011 1385 2041 τὰ
1395 2007 1452 2041 ὦτά
1464 2023 1515 2051 μου
1528 2013 1578 2046 τῆς
1589 2013 1676 2052 φωνῆς
1689 2014 1735 2041 τοῦ
1747 2014 1819 2042 Θεοῦ

1049 2054 1174 2089 διηνεκῶς
1189 2052 1317 2081 ἀκούοντα
1328 2051 1490 2092 ἀπέφραξας,
1503 2053 1539 2084 ὣς
1551 2051 1630 2084 ἀσπὶς
1642 2051 1751 2091 βύουσα,
1761 2052 1821 2088 ἥτις

1049 2094 1098 2122 οὐκ
1120 2091 1303 2121 εἷσακούσεται
1327 2094 1415 2131 φωνῆς
1438 2090 1594 2130 ἐπᾴδοντος;
1618 2092 1659 2120 Οὐ
1682 2090 1753 2131 φέρω
1771 2091 1820 2127 τὴν

1049 2131 1203 2171 ἐπιτίμησιν
1212 2153 1220 2167 ,
1242 2131 1294 2171 πρὸ
1307 2134 1354 2167 τῆς
1362 2130 1508 2171 συναφείας
1527 2130 1576 2166 τὴν
1590 2129 1666 2160 λύσιν
1687 2132 1820 2167 ἐπιζητῶ·

1049 2172 1102 2212 πρὸ
1122 2174 1170 2207 τῆς
1190 2170 1418 2207 κατασκηνώσεως
1439 2169 1487 2206 τὴν
1511 2170 1680 2210 ἀναχώρησιν
1703 2172 1805 2209 μελετῶ
1814 2178 1825 2189 ·’

1050 2211 1102 2251 πρὸ
1112 2213 1161 2247 τῆς
1175 2211 1331 2249 συμπλοκῆς
1353 2210 1397 2240 τὸν
1410 2209 1546 2259 χωρισμὸν
1563 2212 1682 2250 μεριμνῶ
1691 2222 1698 2229 ·
1710 2210 1763 2250 πρὸ
1775 2214 1822 2240 τοῦ

1016 2255 1035 2277 D
1051 2252 1225 2291 συζευχθῆναι
1240 2252 1388 2285 ἀποστῆναι
1402 2251 1455 2279 ἀπο
1471 2252 1518 2279 σοῦ
1533 2249 1657 2279 δυσωπῶ.
1674 2249 1763 2279 Ἄπιθι
1774 2251 1822 2279 ἀπ’

1051 2292 1125 2329 ἐμοῦ,
1137 2290 1222 2330 γύναι.
1234 2289 1306 2319 Πότε
1315 2289 1364 2325 τὴν
1377 2291 1427 2329 γῆν
1439 2289 1600 2328 {pysis-opatu
1612 2289 1677 2318 πότε
1687 2289 1824 2329 τριῧόλους

1051 2330 1211 2366 ἀνασπάσως
1226 2329 1290 2359 πότε
1305 2333 1377 2359 σῖτον
1390 2328 1490 2369 ὥριμον
1503 2328 1614 2369 θερίσω;
1630 2328 1696 2358 πότε
1709 2329 1823 2364 ποιήσας

1051 2370 1170 2410 ἄλευρον,
1181 2369 1259 2409 ἄρτον
1268 2370 1475 2404 κατασκευάσω;
1485 2367 1549 2397 πότε
1557 2368 1666 2401 καθίσας
1672 2365 1824 2408 Ἐμέριμνος

1051 2413 1142 2439 τοῦτον
1156 2409 1329 2448 ἑστιάσομαι;
1341 2409 1406 2438 πότε
1422 2407 1557 2441 ἀνωδύνως
1567 2407 1681 2436 ὑπνώσω
1689 2419 1698 2445 ;
1714 2407 1778 2437 πότε
1790 2407 1825 2437 τὰ

1052 2449 1138 2489 φύλλα
1153 2448 1297 2488 ἐκδύσομαι
1315 2451 1363 2484 τῆς
1383 2450 1480 2484 συκῆς;
1496 2447 1561 2476 πότε
1571 2446 1619 2483 τὴν
1634 2447 1824 2487 ἀσχημοσύνην

1051 2491 1099 2524 τῆς
1113 2489 1209 2528 σαρκός
1221 2500 1271 2527 μου
1285 2487 1426 2523 σκεπάσω;
1439 2487 1504 2517 πότε
1517 2487 1682 2526 ὓποδύσομαι
1695 2491 1750 2520 τοῖς
1761 2487 1824 2516 ποσὶ

1051 2528 1116 2567 πρὸς
1129 2529 1160 2557 τὸ
1177 2528 1214 2566 μὴ
1230 2530 1439 2557 κατακεντᾶσθαι
1450 2526 1502 2555 ὑπὸ
1515 2528 1562 2561 τῆς
1581 2525 1667 2556 θεόθεν
1681 2527 1825 2556 ἀνατειλά-

1052 2580 1102 2604 σης
1126 2579 1171 2606 μοι
1193 2567 1321 2604 ἀκάνθης;
1343 2567 1407 2596 πότε
1428 2566 1571 2604 σκέπασμα
1593 2566 1698 2602 ποιήσω
1716 2566 1781 2606 πρὸς
1794 2565 1824 2594 τὸ

1052 2607 1194 2646 σπογγίσαι
1207 2608 1250 2636 τὸν
1267 2611 1312 2637 τοῦ
1326 2605 1468 2647 προσώπου
1480 2618 1529 2645 μου
1544 2606 1653 2645 ἱδρῶτα,
1664 2605 1692 2637 ὅν
1704 2618 1748 2646 μοι
1762 2617 1825 2645 προ-
