1890 2826
243 137 314 173 566

242 219 320 241 terra
334 217 431 240 autem
454 211 614 240 scabellum
632 211 739 250 pedum
758 220 896 240 meorum.
911 211 984 240 Ubi-

242 267 304 286 nam
322 256 416 286 sedet?
430 256 459 285 in
481 256 546 286 caelo
559 256 633 295 quod
646 256 801 290 cernimus?
811 256 904 286 stellae
923 263 986 286 sunt

243 304 294 332 sub
317 303 503 342 firmamento3
520 314 595 342 aquae
616 313 697 343 super
718 302 790 332 illud
804 302 897 342 positae
911 309 984 332 sunt.

242 349 272 378 Si
286 359 367 388 supra
382 347 465 386 sedet,
478 359 531 377 non
544 359 626 388 super
639 348 732 383 caelos,
746 348 793 378 sed
805 348 833 377 in
846 348 985 388 superiore

242 394 319 424 caelo.
331 395 361 424 Si
374 394 447 424 sedet
459 394 585 435 omnino,
601 394 681 423 etiam
694 394 777 434 pedes
787 405 873 434 usque
884 393 920 424 ad
930 401 984 424 ter-

242 452 298 470 ram
313 440 436 480 pendent.
452 440 580 470 Talemne
600 440 716 481 figuram
738 440 874 471 adscribis
884 441 920 478 ei,
935 440 984 479 qui

241 486 299 515 sine
311 486 398 525 figura
411 493 450 515 est
461 486 475 515 ἱ)
488 486 711 527 Annon-impium
723 493 764 516 est
776 486 849 516 illud
860 486 898 515 ita
911 486 983 525 cogi-

241 533 319 562 tare?
333 534 459 570 Demum,
473 533 495 562 si
508 533 566 573 ejus
579 533 660 573 pedes
677 540 775 563 terram
785 533 902 570 calcant,
915 543 983 572 quo-

241 579 322 609 modo
355 580 489 609 serimus?
513 579 648 619 quomodo
677 579 822 609 metimus?
847 579 983 619 quomodo

240 626 432 666 pertransimus
441 648 448 662 ‚
472 636 521 655 nec
543 626 571 655 in
598 625 679 666 pedes
702 626 760 666 ejus
785 625 982 666 impingimus?

241 671 383 709 Quomodo
393 672 488 701 caelum
497 672 587 712 palmo
596 683 703 702 mensus
713 672 770 702 est?
781 682 862 711 quam
873 682 983 712 magnos

240 718 335 747 habuit
345 718 443 757 digitos
454 718 625 758 proportione
635 717 784 748 divinitatis
791 718 839 747 i‘et
847 717 982 756 quomodo

240 764 340 793 talibus
351 763 444 803 digitis
455 764 566 804 exiguas
583 764 688 794 tabulas
700 764 817 804 scripsit,
831 775 916 803 neque
926 763 982 793 iltis

239 810 386 850 pluribus?
401 811 456 839 Nos
479 811 569 840 trihus
590 810 683 850 digitis
702 811 857 848 scribimus,
870 810 982 849 reliquis

239 868 346 896 operam
373 857 586 895 conferentibus5
610 858 684 886 Deus
702 867 756 886 uno
770 856 857 896 digito
875 855 981 886 tabulas

238 903 356 943 scripsit.
377 903 507 934 Vidistin'
530 903 649 942 aliquem
670 913 724 932 uno
746 902 832 942 digito
858 901 979 931 scriben-

237 949 310 978 temi’
324 951 392 979 Sunt
407 950 463 979 haec
474 949 560 989 magis
573 949 719 987 sententiae,
732 959 814 989 quam
823 948 918 979 verba.

276 998 306 1025 4.
331 998 491 1026 Faciamus
514 997 662 1026 hominem
686 996 727 1025 ad
747 997 903 1035 imaginem
926 1003 979 1023 no-

237 1049 337 1072 stram.
349 1043 418 1073 Vult
428 1044 502 1072 Deus
516 1049 546 1072 ut
558 1050 688 1082 quantum
700 1041 735 1071 ad
745 1041 873 1072 virtutem
879 1040 980 1070 similes

238 1089 289 1128 ipsi
304 1089 398 1118 simus.
414 1089 489 1126 Quid
501 1096 551 1125 est,
566 1090 621 1119 Ad
633 1090 792 1129 imaginem
804 1091 818 1116 Ρ
832 1089 904 1117 Deus
917 1097 979 1116 san-

237 1142 296 1164 otus
307 1142 361 1171 est;
376 1135 398 1164 si
413 1135 496 1164 sancti
508 1135 649 1172 fuerimus,
664 1135 699 1163 ad
713 1133 857 1174 imaginem
867 1133 919 1163 Dei
931 1143 977 1162 su-

86 1186 227 1215 Lev11.19.2.
238 1191 309 1209 mus.
321 1182 402 1218 Nam7
410 1182 513 1210 Estote
519 1182 628 1218 sancti,
639 1182 709 1220 quia
717 1191 768 1220 ego
777 1186 896 1209 sanctus
906 1189 979 1208 sum.

238 1229 311 1256 Deus
321 1229 409 1268 justus
420 1235 475 1259 est;
488 1228 510 1256 si
521 1227 654 1266 justitiam
667 1233 810 1263 sectemur,
827 1226 915 1265 imago
929 1225 980 1254 Dei

88 1278 154 1300 1)εηὶ.
166 1277 226 1302 10.8.
239 1285 342 1303 sumus.
357 1275 427 1303 Nam
440 1275 543 1303 Justus
563 1275 719 1308 Dominus,
735 1279 763 1301 et
772 1273 918 1311 justitiam
927 1271 980 1299 di-

239 1321 322 1350 lexit.
338 1320 367 1350 Si
382 1319 566 1349 misericordes
590 1319 684 1355 simus,
699 1318 786 1357 imago
809 1327 903 1346 sumus
917 1316 977 1346 Dei.
995 1327 1014 1350 Ε

86 1371 143 1392 Luc.
156 1370 226 1393 6.36.
239 1366 284 1395 Ait
297 1366 368 1395 enim
387 1367 512 1396 Servator
526 1378 532 1394 :
547 1367 650 1395 Estote
673 1363 881 1399 misericordes,
906 1363 981 1391 sicut

101 1421 177 1449 Imago
187 1422 206 1443 t)
209 1412 331 1443 ,t'Pater
343 1418 440 1441 vester
452 1413 614 1441 misericors
629 1417 682 1439 est.
698 1409 784 1440 Vides
797 1419 850 1448 qua
862 1408 889 1437 in
905 1415 980 1448 parte

87 1459 171 1505 ἰᾙῖ·
165 1461 229 1481 ,quo-
239 1458 273 1488 sit
283 1458 391 1498 imago?
403 1457 524 1487 Ostendit
533 1464 558 1486 et
570 1457 685 1486 Paulus
678 1455 837 1495 imaginem5
847 1454 884 1483 ait
893 1455 978 1483 enim:

89 1513 140 1536 Coa
153 1514 175 1536 3,
189 1521 212 1543 9
239 1505 349 1534 Exuite
363 1514 417 1534 vos
439 1510 568 1533 veterem
589 1504 735 1532 hominem
750 1507 778 1530 et
790 1501 903 1530 induite
925 1511 980 1530 no-

90 1550 128 1567 ¹⁰
240 1561 316 1581 vam,
325 1552 376 1590 qui
389 1550 548 1579 secundum
563 1550 658 1578 Deum
671 1555 783 1577 cremus
795 1552 838 1576 est
851 1547 883 1575 in
894 1549 980 1586 agni-

238 1600 316 1626 tione
334 1598 477 1633 veritalis,
491 1597 650 1626 secundum
672 1596 826 1634 imaginem
846 1595 909 1632 ejus
928 1595 980 1633 qai

237 1646 346 1673 creavit
359 1654 436 1673 eum.
449 1642 535 1673 Vides
547 1641 695 1672 virtutibus
708 1640 803 1677 tribui,
815 1639 889 1679 quod
905 1639 979 1668 Scri-

231 1696 315 1729 ptura
328 1688 406 1726 dicit,
421 1688 474 1718 Ad
487 1690 645 1728 imaginem
661 1693 788 1716 nostram
801 1689 814 1714 P
827 1687 858 1716 In
872 1696 926 1725 quo
941 1692 980 1715 est

89 1727 144 1749 σω·
154 1726 305 1765 ’5”26”,ῐ·ιιῑίο
325 1735 471 1775 imaginis?
483 1737 514 1765 In
530 1741 658 1774 potestate
671 1733 734 1762 item
749 1745 754 1761 :
773 1735 919 1771 Imperant
938 1733 980 1771 pi-

204 1770 214 1780 l
236 1784 332 1811 scibas
347 1783 446 1817 maris,
462 1788 490 1810 et
499 1780 675 1810 volatilibus
694 1779 770 1815 coeli,
786 1785 813 1807 ct
828 1779 937 1816 bestiis,
953 1786 980 1807 et

237 1829 399 1867 reptilibus,
407 1835 442 1857 <et
462 1829 622 1867 jumentis,
638 1832 667 1855 et
681 1827 822 1854 universae
845 1831 937 1854 terroe.
954 1827 979 1855 Ο

236 1875 287 1904 Dei
295 1881 497 1913 consequentem
505 1871 642 1902 oidinem!
655 1882 671 1900 o
677 1871 822 1900 verborum
830 1878 980 1900 accuratam

237 1921 384 1951 rationem!
397 1922 454 1950 Cur
464 1920 535 1949 dixit
546 1919 631 1959 prius,
645 1919 770 1947 Praesint
776 1918 905 1956 piscibus
918 1928 980 1947 ma-

938 147 1117 174 SEVEmAM

1036 222 1103 249 τως,
1120 211 1166 241 καὶ
1180 213 1205 241 οἱ
1217 212 1295 246 πόδες
1308 212 1455 253 κρέμανται
1474 213 1523 248 ἕως
1541 215 1591 250 τῆς
1611 215 1669 254 γῆς.
1684 215 1811 245 Τοιοῦτον

1038 259 1131 298 σχῆμα
1143 257 1278 298 περιτίθης
1289 260 1326 298 τῷ
1338 259 1547 300 ἀσχηματίστῳ;
1561 261 1621 290 Οὔκ
1634 260 1706 290 ἔστιν
1719 261 1813 296 ἆσεὸὲς

1038 303 1176 333 καὶτοῦτο
1198 303 1267 333 οὕτω
1289 306 1396 340 νοῆσαι;
1418 300 1487 334 Εἶτα
1509 305 1618 342 λοιπὸν,
1641 308 1665 335 εἲ
1689 309 1713 336 οἱ
1734 307 1813 341 πόδες

1041 350 1121 379 αὐτοῦ
1134 352 1247 379 πατοῦσι
1259 349 1307 386 τὴν
1320 351 1370 389 γῆν
1379 372 1387 386 ,
1399 351 1456 384 πῶς
1468 350 1626 391 σπείρομεν;
1641 354 1698 385 πῶς
1711 352 1813 392 θερίζο-

1041 407 1074 434 με
1076 407 1105 433 ν,
1125 397 1182 429 πῶς
1204 395 1361 435 διερχόμεθα
1383 395 1421 435 μὴ
1444 396 1631 437 συγκρούοντες
1652 399 1732 427 αὐτοῦ
1756 402 1811 432 τοῖς

1039 442 1132 477 ποσίν;
1154 443 1218 475 Πῶς
1232 441 1260 471 δὲ
1273 441 1403 482 ἐμέτρησε
1418 442 1463 472 τὸν
1483 442 1592 483 οὐρανὸν
1593 446 1740 498 ι..σπιθαμῇ
1755 446 1812 478 πῶς

1040 487 1183 521 δακτύλους
1196 483 1251 527 εἶχε
1273 488 1402 527 μεγάλους
1417 488 1559 528 ἀναλόγους
1577 491 1611 528 τῇ
1633 489 1751 526 θεότητι;
1765 490 1811 520 καὶ

1038 535 1095 567 πῶς
1107 535 1134 563 ἐν
1146 534 1254 567 ἐκείνοις
1267 538 1321 567 τοῖς
1337 534 1475 568 δακτύλοις
1486 534 1584 575 ἔγραψε
1598 535 1703 569 πλάκας
1714 536 1812 576 μικρὰς

1039 579 1176 613 δακτύλοις
1189 579 1330 617 τοιούτοις,
1344 580 1389 610 καὶ
1411 580 1470 610 οὐδὲ
1484 581 1607 617 πολλοϊς;
1622 581 1717 620 (Ημεῐς
1739 581 1811 622 τρισὶ

1039 625 1177 659 δακτύλοις
1187 625 1333 665 γράφομεν,
1349 627 1402 655 τῶν
1417 626 1504 656 ἄλλων
1523 626 1729 667 συνεργούντων·
1741 627 1810 661 Θεὸς

1038 671 1077 700 ἑνὶ
1102 671 1222 711 δακτύλῳ
1243 671 1291 705 τὰς
1314 671 1418 705 πλάκας
1441 672 1563 712 ἔγραψεν.
1587 668 1664 706 Ε’ἶδές
1690 685 1750 702 τινα
1771 673 1810 702 ἑνὶ

1022 753 1025 756 .
1038 717 1160 757 δακτύλῳ
1182 717 1316 757 γράφοντα
1321 729 1331 757 3
1355 717 1486 757 Νοήματά
1502 719 1558 748 ἐστι
1579 722 1664 748 ταῦτα
1678 719 1779 758 μᾶλλον
1791 717 1809 754 ἢ

1038 762 1154 803 ῥήματα.

1077 995 1236 1034 Ποιήσωμεν
1257 990 1392 1036 ἄνθρωπον
1407 998 1466 1027 κατ’
1483 996 1572 1027 εἰκόνα
1584 997 1724 1037 ἡμετέραν.
1736 998 1808 1028 Βού-

1035 1041 1111 1071 λεται
1126 1043 1198 1080 ἡμᾶς
1210 1043 1225 1070 ὁ
1239 1042 1307 1075 Θεὸς
1322 1042 1441 1081 μιμητὰς
1454 1044 1533 1072 αὐτοῦ
1548 1045 1614 1072 εἰναι
1626 1045 1686 1077 κατ’
1700 1044 1807 1084 ἀρετήν.

1036 1087 1073 1117 Τί
1085 1088 1156 1123 ἐστι,
1181 1088 1249 1116 Κατ’
1274 1087 1376 1124 εἰκόνα;
1391 1088 1469 1121 Θεὸς
1495 1088 1584 1128 ἅγιος·
1605 1088 1651 1118 ἐὰν
1672 1089 1808 1129 γενώμεθα

1036 1133 1120 1173 ἅγιοι,
1144 1135 1204 1163 κατ’
1218 1133 1306 1164 εἰκόνα
1319 1133 1399 1173 ἐσμὲν
1421 1136 1501 1164 Θεοῦ.
1527 1134 1633 1164 Γίνεσθε
1646 1135 1699 1192 γὰρ
1721 1135 1807 1175 ἅγιοι,

1036 1179 1076 1209 ὅτι
1090 1179 1142 1219 ἐγὼ
1155 1179 1227 1219 ἅγιός
1238 1181 1301 1218 εἶμι.
1315 1180 1383 1214 Θεὸς
1390 1180 1503 1214 δίκαιος·
1517 1180 1563 1210 ἐὰν
1577 1181 1744 1217 δικαιοσύνην
1759 1193 1809 1220 με-

1035 1225 1183 1264 τέλθωμεν,
1199 1225 1277 1255 εἰκών
1291 1227 1370 1265 ἐσμεν
1390 1227 1471 1256 Θεου.
1494 1225 1602 1260 Δίκαιος
1625 1226 1677 1267 γὰρ
1693 1227 1808 1268 Κύριος,

1035 1271 1081 1300 καὶ
1094 1271 1261 1306 δικαιοσύνην
1276 1272 1423 1310 ἠγάπησεν.
1438 1266 1542 1301 Ἐὰν
1522 1284 1595 1311 ωμεν
1608 1273 1788 1313 φιλάνθρωποι
1798 1269 1819 1310 ,⁴

1035 1316 1175 1355 ἐλεημονες
1188 1337 1196 1351 ,
1211 1316 1289 1346 εἰκών
1302 1318 1382 1356 ἐσμεν
1395 1320 1441 1346 τοῦ
1455 1319 1536 1347 Θεου.
1554 1319 1635 1358 Λέγει
1656 1318 1707 1358 γὰρ
1720 1320 1735 1348 ὁ
1749 1320 1808 1349 Σω-

1035 1362 1100 1402 τήρ·
1115 1361 1415 1402 Γίνεσθειοῖκτίρμονες,
1436 1364 1472 1396 ὡς
1485 1365 1499 1392 ὁ
1511 1363 1607 1403 Πατὴρ
1628 1366 1703 1403 ὑμῶν
1714 1364 1810 1395 οἰκτεί-

1037 1419 1085 1447 ρει.
1099 1403 1175 1441 Εἶδες
1187 1410 1238 1437 ποῦ
1253 1410 1270 1443 ἡ
1285 1407 1379 1444 εἰκών,
1393 1407 1517 1438 Δείκνυσι
1530 1409 1576 1438 καὶ
1592 1411 1699 1442 Παῦλος
1709 1409 1757 1446 τὴν
1772 1411 1810 1439 εῖ-

1034 1453 1112 1483 κόνα·
1142 1453 1213 1493 λέγει
1233 1453 1301 1493 γάρ·
1317 1452 1494 1484 Ἀποδύσασθε
1517 1454 1561 1483 τὸν
1575 1454 1688 1484 παλαιὸν
1709 1455 1809 1495 ἅνθρω-

1034 1511 1099 1536 πον,
1122 1499 1168 1529 καὶ
1190 1499 1331 1529 ἐνδύσασθε
1346 1498 1391 1528 τὸν
1404 1500 1482 1536 νέον,
1505 1499 1549 1529 τὸν
1568 1500 1637 1530 κατὰ
1657 1501 1725 1531 Θεὸν
1749 1513 1810 1531 κτι-

1034 1545 1128 1575 σθέντα
1156 1547 1193 1579 .εἷς
1223 1545 1363 1585 ἐπίγνωσιν
1389 1545 1513 1582 ἀληθείας
1529 1568 1537 1582 ,
1565 1549 1624 1576 κατ’
1650 1547 1738 1576 εἰκόνα
1761 1550 1808 1576 τοῦ

1034 1591 1171 1625 κτίσαντος
1186 1591 1273 1620 αὔτόν.
1297 1586 1373 1624 Εἶδες
1386 1591 1426 1620 ὅτι
1443 1595 1500 1624 ταῖς
1514 1594 1619 1632 ἀρεταῖς
1636 1592 1809 1633 ἐπιγράφεται

1033 1637 1077 1673 τὸ,
1090 1639 1156 1667 Κατ’
1172 1637 1260 1666 εἰκόνα
1272 1636 1420 1677 ἡμετέρανς
1443 1638 1490 1666 Ἐν
1503 1637 1556 1666 τίνι
1575 1640 1592 1673 ἡ
1607 1637 1684 1667 εἰκών
1692 1645 1703 1674 ;’
1715 1639 1763 1667 Ἐν
1774 1640 1808 1678 τῇ

1033 1683 1138 1723 ἐξουσίᾳ
1150 1683 1241 1713 πάλιν·
1256 1682 1420 1723 Ἀρχέτωσαν
1433 1685 1486 1712 τῶν
1500 1683 1597 1723 ἰχθύων
1604 1686 1652 1720 τῆς
1665 1684 1808 1720 θαλάσσης,

1034 1730 1078 1759 καὶ
1091 1732 1144 1759 τῶν
1157 1731 1283 1759 πετεινῶν
1304 1732 1350 1758 τοῦ
1365 1730 1490 1769 οὐρανοῦ,
1503 1729 1549 1759 καὶ
1566 1732 1620 1759 τῶν
1632 1730 1739 1770 θηρίων,
1762 1731 1808 1760 καὶ

1033 1778 1086 1805 τῶν
1100 1777 1217 1815 ἑρπετῶν
1227 1797 1235 1812 ,
1261 1774 1306 1805 καὶ
1319 1776 1372 1804 τῶν
1386 1778 1489 1810 κτηνῶν
1498 1797 1506 1811 ,
1521 1775 1567 1804 καὶ
1582 1776 1670 1811 πάσης
1683 1778 1731 1811 τῆς
1747 1779 1807 1816 γῆς.

1033 1821 1071 1852 Ὢ
1095 1824 1143 1857 τῆς
1157 1825 1203 1851 τοῦ
1225 1823 1295 1852 Θεοῦ
1309 1821 1480 1854 ἀκολουθίας·
1494 1821 1516 1850 ὢ
1537 1824 1585 1858 τῆς
1606 1823 1658 1851 τῶν
1683 1823 1809 1862 ῥημάτων

1034 1867 1177 1908 ἂκριὸείας.
1198 1867 1277 1897 Διατί
1289 1870 1394 1907 πρῶτον
1410 1867 1619 1908 ἐμνημόνευσεν,
1643 1867 1809 1908 Ἀρχέτωσαν

1033 1915 1086 1943 τῶν
1111 1913 1207 1954 ἰχθύων
1221 1915 1269 1948 τ’ἤς
1285 1913 1433 1949 θαλάσσης,
1459 1913 1538 1942 Κατὰ
1551 1913 1599 1949 τὴν
1619 1913 1692 1947 τάξιν
1707 1916 1756 1949 τῆς
1767 1915 1811 1950 δη-

237 1970 291 1996 ris
288 1971 299 1989 9
313 1966 468 1998 Secundum
479 1965 603 1994 ordinem
613 1963 753 1997 creationis
763 1970 802 1992 est
811 1963 877 1993 ordo
890 1963 979 1993 domi-
993 1975 1014 1997 Α
1035 1959 1171 1999 μιουργίας
1184 1962 1201 1995 ἡ
1216 1958 1287 1992 τάξις
1301 1961 1348 1994 τῆς
1362 1958 1524 1991 δεσποτείας
1538 1958 1650 1995 Ἐπειδὴ
1664 1961 1766 2015 πρῶτοι
1779 1961 1810 1989 ἐκ

237 2013 363 2042 nationis.
379 2012 450 2049 Quia
468 2011 551 2051 primi
565 2021 598 2040 ex
616 2009 685 2039 mari
705 2010 767 2038 facti
780 2017 842 2038 sunt
856 2010 941 2049 pisces
954 2016 981 2038 et

236 2059 369 2095 volatilia,
385 2064 476 2098 postea
489 2067 554 2086 vero
567 2067 601 2085 ex
615 2063 684 2085 terra
698 2055 886 2095 quadrupedes
899 2062 925 2085 et
939 2066 980 2085 re-

236 2106 311 2143 liqua
334 2109 441 2144 pecora,
453 2102 558 2132 inducit
580 2102 658 2141 prius
675 2112 705 2130 ea
728 2112 787 2139 quae
809 2101 898 2141 priora
910 2101 979 2131 facta

237 2157 309 2180 sunt.
319 2151 445 2179 Proesint
454 2150 591 2189 piscibus,
599 2154 627 2177 et
637 2148 821 2182 volatilibus,
831 2154 859 2176 et
869 2149 978 2182 bestiis,

237 2204 264 2226 et
278 2197 437 2236 reptilibus,
446 2202 475 2224 et
481 2196 631 2234 jumentis.
643 2193 824 2230 Quamobrem
838 2200 890 2222 tres
901 2193 979 2233 pueri

88 2239 148 2260 ''m'’
162 2237 226 2268 ²73*
237 2243 420 2275 benedicentes
433 2242 460 2270 in
473 2242 579 2270 fornace
592 2240 715 2269 ordinem
736 2246 843 2269 servant
858 2251 865 2267 :
883 2241 978 2268 Bene-

84 2270 146 2292 —32
419 2289 425 2295 .
577 2288 582 2294 .
729 2286 735 2292 .
907 2287 912 2291 .
936 2286 941 2291 .

236 2292 334 2327 dicite,
350 2298 446 2318 marta.
459 2294 488 2316 et
489 2287 633 2329 flumina,
645 2287 784 2315 Domino.
799 2285 978 2322 Benedictte,

236 2344 297 2367 cete
305 2342 334 2365 et
342 2336 442 2364 omnia
452 2345 516 2374 quae
527 2335 717 2362 moventurin
729 2334 824 2371 aquiS,
836 2332 974 2360 Domino.

196 2398 201 2401 >
236 2384 416 2417 Benedicite,
429 2390 526 2411 omnes
532 2377 667 2409 volucres
681 2376 756 2414 eceli,
768 2376 905 2403 Domino.
921 2377 978 2404 Be-

236 2430 370 2467 nedicite,
385 2430 481 2458 bestiae
495 2433 522 2457 et
534 2434 650 2465 pecora.
666 2422 846 2458 Benedicite,
857 2422 915 2460 fila·
925 2422 976 2450 ho-

236 2478 357 2505 minum.
380 2475 439 2504 Alia
465 2478 622 2514 supererant
645 2467 854 2505 consideranda3
871 2467 918 2496 sed
942 2467 977 2496 ad

88 2521 142 2542 Gen.
155 2527 200 2542 2⁸

234 2571 349 2597 minem.
362 2564 590 2605 Nousimplicitcr
598 2563 679 2599 dixit,
685 2562 775 2596 Fecit;
785 2560 842 2600 sed,
851 2562 970 2590 Forma-

1033 2006 1081 2043 τῆς
1096 2004 1230 2039 θαλάσσης
1252 2003 1371 2043 ἐγένοντο
1396 2003 1503 2043 ἰχθύες,
1525 2002 1571 2032 καὶ
1591 2016 1714 2040 πετεινα,
1740 2005 1809 2043 μετὰ

1033 2053 1117 2080 ταῦτα
1131 2050 1158 2079 δὲ
1171 2050 1223 2079 ἀπὸ
1236 2051 1284 2089 γῆς
1298 2049 1332 2079 τὰ
1344 2049 1494 2088 τετράποδα
1507 2050 1553 2079 καὶ
1567 2049 1601 2078 τὰ
1617 2049 1697 2079 λοιπὰ
1708 2050 1806 2086 κτήνη,

1033 2096 1133 2135 εἰσάγει
1158 2091 1203 2125 οῧν
1226 2095 1260 2124 τὰ
1285 2097 1379 2135 πρῶτοι
1410 2094 1547 2134 γενόμενα.
1572 2095 1738 2136 Ἀρχέτωσαν
1755 2098 1809 2126 τῶν

1034 2142 1130 2182 ἰχθύων
1139 2165 1147 2179 ,
1162 2141 1208 2171 καὶ
1220 2143 1273 2170 τῶν
1285 2143 1426 2176 πετεινῶν,
1440 2140 1485 2170 καὶ
1500 2142 1553 2170 τῶν
1568 2141 1666 2181 θηρίων
1676 2163 1684 2178 ,
1697 2142 1743 2172 καὶ
1756 2143 1809 2171 τῶν

1034 2189 1164 2228 ἑρπετῶν,
1187 2187 1293 2216 καὶτῶν
1306 2188 1419 2222 κτηνῶν.
1437 2186 1517 2216 5Όθεν
1531 2187 1577 2217 καὶ
1591 2189 1615 2216 οἱ
1633 2193 1703 2228 τρεῖς
1717 2189 1809 2222 παῖδες

1034 2235 1197 2274 εὐλογοῦντες
1212 2234 1239 2262 ἐν
1251 2235 1284 2272 τῇ
1296 2232 1399 2272 καμίνῳ
1413 2233 1575 2273 φυλάττουσι
1586 2233 1634 2270 τὴν
1648 2234 1721 2269 τάξιν
1730 2246 1737 2252 ·
1751 2235 1808 2264 Εὗ-

1034 2282 1153 2319 λογεῖτε,
1167 2279 1298 2308 θάλασσαι
1317 2278 1362 2308 καὶ
1380 2279 1510 2317 ποταμοὶ,
1528 2279 1573 2308 τὸν
1589 2279 1698 2319 Κύριον.
1720 2280 1804 2309 Εὐλο-

1034 2331 1121 2366 γείτε,
1140 2326 1210 2361 κήτη
1231 2325 1276 2355 καὶ
1297 2325 1385 2354 πάντα
1403 2325 1437 2354 τὰ
1460 2325 1601 2364 κινούμενα
1614 2327 1642 2354 ἐν
1655 2325 1749 2362 ὕδασι,
1762 2325 1807 2354 τὸν

1035 2372 1141 2412 Κύριον.
1156 2373 1313 2411 Εὐλογεῖτε,
1333 2370 1420 2400 πάντα
1433 2371 1467 2400 τὰ
1485 2370 1593 2400 πετεινὰ
1605 2374 1651 2400 τοῦ
1678 2372 1787 2411 οὐρανοῦ
1797 2393 1806 2406 ,

1034 2421 1078 2450 τὸν
1093 2420 1198 2461 Κύριον.
1219 2422 1377 2459 Εὐλογεῖτε,
1401 2419 1435 2448 τὰ
1449 2419 1527 2459 θηρία
1546 2419 1591 2453 καὶ
1608 2419 1643 2449 τὰ
1656 2419 1740 2455 νηκτά
1763 2420 1773 2459 (
1787 2420 1810 2449 l.

1035 2470 1146 2508 κτήνη).
1175 2471 1333 2509 Εὐλογεῑτε,
1357 2469 1408 2498 υἱοὶ
1427 2471 1479 2498 τῶν
1505 2468 1657 2526 ἀνθρώπων.
1686 2471 1735 2498 Ἠν
1759 2468 1807 2507 μὲν

205 2522 402 2560 ‹piopositum
424 2526 601 2550 revertamur.
617 2517 658 2546 Et
663 2515 810 2555 formavit
825 2515 905 2543 Deus
921 2515 974 2542 ho·
992 2516 1010 2541 B
1030 2518 1075 2544 οὖν
1089 2516 1134 2544 καὶ
1152 2517 1228 2555 ἕτερα
1249 2517 1445 2555 ἐπιθεωρησαι·
1470 2515 1528 2544 ἀλλ’
1542 2516 1579 2547 εἷς
1592 2513 1622 2543 τὸ
1635 2514 1808 2554 προκείμενον

1031 2561 1201 2599 ἕπανέλθυμε
1190 2573 1224 2590 εν.
1254 2561 1306 2590 Καὶ
1335 2560 1447 2590 ἔπλασεν
1471 2562 1485 2589 ὃ
1503 2559 1571 2593 Θεὸς
1594 2561 1637 2589 τὸν
1667 2560 1799 2600 ἄνθρωπον
