1890 2826
200 166 270 209 426

199 250 245 269 sus
258 237 461 268 Mardochaeum
471 237 640 276 erigebatur:
664 237 820 277 curavitque
837 238 942 278 lignum

199 284 316 314 sublime
328 283 429 320 excidi,
446 282 541 312 volens
555 283 582 311 in
596 293 627 313 eo
638 290 764 321 sequente
775 283 820 313 die
831 294 942 324 suspen-

199 331 263 361 dere
281 329 494 361 Mardochaeum.
512 331 573 359 Rex
586 340 650 359 vero
667 330 737 359 bona
749 330 866 369 quadam
878 341 941 371 pro·
958 334 977 357 Ε

198 377 337 414 videntia,
350 384 454 406 noctem
475 377 550 406 illam
563 376 644 407 duxit
656 377 820 413 insomnem,
837 385 863 407 et
880 389 942 407 eum

199 423 319 453 dormire
341 423 474 462 nequiret,
490 422 572 463 jussit
585 422 638 452 sibi
655 423 859 453 commentarios
868 430 939 453 acto-

200 481 263 499 rum
283 480 396 499 suorum
418 469 481 509 legi.
504 470 628 508 Cumque
646 469 808 510 legerentur,
833 477 943 500 ventum

200 523 239 546 est
253 516 288 547 ad
306 525 368 545 eum
387 515 490 550 locum,
505 515 540 545 in,
552 526 606 555 quo
623 516 753 557 scriptum
771 523 828 546 erat
841 517 941 546 benefi-

199 563 272 592 cium
292 562 348 601 regi
372 572 386 590 a
410 561 583 591 Mardochaeo
605 562 745 592 collatum.
771 564 847 593 Duos
872 562 942 592 enim

199 608 336 638 eunuchos
349 607 406 647 regi
417 607 585 645 insidiantes,
600 608 826 649 regi.prodiderat
840 616 866 638 et
879 619 942 638 eon-

200 655 309 684 vicerat.
336 654 388 684 Hic
412 665 461 684 rex
481 654 518 684 ob
540 654 707 685 Mardochaei
727 656 845 685 officium
868 662 943 695 grato

199 702 310 731 affectus
329 700 430 737 animo,
451 701 586 740 quaerehat
605 711 721 740 quonam
739 701 820 731 illum
844 702 945 732 honore

198 757 248 786 pm
267 747 319 776 hoc
335 746 467 777 beneficio
487 746 608 777 donaret.
625 748 696 777 Cum
715 755 804 778 autem
817 759 894 778 mane
909 748 943 777 ad

198 805 260 823 cum
276 793 462 834 ingrederetur
473 795 570 831 Aman,
584 795 680 834 quaerit
692 795 787 824 abillo
800 807 859 832 rex,
875 807 942 835 quo-
959 785 987 828 Α.

199 849 261 868 nam
275 846 301 869 et
314 839 388 879 quali
406 839 507 869 honore
519 839 617 880 dignus
634 841 669 870 sit
682 841 716 878 is,
732 841 780 881 qui
794 852 884 881 regem
896 842 943 871 he-

198 886 295 915 neficio
313 886 454 915 affecisset.
469 884 513 915 Ad
525 885 578 915 hoc
592 888 689 923 Aman,
705 898 767 916 cum
780 898 807 916 sc
827 888 942 917 arbitra-

198 939 272 962 retur
282 943 344 962 eum
355 942 422 970 esse,
432 931 467 961 de
476 943 531 971 quo
543 943 593 962 rex
604 934 750 972 quaerebat,
761 933 875 974 dignum
887 945 943 964 esse

196 979 269 1008 dixit
291 979 339 1018 qui
364 978 497 1008 secundus
520 989 568 1008 rex
597 987 748 1010 vocaretur.
777 981 838 1010 Rex
861 981 943 1021 igitur

195 1024 399 1055 Mardochaeum
414 1025 463 1055 illo
477 1025 580 1055 honore
590 1025 730 1063 celebrari,
743 1033 769 1056 et
783 1028 869 1056 Aman
883 1033 944 1056 ante

195 1071 275 1100 illum
296 1071 439 1111 procedere
456 1072 545 1112 jussit.
563 1071 661 1102 Esther
678 1083 742 1102 vero
756 1074 944 1114 opportunita-

196 1124 249 1146 tem
271 1124 347 1147 nacta
365 1127 417 1157 pro
437 1118 454 1148 J
457 1117 540 1147 udaeis
563 1117 659 1148 oravit.
684 1118 789 1148 Deinde
811 1130 873 1149 cum
895 1130 944 1149 rex

195 1173 310 1192 moerore
323 1163 434 1193 affectus
447 1171 557 1204 propter
570 1164 712 1205 indignum
726 1172 818 1195 contra
833 1165 944 1196 Judaeos

197 1208 334 1245 edictum,
354 1216 380 1238 et
393 1208 524 1239 adversus
543 1212 676 1239 Amanum
691 1210 774 1240 iratus
788 1219 870 1249 esset,
886 1213 944 1252 ipse

197 1256 296 1291 Aman,
311 1265 373 1294 rege
386 1254 505 1291 ahsente,
524 1255 644 1284 Estherae
657 1257 832 1297 supplicavit,
849 1258 884 1287 ad
895 1269 941 1298 ge-
959 1266 977 1288 B

197 1311 252 1330 nua
272 1300 348 1331 illius
367 1301 544 1341 procumbens
562 1308 643 1340 atque
655 1302 778 1333 adorans.
792 1305 863 1342 Rex,
881 1314 943 1335 cum

197 1347 332 1386 ingressus
353 1346 458 1376 videret
472 1348 606 1377 Amanum
625 1359 710 1388 genua
725 1350 824 1389 reginae
837 1351 943 1381 contin-

196 1403 276 1433 gere,
289 1393 440 1434 suspicatus
452 1394 526 1432 quod
547 1395 726 1435 turpitudinis
739 1407 817 1427 causa
831 1397 861 1427 id
872 1399 942 1428 face-

196 1446 248 1476 ret,
269 1439 352 1479 jussit
365 1441 451 1469 Aman
472 1440 500 1469 in
521 1440 606 1480 ligno,
622 1441 696 1480 quod
709 1443 880 1474 Mardochaeo
891 1456 942 1485 pa-

196 1493 314 1523 raverat‚
323 1486 452 1527 suspendi
463 1498 469 1517 ;
479 1487 587 1527 scripsit
597 1495 685 1518 autem
697 1496 727 1518 ut
734 1491 752 1521 J
753 1490 822 1520 udaei
833 1492 943 1530 quidem

196 1543 288 1562 omnes
300 1532 484 1563 incolumitate
494 1533 658 1571 fruerentur,
672 1534 761 1566 hostes
774 1547 838 1567 vero
850 1549 942 1568 eorum

195 1577 231 1606 ab
243 1578 300 1607 illis
311 1578 535 1609 interimerentur.
547 1580 683 1610 Numerus
693 1588 782 1611 autem
791 1593 884 1613 corum
895 1586 942 1624 qui

195 1635 211 1653 a
234 1624 338 1654 Judaeis
360 1625 441 1654 occisi
457 1632 529 1661 sunt,
552 1625 604 1655 fuit
623 1627 777 1666 quindecim
802 1631 921 1661 millium
933 1645 939 1661 :

196 1670 310 1710 ideoque
319 1671 380 1700 festi
392 1671 448 1700 illis
458 1671 516 1701 dies
527 1672 602 1701 fuere
612 1672 671 1703 dies
682 1682 794 1713 quartus
807 1676 940 1717 decimus,

196 1723 222 1746 et
235 1717 345 1756 quintus
365 1716 485 1746 decimus
499 1718 597 1747 mensis
610 1718 776 1759 duodecimi,
797 1724 845 1762 qui
858 1734 942 1754 voca-

195 1769 241 1792 tur
252 1762 336 1792 Adar.
347 1764 468 1793 Vocatur
481 1770 571 1793 autem
584 1764 633 1794 illa
643 1765 702 1795 dies
714 1767 835 1807 ipsorum
849 1770 942 1812 lingua

196 1809 297 1838 Phura.
318 1810 489 1850 Quapropter
501 1810 549 1840 illa
562 1810 608 1840 die
617 1811 707 1842 Judaei
721 1815 855 1845 Amanum
867 1827 941 1847 com-

196 1855 310 1890 burum,
325 1862 351 1885 et
363 1856 458 1885 festum
470 1856 543 1886 diem
553 1864 636 1897 agunt
649 1858 743 1889 salutis
754 1860 875 1900 ipsorum
886 1874 942 1893 me-

199 1901 349 1931 morialem.
364 1903 395 1931 In
409 1902 505 1941 hisque
517 1903 675 1933 terminatur
690 1905 768 1936 liber.

462 1997 473 2010 ³
487 2005 567 2025 Lim-:n
583 2008 675 2027 Toni-r.

239 2086 322 2115 Tobit
329 2094 440 2117 vocatur
449 2087 494 2117 hic
502 2089 582 2125 liber,
592 2091 655 2128 quia
663 2093 748 2131 ipsius
757 2095 782 2123 T
783 2095 840 2124 obit
854 2096 939 2127 histo-

197 2130 266 2160 riam
289 2131 415 2161 continet.
438 2133 505 2163 Erat
522 2142 611 2164 autem
634 2137 716 2166 Tobit
736 2138 771 2168 de
796 2141 868 2171 tribu
883 2144 940 2173 Ne-

196 2176 342 2215 phthalim,
362 2177 466 2217 fuitque
489 2179 517 2208 in
541 2181 724 2220 captivitatem
746 2185 890 2225 adductus,
914 2198 940 2220 et

196 2221 309 2262 degebat
327 2223 355 2252 in
369 2223 476 2253 civitate
490 2225 600 2263 Ninive,
619 2227 770 2259 misericors
783 2243 814 2261 ac
832 2235 939 2275 religio-

196 2278 252 2297 sus.
269 2268 376 2298 Etenim
390 2281 454 2299 cum
467 2271 493 2299 in
511 2272 664 2311 captivitate
678 2282 755 2312 esset,
770 2287 939 2311 communem

196 2324 291 2353 panem
304 2325 339 2344 ex
350 2316 473 2355 gentibus
491 2327 544 2346 non
557 2318 683 2356 comedit,
695 2320 744 2349 sed
758 2323 876 2363 seipsum
888 2338 938 2356 cu-

196 2359 316 2390 stodivit.
340 2361 406 2391 Erat
429 2369 517 2391 autem
537 2374 647 2393 annonae
660 2368 800 2405 praefectus
810 2371 883 2410 apud
897 2384 937 2402 re-

197 2417 255 2445 gem
276 2407 479 2445 Enemasarum‚
502 2416 528 2438 et
548 2409 673 2450 deposuit
692 2412 720 2442 in
735 2415 826 2444 Media
848 2417 937 2448 decem

198 2452 295 2482 talenta
309 2453 383 2493 apud
397 2454 552 2484 Gabaelem-
568 2456 615 2486 Isti
631 2468 711 2497 porro
724 2459 806 2490 Tobit
817 2463 939 2493 studium

196 2506 252 2528 erat
262 2499 409 2540 sepeliendi
419 2508 538 2531 mortuos
551 2513 584 2532 ex
595 2503 708 2536 Judaeis.
725 2507 813 2547 Hujus
826 2509 863 2538 rei
879 2521 939 2552 gra-

231 2577 243 2595 b
261 2576 302 2600 Sic
314 2577 363 2602 scre
374 2578 451 2604 altera
461 2580 589 2613 Synopsis.

532 177 560 199 S.
590 175 731 199 JOANMS
757 177 940 200 CHRYSOST.
966 177 1121 200 anctum).
1149 176 1423 199 CONSTAN'HNOP.

994 238 1038 267 καὶ
1065 238 1172 275 ἐποίησε
1197 238 1271 272 ξύλον
1293 240 1408 273 κοπῆναι
1431 237 1518 276 μέγα,
1542 236 1699 277 βουλόμενος
1721 237 1766 268 τὸν

994 285 1164 325 Μαρδοχαῖον
1183 287 1216 324 τῇ
1234 284 1293 320 ἑξῆς
1306 283 1395 324 ἡμέρᾳ
1408 285 1434 313 ἐν
1451 284 1522 324 αὐτῷ
1535 283 1675 324 κρεμάσαι.
1692 283 1726 314 Ὁ
1738 284 1766 314 δὲ

996 331 1118 370 βασιλεὺς
1137 331 1206 360 κατά
1227 343 1286 361 Ιτινα
1311 330 1434 370 πρόνοιαν
1457 329 1557 369 ἀγαθὴν
1566 350 1583 366 ,.
1597 330 1767 370 ἀγρυπνήσας

994 377 1096 414 ἐκείνην
1107 377 1155 414 τὴν
1167 377 1249 407 νύκτα
1258 400 1266 414 ,
1279 378 1324 407 καὶ
1342 376 1380 413 μὴ
1395 376 1538 415 δυνάμενος
1554 378 1675 406 ὕπνῶσαι
1684 397 1693 412 ,
1705 376 1767 406 ἐκέ-

994 426 1085 454 λευσεν
1111 423 1337 464 ἀναγινώσκεσθαι
1363 425 1436 463 αὐτῷ
1461 425 1514 453 τῶν
1538 421 1657 463 πράξεων
1684 425 1765 454 αὐτοῦ

995 470 1028 499 τὰ
1042 469 1230 510 ὑπομνήματα.
1251 469 1513 510 Ἀναγινωσκομένων
1530 469 1558 500 δὲ
1584 470 1686 505 αὐτῶν,
1707 465 1767 510 εἶρε

995 516 1088 557 πρᾶξιν
1104 516 1204 556 ἀγαθὴν
1224 517 1261 549 είς
1280 515 1358 546 αὐτὸν
1371 515 1514 555 γενομένην
1528 515 1580 545 ὑπὸ
1598 519 1644 545 τοῦ
1657 517 1767 556 Μαρδο-
1800 547 1810 552 ,

994 576 1014 603 χ
1015 562 1081 592 αίου.
1093 562 1148 592 Δύο
1164 561 1216 602 γὰρ
1229 561 1368 602 εὖνούχους
1382 562 1526 602 μέλλοντας
1537 562 1716 592 ἐπιὸουλεύειν
1728 563 1768 602 τῷ

996 610 1100 649 βασιλεῖ
1113 609 1273 648 κατήνεγκεν
1288 610 1360 648 αὐτῷ
1371 610 1410 648 τῷ
1425 609 1528 648 βασιλεῖ
1543 609 1588 639 καὶ
1601 608 1718 648 ἤλεγξεν.
1733 607 1768 638 Ὁ

994 655 1081 685 τοίνυν
1108 654 1230 695 βασιλεὺς
1255 653 1447 694 ἀποδεξάμενος
1467 655 1518 691 τὴν
1540 655 1694 695 προαίρεσιν
1720 657 1767 684 τοῦ

996 701 1178 743 Μαρδοχαίου,
1201 701 1288 737 ἐζήτει
1306 701 1390 740 τιμὴν
1408 701 1483 736 ἀξίαν
1499 703 1537 742 τῷ
1553 701 1666 742 τοιούτῳ
1678 712 1770 741 παρα-

979 779 984 788 ,
996 753 1078 789 σχεῖν.
1090 748 1136 782 Ὡς
1148 747 1175 778 δὲ
1190 748 1295 784 εἰσῆλθε
1308 747 1379 787 πρωῒ
1392 747 1458 787 πρὸς
1470 747 1549 778 αὐτὸν
1560 747 1677 786 ὁἊμὰν,
1691 747 1769 776 ἐπυν-

995 795 1087 824 θάνετο
1100 797 1114 824 ὁ
1134 794 1257 834 βασιλεὺς
1277 795 1366 831 αὐτοῦ,
1379 793 1471 827 ὁποίας
1492 793 1537 823 καὶ
1558 792 1675 829 πηλίκης
1689 794 1770 831 τιμῆς

995 841 1064 876 ἄξιός
1081 843 1152 871 ἐστιν
1171 843 1185 870 ὁ
1203 841 1247 870 τὸν
1263 840 1375 880 βασιλέα
1392 839 1576 880 εὐεργετήσας.
1590 838 1624 869 Ὁ
1638 838 1666 868 δὲ
1685 837 1768 878 Ἀμὰν

993 887 1106 926 νομίζων
1125 888 1187 927 περὶ
1202 888 1280 916 αὐτοῦ
1302 885 1476 916 πυνθάνεσθαι
1493 885 1538 915 τὸν
1554 885 1681 925 βασιλέα,
1698 880 1770 914 εἶπεν

994 932 1064 967 ἄξιον
1079 928 1145 962 εἶναι
1166 933 1210 963 τὸν
1224 936 1339 963 τοιοῦτον
1361 931 1480 972 δεύτερον
1497 931 1608 971 βασιλέα
1622 933 1768 961 καλεῖσθαι.

995 980 1029 1010 Ὁ
1054 979 1102 1018 μὲν
1127 975 1171 1009 οὖν
1192 978 1314 1019 βασιλεὺς
1335 979 1436 1009 κελεύει
1458 978 1503 1008 τὸν
1527 979 1698 1018 Μαρδοχαῖον
1720 979 1769 1013 τῆς

995 1026 1118 1062 τοιαύτης
1133 1025 1275 1062 ἀξιωθῆναι
1295 1028 1392 1064 τιμῆς,
1407 1025 1452 1055 καὶ
1466 1025 1510 1055 τὸν
1524 1025 1607 1064 ’Ap-&v
1621 1024 1769 1064 ἔμπροσθεν

996 1073 1076 1101 αὐτοῦ
1095 1076 1260 1112 περιπατεῖν.
1274 1071 1310 1102 ‘H
1330 1071 1357 1101 δὲ
1369 1071 1471 1111 Ἐσθὴρ
1491 1070 1623 1111 πρόφασιν
1637 1071 1767 1110 εὑροῦσα,

995 1117 1091 1154 ἠξίωσε
1103 1118 1164 1158 περὶ
1177 1120 1230 1148 ’τῶν
1246 1117 1389 1148 Ἰουδαίων.
1404 1113 1473 1147 Εἶτα
1485 1119 1531 1147 τοῦ
1545 1116 1674 1157 βασιλέως
1684 1117 1767 1152 λυπη-

995 1165 1081 1198 θέντας
1102 1165 1146 1195 ἐπὶ
1160 1167 1198 1205 τῷ
1211 1164 1358 1205 παρανόμῳ
1375 1163 1563 1205 προστάγματι
1580 1165 1620 1204 τῷ
1633 1161 1704 1192 κατὰ
1714 1163 1769 1192 τῶν

995 1211 1139 1246 Ἰουδαίων,
1159 1212 1205 1241 καὶ
1225 1211 1388 1251 ὀργισθέντος
1401 1210 1470 1240 κατὰ
1483 1211 1530 1240 τοῦ
1547 1209 1641 1249 Ἀμὰν,
1661 1208 1739 1242 αὑτὸς
1754 1210 1769 1238 ὁ

995 1258 1078 1297 Ἀμὰν
1091 1257 1237 1298 παρεκάλει
1251 1257 1300 1294 τὴν
1313 1257 1424 1297 Ἐσθὴρ,
1441 1256 1551 1290 ἀπόντος
1561 1259 1607 1286 τοῦ
1621 1254 1750 1295 βασιλέως
1759 1275 1768 1289 ,

994 1303 1146 1334 ἐπικόπτων
1164 1304 1209 1333 καὶ
1228 1305 1382 1344 προσκυνῶν
1406 1303 1440 1333 τὰ
1461 1303 1559 1343 γόνατα
1580 1303 1669 1340 αὑτῆς.
1690 1301 1725 1332 ‘O
1739 1301 1767 1333 δὲ

995 1349 1118 1390 βασιλεὺς
1145 1350 1190 1380 καὶ
1211 1349 1336 1390 ἑωρακὼς
1365 1349 1410 1379 τὸν
1436 1348 1518 1388 Ἀμὰν
1543 1348 1691 1387 ἁπτόμενον
1714 1349 1768 1378 τῶν

995 1398 1075 1437 ἰχνῶν
1102 1398 1149 1431 τῆς
1175 1396 1332 1436 βασιλίσσης
1345 1419 1354 1432 ,
1376 1395 1523 1431 ὑπονοήσας
1551 1396 1668 1435 αἰσχρῶς
1689 1394 1768 1424 αὐτὸν

994 1447 1071 1473 τοῦτο
1092 1447 1188 1480 ποιεῖν,
1209 1442 1345 1472 ἐκέλευσεν
1366 1442 1445 1472 αὐτὸν
1459 1441 1506 1481 μὲν
1527 1441 1572 1471 τὸν
1585 1441 1667 1480 Ἀμὴν
1682 1442 1719 1474 εἰς
1736 1441 1768 1471 τὸ

995 1490 1079 1526 ξύλον,
1094 1489 1158 1530 ὅπερ
1171 1485 1203 1525 ἦν
1217 1489 1358 1528 ἑτοιμάσας
1371 1490 1409 1528 τῷ
1423 1487 1598 1528 Μαρδοχαίῳ,
1612 1490 1767 1527 κρεμασθῆ-

994 1536 1163 1576 ναι·“γράφει
1187 1536 1215 1566 δὲ
1233 1536 1321 1565 ἄνεσιν
1342 1535 1390 1574 μὲν
1411 1534 1483 1575 ἔχειν
1497 1534 1598 1568 πάντας
1619 1534 1680 1568 τοὺς
1694 1535 1765 1564 Ἰου-

994 1582 1097 1618 δαίους,
1124 1582 1183 1615 τοὺς
1210 1582 1238 1611 δὲ
1264 1580 1373 1622 ἐχθροὺς
1397 1582 1483 1610 αὐτῶν
1511 1580 1681 1620 ἀναιρεθῆναι
1701 1582 1765 1620 παρ’

993 1630 1087 1659 αὐτῶν.
1104 1629 1156 1659 Καὶ
1178 1630 1203 1658 οἱ
1222 1628 1270 1668 μὲν
1291 1627 1468 1668 ἀναιρεθέντες
1489 1627 1540 1657 εἶσὶ
1561 1626 1649 1667 μύριοι
1668 1638 1766 1657 πεντα-

993 1676 1128 1716 κισχίλιοι.
1142 1676 1239 1715 Γέγονε
1259 1676 1287 1705 δὲ
1302 1674 1379 1715 ἑορτὴ
1391 1677 1424 1714 τῇ
1443 1673 1484 1703 ιδ’.
1498 1673 1544 1704 καὶ
1559 1673 1599 1703 ιε’.
1617 1674 1692 1714 ἐντῷ
1702 1674 1766 1712 μηνὶ

993 1724 1031 1762 τῷ
1046 1722 1196 1762 δωδεκάτῳ,
1215 1721 1286 1755 ὅστις
1303 1722 1424 1751 καλεῖται
1441 1720 1531 1759 Ἄδαρ.
1549 1721 1678 1750 Καλεῑται
1700 1719 1728 1749 δὲ
1749 1722 1766 1756 ἡ

993 1768 1082 1809 ἡμέρα
1104 1768 1172 1804 αὕτη
1194 1770 1228 1807 τῇ
1253 1767 1306 1807 ἰδίᾳ
1330 1766 1459 1807 διαλέκτῳ
1481 1767 1568 1806 αὖτῷν
1588 1765 1691 1805 Φουρά.
1713 1766 1766 1796 Διὰ

993 1818 1071 1844 τοῦτο
1084 1814 1153 1844 κατὰ
1174 1814 1222 1845 τὴν
1241 1813 1344 1854 ἡμέραν
1357 1812 1457 1848 ταύπιν
1476 1812 1594 1842 καίουσιν
1607 1812 1631 1841 οἱ
1642 1812 1767 1842 Ἰουδαῖοι

994 1862 1038 1891 τὸν
1059 1862 1151 1900 Ἁμὰν,
1175 1861 1221 1891 καὶ
1243 1860 1410 1901 ἑορτάζουσι,
1431 1858 1597 1898 μνημόσυνον
1617 1854 1697 1888 οὖσαν
1717 1859 1766 1893 τῆς

995 1907 1125 1947 σωτηρίας
1137 1909 1231 1937 αὐτῶν.
1248 1907 1300 1936 Καὶ
1311 1907 1338 1935 ἐν
1349 1905 1450 1938 τούτοις
1461 1904 1536 1937 τέλος
1546 1904 1603 1944 ἔχει
1612 1904 1643 1933 τὸ
1654 1903 1764 1943 βιὸλίον.

1277 2016 1355 2036 ΊὩΒΙΤ
1374 2014 1488 2034 multum.

1034 2098 1126 2127 Τωὸὶτ
1143 2098 1263 2126 καλεῖται
1274 2095 1304 2125 τὸ
1319 2094 1430 2137 βιὸλίον,
1442 2093 1533 2129 ἐπειδὴ
1545 2092 1594 2129 τὴν
1609 2094 1670 2133 περὶ
1684 2095 1764 2123 αὐτοῦ

993 2146 1038 2173 τοῦ
1051 2143 1143 2173 Τωὸὶτ
1156 2141 1272 2182 ἱστορίαν
1286 2141 1414 2181 περιέχει.
1425 2139 1506 2169 Ἐστι
1522 2139 1550 2169 δὲ
1564 2141 1578 2169 ὁ
1601 2139 1694 2169 Τωὸὶτ
1711 2139 1764 2169 ἀπὸ

994 2190 1042 2228 μὲν
1058 2190 1141 2230 φυλῆς
1154 2188 1308 2229 Νεφθαλεὶμ
1317 2209 1325 2222 ,
1340 2187 1430 2226 γέγονε
1445 2186 1472 2215 δὲ
1486 2187 1514 2215 ἐν
1528 2187 1561 2225 τῇ
1576 2186 1763 2226 αἰχμαλωσίᾳ,

993 2237 1038 2266 καὶ
1049 2232 1082 2272 ἦν
1090 2237 1117 2265 ἒν
1128 2238 1162 2275 ἰ-’ῆ
1170 2234 1261 2265 Νινευὶ
1273 2233 1394 2272 ἐλεήμων
1405 2233 1450 2263 καὶ
1458 2232 1591 2268 θεοσεὸής.
1605 2232 1659 2262 Καὶ
1671 2232 1723 2273 γὰρ
1736 2233 1763 2262 ἐν

993 2285 1025 2322 τῇ
1046 2280 1217 2322 αἰχμαλωσίᾳ
1237 2279 1392 2319 γενόμενος,
1415 2280 1464 2308 οὐκ
1484 2277 1560 2314 ἤσθιε
1578 2277 1664 2307 κοινὸν
1685 2277 1763 2318 ἄρτον

993 2328 1046 2357 ἀπὸ
1059 2329 1111 2356 τῶν
1125 2329 1214 2363 ἐθνῶν,
1235 2326 1293 2355 ἀλλ’
1316 2325 1407 2354 ἑαυτὸν
1425 2323 1595 2363 συνετήρησε.
1609 2318 1663 2353 ῗΗν
1677 2322 1705 2353 δὲ
1718 2324 1763 2353 καὶ

993 2373 1140 2414 ἀγοραστὴς
1160 2375 1205 2402 τοῦ
1221 2371 1350 2411 βασιλέως
1362 2370 1555 2410 Ἐνεμασάρου,
1570 2370 1616 2399 καὶ
1634 2369 1763 2410 παρέθετο

991 2421 1017 2448 ἐν
1031 2422 1064 2459 τῇ
1082 2419 1187 2460 Μηδείᾳ
1203 2418 1315 2455 Γαὸαὴλ
1323 2417 1440 2447 τάλαντα
1454 2417 1479 2446 ι’.
1490 2412 1576 2450 Οὗτος
1589 2411 1632 2447 οὖν
1645 2418 1659 2445 ὁ
1671 2416 1764 2446 Τωὸὶτ

993 2466 1109 2502 σπουδὴν
1129 2461 1184 2506 εἶχε
1204 2464 1312 2494 θάπτειν
1323 2462 1384 2497 τοὺς
1396 2462 1607 2498 ἀποθνήσκοντας
1623 2464 1677 2491 τῶν
1691 2463 1761 2492 Ἰου-

993 2512 1080 2541 δαίων.
1092 2511 1248 2546 Διαὸληθεὶς
1259 2510 1287 2540 δὲ
1299 2511 1337 2550 τῷ
1350 2511 1452 2549 βασιλεῖ
1463 2507 1596 2548 Ἀχειρὴλ,
1608 2507 1695 2548 ἔφυγε.
1709 2508 1761 2538 Καὶ
