1774 2814
791 167 974 190 PRAEFATlO.
1630 169 1652 191 V

110 237 259 275 Synopseos
280 232 406 263 Codicem
434 238 538 261 exstare
560 230 688 271 Lugduni
703 231 866 260 Batavorum
887 229 915 257 in
932 228 1093 258 bibliotheca
1105 252 1114 268 ,
1137 240 1196 268 quae
1219 229 1286 259 olim
1309 230 1392 259 Isaaci
1416 230 1508 261 Vossii
1519 231 1532 243 *
1556 231 1653 268 suerat,

109 281 199 310 virum
217 279 401 309 doctissimum
419 278 627 307 Abrahamum
644 277 824 307 Gmnovium
847 274 940 314 rogavi
961 281 991 304 ut
1011 274 1079 303 mihi
1100 286 1194 305 eorum
1223 286 1282 314 quae
1302 275 1329 304 in
1352 275 1541 316 Manuscripto
1562 283 1653 306 nostro

109 326 218 356 deerant
234 325 339 366 copiam
358 325 465 359 faceret,
485 323 616 353 annotatis
636 321 841 362 diligentissime
863 321 898 350 iis
917 331 977 360 quae
995 321 1196 361 Manuscriptus
1215 328 1305 351 noster
1318 322 1474 351 contineret.
1490 322 1539 351 Ille
1564 330 1654 352 autem

110 372 154 401 vir
171 371 294 401 eniditus
324 377 350 400 et
368 369 591 407 humanissimus,
614 380 644 398 ea
661 367 751 398 omnia
770 377 830 406 quae
849 367 877 395 in
895 373 986 396 nostro
1007 366 1107 396 Codice
1128 367 1368 404 desiderabantur,
1389 366 1535 406 diligenter
1552 369 1654 398 exscri-

110 417 183 458 psit,
208 424 239 446 nt
260 416 448 446 transmitteret
465 415 535 444 mihi
546 427 554 447 ;
575 426 637 445 cum
656 413 791 444 autem‘is
813 413 858 442 cui
877 411 1063 452 apographum
1091 423 1172 442 suum
1185 412 1295 443 dederat
1316 413 1386 442 mihi
1406 413 1653 451 transmittendum,

111 474 214 493 summa
227 473 292 492 usus
304 462 476 502 negligentia,
497 460 568 490 illud
580 460 721 497 amisisset,
740 466 766 488 et
783 469 892 499 pessum
913 457 1039 496 dedisset,
1063 458 1184 488 eamdem
1202 459 1301 489 iterum
1324 460 1368 489 vir
1388 458 1446 496 ille,
1459 469 1513 488 non
1531 466 1571 489 sat
1583 467 1597 489 a
1611 471 1654 489 me

113 508 274 546 laudandus,
287 518 390 546 euram,
403 507 527 537 eumdem
541 506 660 536 laborem
672 505 798 545 suscepit,
817 503 926 545 perfecit
947 510 1029 543 atque
1049 504 1132 541 misit,
1152 505 1196 534 cui
1210 516 1259 545 ego
1273 505 1436 534 immortales
1447 505 1533 535 habeo
1544 506 1653 546 gratias.

112 555 247 595 Synopsin
261 555 346 594 igitur
358 564 393 583 ex
404 554 479 583 hisce
497 553 605 583 duobus
624 552 770 583 Codicibus
792 556 932 590 exceptam
943 549 1018 579 edidi
1034 562 1040 578 ε
1054 550 1159 590 ipsique
1181 551 1331 581 Diatribam
1344 551 1472 592 praemisi,
1485 551 1511 580 in
1523 563 1576 591 qua
1592 552 1655 592 plu-

113 600 191 630 ribus
204 600 317 640 probavi
330 600 513 640 Chrysostomi
526 605 602 628 notas
615 605 640 628 et
658 597 758 627 indicia
768 597 853 626 multa
868 595 897 625 in
909 596 955 626 illa
970 596 1061 625 haberi
1076 607 1137 635 quae
1147 598 1206 637 ejus
1219 597 1326 637 γνήσιον
1341 607 1397 626 esse
1409 608 1478 637 opus
1489 597 1632 627 suaderent
1646 611 1653 626 :

113 656 198 685 neque
211 653 299 676 tamen
315 646 450 676 calculum
461 645 570 675 omnino
584 655 615 675 ea
626 644 661 674 de
671 643 773 681 retuli,
789 642 836 673 sed
856 648 886 671 ut
898 653 947 682 par
965 648 1032 678 erat,
1047 652 1095 671 me
1115 642 1284 673 eruditorum
1297 654 1327 672 ea
1338 642 1372 672 de
1385 653 1414 672 re
1428 643 1585 673 sententiam
1609 655 1656 673 ex-

113 699 231 732 spectare
249 692 384 733 professus
403 703 481 729 snm,
502 699 533 721 ut
557 701 609 720 non
623 701 682 720 meo
693 696 808 726 tantum,
823 686 870 717 sed
889 688 1058 717 literatorum
1075 699 1124 727 per
1141 689 1233 718 orbem
1251 689 1355 730 judicio
1378 700 1446 729 opus
1462 689 1657 730 chrysostomo

111 743 281 767 assereretur.
1615 765 1617 767 .

152 787 317 824 Argumenta
331 795 413 825 porro
422 784 457 813 ad
470 794 526 814 eam
539 795 596 813 rem
607 784 674 813 bene
684 783 770 812 multa
780 779 893 822 protuli;
908 778 957 808 sed
974 779 1050 808 aliud
1064 787 1185 820 superest
1205 791 1258 810 non
1272 780 1461 818 omittendum,
1477 792 1508 811 ac
1521 782 1565 812 vel
1581 793 1610 811 ea
1622 782 1657 811 de

113 841 193 860 causa
203 830 393 870 proferendum
404 830 479 869 qnod
486 830 591 869 aliquid
601 829 794 870 singularitatis
807 837 862 867 prae
876 836 904 854 se
917 825 1032 855 ferat.1n
1043 825 1096 854 fine
1109 826 1234 855 Prooemii
1246 826 1281 855 ad
1295 827 1430 867 Synopsin
1441 827 1575 857 librorum
1584 828 1657 858 Novi

112 876 274 906 Testamenti
287 876 512 906 enumerationem
523 867 562 906 sic
579 875 687 906 orditur
703 875 912 914 chrysostomus
927 871 1016 900 :Sunt
1031 878 1128 900 autem
1141 873 1221 902 Novi
1241 873 1419 902 Testamenti
1434 873 1502 903 libri
1515 875 1657 913 Epistolae

112 922 330 959 quatuordecim
343 922 445 957 Pauli,
460 927 588 960 quatuor
598 919 776 960 Evangelia,
796 919 853 947 duo
865 917 1074 956 discipulorum
1099 918 1208 947 Christi
1222 919 1349 948 Ioannis
1368 926 1396 948 et
1413 919 1567 957 Matthaei,
1599 920 1658 949 duo

113 972 211 996 autem
220 968 306 997 Lucoe
312 974 341 997 et
352 968 459 1004 Marci,
471 977 596 1007 quorum
609 966 687 995 alius
698 966 792 1002 Petri,
815 964 892 993 alius
905 963 998 993 Pauli
1015 964 1174 1003 discipulus
1177 964 1256 1004 fuit.
1272 965 1308 994 Et
1315 965 1354 994 sic
1367 965 1519 1005 catalogum
1530 965 1566 995 ad
1577 966 1658 995 finem

114 1022 197 1051 usque
218 1013 399 1053 prosequitur.
414 1014 508 1051 Itaque
524 1013 657 1042 librorum
682 1011 755 1042 Novi
767 1009 929 1040 Testamenti
943 1009 1121 1038 recensionem
1134 1019 1241 1049 parans,
1256 1010 1290 1039 ab
1305 1010 1435 1051 Epistolis
1449 1011 1528 1042 Pauli
1539 1011 1656 1048 orditur,

113 1051 138 1087 e't
151 1066 211 1098 post
218 1059 352 1099 Epistolas
364 1058 425 1088 illas
433 1059 582 1098 Evangelia
595 1065 727 1094 numerat,
740 1064 832 1086 contra
846 1066 930 1095 quam
946 1054 973 1084 in
994 1055 1054 1084 aliis
1065 1055 1191 1085 omnibus
1205 1056 1284 1086 etiam
1301 1057 1494 1095 antiquissimis
1509 1057 1616 1097 Scriptu
1622 1068 1658 1087 rae

113 1114 194 1132 sacrae
208 1103 336 1143 catalogis
359 1103 554 1132 observabatur
571 1103 724 1142 :siquidem
744 1102 791 1132 hic
811 1102 878 1132 ordo
893 1103 994 1143 ubique
1007 1111 1151 1143 comparet,
1173 1111 1202 1134 ut
1223 1105 1343 1145 primum
1363 1112 1479 1144 quatuor
1498 1106 1658 1145 Evangelia,

114 1149 178 1179 hinc
190 1151 272 1179 Actus
283 1148 477 1189 apostolorum,
498 1155 588 1188 postea
600 1149 730 1189 Epistolae
744 1148 834 1186 Pauli,
850 1148 959 1178 demum
973 1149 1112 1189 Epistolae,
1128 1159 1194 1188 quas
1205 1149 1350 1179 catholicas
1365 1151 1548 1191 appellabant,
1560 1162 1656 1182 nume-

113 1200 217 1223 rentur.
233 1193 307 1223 Licet
317 1193 388 1222 enim
401 1191 549 1232 Scripturae
560 1203 651 1222 omnes
664 1193 738 1233 paris
751 1192 804 1221 sint
815 1194 991 1232 auctoritatis,
1004 1205 1150 1234 paremque
1160 1194 1241 1228 fidem
1253 1195 1373 1235 exigant,
1389 1202 1481 1236 utpote
1494 1207 1553 1235 quae
1564 1197 1656 1237 Spiri-

112 1245 171 1268 tum
183 1245 304 1268 sanctum
314 1238 434 1279 primum
448 1238 565 1268 habeant
581 1245 729 1274 auctorem,
743 1237 842 1277 aliquis
854 1245 941 1269 tamen
963 1239 1030 1269 ordo
1051 1239 1080 1270 in
1093 1240 1172 1270 libris
1182 1241 1265 1270 sacris
1286 1242 1475 1271 enumerandis
1494 1253 1509 1272 a
1523 1243 1658 1284 principio

113 1285 272 1315 constitutus
285 1291 334 1314 est.
350 1285 456 1315 Verum
469 1284 675 1324 Chrysostomus
688 1284 726 1314 ita
736 1285 853 1315 Paulum
864 1284 980 1321 amabat,
995 1291 1024 1314 ut
1035 1285 1092 1324 ipse
1103 1294 1156 1314 non
1169 1285 1250 1315 semel
1259 1285 1286 1314 in
1300 1286 1407 1326 scriptis
1421 1286 1478 1315 suis
1489 1287 1656 1323 testificatur,

115 1339 144 1361 ut
155 1331 251 1371 quavis
263 1330 374 1360 minima
386 1329 446 1359 data
458 1332 606 1369 occasione,
616 1331 639 1361 si
650 1331 752 1361 Paulus
763 1329 930 1361 concionanti
944 1340 1000 1359 sese
1010 1330 1128 1368 offerret,
1141 1331 1163 1360 si
1173 1331 1255 1360 semel
1268 1331 1315 1360 ille
1326 1331 1404 1361 Pauli
1414 1332 1576 1362 mentionem
1587 1333 1658 1363 sace-

114 1385 165 1415 ret,
176 1388 228 1407 non
242 1383 330 1417 posset
340 1375 478 1405 ulteriusa
491 1377 576 1406 Paulo
587 1377 726 1407 discedere
739 1389 746 1406 :
761 1377 798 1407 ait
811 1377 884 1407 enim
897 1376 955 1417 ipse
966 1377 1049 1413 infra,
1065 1387 1093 1417 p.
1113 1376 1182 1415 149,
1198 1388 1260 1407 cum
1275 1378 1345 1407 inter
1357 1378 1571 1408 concionandum
1586 1381 1654 1409 Pau—

113 1424 171 1453 lum
189 1423 323 1457 attulerat,
342 1422 456 1452 ulterius
469 1423 620 1462 relinquere
633 1433 686 1453 non
701 1434 788 1464 posse,
804 1430 829 1453 et
842 1434 856 1452 a
868 1423 1007 1463 proposito
1023 1430 1180 1462 argumento
1191 1423 1301 1453 abduci.
1322 1424 1384 1453 Tali
1399 1425 1483 1464 igitur
1495 1425 1576 1455 modo
1595 1436 1659 1465 erga

113 1469 227 1499 Paulum
241 1469 350 1498 affectus
360 1468 566 1508 chrysostomus
581 1470 783 1508 quatuordecim
793 1469 929 1511 Epistulas
942 1469 1020 1499 Pauli
1032 1477 1092 1499 ante
1103 1476 1219 1509 quatuor
1232 1470 1381 1511 Evangelia
1396 1471 1495 1511 posuit,
1513 1482 1600 1511 neque
1613 1472 1659 1501 hic

113 1522 226 1551 tantum,
242 1514 289 1544 sed
302 1514 382 1543 etiam
393 1514 478 1554 capite
496 1515 613 1545 secundo
624 1515 653 1545 in
667 1517 775 1554 Isaiam,
785 1528 816 1557 p.
832 1517 881 1554 18,
893 1516 932 1546 sic
945 1516 982 1546 ait
996 1529 1004 1546 :
1022 1517 1090 1547 Non
1107 1518 1184 1546 enim
1208 1518 1454 1557 quemadmodum
1474 1519 1567 1547 Pauli
1585 1519 1657 1558 Epi-

113 1559 196 1588 stoloe
207 1565 235 1588 et
246 1558 412 1598 Evangelia
427 1560 460 1586 in
478 1569 568 1589 unum
580 1559 705 1590 collecta
717 1568 795 1596 sunt,
806 1563 849 1591 ita
860 1568 889 1591 et
903 1563 1064 1602 prophetioe
1078 1575 1084 1591 :
1105 1563 1171 1598 sed,
1193 1563 1273 1602 quod
1290 1564 1365 1600 dixi,
1387 1564 1510 1593 diversis
1522 1567 1657 1601 tempori-

115 1607 178 1635 bus.
190 1605 282 1644 Neque
291 1611 376 1634 tamen
390 1603 450 1633 ideo
464 1605 615 1645 putandum
639 1613 678 1636 est
689 1608 819 1637 Joannem
833 1615 956 1639 nostrum
974 1608 1110 1648 Epistolas
1130 1608 1209 1638 Pauli
1228 1608 1385 1648 Evangeliis
1411 1609 1598 1650 praeposuisse,
1611 1610 1658 1639 sed

115 1660 211 1689 parum
224 1649 349 1678 interesse
361 1648 483 1688 putabat,
506 1655 566 1678 utra
584 1650 673 1689 prima
695 1659 868 1691 ponerentur,
886 1654 1022 1694 quoniam,
1047 1661 1076 1683 ut
1095 1654 1153 1694 jam
1177 1653 1247 1692 dixi,
1270 1655 1360 1685 omnia
1383 1652 1485 1685 sciebat
1507 1667 1541 1686 ex
1564 1656 1659 1686 eodem

115 1696 219 1735 Spiritu
229 1694 438 1735 promanavisse.

157 1739 201 1769 Ad
214 1738 343 1779 opuscula
362 1739 498 1777 sequentia
518 1739 582 1769 satis
601 1747 663 1770 sunt
680 1751 710 1770 ea
725 1751 784 1780 quae
809 1742 837 1771 in
850 1745 963 1774 Monitis
984 1745 1087 1785 praefati
1108 1755 1210 1775 sumus.
1232 1747 1328 1776 Unum
1344 1753 1425 1776 restat
1445 1746 1657 1783 admonendum,

117 1796 212 1825 nempe
225 1784 328 1814 dixisse
340 1794 388 1814 nos
402 1785 429 1813 in
442 1785 546 1814 Monito
560 1785 596 1815 ad
617 1786 764 1816 Homiliam
777 1786 811 1817 de
821 1788 984 1828 legislatore,
996 1790 1184 1830 ᾇπανθίσματα
1194 1791 1252 1821 sive
1263 1791 1412 1832 Florilegia
1424 1792 1452 1821 in
1468 1793 1521 1822 fine
1545 1793 1659 1834 hujusce

117 1831 195 1861 Tomi
208 1829 310 1860 edenda
321 1841 335 1859 a
349 1829 427 1860 nobis
438 1841 505 1861 esse.
517 1830 551 1861 Id
563 1831 664 1862 scilicet
676 1832 753 1863 initio
765 1833 978 1866 decreveramus.
995 1838 1100 1868 Verum
1113 1843 1202 1877 postea
1214 1847 1277 1867 cum
1299 1837 1507 1869 advenissemus
1520 1839 1576 1869 fore
1588 1846 1618 1868 ut
1632 1839 1659 1867 in

118 1880 227 1909 nimiam
239 1879 339 1909 molem
352 1885 479 1908 cresceret
491 1879 536 1909 hic
558 1881 671 1918 Tomus,
686 1881 709 1911 si
727 1882 749 1911 F
751 1881 874 1923 lorilegia
895 1883 924 1911 in
941 1882 995 1912 fine
1014 1882 1164 1919 ederemus,
1181 1882 1228 1912 illa
1248 1882 1275 1912 in
1290 1883 1376 1912 alium
1400 1884 1517 1913 Tomum
1537 1884 1660 1914 cudenda

118 1936 250 1955 misimus.

151 2038 164 2051 '³
186 2038 215 2070 [«
229 2037 340 2062 Pertinet
355 2036 390 2062 ad
405 2046 524 2071 magnum
544 2047 676 2064 numerum
691 2039 774 2065 Codd.
796 2041 838 2073 qui
854 2049 884 2066 ex
905 2040 1057 2066 bibliotheca
1075 2042 1110 2066 Is.
1132 2041 1214 2066 Vossii
1229 2039 1393 2066 Bibliothecae
1412 2041 1658 2075 Lugduno-Batavrc

118 2082 283 2150 acoesserupt.
297 2077 448 2103 Recensetur
466 2078 530 2103 inter
550 2077 656 2104 Codices
673 2079 774 2105 Graecos
792 2076 826 2104 N‘3
837 2081 882 2112 48,
895 2089 921 2114 p.
935 2082 1010 2106 393.»
1025 2081 1119 2106 Voorst
1134 2080 1208 2106 Joan.
1219 2080 1311 2115 Chrys.
1330 2080 1441 2113 selecta,
1455 2080 1505 2107 vol.
1518 2082 1542 2114 2,
1556 2090 1581 2114 p.
1601 2082 1656 2114 ⁴85,

119 2123 171 2143 not.
187 2118 242 2142 ⁴74.
