1890 2826
710 167 743 189 IN
771 164 900 195 ISAIAM,
921 164 997 187 CAP.
1027 164 1075 186 ΙΙΙ.

112 232 264 272 ἐσθήματα,
289 232 348 261 ἀλλ’
379 229 448 260 ὥστε
472 230 520 266 τὴν
551 229 766 269 ὓπερὸάλλουσαν
794 229 879 256 αὐτῶν

110 278 254 308 *ἀκολασίαν
276 279 399 317 ἐμφῆναι.
414 276 468 306 Καὶ
488 275 522 305 τὰ
537 275 663 315 βύσσινα,
682 274 728 304 καὶ
741 273 776 303 τὰ
788 272 881 302 ὑακίν-

110 327 179 360 θινα,
192 324 238 354 καὶ
250 323 284 353 τὰ
297 323 415 360 κόκκινα,
429 321 474 352 καὶ
493 321 542 358 τὴν
557 321 653 361 βύσσον
669 320 716 350 σὺν
729 320 821 360 χρυσῷ
835 318 881 347 καὶ

111 370 225 410 ὑακίνθῳ
238 368 503 410 συγκαθυφασμὲνην,
516 367 561 397 καὶ
581 366 705 407 θέρισπρα
716 369 727 382 “
736 365 879 395 κατάκλει-

112 426 163 444 στα
176 418 222 445 τοῦ
236 415 355 456 χρυσίου.
369 415 454 445 Οὐδὲν
473 414 524 454 γὰρ
544 408 626 449 εἶδος,
641 414 689 442 οὐκ
706 414 734 442 ἐν
752 411 881 451 ἱματίοις,

112 463 160 491 οὖκ
182 463 209 491 ἐν
229 464 268 502 τῷ
293 463 378 502 λοιπῷ
405 461 497 501 κόσμῳ
520 460 680 495 κατέλιπον,
700 458 769 488 ἀλλὰ
793 463 881 487 πᾶσαν

112 507 407 547 ἐπῆλθονῆπολυτελείας
422 507 480 537 ὁδὸν
490 530 498 544 ,
512 509 546 547 τῇ
565 508 613 542 τῆς
626 505 763 545 ἀσελγείας
781 504 881 534 ἐκδακ-

112 557 245 595 χευθιῑσαι
265 553 405 595 τυραννίδι.
428 555 523 583 Ταῦτα
545 553 572 582 δὲ
595 554 618 582 εἰ
641 552 701 582 τότε
725 551 881 591 ἐγκλήματα

111 596 144 636 ἦν
167 601 219 640 πρὸ
238 602 286 636 τῆς
307 600 415 640 χάριτος
428 599 473 629 καὶ
495 601 543 636 τῆς
560 597 689 635 τοσαύτης
711 596 881 638 φιλοσοφίας,

111 646 188 680 ποίας
212 646 244 676 ἂν
265 646 370 687 τύχοιεν
391 645 548 685 συγγνώμης
571 646 597 674 αἱ
619 644 685 685 πρὸς
706 644 751 673 τὸν
774 642 882 683 οὐρανὸν

111 694 250 729 κληθεῖσαι
263 695 326 729 νῦν,
349 692 395 722 καὶ
419 694 455 725 εἰς
480 691 632 732 μακρότερα
652 690 813 730 σκάμματα,
837 688 883 718 καὶ

111 739 177 780 πρὸς
197 740 242 769 τὸν
263 741 316 768 τῶν
339 738 457 779 ἀγγέλων
480 737 620 777 ἑλκόμεναι
639 738 733 772 ζ’ἠλον,
755 736 800 765 καὶ
815 735 882 775 μετὰ
932 735 1032 764 tionem
1052 735 1212 772 trahuntur,
1226 742 1252 765 et
1264 735 1344 775 longe
1357 735 1442 775 magis
1461 734 1532 764 hanc
1551 745 1677 775 superare
1706 744 1827 767 Mulierum

111 785 230 819 πλείονος
247 787 296 821 ΐῆς
316 784 465 825 ῧπέρὸθλῆς
487 783 586 820 ταύτην
605 785 717 812 νικῶσα*
734 780 782 817 τὴν
801 781 882 810 &⁶⁵7-
932 789 1045 821 possunt
1064 782 1213 818 lasciviam,
1228 789 1255 812 et
1268 789 1356 812 tamen
1378 792 1422 811 eas
1436 792 1496 820 quae
1509 781 1537 810 in
1551 781 1636 811 scenis
1649 775 1784 830 &1:2²³ng

111 840 184 871 γειαν
192 855 200 869 ,
212 831 258 861 καὶ
270 831 318 865 τὰς
337 831 382 861 ἐπὶ
401 833 449 866 τῆς
467 832 567 866 σκηνῆς
579 828 812 869 ἀποκρύπτουσαις
827 828 880 857 Καὶ
931 827 1042 857 theatris
1052 835 1193 858 versantur
1203 828 1315 859 lascivia
1325 828 1457 858 vineunt?
1468 827 1603 867 Quodque
1614 838 1675 867 gra·
1684 816 1815 869 ριπξςοςω-

1685 879 1726 893 ,ΙΙΙ-

110 878 142 908 τὸ
156 877 187 914 δὴ
201 877 403 918 χαλεπώτερον,
421 876 463 906 ὅτι
483 877 541 905 οὐδὲ
562 875 722 915 ἁμαρτάνειν
742 877 877 914 ἡγοῦνται.

111 924 160 954 Διὸ
176 924 222 954 καὶ
241 924 306 964 πρὸς
325 923 406 957 αὐτὰς
422 923 524 962 ἀνάγκη
547 921 596 958 τὴν
616 924 662 951 τοῦ
676 921 811 961 προφήτου
826 932 880 960 φω-

110 970 157 1007 νὴν
170 970 286 1000 ὁπλίσαι.
306 971 347 999 Οὖ
366 969 418 1010 γὰρ
433 968 465 1004 δὴ
489 968 567 1007 μόνον
589 968 654 1008 πρὸς
676 967 790 1002 ἐκείνας,
812 966 879 996 ἀλλὰ

110 1017 156 1058 ξαιὶ
166 1017 231 1057 πρὸς
241 1016 340 1050 ταύτας
350 1015 483 1056 εἰρήσεται
493 1014 524 1043 τὸ
542 1013 715 1053 ἐπαγόμενον,
729 1010 770 1042 ὅτι
782 1011 881 1041 Ἔσται

111 1063 170 1092 ἀντὶ
180 1064 266 1102 ὀσμῆς
278 1061 367 1098 ἡδείας
379 1061 519 1101 κονιορτός.
533 1060 616 1100 Ὁρᾷς
634 1061 691 1091 πῶς
710 1058 754 1088 καὶ
769 1058 816 1093 τὴν
829 1060 880 1087 τῶν

112 1107 202 1147 μύρων
219 1107 330 1148 ἀλοιφὴν
350 1107 488 1142 ἐκὸἄλλει,
503 1106 548 1135 καὶ
569 1105 687 1144 μεγάλην
707 1105 774 1143 αὐτῇ
794 1103 882 1139 τίθησι

111 1153 254 1192 τιμωρίαη
271 1153 412 1193 Κονιορτὸν
423 1152 474 1192 γὰρ
485 1151 597 1181 ἐνταῦθά
608 1162 673 1191 φησι
686 1150 731 1179 τὸν
744 1150 881 1190 αἰρόμενον

111 1199 180 1238 μετὰ
191 1199 240 1235 τὴν
255 1201 303 1234 τῆς
321 1199 422 1232 πόλεως
434 1195 608 1237 κατασκαῴὴν
626 1196 671 1226 καὶ
684 1195 733 1231 τὴν
744 1198 797 1225 τῶν
813 1198 880 1236 βαρ-

109 1245 199 1285 6ἄρων
218 1245 317 1285 ἔφοδον.
338 1244 390 1274 Καὶ
408 1244 459 1284 γὰρ
479 1243 524 1273 καὶ
544 1242 608 1283 πυρὶ
631 1242 675 1272 καὶ
699 1242 798 1282 σιδήρῳ
820 1242 880 1272 τότε

111 1291 192 1327 wiri-hv
212 1290 388 1330 διενείμαντο,
410 1290 441 1319 τὸ
466 1289 513 1329 μὲν
541 1290 622 1324 αὐτῆς
649 1287 880 1328 κατασκάψαντες,

109 1336 140 1366 τὸ
156 1337 183 1366 δὲ
196 1338 348 1377 ἐμπρησμῷ
360 1335 374 1353 ¹*
383 1335 554 1376 παραδόντες.
568 1335 662 1364 Ταῦτα
681 1330 726 1364 οὖν
743 1334 879 1374 προλέγων

109 1383 206 1422 ἔλεγεν,
221 1382 260 1412 ὅτι
281 1382 350 1412 ’Ant
370 1383 454 1421 ὀσμῆς
469 1381 556 1417 ἡδείας
575 1377 651 1410 ἔσται
671 1380 820 1419 κονιορτὸς,
834 1381 879 1410 καὶ

109 1429 167 1458 ἀντὶ
193 1428 276 1464 ζώνης
297 1427 405 1468 οχοινίῳ
423 1427 510 1467 ζώσῃ·
525 1428 570 1456 ὕπ’
594 1426 654 1466 ὄψιν
674 1426 744 1465 ἄγων
763 1429 810 1462 τῆς
834 1428 878 1455 αἷ-

109 1474 266 1515 χμαλωσίας
287 1475 317 1504 τὸ
338 1475 450 1514 σχῆμα,
472 1473 517 1502 καὶ
538 1472 587 1508 τὴν
609 1472 652 1501 ἐπὶ
674 1472 723 1508 τὴν
747 1473 879 1513 βάρὸαρον

109 1521 200 1562 χώραν
214 1520 369 1560 ἀπαγωγήν.
384 1520 438 1550 Καὶ
461 1519 520 1549 ἀντὶ
540 1521 586 1548 τοῦ
606 1518 707 1558 κόσμου
727 1520 774 1554 τῆς
795 1531 877 1559 κεφα-

109 1569 157 1603 λῆς
178 1579 224 1597 σσυ
243 1566 410 1607 φαλάκρωμα
431 1564 510 1599 ἕξεις·
531 1564 548 1600 ἢ
570 1566 623 1593 τῶν
643 1567 743 1604 τριχῶν
765 1564 818 1594 ἀπὸ
830 1567 878 1601 τῆς

108 1612 288 1652 ταλαιπωρίας
308 1613 505 1652 ἀπορῤυεισῶν,
528 1610 546 1646 ἢ
571 1612 623 1639 ὢν
644 1610 779 1649 πολεμίων
800 1614 877 1640 τοῦτο

1630 152 1675 187 53

934 225 1153 255 vestimentorum
1177 226 1294 262 nomine,
1311 225 1357 255 sed
1377 233 1406 255 ut
1428 226 1561 265 ingentem
1584 236 1677 255 earum

933 271 1032 301 luxum
1040 272 1242 302 demonstraret.
1252 274 1293 303 Et
1301 275 1424 311 byssina
1430 279 1458 302 et
1468 273 1677 310 hyacinthina,

933 325 963 347 et
975 321 1121 355 coccinea,
1135 325 1163 348 et
1175 321 1297 357 byssum
1309 330 1375 349 cum
1386 329 1458 349 auro
1470 325 1499 348 et
1511 320 1676 356 hyacintho

932 371 1110 400 contextam,
1123 372 1151 394 et
1166 367 1302 396 theristra
1314 376 1386 396 auro
1399 366 1550 395 adstricta.
1564 366 1677 395 Nullam

932 412 1002 440 enim
1013 411 1127 451 speeiem
1140 412 1184 441 vel
1198 413 1224 442 in
1238 411 1405 442 vestimentis
1415 411 1460 441 vel
1474 411 1502 440 in
1516 411 1570 441 alio
1581 418 1676 441 ornatu

932 456 1099 496 reliquerunt
1106 469 1116 496 5
1128 458 1174 487 sed
1189 468 1296 488 omnem
1305 458 1389 487 luxus
1399 457 1471 487 viam
1485 463 1630 493 tentarunt,
1642 469 1677 487 ex

932 502 1048 533 lasciviae
1071 504 1214 543 tyrannide
1223 504 1372 544 lymphatis
1382 503 1493 533 similes.
1504 505 1587 533 Porro
1598 504 1621 533 si
1634 504 1675 532 hae

930 554 995 587 tunc
1008 549 1208 592 criminationes
1227 550 1409 580 offerebantur
1430 556 1491 579 ante
1511 550 1635 589 gratiam,
1650 557 1676 580 et

896 598 916 621 G
931 602 992 624 ante
1006 602 1108 624 tantam
1128 596 1329 636 philosophiam
1337 607 1346 635 5
1361 606 1444 634 quam
1461 596 1568 625 veniam
1582 606 1676 625 conse--

932 648 1052 680 quantur
1064 642 1130 680 illae,
1145 653 1204 682 quae
1214 653 1286 672 nune
1299 642 1326 672 in
1337 642 1434 672 eaelum
1446 648 1586 679 vocantur,
1601 649 1628 672 et
1641 642 1676 672 ad

932 687 1053 727 longiora
1067 690 1222 724 certamina,
1234 699 1348 728 quaeque
1359 688 1395 718 ad
1416 688 1573 728 angelorum
1585 687 1676 717 imita-

932 873 992 903 vius
1012 881 1064 911 est,
1081 885 1114 904 ne
1136 883 1246 915 peceare
1266 873 1377 913 quidem
1390 884 1418 902 se
1430 880 1534 913 putant.
1547 873 1612 903 Ideo
1625 872 1677 902 ad.⁴

931 931 1024 950 versus
1045 920 1108 950 illas
1127 931 1182 951 vox
1204 920 1341 961 propheta}
1365 919 1524 960 opponenda
1543 926 1594 949 est.
1612 921 1677 952 Non

931 965 1019 995 solum
1028 966 1101 995 enim
1109 966 1239 996 adversus
1246 966 1308 995 illas
1316 966 1394 1002 olim,
1401 965 1448 995 sed
1458 966 1536 995 etiam
1545 966 1676 998 adversus

932 1012 979 1041 has
998 1012 1219 1055 pronuntiabitur
1234 1011 1263 1041 id
1283 1011 1357 1050 quod
1377 1013 1499 1051 sequitur
1515 1026 1522 1042 :
1538 1014 1606 1042 Erit
1622 1025 1676 1054 pro

931 1061 1016 1088 suavi
1036 1059 1124 1088 odore
1140 1058 1248 1098 pulvis.
1263 1057 1364 1088 Viden'
1383 1058 1519 1097 quomodo
1537 1061 1676 1091 unctiones

932 1103 1012 1132 etiam
1021 1111 1219 1144 unguentorum
1225 1104 1361 1144 reprobet,
1371 1114 1552 1144 magnumque
1563 1106 1616 1146 ipsi
1624 1107 1674 1136 ad-

897 1154 916 1176 l)
931 1149 1031 1179 scribat
1041 1149 1225 1190 supplicium?
1239 1149 1382 1180 Pulverem
1395 1150 1467 1180 enim
1474 1151 1519 1180 hic
1532 1151 1600 1182 dicit
1613 1164 1675 1182 eum

930 1195 978 1234 qui
990 1195 1124 1225 excitatur
1137 1202 1196 1236 post
1214 1195 1309 1225 urbem
1321 1206 1441 1226 eversam
1454 1203 1481 1226 et
1498 1197 1675 1228 barbarorum

929 1241 1119 1271 incursionem.
1138 1243 1208 1272 Nam
1225 1241 1302 1270 illam
1314 1241 1371 1281 igni
1386 1248 1412 1271 et
1424 1242 1494 1272 ferro
1506 1250 1570 1273 tunc
1583 1244 1675 1275 dirue-

930 1294 1004 1326 runt,
1019 1288 1095 1318 aliud
1117 1288 1270 1324 diruentes,
1286 1287 1363 1317 aliud
1380 1288 1437 1327 igni
1452 1289 1595 1321 tradentes.
1611 1293 1675 1322 Haec

928 1334 1019 1374 itaque
1042 1335 1222 1375 praenuntians
1246 1334 1353 1364 dicebat
1366 1346 1373 1363 t
1389 1336 1450 1364 Pro
1476 1339 1562 1366 suavi
1586 1340 1675 1368 odore

927 1381 1026 1420 pulvis
1036 1383 1102 1418 erit,
1119 1387 1147 1410 et
1155 1391 1209 1420 pro
1226 1390 1304 1409 zona
1306 1380 1449 1421 funabula
1472 1383 1610 1423 ἀπεαπ-ῖς,-
1622 1385 1673 1414 suh

928 1428 1020 1457 oeulos
1029 1437 1130 1468 ponens
1140 1427 1303 1467 captivitatis
1315 1428 1440 1466 formam,
1448 1435 1475 1458 et
1487 1429 1674 1461 abductionem

928 1473 955 1502 in
968 1474 1147 1503 barbarorum
1161 1480 1269 1502 terram.
1285 1475 1327 1503 Et
1338 1484 1392 1513 pro
1407 1482 1580 1506 ornamento
1591 1480 1673 1517 capi-

929 1522 965 1549 tis
975 1522 1019 1550 tui
1039 1521 1187 1550 calvitiem
1199 1521 1319 1549 habebis
1323 1532 1338 1558 ,-
1351 1520 1408 1550 sive
1421 1522 1529 1562 capillis
1541 1523 1577 1552 ob
1591 1524 1672 1554 mise-

927 1567 997 1597 riam
1006 1566 1198 1604 defluentibus,
1210 1566 1268 1596 sive
1278 1566 1308 1596 id
1318 1567 1458 1607 agentibus
1471 1568 1606 1607 hostibus,
1616 1572 1673 1601 sive

928 1614 993 1654 ipsis
1015 1614 1115 1654 seipsas
1140 1612 1323 1642 tondentibus.
1347 1615 1408 1643 Mos
1434 1614 1505 1643 enim
1527 1622 1583 1645 erat
1605 1616 1672 1646 olim

108 1658 304 1698 ἐργαζομένων,
322 1658 341 1693 ἢ
355 1659 440 1686 abuza-
459 1656 561 1690 ἑαυτάς.
575 1655 655 1689 Ἐθος
666 1655 717 1696 γὰρ
732 1652 764 1691 ἦν
778 1657 809 1686 τὸ
822 1669 876 1686 πα-
892 1657 910 1680 Ε
926 1659 953 1688 in
977 1659 1052 1689 luctu
1075 1666 1101 1688 et
1127 1658 1277 1688 calamitate
1303 1668 1360 1688 sese
1383 1658 1493 1689 tondere
1516 1667 1542 1689 et
1567 1661 1670 1692 radere.

109 1703 182 1733 λαιὸν
201 1705 227 1733 ἐν
241 1703 330 1733 πένθει
343 1703 387 1732 καὶ
401 1707 523 1742 συμφορᾷ
537 1701 721 1741 ἀποκείρεσθαι
740 1702 784 1731 καὶ
800 1702 876 1742 ξύρε-
925 1704 1032 1734 Etenim
1052 1705 1116 1741 Joh,
1130 1704 1221 1733 audita
1245 1703 1394 1733 liberorum
1417 1705 1574 1742 calamitate,
1588 1715 1669 1747 eaput
1682 1713 1733 1734 soh.
1748 1717 1766 1734 ι.
1782 1720 1816 1736 20.

109 1752 177 1779 σθαι.
188 1750 242 1780 Καὶ
254 1750 306 1789 γὰρ
319 1751 334 1778 ὃ
348 1747 412 1778 Ἰὼῧ
425 1747 584 1787 ἀπεκείρατο
596 1747 644 1783 τὴν
656 1747 783 1787 κεφαλὴν,
795 1749 875 1778 ἅκού-
925 1749 1049 1779 totondit.
1059 1750 1095 1779 Et
1103 1750 1130 1778 in
1141 1749 1311 1788 sequentibus
1322 1749 1359 1778 ait
1368 1750 1511 1789 propheta,
1520 1762 1582 1781 cum
1591 1763 1667 1783 sacco
1678 1761 1736 1783 [sai.
1754 1770 1792 1785 22.

108 1808 155 1829 σας
174 1797 226 1825 τῶν
245 1795 346 1825 παίδων
366 1794 414 1830 τὴν
435 1793 579 1834 συμφοράν.
595 1793 648 1822 Καὶ
668 1792 768 1833 προϊὼν
781 1796 795 1823 ὁ
809 1806 875 1835 προ·
925 1803 950 1825 et
961 1796 1036 1825 luctu
1051 1796 1132 1825 etiam
1143 1795 1291 1824 tonsionem
1312 1795 1442 1825 futuram.
1457 1797 1587 1837 Aliusque
1600 1810 1664 1829 rur-
1680 1798 1715 1814 ¹²·

107 1841 202 1881 φήτης,
219 1841 285 1880 μετὰ
297 1840 396 1871 σάκκου
410 1839 455 1870 καὶ
469 1842 580 1869 κοπετοῢ
599 1839 645 1868 καὶ
665 1839 772 1879 ξύρησιν
794 1841 875 1881 ἔφησε
923 1853 984 1872 sum
997 1843 1034 1872 ait
1048 1852 1055 1872 ε
1071 1843 1113 1872 Et
1129 1842 1232 1871 radere
1243 1849 1272 1871 et
1284 1843 1404 1871 tondere
1414 1853 1500 1883 super
1506 1845 1588 1884 filios
1602 1853 1667 1877 tuos
1676 1857 1818 1881 Michaafi.

105 1887 235 1927 γενέσθαι.
256 1887 309 1916 Καὶ
323 1887 402 1919 ἄλλος
423 1885 503 1915 πάλιν
527 1884 607 1924 φησί·
628 1884 681 1914 Καὶ
706 1884 816 1925 ξυρῆσαι
830 1886 874 1916 καὶ
923 1890 1073 1919 delicatos.
1088 1891 1129 1919 Et
1140 1899 1193 1929 pro
1204 1891 1305 1919 tunica
1317 1900 1447 1929 purpura
1461 1891 1580 1921 clavata
1591 1904 1666 1933 μνω-

75 1972 80 1975 -
105 1937 192 1974 κεῖραι
209 1933 256 1962 ἐπὶ
275 1933 309 1962 τὰ
327 1932 407 1962 τέκνα
427 1943 472 1961 σου
491 1930 525 1959 τὰ
545 1930 668 1970 τρυφερά·
683 1931 736 1960 Καὶ
758 1932 815 1961 ἀντὶ
828 1935 874 1962 τοῦ
924 1938 1046 1977 cingeris
1066 1946 1160 1966 sacco.
1179 1937 1275 1965 Annon
1298 1936 1355 1965 haec
1375 1936 1507 1966 terribilia
1529 1945 1555 1968 et
1567 1939 1666 1971 intole-

105 1981 216 2019 χιτῶνος
236 1981 283 2008 τοῦ
304 1977 503 2018 μεσοπορφύρου
525 1976 659 2016 περιζώσῃ
682 1977 788 2006 σάκκον·
807 1973 878 2018 ’Ἆρα
923 1983 1005 2013 randa
1018 1994 1075 2013 esse
1091 1982 1241 2012 videntur?
1261 1984 1366 2013 Verum
1385 1983 1459 2023 apud
1479 1994 1528 2013 nos
1548 1995 1600 2015 non
1620 1987 1665 2018 hic

105 2027 134 2055 οὗ
150 2027 220 2055 δοκεῖ
238 2024 337 2066 φοὸερὰ
356 2020 422 2054 εἶ’νοῑι
434 2026 519 2052 ταῦτα
532 2022 576 2052 καὶ
597 2022 731 2063 ἂφόρηῒαὸ
748 2025 816 2053 Ἀλλ’
831 2025 871 2065 ἐφ’
922 2029 1035 2069 gradum
1048 2029 1121 2059 sistet
1134 2028 1213 2064 ultio,
1223 2027 1271 2057 sed
1282 2027 1382 2057 vermis
1394 2037 1549 2067 venenatus,-
1566 2032 1613 2062 sed
1627 2040 1664 2063 te-

103 2073 180 2111 ἡμῶν
194 2073 223 2102 οὗ
238 2071 317 2111 μέχρι
339 2069 449 2099 τούτων’
461 2069 587 2105 στήσεται
608 2068 642 2098 τὰ
655 2071 704 2104 τ’ἧς
724 2071 870 2110 τιμωρίας,
885 2092 908 2111 aa
922 2075 1009 2105 nebrae
1034 2074 1245 2104 interminabiles
1258 2074 1402 2114 excipient.
1416 2075 1445 2105 Si
1457 2076 1528 2106 enim
1542 2077 1604 2107 illos
1617 2090 1662 2109 ca-

104 2117 173 2147 ἀλλὰ
190 2117 294 2154 σκώληξ
306 2116 407 2150 ἰοὸόλος
419 2116 464 2145 καὶ
484 2116 576 2148 σκότος
596 2115 768 2151 ἀτελεύτητον
783 2118 870 2147 διαδέ-
887 2120 907 2141 A
922 2122 1028 2162 ptivitas
1038 2144 1046 2159 ‚
1062 2121 1175 2151 servitus
1186 2144 1194 2158 ,
1209 2128 1235 2150 et
1249 2128 1367 2150 extrema
1387 2122 1458 2151 mala
1481 2133 1660 2165 exceperunt,

104 2162 183 2197 ξιται.
197 2164 232 2193 Εἰ
243 2162 295 2203 γὰρ
315 2162 428 2196 ἐκείνους
448 2160 618 2202 αἲχμαλωσία
641 2161 686 2190 καὶ
708 2162 812 2192 δουλεία
824 2164 869 2192 καὶ

103 2208 137 2238 τὰ
150 2208 251 2248 ἔσχατα
262 2208 371 2247 ἀνέμενε
382 2207 453 2237 κακὰ
467 2207 524 2236 ἀντὶ
543 2210 589 2237 τοῦ
603 2208 794 2247 καλλωπισμοῦ
803 2221 810 2227 ·
828 2210 869 2239 ὅτι

103 2254 154 2294 γὰρ
163 2254 254 2283 τούτου
277 2253 374 2294 ἀπῄτει
394 2253 484 2289 δίκην,
505 2254 550 2283 καὶ
568 2254 656 2287 ἰδικῶς
669 2254 717 2290 τὴν
737 2255 868 2295 ἁμαρτίαν

102 2299 202 2336 ταύτην
223 2299 360 2336 ἐκόλαζεν,
384 2300 494 2329 ἄκουσον
518 2301 576 2332 πῶς
595 2300 739 2334 καταλέξας
763 2302 867 2338 ἐκεῖνα,

102 2346 220 2386 ἐπήγαγε
239 2345 285 2375 καὶ
304 2345 352 2381 τὴν
374 2345 474 2374 αἰτίαν·
494 2345 607 2375 ι“Ταῢττί
630 2357 670 2375 σοι
686 2346 743 2375 ἀντὶ
764 2348 866 2377 καλλω-

135 2432 145 2444 “
163 2426 328 2450 Κατ-ἄκλειστα.
341 2423 403 2454 Quae
417 2427 553 2452 κατάληπτα
575 2432 649 2456 supra
669 2423 784 2456 dixerat,
811 2424 853 2450 hic

103 2466 253 2490 κατάκλειστα
262 2468 336 2487 vocat
347 2471 354 2494 3
363 2462 485 2488 alterutro
493 2463 517 2486 in
526 2461 582 2486 loco
590 2461 710 2487 mendum
718 2471 769 2488 esse
776 2470 851 2497 puto:

105 2503 131 2527 in
142 2501 227 2527 Biblils
239 2505 375 2528 κατάκλιτα.

136 2542 150 2561 ¹²
165 2541 227 2574 Reg-
240 2546 265 2565 el.
273 2539 350 2565 Savil.
363 2541 530 2575 παραδίδονης.

136 2588 147 2600 ·
163 2584 239 2607 Ταῦτά
255 2591 287 2606 σοι
306 2583 355 2605 ἀντὶ
368 2582 542 2612 καλλωπισμοῦε
554 2578 619 2603 Hoec
631 2579 677 2604 tihi
695 2588 740 2613 pm
757 2586 853 2606 ornatu.

263 2623 335 2641 τοΜ.
360 2623 401 2641 vu.

920 2168 1000 2208 idque
1013 2178 1062 2208 pro
1076 2174 1171 2198 ornatu
1188 2180 1196 2197 ι
1212 2167 1286 2206 quod
1299 2167 1371 2196 enim
1392 2168 1475 2208 hujus
1488 2180 1579 2210 poenas
1592 2173 1661 2202 exi-

918 2221 1000 2253 geret,
1013 2221 1038 2243 et
1049 2214 1100 2243 hoc
1113 2213 1223 2253 proprie
1235 2220 1374 2253 peccatum
1387 2214 1504 2253 puniret,
1517 2217 1582 2246 audi
1594 2230 1661 2256 quo-

918 2260 999 2290 modo
1024 2260 1066 2289 his
1086 2259 1263 2295 enumeratis,
1283 2270 1389 2288 causam
1405 2261 1547 2300 subjunxit
1563 2276 1571 2293 ε
1588 2265 1662 2294 Hoec

920 2306 973 2334 tibi
984 2315 1037 2344 pro
1050 2310 1156 2333 ornatu
1168 2315 1177 2337 ,·
1189 2303 1211 2332 si
1226 2302 1308 2342 igitur
1321 2304 1338 2332 J
1341 2303 1422 2332 udaeae
1433 2305 1558 2335 mulieres
1571 2308 1607 2336 ob
1620 2316 1660 2338 ta-

919 2348 972 2378 lem
986 2354 1109 2377 ornatum
1134 2354 1219 2376 tantas
1232 2346 1339 2376 subiere
1351 2357 1453 2386 poenas,
1468 2349 1553 2387 patria
1566 2361 1581 2379 a
1594 2351 1659 2380 sun-

902 2425 942 2451 Λίι
954 2425 1150 2459 Chrysostomus
1169 2423 1261 2458 Isaiam
1282 2431 1340 2457 post
1360 2427 1571 2452 enumerationem
1590 2428 1660 2454 illam

903 2465 1060 2490 muliebrium
1066 2470 1271 2490 ornamentorum
1279 2463 1317 2488 his
1327 2463 1406 2488 verbis
1415 2466 1582 2491 recensionem
1588 2476 1658 2494 suam

903 2504 1026 2529 claudere.
1037 2504 1131 2528 Verum
1142 2503 1194 2527 haec
1206 2511 1257 2527 non
1271 2503 1366 2534 reperio
1379 2503 1403 2526 in
1415 2502 1499 2528 Bibliis
1511 2511 1555 2530 τῶν
1566 2506 1601 2533 0¹.
1609 2506 1659 2532 Sed

905 2553 994 2577 magna
1005 2543 1065 2568 olim
1076 2549 1131 2567 erat
1142 2542 1321 2574 exemplarium
1334 2542 1449 2572 varietas,
1463 2548 1491 2567 ut
1503 2542 1528 2568 in
1539 2544 1659 2571 Prxelimi-

906 2582 1007 2607 naribus
1017 2581 1050 2607 ad
1061 2580 1174 2614 nexapla
1187 2579 1296 2612 alibique
1309 2578 1425 2604 diximus.

1501 2614 1518 2642 5
