1890 2826
138 809 235 840 Chryso-

255 180 324 215 208

250 252 330 292 agitis
345 266 352 283 :
368 265 430 285 cum
454 263 606 297 surgentem
624 265 651 289 et
662 259 792 290 doctrinm
811 271 934 301 sagenam
948 262 990 292 vi-

250 297 345 329 deritis
356 301 551 341 expandentem
562 326 570 341 ,
585 315 639 334 non
657 305 747 336 solum
760 316 813 336 nou
825 307 953 348 aufugitis
966 314 992 337 et

249 344 375 382 exsilitis,
388 347 436 377 sed
455 355 482 378 et
494 348 607 380 interius
619 351 731 391 pergitis
745 352 865 395 undique
878 364 992 384 concur-

242 398 343 428 rentes,
353 399 380 422 et
393 394 549 433 proximum
571 397 755 437 unusquisque
773 399 935 439 protrudens
954 411 991 430 ac

247 447 382 476 premens,
397 439 473 479 prio'r
487 440 543 481 ipse
553 441 657 480 insilire
667 444 728 474 etin
741 445 808 474 retia
818 444 909 476 delabi
919 446 991 476 sesti·

246 491 302 514 nat.
316 485 378 523 Quo
390 487 491 517 factum
503 495 553 526 est,
565 495 597 519 ut
608 484 756 530 numquam
776 502 890 523 vacuam
911 503 989 534 sage-

246 540 308 560 nam
320 533 527 571 extraxerimus,
541 545 594 565 non
601 537 659 576 jam
669 537 704 567 ob
718 544 836 571 nostram
851 539 986 579 peritiam,

245 578 293 608 sed
305 579 341 609 ob
354 586 470 610 vestram
487 581 672 621 cupiditatem.
687 584 758 615 Satis
769 585 860 624 itaque
873 597 921 616 nos
932 597 987 617 nu-

244 624 297 664 pcr'
307 625 424 666 dapibus
436 627 572 667 explevit,
586 639 646 668 quae
666 630 778 670 probato
792 642 915 671 puroque
927 644 985 662 ma-

244 678 289 701 nat
309 683 377 703 auro
399 673 503 712 lingua,
518 681 543 704 et
557 675 645 705 mellis
662 676 748 707 fontes
768 688 815 707 ore
833 679 984 719 profundit,

242 716 347 757 lingua,
360 718 480 758 inquam,
494 720 565 750 beati
579 722 668 759 Pauli,
683 723 727 753 vel
738 724 844 763 potius,
857 735 916 764 quae
929 726 986 756 favi
1001 731 1020 755 C

243 764 364 803 cujusvis
375 765 501 795 suavitati
521 766 670 806 spiritualis
688 768 816 799 doctrinae
841 768 986 802 dulcedine

244 810 387 840 antecellit.
402 811 474 850 Quia
485 822 549 847 vero
562 823 612 853 pro
624 825 654 844 ea
668 825 729 854 quae
741 827 790 847 ves
803 816 878 847 decet
890 818 985 858 philo-

92 849 159 894 nez-ni:
206 882 209 884 ,
228 854 350 896 'sophia‚
365 867 398 886 ne
411 856 462 887 mei
483 857 594 897 quidem
614 862 741 901 pauperis
760 869 786 892 et
807 863 923 894 mendici
942 875 984 896 res

242 903 410 934 contemnitis
419 926 427 941 ,
441 903 489 933 sed
514 913 546 934 ea
566 906 677 944 quidem
689 918 749 946 quae
772 916 835 938 sunt
846 910 946 940 eximia
957 918 985 941 et

240 958 346 978 summa
368 950 518 989 miramini,
530 959 626 982 nostrae
646 963 711 983 vcro
724 953 887 985 humilitatis
901 956 982 986 verba

240 1005 293 1024 non
311 995 480 1036 improbatis,
499 998 625 1028 alacriter
642 998 678 1028 ad
695 998 842 1029 dicendum
857 1003 963 1031 surrexi
974 1023 984 1038 ,

241 1048 271 1070 ut
283 1041 405 1072 debitum
418 1043 496 1073 vobis
509 1043 649 1074 redderem
662 1045 737 1084 quod
749 1055 834 1085 nuper
847 1057 909 1076 sum
922 1048 983 1087 pol-

239 1087 330 1117 licitus
339 1111 347 1125 ,
363 1099 412 1119 nec
424 1096 513 1119 tamen
531 1091 666 1131 persolvi,
680 1090 746 1121 dum
760 1091 915 1131 prolixitate
934 1093 982 1124 do-

238 1134 330 1164 ctrinae
340 1136 468 1175 prohibiti
477 1147 572 1167 sumus
585 1137 619 1167 ad
629 1137 712 1167 finem
724 1148 810 1177 usque
822 1139 981 1180 pertingere.

238 1181 383 1218 Quodnam
396 1182 481 1221 igitur
494 1182 617 1212 debitum
634 1183 704 1213 illud
722 1183 797 1213 suit?
817 1185 930 1215 Necesse
942 1193 983 1216 est

237 1226 320 1264 enim,
333 1234 364 1256 ut
376 1227 484 1257 initium
498 1228 587 1258 mutui
601 1229 679 1259 vobis
691 1229 720 1258 in
733 1230 891 1260 memoriam
904 1242 982 1262 revo-

237 1280 324 1311 cetur,
339 1281 370 1304 ut
392 1282 549 1314 argumento
564 1275 623 1316 ipso
636 1276 743 1316 cognito
755 1277 835 1306 vobis
847 1278 982 1308 enarratio

236 1318 385 1350 dilucidior
396 1321 453 1351 fiat.
469 1321 653 1359 Quaesivimus
663 1329 721 1353 tum
733 1323 871 1363 temporis,
882 1335 936 1364 qua
946 1325 980 1355 de
996 1328 1015 1351 D

237 1376 317 1396 causa
340 1368 425 1399 Vetus
443 1369 644 1398 Testamentum
663 1369 698 1399 sit
719 1369 878 1407 obscurius,
898 1382 979 1410 quarn

236 1413 362 1449 Novum;
389 1414 501 1443 fortasse
523 1425 638 1454 namque
662 1415 820 1446 meministis
827 1428 837 1455 ς
853 1424 880 1446 et
898 1428 980 1448 unam

236 1458 363 1490 hactenus
385 1471 493 1490 eausam
506 1460 644 1498 diximus,
659 1462 813 1492 auditorum
827 1463 979 1494 immanita-

235 1510 288 1534 tem
297 1527 305 1541 ,
321 1512 467 1546 testemque
493 1507 672 1547 produximus
694 1508 811 1538 Paulum
834 1509 977 1548 dicentem,

89 1561 109 1599 a(
140 1554 180 1575 'on
218 1570 224 1576 ·
236 1552 421 1591 Istudipsum
430 1554 567 1583 velamen
576 1555 608 1582 in
622 1555 746 1584 lectione
757 1555 868 1585 Veteris
882 1557 977 1586 Teste*

235 1600 325 1628 menti
332 1606 430 1628 manet
437 1610 497 1629 non
501 1602 814 1642 revelatum,qu0niam
821 1604 854 1631 in
861 1603 977 1633 Christo

233 1653 400 1674 evacuatur.
418 1645 592 1676 Ostendimus
612 1647 841 1686 quemadmodum
853 1648 976 1679 velamen

233 1690 329 1720 babuit
338 1691 475 1732 legislator
485 1694 606 1733 Moyses,
615 1694 651 1723 ita
663 1704 751 1732 quoqe
760 1694 846 1733 legem
854 1694 976 1725 velamen

232 1735 370 1774 babuisse,
386 1737 575 1768 obscuritatem
591 1750 598 1767 ι
612 1739 659 1768 sed
671 1749 758 1778 neque
770 1739 918 1780 legislatori
931 1741 978 1771 vi—

194 1779 225 1825 ‘52
234 1782 271 1812 tio
285 1783 459 1822 vertendum,
473 1794 560 1823 neque
580 1785 634 1825 legi
656 1785 764 1815 crimini
782 1786 904 1816 dandum
927 1788 978 1818 fuit
991 1786 1011 1810 Ε

178 1829 366 1866 am.velamen,
375 1830 423 1860 scd
442 1831 598 1861 auditorum
617 1831 767 1861 infirmitati
788 1833 976 1864 tribuendum.

232 1876 292 1904 Non
303 1876 373 1905 enim
380 1883 488 1916 propter
497 1877 616 1917 seipsum
627 1877 747 1907 velamen
754 1877 849 1908 habuit
857 1881 975 1920 MoyseS,

231 1920 279 1950 sed
301 1921 365 1960 quia
378 1922 493 1961 gloriam
514 1923 606 1952 vultus
620 1924 679 1963 ejus
695 1924 765 1953 ferre
778 1934 831 1954 non
845 1933 976 1965 poterant.

231 1967 348 2004 Quando
370 1967 442 1997 enim
455 1978 482 1997 se
496 1970 667 1999 convertebat
678 1969 714 1999 ad
727 1971 884 2009 Dominum,
901 1972 976 2002 vela-

231 2022 292 2041 men
300 2012 446 2042 auferebat.
455 2014 501 2043 Sic
509 2014 590 2043 etiam
599 2014 644 2044 lex
651 2016 778 2054 quoniam
787 2018 907 2047 nondum
914 2029 976 2058 per—

230 2059 297 2088 fecta
314 2058 476 2089 documenta
487 2061 632 2100 multaeque
646 2061 825 2102 philosophiae
849 2064 928 2104 plena
940 2064 976 2094 de

229 2105 340 2135 Christo
349 2107 480 2145 Novoque
489 2108 658 2137 Testamento
666 2109 803 2149 percipere
813 2117 915 2150 poterat
923 2111 974 2147 (si-

229 2151 342 2190 quidem
351 2152 397 2181 illa
406 2152 507 2189 omnia,
516 2160 652 2192 tamquam
666 2154 694 2183 in
706 2154 830 2185 thesauro
842 2157 970 2195 quodam,
980 2181 990 2200 ι

229 2197 257 2227 in
268 2198 360 2229 Veteri
371 2199 539 2228 Testamento
549 2199 666 2240 reposita
674 2207 750 2229 erant
759 2202 780 2237 ),
791 2201 912 2231 velamen
925 2203 973 2232 ha-
988 2182 1015 2232 1⁸3

229 2245 319 2280 bebat,
326 2245 394 2274 dum
405 2245 460 2274 illis
469 2245 579 2284 quidem
590 2256 618 2275 se
627 2246 828 2285 attemperabat,
839 2247 918 2277 nobis
929 2259 974 2278 au-

229 2297 282 2320 tem
289 2291 399 2321 divitias
408 2302 499 2321 omnes
507 2292 670 2328 reservabat,
680 2299 710 2321 ut
718 2303 781 2321 cum
788 2293 912 2323 Christus
921 2294 969 2324 ad-

228 2337 347 2374 venerit,
363 2344 389 2366 et
402 2337 437 2366 ad
450 2337 540 2377 ipsum
554 2347 602 2366 nos
615 2338 835 2375 converterimus,
849 2339 969 2370 velamen

227 2383 348 2412 tollatur.
364 2382 471 2414 Videtis
493 2393 557 2422 crgo
580 2383 607 2412 in
622 2390 748 2422 quantam
768 2394 816 2413 nos
839 2384 970 2415 adventus

226 2429 328 2458 Christi
341 2428 497 2469 provexerit
509 2428 678 2468 dignitatem,
694 2429 743 2468 qui
757 2430 861 2470 Moysis
881 2430 909 2459 in
922 2442 970 2460 or—

226 2474 318 2504 dinem
331 2485 379 2504 nos
393 2474 523 2505 evexerit.
536 2477 572 2504 At
583 2475 694 2505 sortasse
702 2475 774 2505 dicet
782 2475 882 2515 aliquis
895 2488 902 2504 ε
913 2478 969 2509 Cur

227 2520 310 2560 igitur
323 2527 380 2550 tum
402 2520 529 2560 temporis
542 2520 701 2550 dicebantur
719 2521 778 2558 illa,
793 2521 816 2550 si
830 2522 968 2552 manifesta

227 2578 278 2596 non
293 2574 366 2597 crant
379 2568 468 2596 futura
479 2578 539 2606 quae
551 2567 731 2597 dicebantur?
745 2569 784 2598 Ut
803 2568 914 2608 posteris
927 2569 967 2598 ni-

226 2613 325 2643 mirum
341 2612 416 2643 utilia
430 2612 534 2644 tierent.
547 2614 610 2644 Haee
634 2614 705 2644 enim
719 2621 757 2644 est
771 2613 887 2654 dignitas
903 2626 964 2655 pro-

563 196 592 219 S.
619 197 760 222 JOANMS
786 199 975 224 CHRYSOST.
1006 202 1164 229 Ancuuu‘.
1193 206 1464 232 mNSTANTmol‘.

1043 265 1137 301 εὐθέως
1149 268 1309 305 ἀποπηδῶσι
1329 270 1374 300 καὶ
1387 270 1554 305 ἐξάλλονται·
1569 274 1643 313 ὑμεῖς
1653 275 1680 305 δὲ
1694 275 1724 305 τὸ
1738 276 1815 306 ἐναν-

1042 310 1098 341 τίον
1106 317 1220 344 ποιεῖτε·
1236 314 1298 345 ὅταν
1313 315 1385 353 ἴδητε
1399 318 1550 348 ἀναστάντα
1570 319 1617 350 καὶ
1635 321 1684 358 τὴν
1695 322 1813 361 σαγήνην

1043 356 1204 389 ἃπλώσαντα
1213 362 1262 396 τῆς
1276 361 1465 399 διδασκαλίας,
1486 365 1516 394 οὐ
1538 364 1617 403 μόνον
1639 367 1688 396 οὐκ
1704 369 1813 404 ἀποπη-

1043 402 1104 432 δᾶτι
1119 400 1170 434 ’καὶ
1196 405 1333 453 ἐξάλλεσθε
1345 430 1354 445 ,
1377 408 1446 438 ἀλλὰ
1469 409 1515 439 καὶ
1539 410 1666 452 ἐνδοτέρω
1693 413 1813 452 βαδίζετε

1041 449 1205 490 πανταχόθεν
1218 452 1417 493 συντρέχοντες,
1440 455 1486 484 καὶ
1501 455 1546 485 τὸν
1565 457 1679 493 πλησίον
1703 459 1814 493 ἕκαστος

1041 494 1115 524 ὠθῶν
1127 495 1174 525 καὶ
1187 496 1284 527 θλίὸων
1291 519 1300 535 ,
1314 498 1441 540 πρότερος
1454 500 1532 535 αὐτὸς
1545 502 1680 542 ἐπείγεται
1689 505 1813 543 ἐμπηδῆ-

1041 551 1086 568 σαι
1098 540 1144 570 καὶ
1157 542 1282 581 ἐμπεσεῖν
1300 545 1338 579 εἷς
1356 544 1391 575 τὰ
1407 545 1509 576 δίκτυα.
1533 547 1586 576 Διὰ
1598 550 1676 579 τοῦτο
1687 550 1812 580 οὐδέποτε

1040 584 1117 622 κενὴν
1132 588 1319 629 ἀνεσπάσαμεν
1333 589 1382 627 τὴν
1396 592 1513 631 σαγήνην
1522 615 1531 629 ,
1553 595 1583 623 οὗ
1599 594 1642 623 διὰ
1654 595 1705 632 τὴν
1716 597 1814 635 ἡμετέ-

1040 642 1086 671 ραν
1098 632 1252 674 ἐμπειρίαν,
1271 635 1340 665 ἀλλὰ
1364 636 1408 666 διὰ
1431 637 1480 674 τὴν
1504 638 1634 680 ὑμετέραν
1658 641 1811 681 ἐπιθυμίαν.

1038 676 1147 712 Ἱκανῶς
1163 679 1211 719 μὲν
1227 675 1272 710 οὖν
1289 684 1360 721 ἡμᾶς
1373 682 1419 712 καὶ
1432 683 1525 724 πρῴην
1538 685 1668 716 εἱστίασεν
1682 689 1700 723 ἡ
1713 688 1815 727 χρυσὸν

1038 724 1147 764 δόκιμον
1160 726 1206 755 καὶ
1218 727 1333 768 καθαρὸν
1343 728 1439 769 ῥέουσα
1446 731 1609 769 γλῶττα,καὶ
1620 732 1708 772 πηγὰς
1715 733 1814 774 ἔχουσα

1039 770 1145 809 μέλιτος
1154 773 1181 801 ἐν
1188 774 1227 813 τῷ
1238 773 1361 813 στόματι,
1374 777 1391 811 ἡ
1404 778 1450 805 τοῦ
1461 776 1601 816 μακαρίου,
1607 777 1687 817 λέγω,
1694 780 1813 810 Παύλου·

1039 818 1141 855 μᾶλλον
1155 818 1183 848 δὲ
1197 820 1241 849 καὶ
1256 820 1349 860 κηρίον
1359 822 1456 856 παντὸς
1469 822 1676 863 ἀποκρύπτουσα
1686 824 1734 862 τὴν
1748 827 1814 862 ἡδο-

1036 862 1084 899 νὴν
1113 866 1147 904 τῇ
1178 867 1227 901 τῆς
1253 870 1433 905 πνευματικῆς
1460 868 1631 904 διδασκαλίας
1658 870 1813 910 γλυκύτητι.

1037 909 1148 946 Ἐπειδὴ
1170 910 1198 941 δὲ
1221 911 1290 941 κατὰ
1308 912 1358 948 τὴν
1384 913 1536 953 πρέπουσαν
1565 917 1628 954 ὑμῖν
1655 917 1812 958 φιλοσοφίαν

1036 955 1095 984 οὐδὲ
1109 955 1143 985 τὰ
1156 959 1203 986 τοῦ
1226 957 1339 994 πένητος
1360 959 1425 998 ἐμοῦ
1442 959 1488 989 καὶ
1505 961 1686 1001 πτωχεύοντος
1711 963 1812 1002 ἀτιμά-

1036 1001 1093 1033 ζετε
1104 1023 1112 1037 ,
1141 1002 1209 1032 ἀλλὰ
1232 1003 1379 1042 θαυμάζετε
1398 1004 1446 1044 μὲν
1459 1004 1494 1035 τὰ
1505 1006 1607 1043 πολλὴν
1621 1007 1716 1048 ἔχοντα
1731 1010 1811 1049 ὑπερ-

1035 1045 1101 1085 οχὴν
1111 1069 1119 1084 ,
1134 1047 1274 1087 προσίεσθε
1300 1048 1328 1078 δὲ
1346 1049 1393 1079 καὶ
1415 1050 1449 1080 τὰ
1463 1053 1511 1087 τῆς
1533 1053 1667 1093 ἡμετέρας
1679 1054 1811 1088 εὐτελείας

1036 1090 1159 1130 ῥήματα,
1172 1093 1284 1130 ἀνέστην
1298 1094 1366 1133 μετὰ
1378 1097 1525 1135 προθυμίας
1545 1098 1690 1128 ἀποδώσων
1704 1101 1766 1138 ὑμῖν
1779 1100 1810 1128 τὸ

1034 1136 1159 1177 ὄφλημα,
1173 1139 1187 1169 ὁ
1200 1139 1294 1180 πρῴην
1307 1140 1463 1181 ὓπεσχόμην
1479 1142 1526 1181 μὲν
1536 1166 1547 1180 ,
1564 1145 1594 1173 οὗ
1608 1143 1754 1174 κατέὸαλσν
1765 1145 1808 1181 δὲ,

1033 1185 1079 1212 τοῦ
1094 1183 1195 1223 μήκους
1218 1186 1268 1221 τῆς
1291 1186 1461 1222 διδασκαλίας
1474 1188 1665 1229 ἐκκρούσαντος
1677 1191 1749 1229 ἡμᾶς
1761 1193 1807 1221 τοῦ

1033 1228 1133 1263 τέλους.
1158 1231 1195 1261 Τί
1212 1226 1257 1261 οὖν
1276 1227 1309 1268 ἦν
1330 1232 1360 1262 τὸ
1383 1232 1492 1273 ὄφλημα
1505 1235 1604 1271 ἐκεῖνο;
1625 1234 1740 1275 Ἀνάγκη
1756 1235 1808 1276 γὰρ

1034 1274 1185 1312 ἀναμνῆσαι
1196 1277 1265 1314 ὑμᾶς
1276 1276 1324 1313 τὴν
1339 1276 1426 1317 ἀρχὴν
1450 1280 1496 1308 τοῦ
1517 1279 1690 1318 δανείσματος
1703 1302 1712 1317 ,
1738 1279 1808 1310 ὥστε

1033 1319 1197 1360 σαφεστέραν
1218 1323 1281 1360 ὑμῖν
1299 1321 1353 1352 ἀπὸ
1377 1324 1427 1358 τῆς
1444 1324 1593 1359 ὓποθέσεως
1616 1325 1737 1365 γενέσθαι
1759 1325 1808 1363 τὴν

1032 1364 1165 1404 ἐξήγησιν.
1178 1367 1366 1404 Ἐζητήσαμεν
1374 1368 1448 1406 τότε,
1459 1369 1530 1404 τίνος
1542 1370 1630 1400 ἕνεκεν
1639 1371 1808 1412 ἀσαφεστέρα

1032 1412 1079 1446 τῆς
1093 1413 1186 1447 καινῆς
1199 1414 1216 1448 ἡ
1231 1413 1333 1443 παλαιὰ
1345 1414 1481 1450 Διαθήκη·
1501 1415 1574 1456 τάχα
1584 1416 1636 1456 γὰρ
1650 1416 1787 1456 μέμνησθε
1799 1429 1806 1436 ·

1031 1456 1077 1485 καὶ
1091 1456 1155 1495 μίαν
1169 1457 1235 1491 τέως
1251 1458 1396 1498 εἰρήκαμεν
1410 1460 1514 1497 αἰτίαν,
1534 1461 1584 1498 τὴν
1597 1462 1739 1502 θηριωδίαν
1753 1465 1806 1492 τῶν

1031 1503 1177 1533 ἀκουόντων
1190 1525 1199 1540 ,
1225 1504 1270 1534 καὶ
1284 1504 1408 1545 μάρτυρα
1427 1506 1620 1547 παρηγάγομεν
1631 1507 1679 1537 τὸν
1698 1508 1806 1538 Παῦλον

1030 1548 1155 1587 λέγοντα,
1169 1550 1210 1579 ὅτι
1223 1550 1263 1580 Τὸ
1275 1551 1340 1581 αὐτὸ
1353 1551 1484 1591 κάλυμμα
1496 1552 1540 1582 ἐπὶ
1554 1555 1586 1593 τῇ
1597 1553 1745 1593 ἀναγνώσει
1758 1556 1806 1590 τῆς

1029 1596 1146 1629 παλαιᾶς
1156 1596 1291 1633 Διαθήκης
1306 1597 1379 1636 μένει
1393 1597 1430 1636 μὴ
1447 1599 1710 1638 ἀνακαλυπτόμενον,
1724 1599 1766 1629 ὅτι
1778 1602 1804 1629 ἐν

1029 1640 1138 1680 Χριστῶ
1150 1646 1331 1682 καταργεῖται.
1354 1643 1509 1682 Ἐδείξαμεν
1525 1643 1566 1673 ὅτι
1581 1644 1702 1686 καθάπερ
1720 1646 1805 1675 Mutii-

1028 1687 1078 1721 σῆς
1102 1698 1114 1715 ε
1126 1698 1158 1727 χε
1182 1687 1312 1727 κάλυμμα
1330 1690 1344 1717 ὁ
1367 1689 1527 1727 νομοθέτης,
1552 1689 1622 1720 οὕτω
1642 1691 1687 1720 καὶ
1700 1693 1715 1720 δ
1728 1691 1806 1731 νόμος

1027 1726 1083 1772 εἶχε
1097 1733 1241 1772 κάλυμμα,
1256 1734 1305 1770 τὴν
1323 1734 1450 1775 ἀσάφειαν
1461 1746 1468 1754 ·
1483 1736 1542 1764 ἀλλ’
1557 1735 1617 1765 οὔτε
1630 1739 1676 1766 τοῦ
1694 1737 1805 1775 νομοθέ-

1027 1788 1073 1806 του
1088 1777 1224 1818 ἔγκλημα,
1235 1779 1294 1809 οὔτε
1303 1783 1349 1809 τοῦ
1360 1780 1441 1819 νόμου
1454 1781 1601 1821 κατηγορία
1615 1781 1646 1811 τὸ
1659 1782 1805 1822 κάλυμμα,

1028 1823 1097 1852 ἀλλὰ
1114 1826 1162 1860 ἧς
1181 1824 1316 1859 ἀσθενείας
1340 1827 1393 1855 τῶν
1415 1825 1571 1856 ἀκουόντων.
1593 1826 1664 1857 Οὐδὲ
1690 1827 1742 1867 γὰρ
1769 1829 1803 1858 δι’

1029 1870 1120 1900 ἑαυτὸν
1139 1866 1197 1911 εἶχε
1223 1871 1353 1911 κάλυμμα
1375 1873 1389 1901 ὃ
1415 1873 1550 1908 Μωῦσῆς,
1576 1873 1634 1902 ἀλλ’
1649 1873 1741 1910 ἐπειδὴ
1756 1875 1804 1904 οὐκ

1027 1914 1156 1951 ἠδύναντο
1170 1918 1323 1956 ὑπενεγκεῖν
1337 1916 1387 1952 τὴν
1401 1916 1476 1951 δόξαν
1490 1921 1536 1947 τοῦ
1547 1917 1691 1958 προσώπου
1713 1920 1803 1948 αὐτοῦ.

1027 1961 1094 1991 (Ὀτε
1102 1965 1164 2001 γοῦν
1178 1962 1322 2002 ἐπέστρεφε
1333 1961 1398 2002 πρὸς
1412 1962 1510 2003 Κύριον
1519 1984 1527 1998 ,
1539 1968 1693 2004 περιῃρεῖτο
1712 1964 1743 1994 τὸ
1755 1965 1804 1994 κά-

1026 2008 1130 2046 λυμμα.
1144 2007 1225 2037 Οὕτω
1235 2008 1281 2037 καὶ
1294 2011 1309 2037 ὁ
1323 2008 1411 2047 νόμος,
1422 2008 1481 2038 ἐπεὶ
1502 2009 1606 2038 οὐδέπω
1622 2009 1737 2046 ἠδύνατο
1748 2022 1801 2050 μα-

1026 2055 1079 2082 θεῖν
1093 2052 1127 2082 τὰ
1139 2051 1228 2082 τέλεια
1239 2053 1390 2093 διδάγματα
1403 2053 1449 2083 καὶ
1462 2054 1616 2094 φιλοσοφίας
1626 2055 1755 2095 γέμοντα,
1767 2056 1804 2085 τά

1024 2110 1054 2127 τε
1063 2098 1125 2139 περὶ
1139 2099 1255 2139 Χριστοῦ
1264 2099 1310 2129 καὶ
1323 2101 1371 2135 τῆς
1381 2101 1473 2135 καινῆς
1481 2100 1617 2138 Διαθήκης
1631 2102 1736 2139 (πάντα
1749 2101 1802 2142 γὰρ

1026 2146 1113 2174 ἐκεῖνα
1125 2145 1279 2174 ἐναπέκειτο
1289 2167 1298 2182 ,
1312 2145 1432 2186 καθάπερ
1446 2147 1473 2175 ἐν
1495 2148 1619 2187 θησαυρῷ
1629 2169 1638 2183 ,
1652 2149 1686 2187 τῇ
1698 2149 1802 2188 παλαιᾷ

1026 2191 1154 2231 Γραφῇ),
1170 2191 1300 2230 κάλυμμα
1313 2186 1384 2232 εἶχεν
1394 2215 1403 2228 ,
1425 2191 1533 2225 ἐκείνοις
1547 2192 1595 2231 μὲν
1616 2194 1801 2231 συγκαταὸαί-

1024 2249 1085 2273 νων,
1098 2239 1163 2276 ἡμῖν
1173 2236 1201 2266 δὲ
1210 2239 1297 2276 ἰ-ηρῶν
1309 2237 1354 2266 τὸν
1365 2238 1479 2267 πλοῦτον
1491 2238 1606 2274 ἅπαντα,
1618 2238 1663 2274 ἵν’,
1670 2240 1732 2269 ὁπ’ταν
1744 2252 1800 2269 πα-

1026 2282 1167 2323 ραγένηται
1177 2285 1191 2312 ὁ
1204 2282 1332 2323 Χριστὸς,
1354 2283 1399 2313 καὶ
1410 2283 1612 2324 ἐπιστρέψωμεν
1625 2285 1690 2325 πρὸς
1704 2286 1782 2315 αὐτὸν
1791 2309 1800 2323 ,

1024 2331 1178 2369 περιαιρεθῇ
1197 2329 1228 2359 τὸ
1249 2329 1389 2368 κάλυμμα.
1408 2329 1508 2370 “Ορᾶτε
1516 2331 1602 2370 τοίνυν
1610 2333 1647 2364 εἷς
1653 2330 1718 2367 ὅσην
1729 2334 1801 2371 ἡμᾶς

1024 2374 1098 2409 ἀξίαν
1112 2374 1210 2414 ἤγαγεν
1225 2377 1242 2411 ἡ
1255 2377 1301 2404 τοῦ
1317 2376 1434 2415 Χριστοῦ
1447 2375 1581 2416 παρουσία
1590 2399 1599 2414 ,
1619 2378 1655 2410 εἶς
1666 2376 1715 2413 τὴν
1726 2377 1799 2411 τάξιν

1024 2421 1158 2460 ἀνοίγουσα
1172 2421 1319 2455 Μωῦσέως.
1336 2423 1406 2451 Ἀλλ’
1422 2422 1486 2456 ἴσως
1507 2423 1562 2463 ἐρεῖ
1587 2434 1644 2456 τις·
1669 2423 1715 2452 καὶ
1731 2424 1801 2458 τίνος

1023 2466 1110 2496 ἕνεκεν
1125 2466 1231 2506 ἐλέγετο
1240 2467 1316 2504 τότε,
1333 2469 1356 2496 εἷ
1370 2467 1407 2506 μὴ
1421 2467 1531 2507 ἔμελλεν
1545 2469 1633 2502 αὐτοῖς
1646 2471 1718 2509 σαφῆ
1731 2465 1800 2499 εἶναι

1024 2515 1057 2544 τὰ
1071 2515 1218 2555 λεγόμενα;
1232 2515 1291 2545 Ἵνα
1303 2520 1357 2549 τοῖς
1372 2516 1440 2555 μετὰ
1452 2518 1537 2546 ταῦτα
1548 2515 1657 2555 γένηται
1668 2517 1798 2557 χρήσιμα.

1024 2565 1191 2605 Προφητείας
1209 2565 1262 2604 γὰρ
1284 2565 1388 2604 ἀξίωμα
1407 2565 1484 2595 τοῦτό
1508 2567 1594 2600 ἐστιν,
1620 2568 1669 2606 οὐχ
1687 2567 1749 2596 ὅταν
1763 2568 1797 2597 τὰ

1023 2616 1142 2655 παρόντα
1164 2615 1313 2654 ἀπαγγείλῃ
1333 2615 1479 2655 πράγματα
1492 2637 1500 2651 ,
1527 2617 1585 2662 ἀλλ’
1609 2617 1671 2646 ὅταν
1685 2618 1719 2647 τὰ
1734 2618 1797 2657 μέλ-
