1890 2826
695 223 726 244 IN
756 221 888 252 tSAIAM,
918 221 994 244 CAP.
1025 221 1084 244 vu.

106 291 191 327 ἐμάνη
204 289 309 327 μανίαν,
321 286 367 316 καὶ
381 284 507 324 δαμάλεις
523 284 618 319 ἔστησε
632 288 747 323 χρυσᾶς,
762 282 843 312 ἐλθὼν
859 284 872 311 ὁ

105 333 241 374 προφήτης
254 332 288 362 τά
300 344 329 362 τε
341 332 471 371 μέλλοντα
484 329 697 371 προανεφώνησε,
706 328 752 358 καὶ
763 333 873 367 σημεῖον

106 378 199 413 εὐθέως
221 378 325 409 ἔδωκεν.
345 378 406 407 Ἵνα
425 376 476 417 γὰρ
497 375 589 415 μηδεὶς
611 376 710 411 ἀπιστῇ
730 379 785 408 τοῖς
807 373 874 413 μετὰ

105 425 243 466 τριακόσια
255 423 466 464 συμὸησομένοις
481 422 527 459 ἔτη
535 443 543 458 ,
553 421 598 451 τὸν
611 420 700 461 βωμὸν
710 420 801 461 ἔρῤηξε
809 442 817 456 ,
830 420 875 450 καὶ

104 471 152 508 τὴν
165 471 281 507 πιότητα
294 470 389 511 ἐξέχεε,
402 469 448 500 καὶ
461 468 510 505 τὴν
520 472 598 509 χεῖρα
611 470 656 497 τοῦ
671 467 801 507 βασιλέως
817 466 875 502 ἐξή-

107 529 193 557 ρανεν,
201 517 254 547 ἀπὸ
260 518 312 546 τῶν
322 517 374 557 πρὸ
383 517 435 545 τῶν
446 515 587 555 ὀφθαλμῶν
594 513 737 554 γινομένων
748 514 800 542 τῶν
808 512 876 552 μετὰ

106 563 188 593 πολὺν
202 563 296 604 χρόνον
310 561 518 602 συμὸησομένων
537 561 608 600 σαφῆ
630 559 811 599 παρεχόμενος
827 560 875 595 τὴν

69 612 72 615 ’
107 607 506 643 ἂπόδειξιν.Καὶπολλὰτοιαῧτα
513 606 608 639 ἶδοιτις
617 605 649 635 ἃν
658 605 704 635 καὶ
713 606 740 634 ἐν
749 607 782 645 τῇ
790 606 876 644 Καινῇ

107 655 152 685 καὶ
158 656 185 684 ἐν
191 657 224 695 τῇ
230 655 339 695 Παλαιᾷ
348 653 482 694 γινόμενα,
488 655 533 682 τοῦ
541 653 611 682 Θεοῦ
623 651 752 692 διαφόρως
758 651 806 687 τὴν
812 653 878 690 ἠμε-

106 700 185 742 τίραν
196 703 391 740 οἷκονομοῦντος
404 698 546 739 σωτηρίαν.
556 697 594 727 Ὃ
611 696 643 733 δὴ
655 697 701 727 καὶ
712 699 822 726 ἐνταῦθα
833 695 877 735 γέ-

106 758 168 787 γονε
178 770 185 781 ,
203 747 249 776 καὶ
267 746 335 786 μετὰ
347 745 466 778 πλείονος
484 746 533 779 τῆς
551 742 702 783 περιουσίας
715 754 722 760 ·
736 743 765 771 οὔ
779 741 830 781 γὰρ
845 741 876 776 δὴ

108 797 219 832 σημεῖον
237 793 315 832 μόνον
326 814 334 828 ,
356 791 424 821 ἀλλὰ
446 790 492 821 καὶ
512 788 673 830 προφητείαν
686 790 752 827 ὁμοῦ
767 786 812 816 καὶ
825 798 878 823 ση-

109 843 182 877 μεῖον
195 837 358 872 συνέπλεξεν.
373 837 442 867 Ἀλλ’
463 835 532 865 ὥστε
548 834 699 874 σαφέστερα
710 833 837 872 γενέσθαι
844 831 878 861 τὰ

107 884 238 924 λεγόμενα
247 906 256 921 ,
270 884 352 921 αὐτὴν
374 882 442 922 μετὰ
461 881 596 922 ἄκριὸείας
610 879 658 916 τὴν
673 879 790 920 ἱστορίαν
804 877 878 908 διέλ-

109 933 205 969 θωμεν.
219 931 273 960 Καὶ
291 929 393 970 ἐγένετο
406 931 433 958 ἐν
447 932 504 962 ταῖς
519 927 631 967 ἡμέραις
644 925 728 966 Ἄχαζ
738 928 784 955 τοῦ
799 924 878 954 Ἰωα-

109 977 156 1007 Ob
165 980 210 1006 τοῦ
225 976 314 1011 Ὀζίου
330 975 459 1016 βασιλέως
473 974 574 1009 Ἰούδα,
587 973 669 1008 ἀνέὸη
682 974 698 988 *
709 972 819 1010 Ῥασὴμ
831 974 878 1011 βα-

109 1022 196 1056 σιλεὺς
218 1022 303 1063 Ἀρὰμ
312 1044 320 1058 ,
345 1021 390 1052 καὶ
409 1020 500 1054 Φακὲς
521 1020 574 1053 υἱὸς
593 1018 739 1057 Ῥωμελίου
757 1017 879 1057 βασιλεὺς

110 1069 220 1110 Ἰσραὴλ
234 1069 279 1098 ἐπὶ
292 1067 485 1109 Ἰερουσαλὴμ,
495 1067 648 1104 πολεμῆσαι
664 1063 758 1100 αὐτὴν,
773 1063 818 1092 καὶ
832 1063 880 1092 οὐκ

110 1115 276 1152 ἠδυνήθησαν
288 1115 464 1154 πολιορκῆσαι
476 1111 567 1147 αὐτήν.
581 1110 634 1140 Καὶ
644 1109 776 1149 ἀνηγγέλη
789 1110 826 1141 εἷς
835 1108 880 1137 τὸν

111 1156 182 1191 οἶκον
204 1161 298 1198 Δαυὶδ,
320 1159 490 1198 “λεγόντων·
514 1156 695 1197 συνεφώνησεν
713 1154 796 1194 Ἀρὰμ
815 1154 881 1193 πρὸς
913 1156 916 1158 ’

111 1207 156 1237 τὸν
175 1206 303 1247 Ἐφραίμ.
320 1205 401 1235 Ἔστι
425 1204 474 1244 μὲν
495 1203 596 1243 ἱστορία
619 1202 653 1231 τὰ
672 1200 815 1240 εἰρημένα,
836 1199 882 1229 καὶ

112 1252 276 1293 πραγμάτων
294 1251 426 1291 διήγησις·
440 1251 499 1280 ἀλλ’
512 1251 527 1279 ὁ
541 1252 599 1278 νοῦν
611 1248 691 1288 ἔχων,
704 1247 749 1276 καὶ
761 1246 804 1280 ὀξὺ
820 1245 882 1285 βλέ-

112 1311 179 1335 πων,
200 1298 268 1328 πολὺ
288 1297 333 1327 καὶ
349 1298 463 1326 ἐντεῦθεν
478 1294 648 1334 καρπώσεται
664 1293 693 1323 τὸ
706 1291 814 1332 κέρδος,
835 1293 881 1320 τοῦ

113 1346 184 1375 Θεοῦ
197 1344 245 1381 τὴν
259 1342 359 1380 πολλὴν
374 1341 475 1382 σοφίαν,
487 1340 532 1372 καὶ
542 1340 591 1376 τὴν
602 1338 669 1379 ὓπὲρ
680 1341 733 1367 τῶν
749 1337 882 1367 Ἰουδαίων

113 1390 272 1430 κηδεμονίαν
284 1387 503 1428 καταμανθάνων.
521 1385 592 1415 Οὔτε
612 1385 664 1425 γὰρ
688 1386 717 1413 ἐκ
737 1382 882 1424 προοιμίων

114 1436 159 1466 τὸν
173 1435 288 1475 πόλεμον
311 1433 474 1475 ἀνεχαίτισεν
484 1455 492 1468 ,
508 1432 567 1462 οὔτε
590 1430 733 1460 ἐπελθόντα
751 1431 883 1469 κρατῆσαι

114 1483 161 1517 τῆς
182 1480 283 1514 πόλεως
304 1479 507 1520 συνεχώρησεν,
522 1477 590 1507 ἀλλὰ
606 1477 654 1513 τὴν
677 1475 788 1511 ἀπειλὴν
810 1474 883 1515 ἀφεὶς

114 1527 234 1568 γενέσθαι
246 1526 295 1563 ἰ-λν
307 1526 350 1556 διὰ
363 1528 415 1555 τῶν
427 1525 564 1565 ῥημάτων,
578 1523 626 1560 τὴν
639 1527 732 1563 πεῖραν
743 1522 883 1557 ἐκώλυσεν,

115 1576 180 1613 ὁμοῦ
193 1573 240 1613 μὲν
255 1572 367 1606 ἐκείνους
378 1571 527 1612 ἀφυπνίζων
539 1570 584 1599 καὶ
598 1571 646 1605 τῆς
659 1568 786 1609 ῥᾳθυμίας
798 1568 884 1596 ἀπαλ-

115 1619 228 1656 λάττων,
248 1620 314 1657 ὁμοῦ
334 1618 361 1648 δὲ
377 1617 426 1653 τὴν
449 1618 541 1646 ἑαυτοῦ
555 1615 664 1654 δύναμιν
676 1614 885 1653 ἐνδεικνύμενος,

117 1664 158 1694 ὅτι
171 1664 278 1694 δυνατὸν
291 1665 363 1704 αὐτῷ
377 1663 421 1693 καὶΙ
436 1662 500 1702 πρὸς
515 1661 578 1691 αὖτὸ
597 1663 649 1690 τῶν
663 1662 753 1690 δεινῶν
766 1660 796 1689 τὸ
811 1659 885 1693 τέλος

117 1709 258 1747 ἐλθόντων,
277 1709 367 1749 ὥσπερ
380 1708 440 1738 οὐδὲ
459 1707 545 1747 ἀρχὴν
560 1706 703 1746 εἰληφότων
714 1728 722 1742 ,
743 1705 812 1734 οὕτω
826 1705 886 1738 τοὺς

118 1755 296 1795 ἐμπίπτοντας
329 1753 465 1794 ἀκεραίους
492 1753 658 1792 διατηρῆσαι.
684 1750 723 1780 ⁶0
749 1751 885 1789 πολλαχοῦ

118 1805 244 1832 ποιοῦντα
258 1800 334 1830 αὐτόν
349 1801 420 1830 ἐστιν
435 1800 497 1828 ἰδεῖν
507 1810 514 1816 ·
528 1794 580 1827 οἷον
595 1797 639 1826 ἐπὶ
650 1799 698 1832 τ’ῆς
711 1796 822 1834 καμίνου
839 1798 887 1831 τῆς

119 1846 289 1880 Βαθυλωνίας
297 1868 306 1882 ,
327 1845 371 1875 ἐπὶ
392 1847 436 1874 τοῦ
459 1843 558 1873 λάκκου
578 1845 630 1872 τῶν
642 1842 754 1871 λεόντων
765 1863 773 1877 ,
787 1841 831 1870 καὶ
846 1843 885 1882 ἐφ’

119 1893 214 1933 ἑτέρων
228 1891 328 1932 μυρίων
339 1890 513 1931 πραγμάτων.
530 1889 582 1918 Καὶ
593 1889 643 1928 γὰρ
658 1884 735 1924 ἦλθον
750 1883 830 1925 οὗτοι,
842 1887 887 1916 καὶ

118 1938 329 1978 ἐπολιόρκησαν,
351 1937 396 1967 καὶ
417 1937 469 1965 τῶν
491 1937 587 1975 τειχῶν
610 1934 755 1974 ἁψάμενοι,
779 1933 824 1962 καὶ
840 1933 887 1969 τὴν

120 1985 235 2014 διάνοιαν
249 1985 301 2013 τῶν
319 1983 389 2012 ἔνδον
412 1979 552 2012 οἰκούντων
573 1979 792 2017 κατασείσαντες,
815 1978 888 2008 οὐδὲν

121 2031 232 2071 ἴσχυσαν
245 2029 402 2070 περαιτέρω.

159 2077 239 2107 Ἔστι
253 2076 280 2106 δὲ
293 2077 432 2105 κάντεῦθεν
452 2075 514 2104 ἰδεῖν
528 2075 580 2103 τῶν
595 2072 659 2103 δέκα
672 2074 760 2113 φυλῶν
774 2071 822 2109 τὴν
835 2084 890 2100 πα-

123 2122 259 2163 ρανομίαν,
281 2121 321 2151 ὅτι
341 2123 370 2151 οὗ
393 2120 470 2161 μόνον
494 2119 621 2160 ἐμφύλιον
643 2118 743 2148 εἴλοντο
765 2118 890 2157 πόλεμον,

123 2169 176 2199 οὐδ’
187 2169 228 2199 ὅτι
244 2169 310 2208 πρὸς
322 2166 382 2201 τοὺς
397 2165 523 2207 ἀδελφοὺς
536 2165 707 2201 ἐστασίασαν,
722 2166 780 2194 ἀλλ’
793 2165 833 2194 ὅτι
847 2165 891 2193 καὶ

125 2214 278 2254 ἀλλοφύλοις
295 2214 339 2244 καὶ
354 2213 520 2252 ἀλλογενέσιν
535 2211 640 2245 ἑαυτοὺς
661 2213 790 2251 συνῆψαν,
805 2210 849 2240 καὶ
868 2212 892 2240 οἱ

126 2258 194 2298 μηδὲ
205 2259 294 2293 ἁπλῶς
304 2263 434 2288 κοινωνεῖν
446 2259 533 2291 αὐτοῖς
548 2257 735 2297 ἐπιτραπέντες
746 2280 755 2292 ,
769 2256 814 2285 καὶ
829 2267 893 2295 συμ-

126 2303 227 2344 μάχους
246 2303 364 2341 ἐκάλουν,
381 2304 425 2333 καὶ
446 2304 670 2344 συνεφροίττοντο,
688 2302 732 2332 καὶ
754 2302 823 2331 κατὰ
846 2305 894 2339 τῆς

124 2350 225 2383 πόλεως
245 2346 362 2380 ἵσταντο.
383 2349 437 2380 Τὸν
460 2350 511 2391 γὰρ
533 2350 633 2385 Ῥασὴν
661 2348 807 2388 ἀλλόφυλον
831 2348 893 2378 ὄντα

126 2396 195 2426 κατὰ
208 2398 254 2432 τῆς
266 2394 452 2435 μητροπόλεως
461 2396 574 2436 ἤγειρον.
589 2395 642 2425 Καὶ
654 2390 686 2430 ἧν
699 2394 732 2424 τὰ
746 2396 794 2429 τῆς
806 2394 895 2434 μάχης

127 2441 263 2481 ἀνώμαλα.
275 2441 355 2480 Παρὰ
368 2441 414 2480 μὲν
428 2441 479 2481 γὰρ
491 2441 598 2475 ἐκείνοις
611 2442 711 2475 πλῆθος
723 2440 840 2479 ἄπειρον,
849 2441 894 2470 καὶ

128 2487 230 2522 πόλεις,
252 2486 298 2516 καὶ
321 2485 381 2521 ἔθνη
394 2507 402 2520 ,
426 2486 471 2515 καὶ
490 2487 587 2525 δῆμοι·
612 2487 723 2514 ἐνταῦθα
747 2485 774 2514 δὲ
795 2485 894 2515 τούτων

129 2533 211 2569 οὐδὲν,
227 2532 294 2562 ἀλλὰ
310 2532 386 2564 πόλις
401 2532 448 2570 μία
462 2535 479 2567 ἡ
495 2532 671 2571 μητρόπολις,
691 2531 759 2561 ὥστε
774 2533 804 2561 ἐκ
817 2544 894 2572 περι-

164 2611 175 2624 “
194 2610 273 2645 [nihi.
285 2617 310 2636 et
322 2619 375 2636 var.
386 2610 443 2636 lect.
456 2611 480 2634 in
490 2618 569 2643 marg.
580 2610 656 2635 Savil.
667 2608 752 2644 ravim]

908 2168 926 2190 D

1626 210 1670 257 37

924 283 1020 319 erexit,
1035 283 1145 312 veniens
1166 283 1295 323 propheta
1317 282 1407 312 futura
1429 282 1630 322 praeuuntiavit‚
1645 289 1671 312 et

926 327 1034 367 signum
1055 328 1145 357 statim
1168 328 1254 358 dedit.
1275 329 1316 358 Ne
1338 327 1399 367 quis
1420 328 1492 358 enim
1514 329 1595 359 fidem
1615 339 1667 359 non

926 373 1036 403 haberet
1051 374 1100 412 iis,
1120 385 1179 413 quae
1203 381 1264 415 post
1285 381 1415 404 trecentos
1434 385 1517 404 anuos
1539 383 1669 406 eventura

928 427 1016 458 eraut,
1035 431 1109 450 aram
1133 422 1228 461 fregit,
1243 429 1269 451 et
1287 421 1394 463 adipem
1419 421 1532 459 effudit,
1547 423 1671 462 regisque

928 477 1038 496 manum
1051 467 1170 505 arefecit,
1185 467 1276 504 exiis,
1290 478 1349 507 quae
1370 474 1431 497 ante
1454 468 1546 497 oculos
1565 469 1671 498 evenie-

928 512 1002 548 bant,
1015 523 1108 542 eorum
1116 524 1175 552 quae
1187 521 1248 553 post
1266 514 1383 543 multum
1403 514 1532 554 temporis
1543 522 1672 544 eventura

928 566 1005 588 erant
1018 560 1187 600 conspicuam
1199 561 1319 601 praebens
1330 560 1673 599 demonstrationem.Mul-

930 611 1008 644 taque
1018 605 1176 646 hujusmodi
1190 606 1283 637 videre
1293 613 1332 636 est
1344 607 1373 636 in
1386 608 1465 637 Novo
1473 614 1500 636 et
1511 607 1605 638 Veteri
1619 609 1672 637 Te-

929 658 1069 689 stamento,
1085 654 1142 683 Deo
1157 653 1272 683 diversis
1291 653 1379 683 modis
1397 653 1479 683 saluti
1498 661 1593 683 nostrae
1607 665 1671 694 pro-

929 697 1066 738 spiciente.
1079 698 1112 728 Id
1131 699 1206 738 quod
1231 699 1310 729 etiam
1331 699 1377 729 hic
1402 699 1514 737 accidit,
1527 706 1553 729 et
1579 700 1673 740 utique

930 754 992 773 cum
1005 744 1100 784 majori
1114 744 1190 785 copia
1205 757 1211 774 z
1224 755 1278 774 non
1301 745 1408 785 signum
1421 746 1494 775 enim
1507 745 1589 775 modo
1602 769 1609 782 ,
1625 746 1670 775 sed

929 790 1099 830 prophetiam
1124 801 1186 820 cum
1204 791 1281 831 signo
1305 792 1458 821 connexuit.
1480 792 1584 822 Verum
1603 799 1673 821 ntea

929 847 989 875 quae
1002 836 1124 866 diximus
1145 837 1258 867 clariora
1283 838 1414 873 evadant,
1426 838 1511 878 ipsam
1534 838 1675 868 historiam

930 891 1052 913 accurate
1064 895 1268 924 prosequamur.
1289 888 1317 914 1.
1332 886 1501 926 Etfactum
1510 894 1551 915 est
1565 888 1597 914 in
1609 886 1673 915 die-

931 931 985 959 bus
993 931 1101 960 Achaz
1110 931 1169 970 filii
1192 931 1327 961 Joathan
1338 932 1397 969 filii
1407 933 1485 961 0z1'oe
1494 934 1569 972 regis
1578 934 1601 962 J
1601 933 1672 967 uda,

930 977 1062 1005 ascendit
1072 977 1164 1006 Rasin
1173 987 1224 1006 rex
1236 977 1344 1012 Aram,
1358 984 1386 1006 et
1395 978 1600 1017 Phacesfilius
1614 980 1673 1008 Ro-

931 1022 1024 1051 melioe
1031 1033 1082 1051 rex
1093 1024 1187 1052 lsrae'l
1202 1025 1234 1052 in
1245 1024 1422 1059 Jerusalem,
1431 1030 1463 1052 ut
1475 1033 1676 1064 oppugnarent

931 1076 1006 1102 eam,
1019 1076 1072 1094 nec
1086 1069 1244 1106 potuer-'unt
1262 1078 1439 1107 expugnare.
1452 1070 1480 1097 2.
1495 1069 1536 1097 Et
1556 1079 1673 1098 annun-

932 1115 1034 1142 tiatum
1045 1120 1087 1142 est
1099 1114 1130 1142 in
1149 1114 1234 1142 domn
1253 1114 1353 1143 David
1363 1124 1383 1143 a
1396 1115 1559 1144 dicentibus
1572 1127 1583 1144 .·
1601 1116 1675 1145 Con-

932 1162 1022 1189 sensit
1034 1161 1133 1189 Arum
1145 1170 1210 1188 cum
1230 1161 1383 1200 Ephraim.
1395 1162 1459 1191 Haec
1474 1161 1586 1191 historia
1600 1169 1673 1199 sunt,

933 1217 1076 1247 rerumque
1092 1213 1226 1245 gestarum
1237 1208 1370 1237 narratio:
1379 1207 1424 1236 sed
1436 1207 1484 1246 qui
1496 1215 1583 1238 mente
1591 1209 1675 1245 valet,

933 1259 959 1281 et
971 1259 1048 1282 acute
1066 1252 1157 1286 videt,
1178 1252 1294 1281 multum
1320 1253 1383 1282 hinc
1409 1252 1479 1283 lucri
1499 1254 1605 1291 referet,
1625 1255 1677 1284 Dei

935 1308 1058 1338 magnam
1068 1297 1236 1338 sapientiam,
1246 1308 1347 1328 necnon
1359 1300 1416 1339 ejus
1427 1310 1490 1339 erga
1500 1301 1518 1330 J
1521 1299 1610 1330 udaeos
1617 1311 1677 1340 pro-

934 1343 1081 1373 videntiam
1103 1343 1234 1373 ediscens.
1250 1345 1343 1384 Neque
1356 1346 1429 1375 enim
1442 1357 1458 1375 a
1472 1346 1606 1386 principio
1619 1346 1678 1375 bel-

935 1390 992 1419 lum
1006 1390 1147 1431 repressit,
1159 1401 1246 1430 neque
1266 1390 1324 1431 ipso
1345 1392 1485 1432 ingruente
1507 1394 1602 1422 urbem
1617 1394 1677 1433 capi

936 1437 1069 1477 permisit,
1083 1437 1130 1467 sed
1142 1437 1226 1467 verbo
1237 1444 1315 1468 tenus
1328 1445 1431 1469 tantum
1443 1440 1678 1469 comminationem

938 1483 994 1512 fieri
1009 1483 1115 1521 sinens,
1131 1484 1189 1524 ejus
1205 1483 1417 1523 experimentum
1438 1486 1580 1525 prohibuit
1590 1509 1598 1525 ,
1615 1486 1678 1516 illos

939 1540 990 1559 una
1004 1530 1228 1570 expergefaciens,
1239 1537 1291 1559 eta
1303 1531 1423 1561 socordia
1435 1532 1575 1570 reducens,
1590 1544 1679 1563 suam-

937 1587 989 1616 que
1004 1577 1148 1617 potentiam
1167 1576 1351 1607 demonstrans
1365 1590 1371 1606 :
1388 1578 1462 1617 quod
1483 1579 1610 1609 videlicet
1622 1580 1679 1619 ipse

938 1621 1030 1662 possit,
1042 1621 1122 1650 etiam
1134 1632 1195 1651 cum
1201 1632 1243 1650 res
1256 1621 1291 1650 ad
1302 1629 1450 1652 extremum
1464 1623 1545 1652 finem
1557 1623 1678 1653 deductae

938 1667 1075 1704 videntur,
1087 1666 1164 1706 quasi
1177 1666 1298 1696 nondum
1307 1667 1458 1707 coepissent,
1469 1669 1506 1698 sic
1519 1669 1546 1698 in
1560 1669 1681 1709 periculo

938 1719 1072 1743 versantes
1080 1712 1178 1741 illaesos
1191 1722 1306 1741 servare.
1319 1713 1398 1750 Quod
1412 1713 1500 1753 ipsum
1512 1726 1581 1754 saepe
1589 1715 1682 1744 fecisse

938 1758 1031 1788 videre
1046 1764 1096 1794 est,
1109 1764 1138 1786 ut
1148 1757 1225 1787 verbi
1243 1758 1328 1797 gratia
1342 1758 1370 1787 in
1381 1760 1487 1789 fornace
1503 1761 1678 1800 Babylonica,

940 1805 967 1833 in
982 1805 1042 1833 lacu
1054 1804 1172 1839 leonum,
1187 1810 1213 1833 et
1226 1804 1254 1833 in
1265 1804 1326 1833 aliis
1344 1805 1474 1834 sexcentis
1495 1806 1611 1836 casibus.
1631 1808 1682 1836 Et-

940 1851 1010 1880 enim
1022 1850 1052 1879 hi
1064 1857 1204 1886 venerunt,
1228 1849 1400 1886 obsederunt,
1415 1857 1441 1880 et
1452 1862 1544 1881 muros
1559 1852 1682 1881 adorien-

941 1904 996 1933 tes,
1009 1896 1231 1934 obsessorumque
1247 1895 1350 1925 animos
1369 1897 1622 1936 perterrefacientcs,
1641 1899 1683 1927 ni-

941 1943 981 1973 hil
991 1942 1061 1972 ultra
1073 1942 1159 1971 facere
1171 1948 1329 1982 potuerunt.

983 2071 1014 2099 2.
1028 2069 1097 2099 Hinc
1113 2075 1202 2098 autem
1216 2069 1365 2109 perspicere
1386 2069 1447 2099 licet
1460 2070 1551 2100 decem
1565 2071 1686 2101 tribuum

944 2116 1109 2156 iniquitatem
1119 2138 1127 2152 ,
1153 2115 1227 2154 quod
1252 2126 1304 2145 non
1330 2115 1411 2145 modo
1437 2116 1517 2146 civile
1540 2117 1689 2157 inceperint

943 2164 1057 2198 bellum,
1070 2173 1154 2201 neque
1168 2161 1247 2191 modo
1257 2169 1349 2191 contra
1359 2163 1452 2192 fratres
1461 2173 1533 2192 arma
1544 2163 1687 2200 moverint,

944 2208 992 2238 sed
1010 2209 1090 2238 etiam
1110 2208 1265 2248 alienigenis
1289 2208 1439 2247 exterisque
1461 2209 1584 2248 gentibus
1597 2219 1625 2238 sc
1639 2209 1688 2238 ad-

942 2255 1094 2295 junxerint,
1112 2261 1137 2283 et
1155 2264 1210 2291 eos,
1232 2253 1394 2292 quibuscum
1417 2254 1569 2284 societatem
1591 2255 1690 2284 habere

946 2301 1012 2342 ipsis
1025 2312 1078 2331 non
1092 2301 1200 2337 licebat,
1214 2301 1293 2329 etiam
1316 2301 1511 2330 commilitones
1524 2301 1689 2336 vocaverint,

947 2360 1008 2379 cum
1021 2349 1106 2386 iisque
1128 2346 1303 2376 castrametati
1322 2346 1450 2384 adversus
1467 2347 1600 2376 civitatem
1608 2354 1691 2376 stete—

947 2395 1011 2424 rint.
1027 2394 1135 2424 Etenim
1145 2394 1228 2422 Rasin
1248 2392 1424 2432 alienigenam
1443 2392 1571 2421 adversus
1592 2399 1693 2421 metro-

949 2441 1034 2480 polim
1045 2450 1121 2469 suam
1134 2438 1295 2468 excitarunt.
1310 2439 1427 2476 Eratque
1436 2438 1462 2466 in
1474 2437 1566 2477 praelio
1576 2437 1692 2476 partium

950 2485 1125 2525 inaequalitas.
1143 2484 1225 2524 Apud
1250 2484 1311 2513 illos
1337 2484 1408 2513 enim
1430 2482 1576 2512 multitudo
1592 2483 1694 2512 infinita

950 2539 1017 2569 erat,
1031 2539 1057 2560 et
1069 2531 1159 2564 urbes,
1173 2537 1198 2559 ct
1222 2536 1311 2569 gentes
1324 2536 1350 2558 et
1363 2529 1474 2568 populi;
1487 2528 1532 2557 hic
1548 2535 1636 2557 autem
1652 2529 1693 2557 ni-

968 2619 978 2629 1·
997 2611 1027 2635 In
1038 2608 1123 2641 Bibliis
1138 2608 1227 2640 legitur
1239 2611 1314 2640 λέγων,

1517 2650 1542 2667 Η.
