1904 2840
739 171 770 194 ΙΝ
798 169 919 194 JosEPu
946 170 1068 194 sssualo.

118 233 228 271 η’ἥμα,
243 229 280 271 μὴ
293 230 324 260 ’τὸ
337 231 427 270 βῆμα,
441 229 478 269 μὴ
490 233 506 266 ἡ
518 230 652 269 ἀκοὴ,·μῆ
665 233 682 259 f
693 232 806 267 θωπεία,
819 232 856 271 μὴ
868 234 885 267 ἡ

118 270 244 300 κολακεία
255 269 401 309 ἐκνευρώσῃ
416 271 461 299 τὸν
474 269 531 299 νέον
539 281 551 288 ·’
562 270 648 306 πολλὴ
668 250 700 307 ηίν
721 271 824 320 φροντὶς
834 276 887 304 τοῖς

118 309 253 349 ἀγγέλοις,
276 310 363 346 πολλὴ
385 311 402 345 ἡ
422 309 497 343 ἐλπὶς
510 312 562 339 τῶν
577 310 718 349 δαιμόνων.
747 312 772 341 O
788 310 887 351 Ἰωσὴφ

117 348 179 389 περὶ
196 349 324 389 στεφάνου
335 349 493 389 ἠγωνίζετο,
507 351 524 385 ἡ
539 349 674 389 Αἰγυπτία
685 350 747 390 περὶ
759 350 887 390 αἰσχύνης

116 389 169 458 ἐμά
190 401 249 419 ετο·
265 392 280 418 ὁ
293 388 342 428 μὲν
362 388 424 429 περὶ
438 391 521 426 (offic,
543 391 561 425 ἡ
583 389 610 418 δὲ
624 389 685 429 περὶ
698 390 819 420 θανάτου.
834 390 887 419 Καὶ

115 440 132 457 ο
143 440 160 457 α

117 469 187 505 λαῖς,
199 467 233 498 τὰ
243 467 273 497 δὲ
286 470 313 498 ἐν
324 468 474 501 κολακείαις
483 481 489 487 ·
502 473 559 502 ταῖς
573 468 621 507 μὲν
636 470 757 502 ἀπειλαῖς
769 472 886 499 πτοοῦσα

115 508 161 538 τὸν
170 509 241 544 νέον,
255 512 314 541 ταῖς
326 507 355 537 δὲ
367 507 679 547 κολακείαιςμαγεύσυσα
687 520 694 527 ·
708 509 754 538 καὶ
765 513 823 542 ταῖς
837 508 886 548 μὲν

116 549 237 581 ἄπειλαῖς
256 548 385 587 λέγουσα·
405 547 529 578 δέσποινά
543 548 589 578 σού
609 550 681 587 εἶμι,
703 548 886 589 ἄργυρώνητός

179 587 301 627 γέγονας·
314 587 413 623 ταύτης
422 588 499 617 ἕνεκα
511 590 560 623 τῆς
571 588 663 628 χρείας
677 599 722 627 μοι
734 588 884 628 πέπρασαι·

115 626 166 656 κᾶν
185 627 326 667 ἀντείπῃς,
345 627 430 666 δεσμὰ
448 627 494 656 καὶ
507 627 622 667 φυλακαί
648 639 678 658 σε
703 631 822 667 μενοῦσι,
839 628 885 658 καὶ

116 667 185 705 μετὰ
198 669 283 696 ταῦτα
307 667 486 707 ἀπαραίτητος
507 667 631 701 θάνατος·
652 667 697 697 ἐὰν
711 668 740 697 δὲ
757 671 867 708 πεισθῇς
877 692 885 705 ,

114 707 202 776 {22²2ss
209 706 254 782 '2²2¹
262 707 322 786 ⁸⁰23ss
346 706 885 783 ffi‘ffigssffffifflssgssfflffff

115 797 180 825 χον;
193 758 310 815 Δυναξὸν
329 786 418 815 λαθεῖν
431 786 475 815 τόν
489 798 519 815 τε
533 786 614 827 ἄνδρα
626 759 754 826 τὸνφέμὸν,
768 787 813 817 καὶ
826 760 886 821 τοῖς

115 826 144 854 ἐν
157 827 196 866 τῷ
206 825 271 866 οἴκῳ
279 837 286 844 ·
301 825 379 865 μόνον
390 825 527 863 πείσθητι,
541 826 619 865 μόνον
632 826 725 856 σύνθου
738 829 771 867 τῇ
782 827 885 867 πράξει,

115 866 162 894 καὶ
175 865 282 894 πάντων
301 865 350 901 ἔση
364 865 502 901 δεσπότης.
525 867 618 895 Ταῦτα
631 866 745 900 ἀκούσας
757 869 772 896 ὁ
785 867 886 907 Ἰωσὴφ

115 907 150 940 τῆ
163 904 297 945 Αἰγυπτίᾳ
311 897 397 935 εἶπεν·
414 900 437 934 ὦ
451 905 543 945 γύναι,
565 906 655 939 δοῦλος
669 906 717 945 μὲν
730 905 761 946 γέ

191 441 205 458 ν
224 428 260 458 τὰ
271 427 324 458 ὑπὸ
336 428 483 468 Αἰγυπτίας
495 428 641 468 λεγόμενα;
656 429 700 458 Τὰ
715 429 763 468 μὲν
776 431 803 459 ἐν
814 431 885 459 ἀπει-
903 434 922 457 E

1611 159 1678 205 715

940 238 999 261 tur:
1007 231 1265 271 multumdeJoseph
1273 232 1381 262 solliciti
1389 231 1569 271 erantangeli,
1577 241 1609 261 ne
1617 232 1685 261 sorte

940 271 1106 301 mulierculae
1126 278 1260 310 unguenta
1274 272 1402 311 juvenem
1415 271 1578 309 emollirent,
1591 282 1624 300 nc
1637 283 1683 302 ve-

940 312 1061 340 stimenta
1077 311 1180 346 mollia,
1197 321 1230 340 ne
1244 310 1291 340 ads
1311 318 1396 346 ectus,
1409 322 1442 341 ne
1455 311 1574 346 habitus,
1589 321 1622 340 ne
1642 312 1684 341 in-

940 361 1041 387 cessus,
1055 361 1088 379 ne
1108 350 1228 386 auditus,
1240 361 1273 379 ne
1291 322 1440 387 lilanditiae,
1454 361 1486 380 ne
1501 350 1620 380 adulatio
1638 352 1685 391 ju·v

940 400 1035 419 venem
1051 396 1207 420 enervarent
1222 402 1228 419 :
1243 390 1360 420 multum
1373 391 1482 420 solliciti
1496 398 1570 420 erant
1583 392 1682 430 angeli,

940 430 1057 458 multum
1078 430 1211 459 daemones
1230 430 1380 470 sperabant.
1402 430 1502 471 Josepb
1519 441 1569 470 pro
1587 432 1684 460 corona

939 469 1067 506 certabat,
1082 469 1209 510 AEgyptia
1227 481 1277 510 pro
1296 470 1441 509 ignominia
1461 470 1598 510 pugnabat
1613 483 1620 499 τ
1637 470 1684 499 illc

938 509 1048 547 quidem
1062 520 1113 550 pro
1126 510 1193 546 vita,
1206 509 1264 538 haec
1275 516 1364 539 autem
1376 520 1427 549 pro
1440 517 1534 539 morte.
1552 511 1683 546 Quaenam

937 559 1019 588 porro
1038 557 1114 579 erant
1127 559 1186 588 quae
1198 549 1232 577 ab
1246 549 1374 589 AEgyptia
1390 549 1568 578 dicebantur?
1583 550 1683 579 Partim

938 595 967 617 ut
984 588 1256 628 minareturspartim
1277 595 1306 617 ut
1324 589 1501 626 blandiretur,
1517 589 1584 618 dum
1603 589 1683 618 minis

934 629 1063 668 juvenem
1075 635 1196 664 terreret,
1210 635 1236 657 et
1247 627 1387 657 blanditiis
1403 628 1535 658 deliniret.
1553 631 1591 657 Ac
1603 629 1683 658 inini-

939 674 998 697 tans
1015 668 1126 707 quidem
1147 667 1234 697 aiebat
1254 668 1393 697 :Domina
1412 675 1456 697 tua
1476 679 1547 704 sum,
1569 669 1683 708 pecunia

939 718 997 737 mea
1007 715 1125 737 coemtus
1138 718 1167 737 es
1178 719 1184 736 ι
1196 707 1223 736 in
1234 708 1283 736 hos
1296 707 1363 736 mihi
1374 718 1438 737 usus
1447 707 1623 738 venumdatus
1634 719 1662 737 es
1673 722 1679 737 :

939 748 1013 785 quod
1034 748 1056 777 si
1073 747 1279 785 contradixeris,
1294 747 1403 777 vincula
1417 754 1443 776 et
1457 758 1573 777 carceres
1586 754 1612 777 te
1624 759 1681 776 ma-

939 787 1051 824 nebunt,
1064 795 1091 817 et
1104 794 1163 827 post
1175 787 1232 816 haec
1245 797 1318 816 mors
1333 786 1498 817 inevitabilis
1514 800 1521 815 :
1537 787 1577 816 sin
1592 795 1682 817 autem

939 837 1040 856 morem
1061 827 1181 867 gesseris,
1198 827 1311 856 honores
1322 833 1348 856 et
1360 827 1520 866 stipatorum
1541 827 1680 866 obsequia,

939 866 1074 905 totiusque
1083 866 1180 901 domus
1189 877 1253 896 tneae
1261 865 1414 896 dominatus
1424 866 1450 895 in
1461 877 1540 896 manu
1547 874 1592 895 tua
1599 867 1683 896 trade-

759 918 825 946 γονα
838 908 995 943 οὐ-ωθῑιιτ.
1022 909 1058 935 At
1078 906 1150 935 enim
1178 917 1211 935 ne
1234 905 1456 946 deprehendaris,
1480 907 1582 935 times?
1597 908 1681 945 Atqui

116 938 210 974 δίεισι-ε
218 956 226 963 ·
236 945 347 984 εὔγενῶν
362 944 414 985 γὰρ
424 945 521 984 γονέων
533 945 589 984 εἰμὶ
604 945 730 985 ἀπόγονος
739 956 746 963 ·
764 947 811 976 ‘AG
830 947 885 986 αᾶμ
902 953 921 974 Α
939 952 1013 986 potes
1026 953 1052 975 et
1061 946 1152 976 virum
1163 956 1253 975 meum
1266 951 1293 974 et
1303 945 1463 975 domesticos
1474 956 1565 975 omnes
1579 946 1660 975 latere
1673 958 1680 974 :

114 983 166 1024 γὰρ
178 984 224 1014 καὶ
239 983 332 1014 '1⁶an
345 985 370 1013 οἱ
382 987 420 1024 τῷ
434 986 498 1025 Θεῷ
512 985 687 1024 ὁμιλήσαντες
701 987 765 1025 ἐμοῦ
779 998 885 1016 παπποι

112 1022 264 1063 γεγόνασιν,
286 1023 384 1054 Ἰακὼὸ
397 1024 426 1054 δὲ
438 1027 452 1054 ὁ
466 1025 535 1063 μετὰ
547 1026 659 1064 ἀγγέλου
677 1025 809 1059 παλαίσας
823 1026 885 1065 ἐμὸς

113 1063 217 1103 πατήρ·
244 1063 284 1093 διὸ
305 1063 351 1093 καὶ
374 1066 477 1133 θαρέῶν
500 1076 543 1093 σοι
564 1064 684 1094 παλαίω·
697 1064 838 1105 πέπραμαι
855 1066 884 1095 δέ

112 1114 161 1132 σοι
171 1103 216 1133 διὰ
230 1103 376 1142 βασκανίαν
401 1105 534 1154 ἀΙελφῶν·
565 1105 624 1133 ἀλλ’
641 1104 714 1134 οὐδὲν
728 1105 824 1145 βλάψει
832 1105 883 1156 ’τὴν

112 1154 166 1212 ἷέὲῗι
184 1144 347 1222 ῒὲξηὲχῗῖἷ
364 1144 502 1216 iiiiii?
514 1142 882 1222 βὲἶκῖἷῖῗαέτῖἒὶθέῡῗῗῖἓξ

112 1225 158 1251 τοῦ
171 1221 246 1258 ἡλίου
259 1222 368 1262 φαιδρὰς
381 1222 488 1256 ἀκτῖνας
500 1222 565 1263 πρὸς
578 1222 665 1262 ὀλίγον
679 1225 808 1264 ἀμαυροῖ,
823 1225 882 1254 ἀλλ’

110 1262 159 1290 οὐκ
186 1263 223 1295 εἷς
249 1262 323 1295 τέλος
343 1262 457 1296 σκοτίζει
469 1274 476 1281 ·
497 1265 531 1302 τῇ
551 1262 603 1303 γὰρ
626 1263 696 1303 ῥύμῃ
710 1266 756 1293 τοῦ
769 1265 881 1300 ἡλιακοῦ

111 1301 196 1340 φωτὸς
220 1300 295 1334 εὐθὺς
317 1300 483 1335 ἐξελαύνεται
497 1313 504 1320 ·
528 1302 654 1336 ὡσαύτως
679 1302 722 1332 καὶ
747 1303 778 1332 τὸ
798 1303 882 1342 ὄνομα

109 1341 159 1375 τῆς
169 1341 288 1373 δουλείας
300 1342 329 1370 οὖ
345 1340 435 1371 ocios:
445 1341 493 1377 τὴν
506 1344 554 1378 τῆς
568 1342 696 1382 εὐγενείας
711 1354 761 1382 μου
776 1343 880 1383 αἴγλην·

111 1381 169 1417 μετ’
191 1382 221 1410 οὔ
234 1379 302 1409 πολὺ
325 1380 378 1420 γὰρ
392 1381 443 1410 ὑπὸ
460 1383 508 1417 τῆς
525 1383 628 1415 ἀκτῖνος
640 1383 692 1411 τῶν
706 1382 811 1422 τρόπων
830 1395 879 1422 μου

107 1419 298 1460 διαχυθήσεται
303 1442 314 1456 ‚
335 1419 381 1449 καὶ
395 1420 446 1450 ἀνὰ
458 1425 547 1450 πᾶσαν
567 1421 614 1458 τὴν
627 1421 761 1461 Αἴγυπτον
775 1423 879 1462 ἐκλάμ-

107 1460 152 1498 ψει
178 1459 210 1489 τὸ
231 1461 279 1495 τῆς
297 1459 427 1499 εὐγενείας
444 1472 494 1499 μου
512 1460 619 1494 κᾶλλος.
644 1461 791 1501 Πέπραμαί
819 1474 878 1498 σοι,

107 1498 234 1539 σύμφημι
259 1498 348 1538 κάγὼ,
371 1501 420 1529 οὐκ
434 1502 451 1529 ἀ
469 1503 580 1539 νοῦμαι·
601 1501 719 1534 δουλείας
741 1502 790 1538 τὴν
812 1502 877 1542 πρέ·
894 1509 913 1531 Β

107 1539 209 1568 πουσάν
223 1549 264 1569 σοι
277 1538 424 1578 ὑπηρεσίαν
442 1541 455 1568 ἐ
470 1539 614 1579 επλήρωσα
625 1552 632 1559 ·
649 1541 764 1580 ἀψευδής
777 1553 819 1571 σοι
831 1541 879 1581 γέ-

108 1589 187 1616 γονα,
212 1577 332 1613 ἀὸλαὸὴς
341 1599 350 1613 ,
372 1578 390 1607 ἄ
427 1590 512 1617 μπτος
521 1601 529 1615 ,
558 1580 649 1612 ἄδολος
660 1602 668 1616 ,
696 1580 878 1620 ἀπρόσκοπος,

108 1617 228 1656 ἀκατῆγο
281 1629 288 1635 ·
305 1590 471 1656 σῦδεμίῗσοι
488 1620 547 1647 κατ’
566 1620 630 1657 ἐμοῦ
646 1618 753 1653 ἀταξίας
763 1631 879 1659 κατηγο-

109 1655 154 1694 ρία
176 1667 223 1696 γεγ
237 1667 315 1692 νηται
324 1667 331 1675 ·
356 1656 402 1686 καὶ
422 1660 467 1686 νῦν
493 1669 525 1686 συ
549 1657 680 1694 δουλεύεις
701 1669 746 1697 μοι
769 1661 879 1695 ποιῆσαι

107 1700 220 1735 πρᾶγμα
239 1695 358 1731 ἀνόσιον,
380 1696 427 1725 καὶ
439 1697 524 1736 λαθρα
584 1709 643 1736 μοι,
667 1699 703 1731 ὡς
715 1698 788 1738 ὄφις,
811 1701 879 1728 ὓπο-

106 1736 169 1774 qno„
188 1735 261 1772 ίζεις,
274 1734 383 1773 οἰομένη
396 1747 430 1774 με
443 1737 589 1774 δελεάζειν,
603 1737 649 1766 καὶ
664 1738 785 1771 ἀπειλαῖς
798 1740 879 1768 θανα-

107 1746 230 1814 τηφονροις
243 1773 443 1814 κατακάμπτειν
456 1787 478 1805 π
495 1775 502 1786 “
539 1776 570 1806 τὸ
591 1776 750 1816 ποθούμενόν
771 1789 812 1807 σοι
832 1780 880 1814 τῆς

106 1814 250 1848 ἀκολασίας
273 1815 378 1854 δρᾶμας
401 1815 448 1851 Μὴ
489 1817 581 1852 πατῶ,
595 1815 688 1855 γύναι,
709 1816 746 1856 μὴ
764 1816 879 1858 πρόσεχέ

108 1856 205 1923 μίυλατῇ
219 1853 461 1932 νεότῗτιᾴαδλιῗνοὲται
475 1854 520 1884 καὶ
535 1855 596 1905 χνέος
617 1856 696 1925 ἀσκὸῗ
709 1852 777 1924 οἷνοέ
791 1856 879 1925 φέρειν

106 1905 330 1972 {staff-iffi„
349 1933 380 1962 ιν
392 1906 459 1975 ὁρὲἷ
465 1906 878 1975 ζῖἆᾝνμῖἷῖξνρῖἕὶλὰρξέλῗὲἶ

107 1972 268 2012 πιριὸλέπου
282 1974 313 2004 τὸ
345 1976 402 2007 θος·
422 1973 551 2014 νεωτέραν
571 1986 621 2014 μου
632 1975 682 2011 τὴν
696 1976 755 2016 ὄψιν
769 1978 786 2012 ἡ
801 1975 877 2016 φύσις

107 2011 271 2053 παρέσχετο·
291 2012 386 2044 πολιὰν
400 2013 429 2043 δι’
506 2013 554 2050 τὴν
568 2015 677 2055 καρδίαν
690 2017 705 2044 ὁ
723 2014 801 2054 νόμος
821 2017 876 2056 εἶρ-

106 2051 216 2090 γάσατο.
229 2052 275 2089 Μὴ
289 2054 398 2089 ἀπατῶ,
412 2064 503 2093 γυναι,
515 2055 544 2083 οὖ
556 2054 671 2090 νικήσεις
684 2066 734 2093 μου
749 2054 798 2091 τὴν
813 2056 876 2096 ἀρε-

106 2090 172 2127 τήν·
186 2093 216 2121 οὗ
230 2091 347 2128 νικήσεις
359 2092 458 2133 Ἰωσὴφ
471 2093 515 2122 τὸν
527 2096 573 2123 τοῦ
586 2093 684 2123 'Iambe
695 2095 763 2130 υἱὸν,
778 2095 877 2125 'lambe

106 2130 206 2160 ἐκείνου
217 2134 264 2161 τοῦ
277 2132 317 2162 ἔτι
330 2134 357 2162 ἐν
369 2132 457 2172 κοιλίαΙ
467 2132 539 2166 ὄντος
554 2133 599 2162 καὶ
615 2134 800 2174 πτερνίσαντος
808 2157 816 2171 ,
831 2135 876 2164 καὶ

108 2169 176 2207 μετὰ
188 2173 272 2200 ταῦτα
290 2171 358 2209 μετὰ
375 2171 486 2211 ἀγγέλου
502 2172 657 2212 ἰσχύσαντος
670 2175 813 2203 παλαῖσαι·
837 2174 874 2213 μὴ

107 2209 218 2244 ἀπα-τῶ,
239 2209 274 2238 τὰ
294 2210 412 2250 αὖτὰτῷ
424 2211 506 2250 πατρί
528 2224 577 2250 μου
599 2213 714 2242 παλαίω.
729 2213 808 2243 Ἀλλὰ
831 2214 876 2242 καὶ
891 2229 910 2253 c

107 2248 406 2288 ἐπαγγελίαιςθαητεύειν
415 2261 447 2288 με
458 2250 578 2288 νομίζεις.
584 2251 620 2280 Τί
627 2253 815 2289 τοιοῦτον,εἷπε’
821 2264 875 2291 μοι,

107 2287 218 2317 δύνασαί
231 2299 275 2325 μοι
285 2287 507 2328 ἐπαγγείλασθαι,
522 2286 575 2319 οἶόν
588 2291 659 2320 ἐστιν
670 2293 687 2327 ἡ
700 2292 854 2331 σωφροσύνη
866 2304 875 2327 ;

107 2327 177 2357 Ποία
187 2327 308 2366 βασιλεία
316 2328 452 2368 ῖσόῤῥοπος
460 2329 525 2367 αὐτῇ
534 2330 600 2366 ἐστι;
606 2334 678 2363 ποῖος
686 2333 770 2366 Οησαυ
788 2331 814 2364 ὸς
825 2333 877 2362 ἷσο·

107 2366 214 2400 στάσιος
225 2368 291 2407 αὐτῇ
306 2368 392 2403 ἐστινς
404 2369 513 2407 ἀγνοεῖς,
522 2368 586 2404 ὅτιή
594 2369 748 2409 σωφροσύνη
757 2343 875 2410 οὲράνιόν

107 2406 166 2435 ἔστι
173 2407 265 2445 κτῆμα
273 2429 281 2444 ,
293 2407 432 2446 ἀγγελικὸν
445 2412 567 2447 πρᾶγμα,
582 2409 651 2438 Θεοῦ
661 2409 781 2449 χάρισμα
787 2421 796 2448 5
807 2409 849 2440 Ἔ·
865 2423 875 2440 ε

109 2455 156 2474 σου
175 2446 222 2479 τὰς
236 2446 408 2486 ἐπαγγελίας·
424 2448 451 2476 αἱ
464 2446 508 2476 σαὶ
520 2447 597 2486 τιμαὶ
610 2448 716 2486 ἀτιμίας
728 2448 777 2478 εἶσὶ
788 2461 809 2479 π
841 2423 877 2484 ζε-

109 2495 162 2513 νοι·
190 2486 218 2514 αἱ
242 2485 288 2514 σαὶ
309 2486 399 2525 τιμαὶ,
426 2486 455 2519 ἃς
478 2486 644 2526 ἐπαγγέλλῃ,
666 2487 792 2528 αἰσχύνης
812 2489 876 2519 εἰσὶν

110 2523 244 2563 ἀπαρχαί·
258 2526 273 2553 ὁ
286 2525 330 2558 σὸς
341 2538 347 2543 ·
362 2525 436 2565 ρυσὸς
450 2527 498 2565 γῆς
512 2527 567 2555 ἐστι
581 2525 708 2576 γέννημα,
723 2528 767 2557 καὶ
781 2530 820 2558 ἰοῦ
828 2530 876 2559 δα-

111 2562 199 2597 πάνη·
218 2566 233 2593 ὁ
253 2564 314 2603 ἐμὸς
328 2565 343 2594 δ
370 2565 465 2605 χρυσὸς
480 2566 550 2596 Θεοῦ
568 2566 624 2595 ἐστι
637 2578 769 2606 γεννημα,
795 2567 876 2598 ἀΐδιον

904 2014 906 2016 ’
929 2012 1055 2053 perantiae
1068 2018 1157 2041 actum
1170 2011 1322 2042 inflectere?
1336 2013 1377 2042 Ne

939 992 1043 1015 tantum
1068 986 1231 1024 obsequere,
1246 991 1350 1014 tantum
1371 985 1399 1013 in
1426 992 1515 1015 actum
1537 986 1680 1018 assentire;

938 1031 995 1054 tum
1010 1031 1038 1054 tu
1053 1024 1182 1054 dominus
1195 1024 1317 1054 omnium
1332 1024 1395 1054 cris.
1409 1024 1459 1054 His
1475 1025 1575 1054 auditis
1593 1026 1683 1066 AEgy-

937 1064 999 1104 ptiae
1012 1064 1083 1094 dixit
1102 1064 1209 1104 -Joseph
1233 1076 1240 1093 ι
1266 1064 1367 1093 Servus
1389 1063 1511 1102 quidem,
1530 1075 1547 1094 o
1569 1065 1679 1101 mulier,

937 1114 1085 1142 numquam
1108 1104 1164 1142 fui;
1191 1103 1329 1133 nobilibus
1350 1103 1422 1133 enim
1443 1114 1503 1133 sum
1527 1105 1682 1144 parentibus

936 1150 1106 1183 procreatus;
1117 1143 1252 1173 Abraham
1262 1143 1392 1172 nimirum
1400 1150 1426 1172 et
1435 1144 1519 1180 Isaac,
1529 1155 1597 1183 quos
1607 1146 1681 1174 Deus

936 1183 1072 1220 colloquio
1086 1183 1212 1222 dignatus
1222 1190 1272 1220 cst,
1287 1183 1331 1212 avi
1341 1184 1394 1212 mei
1404 1183 1523 1221 suerunt,
1536 1183 1621 1214 Jacob
1631 1195 1678 1213 an-

935 1229 998 1259 tem,
1012 1223 1060 1262 qui
1081 1233 1143 1252 cum
1166 1223 1260 1262 angelo
1283 1222 1401 1252 luctatus
1423 1229 1471 1258 est,
1485 1233 1560 1252 meus
1582 1230 1677 1264 pater:

934 1269 1098 1302 quapropter
1117 1269 1142 1291 et
1163 1268 1252 1291 tecum
1276 1261 1365 1291 luctor
1386 1261 1513 1291 audacter
1529 1275 1536 1292 z
1553 1270 1678 1292 caeterum

935 1302 985 1330 tibi
1003 1302 1038 1331 ob
1050 1302 1164 1331 fratrum
1177 1301 1309 1331 invidiam
1323 1301 1449 1331 venditus
1468 1302 1508 1330 fui
1516 1313 1525 1340 ;
1541 1310 1677 1332 verumta-

934 1351 994 1370 men
1008 1341 1077 1370 nihil
1093 1341 1188 1370 auimae
1206 1351 1271 1370 meae
1284 1341 1450 1370 nobilitatem
1473 1342 1612 1372 servitutis
1627 1353 1678 1372 no-

932 1391 993 1410 men
1007 1381 1097 1410 laedet.
1109 1381 1179 1411 Nam
1191 1387 1218 1410 ct
1231 1380 1325 1410 invida
1334 1391 1404 1421 saepe
1413 1381 1512 1410 nebula
1522 1382 1678 1422 splendidos

931 1420 997 1449 solis
1010 1420 1100 1450 radios
1120 1421 1251 1465 tantisper
1265 1420 1401 1457 obscurat,
1414 1420 1461 1449 sed
1476 1421 1501 1450 in
1516 1432 1564 1461 per
1574 1429 1675 1452 ictuum

931 1469 984 1489 non
1000 1460 1171 1491 obteneb1·at;
1186 1459 1320 1498 Siquidem
1333 1459 1434 1500 impetu
1458 1461 1552 1490 solaris
1565 1433 1678 1491 luminis

931 1500 1069 1529 confestim
1082 1499 1228 1529 discutitur
1241 1511 1248 1527 =
1260 1499 1319 1539 pari
1338 1499 1441 1529 ratione
1454 1501 1590 1530 servitutis
1608 1512 1677 1540 quo-

931 1549 983 1577 qne
997 1549 1092 1568 nomen
1113 1538 1261 1567 nobilitatis
1280 1548 1344 1567 meae
1365 1549 1378 1567 s
1398 1538 1535 1568 lendorem
1558 1550 1609 1569 nou
1629 1552 1676 1570 ex-

931 1578 1065 1622 stinguet3
1080 1578 1163 1617 paulo
1176 1584 1235 1617 post
1252 1578 1323 1606 enim
1338 1588 1367 1607 ra
1389 1578 1422 1607 iis
1436 1589 1676 1610 morum—meorum

930 1616 995 1646 dissi
1017 1617 1119 1652 abitur,
1139 1623 1165 1646 et
1207 1627 1237 1645 er
1260 1617 1410 1656 AEgyptum
1434 1617 1586 1647 universam
1611 1630 1676 1649 mcae

930 1628 1106 1696 pulcliritudo
1119 1656 1182 1685 nobi
1196 1655 1268 1685 itatis
1286 1656 1434 1695 effulgebit.
1457 1657 1594 1687 Venditus
1614 1669 1675 1688 sum

930 1695 991 1732 tibi,
1006 1696 1090 1725 fateor
1101 1695 1237 1734 equidem,
1249 1705 1336 1734 neque
1347 1705 1414 1735 nego
1430 1706 1438 1732 ;
1454 1697 1613 1727 conveniens
1624 1698 1674 1728 tibi

930 1734 1068 1765 servitutis
1088 1734 1246 1773 obsequium
1261 1734 1385 1774 explevi3
1406 1735 1522 1765 mendax
1544 1746 1597 1766 non
1619 1738 1673 1774 fui,

931 1774 1029 1804 noxius
1047 1784 1100 1804 non
1111 1775 1169 1813 sui3
1184 1774 1348 1814 inculpatus,
1363 1784 1460 1814 expers
1481 1774 1549 1813 doli,
1559 1777 1617 1806 sine
1632 1779 1672 1807 of-

929 1813 1074 1850 fendiculo,
1094 1813 1152 1844 sine
1168 1813 1280 1843 crimine
1299 1813 1355 1852 fui;
1371 1814 1447 1843 nulla
1467 1814 1611 1845 adversum
1629 1828 1673 1847 me

926 1853 1079 1883 insolentiae
1096 1853 1230 1883 accusatio
1249 1853 1337 1883 delata
1351 1860 1390 1883 est
1406 1866 1413 1883 z
1427 1860 1453 1883 et
1471 1864 1543 1884 nunc
1555 1857 1674 1886 consulis

931 1900 962 1923 ut
981 1893 1113 1922 nefarium
1135 1893 1239 1922 facinus
1260 1892 1411 1930 admittam,
1434 1904 1465 1923 ae
1482 1894 1576 1924 furtim
1604 1897 1672 1926 mihi

931 1934 1009 1971 quasi
1023 1943 1132 1973 serpens
1150 1933 1314 1969 insusurras,
1332 1932 1449 1962 inescare
1467 1944 1510 1963 me
1523 1944 1601 1974 posse
1614 1937 1672 1966 exi-

929 1973 1051 2009 stimans,
1060 1983 1091 2002 ac
1100 1972 1226 2009 letalibus
1234 1972 1314 2001 minis
1321 1972 1355 2001 ad
1363 1983 1397 2001 ex
1417 1973 1512 2002 etitum
1519 1974 1569 2002 tihi
1578 1974 1672 2006 intemn

1389 1983 1503 2049 falaris,
1518 2014 1627 2052 mulier,
1638 2026 1673 2045 ne

930 2051 1134 2081 adolescentiam
1144 2062 1230 2081 meam
1240 2051 1360 2081 attendas
1372 2063 1379 2080 ε
1390 2058 1479 2091 potest
1484 2059 1510 2082 et
1516 2063 1604 2083 novus
1612 2061 1653 2084 ut(
1658 2067 1672 2084 r

929 2091 1025 2121 vinum
1037 2097 1115 2121 vetus
1127 2091 1206 2128 ferre,
1219 2101 1341 2130 novaque
1353 2101 1478 2121 crumena
1493 2092 1604 2122 uniones
1620 2105 1669 2124 an-

929 2131 1018 2169 tiquos
1035 2136 1148 2170 gestare.
1161 2131 1315 2161 Juvenilem
1334 2141 1420 2160 meam
1435 2131 1511 2161 vides
1529 2133 1668 2163 aetetis-vi-

929 2170 1074 2207 riditatem‚
1088 2176 1116 2199 at
1129 2180 1208 2199 canos
1220 2170 1396 2210 circumspice
1413 2181 1502 2200 mores
1512 2182 1584 2200 moos
1602 2185 1608 2201 :
1621 2174 1668 2212 jn-

928 2210 1031 2239 niorem
1052 2209 1159 2239 vultum
1182 2216 1279 2239 natura
1303 2209 1430 2249 praebuit,
1453 2217 1480 2239 at
1504 2221 1599 2239 canum
1623 2222 1669 2241 cor

928 2259 1018 2278 meum
1031 2250 1073 2278 lex
1089 2248 1217 2279 reddidit.
1232 2250 1273 2279 Ne
1291 2249 1405 2285 fallaris,
1417 2249 1526 2284 mulier,
1541 2250 1668 2280 virtutem

929 2299 1014 2318 meam
1027 2298 1081 2318 non
1095 2287 1185 2318 vinces
1198 2302 1205 2317 ι
1221 2289 1283 2318 Jose
1303 2288 1321 2317 h
1335 2289 1423 2317 filium
1434 2289 1519 2317 Jacob
1533 2299 1585 2317 non
1605 2289 1666 2318 vin-

928 2338 982 2362 ces,
997 2327 1072 2357 illius
1085 2328 1180 2365 Jacob,
1196 2328 1243 2366 qui
1263 2339 1277 2357 a
1300 2328 1352 2357 huc
1372 2328 1399 2356 in
1414 2333 1506 2357 ventre
1519 2338 1581 2356 cum
1595 2325 1668 2357 'esset

928 2367 1120 2407 supplantavit,
1133 2378 1164 2397 ac
1177 2366 1276 2397 deinde
1296 2377 1358 2396 cum
1371 2366 1466 2405 angelo
1479 2366 1566 2405 potuit
1580 2367 1667 2396 collu-

929 2407 993 2436 ctari
1010 2419 1018 2437 ε
1032 2417 1066 2436 ne
1082 2407 1196 2442 fallaris,
1211 2416 1264 2435 non
1283 2406 1373 2435 minus
1394 2404 1484 2435 valide
1497 2415 1577 2442 quam
1592 2413 1667 2444 pater

928 2446 1027 2476 luctor.
1042 2448 1077 2476 At
1090 2446 1161 2476 enim
1180 2445 1319 2485 promissis
1331 2445 1411 2473 ctiam
1425 2443 1571 2472 demulceri
1589 2454 1667 2488 posse

929 2496 972 2515 ute
991 2492 1069 2525 putas
1084 2498 1092 2515 z
1106 2485 1184 2524 quid,
1218 2494 1298 2519 uaeso,
1312 2490 1413 2512 tantum
1432 2489 1507 2521 potes
1530 2482 1664 2521 polliceri,

929 2532 1027 2564 quanta
1041 2535 1083 2554 res
1100 2531 1140 2553 est
1158 2495 1310 2563 pudicitia?
1324 2521 1406 2558 Quod
1424 2531 1536 2559 regnum
1556 2524 1666 2560 aequalis

931 2576 969 2598 cst
980 2568 1021 2597 illi
1033 2567 1193 2606 diguitatis?
1206 2566 1269 2605 quis
1282 2565 1421 2594 thesaurus
1435 2564 1507 2603 paris
1518 2571 1556 2593 est
1570 2566 1669 2605 pretii?
