1904 2840
40 2318 76 2363 1...
95 2340 119 2364 ⁵.
131 2334 216 2364 dicii:

654 188 686 210 IN
712 186 927 210 MATTHAEUM.
956 186 1074 210 noluit„
1103 187 1138 209 V.

128 253 235 284 tationis
255 260 375 291 congrua
393 248 470 280 dedit
491 248 625 289 exempla.
641 248 774 279 Similiter
789 247 867 277 et—in
883 250 903 273 Α

129 291 252 326 munda,
262 290 387 330 quamvis
395 296 463 320 esset
473 288 627 328 injuriatus,
632 287 738 317 dioeme
748 287 801 316 sibi
809 286 867 316 dia-

128 331 191 361 bolo
206 344 213 360 :
229 332 261 361 Si
270 330 355 370 filius
367 330 428 359 Dei
437 339 478 364 es,
490 330 572 357 mitte
594 333 623 357 te
637 328 770 357 deorsum
786 339 793 355 :
806 333 877 355 tur-¹

127 371 205 400 batus
219 381 272 400 non
280 376 331 406 est,
343 379 391 398 nec
404 369 543 408 increpans
555 367 580 397 ei
593 366 666 396 dixit
678 366 774 397 :Vade
784 373 866 402 retro,

128 417 229 440 satana.
238 410 318 440 Nunc
326 415 414 438 autem
420 407 528 447 quando
540 406 667 444 diabolus
679 406 726 435 Dei
741 405 795 435 sibi
804 415 870 445 prae-

128 449 224 479 sumsit
242 449 381 484 honorem,
398 447 491 477 dicens
515 460 522 476 :
539 449 609 475 Hoec
628 448 728 475 omnia
741 447 795 475 tibi
813 445 866 473 da-

130 491 176 525 bo,
185 491 211 518 si
219 488 372 529 procidens
385 488 554 516 adoraveris
568 496 613 514 me
623 507 633 522 ,
647 492 673 514 et
683 485 735 514 boc
767 495 806 514 uae
829 484 869 513 si-

128 528 170 558 vit
194 528 253 558 fieri
271 527 325 557 sibi
338 538 354 556 a
370 527 490 564 Christo,
505 525 578 565 quod
597 526 648 555 soli
672 526 729 554 Deo
767 523 806 554 eri
817 523 869 553 de-

127 567 208 597 bebat
230 580 236 597 =
253 573 423 607 exasperatus
441 573 492 603 est,
507 573 533 595 et
559 565 645 594 iratus
667 570 718 600 est,
731 570 758 593 et
778 564 868 592 incre-

128 607 205 647 pavit
227 617 301 642 eum,
315 613 342 635 et
362 606 464 646 repulit
484 605 576 635 dicens
592 617 598 633 :
616 604 698 634 Vade
718 610 806 638 retro,
821 613 869 632 sa-

130 653 222 682 tana;
242 648 380 685 scriptum
400 652 462 681 est,
488 646 647 674 Dominum
670 643 764 672 Deum
788 649 870 671 tuum

129 686 279 721 adorabis,
292 692 320 714 et
330 685 378 713 illi
391 685 447 714 soli
459 685 563 714 servies
574 694 583 711 ε
597 690 628 712 ut
640 693 688 712 nos
698 682 774 712 illius
785 681 870 711 disca-

129 735 191 754 mus
205 725 339 764 exemplo,
354 731 456 753 nostras
466 723 576 763 quidem
597 722 711 763 injurias
732 721 821 751 illatas
834 722 869 750 ab
886 753 887 756 Ἴ

129 764 233 804 impiis,
247 764 304 793 sive
326 764 354 792 in
375 763 459 799 dieto,
472 763 529 793 sive
548 762 576 791 in
595 762 674 798 facto,
690 761 868 801 magnanimi·

130 810 170 833 ter
189 804 330 837 sustinere,
341 802 391 832 Dei
410 809 498 832 autem
522 802 636 842 injurias
660 808 686 830 et
706 807 869 830 contemtum

130 853 179 873 nec
190 853 276 882 usque
287 842 324 871 ad
335 841 460 871 auditum
473 842 585 871 sufferi-e
599 853 606 869 :
621 841 747 880 quoniam
761 839 788 869 in
805 851 869 879 pro—
886 845 903 868 Β

130 882 199 922 priis
218 882 324 922 injuriis
335 892 391 910 esse
403 881 555 921 quempiam
568 881 724 920 patientem,
732 879 870 909 laudabile

130 928 185 951 est:
199 921 313 962 injurias
325 927 414 951 autem
425 920 474 950 Dei
485 920 665 956 dissimulare,
675 919 756 949 nimis
769 926 808 948 est
818 919 870 948 im-

130 961 218 1001 pium.
232 961 365 990 Hactenus
378 960 537 1000 simpliciter
556 959 678 989 diximus
694 958 729 988 de
745 959 871 988 tentatio-

130 1000 222 1037 nibus,
237 1000 337 1038 quibus
351 1006 465 1028 tentatus
478 1006 518 1028 est
531 999 664 1028 Dominus
677 1011 684 1027 z
701 1002 712 1014 ⁰
727 1008 796 1027 nunc
807 998 870 1028 bre-

131 1040 200 1070 viter
242 1040 417 1078 rstringamus
426 1039 492 1077 quid
500 1038 534 1067 ad
545 1045 661 1067 nostram
669 1037 870 1066 aedificationem

23 1087 62 1108 ind
73 1094 120 1108 σοι.
130 1078 200 1118 signi
222 1085 281 1108 cent
288 1078 390 1108 Christi
398 1078 561 1107 tentationes.
569 1076 869 1116 Frequenterdiximus‚

9 1118 121 1179 &²¹32ss
132 1118 252 1158 corporis
263 1116 374 1163 quidem
389 1117 523 1162 jejunium
536 1127 603 1152 esse,
619 1116 750 1145 abstinere
761 1127 775 1145 a
789 1116 869 1153 cibis,

131 1168 226 1187 animae
233 1164 320 1186 autem
328 1156 607 1196 jejunium,abstinere
614 1156 648 1184 ab
659 1155 732 1185 omni
739 1166 768 1184 re
780 1155 850 1184 mala
861 1167 869 1184 ε

131 1197 195 1236 quia
202 1197 270 1226 sicut
279 1206 340 1226 caro
353 1195 500 1225 delectatur
510 1195 622 1232 cibo‚sic
631 1195 742 1235 spiritus
753 1194 870 1224 abstine-

130 1247 180 1265 rea
187 1235 275 1265 σει-1115
283 1242 400 1280 peccato.
409 1234 562 1265 Secundum
571 1234 622 1264 hoc
628 1234 760 1275 jejunium
770 1234 871 1264 Christi

130 1277 157 1304 in
181 1275 260 1305 nobis
284 1274 461 1314 intelligimus
478 1284 534 1304 esse
546 1273 734 1304 abstinentiam
747 1280 870 1313 peccato-

129 1325 201 1344 rum.
217 1314 246 1345 Si
261 1314 331 1343 enim
344 1312 515 1343 manducatio
536 1312 602 1342 Adae
612 1312 646 1342 de
660 1313 734 1352 ligno
755 1313 870 1342 scientiae

128 1354 193 1383 honi
206 1361 232 1383 et
251 1354 329 1390 mali,
343 1353 489 1393 prudenter
510 1353 543 1382 ab
557 1352 682 1382 omnibus
695 1359 735 1382 est
753 1359 869 1392 recepta,

127 1394 256 1433 appetitio
269 1400 309 1422 est
323 1393 421 1432 peccati
454 1391 564 1421 rohibiti
576 1403 582 1421 :
595 1398 785 1431 consequenter
793 1398 819 1421 et
828 1392 870 1431 je-

125 1432 235 1472 junium
248 1432 348 1462 Christi
366 1403 452 1462 intelli
469 1431 569 1461 endum
591 1438 632 1460 est
644 1431 671 1460 in
691 1431 769 1460 nobis
788 1431 870 1460 absti-
885 1439 904 1463 c

129 1472 218 1502 nentia
231 1483 247 1501 a
258 1478 375 1512 peccato.
387 1442 470 1508 Quod
481 1471 504 1500 si
518 1470 647 1509 'ejunium
660 1477 699 1499 est
711 1470 871 1499 abstinentia

62 1520 120 1544 xiix
129 1511 168 1541 rei
190 1511 278 1547 malae,
291 1512 348 1540 sine
364 1510 449 1540 dubio
461 1517 488 1539 et
521 1509 666 1539 esiderium
685 1509 743 1553 ejus
761 1509 871 1539 esuritio

130 1557 170 1580 est
194 1550 291 1590 ipsius,
306 1557 332 1580 et
353 1560 418 1579 usus
438 1549 477 1579 rei
498 1549 584 1588 ipsius
603 1547 763 1587 intelligitur
783 1549 869 1587 panis.

130 1591 286 1629 Proponens
297 1600 326 1618 er
344 1599 360 1617 o
367 1588 503 1633 jejunium
514 1588 565 1624 sibi
578 1587 713 1623 Christus,
726 1594 752 1615 et
761 1596 812 1615 non
825 1597 871 1615 su—

149 1635 237 1658 eratus
258 1627 315 1657 desi
336 1637 392 1657 erio
412 1627 489 1666 panis
506 1638 521 1655 a
534 1626 642 1655 diabolo
662 1626 712 1655 sibi
747 1625 871 1665 repositi,

150 1678 182 1698 oc
204 1677 252 1697 nos
272 1667 367 1703 dooet,
383 1673 413 1695 ut
429 1666 450 1695 si
471 1666 587 1704 aliquis,
601 1672 692 1704 utpote
708 1664 728 1693 fi
742 1665 783 1693 ius
802 1665 870 1702 Dei,

130 1717 200 1745 opus
218 1707 318 1746 eligens
336 1716 474 1745 magnum,
489 1705 586 1734 exierit
602 1705 629 1733 111
643 1704 788 1740 desertum,
804 1703 873 1733 sicut

130 1746 251 1775 diximus
263 1756 354 1785 supra,
365 1751 391 1778 et
405 1745 573 1785 proposuerit
587 1754 614 1773 se
627 1743 760 1773 abstinere
774 1744 809 1772 ab
822 1743 872 1772 ali-

130 1796 185 1824 quo
197 1796 247 1814 usu
255 1784 387 1824 corporali
401 1791 427 1813 et
434 1783 597 1819 delectabili,
606 1783 678 1821 quod
688 1789 727 1811 est
738 1783 871 1822 jejunare,

130 1831 241 1865 propter
261 1824 469 1854 vivificatorium
489 1824 539 1853 Dei
562 1822 729 1857 mandatum,
742 1832 774 1851 ne
787 1822 871 1851 intcr—

131 1864 284 1904 rumpat&
306 1870 394 1893 autem
415 1863 539 1901 loquente
555 1862 582 1891 in
594 1861 800 1900 cogitationibus
817 1862 872 1891 suis

129 1903 249 1941 diabolo,
264 1909 290 1932 et
303 1902 336 1932 ad
353 1914 430 1932 usum
443 1903 482 1931 rei
496 1902 570 1931 illius
583 1907 744 1940 provocante
754 1901 872 1930 interru-

129 1943 210 1983 perit,
226 1949 302 1972 utens
310 1942 428 1982 peccavit
441 1941 530 1986 potius
540 1951 621 1980 quam
636 1952 700 1970 usus
713 1947 760 1977 est,
774 1947 800 1970 et
811 1951 874 1980 pec-

130 1989 218 2012 catum
231 1982 283 2011 sibi
297 1982 427 2012 convertit
438 1991 465 2010 in
479 1991 568 2015 usum,
584 1981 635 2009 boc
648 1987 697 2015 est,
713 1979 831 2019 lapidem
844 1981 872 2009 iu

129 2032 236 2062 panem.
252 2022 287 2051 Ei
309 2021 432 2067 quamvis
446 2021 480 2050 ab
494 2020 539 2049 illa
553 2030 582 2049 re
595 2030 623 2050 se
635 2020 767 2049 abstinere
780 2019 871 2048 decre-
888 2026 907 2049 D

129 2061 208 2098 verit,
220 2072 274 2100 qua
286 2067 324 2090 uti
337 2061 423 2105 potuit
433 2059 490 2090 sine
502 2066 620 2100 peccato,
635 2059 659 2088 si
671 2069 721 2088 nou
736 2058 873 2088 decrevis-

129 2107 180 2135 set,
193 2107 280 2130 tamen
321 2110 364 2129 uia
385 2099 506 2129 decrevit
520 2099 653 2129 abstinere
669 2099 703 2128 ab
721 2098 778 2134 illa,
794 2109 872 2127 usum

130 2139 169 2168 rei
183 2139 258 2168 illius
268 2111 401 2178 judicavit
413 2150 469 2168 esse
489 2145 623 2178 pecatum,
639 2138 667 2167 it]
680 2145 730 2174 est,
743 2137 872 2176 lapidem.

132 2179 273 2217 Propterea
290 2179 312 2207 si
333 2188 396 2207 usus
408 2178 488 2208 suerit
503 2188 546 2213 eo,
561 2184 699 2216 peccatum
712 2176 765 2206 sibi
779 2177 874 2206 sumsit

130 2216 158 2246 in
181 2227 270 2251 usum,
282 2216 310 2245 id
323 2223 373 2253 est,
390 2216 504 2260 lapidem
520 2217 571 2246 sibi
590 2217 704 2246 mutavit
722 2215 749 2245 in
768 2226 874 2255 panem,

131 2255 220 2284 dirum
241 2262 330 2285 entem
352 2265 436 2293 magis
457 2266 538 2294 quam
561 2256 733 2285 nutrientem.
754 2255 829 2283 Sicut
850 2262 876 2284 et

130 2302 222 2334 aposto
237 2306 267 2324 us
275 2294 308 2324 de
324 2293 483 2323 mulieribus
492 2294 648 2324 viduitatem
659 2293 874 2333 promittentibus

231 2335 302 2373 Quoe
324 2344 389 2363 cum
414 2333 572 2362 deluserini
593 2334 752 2369 Christum,
767 2334 874 2362 nubere

131 2374 248 2407 volunt,
265 2374 403 2402 habentes
420 2373 648 2408 (lamnationem,
665 2374 735 2412 quia
748 2373 872 2410 primam

128 2414 218 2451 fidem
235 2414 347 2442 irritam
354 2413 506 2453 fecerunt.
525 2411 577 2441 Sed
596 2411 747 2450 deprimens
768 2410 873 2441 deside-

132 2452 202 2481 rium
219 2462 299 2481 suum
315 2452 390 2490 quasi
410 2451 592 2487 esuritionem,
604 2449 761 2490 respondeat
781 2450 812 2478 in
828 2461 872 2480 co-

131 2491 303 2530 gitationibus
323 2491 379 2520 suis
403 2490 511 2520 diabolo
532 2490 583 2519 sihi
605 2489 786 2529 persuadenti,
806 2490 870 2528 quia

163 2590 173 2601 e
191 2582 271 2607 lidcm
286 2583 372 2607 eadem
384 2583 466 2607 aliter,

1594 176 1657 223 781

921 257 973 277 non
995 247 1023 277 in
1042 258 1094 277 usu
1112 247 1151 277 rei
1167 247 1244 278 illius
1262 248 1319 278 solo
1335 248 1406 280 vivit
1420 249 1503 279 homo
1521 249 1657 289 perfecte:

920 293 946 316 et
956 287 980 316 si
991 287 1069 323 vivit,
1082 287 1230 316 secundum
1243 298 1340 328 corpus
1357 288 1442 326 vivit,
1454 296 1481 318 et
1497 299 1550 318 non
1564 299 1662 329 secun-

920 325 988 355 dum
1011 326 1139 355 animam.
1153 327 1308 357 Plenissime
1327 335 1416 357 autem
1439 328 1510 359 vivit
1526 329 1553 358 in
1568 329 1663 358 obser-

920 365 1011 395 vantia
1032 366 1221 396 mandatorum
1239 367 1289 396 Dei
1300 379 1307 404 ;
1320 375 1346 397 et
1362 367 1421 397 ideo
1439 368 1504 397 forte
1522 378 1575 398 non
1594 368 1661 397 sim-

921 404 1028 444 pliciter
1046 405 1128 442 dicit,
1152 406 1203 436 Dic
1225 406 1311 451 lapidi
1331 414 1361 436 ut
1384 407 1431 436 fiat
1450 408 1542 447 panis,
1566 418 1602 437 ne
1627 407 1663 438 de

921 444 1111 483 qualicumque
1124 445 1215 485 lapide
1227 446 1328 475 dixisse
1350 447 1534 487 intelligatur:
1546 447 1594 476 sed
1607 446 1661 484 ita,

921 483 973 513 Dic
992 484 1057 513 huic
1076 485 1178 524 lapidi,
1191 485 1220 514 id
1233 492 1287 520 est,
1301 496 1381 524 quem
1401 497 1450 525 ego
1463 486 1514 515 tibi
1539 486 1661 516 ostendo.

920 524 987 552 Item
1000 524 1118 553 ascensio
1126 535 1205 564 super
1213 525 1342 564 templum
1352 526 1489 555 moraliter
1500 526 1662 565 intelligitur

921 563 1047 592 exaltatio
1065 563 1154 592 cordis
1166 571 1317 595 sanctorum
1331 564 1366 593 ad
1386 567 1562 594 sanctitatem.
1577 565 1662 596 Statio

921 609 1010 631 autem
1028 613 1109 646 super
1131 603 1242 643 pinnam
1265 604 1370 644 templi,
1385 604 1553 634 exaltationis
1576 605 1663 645 ipsius
1684 617 1686 619 ’

921 652 1006 670 mora.
1026 642 1141 678 Quando
1161 642 1232 671 enim
1250 643 1322 682 quis,
1343 643 1452 672 inflatus
1472 651 1559 673 mente
1576 644 1664 674 carnis

921 691 991 714 suae.
1014 681 1146 711 exaltatus
1172 682 1252 711 fuerit
1278 682 1354 721 quasi
1376 690 1496 718 sanctus,
1513 690 1539 712 et
1563 684 1663 723 gloria-

921 726 965 749 tus
981 720 1062 750 fuerit
1074 721 1151 760 quasi
1167 729 1382 759 consummatus,
1397 722 1495 752 ductus
1507 730 1546 752 est
1568 734 1583 752 a
1603 723 1664 752 dia-

921 759 985 789 bolo
1007 761 1084 805 quasi
1104 771 1189 806 super·
1208 762 1340 806 templum
1363 774 1370 790 ε
1394 769 1420 791 ει
1439 762 1550 801 quando
1568 763 1663 792 existi-

922 807 1034 829 maverit
1043 810 1071 829 se
1084 807 1226 830 consistere
1240 811 1267 830 in
1277 801 1457 831 sanctimoniae
1467 802 1629 839 summitate,
1639 809 1665 831 et

921 838 950 868 in
971 839 1030 879 ipsa
1052 839 1225 869 aestimatione
1241 840 1374 880 jactantiae
1396 841 1477 879 fuerit
1502 841 1666 876 demoratus,

922 879 1025 918 positus
1035 885 1074 907 est
1087 889 1168 919 super
1180 880 1290 919 pinnam
1310 880 1415 920 templi,
1431 887 1456 909 et
1470 888 1521 910 stat
1531 881 1579 910 ibi.
1594 882 1666 910 Con-

922 918 1057 947 venienter
1071 929 1133 958 ergo
1146 926 1172 948 et
1191 919 1312 949 ordinate
1328 926 1508 959 exposuerunt
1528 920 1667 959 evangeli-—

922 964 979 986 stae.
999 958 1144 996 Postquam
1166 958 1238 987 enim
1255 966 1453 998 exposuerunt,
1478 959 1616 989 Christum
1638 959 1667 989 in

922 996 1065 1026 tentatione
1081 997 1179 1037 jejunii
1191 1008 1331 1065 ειᾶρετεεεε
1343 998 1494 1033 diabolum,
1506 998 1533 1028 in
1546 1000 1667 1037 sequenti

922 1035 982 1065 loco
1005 1044 1187 1076 exposuerunt
1231 1044 1322 1066 uctum
1342 1048 1399 1067 esse
1418 1049 1434 1067 a
1451 1038 1560 1067 diabolo
1586 1049 1616 1067 su
1638 1049 1668 1068 er

922 1075 1053 1114 templum
1069 1087 1077 1104 =
1091 1076 1219 1114 quoniam
1234 1076 1344 1106 victoria
1359 1078 1520 1114 tentationis,
1535 1084 1560 1106 et
1571 1088 1625 1118 exp
1637 1088 1668 1108 e-

924 1114 961 1143 tio
971 1114 1086 1154 alicujus
1108 1116 1196 1154 operis
1208 1116 1308 1154 magni,
1318 1116 1504 1155 gloriationem
1525 1124 1665 1156 operatur,

925 1160 952 1183 et
965 1154 995 1183 fit
1009 1165 1087 1184 causa
1098 1154 1242 1194 jactantiae.
1257 1154 1309 1185 Sed
1327 1156 1391 1185 vide
1404 1157 1530 1195 quoniam
1543 1156 1668 1187 Christus

920 1193 1054 1233 jejunium
1075 1193 1184 1232 quidem
1199 1194 1271 1223 ultro
1287 1195 1414 1235 suscepit,
1430 1207 1511 1235 super
1536 1196 1668 1235 templum

923 1240 1010 1262 autem
1024 1233 1149 1263 diabolus
1163 1244 1224 1263 eum
1235 1234 1316 1264 duxit
1328 1247 1334 1263 ε
1348 1242 1412 1264 utet
1424 1242 1465 1270 tu,
1475 1235 1521 1274 qui
1532 1235 1605 1264 filius
1615 1235 1668 1264 Dei

922 1283 960 1308 es,
972 1272 1006 1301 ad
1018 1272 1152 1312 jejunium
1171 1273 1281 1312 quidem
1303 1274 1414 1310 morale,
1431 1274 1460 1303 id
1473 1281 1521 1309 est,
1537 1273 1571 1303 ad
1582 1274 1668 1308 absti-

922 1312 1038 1341 nentiam
1058 1311 1224 1342 laudabilem
1242 1313 1280 1343 rei
1301 1313 1442 1353 cujusdam
1462 1320 1557 1354 sponte
1575 1324 1668 1353 proce-

922 1350 980 1386 das,
991 1357 1017 1380 et
1030 1351 1153 1381 alacriter
1169 1364 1176 1381 ε
1192 1353 1286 1382 extolli
1305 1360 1392 1382 autem
1406 1353 1442 1382 ad
1458 1353 1594 1392 fastigium
1610 1364 1667 1383 san-

923 1390 1022 1420 ctitatis
1042 1401 1094 1420 non
1113 1392 1275 1430 acquiescas,
1287 1392 1350 1431 quia
1375 1403 1452 1422 nemo
1468 1393 1574 1422 extollit
1587 1403 1615 1422 se
1632 1392 1668 1422 ad

922 1430 1068 1459 sanctitatis
1086 1430 1266 1466 altitudinem,
1279 1431 1331 1460 nisi
1351 1431 1464 1461 ducente
1477 1431 1596 1461 diabolo.
1611 1432 1667 1462 Nec

922 1469 994 1498 enim
1009 1469 1068 1498 ideo
1078 1470 1212 1508 acquievit
1224 1471 1349 1500 Christus
1361 1471 1425 1500 duci
1439 1478 1465 1500 ct
1477 1471 1604 1500 constitui
1617 1481 1667 1502 sii-

923 1519 971 1547 per
982 1508 1124 1548 templum,
1141 1516 1168 1538 ut
1183 1515 1210 1538 tu
1230 1510 1366 1539 moraliter
1384 1510 1502 1539 imitator
1518 1510 1577 1554 ejus
1597 1511 1667 1539 exsi-

924 1553 1004 1582 stens,
1019 1546 1144 1576 ascendas
1162 1558 1210 1587 per
1225 1549 1381 1588 jactantiam
1399 1549 1488 1578 cordis
1505 1556 1545 1578 tui
1559 1548 1595 1577 ad
1605 1549 1667 1578 alti-

923 1585 1044 1614 tudinem
1064 1587 1220 1616 sanctitatis.
1243 1588 1299 1616 Nec
1320 1588 1390 1616 enim
1412 1588 1507 1618 volens
1530 1587 1665 1624 ascendit,

923 1632 1053 1663 quantum
1071 1625 1105 1654 ad
1127 1636 1235 1670 corpus,
1248 1626 1295 1655 sed
1319 1627 1379 1656 ideo
1401 1627 1535 1665 acquievit
1560 1627 1624 1657 duci
1641 1635 1667 1657 et

923 1664 1050 1693 constitui
1063 1674 1143 1704 super
1158 1676 1266 1704 pinnam
1279 1666 1384 1706 templi,
1400 1673 1425 1695 et
1439 1666 1534 1695 audire
1546 1666 1667 1706 praecipi-

923 1703 954 1732 tii
971 1703 1052 1733 verba
1069 1715 1076 1732 =
1091 1704 1121 1733 Si
1132 1704 1228 1734 Filius
1252 1706 1308 1734 Dei
1325 1716 1365 1741 es,
1380 1707 1460 1734 mitte
1474 1712 1502 1735 te
1510 1707 1666 1735 deorsum..-

924 1749 954 1771 ut
967 1743 1017 1772 tibi
1031 1743 1151 1773 ostendat
1163 1744 1331 1774 exaltationis
1345 1745 1447 1774 exitum
1466 1745 1640 1775 metuendum
1656 1756 1663 1773 :

924 1781 953 1810 id
964 1789 1013 1818 est,
1032 1789 1059 1812 ut
1078 1778 1239 1813 demonstret
1256 1784 1305 1813 tibi
1319 1784 1403 1813 ruina!
1416 1784 1576 1824 pei-iculum,
1593 1785 1667 1823 quod

924 1831 1015 1850 omnes
1029 1822 1171 1861 gloriantes
1180 1823 1306 1862 subsequi
1321 1824 1396 1859 solet,
1411 1824 1483 1853 sicut
1493 1830 1604 1854 testatur
1615 1825 1666 1854 Sa-

925 2019 955 2048 Si
969 2029 1033 2057 ergo
1052 2020 1126 2049 times
1141 2020 1245 2050 ruinam
1259 2021 1295 2051 de
1314 2022 1421 2061 fastigio
1436 2022 1592 2058 sanctitatis,
1606 2022 1667 2061 fuge

926 2058 1112 2103 exaltationem
1123 2059 1212 2089 cordis
1225 2060 1261 2090 ad
1273 2061 1476 2097 sanctitatem,et
1493 2072 1545 2091 non
1559 2061 1668 2101 patioris

926 2108 1033 2127 ruinam
1046 2098 1080 2128 de
1094 2098 1200 2138 fastigio
1211 2100 1369 2130 sanctitatis.
1385 2102 1442 2131 Ciu·
1456 2109 1544 2130 autem
1563 2111 1668 2130 omnem

924 2137 1077 2175 jactantiam
1089 2138 1266 2178 subsequatur
1276 2139 1364 2176 ruina,
1374 2152 1454 2170 causa
1466 2148 1505 2170 est
1515 2141 1664 2170 manifesta.

927 2177 1062 2212 Quoniam
1073 2177 1159 2207 omnis
1168 2178 1215 2217 qui
1225 2179 1362 2208 confidens
1371 2187 1411 2209 est
1424 2180 1450 2209 in
1462 2180 1588 2220 operibus
1598 2179 1665 2214 suis,

927 2222 953 2244 et
972 2216 1113 2254 gloriatur,
1123 2227 1233 2247 securus
1252 2220 1368 2257 esquui
1385 2226 1474 2248 autem
1492 2229 1601 2248 securus
1615 2226 1664 2255 est,

927 2264 978 2284 non
993 2255 1066 2285 timet
1079 2269 1085 2285 :
1099 2263 1125 2286 et
1139 2257 1186 2295 qui
1201 2268 1258 2288 non·
1266 2258 1351 2293 timei,
1359 2269 1406 2287 nec
1416 2265 1507 2295 cavet;
1521 2258 1568 2296 qui
1579 2264 1667 2286 autem

926 2304 978 2323 nou
993 2302 1078 2330 cavet,
1090 2296 1201 2335 quando,
1212 2304 1263 2326 non
1275 2297 1568 2337 sperat.supplantatur
1577 2307 1592 2324 a
1605 2295 1666 2324 dia-

925 2333 1032 2368 bolo‚ei
1041 2334 1177 2375 dejicitur.
1187 2337 1241 2373 Qui
1249 2344 1338 2365 autem
1346 2337 1414 2365 nihil
1423 2346 1450 2364 sc
1459 2335 1592 2364 existimat
1601 2345 1667 2369 esse,

925 2371 953 2401 111
964 2373 1084 2403 inferiori
1116 2382 1171 2404 arte
1181 2382 1229 2404 tem
1244 2376 1271 2404 111
1282 2376 1572 2412 consistens,quautum
1584 2372 1617 2401 ad
1628 2383 1665 2410 se,

925 2422 1003 2442 causa
1017 2385 1190 2450 humilitatis,
1203 2425 1232 2443 so
1247 2415 1336 2443 licitus
1354 2420 1392 2442 est
1411 2413 1444 2441 de
1458 2423 1501 2449 se;
1517 2412 1562 2450 qui
1577 2418 1666 2441 autem

924 2451 1054 2481 sollicitus
1068 2460 1116 2489 cst,
1129 2460 1155 2483 et
1173 2454 1263 2491 timei,
1280 2453 1325 2491 qui
1345 2459 1433 2481 autem
1448 2451 1533 2488 timet,
1549 2452 1666 2479 circum-

924 2491 1003 2530 spicit
1022 2493 1204 2533 semetipsum,
1220 2499 1246 2522 et
1262 2502 1315 2521 non
1329 2491 1392 2520 sinit
1411 2490 1474 2519 duci
1489 2500 1516 2519 se
1531 2500 1545 2519 a
1558 2489 1668 2519 diabolo

923 1862 1040 1928 plientia,
1068 1862 1159 1891 dicens
1175 1874 1182 1891 :
1197 1862 1280 1892 Ante
1305 1865 1421 1892 ruinam
1446 1864 1596 1894 exaltatur
1617 1874 1667 1893 cor
1676 1869 1746 1891 va.
1769 1868 1805 1892 18.

947 1902 1061 1936 ominis,
1081 1907 1109 1930 et
1126 1908 1196 1931 anie
1218 1903 1341 1942 gloriam
1365 1903 1547 1932 humiliatur.
1564 1904 1666 1933 Conse·
1680 1907 1715 1922 ¹2·

924 1946 1035 1978 quenter
1046 1948 1071 1970 ct
1085 1942 1217 1971 Dominus
1228 1942 1295 1971 dicit
1310 1953 1316 1970 ε
1336 1944 1436 1972 Omnis
1445 1945 1498 1982 qui
1509 1953 1540 1972 se
1554 1943 1666 1972 exaltat
1677 1952 1732 1973 Luc.
1749 1949 1784 1980 14.

925 1980 1141 2016 humiliabitur,
1159 1987 1187 2009 et
1204 1983 1255 2020 qui
1273 1992 1304 2011 n
1316 1983 1454 2011 humiliat
1473 1983 1664 2012 exaltabitur.
1680 1988 1716 2004 ¹¹·
