1904 2840
210 205 280 239 972
807 202 890 226 opus
916 202 1167 227 innumerum.

212 275 322 304 corpus,
337 270 408 309 tanto
422 263 532 303 gravius
630 269 689 292 tum
707 262 850 293 animabus
874 263 952 293 labo-
971 266 989 292 A
1005 275 1066 294 rum
1080 265 1176 295 animae
1190 274 1296 295 omnem
1310 275 1398 295 escam
1411 265 1579 306 spiritualem
1590 258 1750 297 abomimin-

213 304 334 333 rantibus
358 303 512 343 spirituales
534 313 648 332 eeemos
667 313 716 332 nas
740 313 795 332 non
808 308 954 343 ‘praestan-e,
1004 310 1061 342 tur,
1076 306 1118 334 Ee
1143 306 1450 350 appropinquaverunt
1473 315 1565 345 usque
1587 307 1628 336 ad
1648 314 1748 347 por-tas
1758 313 1826 337 Ρεηι.
1847 315 1903 339 106.⁴

214 354 295 382 quam
306 342 464 382 corporibus
475 342 637 382 corporales,
664 353 681 371 n
692 342 813 372 Ecclesia
823 353 887 382 ergo
900 353 954 372 non
1007 347 1120 374 mortis.
1131 345 1186 382 Qui
1201 354 1264 384 ergo
1276 354 1329 374 non
1338 345 1418 374 habet
1428 344 1500 375 unde
1513 345 1590 375 faciat
1599 345 1748 387 eleemosy-
1761 345 1798 368 ¹3·

214 383 302 412 solum
316 389 378 411 sunt
391 393 443 422 pau
464 392 522 413 eres
538 382 723 422 corporaliter,
739 382 895 419 esurientes,
908 389 956 412 aut
1005 394 1054 413 nas
1067 384 1235 424 corporales,
1250 384 1330 413 faciat
1347 384 1500 430 spirituales
1515 396 1549 415 ex
1562 386 1644 425 gratia
1658 387 1747 424 verbi,

215 422 317 451 debiles
333 392 517 461 corporaliter,
531 428 578 451 aut
591 421 725 467 peregrini
736 421 883 452 secundum
894 432 955 451 cor·
1006 433 1087 462 quam
1100 423 1202 464 accepit
1211 433 1227 452 a
1241 424 1309 459 Deo,
1324 431 1351 453 et
1361 424 1479 454 inveniet
1491 425 1693 456 retributionem
1703 426 1750 456 di—

215 472 267 507 pus
283 473 292 491 ι
307 460 450 490 sedetiam
471 461 647 502 spiritualiter
659 472 801 502 pauperes,
817 461 875 491 sine
896 462 957 491 cibo
1008 473 1087 501 gnam
1101 473 1115 492 a
1129 463 1238 493 Christo
1253 475 1260 492 ε
1276 463 1324 502 qui
1336 464 1427 493 omnia
1439 471 1494 493 tam
1506 465 1655 505 corporalia
1669 476 1751 505 quam

213 501 333 541 justitiae,
348 500 405 530 sine
417 508 483 540 potu
502 501 645 541 agnitionis
657 501 724 538 Dei,
739 501 796 532 sine
809 501 956 531 vestimen·
1008 502 1159 542 spiritualia
1177 502 1239 533 data
1259 503 1337 542 quasi
1358 503 1386 533 in
1411 513 1440 533 se
1459 504 1528 534 facta
1549 512 1749 541 commemorat,

215 547 243 569 to
265 540 376 570 Christi.
392 540 514 570 Maxime
539 541 716 581 spiritualiter
739 551 871 582 pauperes
883 548 956 577 sunt,
1008 552 1184 581 quaecumque
1204 543 1232 572 in
1243 542 1476 573 hominib-:stacta
1488 544 1753 576 morint.}1ae0dixi-

216 580 263 618 qui
276 580 453 620 corporaliter
476 580 603 610 videntur
626 580 725 611 divites
739 591 795 610 esse
807 593 816 609 ε
831 580 958 620 quoniam
1009 592 1070 611 mus
1079 604 1087 619 ‚
1101 589 1130 611 ut
1145 582 1229 614 sciant
1244 582 1367 612 doctores
1387 589 1413 612 et
1434 590 1566 622 quantum
1576 583 1752 614 beatitudinis

216 619 376 664 plerumque
400 619 429 648 in
455 620 621 649 abundantia
643 631 734 650 rerum
748 620 838 661 inopia
848 620 960 660 justitiae
1008 621 1062 650 sibi
1074 622 1227 661 acquirant,
1240 622 1262 651 si
1282 621 1424 662 diligentes
1440 623 1540 653 fuerint
1553 623 1624 654 circa
1636 624 1751 655 verbum

216 659 363 688 invenitur.
391 660 461 689 Sunt
486 660 621 699 peregrini
647 659 743 697 corde,
768 667 832 689 sunt
856 659 959 689 debiles
1009 661 1111 691 Dei:et
1128 668 1260 701 quantum
1281 661 1477 700 damnationis,
1492 663 1517 692 si
1537 663 1638 695 fuerint
1662 663 1753 704 negli-

216 699 322 735 animo,
336 706 399 728 sunt
421 706 508 728 mente
535 699 610 736 caeci,
625 699 805 730 inobedientia
829 699 918 736 surdi,
933 706 959 729 et
1011 708 1112 740 gentes.

217 739 318 768 caeteris
328 738 498 778 passionibus
509 739 697 779 spiritualibus
704 746 876 779 aegrotantes,
887 749 958 778 quo·
976 746 994 770 B

555 831 743 871 Reliquorum
757 833 884 870 oapitum
898 832 1033 863 Matthoei
1044 832 1214 872 explanatio
1229 833 1418 864 desideratur.

316 1066 745 1129 EDITIONIS
788 999 1196 1130 PARISINAE
1238 1070 1653 1132 ALTERIUS

516 1196 1430 1303 ADDITAMENTUM

961 1375 1004 1398 AD

728 1478 949 1526 TOMUM
981 1479 1246 1529 SEXTUM.

535 1720 736 1757 LECTORI
760 1721 972 1759 ERUDITO
998 1722 1163 1772 ATQUE
1187 1724 1439 1764 BENEVOLO

919 1828 948 1858 S.
963 1830 999 1859 D.
1015 1830 1046 1858 P.

859 1928 1121 1965 EDITORES.

254 2042 360 2082 Spuriis
370 2042 472 2072 Graecis
481 2043 563 2083 hujus
572 2045 641 2074 sexti
648 2046 727 2075 Tomi
739 2049 811 2087 typis
816 2050 872 2089 jam
879 2049 1028 2091 descriptis,
1036 2053 1109 2083 venit
1119 2052 1147 2082 in
1155 2063 1250 2084 manus
1257 2061 1359 2085 nostras
1365 2056 1491 2087 volumen
1501 2057 1757 2089 Armeno-Latinum

216 2087 288 2126 quod
299 2087 467 2118 inscribitur:
482 2101 496 2118 «
508 2090 669 2119 Semnum
688 2091 746 2121 sive
759 2094 914 2125 Semnum
930 2097 1098 2128 Gabalorum
1117 2099 1234 2141 episcopi
1247 2101 1399 2131 Emesensis
1412 2103 1536 2132 Homiliae
1550 2113 1623 2134 nunc
1635 2104 1755 2144 primum

218 2145 232 2160 n
255 2133 332 2162 editae
342 2144 376 2162 ex
386 2134 494 2173 antiqua
505 2135 623 2164 versione
634 2138 749 2166 Armena
759 2138 786 2167 in
797 2140 923 2170 Latinum
935 2152 1083 2174 sermonem
1094 2145 1227 2175 translatae
1235 2156 1283 2186 per
1294 2148 1325 2176 P.
1337 2148 1382 2177 Jo.
1393 2147 1540 2187 Baptistarn
1549 2150 1679 2187 Aucus,
1689 2150 1754 2181 Vic.

218 2191 233 2207 υ
255 2189 316 2219 gen.
329 2189 422 2219 congr.
438 2179 684 2210 Mechitaristarum
702 2190 728 2211 et
741 2184 844 2214 socium
862 2186 946 2217 Acad.
959 2189 1040 2219 Rom.
1055 2189 1245 2230 Archaeologiae
1258 2198 1338 2230 atque
1357 2192 1479 2222 Athenaei
1493 2195 1680 2225 Venetia-um.
1695 2196 1758 2226 Ve-

218 2237 233 2252 i>
255 2225 344 2254 netiis.
362 2225 449 2265 Typis
469 2226 583 2255 coenobii
605 2227 658 2256 PP.
682 2229 860 2260 Armenorum
881 2231 908 2261 in
934 2233 1022 2263 insula
1045 2235 1074 2265 S.
1098 2236 1203 2266 Lazari.
1221 2236 1312 2268 1827.
1323 2254 1362 2263 ·--
1374 2239 1554 2279 superiorum
1575 2240 1721 2280 permissu.
1737 2252 1754 2268 ι

216 2273 299 2311 Pagg.
313 2281 355 2300 xx
367 2277 394 2300 et
403 2271 462 2309 455
474 2271 503 2300 in
519 2272 562 2302 8⁰.

255 2317 327 2346 Inter
334 2316 388 2346 alia
400 2326 459 2355 quae
468 2316 579 2347 adhanc
592 2324 707 2348 nostram
718 2320 808 2350 Sancti
815 2322 927 2353 Joannis
936 2324 1120 2366 chrysostomi
1131 2327 1285 2358 Editionem
1294 2328 1512 2368 locupletandam
1524 2337 1551 2360 et
1562 2330 1756 2361 emendandam

214 2363 333 2392 conferre
347 2362 414 2401 quid
423 2369 547 2401 poterunt
559 2363 711 2394 invenimus
722 2366 750 2395 in
762 2366 812 2396 hoc
823 2369 973 2408 volumine,
989 2382 1017 2411 p.
1033 2373 1178 2410 250-294,
1194 2373 1320 2404 Homiliae
1331 2374 1408 2404 illius
1421 2375 1531 2416 spuriae,
1543 2387 1603 2415 quae
1614 2376 1690 2407 nullo
1703 2377 1756 2406 sub

215 2408 322 2437 nomine
332 2407 404 2437 edita
417 2414 480 2439 esta
491 2410 702 2447 MontfauconiQ
713 2422 743 2451 p.
760 2413 892 2444 569-579
904 2416 986 2457 hujus
998 2419 1066 2448 sexti
1077 2419 1168 2457 Tomi,
1184 2421 1334 2451 versionem
1347 2421 1485 2461 antiquam
1505 2422 1690 2453 Armeniacam
1702 2432 1754 2452 uua

213 2464 275 2483 cum
290 2453 462 2483 translatione
478 2454 574 2484 Latina
592 2455 627 2484 ab
639 2455 751 2487 Editore
763 2459 945 2492 Mechitarista
957 2464 1128 2494 celeberrimo
1142 2466 1269 2496 confecta.
1287 2468 1327 2496 De
1340 2474 1454 2506 utraque
1467 2468 1503 2498 ita
1515 2468 1559 2498 vir
1572 2478 1631 2498 rev.
1646 2467 1754 2498 disserit

214 2500 242 2528 in
256 2499 485 2550 Praefatione-sua,
500 2511 529 2541 p.
542 2511 621 2531 xvm
634 2509 660 2531 et
671 2513 724 2532 xix
738 2516 746 2533 z
766 2517 778 2531 u
793 2505 836 2535 Ex
848 2517 928 2537 aureo
941 2509 1104 2549 Hajeanismi
1118 2512 1188 2552 stylo
1201 2512 1279 2542 facile
1292 2513 1482 2553 proculdubio
1500 2513 1640 2543 innotescit
1651 2514 1755 2544 versio-

217 2558 230 2572 »
254 2545 295 2574 nis
313 2547 474 2575 Armeniacae
492 2546 635 2586 antiquitas
648 2549 746 2580 saeculo
761 2551 787 2582 V
801 2551 963 2583 elucubratae
972 2577 980 2592 ‚
998 2556 1099 2596 quippe
1112 2558 1159 2596 qui
1172 2557 1335 2588 adamussim
1347 2558 1390 2590 illi
1403 2559 1531 2600 proprius
1544 2559 1625 2588 atati.
1638 2558 1753 2590 Addesis

217 2603 231 2617 η
254 2591 332 2620 etiam
347 2591 490 2630 fragmenta
504 2603 564 2630 quae
579 2600 680 2624 veteres
693 2602 812 2626 auctores
821 2598 905 2628 nostri
919 2601 1080 2639 saepiuscule
1091 2603 1183 2633 citant.
1195 2604 1326 2641 Quamvis
1340 2605 1411 2634 enim
1422 2599 1584 2635 constructio
1598 2605 1632 2635 sit
1645 2606 1750 2642 Graeca,
