1890 2826
94 321 141 342 Jer.
153 324 188 342 Ιο,
198 318 235 348 24.

111 846 144 868 Ex
154 847 239 869 indicto

96 878 206 906 supplicio
212 878 227 899 li
234 890 239 893 —

96 909 170 930 bertas
202 917 239 930 ar-

96 940 158 961 bitrii
170 939 240 961 infer-

98 975 143 992 tur.

99 1485 166 1506 Ilum.
180 1491 204 1514 9.

102 1515 138 1537 16.

99 1901 184 1923 ΜαιιΙι.
200 1901 239 1925 23.

98 1933 137 1960 37.

255 159 319 195 190

247 222 341 263 phari,
360 221 425 252 audi
452 221 520 261 quid
546 220 666 261 adjiciat.
690 221 761 251 Nam
781 229 844 250 cum
866 218 990 255 dixisset,

247 270 317 298 Non
327 275 372 299 est
389 270 422 298 in
437 269 555 298 homine
575 269 631 296 via
647 268 721 307 ejus,
741 266 831 296 statim
843 264 967 306 adjungit
983 274 990 290 τ

248 316 367 355 Corripe
377 325 441 351 nos,
458 316 594 351 Domine,
606 318 810 343 verumtamen
820 313 853 341 in
864 312 990 351 judicio,

244 367 274 390 et
287 372 347 391 non
360 362 514 402 injurore.
530 360 559 391 Si
577 359 649 390 enim
657 358 763 388 arbitrii
773 357 858 388 nostri
867 356 937 387 nihil
948 367 990 386 es—

243 414 294 445 set,
307 408 406 437 frustra
430 406 543 443 diceret,
559 407 678 446 Corripe
701 415 766 442 nos,
784 405 922 439 Domine,
936 413 991 432 ve-

244 463 408 486 mmeamen
420 457 452 484 in
468 455 594 495 judicio.

284 503 311 533 5.
328 501 404 539 Quid
417 501 490 531 enim
511 501 571 531 fieri
593 506 679 541 potest
694 498 831 539 injustius,
847 508 930 537 quam
955 503 986 525 ut
1011 503 1029 528 c

243 549 284 578 illi
306 548 468 588 plectantur,
488 558 604 587 quorum
627 556 662 576 ex
674 545 785 575 arbitrio
803 554 855 573 non
874 542 992 583 pendent

243 607 286 626 res
299 595 432 636 gerendae,
439 601 488 624 aut
497 601 526 624 ut
537 593 659 624 homines
674 592 716 622 illi
729 602 821 633 poenas
829 591 990 626 sustineant,

243 653 360 683 quorum
373 643 416 672 via
427 642 536 681 vitaque
550 651 603 671 non
622 640 658 670 sit
681 640 708 669 in
723 649 816 669 eorum
839 638 925 679 posita
940 648 991 677 po-

243 695 336 718 testate
346 689 360 717 ?
371 690 465 728 Itaque
478 698 540 717 cum
561 688 650 717 Deum
661 685 770 715 videtur
783 694 870 721 orare,
883 694 916 712 ne
929 694 991 723 gra-

243 735 314 764 viori
327 744 405 775 poena
415 734 591 770 mulctentur,
603 732 673 761 nihil
688 730 765 761 aliud
784 730 896 767 indicat,
910 740 992 768 quam

244 781 340 821 dignos
350 791 396 811 eos
418 791 474 810 esse
485 780 531 819 qui
555 778 719 819 plectantur,
737 787 768 806 ae
786 786 893 817 poenam
911 775 992 805 susti-

244 834 324 856 neant
337 838 344 855 :
359 826 411 855 hoc
420 833 509 855 autem
519 824 588 855 nihil
602 823 679 854 aliud
689 833 771 863 quam
784 823 936 852 libertatem
948 832 992 850 ar·

244 873 321 904 bitrii
334 872 482 903 constituit.
494 872 524 902 Si
536 871 607 901 enim
619 881 661 901 res
671 869 791 910 gerendae
806 869 916 899 illorum
920 867 992 908 juris

245 927 271 950 et
283 919 389 949 arbitrii
403 929 456 948 non
472 924 571 954 essent,
586 927 639 947 non
648 918 707 957 jam
719 922 749 946 ut
767 915 870 945 mitiori
883 914 992 955 suppli—

245 968 287 997 cio
298 966 468 996 afficerentur
485 965 541 1005 peti
553 969 700 1004 oporteret,
711 962 759 992 sed
771 972 820 991 nec
841 962 899 991 ullo
910 961 992 991 modo
1010 963 1031 986 D

244 1014 336 1055 puniri
350 1025 356 1042 z
370 1014 425 1043 imo
439 1023 503 1045 vero
515 1022 602 1052 neque
613 1011 824 1051 precibus-opus
838 1016 923 1047 esset3
941 1019 992 1039 non

245 1062 317 1092 enim
331 1060 502 1101 depoecatore
513 1058 616 1099 indiget
627 1059 715 1095 Deus,
731 1064 761 1088 ut
773 1058 925 1087 innocentes
938 1067 993 1087 non

246 1107 349 1148 puniat.
361 1107 397 1137 Et
408 1105 476 1145 quid
489 1105 562 1142 dieo,
577 1107 662 1142 Deus,
677 1115 740 1135 cum
760 1114 808 1133 nec
823 1103 896 1133 ullus
912 1103 994 1134 homo

246 1154 366 1195 prudens
376 1154 391 1183 ?
404 1152 522 1190 Quando
536 1152 619 1193 igitur
643 1162 694 1192 pro
708 1151 811 1182 Judaeis
831 1162 909 1181 orare
930 1162 995 1191 pro-

247 1201 355 1241 phetam
367 1198 504 1236 videmus,
517 1198 580 1228 satis
601 1198 687 1237 liquet
699 1208 760 1227 eum
774 1208 825 1238 pro
835 1198 995 1227 hominibus

246 1257 327 1277 orare,
337 1245 386 1284 qni
397 1245 531 1286 peccarint
543 1256 550 1274 :
567 1251 625 1274 tum
635 1254 699 1275 vcro
711 1244 829 1274 cernitur
841 1251 993 1284 peccatum,

247 1303 310 1323 cum
323 1302 404 1334 penes
427 1301 475 1321 nos
487 1298 527 1321 est
545 1297 575 1320 ut
585 1291 671 1330 legem
684 1299 738 1319 non
753 1289 993 1330 transgrediamur,

248 1346 274 1369 et
284 1346 373 1369 tamen
387 1349 446 1368 eam
456 1337 678 1378 transgredimur.
698 1338 772 1376 Ergo
787 1336 906 1376 undique
917 1336 995 1366 nobis

248 1384 418 1414 manifestum
432 1390 482 1421 est,
496 1394 559 1414 cum
579 1383 606 1412 in
620 1389 722 1419 nostra,
736 1389 795 1412 tum
808 1382 836 1412 in
848 1382 901 1412 Dei
919 1389 995 1422 pote·

565 159 613 190 ⁵5.
644 157 786 182 JOANMS
813 156 998 180 cnanosT.
1028 156 1182 181 ARCfflEP.
1210 159 1482 184 CONSTANTINOP-

1046 219 1183 260 ἐπιφέρει,
1203 221 1352 252 Παίδευσον
1364 225 1445 261 ἡμᾶς,
1469 223 1567 264 Κύριε,
1581 225 1650 261 πλὴν
1673 227 1699 254 ἐν
1726 225 1822 265 κρίσει,

1047 265 1142 305 καὶμὴ
1161 267 1188 296 ἓν
1200 269 1284 308 θυμῷ.
1312 269 1345 298 Εἰ
1366 268 1418 308 γὰρ
1434 269 1516 307 μηδὲν
1536 269 1603 304 ὅλως
1616 272 1657 311 ἐφ’
1682 274 1746 310 ἡμῖν
1772 267 1822 308 ἦν,

1047 314 1178 351 περιττῶς
1190 313 1264 353 ἔλεγε
1273 337 1282 352 ,
1300 313 1446 344 Παίδευσον
1460 317 1545 354 ἡμᾶς,
1559 315 1630 352 πλὴν
1643 318 1671 346 ἐν
1684 317 1780 358 κρίσει.

1090 496 1127 526 Τί
1147 497 1199 537 γὰρ
1223 498 1254 527 ἂν
1269 499 1427 539 ἀδικώτερον
1447 503 1493 530 τοῦ
1517 501 1674 535 κολάζεσθαι
1695 501 1755 536 τοὺς
1773 503 1823 533 οὐκ

1049 542 1126 576 ὄντας
1139 543 1243 584 κυρίους
1257 546 1309 574 τῶν
1322 546 1461 585 πρακτέων
1474 569 1482 584 ,
1507 547 1551 576 καὶ
1565 548 1695 588 τιμωρίαν
1713 549 1822 589 ὑπέχειν

1049 588 1215 629 ἀνθρώπους,
1230 586 1267 619 ὧν
1282 594 1298 626 ἠ
1313 591 1370 626 ὁδὸς
1389 593 1435 622 καὶ
1458 595 1473 622 ὁ
1497 593 1552 633 βίος
1569 595 1616 623 οὔκ
1629 594 1674 624 ἐπὶ
1687 597 1720 634 τῇ
1735 596 1822 625 αὐτῶν

1048 635 1150 676 ἐξουσίᾳ
1165 642 1267 674 κεῖται;
1289 638 1371 668 Ὥστε
1389 639 1452 668 ὅταν
1474 640 1601 680 φαίνηται
1619 641 1665 671 τὸν
1679 642 1749 671 Θεὸν
1769 654 1822 671 πα-

1049 684 1171 721 ρακαλῶν
1193 684 1260 723 ὑπὲρ
1286 687 1332 713 τοῦ
1357 685 1394 723 μὴ
1423 687 1598 727 σφοδροτέραν
1621 687 1742 727 γενέσθαι
1772 688 1824 724 τὴν

1046 729 1176 769 τιμωρίαν
1191 731 1251 759 κατ’
1274 732 1378 767 αὐτῶν,
1392 732 1465 762 οὐδὲν
1490 733 1578 773 ἕτερον
1589 733 1607 768 ἢ
1620 736 1698 764 τοῦτο
1724 734 1821 774 ἐμφαί-

1047 785 1104 810 νει,
1130 774 1170 804 ὅτι
1189 775 1256 809 ἄξιοι
1269 779 1315 806 τοῦ
1330 777 1486 812 κολάζεσθαι
1506 779 1551 809 καὶ
1569 779 1698 820 τιμωρίαν
1713 780 1825 820 ὑπέχειν

1047 820 1114 849 εἶσί·
1137 824 1215 850 τοῦτο
1229 822 1257 852 δὲ
1278 822 1351 853 οὐδὲν
1372 823 1459 864 ἕτερον
1473 824 1490 860 ἢ
1505 824 1535 854 τὸ
1557 824 1720 860 αὐτεξούσιον
1740 824 1754 842 ¹²
1761 837 1822 856 συν-

1049 866 1160 904 ίστησιν.
1174 869 1208 898 Εἰ
1219 869 1270 910 γὰρ
1287 870 1324 908 μὴ
1339 870 1423 911 κύριοι
1437 873 1491 900 τῶν
1510 872 1648 912 πρακτέων
1661 868 1730 909 ἦσαν
1739 895 1748 910 ,
1762 873 1822 914 οὐχὶ

1047 913 1197 954 πραοτέραν
1211 914 1263 944 ἔδει
1286 915 1335 951 τὴν
1356 917 1486 957 τιμωρίαν
1501 917 1589 952 ἀξιοῦν
1616 919 1730 952 “abrahe
1752 920 1821 948 ὓπο-

1048 963 1123 998 σχεῑν
1131 981 1140 995 ,
1170 960 1238 989 ἀλλὰ
1250 962 1318 1000 μηδὲ
1331 962 1398 996 ὅλως
1411 963 1568 998 κολάζεσθαι
1579 977 1586 983 ·
1606 966 1707 1004 μᾶλλον
1721 966 1748 995 δὲ
1761 965 1822 995 οὐδὲ

1049 1004 1180 1039 ἀξιώσεως
1193 1006 1246 1036 ἔδει
1257 1018 1263 1025 ·
1286 1009 1300 1036 ὁ
1320 1007 1372 1048 γὰρ
1388 1009 1457 1043 Θεὸς
1473 1011 1502 1039 οὗ
1521 1011 1605 1040 δεῖται
1628 1013 1674 1040 τοῦ
1697 1023 1820 1051 παρακα-

1049 1051 1155 1084 λοῦντος
1169 1051 1264 1089 αὐτὸν,
1287 1054 1356 1083 ὥστε
1380 1054 1418 1093 μὴ
1444 1055 1556 1085 κολάσαι
1571 1056 1632 1091 τοὺς
1655 1058 1818 1091 ἀνευθύνους.

1049 1096 1102 1126 Καὶ
1116 1096 1143 1126 τί
1155 1097 1242 1137 λέγω,
1266 1100 1280 1127 ὁ
1301 1099 1383 1136 Θεὸς,
1405 1100 1470 1130 ὅπου
1484 1113 1514 1141 γε
1533 1102 1591 1132 οὗδὲ
1608 1102 1744 1143 ἄνθρωπος
1761 1107 1823 1133 νοῦν

1049 1142 1135 1182 ἔχων;
1157 1143 1245 1173 σΟταν
1269 1140 1314 1174 οἷν
1335 1145 1460 1185 φαίνηται
1473 1149 1635 1188 παρακαλῶν
1649 1151 1664 1178 ὁ
1684 1149 1822 1190 προφήτης

1048 1188 1115 1229 ὑπὲρ
1130 1190 1279 1227 Ἰουδαίων,
1302 1194 1339 1225 ὡς
1361 1192 1428 1233 ὑπὲρ
1451 1193 1645 1233 ἡμαρτηκότων
1657 1195 1767 1231 εὔδηλον
1781 1196 1822 1226 ὅτι

1048 1237 1214 1275 παρακαλεῖ·
1234 1237 1353 1278 ἁμαρτία
1370 1238 1397 1268 δὲ
1417 1239 1476 1269 τότε
1490 1240 1624 1280 φαίνεται,
1648 1240 1709 1271 ὅταν
1727 1243 1824 1281 ἡμεῖς,

1048 1281 1120 1315 ὄντες
1138 1282 1223 1323 κύριοι
1243 1286 1290 1313 τοῦ
1317 1284 1354 1323 μὴ
1377 1285 1530 1325 παραὸἥναι
1545 1286 1590 1316 τὸν
1609 1287 1687 1327 νόμον
1700 1310 1708 1325 ,
1731 1300 1821 1328 παρα-

1050 1327 1190 1367 ὅαίνωμεν.
1204 1329 1289 1359 Ὥστε
1306 1330 1433 1360 πάντοθεν
1445 1332 1524 1368 δῆλον
1544 1335 1626 1372 ἡμῖν,
1652 1334 1693 1364 ὅτι
1714 1335 1760 1364 καὶ
1780 1337 1822 1375 ἐφ’

1049 1376 1114 1413 ἡμῖν
1128 1375 1173 1404 καὶ
1187 1375 1231 1406 ἐπὶ
1252 1379 1291 1416 τῷ
1313 1378 1376 1417 Θεῷ
1389 1377 1423 1407 τὰ
1444 1378 1561 1419 ἡμέτερα
1575 1384 1660 1410 κεῖται
1683 1382 1821 1422 κατορθώ-

250 1438 315 1462 state
329 1432 380 1461 sita
398 1441 455 1460 esse
474 1437 543 1460 recte
562 1430 640 1459 facta.
653 1428 748 1459 Siniile
762 1428 834 1458 illud
844 1435 884 1458 est
903 1428 994 1466 etiam,
1013 1430 1032 1455 Ε
1052 1431 1132 1458 μαῖα·
1160 1421 1287 1452 Τοιοῦτόν
1300 1424 1358 1452 ἔστι
1370 1423 1416 1453 καὶ
1429 1423 1472 1460 τὸ,
1497 1426 1537 1454 Οὔ
1552 1428 1598 1455 τθῧ
1610 1426 1744 1463 θέλοντος,
1762 1428 1821 1457 οῦδὲ

251 1480 320 1509 Non
333 1480 476 1516 volentis,
490 1487 587 1518 neque
597 1477 752 1515 currentis,
762 1476 815 1506 sed
831 1477 994 1506 miserentis

249 1535 292 1558 est
303 1529 373 1558 Dei.
385 1528 422 1558 Et
443 1537 526 1567 quam
543 1525 579 1555 ob
599 1534 706 1555 causam
727 1534 818 1560 curro,
832 1524 932 1564 impit,
949 1525 994 1555 vcl

247 1585 328 1615 quam
346 1575 382 1604 ob
394 1584 502 1605 causam
514 1572 588 1610 volo,
599 1571 653 1602 nisi
666 1578 720 1601 tota
734 1582 776 1601 res
790 1571 818 1600 in
829 1581 889 1600 meo
899 1570 934 1601 sit
947 1582 992 1601 ar-

246 1621 329 1650 bitrio
339 1620 414 1650 sita?
427 1621 467 1650 Ut
477 1618 607 1648 nimirum
617 1617 685 1646 dum
703 1617 756 1655 vis,
771 1623 798 1647 et
811 1616 878 1647 dum
893 1618 991 1655 curris,

247 1666 370 1698 divinum
380 1665 516 1696 auxilium
524 1671 551 1695 et
562 1662 777 1694 benevolentiam
787 1663 838 1693 tihi
852 1663 990 1702 concilies,

246 1713 286 1742 sic
305 1719 336 1742 ut
355 1720 381 1742 te
403 1711 523 1752 adjuvet,
531 1721 562 1740 ac
575 1720 687 1740 manum
708 1709 840 1750 porrigat,
854 1715 935 1748 atque
957 1709 993 1740 ad

247 1759 328 1788 finem
350 1769 435 1797 usquc
452 1756 592 1798 perducat.
608 1756 638 1786 si
655 1756 728 1786 enim
741 1755 792 1785 hoc
804 1755 956 1790 sustuleris,
967 1762 1037 1795 ειη,

1049 1468 1095 1495 τοῦ
1114 1466 1266 1507 τρέχοντος,
1281 1470 1350 1499 ἀλλὰ
1364 1472 1409 1499 τοῦ
1429 1471 1561 1504 ἐλεοῦντος
1580 1473 1661 1502 Θεοῦ.
1685 1474 1738 1503 Καὶ
1753 1474 1823 1507 τίνος

1049 1511 1136 1541 ἕνεκεν
1147 1514 1249 1554 τρέχω;
1276 1515 1355 1555 φησί·
1374 1515 1442 1550 τίνος
1467 1517 1495 1546 δὲ
1517 1516 1604 1547 ἕνεκεν
1620 1517 1706 1555 θέλω,
1735 1521 1758 1549 εἰ
1782 1520 1820 1559 μὴ

1049 1559 1079 1587 τὸ
1092 1563 1146 1588 πᾶν
1164 1561 1193 1589 ἐν
1209 1561 1268 1601 ἐμοὶ
1285 1566 1371 1591 κεῖται
1380 1574 1389 1598 ;
1417 1561 1476 1592 Ἵνα
1490 1563 1532 1593 διὰ
1545 1566 1591 1594 τοῦ
1606 1564 1689 1594 θέλειν
1707 1565 1753 1595 καὶ
1774 1569 1820 1596 τοῦ

1048 1604 1152 1645 τρέχειν
1163 1607 1299 1647 ἐπισπάσῃ
1323 1611 1370 1638 τοῦ
1384 1610 1455 1639 Θεοῦ
1473 1609 1522 1646 τὴν
1539 1609 1622 1650 ῥοπὴν
1644 1610 1689 1640 καὶ
1709 1611 1757 1648 τὴν
1776 1612 1820 1642 εὔ-

1048 1661 1134 1687 νοιαν,
1148 1652 1218 1682 ὥστε
1242 1655 1394 1695 συμπρᾶξαι
1416 1654 1462 1685 καὶ
1478 1660 1556 1696 χεῖρα
1578 1656 1665 1697 ὀρέξαι
1688 1657 1733 1687 καὶ
1755 1658 1822 1698 πρὸς

1047 1695 1078 1725 τὸ
1091 1696 1165 1731 τέλος
1178 1700 1296 1739 ἀγαγεῖν.
1312 1701 1378 1731 Ἐὰν
1395 1701 1446 1742 γὰρ
1459 1701 1553 1742 ἀνέλῃς
1565 1705 1656 1740 τοῦτο,
1671 1703 1716 1733 καὶ
1730 1704 1820 1743 παύσῃ

1048 1744 1150 1785 τρέχων
1164 1745 1209 1775 καὶ
1223 1746 1322 1785 θέλων,
1347 1748 1406 1778 οὔτε
1419 1751 1434 1778 ὁ
1447 1749 1515 1782 Θεὸς
1540 1748 1622 1788 ὀρέξει
1634 1754 1713 1791 χεῖρα
1727 1773 1735 1786 ,
1759 1752 1819 1781 ἀλλ’

1055 1792 1064 1801 .,

247 1816 355 1835 currere
372 1804 455 1834 simul
474 1809 500 1833 et
523 1803 595 1834 velle
616 1801 730 1832 desieris
744 1824 752 1839 ‚
775 1811 861 1841 neque
883 1812 993 1832 manum
1011 1805 1031 1828 Α
1048 1791 1230 1828 απθστήσῑταῑ
1243 1794 1288 1823 καὶ
1307 1794 1393 1828 αὖῒός·
1413 1795 1500 1824 Πόθεν
1521 1798 1600 1825 τοῦτο
1614 1796 1711 1833 δῆλον;
1728 1797 1821 1827 Ἄκου-

249 1851 368 1891 porriget
381 1853 465 1886 Deus,
479 1848 527 1879 sed
545 1855 572 1878 et
584 1848 643 1889 ipsc
661 1847 794 1877 abscedet.
809 1847 891 1877 Unde
904 1855 993 1878 autem

250 1898 278 1927 id
289 1897 411 1927 constat?
425 1895 498 1926 Audi
508 1894 576 1935 quid
591 1893 664 1923 dim
674 1893 859 1934 Jemsolymae.
874 1895 993 1933 Quoties

249 1946 334 1974 volui
344 1953 519 1984 congregare
519 1941 606 1982 filios
620 1947 696 1976 tuos,
708 1947 736 1970 et
746 1940 880 1971 noluistis
892 1944 905 1970 Ρ
915 1943 944 1972 E
945 1950 994 1972 cce

248 1986 428 2031 relin'quilur
437 1990 541 2018 domus
551 1993 652 2018 vestra
665 1986 790 2016 deserta.
811 1986 910 2024 Vides,
926 1998 992 2027 quo—

248 2037 322 2066 niam
335 2036 377 2066 illi
390 2035 546 2071 noluerunt,
558 2044 613 2072 quo
625 2039 703 2073 pacto
714 2032 794 2062 etiam
808 2034 882 2063 Deus
890 2034 994 2064 absces-

248 2085 303 2114 sit?
317 2086 460 2124 Propterea
468 2081 546 2112 nohis
560 2091 668 2120 quoque
681 2090 751 2120 opus
768 2087 807 2109 est
822 2087 852 2109 ut
863 2081 991 2119 velimus,

247 2137 274 2160 ct
284 2140 434 2167 curramus,
450 2139 505 2168 quo
515 2129 602 2157 Deum
614 2126 693 2156 nobis
714 2126 794 2156 etiam
807 2126 991 2157 conciliemus.

248 2177 305 2206 Hoc
319 2175 402 2215 igitur
414 2181 463 2211 est,
475 2172 550 2214 quod
569 2173 606 2202 ait
620 2172 762 2213 propheta,
772 2172 876 2201 felicem
889 2172 992 2203 exitum

248 2234 339 2253 rerum
352 2223 381 2251 in
393 2227 520 2261 potestate
532 2226 622 2249 nostra
643 2219 725 2248 situm
743 2228 797 2248 non
810 2229 879 2256 ωδε,
894 2230 991 2249 verum

247 2270 283 2299 ab
291 2268 395 2298 auxilio
408 2266 525 2308 pendere
538 2266 633 2296 divino
649 2275 657 2293 ε
675 2272 706 2295 ut
717 2272 805 2294 autem
818 2265 950 2305 eligamus
963 2267 990 2296 in

247 2315 325 2345 nobis
334 2321 360 2344 et
379 2313 408 2343 in
428 2312 539 2342 arbitrio
551 2319 642 2341 nostro
654 2311 736 2341 situm
755 2322 823 2341 esse.
844 2312 991 2343 Enimvero

1048 1849 1092 1867 σον
1106 1839 1133 1868 τί
1147 1851 1211 1879 φησι
1225 1842 1258 1880 τῇ
1280 1840 1467 1880 Ἰερουσαλήμ.
1486 1842 1605 1876 Ποσοίκις
1623 1843 1741 1880 ἠθέλησα
1760 1846 1825 1873 ἔπι-

1048 1890 1205 1924 συναγαγεῖν
1218 1886 1252 1914 τὰ
1263 1885 1343 1915 τέκνα
1356 1898 1416 1923 σου,
1439 1887 1484 1918 καὶ
1496 1889 1544 1917 οὐκ
1556 1888 1719 1925 ἠθελήσατε,
1735 1890 1802 1919 Ἰδοὺ
1812 1911 1820 1923 ,

1049 1930 1154 1971 ἀφίεται
1176 1935 1190 1961 ὁ
1212 1927 1282 1966 οἶκος
1304 1934 1382 1972 ὑμῶν
1398 1933 1506 1974 ἔρημος.
1533 1934 1630 1975 Ὁρᾷς,
1657 1936 1749 1973 ἐπειδὴ
1772 1939 1821 1968 οὐκ

1048 1978 1195 2015 ἠθέλησαν,
1217 1980 1274 2013 πῶς
1285 1979 1388 2016 ἀπέστη
1402 1980 1446 2010 καὶ
1460 1983 1474 2010 ὁ
1487 1981 1571 2018 Θεός;
1593 1981 1645 2010 Διὰ
1654 1984 1732 2012 τοῦτο
1741 1983 1819 2023 χρεία

1047 2027 1112 2064 ἡμῖν
1126 2025 1171 2054 καὶ
1191 2027 1236 2055 τοῦ
1254 2025 1338 2055 θέλειν
1361 2026 1408 2056 καὶ
1432 2029 1478 2056 τοῦ
1500 2027 1622 2068 τρέχειν,
1641 2027 1685 2057 ἵνα
1711 2029 1756 2058 καὶ
1774 2029 1822 2059 τὸν-

1048 2069 1117 2099 Θεὸν
1131 2070 1352 2110 ἐπισπασώμεθα.
1368 2072 1456 2102 Τοῦτο
1475 2067 1520 2101 οὗν
1544 2084 1610 2113 φησι
1629 2073 1675 2102 καὶ
1689 2076 1703 2103 ὁ
1715 2075 1819 2115 προφή-

1048 2127 1111 2154 της,
1126 2115 1167 2146 ὅτι
1192 2116 1223 2146 τὸ
1247 2120 1412 2158 κατορθῶσαι
1430 2120 1478 2150 οὐκ
1501 2120 1528 2148 ἐν
1550 2122 1631 2158 ἡμῖν,
1651 2121 1712 2150 ἀλλ’
1731 2121 1758 2150 ἐν
1784 2123 1818 2160 τῇ

1046 2164 1093 2192 τοῦ
1106 2163 1177 2193 Θεοῦ
1203 2163 1328 2203 βοηθείᾳ·
1350 2164 1381 2193 τὸ
1400 2164 1428 2193 δὲ
1452 2164 1557 2194 ἑλέσθαι
1583 2166 1610 2194 ἐν
1632 2165 1697 2205 ἡμῖν
1723 2167 1770 2196 καὶ
1791 2169 1822 2197 ἐν

1046 2210 1079 2248 τῇ
1095 2210 1213 2250 ἡμετέρᾳ
1230 2211 1393 2251 προαιρέσει.
1418 2211 1524 2241 Οὐκοῦν
1546 2213 1569 2240 εἷ
1587 2212 1615 2241 ἐν
1634 2215 1668 2252 τῇ
1687 2216 1733 2243 τοῦ
1747 2215 1819 2244 Θεοῦ

1047 2255 1155 2295 βοηθείᾳ
1174 2256 1205 2286 τὸ
1227 2259 1413 2296 κατορθῶσαι,
1435 2257 1533 2297 φησὶ,
1547 2257 1596 2287 κᾶν
1619 2258 1658 2298 μὴ
1683 2259 1817 2299 κατορθώ-

1045 2314 1102 2339 σω,
1129 2303 1253 2342 οὐδεμίαν
1282 2303 1314 2332 ἃν
1341 2303 1397 2338 εἴην
1424 2303 1522 2337 δίκαιος
1546 2305 1686 2344 ὑπομένειν
1713 2306 1820 2335 αἰτίαν·

247 2364 269 2393 si
279 2374 369 2394 rerum
378 2371 491 2402 prosper
500 2367 548 2389 aut
560 2359 666 2389 sinister
676 2359 765 2388 exitus
778 2359 811 2388 ab
826 2360 931 2389 auxilio
944 2361 991 2390 di-
1008 2370 1026 2392 Β
1045 2352 1107 2382 ὅταν
1121 2351 1172 2392 γὰρ
1195 2352 1229 2381 τὰ
1252 2354 1315 2391 παρ’
1341 2353 1456 2391 ἐμαυτοῦ
1481 2352 1613 2393 παράσχω
1634 2353 1721 2383 πάντα
1735 2376 1744 2391 ,
1772 2355 1818 2384 καὶ

247 2411 311 2441 νίηο
321 2408 429 2449 pendet,
441 2406 513 2436 dicet
524 2405 634 2444 aliquis,
649 2405 719 2434 nulli
733 2406 867 2436 obnoxius
884 2406 990 2436 crimini

247 2456 348 2487 censeri
364 2455 448 2484 debeo
465 2466 471 2483 :
495 2463 558 2482 cum
576 2453 647 2481 enim
668 2452 768 2489 omnia,
791 2463 851 2491 quae
872 2464 990 2482 mearum

282 2537 293 2554 ἰ
310 2533 417 2559 savinus
432 2537 504 2564 putat
520 2530 651 2563 legendum
671 2537 780 2563 συνιστᾷν,
805 2535 829 2555 et
846 2539 902 2555 vere
920 2531 1006 2556 melius

248 2575 279 2599 -ul
292 2574 379 2599 serloni
399 2571 522 2605 quadrare
539 2569 649 2599 videtum
663 2569 707 2595 scd
721 2574 840 2600 συνίστησιν
857 2572 931 2596 ctiam
948 2571 1006 2596 ferri

1046 2401 1164 2438 θελήσω,
1188 2400 1233 2431 καὶ
1247 2400 1415 2441 προέλωμαι,
1440 2401 1486 2431 καὶ
1501 2403 1553 2431 τῶν
1567 2402 1731 2442 πραγμάτων
1747 2402 1817 2442 ἅψω-

1048 2464 1113 2491 μαι,
1135 2454 1149 2481 ὁ
1176 2452 1203 2481 δὲ
1226 2454 1272 2481 τοῦ
1291 2451 1380 2485 τέλους
1405 2451 1502 2491 Κύριος
1528 2451 1564 2481 ὢν
1591 2451 1629 2491 μὴ
1655 2451 1795 2493 συμπράξῃ
1809 2476 1822 2490 y

1056 2537 1146 2564 potest.

1089 2580 1098 2592 t
1117 2573 1172 2596 Duo
1187 2573 1245 2597 Mss.
1263 2574 1339 2601 αὶτοῦς
1349 2574 1443 2605 unigm-
