1890 2826
705 178 737 201 ia·
767 177 899 208 imm,
929 176 1004 198 mr.
1036 175 1094 198 vu.

1636 177 1661 210 (J
1670 175 1681 194 ῐ.

120 246 129 284 (
140 244 356 280 Συλλαλήσαντες
368 243 420 282 γὰρ
430 264 438 278 ,
456 240 544 281 φησὶν,
566 242 654 273 αὐτοῖς
665 261 673 274 ,
687 239 886 278 ἀποστρέψομεν
941 236 1014 276 ipsos
1035 236 1124 266 ebrios
1137 246 1193 266 esse
1204 259 1212 274 ,
1227 236 1409 266 existimantes
1428 245 1460 264 ne
1477 234 1560 264 armis
1573 234 1684 273 quidem

122 290 214 323 αὐτοὺς
230 289 295 329 πρὸς
307 291 378 327 ἡμᾶς
388 287 407 327 ),
420 287 438 323 ἢ
451 287 538 330 πολλῇ
552 288 586 326 τῇ
600 285 710 324 ἀπονοίᾳ
729 283 870 324 μεθύοντας
881 306 889 321 ,

119 335 164 365 καὶ
177 335 327 374 νομίζοντας
345 333 411 373 μηδὲ
433 334 520 363 ὅπλων
540 335 627 365 αὐτοῖς
642 332 704 367 δεῖν,
718 330 786 370 μηδὲ
802 342 888 370 παρα-

119 382 215 417 τάξεως
227 381 272 411 καὶ
286 380 421 420 συμὸολῆς
434 381 470 412 εἷς
491 379 522 408 τὸ
535 378 582 415 τὴν
599 379 675 408 πόλιν
688 377 788 407 λαὸεἷν.
803 377 888 416 Ἀρκεῖ

118 428 170 468 γὰρ
188 431 252 467 ἡμῖν
275 429 406 467 φανῆναι,
429 425 508 466 φησὶ,
528 424 606 464 μόνον
628 424 672 454 καὶ
696 424 865 471 διαλεχθῆναι
880 444 888 458 ,

119 474 164 503 καὶ
177 474 278 507 πάντας
301 471 486 513 αἰχμαλώτους
502 470 632 505 λαὸόντας
648 471 779 499 ἀπελθεῖν.
801 470 869 498 Εἶτα
881 490 888 504 ,

120 519 185 560 ὅπερ
198 519 345 559 πάσχουσιν
357 520 382 547 οἱ
402 517 523 551 ἀλαζόνες
531 540 539 553 ,
551 516 603 545 ὑπὸ
616 518 664 551 τῆς
675 515 779 548 ἐλπίδος
792 514 890 551 ταύτης

121 565 278 606 φυσηθέντες
300 564 346 594 καὶ
363 563 425 603 περὶ
440 562 568 603 βασιλέως
584 561 769 601 βουλεύονται,
787 563 823 594 ὡς
838 561 890 596 ἤδη

120 615 169 648 τῆς
182 611 282 645 πόλεως
296 610 424 646 ἁλούσης,
438 610 483 640 καὶ
499 609 558 639 τίνα
578 610 721 643 ἐπιστῆσαι
736 609 775 637 δεῖ
788 610 821 648 τῇ
836 619 890 646 μη-

121 658 252 698 τροπόλει.
270 656 324 687 Καὶ
337 656 370 686 τὰ
384 656 432 695 μὲν
443 654 549 685 ἐκείνων
569 657 694 690 τοιαῦτα,
711 653 775 694 φησί
787 666 793 672 ·
807 653 841 683 τὰ
864 654 891 683 δὲ

121 707 167 739 τοῦ
181 705 251 734 Θεοῦ
264 703 370 732 πάντων
387 702 493 731 ἐκείνων
513 700 676 740 ἄναιρετικά.
699 700 748 730 Διὸ
762 699 807 729 καὶ
823 699 892 735 ἐτι-ή-

121 761 187 790 γαγε
197 762 204 768 ·
219 749 292 779 Τάδε
304 748 376 788 λέγει
388 747 498 788 Κύριος·
511 746 556 777 καὶ
575 748 623 776 οὐκ
636 745 710 782 ἔστη,
725 746 793 775 ἀλλὰ
807 758 892 786 προσ-

122 796 214 832 έθηκε,
235 794 362 825 Emeum.
386 794 474 823 Ὅταν
498 793 550 833 γάρ
569 805 595 821 τι
623 792 693 832 μέγα
716 791 892 831 ἀπαγγέλλειν

124 842 208 881 μέλλῃ
217 864 226 877 ,
240 843 288 877 τῆς
310 839 443 879 δυνάμεως
463 838 658 878 ἀναμιμνήσκει
671 841 717 867 τοῦ
740 839 810 867 Θεοῦ
823 860 831 873 ,
848 837 893 867 καὶ

122 891 170 924 τ’ῆς
185 887 320 927 βασιλείας
331 888 379 922 τῆς
391 886 455 921 ἄνω,
468 885 514 915 καὶ
529 885 684 923 θαυμαστῆς
697 884 798 919 ἐκείνης
810 884 894 923 ἀρχῆς

122 933 168 963 καὶ
179 932 336 971 παραδόξου.
351 931 387 961 Τί
400 926 445 961 οὖν
458 942 537 971 φησιν
549 933 563 960 ὁ
577 929 646 963 Θεός
657 940 665 965 ;
678 931 719 959 Οὔ
735 929 772 969 μὴ
785 929 861 969 μείνῃ
875 931 892 964 ἡ

124 978 206 1019 βουλὴ
221 978 305 1015 αὕτη,
319 978 378 1007 οὐδὲ
399 977 475 1006 ἔσται
486 989 493 995 ·
509 977 567 1006 ἀλλ’
588 978 605 1011 ἡ
621 975 722 1016 κεφαλὴ
743 975 827 1015 Ἀρὰμ
840 976 894 1004 Δα-

123 1024 234 1064 μασκός.
247 1023 283 1054 ‘fl
302 1022 374 1064 ἀρχὴ
398 1023 487 1059 αὐτοῦ,
511 1021 601 1062 φησὶν,
614 1024 631 1057 ἡ
646 1021 749 1056 ἐξουσία
769 1022 848 1050 αὐτοῦ
867 1022 894 1049 ἐν

124 1072 262 1110 Δαμασκῷ
282 1069 428 1105 στήσεται,
442 1068 486 1097 καὶ
504 1067 652 1107 περαιτέρω
670 1068 699 1096 οὖ
718 1066 893 1109 προὸήσεται.

127 1117 181 1146 Καὶ
198 1119 216 1152 ἡ
231 1114 334 1156 κεφαλὴ
348 1116 493 1153 Δαμασκοῦ
507 1113 610 1142 Ῥασίν.
626 1112 679 1142 Καὶ
695 1115 709 1142 ὁ
729 1112 818 1152 ἄρχων
838 1113 894 1140 Δα-

129 1165 251 1201 μασκοῦ,
277 1160 361 1201 φησὶ,
384 1159 429 1189 καὶ
452 1161 465 1188 ὁ
489 1161 592 1199 κρατῶν
608 1158 702 1188 Ῥασὶν
724 1158 798 1187 ἔσται
811 1170 817 1176 ·
838 1157 896 1187 τού-

125 1207 224 1244 τέστιν,
239 1208 266 1236 ἐν
281 1211 335 1240 τοῖς
348 1208 427 1236 αὐτοῦ
439 1209 511 1244 μενεῖ
524 1204 569 1234 καὶ
587 1205 695 1234 πλείονα
709 1205 738 1233 οὗ
752 1203 895 1242 προσθήσει

128 1253 238 1292 δύναμιν
252 1254 333 1292 αὐτῷ.
346 1251 401 1281 Καὶ
413 1251 453 1281 ἔτι
466 1250 592 1286 ἑξήκοντα
608 1250 653 1279 καὶ
673 1249 752 1279 πέντε
766 1249 812 1285 ἔτη
818 1269 831 1285 -,
850 1249 895 1278 καὶ

125 1299 242 1339 ἐκλείψει
254 1300 272 1334 ἡ
286 1297 408 1337 βασιλεία
422 1295 541 1336 Ἐφραῒμ
553 1295 606 1325 ἀπὸ
619 1297 693 1325 λαοῦ.

165 1354 289 1393 Μεγίστη
305 1355 353 1389 τῆς
372 1351 495 1389 ἀληθείας
518 1351 664 1388 ἀπόδειξις,
686 1351 748 1381 ὅταν
771 1351 816 1380 καὶ
835 1351 896 1385 τοὺς

126 1400 232 1441 καιροὺς
255 1398 419 1440 προλέγωσιν
444 1399 468 1428 οἱ
491 1400 641 1438 προφῆται,
662 1398 824 1438 παρέχοντες
842 1402 896 1432 τοῖς

126 1445 293 1486 βουλομένοις
308 1444 436 1479 ἐξετάζειν
451 1443 518 1483 μετὰ
530 1443 665 1484 ἀκριὸείας
676 1446 725 1479 τῆς
735 1444 897 1484 προφητείας

125 1493 174 1529 τὴν
188 1492 308 1531 δύναμιν.
323 1493 379 1521 Νῦν
390 1491 439 1530 μὲν
454 1491 521 1530 γὰρ,
536 1490 625 1530 φησὶν,
642 1490 838 1526 ἀποστήσονται
849 1494 897 1526 τῆς

126 1539 227 1572 πόλεως
240 1550 247 1557 ·
268 1537 336 1577 μετὰ
349 1537 376 1567 δὲ
395 1537 474 1566 πέντε
494 1536 539 1567 καὶ
554 1536 679 1572 ἑξήκοντα
693 1536 739 1572 ἔτη
754 1536 899 1576 ὁλόκληρον

126 1586 264 1614 ἀπολεῖται
276 1583 308 1613 τὸ
318 1584 388 1617 ἔθνος
401 1607 408 1619 ,
422 1583 468 1613 καὶ
478 1584 503 1613 οἱ
516 1582 639 1622 πολέμιοι
649 1582 774 1616 λαὸόντες
786 1583 879 1617 αὐτοὺς
888 1606 896 1620 ,

127 1631 306 1661 ἂκελάσονται
318 1630 429 1662 πάντας.
450 1630 506 1659 Νῦν
521 1629 610 1667 μέντοι
631 1628 684 1668 πρὸ
707 1631 754 1665 τῆς
774 1629 897 1663 ἁλώσεως

127 1675 228 1711 ἐκείνης
238 1675 311 1705 οὐδὲν
319 1674 399 1704 πλέον
409 1677 462 1704 τῶν
473 1674 576 1704 οἰκείων
586 1674 788 1713 λήψονται.Ἵνα
798 1674 850 1714 γὰρ
859 1675 896 1714 μὴ

128 1722 242 1755 ἀκούσας
264 1724 279 1751 ὁ
306 1720 444 1761 βασιλεὺς,
465 1720 506 1750 ὅτι
528 1720 595 1759 μετὰ
611 1720 738 1756 ἑξήκοντα
752 1721 831 1750 πέντε
851 1721 897 1756 ἔτη

126 1770 286 1798 ἀπολοῦνται
296 1788 304 1802 ,
315 1766 380 1807 λέγῃ
393 1767 458 1806 πρὸς
472 1766 575 1802 ἑαυτὸν,
587 1766 613 1795 τί
627 1761 689 1802 αἶν;
707 1766 751 1795 ἐὰν
765 1769 810 1795 νῦν
827 1770 899 1806 ἡμᾶς

124 1815 265 1849 λαθόντες,
281 1813 342 1843 τότε
357 1814 517 1843 ἀπολοῦνται
527 1834 535 1848 ,
549 1811 575 1841 τί
586 1812 616 1841 τὸ
630 1812 720 1852 ὄφελος
738 1815 800 1851 ἡμῖν
813 1825 820 1849 ;
835 1812 899 1853 0025>-

125 1863 182 1900 ῥει,
207 1860 253 1890 καὶ
276 1859 338 1899 περὶ
359 1861 411 1888 τῶν
434 1858 581 1897 παρόντων.
598 1857 756 1888 Ἁλώσονται
775 1858 826 1899 γὰρ
840 1858 899 1888 τότε

126 1907 263 1939 παντελῶς
275 1918 281 1924 ·
308 1908 353 1935 νῦν
380 1905 470 1943 μέντοι
493 1903 572 1933 πλέον
596 1908 610 1920 ·“’
621 1903 695 1933 οὐδὲν
717 1907 770 1933 τῶν
797 1904 899 1934 οἰκείων

128 1953 239 1987 ἕξουσιν.
254 1953 323 1982 Ἀλλ’
345 1951 420 1981 ἔσται
437 1953 454 1986 ἦ
477 1949 580 1990 κεφαλὴ
603 1950 741 1990 Ἐφραῒμ,
761 1950 901 1990 τουτέστι,

129 2004 182 2031 τῶν
194 2001 258 2030 δέκα
275 2001 374 2040 φυλῶν,
387 2002 404 2035 ἢ
419 1998 571 2038 Σαμαρεία·
586 1999 640 2027 ἐκεῖ
658 1998 710 2038 γὰρ
729 1994 761 2035 ἦν
783 2000 870 2032 αὐτοῖς
884 2002 901 2035 ἦ

133 2052 255 2092 βασιλεία
266 2064 273 2070 ·
295 2051 341 2081 καὶ
367 2051 414 2079 οὐκ
437 2048 612 2084 ἐκταθήσεται
625 2048 776 2088 περαιτέρω
787 2061 793 2067 ·
816 2049 861 2078 καὶ
884 2052 900 2085 ἢ

133 2102 235 2143 κεφαλὴ
251 2100 404 2142 Σαμαρείας
415 2102 429 2129 ὁ
442 2098 564 2139 βασιλεὺς
577 2102 623 2128 τοῦ
637 2099 747 2139 Ἰσραήλ
758 2112 765 2118 ·
780 2099 845 2140 ὅπερ
859 2101 903 2130 ἐπὶ

134 2155 180 2182 τοῦ
201 2153 378 2191 Δαμασκηνοῦ
393 2149 482 2189 ἔλεγε,
504 2151 582 2178 τοῦτο
603 2149 648 2178 καὶ
670 2150 782 2180 ἐνταῦθα
798 2151 902 2187 δηλῶν,

136 2203 176 2232 ὅτι
198 2202 270 2233 οὐδὲν
283 2202 363 2232 πλέον
383 2201 492 2237 ἕξουσιν,
512 2200 530 2236 ἢ
547 2203 631 2229 ταῦτα
646 2200 663 2229 ἃ
676 2203 721 2230 νῦν
735 2201 902 2242 κατέχουσιν.

139 2246 222 2286 Εἶτα,
243 2250 333 2287 ἐπειδὴ
352 2250 497 2291 πράγματα
519 2245 591 2279 εἶπεν
612 2249 804 2290 ὓπερῧαίνοντα
826 2251 904 2291 λόγον

139 2299 314 2340 ἀνθρώπινον,
327 2299 373 2329 καὶ
390 2299 509 2339 ἀνώτερα
522 2301 568 2335 τῆς
580 2300 632 2329 τῶν
645 2301 780 2339 λογισμῶν
792 2301 904 2331 ἀκολου-

139 2352 208 2388 θίας,
227 2351 271 2381 καὶ
284 2351 430 2391 προφητεία
448 2352 478 2381 τὸ
498 2351 639 2391 λεγόμενον
653 2348 694 2388 ἦν,
710 2353 816 2387 εἰκότως
834 2354 901 2390 ἐπή-

906 481 924 504 C

912 1504 930 1526 E

939 282 1006 323 ipsis
1018 293 1075 312 esse
1088 294 1167 322 opus,
1182 293 1267 322 neque
1279 283 1335 312 acie
1348 289 1374 311 et
1386 281 1513 311 conflictu
1523 304 1531 318 ,
1545 288 1575 310 ut
1589 281 1683 310 urbem

941 335 1074 368 caperent,
1096 329 1166 358 Satis
1187 335 1236 364 est,
1259 329 1397 366 inquiunt,
1419 327 1442 357 si
1463 327 1490 356 in
1511 335 1682 368 conspectum

943 375 1080 405 veniamus
1099 382 1126 404 et
1145 375 1340 414 colloquamur,
1361 382 1385 404 et
1400 385 1491 404 omnes
1505 375 1532 403 in
1549 375 1685 415 captivita-

943 429 996 452 tem
1015 422 1177 452 abducentes
1202 422 1381 452 discedemus.
1403 421 1522 459 Deinde,
1547 429 1577 451 ut
1599 422 1686 451 solent

943 475 1106 508 arrogantes,
1121 469 1171 498 hac
1191 480 1238 509 spe
1256 469 1342 498 inflati
1363 468 1397 498 de
1417 479 1477 508 rege
1501 468 1686 499 constituendo

942 514 1085 543 consilium
1106 514 1199 544 ineunt
1214 514 1290 554 quasi
1305 514 1363 554 jam
1377 522 1454 555 capta
1469 515 1551 551 urbe;
1566 522 1591 544 et
1605 526 1685 552 quem

942 569 1062 602 oporteat
1075 563 1103 591 in
1123 563 1293 603 metropolim
1307 574 1396 603 regem
1407 563 1567 593 constituere
1577 563 1686 603 consul-

943 615 1010 638 tant.
1027 610 1068 638 Eo
1082 609 1110 638 in
1129 616 1199 639 statu
1212 621 1254 639 res
1270 609 1381 639 illorum
1395 617 1489 646 erant,
1505 611 1592 649 inquit
1605 623 1611 639 :
1627 621 1686 649 quae

944 665 1010 684 vero
1027 656 1101 685 Deus
1122 655 1285 685 moliebatur
1303 656 1360 685 baec
1373 657 1463 686 omnia
1475 656 1510 686 de
1524 656 1613 686 medio
1632 668 1688 686 sus-

946 701 1075 731 tulerunt.
1097 702 1202 731 Idcirco
1224 703 1386 742 subjunxit:
1402 704 1475 732 Hoec
1495 704 1568 732 dicit
1581 704 1687 732 Domi-

947 757 1001 777 nus
1006 761 1019 783 ;
1033 758 1119 787 neque
1129 748 1177 777 bic
1188 748 1270 785 stetit,
1281 748 1328 778 sed
1340 748 1448 790 adjecit,
1460 749 1601 779 Sabaoth.
1619 750 1688 780 Cum

946 793 1018 823 enim
1039 794 1129 834 magni
1147 794 1288 835 quidpiam
1302 795 1509 825 annuntiaturus
1522 803 1572 832 est,
1593 804 1687 836 poten-

947 841 1012 870 tiam
1029 841 1080 870 Dei
1100 848 1246 878 memorat,
1269 852 1415 882 supernum
1441 853 1535 882 nempe
1558 854 1670 883 regnum
1679 867 1688 879 ,

947 894 1026 926 atque
1048 887 1192 928 imperium
1216 887 1288 917 illud
1311 899 1438 929 magnum
1457 899 1487 918 ac
1512 889 1686 928 stupendum.

948 934 1024 972 Quid
1037 934 1126 974 itaque
1139 934 1176 964 ait
1190 935 1283 964 Deus?
1295 937 1364 965 Non
1385 936 1514 964 manebit
1534 936 1690 965 consilium

948 982 1002 1010 hoc
1019 991 1113 1020 neque
1127 983 1181 1010 erit
1192 990 1203 1010 .·
1220 982 1272 1010 sed
1290 988 1376 1021 caput
1396 981 1492 1010 Aram
1511 982 1688 1011 Damascus.

946 1026 1093 1067 Imperium
1115 1027 1172 1066 ejus
1179 1049 1192 1068 ,ἱ
1203 1028 1256 1063 ait,
1271 1034 1385 1067 potestas
1406 1028 1465 1067 ejus
1475 1049 1483 1062 ‚
1506 1027 1534 1056 in
1556 1027 1691 1057 Damasco

948 1072 1038 1110 stabit,
1048 1083 1096 1102 nec
1108 1073 1178 1102 ultra
1189 1073 1388 1113 progredietur.
1399 1075 1440 1103 Et
1451 1080 1539 1113 caput
1551 1074 1692 1103 Damasci

949 1120 1052 1157 Rasin.
1070 1119 1106 1148 Et
1127 1119 1252 1159 princeps
1266 1119 1401 1156 Damasci,
1424 1119 1523 1158 inquit,
1544 1127 1624 1158 atque
1638 1119 1691 1148 do-

948 1165 1064 1194 minator
1083 1165 1168 1194 Rasin
1188 1166 1256 1204 erit3
1273 1164 1302 1194 id
1315 1171 1365 1203 est,
1379 1165 1408 1194 in
1428 1165 1462 1195 iis
1475 1176 1535 1204 quae
1552 1165 1691 1205 adipsum

948 1211 1082 1251 pertinent
1096 1211 1232 1249 manebit,
1248 1222 1279 1241 ac
1294 1213 1424 1251 majorem
1439 1212 1491 1241 sibi
1512 1222 1564 1241 non
1584 1212 1693 1251 adjiciet

947 1257 1105 1297 potentiam.
1111 1258 1152 1286 Et
1160 1258 1258 1287 adhuc
1267 1261 1421 1299 sexaginta
1433 1265 1460 1287 et
1469 1260 1599 1298 quinque
1607 1262 1692 1295 anni,

948 1309 977 1332 et
987 1303 1099 1343 deficiet
1116 1314 1236 1342 regnum
1248 1305 1392 1343 Ephraim
1403 1315 1423 1333 a
1429 1305 1548 1344 popula

987 1352 1017 1380 4.
1030 1351 1152 1381 Maxima
1161 1351 1281 1381 veritatis
1292 1351 1494 1390 demonstratio,
1507 1351 1615 1391 quando
1626 1358 1693 1381 tem—

948 1407 1014 1436 pora
1038 1397 1187 1438 praedicunt
1206 1398 1359 1438 prophetae,
1379 1408 1470 1427 ansam
1491 1398 1637 1438 praebentes
1659 1397 1693 1427 iis

949 1443 996 1482 qui
1013 1444 1111 1474 volunt
1122 1444 1281 1484 explorandi
1299 1455 1361 1474 cum
1375 1444 1543 1474 accuratione
1555 1444 1612 1475 vim
1629 1455 1694 1484 pro-

948 1491 1057 1531 phetiae.
1072 1491 1152 1520 Nunc
1166 1491 1250 1530 enim,
1268 1491 1367 1530 inquit,
1391 1490 1533 1521 abscedent
1552 1492 1587 1520 ab
1607 1491 1692 1527 urbe;

949 1538 996 1572 sed
1011 1545 1070 1578 post
1083 1538 1202 1577 quinque
1213 1545 1238 1568 et
1251 1539 1387 1578 sexaginta
1401 1549 1485 1568 annos
1495 1539 1619 1568 universa
1630 1549 1694 1578 gens

949 1585 1060 1624 peribit,
1074 1592 1100 1614 et
1112 1595 1224 1624 regnum
1245 1585 1328 1614 Israel
1348 1584 1383 1614 de
1404 1584 1493 1614 medio
1513 1585 1643 1625 tolletur,
1659 1585 1694 1613 ab

947 1631 1070 1661 hostibus
1083 1631 1223 1671 intercepti
1237 1630 1404 1660 abducentur
1417 1641 1517 1659 omnes.
1533 1632 1613 1660 Nunc
1625 1637 1695 1659 certe

949 1684 1009 1706 ante
1024 1677 1161 1707 excidium
1171 1677 1243 1706 illud
1257 1677 1326 1706 nihil
1337 1676 1400 1716 plus
1411 1676 1560 1713 habebunt,
1573 1687 1653 1715 quam
1665 1687 1695 1705 ea

949 1733 1009 1760 quae
1015 1733 1063 1751 sua
1073 1730 1146 1752 sunt.
1154 1724 1195 1752 Ut
1204 1733 1238 1752 ne
1247 1722 1320 1751 enim
1328 1733 1374 1751 rex
1380 1722 1492 1751 audiens
1500 1732 1544 1750 eos
1553 1728 1613 1761 post
1620 1732 1695 1750 sexa-

949 1768 1023 1808 ginta
1033 1768 1153 1808 quinque
1161 1778 1243 1796 annos
1253 1767 1386 1807 perituros
1395 1765 1537 1807 esse‚apud
1546 1778 1574 1796 se
1582 1767 1692 1796 diceret:

951 1813 1024 1851 Quid
1036 1813 1141 1853 igitur?
1150 1813 1173 1842 si
1185 1820 1327 1853 postquam
1340 1824 1389 1842 nos
1404 1823 1476 1841 nunc
1489 1812 1618 1852 ceperint,
1632 1819 1696 1842 tunc

954 1860 1088 1900 peribunt,
1098 1870 1157 1899 quse
1168 1860 1232 1889 hinc
1243 1859 1321 1888 nobis
1331 1859 1451 1888 utilitas?
1459 1858 1581 1895 confide,
1595 1858 1694 1897 inquit,

953 1906 1032 1936 etiam
1043 1907 1077 1936 de
1088 1905 1500 1947 praesentibus.Capienturenim
1508 1904 1696 1941 tuncomnino,

953 1951 998 1981 sed
1008 1962 1080 1981 nunc
1086 1951 1156 1981 nihil
1163 1952 1225 1991 plus
1231 1951 1464 1990 habebunt‚quam
1471 1950 1500 1979 id
1505 1950 1578 1990 quod
1585 1951 1695 1980 habent.

953 1998 1008 2028 Sed
1024 1998 1075 2028 erit
1085 2005 1166 2038 caput
1179 1998 1310 2039 Ephraim
1320 2020 1328 2035 ,
1341 1997 1393 2027 hoc
1403 2004 1442 2027 est
1458 1997 1551 2026 decem
1562 1997 1695 2034 tribuum,

955 2045 1074 2076 Samaria
1089 2057 1095 2074 :
1109 2045 1148 2075 ibi
1165 2045 1238 2075 enim
1251 2045 1361 2074 illorum
1378 2044 1451 2084 regia
1462 2051 1537 2082 erat;
1553 2051 1579 2073 et
1590 2054 1642 2072 non
1655 2044 1697 2072 ul-

955 2091 1039 2121 terius
1057 2090 1234 2130 extendam-5
1249 2098 1275 2120 et
1294 2097 1375 2131 caput
1398 2090 1523 2120 Samariae
1541 2100 1588 2119 rex
1602 2090 1695 2119 lsrae'l.

955 2136 1037 2175 Quod
1045 2136 1080 2166 de
1093 2138 1256 2167 Damasceno
1269 2136 1384 2174 dicebat,
1398 2137 1453 2166 hoc
1464 2136 1543 2166 etiam
1556 2135 1601 2164 hic
1614 2135 1697 2174 signi-

957 2183 1036 2221 ficat,
1048 2193 1143 2223 nempe
1154 2183 1224 2212 nihil
1234 2183 1296 2223 plus
1309 2182 1460 2220 babituros,
1471 2193 1553 2221 quam
1563 2192 1635 2211 nunc
1646 2181 1696 2209 ha-

956 2229 1058 2260 berent.
1075 2229 1191 2266 Deinde,
1204 2231 1268 2268 quia
1279 2229 1361 2260 verba
1374 2228 1479 2258 dixerat
1496 2228 1641 2257 humanam
1653 2237 1696 2256 ra>

958 2275 1057 2305 tionem
1079 2275 1245 2315 superantia,
1267 2281 1293 2304 et
1317 2275 1444 2314 quamvis
1467 2273 1699 2304 ratiocinationum

957 2322 1052 2351 seriem
1073 2321 1238 2359 excedentia,
1257 2332 1319 2351 cum
1340 2321 1369 2350 id
1387 2321 1462 2360 quod
1474 2321 1613 2350 dicebatur
1634 2330 1699 2359 pro-

957 2368 1049 2408 phetia
1062 2375 1140 2406 esset,
1152 2369 1214 2408 jure
1227 2367 1324 2408 adjecit
1337 2379 1343 2396 z
1359 2368 1425 2397 Nisi
1445 2368 1634 2403 credideritis,
1648 2377 1698 2394 ne-

138 2414 217 2443 Y‘Y‘V
226 2414 233 2421 ’
245 2402 310 2432 Ἐὰν
324 2401 361 2440 μὴ
374 2402 548 2438 πιστώσητε,
561 2403 620 2433 οὐδὲ
632 2402 669 2441 μὴ
682 2406 786 2439 συνῆτε·
802 2404 849 2440 Μὴ
860 2405 904 2441 {⁷¹1-
922 2418 941 2441 D
960 2426 1017 2457 que
1040 2416 1219 2455 intelligetis.
1241 2416 1282 2445 Ne
1304 2425 1418 2454 quaeras,
1435 2414 1532 2452 inquit,
1552 2424 1606 2452 quo
1619 2413 1699 2442 modo

140 2465 189 2490 τει,
200 2453 275 2493 φησὶ,
287 2454 344 2486 πῶς
357 2452 403 2482 καὶ
411 2452 462 2482 τίνι
473 2454 563 2494 τρόπῳ
573 2456 657 2483 ταῦτα
671 2457 746 2483 ἔσται
756 2466 763 2473 ·
777 2455 844 2489 Θεὸς
855 2456 906 2496 γάρ

961 2467 987 2489 et
1001 2471 1053 2500 qua
1068 2459 1169 2489 ratione
1179 2460 1235 2489 haec
1248 2460 1337 2488 futura
1350 2459 1402 2488 sint
1418 2471 1424 2486 :
1441 2459 1514 2486 Deus
1522 2457 1593 2485 enim
1605 2457 1700 2495 estqui

142 2505 212 2533 ἐστιν
225 2505 239 2531 ὁ
252 2501 432 2542 ἐργαζόμενος,
447 2502 492 2532 καὶ
504 2502 617 2537 πίστεώς
639 2514 681 2532 σοι
696 2504 734 2534 δεῖ
754 2504 835 2544 μόνης
845 2529 853 2541 ,
870 2507 915 2536 καὶ
963 2514 1100 2547 operatur,
1117 2506 1228 2545 solaque
1248 2505 1300 2535 fide
1313 2515 1381 2544 opus
1395 2503 1444 2532 tibi
1458 2509 1513 2540 est,
1529 2509 1555 2532 et
1570 2502 1701 2542 intelliges
1714 2531 1716 2533 ,

176 2602 187 2612 ²
205 2596 272 2620 οὐδέν
284 2592 385 2618 dee-‚tin
398 2593 458 2626 neg.
548 2567 569 2586 χ
