1904 2840
256 195 324 243 758
563 183 565 185 ’
735 199 893 230 mmmm
919 199 965 223 Αι)
990 197 1074 221 orus
1099 195 1338 220 mrunrncruu

252 269 302 299 tim
319 267 563 306 exstinguerentur,
575 262 604 293 id
615 262 773 293 curantibus
784 261 886 292 scilicet
896 260 1030 301 episcopis
1044 258 1158 297 aliisque
1167 256 1324 294 Catholicis,
1335 266 1402 296 quos
1412 255 1460 286 ille
1485 262 1517 286 ut
1527 256 1666 286 haereticos
1675 262 1703 285 et
1711 254 1819 285 haereti-

251 325 344 344 corum
366 311 525 341 deterrimos
550 309 650 349 passim
669 308 823 344 insectatur,
837 306 904 336 dum
921 313 998 336 sectae
1022 314 1077 335 suae
1088 305 1145 344 jam
1164 302 1199 332 ad
1219 302 1349 342 exiguum
1362 311 1504 331 numerum
1517 301 1631 331 redactae
1654 308 1754 331 sortem
1770 300 1820 330 de-

251 361 348 400 plorat.
360 360 443 388 Porro
467 357 543 387 virus
565 354 673 385 haeresis
693 365 747 384 suae
770 353 872 394 passim
891 351 1037 393 depromit.
1059 350 1105 380 Sic
1128 348 1247 380 Humilia
1269 349 1308 378 19
1328 354 1390 388 post
1417 347 1537 378 medinm
1547 360 1556 378 ε
1569 349 1697 378 Fructus
1722 358 1821 378 eorum

252 407 330 436 nulli
338 404 500 445 procedunt
516 403 557 432 ad
578 412 661 432 usum
675 413 683 430 .·
697 402 802 431 umbra
813 399 958 440 refrigerii
978 408 1038 427 non
1059 403 1101 426 est
1121 398 1152 425 in
1171 397 1224 424 eis.
1238 396 1267 424 E
1270 395 1284 424 t'
1294 405 1398 425 verum
1409 401 1453 424 est
1463 395 1670 434 quidem,quia
1683 396 1781 434 spinas
1790 400 1820 423 et

253 453 376 482 tribulos
395 460 495 480 omnes
511 451 629 489 iniquos,
644 449 795 478 hoereticos
814 446 976 486 appellavit
988 456 996 472 .-
1010 451 1108 473 tamen
1113 443 1249 483 forsitan
1266 442 1361 470 sciens
1374 441 1519 470 Dominus
1529 441 1607 470 hanc
1620 441 1751 470 hoeresim
1761 449 1821 469 esse

250 498 470 539 proevalituram
482 506 543 536 proe
558 496 703 531 omnibus,
717 493 839 523 tribulos
852 502 902 522 cos
923 491 1101 531 appellavit,
1116 490 1201 530 quasi
1219 489 1371 519 Trinitatis
1383 490 1578 530 professores,
1593 493 1622 516 et
1643 486 1823 526 triangulam

252 546 430 584 impietatem
447 543 478 572 in
496 553 551 572 sua
562 542 687 582 perfidia
703 541 882 581 bajulantes.
898 540 950 571 Hic
961 547 1051 569 autem
1065 539 1187 578 loquitur
1201 538 1235 567 de
1244 538 1376 568 Trinitate
1384 546 1558 578 personarum
1568 533 1724 574 aequalium,
1738 543 1821 571 quam

253 589 416 625 damnabant
439 587 543 625 Ariani,
559 594 585 617 et
606 597 687 626 quam
708 586 753 616 hic
775 586 890 626 scriptor
909 596 980 626 saepe
996 585 1132 625 repudiat.
1149 586 1207 614 Hoc
1220 584 1335 624 impium
1348 583 1452 613 dictum
1467 581 1577 621 reliquit
1590 580 1617 610 in
1631 578 1759 610 Editione
1771 589 1821 609 sua

254 634 408 670 Mahusius‚
423 634 472 664 etsi
486 633 623 663 manifeste
635 633 783 663 Ecclesiam
791 633 958 663 Catholicam
975 632 1096 672 impetat,
1110 641 1192 670 quam
1207 631 1252 660 hic
1265 637 1291 660 et
1304 629 1371 660 alibi
1384 628 1568 670 praevaluissc,
1579 633 1605 656 et
1618 635 1699 666 supra
1717 631 1825 654 πίει-ιε

254 682 367 711 haereses
379 680 562 720 principatum
575 679 723 708 obtinuisse
742 678 820 715 dicit,
833 685 860 708 et
871 677 982 717 quidem
995 689 1010 707 a
1023 684 1141 717 tempore
1154 676 1312 714 Theodosii,
1327 675 1435 716 quaudo
1446 674 1592 705 certissime
1606 671 1674 702 fides
1686 669 1825 700 Catholica

255 739 338 768 supra
350 736 443 756 omncs
452 733 534 756 sectas
547 725 701 765 praevaluit.
711 726 747 756 Et
759 725 862 756 Homil.
875 726 915 754 29
925 724 1008 764 paulo
1021 730 1082 753 ante
1094 723 1190 752 finem:
1204 723 1262 752 Sed
1261 724 1348 763 sorte
1357 723 1428 752 dicit
1440 722 1602 756 haereticus,
1610 718 1717 748 volens
1727 722 1822 746 osten-

256 776 325 805 dere
333 776 454 804 Patrem
462 780 491 803 et
501 773 613 803 Filium
623 782 714 802 unum
725 772 776 801 vel
787 771 931 812 oequalem
941 782 949 799 .-
960 771 1030 800 Non
1038 776 1082 800 est
1096 771 1140 799 ita
1149 770 1358 810 intelligendus
1370 770 1418 798 hic
1429 768 1521 804 locus,
1531 767 1584 796 scd
1593 767 1652 795 sic:
1661 764 1692 794 Si
1705 773 1758 803 ego
1768 762 1820 791 sub

255 828 398 861 potestate
408 821 593 860 constitum-5,
601 828 718 859 possum
723 819 827 858 jubere
837 819 890 854 eis,
899 819 952 857 qui
967 818 1019 846 sub
1032 827 1096 846 mea
1105 823 1173 846 sunt
1180 822 1322 856 potestate
1332 826 1340 844 .-
1351 822 1462 855 quanto
1472 814 1563 854 magis
1573 819 1604 842 tu
1616 819 1667 842 etc.
1682 811 1734 842 Hic
1746 818 1827 850 porro

257 867 420 907 omniaquae
441 866 565 896 haeresim
587 865 715 894 Arianam
735 864 879 904 sapiebant*
891 863 1000 893 sustulit
1012 863 1164 893 Mahusius.
1177 863 1213 893 Et
1224 862 1342 893 nomilia
1353 862 1392 892 28
1406 861 1487 901 paulo
1515 866 1575 890 ante
1586 858 1715 895 medium,
1727 856 1757 885 in
1772 856 1828 884 baec

258 915 352 952 verba,
369 915 477 944 Omnia
492 914 563 942 mihi
579 913 690 942 tradita
702 918 770 941 sunt
786 921 806 940 a
819 911 911 940 Patre
925 920 999 946 meo,
1014 909 1054 939 sic
1064 909 1144 939 habet
1155 919 1162 936 z
1175 909 1207 938 A
1222 920 1280 950 quo
1294 909 1342 938 illi
1353 909 1463 938 tradita
1470 914 1550 943 sunt,
1563 909 1588 936 si
1599 915 1674 936 unus
1682 910 1725 935 est
1738 903 1830 933 Pater

260 969 289 991 et
299 962 414 991 Filius?
427 961 493 990 Aut
513 970 605 1000 quare
629 960 738 988 habere
755 969 814 987 non
826 964 952 998 poterat,
961 957 1017 987 nisi
1029 957 1140 986 tradita
1159 956 1208 986 illi
1222 957 1361 996 fuissent,
1373 958 1398 986 si
1412 966 1466 997 per
1477 957 1578 986 omnia
1595 955 1681 984 Patri
1699 961 1752 982 suo
1765 954 1828 979 erat

260 1009 404 1048 aequalisi’
418 1009 497 1038 Hunc
519 1017 600 1047 porro
614 1006 705 1036 locum
723 1005 853 1035 intactum
871 1005 980 1044 reliquit
993 1003 1149 1041 Mahusius,
1161 1003 1226 1043 quia
1246 1003 1328 1044 paulo
1345 1002 1415 1033 infra
1432 1002 1555 1043 quasdam
1576 1000 1755 1042 adjiciuntur,
1768 1006 1829 1036 quae

261 1054 386 1084 videntur
400 1054 435 1084 ad
451 1053 619 1084 Catholicam
630 1051 778 1082 doctrinam
792 1051 927 1081 accedere.

302 1100 356 1131 Sed
369 1101 440 1130 clare
451 1100 572 1131 Homilia
585 1100 624 1129 54
637 1099 719 1139 paulo
733 1105 794 1139 post
806 1098 938 1135 medium,
951 1098 977 1127 in
991 1098 1048 1127 haec
1059 1098 1152 1134 verba,
1159 1098 1241 1127 Dicit
1252 1098 1398 1127 Dominus
1406 1098 1502 1126 vinea·
1511 1095 1691 1136 procuratori
1698 1102 1763 1123 suo.
1775 1091 1830 1120 Cui

262 1148 463 1184 procuratori?
476 1145 545 1174 Sine
564 1145 653 1174 dubio
665 1145 764 1173 Filius
780 1145 851 1173 dicit
865 1144 986 1184 Spiritui
1003 1152 1116 1174 sancto.
1130 1145 1171 1174 Et
1182 1145 1207 1174 si
1226 1144 1368 1180 volueris,
1382 1143 1508 1173 concedo
1521 1143 1574 1172 tibi
1588 1146 1620 1170 ut
1637 1141 1730 1171 Pater
1743 1138 1825 1167 Filio

264 1193 353 1228 dicat,
362 1193 435 1221 Non
443 1202 541 1231 quaero
553 1198 650 1220 utrum
663 1190 761 1220 Filius
770 1193 807 1220 sit
818 1191 918 1220 Patris
929 1197 1113 1231 procurator,
1123 1197 1174 1220 aut
1183 1191 1306 1230 Spiritus
1317 1196 1435 1219 sanctus
1445 1189 1534 1219 Filii:
1545 1188 1599 1218 sed
1610 1188 1666 1217 hoc
1675 1187 1752 1222 dico,
1761 1185 1832 1225 quia

263 1244 435 1276 procurator
442 1238 544 1266 domus
554 1243 582 1265 et
589 1237 817 1277 paterfamilias,
825 1247 877 1265 nec
888 1238 1018 1276 ejusdem
1028 1238 1200 1266 substantioe
1211 1242 1332 1276 possunt
1343 1246 1415 1272 esse,
1424 1245 1477 1264 nec
1488 1244 1549 1264 una
1558 1243 1684 1274 persona
1697 1242 1770 1269 esse,
1779 1242 1832 1261 nec

266 1284 390 1324 aequalis
403 1284 542 1322 dignitas.
553 1283 584 1312 Si
598 1293 665 1322 ergo
677 1283 755 1311 alter
766 1283 995 1323 paterfamilias,
1004 1283 1081 1312 alter
1086 1289 1258 1322 procurator
1266 1283 1512 1324 patrisfamilias,
1518 1281 1662 1321 quomodo
1672 1280 1767 1309 locum
1776 1280 1831 1308 ha-

267 1332 344 1360 bebit
356 1331 476 1358 ternitas
491 1335 543 1358 tua
554 1331 567 1356 P
575 1328 607 1357 Si
621 1335 717 1356 autern
727 1328 857 1367 ejusdem
868 1330 1037 1357 substantia.²
1054 1330 1109 1357 iste
1122 1334 1174 1364 est,
1184 1335 1213 1357 et
1224 1335 1266 1357 est
1280 1330 1385 1365 minor,
1398 1329 1538 1367 injuriam
1546 1326 1629 1367 facit
1648 1326 1830 1355 substantie.

266 1375 298 1405 Si
314 1386 385 1405 vero
400 1384 460 1404 non
474 1373 597 1413 oequalis
616 1373 756 1412 dignitas,
769 1374 913 1412 quomodo
925 1384 985 1402 una
1005 1375 1192 1403 substantia?
1202 1374 1266 1403 Haec
1285 1384 1366 1412 porro
1378 1373 1468 1403 omnia
1480 1372 1589 1402 sustulit
1601 1369 1755 1406 Mahusius,
1770 1369 1833 1399 licet

269 1421 352 1461 primi
363 1420 478 1450 auctoris
489 1426 515 1449 et
528 1419 638 1459 stylum,
652 1425 678 1448 et
689 1419 796 1454 seriem,
809 1425 835 1448 et
847 1418 997 1448 doctrinam
1010 1418 1166 1448 exhibeant.

308 1467 428 1498 Humilia
436 1476 500 1497 vero
514 1465 650 1504 trigesima
663 1464 756 1503 quinta
775 1465 846 1494 circa
859 1464 978 1494 medium
991 1465 1019 1494 in
1029 1465 1088 1494 haec
1101 1465 1195 1502 verba,
1210 1465 1280 1494 Non
1289 1471 1332 1494 est
1344 1474 1439 1494 meum
1451 1464 1523 1493 dare
1536 1461 1673 1500 vobi5,ita
1692 1461 1830 1501 loquitur:

278 1513 356 1552 Quid
376 1514 466 1550 ergo?
481 1513 619 1540 mentitus
638 1516 680 1539 est
704 1511 837 1540 Christus
858 1511 969 1546 dicens,
980 1511 1052 1540 Non
1067 1516 1110 1540 est
1128 1511 1332 1540 meumPNon.
1354 1511 1456 1540 Omnis
1473 1510 1551 1539 enim
1577 1510 1628 1549 qui
1646 1508 1735 1537 habet
1750 1512 1833 1545 pote-

268 1565 385 1596 statem,
398 1560 424 1587 si
438 1563 587 1596 acceptam
598 1557 687 1585 habet
701 1558 738 1585 ab
755 1557 826 1593 alio,
840 1556 922 1585 illius
937 1563 980 1585 est
991 1566 1062 1585 vere
1080 1558 1132 1596 qui
1150 1556 1242 1585 dedit.
1254 1557 1334 1586 Nam
1347 1556 1421 1595 quid
1429 1556 1556 1585 habebat
1567 1554 1664 1583 Filius
1673 1553 1831 1593 proprium,

268 1615 335 1634 cum
349 1607 408 1644 ipse
420 1615 479 1633 non
490 1609 562 1632 esset
576 1613 657 1638 suus,
667 1603 719 1631 sed
729 1604 830 1632 Patris
839 1605 852 1630 Ρ
867 1604 947 1642 Ergo
961 1604 1041 1632 inter
1050 1613 1116 1631 eum
1130 1603 1213 1641 cujus
1236 1613 1296 1631 non
1310 1608 1364 1639 est,
1378 1608 1408 1631 et
1428 1603 1504 1632 inter
1520 1612 1587 1632 eum
1607 1604 1692 1642 cujus
1713 1607 1767 1638 est,
1781 1611 1835 1632 nec

269 1661 329 1680 una
349 1660 475 1689 persona
493 1655 548 1686 est,
561 1658 613 1677 nec
629 1649 754 1688 aequalis
771 1653 910 1688 potestas.
926 1648 958 1677 Si
974 1650 1052 1678 enim
1068 1658 1145 1678 unus
1162 1649 1243 1677 Deus
1263 1654 1292 1678 et
1304 1649 1397 1678 Pater
1411 1655 1441 1678 et
1459 1649 1566 1686 Filius,
1577 1656 1628 1680 aut
1638 1655 1714 1678 certe
1729 1656 1834 1689 potest,

269 1704 322 1726 aut
343 1703 420 1726 certe
435 1706 496 1725 non
504 1701 607 1735 potest.
627 1696 698 1734 Quis
713 1695 789 1724 vidit
803 1695 893 1724 talem
905 1705 998 1725 unum
1008 1695 1105 1724 Deum
1119 1695 1263 1724 calestem
1285 1695 1390 1732 colere,
1401 1696 1453 1734 qui
1468 1695 1500 1724 in
1516 1695 1639 1724 dimidio
1656 1701 1760 1734 potens
1779 1701 1834 1732 est,

270 1746 340 1773 etin
364 1744 486 1772 dimidio
503 1744 646 1782 impotens
658 1744 671 1769 Ρ
682 1742 748 1770 Aut
762 1744 827 1781 quis
847 1742 916 1771 illos
935 1748 1018 1782 putet
1040 1742 1179 1781 aequales,
1195 1752 1319 1782 quorum
1339 1752 1399 1771 non
1412 1748 1455 1772 est
1474 1741 1598 1781 oequalis
1609 1744 1759 1780 potestas?
1773 1742 1837 1771 liaec

271 1796 403 1830 postrema
417 1789 452 1817 ab
466 1788 510 1817 his
523 1788 624 1824 verbis,
640 1788 720 1827 Ergo
732 1789 810 1816 inter
823 1798 889 1817 eum
903 1794 967 1825 etc„
982 1787 1094 1816 abstulit
1108 1788 1264 1817 Mahusius.

311 1835 429 1866 Humilia
441 1845 504 1864 vero
517 1833 719 1873 quadragesima
727 1834 821 1873 quinta
834 1841 894 1863 ante
912 1834 995 1863 finem
1004 1834 1032 1863 in
1044 1834 1101 1863 haec
1111 1834 1205 1871 verba,
1218 1834 1341 1874 Implete
1351 1844 1514 1864 mensuram
1521 1840 1640 1874 patrum
1660 1838 1837 1871 vestrorum,

271 1884 328 1913 lnaec
339 1883 396 1912 ait:
413 1883 629 1921 Consequenter
647 1888 675 1910 et
694 1882 836 1911 haereticis
856 1882 964 1911 dicitur
979 1883 1043 1911 hoc.
1071 1882 1197 1921 Quando
1218 1884 1295 1911 enim
1316 1883 1401 1912 vides
1414 1883 1572 1918 hoereticos,
1593 1887 1649 1911 tres
1666 1891 1719 1921 per
1739 1884 1839 1911 omnia

273 1930 401 1969 aequales
414 1929 542 1957 dicentes
556 1928 684 1967 ejusdem
699 1938 760 1957 esse
768 1929 950 1965 substantia»,
966 1930 1095 1968 ejusdem
1109 1930 1302 1966 auctoritatis,
1316 1930 1378 1958 sine
1388 1930 1532 1970 principio
1546 1937 1655 1964 omnes,
1671 1928 1724 1957 hos
1735 1928 1839 1967 aliqua

271 1982 356 2014 parte
377 1976 519 2003 distantes
536 1984 556 2002 a
565 1983 607 2009 se,
621 1984 680 2003 non
701 1977 812 2004 mireris
826 1987 834 2004 .·
850 1975 972 2014 implent
990 1977 1068 2004 enim
1082 1986 1248 2005 mensuram
1265 1982 1384 2015 patrum
1394 1986 1512 2006 suorum
1522 1977 1687 2016 gentilium,
1699 1976 1839 2016 quoniam

275 2028 302 2050 et
316 2022 364 2050 illi
376 2021 511 2050 similiter
525 2021 631 2049 multos
642 2021 710 2050 deos
724 2023 871 2051 colebant.
890 2022 1015 2061 Quando
1030 2023 1115 2051 vides
1129 2030 1188 2057 eos,
1204 2028 1261 2051 tres
1271 2033 1360 2052 unam
1372 2033 1525 2062 personam
1545 2025 1684 2060 dicentes,
1699 2028 1728 2051 et
1745 2024 1838 2061 ipsam

275 2077 337 2097 esse
354 2068 449 2096 Deum
462 2067 594 2104 Patrem,
609 2068 704 2097 Deum
725 2069 848 2106 Filium,
862 2070 959 2099 Deum
972 2069 1111 2109 Spiritum
1122 2076 1267 2105 sanctum,
1276 2060 1340 2098 'non
1353 2071 1465 2099 mireris
1478 2083 1486 2098 .-
1499 2070 1670 2099 Judaeorum
1687 2071 1765 2098 enim
1785 2080 1838 2108 pa-

277 2121 353 2143 trum
365 2124 482 2143 suorum
501 2114 624 2154 implent
639 2125 815 2145 mensuram.
831 2117 879 2146 Sic
891 2118 967 2146 enim
979 2123 1007 2145 et
1017 2116 1064 2144 illi
1077 2126 1189 2155 semper
1200 2127 1291 2146 unum
1305 2116 1352 2145 De
1361 2127 1410 2145 um
1431 2116 1554 2145 Patrem
1568 2117 1714 2154 colebant,
1729 2116 1840 2145 Filium

277 2171 338 2190 non.
350 2161 519 2200 confitentes
529 2162 625 2190 Deum
633 2168 698 2200 post
708 2163 837 2191 Patrem.
851 2164 976 2202 Quando
986 2163 1070 2192 vides
1084 2173 1132 2192 eos
1147 2163 1316 2202 confitentes
1333 2172 1369 2191 ac
1381 2163 1520 2198 dicentes,
1539 2163 1611 2201 quia
1621 2161 1718 2191 Filius
1728 2161 1766 2190 dc
1777 2163 1841 2201 ipsa

276 2209 377 2238 Patris
391 2209 556 2237 substantia
574 2211 723 2246 processit,
736 2211 810 2239 sicut
831 2216 858 2238 et
878 2211 971 2239 omnis
971 2210 1061 2250 filius
1070 2210 1230 2250 corporalis
1251 2211 1288 2239 de
1298 2219 1416 2249 corpore
1426 2210 1529 2249 patris,
1541 2216 1571 2239 et
1580 2216 1677 2238 actum
1691 2209 1842 2238 carnalem

278 2255 428 2295 applicant
442 2255 555 2294 spiritui
565 2255 737 2293 impassibili
747 2262 775 2284 et
793 2257 937 2285 invisibili
949 2269 956 2285 :
969 2266 1108 2296 cognosce
1123 2257 1194 2296 quia
1205 2266 1370 2285 mensuram
1383 2256 1504 2295 implent
1512 2262 1630 2295 patrum
1643 2266 1759 2286 suorum
1772 2265 1842 2295 gen·

279 2302 386 2330 tilium.
402 2302 444 2330 Et
462 2302 509 2330 illi
522 2302 599 2329 enim
614 2301 687 2331 tales
705 2303 773 2330 deos
798 2303 945 2341 colebant,
961 2306 1012 2343 qui
1024 2304 1185 2333 secundum
1208 2313 1326 2332 carnem
1336 2309 1364 2332 et
1384 2304 1600 2342 generabantur
1609 2309 1638 2331 et
1655 2302 1842 2342 generabant.

244 2368 270 2383 ‚x
282 2348 407 2386 Quando
425 2348 508 2376 vides
526 2357 574 2376 eos
588 2347 728 2384 dicentes,
738 2359 844 2387 purum
866 2349 1013 2378 hominem
1034 2349 1205 2389 crucifixura
1216 2354 1244 2377 et
1257 2350 1358 2377 anima
1370 2354 1398 2378 et
1415 2358 1544 2388 corpore,
1554 2359 1613 2377 non
1624 2349 1720 2377 Deum
1735 2348 1768 2375 in
1780 2356 1843 2375 cor-

277 2403 347 2432 pore
357 2393 463 2429 solum,
478 2393 509 2421 in
526 2403 584 2432 quo
602 2393 687 2422 nulla
707 2401 778 2423 esset
796 2394 936 2423 divinitas
949 2407 958 2423 .·
970 2396 1042 2424 scito
1058 2396 1198 2435 quoniam
1215 2395 1339 2434 implent
1358 2404 1524 2424 mensuram
1542 2394 1712 2424 Judoeorum
1721 2399 1840 2433 patrum

279 2450 397 2469 suorum
411 2451 422 2468 .·
437 2450 507 2468 nam
522 2445 550 2468 et
564 2439 612 2468 illi
619 2450 724 2478 purum
739 2441 884 2469 hominem
897 2451 927 2469 se
939 2442 1118 2481 crucifixisse
1139 2441 1300 2478 credentes,
1315 2442 1453 2470 dicebant
1463 2441 1504 2469 ad
1513 2439 1660 2479 apostolos
1674 2451 1681 2467 :
1693 2439 1843 2479 Ecce-enirn

279 2486 439 2525 implevistis
459 2485 608 2516 Jerusalem
628 2485 749 2515 doctrina
766 2493 865 2522 vestra,
880 2493 905 2515 et
916 2486 999 2515 vultis
1021 2486 1147 2516 inducere
1168 2498 1249 2526 super
1263 2498 1310 2517 nos
1325 2487 1484 2528 sanguinem
1496 2485 1574 2515 istius
1584 2484 1712 2514 hominis.
1724 2484 1755 2513 Si
1765 2485 1843 2512 enim

281 2533 367 2561 homo
381 2543 471 2572 purus
490 2539 532 2561 est
548 2543 663 2572 passus,
674 2533 789 2561 dimitto
805 2543 812 2559 τ
827 2534 899 2572 quia
911 2543 962 2561 nos
975 2543 1050 2562 mors
1063 2534 1201 2571 hominis,
1217 2544 1277 2563 non
1285 2535 1355 2572 Dei,
1365 2531 1657 2570 salvarit-Sed-dicffi
1672 2531 1772 2560 Judoei
1784 2530 1844 2558 tale

280 2579 585 2619 peccaturnsecerunt,
596 2579 685 2619 quale
685 2579 766 2620 facit
780 2580 831 2618 qui
848 2580 993 2608 hominem
1017 2580 1134 2616 occidit,
1149 2590 1206 2609 non
1228 2581 1334 2609 Deum.
1352 2578 1477 2618 Quando
1489 2577 1574 2608 vides
1585 2587 1633 2607 eos
1641 2581 1845 2615 persequentes
