1890 2826
597 200 732 224 CONTRA
757 200 933 234 THEATRA,
962 202 1039 226 E'rc.
1068 202 1190 227 sssnmo.

113 260 160 292 καὶ
172 260 282 296 ἄλάλος,
293 260 338 290 καὶ
360 261 376 290 ἀ
397 260 531 300 ελέστερος
544 260 590 290 καὶ
603 261 737 301 προὸάτου
750 262 815 302 πρὸς
829 262 877 300 μό-

112 311 159 335 νην
174 299 266 339 βλέπει
278 298 327 335 τὴν
345 271 440 334 δεξιὰν,
452 300 485 335 ἣν
500 300 628 333 πολλάκις
646 302 683 334 ὡς
704 301 875 340 φιλοστόργου

110 339 209 378 πατρὸς
223 338 398 379 κατεφίλησε,
412 339 484 379 τάχα
498 339 583 369 δὲκαὶ
602 342 657 376 νῦν,
682 340 750 379 μετὰ
773 343 818 377 τοῦ
841 340 877 375 ξί-

110 389 173 417 φους
186 378 315 418 ἐχομένην
330 378 412 415 αὐτὴν
424 381 438 408 ὁ
455 381 501 415 ῶν,
515 380 695 419 καταφιλῆσαι
714 380 792 410 θέλει.ι
802 381 876 410 Πολ-

110 417 155 446 λαί
180 429 221 447 σοι
243 418 353 456 ποιμναὶ
376 430 427 458 προ
446 419 525 456 άτων,
537 418 671 455 δέσποτα,
689 421 756 458 βοῶν
781 420 876 459 ἀγέλαι

110 456 222 486 πολλαί·
236 458 266 486 ἐκ
277 456 375 487 τούτων
394 457 535 498 πλήρωσον
550 458 598 494 τὴν
620 459 710 488 θυσίαν
724 460 777 488 τῶν
800 457 875 488 θυσί-

110 508 176 534 μων,
190 498 243 525 τῶν
267 496 468 536 νενομισμένων,
483 499 512 527 οὖ
533 499 586 527 τῶν
601 498 702 528 ἀθύτων
717 498 762 528 καὶ
785 498 874 539 ἀὸρώ-

109 547 171 565 των.
183 536 275 569 Πάσας
286 538 322 569 εἰς
335 536 363 565 ἓν
374 537 573 576 ὁλοκάρπωσον,
593 538 616 566 εἷ
631 537 734 576 βούλει,
748 538 796 571 τὰς
809 537 874 577 ἀγέ-
889 545 908 569 Β

108 575 156 608 λας
167 586 174 594 ·
187 577 235 605 οὐκ
245 575 415 644 ἀντιλέγομεν
424 588 431 595 ·
442 577 546 615 ἔννομος
557 577 609 616 γὰρ
619 580 667 613 τῆς
678 577 767 612 θυσίας
776 578 874 614 ταύτης

109 616 126 650 ἡ
141 615 278 654 φιλοτιμία
288 627 295 634 ·
308 616 339 645 τὸ
394 619 438 645 νῦν
452 616 631 656 πραττόμενον
646 617 760 655 πόλεμος
773 619 874 656 μᾶλλον

107 653 126 689 ἢ
151 653 243 690 θυσία,
256 655 396 695 πολιορκία
419 668 473 691 τις,
492 657 522 685 οὗ
542 656 689 696 προσφορά.
705 658 799 686 Ταῦτα
821 657 873 697 γὰρ

108 693 807 769 ἷῗχόῧενῖζῗῗΐιέ”ῗζῗῗζέτῖπεΞάῗξῗιῖῗθῖνμέυξῗῖἶέ
820 708 874 765 ἷῗὲ

107 744 174 801 ἵνάιο
165 744 225 810 μς.
216 772 342 812 πάθωμεν
356 774 495 842 egl-6920«.
509 747 611 803 Τὸχῖίύν
629 776 704 814 ἔργον
717 757 874 815 ὀλεθριωτε-

109 822 152 851 ρον
172 811 217 840 καὶ
229 813 355 851 πολέμου.
395 813 450 853 α’χα
470 813 521 852 γὰρ
533 813 564 842 ἂν
586 813 709 854 ἐφείσατο
733 814 778 844 καὶ
791 815 874 844 πολέ-

109 862 181 889 μιος,
195 853 240 880 τοῦ
254 852 312 881 νέου
324 852 372 888 τὴν
386 864 436 891 μορ
475 864 498 888 ν,
519 853 568 888 τὴν
581 853 686 888 ἡλικίαν
700 855 780 883 αὐτοῦ
794 866 874 884 κατε-

108 890 215 925 λεήσας.
230 892 294 925 Πῶς
307 891 423 927 οἰκήσεις
445 904 472 922 τι
485 894 537 921 τῶν
546 893 702 923 Χαναναίων
713 893 762 929 τὴν
773 894 875 933 χώραν,

107 929 216 965 νικήσας
237 930 306 960 οὕτω
328 931 374 960 καὶ
398 931 494 970 θηρίων
518 931 661 970 ὠμότητα;
674 933 756 972 Τάχα
778 933 874 967 πάντες

108 969 295 1017 ἐπιστήσονταί
308 981 350 1020 σοι
361 973 413 1000 τῶν
428 971 584 1022 Χαναναίων
606 974 630 1001 οἱ
649 973 757 1021 παῖδες,
776 973 875 1022 ἀνέλω-

106 1009 296 1082 Ξξῖἒοῗέἔῖἶίἔ
301 1021 551 1089 ’πῗέάέἷῗζζέῗζῗέ
555 1011 706 1091 ’ῆῇἶτέἳέἷέ
711 1023 875 1091 ρῗαῖζῖεἶῖῗῖ

106 1086 240 1128 Ἕκκοψον
254 1088 282 1117 δὲ
295 1088 341 1117 καὶ
361 1088 392 1118 σὺ
413 1089 462 1124 τὴν
477 1090 608 1130 φιλόξενον
629 1092 701 1130 δρῦν,
715 1090 764 1125 τὴν
778 1091 873 1131 φιλάν-

107 1129 210 1166 θρωπον
236 1127 354 1163 σκηνὴν,
374 1127 429 1167 ἔμπ
465 1141 510 1159 σον
537 1130 628 1166 αὐτὴν,
651 1132 687 1163 ὡς
712 1130 756 1159 τὸν
781 1132 872 1160 παῖδα.
889 1133 908 1157 C

107 1166 202 1200 Οὐδεὶς
215 1167 266 1206 γὰρ
280 1167 485 1204 ἔτιπλησιασαι
499 1181 539 1199 σοι
553 1172 605 1198 τῶν
618 1169 759 1198 ὁδευόντων
771 1170 873 1209 τολμή-

106 1217 162 1242 σει,
178 1205 294 1239 ὕποπτος
308 1208 395 1240 αὐτοῖς
413 1207 548 1248 ὑπάρχων,
562 1211 576 1238 ὁ
591 1210 646 1238 υἱοῦ
659 1208 696 1247 μὴ
710 1210 873 1249 φεισάμενος.

108 1246 172 1278 Πῶς
186 1241 230 1274 οὖν
244 1248 261 1281 ἡ
277 1245 354 1275 ἀθλία
375 1258 405 1276 σε
418 1247 528 1288 Σάρῤα,
540 1250 558 1282 ἡ
569 1247 688 1287 ἡμετέρα
703 1248 844 1286 δέσποινα,
855 1252 872 1285 ἡ

106 1284 140 1320 σὴ
155 1284 204 1323 μὲν
221 1284 350 1321 σύνοικος,
364 1288 382 1321 ἡ
395 1286 488 1316 τούτου
503 1287 530 1316 δὲ
546 1287 644 1327 μήτηρ,
670 1287 775 1328 ὄψεται,
795 1289 875 1328 ἁγιώ-

105 1335 181 1364 τερον
201 1325 231 1354 ἐκ
249 1327 298 1360 τῆς
312 1324 401 1359 θυσίας
427 1326 471 1355 τὸν
497 1327 579 1355 παῖδα
600 1327 816 1367 προσδεχομένης
836 1328 874 1358 Τί

104 1363 158 1403 γὰρ
180 1363 294 1403 νομίζεις
305 1366 399 1394 παθεῖν
423 1365 505 1401 αὐτὴν
531 1365 630 1406 ἔρημον
649 1370 695 1396 τοῦ
715 1367 807 1397 τέκνου
827 1367 871 1397 τὸν

104 1402 208 1443 πατέρα
223 1403 388 1442 θεασαμένην
398 1415 407 1440 ;
418 1405 490 1445 Οὐχὶ
503 1409 623 1435 πεσεῖται
647 1407 683 1440 εἷς
701 1408 751 1445 γῆν
773 1407 873 1447 ἀθυμίᾳ

104 1443 226 1480 λυθεῖσα;
243 1444 272 1472 οὗ
296 1444 465 1483 παραχρῆμα
487 1444 646 1475 κινδυνεύσει
667 1449 800 1483 πεσοῦσα;
824 1448 871 1476 οὐκ

105 1481 243 1515 ἀπολέσεις
256 1482 324 1521 μετὰ
341 1486 388 1512 τοῦ
402 1484 458 1512 υἱοῦ
472 1484 517 1513 καὶ
532 1484 579 1520 τὴν
594 1484 727 1521 σύνοικον;
742 1487 805 1519 Πῶς
826 1482 870 1515 οὖν

105 1521 186 1550 ἄλλον
199 1521 292 1551 Ἰσαὰκ
311 1522 486 1572 γεωργήσας,
500 1524 631 1559 δέσποτα,
644 1524 821 1564 πετρωθείσης
832 1528 871 1565 τῷ

106 1560 210 1600 θανάτῳ
224 1563 272 1596 τῆς
282 1573 389 1600 χωρας,
403 1561 450 1595 Ὡς
471 1562 524 1591 εἴθε
540 1564 607 1601 μηδὲ
620 1563 669 1599 τὴν
691 1565 775 1603 ἀρχὴν
792 1564 870 1601 ἐλύθη

105 1601 152 1634 τῆς
166 1600 224 1639 Σάῤ
241 1612 272 1633 ας
285 1603 303 1635 ἡ
317 1600 468 1639 στείρωσις,
481 1600 524 1630 ἵνα
547 1602 578 1631 σὺ
594 1602 663 1640 μήτε
685 1603 789 1642 πατὴρ,
804 1603 870 1641 μήτε

105 1639 202 1668 παιδοκ
247 1650 275 1671 ος
294 1639 417 1674 ἐκλήθης.
431 1641 509 1673 Ποῑος
523 1641 587 1670 αἰὼν
601 1641 669 1670 οὕτω
679 1643 779 1681 μακρὸς
801 1642 870 1680 λήθη

105 1676 222 1717 καλύψαι
237 1678 377 1713 δυνήσεται
395 1678 426 1708 τὸ
448 1679 646 1719 πραττόμενον,
660 1682 719 1710 Οὐκ
739 1681 751 1710 ἴ
786 1674 882 1711 υσενίδ4

105 1716 242 1755 παρελθὼν
266 1717 359 1757 χρόνος
380 1717 411 1747 τὸ
433 1720 481 1752 τῆς
503 1719 703 1759 ἀδελφοκτονίας
726 1693 871 1760 ἀτῖἓλεῑψαι

104 1758 116 1771 “
125 1760 209 1794 μῖσος,
222 1757 281 1786 ἀλλ’
295 1756 335 1785 ἔτι
348 1756 394 1786 καὶ
407 1760 450 1786 νῦν
460 1758 568 1797 ψέγεται
582 1759 660 1796 Κᾶἴν,
674 1762 710 1792 ὡς
723 1759 760 1799 μὴ
773 1771 827 1799 γνω
845 1760 869 1789 ί-

104 1794 608 1868 13Q3⁶33÷5QJ55⁶2322353252
615 1799 703 1874 fs*
728 1801 807 1874 ert?
822 1799 871 1874 εἰς

105 1847 306 1914 ἀδελφοκτόῖίας
317 1875 364 1904 οῦδ
394 1875 490 1911 πλήθει
513 1861 643 1906 τοσούτων
666 1850 784 1907 ὓδάῗτωνμ
790 1877 870 1907 ἐκπέ-

103 1914 210 1943 πλυται.
238 1914 317 1953 Παρὰ
343 1913 410 1944 πολὺ
436 1915 464 1944 δὲ
487 1916 654 1950 τεκνοκτόνος
683 1917 871 1957 ἀδελφοκτόνον

105 1952 257 1992 βαρύτερον,
269 1953 314 1982 καὶ
327 1957 450 1984 τοσοῦτον
462 1955 524 1984 ὅσον
538 1956 601 1985 ἀδελ
621 1959 650 1985 οῦ
670 1956 759 1996 πατὴρ
773 1956 870 1987 οἰκειό-

104 2004 186 2032 τερος.
198 1992 235 2021 Τί
250 1993 345 2028 τοίνυν,
368 1994 498 2029 δέσποτα,
523 1998 595 2025 θεοσε
615 2000 638 2025 εῑ
660 1996 706 2025 καὶ
726 1998 868 2035 flavitae-t*

105 2030 155 2071 βίῳ
169 2033 196 2060 αἰ
228 2031 295 2071 ,ύνην
316 2032 423 2072 ἐπάγεις
446 2034 586 2071 ἀθάνατον,
599 2037 628 2064 οὐ
650 2047 657 2052 ·
672 2035 738 2075 ρόνῳ
761 2008 872 2075 δυναμὲἶ

104 2082 151 2105 νην
166 2070 210 2104 ἐξα
243 2073 359 2111 ιφθῆναι,
371 2074 421 2112 οὐχ
433 2073 518 2102 ὕδασι.
531 2075 615 2113 Δεῦρο
627 2046 675 2110 δέ,
687 2075 777 2105 λοιπὸν
792 2075 871 2104 ἄκου-

105 2121 150 2139 σον
161 2111 247 2148 ἡμῶν,
261 2111 306 2140 καὶ
319 2112 372 2140 τῶν
392 2113 495 2150 δεσμῶν
508 2113 553 2142 τὸν
571 2114 627 2142 υἱὸν
650 2114 713 2153 ἄφες
726 2114 870 2154 ἐλεύθερον,

106 2149 180 2187 ῥῖψον
193 2149 224 2178 τὸ
245 2148 327 2189 ξίφος,
340 2150 477 2190 σὸέσωμεν
490 2152 521 2182 τὸ
533 2155 599 2191 πῦρ,
615 2153 691 2182 αὐτὸν
712 2153 756 2183 τὸν
782 2154 870 2192 βωμὸν

105 2187 318 2227 κατασκάψωμεν
329 2201 336 2207 ·
358 2189 439 2227 μηδὲν
465 2190 532 2224 ὅλως
559 2191 631 2231 ἴχνος
654 2192 733 2228 ἐάσης
758 2193 870 2222 ἀπίστου

104 2227 273 2264 τολμήματος
288 2228 332 2256 ἐπὶ
343 2230 401 2267 γῆς.
415 2230 449 2258 Εἰ
463 2229 491 2258 δὲ
514 2231 629 2264 ἀπειθεῖς
650 2225 717 2269 μετ-ἀ
739 2233 870 2267 τοσαύτην

104 2277 142 2294 πα
161 2265 266 2301 αίνεσιν,
287 2266 332 2295 καὶ
355 2269 462 2307 πονηρῷ
488 2269 640 2308 φιλονεικεῖς
666 2271 871 2306 διακονήσασθαι

106 2277 225 2343 δαίμονι,
239 2308 316 2334 τοῦτο
337 2306 414 2344 μόνον
428 2306 555 2346 δεόμεθα,
575 2308 694 2347 πρώτους
717 2310 870 2339 ἀπόκτεινον

104 2345 175 2382 ἡμᾶς
184 2366 192 2379 ,
204 2344 249 2373 καὶ
263 2344 346 2379 ἡδέως
360 2345 488 2385 δεχόμεθα
499 2346 547 2382 τὴν
562 2348 674 2386 σφαγήν.
687 2347 807 2387 Ἄμεινον
820 2349 855 2388 γὰ
885 2360 905 2384 Ε

104 2385 168 2420 ἡμῖν
183 2384 293 2413 ἐνταῦθα
313 2389 412 2419 πεσεῖν,
427 2384 444 2420 ἢ
459 2385 565 2418 δούλους
578 2387 707 2421 κληθῆναι
731 2389 828 2418 παιδοκ
885 2417 888 2423 7

106 2432 150 2450 νου
171 2422 307 2452 δεσπότου.
322 2424 385 2456 Πῶς
405 2419 459 2459 οὖν,
473 2428 581 2453 τοιαῦτα
605 2426 650 2454 καὶ
675 2426 802 2465 λεγόντων
826 2428 871 2457 καὶ

107 2462 275 2499 πραττόντων
295 2462 321 2496 ἐξ
336 2462 423 2496 ἀνοίας
437 2465 489 2492 τῶν
512 2464 619 2499 δούλων,
639 2466 653 2493 ὁ
667 2466 811 2506 προπάτωρ
825 2478 870 2496 κα-

107 2499 226 2535 οωσω’>θη
252 2503 291 2540 τῷ
317 2504 364 2530 τοῦ
394 2502 529 2532 Δεσπότου
551 2503 755 2544 προστάγματι,
770 2508 826 2540 πῶς
840 2506 871 2536 ἂν

146 2595 157 2606 ¹·
178 2584 270 2616 [Savil.
284 2591 349 2623 conj.
361 2592 449 2623 μῦσος-1

895 2024 897 2026 ¹
942 1989 1038 2019 eterior

1601 193 1672 229 665

929 262 1066 292 victimam
1073 274 1082 301 ;
1098 273 1184 302 neque
1198 273 1290 294 vocem
1299 263 1396 294 emittit
1405 271 1434 295 ut
1444 274 1540 304 agnus,
1552 264 1600 294 sed
1613 265 1682 296 sine'

929 312 994 331 voce
1001 309 1026 331 et
1036 309 1127 332 mutus
1130 303 1212 342 jacet,
1228 313 1330 342 oveque
1340 304 1491 349 simplicior
1503 304 1588 334 solam
1596 305 1670 335 videt

928 340 1078 378 dexteram,
1092 352 1171 380 quam
1186 353 1254 383 saepe
1265 350 1295 372 ut
1306 344 1480 373 amantissimi
1493 343 1578 383 patris
1588 355 1669 374 oscu-

927 380 998 410 latus
1021 387 1071 418 est,
1087 382 1207 420 forteque
1233 392 1304 411 nunc
1326 382 1417 419 etiam,
1439 394 1501 412 cum
1521 383 1596 413 videt
1609 394 1668 413 eam

928 419 1019 458 gladio
1033 420 1163 449 munitam
1187 422 1247 451 vult
1272 422 1399 451 osculari.
1424 422 1508 452 Multi
1529 422 1580 452 tihi
1605 430 1669 452 sunt

928 469 974 498 gre
992 470 1020 488 es
1033 460 1137 497 ovium,
1148 460 1221 498 here,
1237 461 1322 490 multa
1340 461 1423 490 boum
1432 468 1549 491 armenta
1557 473 1566 499 ς
1582 462 1615 491 iis
1624 473 1667 491 sa-

927 470 1060 528 criticium
1083 499 1176 538 imple,
1192 511 1252 538 quae
1266 506 1328 529 sunt
1349 500 1377 529 in
1390 500 1513 531 victimas
1527 501 1665 540 deputata,

927 547 980 567 non
994 538 1038 574 iis,
1053 549 1112 577 quae
1122 548 1170 568 nec
1186 539 1332 575 immolari,
1345 549 1394 568 nec
1416 540 1520 569 comedi
1542 548 1664 580 possunt.

927 578 1038 613 Omnes,
1048 578 1072 607 si
1085 578 1163 615 libet,
1178 589 1269 618 greges
1282 578 1391 607 immola
1401 590 1410 615 ;
1426 589 1478 608 non
1499 579 1667 609 contradici-

926 626 988 646 mus
1004 629 1011 644 ε
1026 616 1146 657 legitima
1166 618 1267 658 quippe
1277 624 1345 647 esset
1357 617 1515 648 hu'usmodi
1528 619 1557 648 in
1566 619 1668 648 sacrifi-

927 655 977 685 ciis
1001 656 1143 686 offerendis
1159 657 1320 695 liberalitas;
1335 628 1410 695 quod
1421 664 1509 687 autem
1521 669 1592 688 nunc
1603 659 1668 697 agi-

927 701 984 731 tur,
997 695 1102 725 bellum
1116 696 1203 735 magis
1210 703 1259 734 est,
1273 707 1354 735 quam
1365 696 1538 733 sacrificium3
1550 697 1666 734 obsidio,

927 744 981 763 non
991 734 1102 765 oblatio.
1116 735 1169 765 Illa
1181 736 1252 765 enim
1271 742 1407 775 precantes
1423 736 1550 775 patimur,
1566 747 1626 776 quae
1639 737 1668 766 in

927 773 1000 802 bello
1017 784 1050 803 ne
1063 774 1214 812 videamus,
1235 785 1394 815 precamur3
1409 782 1435 804 et
1455 775 1512 806 haec
1525 776 1555 806 in
1567 776 1669 806 sacrifi-

928 812 978 842 ciis
989 810 1162 850 sustinemus,
1185 825 1244 853 quae
1258 824 1291 843 ne
1314 814 1502 852 sustineamus,
1521 826 1611 855 preces
1622 816 1667 845 os—

927 852 997 882 ferre
1010 853 1140 882 solemus..
1150 853 1231 890 Quod
1247 864 1318 882 nunc
1331 853 1431 891 agitur,
1443 854 1516 884 bello
1529 855 1667 894 peruicio-

928 891 985 920 sius
1009 899 1059 921 est.
1078 893 1211 933 ,Fortassis
1237 892 1308 921 enim
1321 892 1416 928 hostis,
1432 893 1540 933 juvenis
1555 895 1668 924 formam

927 937 1083 970 {etatemque
1103 932 1263 969 miseratus,
1279 932 1439 971 pepercisset
1462 933 1498 962 ei.
1524 933 1668 970 Quomodo

923 969 980 1009 jam
991 970 1018 999 in
1030 977 1100 1000 terra
1111 971 1320 1000 Chananaeorum
1329 971 1499 1001 habitaturus
1509 983 1547 1008 es,
1560 972 1669 1012 quando

926 1009 1044 1039 ferarum
1073 1010 1257 1039 crudelitatem
1290 1010 1422 1050 superasti
1436 1011 1450 1040 Ξ)
1476 1013 1556 1041 Forte
1577 1023 1669 1042 omnes

929 1048 1143 1078 Chananaeorum
1156 1049 1207 1078 filii
1220 1050 1248 1078 in
1259 1055 1286 1078 te
1297 1049 1400 1079 irruent
1415 1061 1421 1077 :
1438 1050 1610 1087 Occidamus‚
1623 1052 1670 1082 ἱῃ..

928 1087 1031 1126 quient,
1047 1088 1098 1117 filii
1117 1089 1321 1124 interfectorem,
1336 1099 1370 1118 ne
1383 1090 1410 1117 in
1421 1090 1502 1119 caedjs
1510 1091 1668 1130 hujusmodi

928 1127 1083 1167 exemplum
1097 1128 1131 1157 sit
1142 1128 1264 1168 patribus
1278 1129 1388 1157 nostris.
1404 1129 1541 1159 Exscinde
1553 1137 1584 1159 tu
1595 1141 1667 1169 quo-

927 1177 979 1205 que
993 1166 1152 1206 hospitalem
1175 1167 1251 1196 illam
1273 1178 1413 1212 quercum,
1428 1168 1575 1208 benignum
1596 1170 1670 1199 illud

926 1206 1139 1243 tabernaculum,
1152 1206 1264 1236 incende
1277 1206 1348 1236 xllud
1360 1213 1391 1235 ut
1413 1207 1502 1237 filium
1512 1208 1666 1238 incendisti.

925 1245 1026 1274 Nullus
1036 1246 1107 1274 enim
1119 1246 1207 1276 viator
1219 1253 1245 1275 te
1256 1245 1330 1275 adire
1342 1245 1463 1283 audebit,
1475 1254 1566 1287 utpote
1578 1258 1669 1288 suspe-

925 1290 1009 1320 ctum,
1020 1284 1067 1323 qui
1091 1295 1125 1314 ne
1150 1285 1208 1314 filio
1230 1284 1339 1323 quidem
1350 1292 1396 1314 tuo
1412 1287 1573 1326 peperceris.
1588 1289 1667 1324 Quo-

925 1323 1006 1352 modo
1026 1334 1089 1363 ergo
1100 1324 1195 1353 misera
1206 1325 1281 1361 Sara,
1297 1324 1362 1354 hera
1386 1332 1486 1362 nostra,
1500 1326 1600 1366 conjux
1608 1334 1666 1364 tua,

924 1362 1007 1402 hujus
1020 1370 1115 1400 mater,
1128 1370 1154 1393 te
1164 1363 1297 1403 respiciet,
1313 1374 1372 1402 quae
1387 1364 1475 1394 filium
1489 1376 1524 1394 ex
1536 1366 1668 1396 sacrificio

924 1402 1081 1431 sanctiorem
1103 1409 1246 1432 venturum
1269 1404 1438 1443 exspectabat
1449 1404 1462 1433 Ρ
1489 1404 1565 1441 Quid
1588 1412 1674 1445 putas

924 1452 1062 1481 passuram
1083 1441 1159 1471 illam
1183 1452 1249 1477 esse,
1277 1453 1340 1471 cum
1360 1443 1460 1473 orbum
1482 1444 1540 1474 filio
1563 1452 1667 1484 patrem

923 1491 986 1510 cons
1007 1481 1090 1510 iciet?
1100 1482 1200 1510 'Annon
1224 1481 1252 1510 in
1264 1487 1363 1511 terram
1374 1482 1481 1511 decidet
1493 1494 1606 1513 moerore
1619 1494 1666 1513 so-

922 1519 992 1548 luta.
1011 1530 1098 1549 annon
1112 1520 1201 1550 statim
1212 1519 1319 1560 delapsa
1334 1521 1552 1560 periclitabitur?
1576 1533 1668 1552 annon

923 1558 1018 1598 perdes
1031 1569 1093 1588 cum
1106 1559 1164 1588 filio
1182 1569 1293 1587 uxorem
1301 1559 1315 1587 Ξ)
1340 1560 1486 1596 Quomodo
1497 1560 1581 1598 alium
1593 1563 1665 1591 Isaa-

924 1608 986 1626 cum
1003 1608 1085 1634 seres,
1100 1597 1164 1627 here
1181 1604 1283 1634 noster,
1298 1608 1360 1626 cum
1373 1599 1577 1638 superveniente
1590 1601 1666 1630 obitu

922 1643 992 1666 terra
1005 1637 1032 1666 in
1042 1643 1145 1676 petram
1162 1647 1237 1666 versa
1251 1636 1321 1665 erit?
1335 1637 1445 1667 Utinam
1458 1639 1530 1668 sarae
1539 1639 1666 1669 sterilitas

922 1686 1069 1714 numquam
1082 1676 1171 1704 soluta
1183 1682 1261 1711 esset,
1279 1682 1310 1705 ut
1322 1682 1353 1705 tu
1376 1686 1462 1715 neque
1475 1684 1562 1717 pater,
1580 1688 1666 1717 neque

922 1714 975 1743 filii
989 1714 1140 1744 interfector
1153 1714 1297 1744 vocareris.
1313 1715 1394 1751 Quod
1408 1726 1496 1746 aevum
1506 1717 1543 1745 ita
1554 1717 1666 1756 longum

887 1767 905 1790 ῃ
922 1753 983 1791 erit,
1000 1760 1030 1783 ut
1043 1753 1126 1794 possit
1144 1753 1197 1783 talc
1216 1753 1319 1783 facinus
1330 1754 1467 1784 oblivione
1480 1755 1590 1785 delere?
1604 1758 1665 1787 Non

922 1793 1010 1833 potuit
1016 1792 1179 1833 praeteritum
1188 1799 1294 1833 tempus
1304 1793 1446 1823 fratricidii
1456 1794 1548 1824 odium
1559 1795 1648 1825 delere
1654 1808 1663 1833 ;

921 1832 968 1862 sed
982 1832 1063 1862 etiam
1078 1842 1149 1861 nunc
1160 1831 1329 1872 vituperatur
1346 1834 1424 1870 Ca'i‘n,
1439 1840 1469 1862 ut
1479 1834 1526 1872 qui
1541 1842 1665 1865 naturam

921 1881 975 1902 nou
996 1871 1144 1911 agnoverit,
1159 1871 1218 1911 ejus
1239 1882 1271 1901 ue
1284 1881 1367 1911 genus
1388 1883 1437 1911 per
1449 1872 1585 1903 diluvium
1598 1875 1664 1904 sun-

921 1910 996 1940 ditus
1008 1910 1100 1950 periit,
1114 1910 1216 1940 fratrici
1237 1911 1257 1940 ii
1265 1921 1329 1940 vero
1339 1911 1467 1941 memoria
1477 1922 1511 1941 ne
1530 1920 1665 1943 tantarum

942 1949 1032 1979 uidem
1044 1960 1059 1978 a
1081 1960 1176 1979 uarum
1197 1949 1275 1990 copia
1287 1950 1373 1979 deleta
1388 1951 1450 1980 suit.
1470 1952 1563 1992 Longe
1575 1959 1664 1982 autem

922 1961 940 2018 d
1061 1960 1199 2018 liratricida
1212 1995 1252 2018 est
1264 1989 1322 2018 'filii
1339 1989 1501 2027 interfector,
1516 1999 1542 2021 et
1560 1998 1664 2021 tantum

922 2035 1052 2067 quantum
1067 2034 1141 2068 pater
1151 2028 1232 2057 fratre
1245 2029 1420 2068 conjunctior.
1432 2031 1489 2059 Cur
1502 2041 1530 2060 er
1549 2034 1576 2069 θ’,
1588 2031 1663 2068 here,

923 2068 1055 2107 religiosae
1073 2074 1100 2096 et
1125 2067 1244 2096 mirabili
1266 2067 1328 2098 vitae
1356 2068 1493 2098 infamiam
1514 2080 1530 2099 a
1551 2081 1592 2099 ers
1609 2070 1664 2099 im-

923 2107 1074 2142 mortalem,
1086 2116 1146 2145 quae
1159 2116 1207 2136 nec
1221 2113 1350 2147 tempore,
1365 2117 1413 2137 nec
1425 2119 1555 2147 aquarum
1577 2119 1665 2138 exun-

923 2146 1013 2175 dantia
1037 2145 1124 2175 deleri
1150 2145 1255 2185 possit?
1269 2146 1326 2186 Age
1346 2146 1466 2184 demum,
1480 2148 1544 2177 audi
1565 2159 1622 2185 nos,
1639 2155 1664 2177 et

923 2185 974 2214 filii
988 2184 1097 2215 vincula
1107 2185 1192 2220 solve,
1205 2185 1291 2225 abjice
1315 2185 1447 2225 gladium,
1463 2187 1664 2226 exstinguamus

923 2224 1022 2263 ignem,
1038 2224 1122 2264 ipsam
1144 2234 1217 2253 aram
1240 2225 1426 2254 subvertamus
1437 2237 1444 2262 ;
1467 2235 1502 2254 ne
1519 2226 1663 2265 vestigium

924 2262 1034 2302 quidem
1055 2264 1083 2292 iu
1103 2270 1173 2292 terra
1186 2262 1324 2302 relinquas
1344 2264 1511 2293 incredibilis
1525 2265 1659 2294 facinoris.

923 2302 1004 2340 Quod
1016 2302 1038 2331 si
1051 2309 1111 2342 post
1121 2309 1220 2332 tantam
1233 2302 1405 2332 monitionem
1419 2313 1471 2331 non
1483 2304 1661 2342 obtemperas,

923 2348 949 2371 et
962 2341 1079 2381 maligno
1093 2341 1208 2371 daemoni
1222 2341 1372 2370 ministrare
1389 2342 1536 2377 contendis,
1552 2342 1603 2370 hoc
1620 2352 1663 2370 so-

924 2381 982 2410 lum
995 2391 1147 2420 precamur,
1160 2391 1209 2409 nos
1222 2381 1339 2420 primum
1354 2380 1481 2415 interfice,
1491 2380 1603 2409 libenter
1617 2390 1662 2408 nc-

924 2430 980 2449 cem
994 2420 1121 2459 patimur.
1138 2419 1238 2449 Melius
1248 2419 1350 2458 quippe
1358 2418 1434 2447 nobis
1449 2425 1488 2446 cst
1499 2418 1543 2447 hic
1556 2418 1661 2454 cadere,

923 2474 1005 2503 quam
1015 2463 1191 2492 interfectoris
1198 2462 1301 2502 proprii
1316 2462 1366 2490 filii
1377 2471 1469 2490 servos
1482 2461 1662 2499 vocari.Qu0—

925 2506 1005 2536 modo
1018 2506 1099 2546 igitur
1113 2506 1197 2536 servis
1212 2506 1274 2535 talia
1300 2505 1392 2534 insano
1407 2514 1480 2534 more
1493 2504 1663 2543 loquentibus
