1890 2826
63 1493 203 1517 Puro-632.

71 2192 94 2208 2.
110 2186 175 2208 Para
178 2187 195 2209 l.

72 2220 112 2240 20.
128 2218 163 2240 ιδ.

218 126 285 169 ι54

212 198 288 226 Hanc
308 196 344 225 ob
358 205 467 225 causam
478 194 542 225 data
553 201 592 224 est
606 193 647 223 illi
666 193 765 225 mulier
781 193 913 234 adjutrix,
926 200 958 223 ut

213 243 428 272 effervescentem
441 248 564 271 naturam
577 247 704 275 coerceat,
721 246 750 270 ut
763 240 956 280 concupiscen-

212 288 256 317 tim
269 288 367 317 fluctus
381 287 464 318 sedet.
480 289 573 326 ltaque
586 285 814 326 quemadmodum
826 286 957 326 guberna-

213 341 255 363 tor
276 334 305 363 in
325 340 407 374 portu
426 333 526 363 faciens
548 331 719 371 naufragium
745 331 955 371 haudquaquam

214 380 299 411 ullam
311 381 465 421 impetraret
477 379 584 410 veniam
601 391 607 408 :
623 378 663 408 sic
676 388 726 407 nec
739 377 763 407 is
774 377 823 417 qui
835 388 898 407 cum
908 388 957 417 per

214 427 369 467 eonjugium
380 427 407 456 in
420 434 478 456 tuto
492 426 650 462 collocetur,
664 432 753 454 tamen
765 424 851 454 aliena
863 425 955 465 perfo-

214 473 255 503 dit
268 473 447 511 matrimonia,
462 479 508 502 aut
519 467 716 511 quamcumque
725 470 850 501 feminam
863 470 956 500 curio-

213 520 251 551 sis
264 521 360 561 aspicit
370 521 468 555 oculis,
481 520 580 549 habere
593 518 743 558 quidquam
752 519 838 559 possit
846 529 956 548 excusa-

212 566 294 597 tionis
310 578 359 598 ncc
371 567 446 608 apud
458 566 580 596 homines
592 576 641 595 nec
653 565 726 606 apud
740 566 838 602 Deum,
852 565 956 595 etiamsi

213 614 313 644 millies
335 614 458 654 allegarit
479 620 581 643 naturae
608 612 784 652 voluptatem.
809 612 869 642 Imo
897 623 957 652 quae

211 660 297 700 possit
307 661 365 690 illic
377 671 433 690 esse
445 660 580 700 voluptas,
594 658 642 688 ubi
653 665 750 695 metus,
763 659 811 688 ubi
823 659 957 696 anxietas,

212 707 260 736 ubi
273 714 408 736 tantorum
430 706 564 735 malorum
582 704 756 745 exspectatio,
770 705 818 735 ubi
831 705 956 735 tribuna-

211 753 247 783 lia
258 776 266 790 ‚
280 753 327 783 ubi
340 753 453 783 rationes
474 752 633 790 reddendae,
648 753 695 782 ubi
712 752 813 793 judicis
827 753 882 789 ira,
906 753 956 783 ubi

213 799 319 838 gladius
339 806 365 829 et
387 799 516 836 carnifex,
532 799 579 828 ubi
592 799 761 836 barathrum,
781 805 807 828 et
828 798 956 829 abductio

213 847 248 876 ad
261 846 449 887 supplicium?
461 845 560 877 Omnia
574 852 656 887 pavet
667 846 816 886 metuitque
830 846 878 885 qui
895 847 957 876 talis

212 899 251 922 est
266 894 384 929 umbras,
395 892 509 932 parietes
519 915 528 930 ,
542 892 615 933 ipsos
628 892 744 932 lapides,
759 899 896 931 tamquam
908 902 958 922 vo-

212 949 272 968 cem
297 939 446 968 emittentes
466 950 473 967 :
493 948 586 968 omnes
608 938 734 968 observat
753 938 888 977 habetque
910 949 954 968 su-

212 991 326 1024 spectos,
342 984 466 1020 famulos,
481 984 595 1021 vicinos,
611 984 721 1021 amicos,
736 983 837 1021 hostes,
852 994 898 1013 eos
909 983 957 1023 qui

554 133 584 156 S.
611 132 752 156 JoANMs
777 132 960 156 CHRYSOST.
988 132 1143 158 ARCHIEP.
1171 134 1441 160 CONSTANTINOP.

1008 194 1140 235 ταστέλλῃ
1159 194 1208 232 τὴν
1223 194 1315 237 φύσιν,
1334 196 1377 226 ἵνα
1390 197 1502 238 στορέσῃ
1522 200 1569 234 τῆς
1587 197 1726 237 ἐπιθυμίας
1743 197 1777 227 τὰ

1009 240 1123 280 κύματα.
1136 241 1243 283 ’Ὥσπερ
1259 240 1304 273 οὖν
1322 244 1484 284 κυὸερνήτης
1504 245 1531 273 ἐν
1548 244 1636 284 λιμένι
1654 244 1777 283 ναυάγιον

1008 288 1179 327 ἐργαζόμενος
1191 291 1238 318 οὐκ
1252 289 1284 319 ἂν
1294 290 1370 330 τύχοι
1382 290 1538 330 συγγνώμης
1549 291 1618 324 τινός
1630 302 1637 309 ·
1651 291 1719 320 οὕτω
1733 290 1778 320 καὶ

1008 335 1021 363 ὁ
1036 333 1170 374 ἄνθρωπος
1184 335 1252 374 μετὰ
1265 335 1313 372 τὴν
1332 336 1476 376 ἀσφάλειαν
1495 336 1544 372 τὴν
1565 337 1618 366 ἀπὸ
1630 339 1676 366 τοῦ
1690 337 1776 376 γάμου

1007 378 1067 413 τοὺς
1088 381 1176 420 ἑτέρου
1192 381 1332 422 διορύττων
1350 383 1451 422 γάμους
1462 406 1470 420 ,
1485 382 1503 418 ἢ
1517 387 1628 423 γυναῖκα
1640 386 1778 419 ἡντιναοῦν

1007 425 1151 466 περιέργως
1169 429 1246 467 ὁρῶν,
1266 429 1314 458 οὔκ
1336 428 1367 458 ἂν
1387 429 1463 469 τύχοι
1483 429 1551 462 τινὸς
1572 429 1729 469 ἀπολογίας,
1748 431 1778 460 οὔ

1006 471 1080 511 παρὰ
1099 472 1260 513 ἀνθρώποις,
1280 476 1309 504 οὗ
1328 474 1401 515 παρὰ
1420 476 1499 515 Θεῷ,
1513 475 1562 504 κᾶν
1577 475 1700 516 μυριάκις
1711 475 1777 516 λέγῃ

1007 516 1055 554 τὴν
1069 519 1116 553 τῆς
1129 518 1231 558 φύσεως
1246 520 1353 556 ἡδονήν.
1377 522 1487 551 Μᾶλλον
1510 520 1537 550 δὲ
1558 521 1623 550 ποία
1635 521 1730 560 γένοιτ’
1747 521 1779 551 ἂν

1007 564 1104 600 ἡδονὴ,
1133 563 1198 594 ὅπου
1224 565 1304 606 φόὸος
1326 566 1371 597 καὶ
1390 567 1508 606 ’ἀγωνία
1531 567 1576 596 καὶ
1598 566 1714 601 κίνδυνος
1733 568 1779 597 καὶ

1007 610 1152 650 προσδοκία
1175 611 1306 644 τοσούτων
1330 613 1419 642 δεινῶν
1430 635 1438 649 ,
1461 613 1526 643 ὅπου
1551 613 1709 653 δικαστήρια
1733 613 1779 643 καὶ

1007 657 1129 692 εὖθ’ῡναι,
1143 656 1188 686 καὶ
1209 658 1332 687 δικαστοῦ
1350 658 1443 698 θυμὸς,
1462 659 1507 688 καὶ
1522 659 1593 700 ξίφος
1605 660 1651 689 καὶ
1666 659 1760 699 δήμιος
1770 682 1779 697 ,

1007 701 1052 731 καὶ
1073 702 1202 743 βάραθρον
1216 703 1260 733 καὶ
1274 702 1288 720 ¹³
1300 705 1447 745 ἀπαγωγή;
1461 705 1556 735 Πάντα
1569 705 1661 745 τρέμει
1675 706 1720 735 καὶ
1737 705 1779 735 δέ·

1008 748 1092 777 δοικεν
1101 751 1115 777 ὁ
1127 752 1256 787 τοιοῦτος,
1268 750 1315 784 τὰς
1329 751 1413 788 σκιὰς,
1423 751 1483 785 τοὺς
1493 752 1606 792 τοίχους,
1619 751 1680 786 τοὺς
1691 752 1780 786 λίθους

1008 793 1101 828 αὐτοὺς
1111 816 1118 830 ,
1133 795 1251 836 καθάπερ
1268 797 1355 836 φωνὴν
1375 797 1496 838 ἀφιέντας
1509 810 1515 816 ·
1531 797 1631 831 πάντας
1651 799 1780 838 ὑφορᾶται

1007 839 1052 869 καὶ
1066 841 1208 870 ὑποπτεύει
1216 863 1224 876 ,
1238 841 1298 875 τοὺς
1311 843 1413 877 οἰκέτας
1423 867 1430 880 ,
1442 843 1502 876 τοὺς
1512 843 1644 883 γείτονας,
1663 843 1724 878 τοὺς
1737 843 1781 884 φί-

1006 886 1080 922 λους,
1094 886 1153 920 τοὺς
1172 887 1293 928 ἐχθροὺς,
1311 889 1371 922 τοὺς
1389 889 1476 919 πάντα
1491 890 1607 926 εἰδότας,
1623 890 1683 924 τοὺς
1705 891 1779 920 οὐδὲν

1007 931 1116 966 εἰδότας.
1134 934 1243 963 Μᾶλλον
1254 934 1290 971 δὲ,
1303 937 1326 964 εἰ
1343 935 1442 975 βούλει,
1455 936 1501 965 καὶ
1512 938 1596 966 ταῦτα
1610 936 1778 976 ἀναιρείσθω,

1007 978 1053 1007 καὶ
1060 982 1070 995 ⁰
1079 979 1170 1018 μηδεὶς
1180 979 1244 1009 ἴστω
1253 980 1286 1010 τὰ
1294 981 1488 1020 τετολμημένα,
1507 983 1565 1011 ἀλλ’
1578 982 1595 1017 ἢ
1612 982 1688 1021 μόνος
1704 982 1780 1016 αὐτὸς

212 1038 310 1060 norunt
325 1030 425 1066 omnia,
439 1040 485 1060 eos
505 1030 553 1069 qui
569 1029 638 1059 nihil
652 1036 762 1059 norunt.
779 1029 854 1067 Quin
867 1029 957 1070 potius
972 1033 991 1058 C
1009 1026 1076 1064 μετὰ
1099 1027 1147 1061 τῆς
1167 1026 1339 1066 ὖὸριζομένης
1356 1028 1478 1068 γυναικός
1489 1040 1495 1047 ·
1510 1030 1566 1062 πῶς
1588 1028 1655 1058 οἴσει
1669 1029 1713 1058 τὸν
1727 1029 1780 1059 ἀπὸ

212 1077 235 1105 si
248 1077 333 1113 voles,
343 1077 472 1106 tollantur
484 1076 541 1106 baec
554 1076 661 1105 omnia:
677 1085 809 1116 ponamus
822 1075 894 1105 nulli
907 1086 957 1105 no-

212 1130 270 1152 tum
282 1134 338 1152 esse
349 1123 481 1163 flagitium
496 1129 676 1163 praeterquam
688 1121 741 1162 ipsi
751 1122 811 1159 uni,
825 1129 852 1151 et
862 1121 959 1151 mulie-

212 1171 251 1206 ri,
274 1181 354 1209 quam
376 1169 562 1199 adulteravit·
578 1168 714 1207 quomodo
734 1169 799 1198 feret
819 1169 958 1199 conscien-

211 1216 277 1246 tiam
297 1215 516 1255 redarguentem,
531 1214 655 1244 acerbam
673 1214 863 1243 accusatricem
880 1215 958 1249 illam

212 1263 314 1302 ubique
331 1273 421 1293 secum
442 1261 549 1291 serens?
570 1260 806 1298 Quemadmodum
824 1262 896 1291 enim
914 1272 956 1291 se-

211 1310 303 1350 ipsum
323 1320 401 1339 nemo
418 1315 504 1350 potest
521 1308 649 1347 effugere,
670 1308 708 1337 ita
725 1316 773 1337 nee
786 1307 863 1337 illam
875 1308 958 1348 hujus

211 1355 356 1385 tribunalis
369 1354 536 1384 sententiam.
551 1354 610 1383 Hoc
621 1353 694 1382 enim
707 1353 827 1383 tribunal
840 1364 893 1383 nou
907 1365 958 1394 pe-

213 1402 293 1432 cunia
308 1400 503 1441 corrumpitur,
519 1410 572 1429 non
585 1399 787 1429 adulationibus
800 1400 956 1439 acquiescit;

213 1459 275 1478 nam
286 1447 412 1478 divinum
425 1453 475 1483 est,
491 1453 518 1476 et
530 1457 545 1476 a
559 1447 617 1476 Deo
632 1446 730 1476 nostris
741 1446 852 1476 insitum
867 1447 959 1477 menti·

213 1494 276 1524 bus.
293 1495 366 1525 Vere
381 1493 512 1523 Adulter·
523 1503 576 1532 per·
584 1494 714 1532 inopiam
725 1502 826 1522 sensus
838 1494 959 1523 exitium

1007 1072 1055 1106 τῆς
1064 1071 1237 1108 συνειδήσεως
1248 1073 1366 1113 ἔλεγχον,
1379 1074 1473 1114 πικρὸν
1482 1078 1619 1115 πανταχοῦ
1631 1074 1780 1115 περιφέρων

1008 1116 1169 1157 κατήγορον,
1183 1118 1290 1159 Ὥσπερ
1300 1118 1352 1160 γὰρ
1363 1120 1454 1149 ἑαυτὸν
1465 1121 1513 1150 οὔκ
1527 1121 1559 1150 ἄν
1568 1120 1634 1150 ποτέ
1643 1133 1683 1154 τις
1692 1120 1780 1161 φύγοι,

1007 1162 1077 1192 οὕτω
1103 1163 1162 1193 οὐδὲ
1185 1164 1233 1201 τὴν
1259 1164 1312 1194 ἀπὸ
1335 1168 1381 1194 τοῦ
1404 1166 1540 1207 κριτηρίου
1562 1168 1648 1207 ψῆφον
1671 1167 1780 1197 ἐκείνου.

1008 1210 1094 1239 Τοῦτο
1108 1209 1139 1239 τὸ
1157 1210 1325 1251 δικαστήριον
1344 1213 1374 1241 οὐ
1394 1212 1517 1252 χρήμασι
1540 1212 1736 1253 διαφθείρεται,
1751 1214 1781 1243 οὖ

1007 1255 1156 1289 κολακείαις
1175 1256 1313 1286 ἐνδίδωσι·
1328 1259 1395 1287 θεῖον
1409 1258 1459 1298 γάρ
1477 1260 1547 1295 ἐστι’,
1565 1259 1611 1288 καὶ
1623 1258 1697 1299 παρὰ
1710 1260 1781 1289 Θεοῦ

1006 1305 1065 1335 ταῖς
1084 1302 1226 1342 ἡμετέραις
1240 1303 1406 1344 ἐνιδρυμένον
1421 1306 1527 1344 ψυχαῖς.
1541 1304 1646 1339 Ὄντως
1663 1305 1698 1334 ‘O
1721 1317 1782 1344 μοι·

1006 1348 1053 1388 χὸς
1077 1349 1109 1377 δι’
1135 1348 1235 1378 ἔνδειαν
1259 1351 1358 1389 φρενῶν
1379 1350 1513 1380 ἀπώλειαν
1536 1353 1570 1391 τῇ
1592 1353 1685 1381 ἑαυτοῦ
1708 1354 1781 1392 ψυχῇ

1007 1399 1191 1434 περιποιεῖται.
1206 1397 1247 1429 Οὐ
1259 1395 1311 1434 μὴν
1323 1395 1382 1425 οὐδὲ
1393 1395 1428 1426 ‘¹6
1441 1397 1558 1433 κλέπτης
1571 1397 1703 1432 κολάσεως
1716 1399 1782 1428 ἀπε-

1008 1440 1144 1480 στέρηται,
1163 1441 1231 1470 ἀλλὰ
1255 1441 1344 1471 δίδωσι
1367 1442 1415 1481 μὲν
1439 1442 1525 1479 δίκην,
1548 1443 1675 1473 ἐλάττονα
1690 1443 1730 1473 δέ.
1746 1445 1781 1473 Αἱ

1006 1486 1058 1527 γὰρ
1073 1486 1222 1527 συγκρίσεις
1242 1488 1290 1516 οὔκ
1304 1489 1340 1521 εἰς
1359 1488 1408 1524 τὴν
1427 1489 1546 1519 ἐναντίαν
1565 1489 1689 1524 ἓξωθουσι
1708 1490 1782 1524 τάξιν

215 1551 275 1571 suoe
297 1542 386 1580 ipsius
406 1542 512 1569 animae
535 1540 684 1569 conciliat.
707 1539 824 1568 Tametsi
844 1550 892 1569 nec
914 1541 959 1570 sur
975 1547 994 1570 D
1008 1533 1043 1563 τὰ
1056 1545 1256 1574 συγκρινομῑνα,
1269 1535 1327 1564 ἀλλ’
1339 1536 1457 1575 ἀφιεῖσα*
1468 1535 1554 1574 μένειν
1569 1536 1613 1566 ἐπὶ
1623 1539 1671 1573 τῆς
1684 1537 1782 1570 οἰκείας

213 1588 296 1617 etiam
306 1586 434 1616 immunis
447 1593 486 1616 est
496 1597 512 1616 a
526 1585 673 1626 supplicio,
684 1596 780 1615 verum
792 1585 839 1616 dat
849 1587 959 1626 quidem

215 1644 333 1674 poenam,
355 1632 402 1662 sed
423 1633 565 1662 minorem.
585 1633 641 1662 Nec
660 1631 730 1661 enim
751 1633 961 1673 comparationes

216 1680 244 1709 in
265 1679 405 1723 diversum
425 1678 548 1708 ordinem
565 1677 714 1709 extrudunt
725 1689 756 1707 ea
773 1689 833 1717 quae
852 1689 960 1720 compa-

215 1733 319 1762 rantur,
333 1725 380 1755 sed
393 1725 575 1765 permittentes
586 1734 635 1754 suo
648 1734 761 1763 qumque
772 1735 878 1754 manere
888 1725 959 1763 loeo,

216 1771 422 1802 diminutionem
442 1770 573 1800 inducunt
589 1777 636 1799 aut
653 1770 880 1810 exsuperantiam.
894 1773 962 1802 For-

217 1825 286 1847 tasse
298 1828 352 1847 non
363 1817 513 1857 intelligitis
526 1816 600 1856 quod
611 1815 715 1845 dictum
728 1823 782 1845 est:
806 1817 896 1856 itaque
910 1828 960 1847 ue-

217 1874 289 1893 cesse
300 1870 339 1893 est
348 1862 420 1893 idem
432 1863 601 1903 explanatius
616 1862 716 1891 dicere.
730 1862 836 1892 Bonum
847 1870 886 1892 est
898 1874 961 1893 con-

215 1909 335 1950 jugium,
357 1908 404 1938 sed
421 1909 518 1938 melior
539 1915 578 1938 est
594 1908 755 1948 virginitas·
771 1918 820 1938 nec
833 1910 961 1961 quoniam

1009 1580 1097 1620 χώρας
1107 1579 1183 1616 αὐτὰ,
1192 1580 1336 1610 ἐλάττωσιν
1347 1581 1480 1620 εἰσάγουσι
1492 1582 1536 1613 καὶ
1547 1582 1691 1623 ὑπεροχήν
1700 1583 1782 1624 Τάχα

1010 1627 1039 1655 οὗ
1062 1625 1192 1662 συνήκατε
1214 1625 1245 1655 τὸ
1265 1626 1372 1667 λεχθέν·
1388 1629 1481 1656 οὐκοῦν
1496 1627 1598 1667 ἀνάγκη
1621 1627 1782 1669 σαφέστερον

1010 1673 1102 1701 εἰπεῖν.
1117 1672 1206 1702 Καλὸν
1225 1675 1239 1702 ὁ
1260 1672 1360 1712 γάμος,
1381 1673 1448 1702 ἀλλὰ
1463 1673 1591 1713 κρείττων
1604 1676 1621 1710 ἡ
1636 1674 1763 1714 παρθενία
1774 1686 1781 1693 ·

1010 1719 1058 1747 οὐκ
1074 1718 1165 1754 ἐπειδὴ
1188 1718 1313 1758 κρείττων
1326 1721 1343 1754 ἡ
1359 1719 1502 1759 παρθενία,
1523 1719 1566 1749 διὰ
1583 1723 1660 1750 τοῦτο
1674 1721 1754 1750 κακὸν
1768 1723 1783 1750 ὁ

1010 1765 1110 1805 γάμος,
1125 1766 1184 1795 ἀλλ’
1198 1765 1308 1794 ἔλαττον
1323 1765 1370 1804 μὲν
1384 1765 1497 1802 ἐκείνου,
1514 1766 1594 1796 καλὸν
1608 1766 1636 1796 δὲ
1649 1767 1695 1796 καὶ
1708 1766 1782 1797 αὐτό.

1010 1811 1091 1841 Οὕτω
1103 1811 1148 1841 καὶ
1161 1812 1287 1840 ἐνταῦθα·
1302 1811 1383 1840 κακὸν
1392 1813 1409 1847 ἡ
1423 1812 1521 1848 κλοπὴ,
1534 1813 1592 1841 ἀλλ’
1608 1812 1717 1842 ἔλαττον
1731 1812 1780 1852 μὲν

1011 1858 1121 1894 ἐκείνου,
1135 1857 1215 1886 κακὸν
1232 1857 1259 1887 δὲ
1273 1857 1318 1887 καὶ
1331 1857 1403 1887 αὐτό.
1418 1853 1494 1891 Εἶδες
1508 1858 1707 1898 ἁμαρτημάτων
1723 1860 1782 1889 δια-

1011 1903 1105 1943 φοράς
1119 1901 1231 1941 Ἴδωμεν
1253 1898 1297 1932 ουν
1311 1902 1390 1932 ποίαν
1408 1899 1483 1937 οὗτος
1504 1904 1636 1944 ἁμαρτίαν
1653 1905 1782 1945 ἥμαρτεν.

218 1955 315 1985 melior
327 1961 365 1984 est
377 1955 527 1994 virginitas,
547 1953 607 1983 ideo
626 1954 728 1983 malum
739 1961 778 1984 est
789 1954 960 1995 conjugium,
978 1965 997 1989 Ε
1013 1948 1139 1988 Υψώθη,
1154 1948 1242 1988 φησιν,
1254 1950 1271 1983 ἦ
1284 1947 1378 1988 καρδία
1389 1950 1477 1979 αὖτοῧ-
1489 1950 1612 1980 Χαλεπὸν
1624 1951 1654 1980 τὸ
1662 1955 1782 1992 τραῦμα·

220 2002 267 2031 sed
293 2001 365 2031 illud
390 2000 500 2040 quidem
520 1999 651 2036 inferius,
681 1999 784 2039 alioqui
807 2000 909 2030 bonum
935 2009 962 2031 et

219 2049 320 2089 ipsum
340 2046 471 2078 Similiter
486 2053 513 2076 et
527 2046 590 2076 hic:
611 2046 713 2075 malum
725 2053 764 2075 est
782 2046 894 2084 furtum,
915 2047 963 2079 sed

219 2094 353 2124 adulterio
368 2093 467 2128 minus,
479 2102 642 2132 quamquam
654 2098 680 2121 et
694 2092 782 2132 ipsum
795 2099 834 2122 est
846 2088 960 2123 inalum.

221 2140 307 2171 Vides
318 2146 488 2181 peccatorum
499 2137 687 2168 differentias?
695 2138 920 2170 Consideremus
912 2146 962 2169 lta-

221 2194 274 2227 que
284 2187 364 2226 quale
378 2193 517 2227 peecatum
528 2184 574 2214 hic
587 2184 747 2225 peccaverit.
761 2185 886 2214 Elatum
900 2192 959 2224 est,

1013 1993 1123 2024 ἀπόνοια
1142 1994 1192 2034 γάρ
1206 1995 1286 2031 εστιν,
1303 1994 1412 2024 ἀπόνοια
1425 1998 1442 2031 ἠ
1456 1995 1530 2036 πηγὴ
1551 1997 1656 2027 πάντων
1671 1999 1723 2027 τῶν
1738 2010 1784 2028 κα-

1013 2043 1076 2070 κῶν.
1097 2040 1150 2070 Καὶ
1175 2039 1219 2069 ἵνα
1241 2040 1375 2080 συντόμως
1395 2040 1480 2081 μάθῃς
1502 2045 1548 2071 τοῦ
1567 2043 1716 2083 νοσήματος
1734 2043 1782 2080 τὴν

1013 2086 1117 2123 κακίαν,
1138 2088 1221 2116 ἐκεῖνο
1245 2086 1366 2116 ἄκουσον.
1386 2087 1430 2116 Τὰ
1454 2088 1502 2127 μὲν
1516 2088 1584 2118 ἄλλα
1602 2089 1783 2130 ἁμαρτήματα

994 2155 1000 2160 .
1012 2131 1073 2171 περὶ
1086 2131 1134 2167 τὴν
1147 2130 1278 2170 ἡμετέραν
1294 2131 1433 2172 στρέφεται
1447 2132 1560 2172 φύσιν,ἡ
1575 2133 1602 2163 δὲ
1617 2134 1783 2174 ὑπερηφανία

1014 2177 1122 2216 δύναμιν
1133 2176 1274 2216 ἀσωματον
1284 2178 1444 2215 κατέσπασε,
1454 2178 1500 2208 καὶ
1511 2179 1655 2209 κατέὸαλεν
1671 2181 1779 2210 ἄνωθεν.

222 2234 320 2274 inquit,
334 2244 385 2264 cor
398 2233 490 2262 illius.
506 2231 690 2261 Periculosum
703 2230 820 2262 vulnus.
835 2238 876 2261 est
889 2232 960 2261 enim
969 2251 1006 2271 ω
1013 2224 1068 2253 Τὸν
1082 2223 1134 2264 γὰρ
1148 2223 1276 2259 δῑάὸθλῡν,
1290 2225 1338 2253 οὒκ
1351 2224 1413 2254 ὄντα
1426 2225 1551 2266 πρότερον
1563 2226 1693 2262 δῑᾶῧῡλθν,
1706 2229 1783 2257 τοῧτο

222 2280 383 2321 arrogantia,
395 2278 546 2319 arrogantia
557 2277 678 2316 inquam,
694 2276 827 2307 malorum
841 2278 962 2307 omnium
979 2280 998 2303 Α
1015 2269 1081 2303 εἶναι
1099 2274 1220 2304 διᾶὅολον
1234 2275 1352 2310 ἐποίησε.
1372 2275 1429 2304 Κᾶν
1450 2276 1497 2315 μὲν
1511 2276 1555 2306 τὸν
1570 2276 1682 2306 Ἡσαιαν
1696 2290 1781 2318 παρα-

221 2329 290 2358 fons.
302 2328 339 2358 Et
349 2333 380 2356 ut
395 2324 554 2366 compendio
571 2323 659 2354 discas
672 2323 760 2353 morbi
770 2323 913 2363 malitiam,
926 2324 961 2354 il-

254 2420 398 2452 Quatuor
410 2418 469 2443 Mss.
482 2422 550 2451 ἀγών.

253 2460 268 2479 1»
285 2458 398 2492 Ᾰπαγωγή
409 2455 608 2490 frequentissimo
622 2450 668 2480 usu
680 2453 750 2487 apud
764 2453 978 2488 Chrysostomum

220 2504 258 2523 est
277 2497 395 2522 abductae
417 2496 454 2521 ad
470 2493 638 2529 supplicium;
656 2497 773 2518 Erasmus
793 2498 915 2527 ἀπαγωγήν
937 2493 978 2519 hic

1014 2324 1137 2365 γάγωμεν
1150 2325 1272 2366 μάρτυρα
1287 2325 1398 2365 λέγοντα
1409 2325 1478 2355 οὕτω
1489 2326 1549 2367 περὶ
1564 2328 1658 2358 αὐτοῦ’·
1676 2329 1725 2362 Εἷς
1737 2328 1781 2357 τὸν

1027 2415 1154 2474 exprimit.

1060 2457 1145 2481 eDuo
1156 2456 1215 2481 Mss-
1228 2458 1306 2489 μηδεὶς
1316 2458 1389 2483 ἰδέτω.

1060 2495 1071 2511 ‘¹
1089 2496 1203 2528 Quatuor
1216 2495 1273 2522 Mss.
1285 2498 1296 2522 ὁ
1310 2499 1419 2524 κλέπτων.
1433 2496 1503 2522 qura
1515 2496 1590 2523 iidem
1608 2500 1631 2524 αἱ
1642 2501 1722 2534 κρίσεις
1739 2501 1778 2525 οὐκ

219 2542 328 2563 wei-terat
344 2534 553 2569 [lepor-tatium,
573 2540 628 2567 quoe
646 2541 696 2561 vox
713 2532 833 2558 Graecam
845 2541 896 2559 nou
909 2534 976 2559 satis
1027 2538 1064 2563 εἷς.
