1890 2826
540 171 574 196 IN
600 173 717 203 ILLUD,
748 172 781 194 ΙΝ
810 171 874 201 ρυλ
903 167 1115 201 POTESTATE,
1140 172 1214 194 E'rc.

96 235 196 276 ἐξουσία
209 237 293 265 ταῦτα
306 239 403 270 ποιεῖς;
423 234 440 269 ἢ
462 234 501 267 τίς
522 246 563 263 σοι
585 234 666 263 ἔδωκε
680 233 728 268 τὴν
743 231 860 266 ἐξουσίαν

95 281 207 318 ταύτην,
218 281 252 310 Ὁ
263 280 290 310 δὲ
303 280 399 320 Σωτὴρ
409 280 507 313 αὐτοῖς.
522 281 653 309 Ἐνταῦθα
665 277 793 317 πρόσεχε,
805 278 861 309 πῶς

95 326 153 366 ὅρον
171 330 236 365 ἡμῖν
257 326 301 356 καὶ
316 326 412 355 κανόνα
426 325 595 360 διδασκαλίας
608 324 759 354 ὑποτίθεται
770 325 784 352 ὁ
797 322 862 352 πάν-

96 384 146 402 των
163 373 265 412 Κύριος.
286 372 336 405 Τίς
351 371 378 401 δὲ
391 367 466 405 οὗτός
481 373 553 406 ἔστη
568 371 696 400 Βούλεται
710 372 781 408 ἡμᾶς
794 368 862 398 ὥστε

97 423 149 452 τοῖς
173 423 295 459 πονηροῖς
318 420 467 458 αἱρετικοῑς,
486 418 622 450 Ἰουδαίοις
645 417 662 453 ἢ
682 416 824 451 Ἕλλησιν,
845 414 862 449 ἢ

98 465 194 505 ἑτέροις
207 465 276 494 τισὶν
291 464 494 504 ἀπεσχισμένοις
515 466 563 499 τῆς
576 463 724 499 εὖσεὸείας,
739 462 776 501 μὴ
799 463 863 491 ἄπο-

97 511 229 550 κρίνεσθαι
240 511 327 540 πάντα
340 511 405 550 πρὸς
418 510 466 543 τὰς
478 509 626 549 ἐρωτήσεις.
637 509 716 538 Ἐστι
729 507 795 547 γὰρ,
807 506 895 560 ἔστι42

1583 160 1652 206 ser

912 230 1129 270 proficiscuntur,
1146 242 1198 261 non
1216 238 1285 261 recta
1301 231 1453 271 procedant.
1479 234 1516 260 ln
1531 242 1589 270 qua
1601 242 1653 270 po-

913 283 1017 306 testate
1038 278 1100 307 hoec
1115 277 1219 319 sacis?
1237 285 1288 307 aut
1315 280 1380 318 quis
1399 279 1450 307 tibi
1474 278 1554 306 dedit
1578 279 1655 306 hanc

910 330 1080 362 potestatem
1090 326 1103 352 ?
1112 325 1184 353 Tum
1197 325 1322 354 Servator
1333 324 1379 353 eis.
1389 323 1440 354 Hic
1450 323 1564 358 attende,
1575 334 1655 361 quam

912 369 990 398 nohis
1003 369 1130 399 doctrinae
1143 380 1264 399 normam
1275 377 1300 399 et
1314 369 1434 409 regulam
1448 375 1580 409 proponat
1594 369 1655 397 uni-

914 425 1052 444 versorum
1069 416 1211 445 Dominus.
1227 418 1356 453 Quaenam
1375 416 1430 446 haec
1450 416 1510 445 est?
1525 415 1595 446 Vult
1609 426 1657 444 nos

915 461 1046 502 improbis
1059 462 1200 498 baereticis‚
1218 463 1336 498 Judaeis,
1352 463 1512 502 gentilibus,
1534 462 1580 492 vel
1597 462 1658 490 aliis

896 540 908 558 ⁰
915 510 960 548 qui
969 520 984 539 a
990 509 1035 549 pia
1043 510 1172 550 religione
1180 510 1353 546 desciverint,
1361 521 1413 539 non
1425 509 1584 550 respondere
1590 521 1659 539 sem-

98 557 224 590 πολλάκις
248 558 379 596 ἐρωτῆσαι
401 556 566 596 ἀποκρίσεως
587 558 634 584 οὐκ
657 554 735 588 ἄξια·
759 553 804 582 καὶ
825 553 864 582 δεῖ
881 569 900 590 Α
914 566 963 596 per
976 556 1161 595 interrogatos.
1188 556 1325 596 Contingit
1339 557 1421 592 enim,
1435 556 1564 596 contingit
1575 567 1656 597 saepe,

99 602 202 635 πάντως
215 602 280 641 πρὸς
298 602 345 635 τὰς
358 601 471 641 φαύλως
484 601 581 634 ταύτας
602 602 655 630 τῶν
676 598 865 639 ἑπερωτήσεων

98 648 273 688 ἀντερωτήσει
287 648 375 688 δικαίᾳ
385 647 480 687 λέγειν.
503 647 555 677 Διὰ
571 646 648 676 τοῦτό
660 658 726 686 φησι
736 645 801 685 πρὸς
814 646 864 674 αὐ-

98 695 157 728 τοὺς
174 698 188 724 ὁ
209 694 319 734 Κύριος·
334 693 480 734 Ἐρωτήσω
502 695 571 732 ὑμᾶς
590 693 668 732 κάγὼ
686 691 773 731 λόγον,
791 691 820 720 ὃν
835 690 865 719 ἂν

99 741 192 776 εἴπητέ
206 752 268 779 μοι,
281 740 357 779 κάγὼ
370 742 432 779 ὑμῖν
455 741 657 779 ἀποκρινοῦμαι.
684 739 724 768 Τὸ
743 738 865 767 Ἰωάννου

101 788 255 826 βάπτισμα,
270 786 350 826 φησὶ,
363 786 446 815 πόθεν
456 781 505 822 ἦν,
516 785 544 819 ἐξ
558 786 682 825 οὐρανοῦ,
695 784 713 819 ἢ
725 783 752 818 ἐξ
764 783 866 823 ἀνθρώ-

99 845 156 862 πων
166 845 174 868 ;
186 832 260 872 ’Ὀρα
275 843 320 871 μοι
334 832 382 868 τὴν
399 831 488 870 πηγὴν
500 833 548 866 τῆς
561 830 668 871 σοφίας,
681 833 714 870 τῇ
729 830 866 869 ἐπερωτή-

100 890 141 908 σει
165 878 195 908 τὸ
212 879 306 918 ψεῦδος
325 877 499 917 ἐλέγχουσαν·
518 877 568 916 ὅρα
591 889 636 915 μοι
660 876 705 905 τὸν
727 878 772 905 τοῦ
796 877 867 905 Θεοῦ

100 925 195 964 Λόγον,
209 925 393 963 συλλογισμοῖς
414 923 462 959 τὴν
482 923 576 953 κακίαν
597 922 789 962 ἀνατρέποντα·
804 922 867 951 σκό-

101 982 186 1006 πησον
201 970 229 1000 δὲ
241 970 288 999 καὶ
300 969 349 1006 τὴν
363 969 468 1006 κακίαν,
479 972 536 1003 πῶς
548 974 601 1002 τοῖς
614 969 688 1001 ἰδίοις
700 968 869 998 ἀναλίσκεται

102 1017 205 1057 βέλεσι,
230 1016 276 1046 καὶ
299 1020 358 1049 ταῖς
383 1016 491 1049 οἰκείαις
511 1019 732 1055 συγκατασπᾶται
755 1025 867 1044 κακοτε-

101 1062 196 1102 χνίαις.
211 1062 251 1091 Τὸ
265 1062 404 1101 βάπτισμα
417 1061 540 1090 Ἰωάννου
551 1060 629 1090 πόθεν
642 1056 690 1096 ἧνς
706 1059 733 1094 ἐξ
741 1062 850 1100 οὐρανοῦ
861 1082 868 1093 ,

915 605 1149 644 interrogationem
1178 614 1231 633 non
1258 615 1315 634 esse
1338 604 1508 645 responsione
1537 605 1656 644 dignam:

916 657 996 689 atque
1009 661 1058 690 par
1067 657 1108 680 est
1117 650 1225 679 omnino
1238 650 1395 691 hujusmodi
1407 651 1659 689 interrogationibus

912 696 999 735 justas
1013 696 1232 736 interrogationes
1243 706 1388 736 opponere.
1400 695 1465 725 Ideo
1477 695 1514 724 ait
1529 696 1585 725 illis
1604 697 1661 726 Do-

917 742 1007 771 minus
1029 754 1036 770 :
1058 744 1248 782 Inter-rogabo
1275 752 1330 771 vos
1353 748 1382 772 et
1408 752 1459 782 ego
1483 752 1639 772 sermonem
1655 748 1755 779 ‚Manlr¹
1773 752 1809 768 zv.

917 800 1003 830 quem
1012 791 1037 819 si
1044 790 1176 819 dixeritis
1186 790 1268 826 mihi,
1280 796 1308 819 et
1317 800 1368 829 ego
1378 790 1462 818 vobis
1472 790 1659 828 respondebo.
1672 779 1707 809 ²4·
1719 779 1756 801 ²⁵·

918 838 1046 867 Joannis
1061 838 1230 874 baptismus,
1237 835 1332 874 inquit,
1348 836 1426 864 unde
1437 839 1518 865 erat?
1528 847 1564 865 ex
1580 837 1662 869 caelo.

918 893 959 912 an
969 893 1005 912 ex
1019 883 1207 912 hominibus?
1221 881 1296 911 Vide
1307 881 1376 910 mihi
1395 882 1495 910 fontem
1514 882 1661 922 sapientire,

919 935 949 957 ut
962 927 1168 966 interrogatione
1189 926 1359 956 mendacium
1380 934 1486 966 arguat:
1513 927 1575 956 vide
1595 928 1663 956 mihi

920 974 1043 1004 Verbum
1055 973 1118 1009 Dei,
1131 972 1205 1011 quod
1216 973 1384 1012 syllogismis*
1394 973 1539 1011 nequitiam
1551 974 1662 1011 evertit;

919 1019 983 1049 vide
993 1030 1099 1058 quoque
1111 1018 1252 1055 malitiam,
1270 1018 1406 1057 quomodo
1424 1019 1480 1048 suis
1498 1019 1559 1049 telis
1576 1021 1666 1049 confo-

920 1065 1021 1100 diatur,
1037 1075 1068 1094 ac
1081 1064 1137 1093 suis
1147 1064 1238 1104 pra'vis
1247 1064 1353 1097 artibus,
1359 1064 1501 1094 avellatur.
1515 1067 1666 1104 Baptisma

102 1108 119 1143 ἢ
136 1108 163 1142 ἐξ
175 1107 334 1148 ἀνθρᾶηιων;
348 1107 462 1136 Ἐκεῖνοι
472 1108 535 1146 παρ’
550 1108 653 1139 ἑαυτοῖς
663 1106 814 1140 ἐῧασάνῑζον
823 1108 869 1135 τοῦ
887 1110 905 1133 Β
921 1112 1049 1141 Joanm's
1062 1110 1142 1139 unde
1154 1113 1233 1153 erat?
1242 1121 1279 1139 ex
1290 1111 1372 1146 coelo,
1384 1121 1424 1139 an
1437 1121 1473 1139 ex
1484 1112 1667 1141 hominihus?

103 1155 220 1194 ῥήματος
232 1153 280 1190 τὴν
292 1152 412 1191 δύναμιν,
430 1152 476 1182 καί
495 1164 573 1192 φασιν
584 1164 590 1170 ·
613 1152 678 1182 Ἐὰν
698 1152 824 1190 εἴπωμεν,
843 1151 871 1186 ἐξ

102 1202 212 1240 οὐρανοῦ
223 1222 231 1234 ,
249 1201 303 1239 ἐρεῖ
315 1201 380 1238 ἡμῖν
394 1199 463 1228 διατί
476 1194 520 1228 οὖν
534 1198 571 1237 μὴ
586 1198 774 1235 ἐπισπῶ-ατη
793 1193 871 1228 Οἶδεν

102 1249 119 1282 ἡ
134 1246 216 1276 κακία
227 1246 272 1275 τὸν
284 1246 378 1280 ἑαυτῆς
391 1245 493 1274 ὄλισθον
503 1256 509 1262 ·
531 1240 599 1273 οἶδεν
621 1244 663 1273 ὅτι
674 1240 711 1276 οἷς
725 1243 854 1284 προτείνει
863 1265 871 1279 ,

102 1292 203 1325 τούτοις
217 1290 378 1331 ἀφανίζεται.
394 1289 504 1325 Ἐπειδὴ
520 1290 557 1328 μὴ
573 1290 724 1325 ὑπήκουσαν
739 1289 872 1325 Ἰωάννου,

103 1338 243 1377 ἐφοὸοῦντο
264 1339 356 1372 εἰπεῖν,
375 1336 415 1365 ὅτι
434 1336 465 1364 ἐκ
486 1337 557 1365 Θεοῦ
568 1358 576 1371 ,
599 1335 643 1364 ἵνα
662 1335 699 1374 μὴ
718 1335 873 1375 παραπόδας

103 1383 268 1420 ἀκολουθήσῃ
279 1385 293 1412 ὁ
304 1382 419 1422 ἔλεγχος.
432 1381 497 1411 Ἐὰν
507 1381 535 1410 δὲ
545 1380 672 1420 εἴπωμεν,
683 1381 709 1415 ἐξ
720 1381 873 1420 ἀνθρώπων,

102 1429 254 1470 φοόούμιθα
262 1429 306 1459 τὸν
318 1429 406 1468 ὄχλον,
419 1427 456 1467 μὴ
469 1429 643 1466 λιθασθῶμεν.
656 1427 710 1457 Καὶ
719 1428 769 1467 γὰρ
782 1430 799 1463 ἡ
813 1428 874 1468 περὶ

102 1477 147 1506 τὸν
166 1476 266 1505 δίκαιον
286 1475 418 1515 πρόληψις
437 1474 618 1514 ἀπαραίτητον
637 1476 696 1503 καθ’
711 1476 788 1513 ἡμῶν
808 1474 874 1503 οἴσει

103 1522 151 1558 τὴν
162 1522 245 1556 δίκην.
254 1522 313 1555 Πᾶς
321 1520 372 1560 γὰρ
382 1522 396 1549 ὁ
403 1519 466 1553 λαὸς
475 1516 531 1559 εἶχε
540 1520 584 1549 τὸν
596 1519 720 1556 Ἰωάννην
726 1523 762 1553 ὡς
770 1521 875 1560 προφή-

104 1580 161 1603 την.
176 1569 235 1597 Οὐκ
244 1566 388 1602 ἠὸούλοντο
398 1561 442 1596 οὖν
454 1566 484 1595 τὸ
494 1566 589 1600 ἀληθὲς
601 1567 693 1601 εἰπεῖν,
703 1565 744 1595 ὅτι
753 1567 783 1594 ἐκ
794 1568 874 1596 Θεοῦ·

104 1613 278 1642 ἀπεσείσαντο
300 1608 351 1652 γᾶρ
376 1615 422 1641 τοῦ
446 1612 516 1641 Θεοῦ
539 1611 588 1646 τὴν
616 1611 750 1647 ἀλήθειαν,
777 1611 822 1640 καὶ
845 1612 875 1640 τὸ

104 1660 198 1700 ψεῦδος
221 1661 304 1688 εἰπεῖν
325 1660 372 1689 οὐκ
393 1657 528 1696 ἐτόλμων·
541 1659 589 1691 τῆς
611 1657 665 1696 γὰρἸ
687 1657 874 1696 ἀναισχυντίας
889 1662 908 1686 C

106 1703 232 1739 δικαστὴν
250 1698 321 1742 εἶχον
340 1702 385 1732 τὸν
400 1701 490 1741 φόὸον,
504 1701 549 1730 καὶ
568 1703 659 1730 τοῦτον
672 1702 701 1730 οὐ
717 1703 794 1737 θεῖον,
807 1700 875 1730 ἀλλὰ

106 1749 276 1789 ἀνθρώπινον.
298 1748 351 1778 Καὶ
372 1747 424 1787 γὰρ
444 1746 526 1780 οὕτως
547 1746 619 1786 ἔχει·
640 1746 734 1775 πολλοὶ
748 1746 876 1779 πολλάκις

106 1796 177 1824 Θεοῦ
191 1794 271 1834 φόὸον
285 1795 333 1823 οὐκ
349 1794 470 1833 ἔχοντες,
482 1792 636 1832 ἀνθρωπίνῳ
651 1792 725 1832 φόὸῳ
739 1791 875 1821 δουλεύου-

107 1853 158 1870 σιν.
172 1840 334 1880 Ἐφοὸοῦντο
344 1839 389 1869 τὸν
400 1839 473 1869 λαόν.
487 1839 550 1868 Εἴθε
564 1838 608 1868 τὸν
622 1838 702 1874 Θεὸν,
713 1838 758 1868 καὶ
777 1838 813 1877 μὴ
831 1838 875 1867 τὸν

106 1886 184 1916 λαόν·
201 1887 231 1916 τὸ
246 1886 294 1925 μὲν
313 1885 364 1926 γὰρ
383 1886 510 1921 εὖσεὸεῖν,
524 1885 555 1914 τὸ
569 1884 597 1915 δὲ
611 1885 725 1914 ἇσεὸεῖν.
747 1885 876 1924 Λέγουσιν

108 1935 180 1973 αὐτῷ
190 1956 198 1967 ,
213 1935 261 1962 οὐκ
275 1932 394 1971 οἴδαμεν.
406 1932 478 1972 σΟρα
493 1934 551 1964 πῶς
562 1934 580 1967 ἡ
593 1930 675 1961 κακία
687 1935 742 1965 τοῖς
753 1935 878 1972 πονηροῖς

109 1979 269 2020 ἐμφωλεύει·
290 1979 339 2018 ὅρα
351 1980 408 2012 πῶς
428 1979 522 2013 ἑαυτῆς
545 1976 592 2012 τὴν
615 1977 755 2013 ἀτοπίανὴ
770 1977 879 2007 ἀσέὸεια

109 2025 241 2065 κηρύττει.
256 2024 363 2064 ιὨσπερ
376 2023 427 2063 γὰρ
441 2024 497 2063 ἔχις
508 2046 515 2058 ,
539 2023 555 2058 ἤ
576 2035 603 2052 τι
624 2024 676 2052 τῶν
691 2023 877 2063 πονηροτάτων

110 2071 216 2111 θηρίων,
236 2075 290 2103 τοῖς
312 2069 469 2108 ’ὑπονόμων
491 2070 654 2109 ἐμφωλεῦον,
676 2069 765 2109 ἠρέμα
777 2068 878 2108 προκύ-

921 1157 967 1187 Illi
981 1167 1088 1196 quoque
1102 1155 1175 1196 apud
1188 1167 1216 1185 se
1228 1156 1357 1186 sermonis
1373 1157 1429 1187 vim
1442 1157 1627 1197 explorabant,
1641 1165 1667 1187 et

923 1204 998 1233 aiunt
1011 1216 1017 1232 ε
1041 1204 1073 1232 Si
1096 1204 1266 1239 dinamus,
1290 1204 1340 1232 Ea:
1362 1204 1446 1238 caelo,
1470 1204 1546 1232 dicet
1572 1206 1666 1241 nobis,
1678 1212 1737 1233 [bid.
1748 1221 1767 1232 v.
1777 1210 1812 1232 26.

925 1251 986 1280 Cur
996 1261 1064 1290 ergo
1078 1260 1138 1279 non
1148 1249 1312 1278 credidistis
1321 1252 1334 1276 P
1345 1250 1428 1279 Novit
1441 1249 1599 1289 improbitas
1612 1252 1669 1280 exi-

923 1296 990 1326 tium
1009 1306 1099 1333 suum;
1118 1295 1195 1325 novit
1210 1305 1238 1324 se
1256 1305 1304 1334 per
1321 1305 1380 1333 quae
1398 1294 1544 1335 protendit,
1570 1306 1618 1335 per
1639 1307 1669 1325 ea

922 1341 1036 1371 destrui.
1052 1341 1123 1378 Quia
1137 1340 1235 1370 Joanni
1249 1350 1303 1369 non
1322 1340 1578 1381 obtemperaverant,
1592 1352 1668 1372 vere-

922 1388 1021 1417 bantur
1033 1387 1122 1416 dicere
1137 1386 1226 1426 ipsnm
1244 1397 1277 1416 ex
1299 1386 1357 1415 Deo
1377 1397 1444 1423 esse,
1466 1396 1499 1415 ne
1519 1397 1534 1416 e
1557 1387 1670 1427 vestigio

923 1440 1080 1472 sequeretur
1089 1431 1269 1472 reprehensio.
1282 1431 1313 1460 Si
1323 1438 1419 1460 autem
1437 1432 1606 1468 dixerimus,
1620 1434 1670 1462 Ex
1679 1447 1732 1467 Luc.
1745 1452 1782 1467 20*
1793 1444 1815 1466 6.

924 1481 1105 1515 hominibus,
1130 1480 1261 1507 timemus
1281 1479 1408 1514 turbam,
1435 1488 1471 1507 ne
1493 1478 1667 1517 lapidemur.

923 1528 995 1556 Nam
1014 1531 1196 1566 praeoccupata
1215 1524 1249 1552 de
1264 1524 1338 1563 justo
1362 1524 1454 1563 opinio
1477 1524 1670 1554 inexorabilem

924 1571 1068 1601 adversum
1081 1580 1130 1600 nos
1143 1571 1212 1599 feret
1222 1570 1363 1599 ultionem.
1382 1571 1485 1599 Omnis
1496 1573 1573 1600 enim
1581 1582 1671 1610 popu·
1680 1585 1762 1606 slauh.
1780 1590 1816 1606 2¹.

925 1617 970 1646 lus
985 1618 1111 1646 habebat
1124 1616 1146 1645 J
1148 1625 1271 1644 oannem
1285 1617 1359 1644 sicut
1372 1617 1551 1655 prophetam,
1569 1617 1669 1646 Nolue-
1679 1615 1717 1638 26·

923 1670 986 1692 runt
1000 1673 1063 1702 ergo
1075 1673 1140 1691 vera
1152 1661 1252 1696 dicere,
1269 1671 1364 1701 nempe
1377 1661 1451 1700 qnod
1464 1672 1497 1691 ex
1511 1664 1567 1691 Deo
1582 1670 1648 1692 essct
1662 1675 1667 1691 :

924 1710 974 1739 Dei
988 1719 1101 1747 namque
1115 1708 1252 1738 veritatem
1267 1708 1431 1748 abjecerunt,
1453 1719 1483 1738 ac
1501 1709 1670 1739 mendacium

924 1756 1012 1786 dicere
1026 1765 1079 1784 non
1095 1754 1152 1784 nusi
1163 1760 1242 1790 sunt3
1259 1753 1446 1793 imprudentiae
1463 1755 1534 1784 enim
1551 1755 1670 1796 judicem

925 1801 1057 1830 habebant
1077 1800 1220 1836 timorem,
1242 1799 1367 1838 huncque
1390 1810 1443 1830 non
1465 1800 1607 1837 divinum,
1625 1802 1671 1831 sed

925 1848 1085 1877 humanum.
1098 1847 1168 1876 Nam
1182 1846 1218 1875 ita
1234 1856 1262 1875 se
1274 1857 1315 1875 res
1329 1846 1409 1875 habet
1421 1859 1427 1875 ι
1443 1847 1523 1877 multi
1538 1858 1607 1888 saepe
1619 1849 1671 1877 Dei

924 1895 1021 1924 timore
1039 1903 1092 1923 non
1106 1892 1225 1933 praediti‚
1241 1892 1358 1922 humano
1370 1893 1493 1923 serviunt
1507 1894 1610 1923 timori.
1625 1895 1673 1924 Ti-

926 1941 1034 1970 mebant
1046 1939 1163 1979 plebem.
1174 1938 1285 1969 Utinam
1296 1940 1396 1975 Deum,
1411 1950 1463 1969 non
1473 1941 1591 1980 plebem;
1603 1941 1674 1970 illud

927 1996 1042 2025 namque
1058 1984 1163 2025 pietatis
1182 1991 1232 2018 est,
1252 1984 1304 2014 hoc
1326 1985 1482 2024 impietatis.
1501 1987 1614 2015 Dicunt
1634 1989 1671 2023 ei,
1683 2003 1756 2023 Mum
1771 2007 1805 2022 Η,

927 2033 1089 2062 Nescimus.
1110 2030 1184 2061 Vide
1203 2030 1340 2069 quomodo
1361 2031 1479 2070 nequitia
1495 2033 1522 2061 in
1543 2032 1673 2073 improbis
1681 2032 1720 2055 33.

928 2079 1012 2108 latitet
1024 2091 1031 2107 :
1045 2077 1108 2108 vide
1118 2076 1253 2115 quomodo
1263 2076 1455 2106 absurditatem
1465 2088 1540 2107 suam
1549 2078 1673 2119 impietas

110 2129 171 2146 ''ff“
196 2119 243 2152 τῆς
265 2115 447 2151 καταδύσεως,
474 2115 520 2145 καὶ
537 2115 625 2145 τέλεον
651 2117 804 2155 προσελθεῖν
832 2116 880 2144 Οὐχ
895 2137 915 2160 n
929 2124 1065 2165 praedicat.
1091 2125 1159 2154 Nam
1187 2123 1256 2152 sicut
1279 2122 1383 2162 vipera,
1411 2130 1457 2152 aut
1481 2124 1673 2154 immanissima

111 2162 194 2192 ἐθέλει
205 2175 212 2181 ·
225 2162 295 2191 οὕτω
309 2162 353 2191 καὶ
363 2162 388 2191 οἱ
402 2161 541 2198 Ἰουδαῖοι,
559 2162 597 2201 τῷ
610 2162 702 2200 φωλεῷ
723 2163 771 2196 τῆς
786 2160 881 2193 κακίας

112 2210 252 2245 συζῶντες,
262 2209 298 2240 εἰς
308 2209 362 2247 φῶς
369 2206 417 2242 τὴν
428 2208 528 2235 ἑαυτῶν
538 2207 566 2236 οὔ
577 2206 754 2246 προσφέρουσι
764 2205 880 2245 γνώμην.

113 2254 162 2284 Διὸ
174 2253 218 2283 καὶ
230 2256 244 2283 ὁ
257 2252 353 2292 Κύριος
366 2252 431 2291 πρὸς
444 2251 536 2285 αὐτούς
545 2263 552 2270 ·
566 2251 636 2282 Οὐδὲ
655 2251 708 2291 ἐγὼ
728 2251 798 2291 λέγω
811 2253 881 2290 ὑμῖν.
895 2262 898 2265 ’

114 2300 186 2340 Ὅρα
199 2301 256 2332 πῶς
266 2301 283 2334 ἡ
296 2297 383 2333 σιωπὴ
406 2296 455 2333 τὴν
476 2297 572 2326 ἄτοπον
591 2297 720 2337 ἐρώτησιν
742 2296 881 2326 ἐκόλασεν·

114 2346 162 2385 ὅρα
174 2348 231 2379 πῶς
243 2347 292 2381 τὴν
306 2344 401 2374 κακίαν
422 2344 470 2373 οὐκ
489 2343 715 2383 ἐπληροφόρησεν,
739 2344 797 2372 ἀλλ’
820 2342 884 2372 ἀπέ-

116 2404 211 2428 στησεν
226 2391 318 2424 αὐτοὺς
343 2392 369 2420 ἐν
392 2389 465 2430 μέσῳ
478 2390 531 2418 τῶν
545 2390 737 2428 συλλογισμῶν.
753 2388 806 2419 Καὶ
819 2389 883 2430 ὅπερ

117 2438 197 2467 ἔπαθέ
207 2449 271 2466 ποτε
284 2440 302 2472 ἡ
316 2437 371 2470 ὄνος
382 2438 427 2465 τοῦ
441 2434 557 2473 Βαλαὰμ
566 2456 573 2468 ,
593 2434 630 2472 μὴ
646 2435 784 2469 δυνηθεῖσα
796 2436 884 2465 ἐκκλῖ-

119 2495 162 2512 ναι
176 2483 246 2517 δεξιὰ
261 2483 278 2517 ἢ
297 2481 439 2522 ἀριστερὰ,
461 2481 504 2509 διὰ
521 2480 565 2509 τὸν
582 2480 691 2519 ἄγγελον
705 2481 750 2510 τὸν
763 2481 884 2517 ἀντιστή-

930 2182 1042 2210 quaeque
1055 2171 1121 2206 fera,
1138 2170 1167 2199 in
1182 2169 1304 2199 latibulis
1322 2169 1431 2209 degens,
1456 2170 1554 2199 sensim
1565 2181 1579 2200 e
1592 2181 1674 2211 specu

931 2217 1032 2257 prodit,
1051 2227 1100 2247 nec
1112 2216 1221 2246 omnino
1234 2215 1295 2245 vult
1308 2215 1417 2255 prodire
1432 2228 1438 2245 :
1454 2216 1493 2245 sic
1505 2223 1530 2246 et
1544 2217 1562 2246 J
1564 2216 1632 2245 udaei
1647 2217 1674 2244 in

932 2269 1008 2291 antro
1033 2260 1173 2301 pravitatis
1194 2266 1339 2297 versantes,
1363 2260 1519 2289 sententiam
1543 2271 1619 2289 suam
1647 2260 1674 2287 in

933 2305 1021 2335 lucem
1045 2315 1100 2334 non
1124 2304 1270 2344 proferunt.
1285 2303 1467 2340 Quamobrem
1486 2304 1618 2333 Dominus
1639 2303 1676 2331 ait

934 2349 990 2379 illis
1002 2361 1010 2379 ε
1025 2349 1088 2378 Nec
1099 2358 1150 2388 ego
1164 2348 1229 2377 dico
1243 2348 1340 2376 vobis.
1356 2347 1429 2377 Vide
1442 2346 1576 2385 quomodo
1590 2347 1675 2375 silen-
1686 2359 1769 2382 matth.
1785 2365 1808 2380 2.
1821 2373 1825 2378 ,

935 2393 1003 2422 tium
1015 2391 1159 2422 absurdam
1170 2390 1402 2429 interrogationem
1413 2389 1581 2428 castigaverit
1593 2402 1599 2418 ι
1614 2389 1677 2418 vide
1684 2397 1723 2421 27·

936 2437 1071 2476 quomodo
1084 2435 1208 2474 nequitiae
1223 2443 1275 2462 non
1289 2434 1380 2463 fecerit
1393 2433 1466 2467 satis,
1490 2432 1535 2461 sed
1553 2434 1681 2462 averterit

937 2491 982 2510 eos
995 2481 1022 2509 in
1037 2479 1125 2509 medio
1138 2478 1348 2507 ratiociniorum.
1363 2477 1398 2506 Et
1408 2475 1481 2515 quod
1494 2476 1559 2506 olim
1571 2477 1682 2518 contigit

156 2582 166 2593 ³
186 2573 313 2607 ἰπονόμωυ,
326 2581 385 2605 vox,
395 2578 423 2598 ut
435 2572 545 2603 videtur,
558 2577 684 2605 corrupta.
697 2571 833 2598 Cotelcrius
846 2571 976 2604 legendum
989 2572 1113 2596 existimat
1127 2573 1248 2601 ›hm-aqam.
