1890 2826
237 170 303 204 116

231 242 343 272 modum
367 243 458 282 ipsum
482 243 626 283 Numen),
641 241 688 271 sed
716 248 746 272 ut
769 241 820 272 hoc
842 241 977 271 humanus

231 300 319 319 sermo
333 289 450 319 declaret
460 300 490 318 ea
504 288 622 327 undique
640 295 712 318 metu
726 299 757 318 ac
773 288 921 319 reverentia
938 289 977 317 af-

233 337 299 366 secta
309 338 410 366 servire
421 336 549 366 Domino.
565 336 610 365 Sic
623 342 727 375 oportet
738 345 786 365 nos
796 345 903 375 quoque
913 335 977 365 assi-

231 390 311 420 stere,
326 383 407 413 talem
431 384 489 412 Deo
511 381 733 421 glorificationem
754 382 904 419 offerentes,
919 393 975 412 me-

231 435 346 466 tuentes,
361 440 392 458 ac
413 435 567 465 trementes,
581 438 613 458 ac
633 435 770 467 tamquam
789 427 867 457 illum
888 428 976 468 ipsum

230 475 327 505 mentis
348 475 436 505 oculis
454 474 596 504 intuentes.
613 473 697 504 Adest
717 474 791 504 enim
802 474 848 505 hic
867 474 976 504 omnino
992 480 1010 504 C

230 520 276 559 qui
295 521 373 550 nullo
392 521 452 550 loco
470 520 714 557 circumscribitur,
729 530 860 560 vocesque
873 527 977 551 nostras

230 574 356 597 recenset.
374 567 421 598 Sic
440 567 524 607 igitur
548 566 662 596 contrito
681 573 708 596 et
729 567 873 597 humiliato
896 567 977 597 corde

229 614 338 643 laudem
362 614 547 654 depromentes
574 613 720 643 reddamus
743 624 803 643 eam
828 621 973 654 acceptam,

229 668 256 691 et
273 661 350 691 velut
370 661 510 691 incensum
529 660 593 690 boni
611 659 705 690 odoris
715 659 752 690 ad
770 660 868 690 caelum
883 661 974 690 mitta-

78 711 144 734 Psal.
166 709 205 733 5⁰-
230 718 301 736 mus.
319 707 377 737 Cor
391 707 475 743 enim,
495 706 594 746 inquit,
610 709 766 736 contritum
787 711 816 736 et
834 707 974 736 humilia-

81 748 116 772 ¹9.

230 760 291 783 tum
301 754 381 783 Deus
390 764 449 783 non
457 754 604 793 despiciet.
621 754 722 784 Verum
729 754 870 794 propbeta,
877 753 976 793 inquis,

229 799 387 829 exhortatur
399 806 429 828 ut
445 810 508 829 cum
518 799 609 840 jubilo
628 798 847 839 glorificationem
861 810 974 840 peraga-

78 853 216 876 Psa1.65.1.
228 857 289 875 mus
308 858 314 875 :
336 846 481 883 Jubilate,
499 846 599 885 inquit,
615 847 744 875 Domino
767 848 862 876 omnis
885 853 973 876 terra.

228 894 264 922 At
277 903 363 932 neque
375 898 424 922 nos
436 893 515 922 talem
525 893 714 934 jubilationem
728 893 915 933 prohibemus,
927 893 976 923 sed

228 949 321 968 vocem
344 939 519 979 prohibemus
545 938 617 968 nihil
647 938 859 978 significantem;
888 949 976 977 neque

227 984 404 1024 prohibemus
419 995 511 1015 vocem
524 984 626 1021 laudis,
641 984 689 1014 sed
697 995 790 1015 vocem
799 984 975 1014 absurditatis
990 985 1009 1008 D

227 1039 254 1061 et
272 1031 446 1070 inconditam,
461 1042 492 1062 ac
504 1038 612 1061 mutuas
625 1031 696 1061 inter
714 1041 763 1061 vos
781 1031 974 1069 contentiones,

227 1088 324 1108 manus
343 1078 477 1108 incassum
498 1085 649 1117 temereque
674 1078 794 1108 sublatas
817 1078 844 1107 in
874 1088 973 1115 aerem,

228 1123 310 1164 podes
342 1123 564 1165 supplaudentes‚
589 1123 730 1153 indecoros
756 1123 975 1163 effeminatosque

229 1181 327 1208 mores,
341 1181 401 1210 quae
415 1177 478 1200 sunt
490 1180 594 1207 eorum,
607 1170 655 1209 qui
667 1170 695 1199 in
710 1170 822 1200 theatris
832 1180 863 1199 ac
875 1169 976 1199 circen·

229 1217 304 1246 sibus
318 1217 391 1246 ludis
405 1223 555 1253 versantur,
571 1216 685 1246 ludicra.
699 1216 780 1246 Illinc
794 1216 872 1245 nobis
884 1216 974 1256 perni-

228 1263 299 1293 ciosa
314 1263 480 1292 invehuntur
493 1262 628 1302 exempla,
641 1262 718 1291 illinc
735 1262 892 1302 irreligiosa}
907 1262 973 1292 vul-

229 1320 360 1349 garesque
373 1319 463 1346 voces,
477 1308 554 1338 illinc
575 1318 704 1338 manuum
719 1307 814 1351 ineptae
826 1307 975 1348 gesticula-

229 1356 325 1393 tiones,
357 1355 550 1394 contentiones,
576 1354 798 1393 concertationes,
822 1365 854 1384 ac
887 1365 976 1385 mores

229 1402 411 1443 incompositi.

269 1449 300 1477 4.
313 1447 398 1477 Nulla
414 1458 458 1477 res
477 1447 550 1476 enim
569 1457 644 1486 aeque
663 1446 772 1486 eloquia
790 1445 841 1476 Dei
864 1445 975 1476 adducit

229 1495 257 1524 in
271 1500 446 1531 contemtum,
455 1500 534 1532 atque
543 1493 756 1534 spectaculorum
770 1503 829 1532 quae
839 1492 898 1522 illic
911 1504 974 1533 pro-

229 1547 369 1580 ponuntur
382 1539 535 1569 admiratio.
546 1538 664 1569 Proinde
684 1539 836 1578 frequenter
849 1550 897 1582 vos
910 1539 975 1569 hor-
990 1545 1009 1568 Ε

229 1593 299 1616 tatus
313 1597 384 1622 sum,
399 1596 433 1615 ne
443 1586 505 1625 quis
521 1596 614 1615 eornm
627 1585 675 1624 qui
686 1585 741 1614 huc
761 1585 919 1623 adveniunt,
933 1585 974 1615 di-

229 1633 346 1672 vinaque
367 1632 491 1662 doctrina
512 1633 653 1668 fruuntur,
669 1631 770 1671 quique
794 1632 925 1662 tremendi
944 1643 975 1662 ac

228 1680 337 1720 mystici
350 1680 495 1720 participes
506 1687 568 1710 sunt
582 1679 717 1716 sacrificii,
732 1679 767 1708 ad
781 1679 830 1708 illa
846 1680 895 1710 iret
911 1690 975 1720 spe-

130 1743 220 1770 Specta·
229 1726 343 1762 ctacula,
353 1737 406 1756 neu
419 1726 517 1757 divina
527 1737 588 1756 cum
602 1726 775 1756 daemoniacis
792 1727 977 1756 commisceret

76 1774 125 1795 τώ
133 1773 220 1802 r¹¹b¹i⁰=
229 1772 367 1813 mysteria.
381 1774 504 1802 Attamen
515 1773 640 1802 nonnulli
652 1783 738 1812 usque
751 1771 818 1802 adeo
827 1773 974 1810 insaniunt,

77 1805 167 1826 vitanda

77 1843 156 1866 qunl'e-

230 1826 259 1848 ut
270 1819 350 1848 etiam
362 1830 422 1848 cum
434 1819 550 1859 speciem
560 1819 698 1859 gravitatis
709 1829 741 1848 ac
751 1819 906 1848 reverentiae
919 1819 976 1860 ple-

577 180 605 203 S.
633 180 771 204 JOANNlS
799 180 982 203 CllRYSOST.
1005 180 1158 203 ARCHOEP.
1188 180 1456 204 CONSTAN'HNOP.

1031 241 1147 281 ἐπιδείξῃ
1164 243 1330 283 πανταχόθεν
1341 242 1408 273 αὐτὰ
1422 243 1607 281 συνεστάλθαι,
1629 244 1703 285 φόὸῳ
1717 257 1746 274 τε
1758 245 1807 275 καὶ

1030 287 1155 328 εὐλαὸείᾳ
1165 289 1325 328 λειτουργεῖν
1335 290 1374 329 τῷ
1386 289 1522 330 Δεσπότῃ,
1533 289 1615 320 Οὕτω
1626 291 1664 320 δεῖ
1676 291 1721 321 καὶ
1732 294 1804 331 ἡμᾶς

1029 333 1208 373 παρίστασθαι
1228 333 1278 370 τὴν
1293 334 1418 371 τοιαύτην
1431 337 1504 375 αὐτῷ
1524 335 1673 376 δοξολογίαν
1686 338 1803 378 προσφέ-

1029 391 1120 419 ροντας
1130 402 1139 416 ,
1153 380 1301 415 δεδοικότας
1312 380 1357 410 καὶ
1371 380 1529 421 τρέμοντας,
1543 381 1588 411 καὶ
1598 384 1633 416 ὡς
1647 382 1725 412 αὐτὸν
1738 385 1804 413 ἐκεῖ·

1028 437 1071 455 νον
1092 429 1147 459 τοῖς
1168 427 1218 461 τῆς
1240 426 1355 460 διανοίας
1376 428 1493 467 ὁρῶντας
1513 428 1668 468 ὀφθαλμοῖς.
1683 427 1803 469 Πάρεστι

1026 470 1078 512 γὰρ
1087 473 1199 501 ἐνταῦθα
1211 471 1335 512 ’πάντως
1345 474 1360 501 ὁ
1373 473 1467 512 μηδενὶ
1479 473 1555 514 τόπῳ
1568 473 1803 514 περιγραφόμενος,

1027 517 1136 551 καὶτὰς
1156 517 1244 558 φωνὰς
1265 518 1390 548 ἁπάντων
1405 519 1597 560 ἀπογράφει-αι.
1614 519 1697 550 Οὕτω
1716 519 1803 549 τοίνυν

1027 563 1238 605 συντετριμμένῃ
1249 565 1345 605 καρδία
1357 563 1403 594 καὶ
1414 565 1630 606 τεταπεινωμένῃ
1643 565 1693 602 τὴν
1704 565 1802 596 αἴνισιν

1027 609 1239 648 ἀναπέμποντες,
1261 611 1453 651 εὖπρόσδεκτον
1472 613 1555 648 αὐτὴν
1572 612 1742 652 ποιήσωμεν,
1757 613 1803 642 καὶ

1025 657 1061 689 ὡς
1074 657 1168 690 εὐῶδες
1180 657 1300 696 θυμίαμα
1314 657 1380 697 πρὸς
1391 657 1500 698 οὐρανὸν
1511 657 1719 698 ἀναπέμψωμεν.
1730 660 1802 698 Καρ-

1026 702 1083 732 δίαν
1103 702 1164 743 γὰρ,
1181 703 1259 743 φησὶ,
1274 703 1499 743 συντετριμμένην
1511 727 1519 739 ,
1539 704 1585 733 καὶ
1602 706 1801 744 τεταπεινωμέ-

1025 761 1072 784 νην
1085 751 1100 778 ὁ
1113 749 1182 783 Θεὸς
1192 750 1241 778 οὐκ
1251 749 1427 784 ἐξουδενώσει.
1439 749 1509 779 Ἀλλ’
1518 752 1533 779 ὁ
1542 750 1681 791 προφήτης
1689 773 1697 787 ,
1713 752 1802 792 φησὶν,

1026 796 1174 836 ἀλαλαγμῷ
1199 798 1332 825 ποιεῖσθαι
1357 796 1406 833 τὴν
1430 796 1579 836 δοξολογίαν
1607 797 1800 838 προτρέπεται·

1025 841 1186 875 Ἀλαλᾶξατε
1204 841 1256 881 γὰρ
1277 844 1316 882 τῷ
1339 842 1445 882 Κυρίῳ,
1466 847 1541 872 πᾶσα
1554 845 1571 879 ἡ
1585 845 1630 883 γῆ.
1650 843 1721 874 Ἀλλ’
1742 845 1802 874 οὐδὲ

1025 891 1102 928 ἡμεῖς
1111 888 1155 918 τὸν
1167 891 1284 917 τοιοῦτον
1299 888 1479 927 διακωλύομεν
1494 890 1657 929 ἀλαλαγμὸν,
1672 890 1741 920 ἀλλὰ
1751 891 1801 927 τὴν

1026 934 1130 974 ἄσημον
1150 934 1214 973 βοήν
1226 946 1233 952 ·
1250 934 1309 964 οὐδὲ
1320 934 1380 970 τὴν
1405 934 1495 975 φωνὴν
1515 937 1564 970 τῆς
1577 935 1700 970 αἰνέσεως
1711 958 1720 972 ,
1732 937 1801 967 ἀλλὰ

1025 979 1074 1016 τὴν
1087 980 1175 1021 φωνὴν
1195 983 1243 1016 τῆς
1262 980 1369 1015 ἀταξίας
1378 981 1389 1016 ,’
1399 980 1447 1014 τὰς
1459 980 1525 1020 πρὸς
1540 981 1670 1017 ἀλλήλους
1684 984 1800 1022 φιλονει-

1025 1026 1100 1063 κίας,
1114 1025 1161 1059 τὰς
1180 1027 1240 1066 εἰκῇ
1260 1026 1306 1056 καὶ
1325 1026 1410 1065 μάτην
1425 1027 1603 1067 ἐπαιρομένας
1620 1033 1712 1069 χεῖρας
1722 1030 1749 1058 ἐν
1762 1031 1801 1070 τῷ

1026 1070 1101 1112 ἀέρι,
1114 1070 1174 1105 τοὺς
1195 1072 1389 1111 ἱππαζομένους
1401 1072 1500 1109 πόδας,
1514 1073 1548 1103 τὰ
1563 1074 1728 1113 ἄκοσμακαὶ
1742 1076 1802 1105 δια-

1026 1117 1195 1156 κεκλασμένα
1209 1118 1259 1154 ἤθη
1272 1140 1281 1155 ,
1297 1118 1366 1159 ἅπερ
1380 1120 1432 1148 τῶν
1447 1120 1474 1148 ἐν
1490 1124 1545 1153 τοῖς
1557 1119 1675 1160 θεάτροις
1689 1121 1734 1151 καὶ
1747 1126 1802 1156 τοῖς

1026 1164 1213 1205 ἱπποδρομίαις
1239 1165 1421 1205 σχολαζόντων
1450 1166 1508 1195 ἐστὶ
1536 1166 1656 1206 παίγνια.
1683 1167 1801 1198 Ἐκεῖθεν

1025 1213 1090 1249 ἡμῖν
1104 1210 1138 1239 τὰ
1158 1211 1265 1251 ὀλέθρια
1280 1214 1365 1240 ταῦτα
1377 1210 1620 1253 Ι’·1ι·αρειι·.κρε’ρονται
1634 1213 1800 1254 διδάγματα,

1026 1256 1122 1285 ἐκεῖθεν
1145 1257 1172 1285 αἱ
1196 1256 1350 1290 ἀνευλαὸεῖς
1366 1253 1443 1286 αὗται
1465 1258 1510 1287 καὶ
1534 1259 1677 1297 δημοτικαὶ
1698 1261 1801 1300 φωναὶ,

1025 1302 1124 1331 ἐκεῖθεν
1138 1303 1166 1331 αἱ
1179 1304 1232 1332 τῶν
1245 1306 1342 1343 χειρῶν
1357 1303 1463 1338 ἀταξίαι
1473 1326 1482 1341 ,
1498 1305 1525 1333 αἱ
1538 1304 1633 1344 ἔριδες,
1648 1308 1675 1336 αἱ
1688 1308 1801 1347 φιλονει-

1026 1348 1097 1385 κίαι,
1115 1349 1147 1378 τὰ
1163 1349 1266 1378 ἄτακτα
1279 1349 1342 1385 ἤθη.

1065 1447 1151 1478 Οὐδὲν
1164 1448 1216 1488 γὰρ
1229 1449 1298 1478 οὕτω
1310 1455 1483 1491 καταφρονεῖν
1497 1453 1550 1482 τῶν
1563 1454 1610 1482 τοῦ
1623 1454 1694 1483 Θεοῦ
1710 1466 1800 1495 παρα-

1025 1492 1146 1527 σκευάζει
1163 1493 1269 1533 λογίων,
1283 1496 1319 1528 ὡς
1332 1496 1356 1524 οἱ
1375 1498 1428 1525 τῶν
1441 1497 1496 1526 ἐκεῖ
1516 1498 1656 1536 θεαμάτων
1671 1510 1800 1540 μετεωρι-

1026 1539 1097 1579 σμοί.
1113 1538 1165 1568 Διὰ
1186 1542 1264 1569 τοῦτο
1281 1541 1451 1580 παρεκάλεσα
1474 1544 1603 1578 πολλάκις
1623 1544 1724 1583 μηδένα
1746 1548 1800 1575 τῶν

1025 1586 1136 1615 ἐνταῦθα
1155 1586 1382 1625 παραγινομένων,
1402 1589 1447 1618 καὶ
1471 1591 1520 1624 τῆς
1540 1589 1610 1623 θείας
1631 1590 1801 1624 διδασκαλίας

1026 1630 1222 1668 ἀπολαυόντων,
1237 1632 1283 1661 καὶ
1303 1635 1352 1669 τῆς
1372 1637 1484 1674 φρικτῆς
1503 1635 1548 1665 καὶ
1572 1639 1702 1675 μυστικῆς
1722 1649 1800 1676 μετε-

1025 1676 1126 1718 χόντων
1139 1677 1230 1712 θυσίας
1238 1699 1246 1713 ,
1264 1678 1330 1719 πρὸς
1343 1681 1431 1709 ἐκεῖνα
1443 1681 1558 1721 βαδίζειν
1571 1681 1605 1711 τὰ
1619 1682 1717 1723 θέατρα
1726 1705 1734 1719 ,
1755 1683 1801 1712 καὶ

1025 1723 1060 1752 τὰ
1074 1726 1131 1753 θεῖα
1145 1729 1198 1758 τοῖς
1212 1725 1374 1764 δαιμονικοῖς
1388 1727 1557 1767 ἀναμιγνῦειν
1572 1728 1714 1769 μυστήρια.
1729 1729 1800 1759 Ἀλλ’

1026 1770 1095 1800 οὕτω
1115 1770 1183 1804 τινὲς
1208 1771 1366 1811 μεμήνασιν,
1386 1772 1455 1803 ὥστε
1473 1774 1519 1803 καὶ
1544 1776 1639 1815 σχῆμα
1664 1775 1801 1810 εὐλαὸείας

1026 1816 1228 1857 ἐπιφερόμενοι,
1247 1817 1293 1848 καὶ
1318 1819 1356 1852 εἷς
1378 1819 1473 1849 πολιὰν
1495 1821 1653 1856 ἐληλακότες
1674 1823 1800 1861 βαθεῖαν,

229 1875 292 1894 nam
306 1865 506 1903 circumferant,
517 1865 591 1895 etad
605 1865 767 1906 profundam
782 1865 906 1895 canitiem
917 1877 976 1906 per-
983 1881 1018 1900 ¹01
1026 1863 1098 1902 ὅμως
1111 1864 1287 1902 αὐτομολοῦσι
1304 1864 1370 1905 πρὸς
1382 1866 1470 1894 ἐκεῖνα
1479 1888 1488 1903 ,
1513 1865 1583 1904 μήτε
1595 1870 1648 1900 τοῖς
1662 1867 1801 1907 ἡμετέροις

230 1911 364 1948 venerint,
382 1911 468 1940 nihilo
482 1922 558 1940 secus
571 1918 682 1941 currant
695 1911 730 1940 ad
747 1911 807 1948 illa,
822 1922 907 1951 neque
923 1923 975 1942 no-
991 1909 1011 1932 Α
1026 1909 1201 1950 προσέχοντες
1217 1910 1320 1949 λόγοις,
1338 1910 1406 1949 μήτε
1425 1910 1474 1947 ἢν
1494 1911 1594 1941 οἶκείαν
1613 1912 1800 1953 αἰσχυνόμενοι

230 1956 294 1986 stris
320 1958 490 1986 sermonibus
515 1958 705 1993 auscultantes,
721 1968 806 1996 neque
836 1959 975 1999 propriam

230 2002 341 2032 reveriti
355 2003 481 2043 speciem.
495 2004 601 2032 Verum
613 2004 720 2041 quoties
733 2003 772 2032 eis
786 2003 859 2034 hunc
870 2016 976 2034 sermo-

230 2059 291 2078 nem
302 2049 461 2089 ingerimus,
469 2056 495 2078 et
505 2056 534 2079 ut
543 2049 668 2079 canitiem
679 2050 890 2090 gravitatemque
899 2063 976 2082 suam

231 2103 404 2126 revereantur
424 2095 611 2131 adhortamur,
627 2107 709 2135 quam
723 2096 837 2126 frivolus
852 2098 974 2135 illorum,

229 2151 311 2178 quam
324 2140 456 2170 ridiculus
471 2139 575 2170 sermo!
591 2141 767 2181 Exemplum,
782 2141 919 2180 inquiunt,
934 2144 977 2173 vi-

229 2184 319 2213 ctoriae
336 2195 396 2223 quae
416 2184 444 2213 in
466 2185 557 2214 futuro
577 2184 674 2214 saeculo
697 2185 748 2215 crit
770 2193 797 2215 ct
818 2197 977 2216 coronarum

229 2236 292 2258 sunt
303 2229 351 2259 illa
368 2230 568 2270 plurimamque
584 2230 659 2260 illinc
673 2230 815 2261 utilitatem
825 2233 975 2262 rescrInlus.

229 2276 306 2312 Quid
318 2276 369 2314 ais,
383 2276 485 2306 homo?
495 2277 639 2306 Obsoletus
648 2276 697 2306 iste
708 2288 795 2307 sermo
808 2285 847 2307 est
855 2289 884 2307 ac
898 2279 962 2307 salla
970 2297 977 2302 -

229 2322 277 2352 ciae
290 2322 398 2362 plenus.
408 2322 490 2352 Unde
499 2322 643 2352 utilitatem
656 2322 755 2353 isthinc
768 2324 872 2354 refers?
885 2336 920 2354 cx
934 2324 977 2354 in-

1027 1954 1173 1995 μόρφωσιν.
1187 1955 1257 1984 Ἀλλ’
1273 1954 1335 1984 ὅταν
1350 1956 1438 1988 αὐτοῖς
1457 1958 1535 1985 τοῦτο
1546 1956 1740 1996 προτείνωμεν,
1754 1957 1799 1986 καὶ

1026 2000 1075 2037 τὴν
1089 2000 1183 2030 πολιὰν
1197 2000 1244 2030 καὶ
1257 2001 1305 2037 τὴν
1318 2001 1457 2032 εὖλᾶὅειαν
1473 2002 1603 2031 αἰδεῖσθαι
1616 2005 1800 2043 παραινῶμεν,

1027 2047 1067 2081 τίς
1081 2049 1167 2077 αὐτῶν
1180 2047 1307 2087 ὁ,ψυχρὸς
1324 2047 1370 2077 καὶ
1385 2047 1581 2087 καταγέλαστος
1593 2048 1687 2088 λόγος;
1706 2050 1801 2088 Παρά-

1029 2094 1139 2133 δειγμα,
1163 2093 1244 2134 φησὶ,
1265 2095 1313 2128 τῆς
1336 2094 1422 2123 ἐκεῖσε
1440 2093 1517 2129 νίκης
1536 2094 1582 2123 καὶ
1599 2096 1652 2124 τῶν
1667 2094 1801 2134 στεφάνων

1029 2139 1079 2169 εἶσὶ
1091 2139 1136 2169 καὶ
1149 2139 1277 2175 πλείστην
1289 2141 1405 2169 ἐντεῦθεν
1418 2139 1589 2180 καρπούμεθα
1602 2140 1651 2176 τὴν
1662 2140 1801 2180 ὠφέλειαν.

1030 2186 1066 2215 Τί
1087 2185 1186 2225 λέγεις,
1207 2186 1345 2226 ἄνθρωπε;
1365 2189 1376 2202 ’·”
1387 2186 1490 2219 “Έωλος
1513 2182 1588 2220 οὗτος
1609 2188 1624 2216 ὁ
1647 2187 1737 2226 λόγος,
1755 2187 1801 2216 καὶ

1030 2233 1135 2268 ἀπάτης
1149 2232 1303 2271 ἀνάμεστος.
1318 2233 1403 2263 Πόθεν
1419 2233 1467 2269 τὴν
1486 2233 1615 2274 ὠφέλειαν
1630 2236 1781 2274 καρποῦσαι
1793 2245 1801 2269 ;

1030 2280 1060 2308 ἐκ
1072 2280 1125 2307 τῶν
1141 2278 1240 2318 μυρίων
1254 2277 1360 2307 ἐκείνων
1375 2280 1550 2318 φιλονεικιῶν,
1563 2279 1608 2308 καὶ
1621 2281 1674 2309 τῶν
1684 2280 1743 2319 εἰκῇ
1757 2278 1802 2308 καὶ

1031 2325 1117 2364 μάτην
1126 2324 1363 2364 καταὸαλλομένων
1373 2325 1458 2365 ὅρκων
1465 2325 1510 2355 ἐπὶ
1520 2328 1595 2367 κακῷ
1605 2328 1658 2356 τῶν
1664 2326 1804 2365 λεγόντων;
1831 2333 1838 2340 ·

229 2371 350 2400 numeris
377 2369 592 2400 contentionibus
604 2392 612 2407 ,
633 2380 668 2399 ex
687 2377 785 2400 temet-e
802 2371 881 2400 tactis
898 2372 974 2411 jura·
994 2381 1012 2404 Β
1030 2371 1047 2406 ἢ
1062 2372 1092 2400 ἐκ
1106 2373 1158 2400 τῶν
1173 2370 1283 2411 ὕὸρεων,
1297 2370 1342 2401 καὶ
1357 2373 1544 2412 βλασφημιῶν,
1557 2373 1603 2402 καὶ
1621 2373 1801 2412 σκωμμάτων,

229 2417 325 2447 mentis
342 2417 371 2446 in
388 2416 519 2468 damnum
538 2415 771 2454 loquentiumhn
789 2427 822 2446 ex
837 2424 976 2447 conmme-

261 2515 272 2527 π
289 2508 406 2541 Quinque
426 2515 501 2532 sexve
523 2506 688 2540 Manuscripti
709 2511 798 2537 πάντως
810 2516 816 2522 ·
836 2512 872 2534 καὶ
893 2511 992 2541 οὐδαμοῦ

228 2551 408 2582 περιγράφεται,
421 2550 458 2572 καὶ
469 2550 511 2576 τὰς
522 2550 594 2582 φωνὰς
608 2550 775 2582 ἀπογράᾳεται.

262 2587 275 2606 b
292 2587 362 2610 Unus
380 2590 601 2622 παρεισφθείρονται,
615 2593 753 2618 perperam.
772 2585 837 2610 Alius
853 2591 991 2621 maz-„922-

1030 2414 1068 2451 οἷς
1087 2418 1216 2455 ἀλλήλους
1233 2419 1413 2448 καταντλῶσιν
1434 2420 1458 2448 οἱ
1472 2419 1563 2449 θεαταὶ
1585 2421 1638 2449 τῶν
1657 2419 1801 2455 τοιούτων;

1040 2521 1122 2543 ρησαν.
1136 2510 1207 2535 Infra
1219 2509 1271 2535 duo
1283 2515 1314 2537 τὰ
1325 2515 1415 2537 ἄαται-α
1426 2515 1479 2541 ἤθη.
1489 2511 1560 2537 Unus
1571 2519 1630 2537 vero
1641 2511 1678 2537 sic
1688 2512 1769 2546 pergit
1780 2517 1803 2539 αἱ

1042 2551 1173 2575 ἀπαίδευτοι
1186 2553 1299 2583 ἐνηχήσεις
1309 2554 1346 2576 καὶ
1358 2554 1461 2577 ἄτακτοι.
1476 2553 1537 2576 οὐδὲν
1547 2553 1602 2585 γάρ.

1074 2596 1084 2607 e
1103 2587 1181 2621 Alius,
1196 2594 1258 2614 teste
1270 2588 1377 2621 savilio,
1391 2593 1461 2622 γέλως
1472 2589 1555 2619 σῦτοςὸ
1569 2593 1639 2622 λόγος.
