1890 2826
237 204 308 240 236

237 279 305 315 Dei,
313 276 469 314 Deo.Quid
473 276 571 317 igitur?
577 276 678 306 semina
685 270 886 318 immundanon'
890 275 979 305 erant?

236 323 352 353 Minime
364 336 370 353 :
387 323 435 354 sed
447 333 496 353 nec
506 333 586 362 aqua.
600 323 636 353 Et
646 322 698 352 hoc
709 333 759 363 per
769 329 823 352 tres
841 332 925 364 annos
939 322 979 352 ie-

236 377 340 400 cerunt.
363 371 413 401 18.
440 371 482 400 Et
500 370 660 410 completis,
675 369 773 413 inquit,
787 369 899 407 diebus,
913 375 981 408 post

236 426 311 455 quos
336 417 451 446 dixerat
473 426 536 452 rex,
559 421 591 445 ut
611 415 807 445 introduceret
831 416 918 455 ipsos,
934 425 981 444 ar*-

236 463 436 492 ehieunuchus
449 462 614 492 introduxit
631 471 679 492 eos
693 462 734 491 ad
743 462 981 502 Nabuchodono-

235 519 344 538 sorem*
364 510 413 539 19.
426 510 468 539 Et
489 507 550 538 nor't
577 509 689 538 inventi
701 514 769 537 sunt
781 517 818 536 ex
844 508 980 537 omnibus

235 555 297 584 ι’ἰῖῐς
308 556 419 585 similes
426 555 560 592 Danieli,
576 561 604 584 et
617 553 759 590 Ananioe,
769 560 798 583 et
807 554 938 591 Misae'li,
953 560 981 584 et

235 603 368 632 Azarioe.
379 604 431 633 ΩΟ.
453 604 495 632 Et
511 607 654 632 steterunt
666 603 699 631 in
711 608 866 642 conspectu
879 603 955 642 regis
965 614 980 639 ,-

235 655 264 678 et
277 651 310 678 in
326 651 406 678 omni
417 649 506 679 verbo
527 650 677 689 sapientioe
691 658 727 677 ae
741 649 880 684 scientioe,
901 649 982 688 quod
995 654 1013 678 B

234 696 399 725 sciscitatus
412 701 455 725 est
476 696 514 724 ab
529 695 569 724 eis
587 705 651 731 rex,
665 696 777 724 invenit
789 704 837 723 eos
857 694 980 733 decuplo

231 744 449 780 praestantiores
467 743 600 782 omnibus
620 742 854 771 incantatoribus
866 747 894 770 et
916 751 980 770 ma-

233 790 290 828 gis,
304 790 357 828 qui
367 794 451 818 erant
467 791 497 818 in
515 790 649 818 universo
670 798 759 828 regno
773 789 845 828 ejus.
861 788 904 817 Et
914 794 982 827 post
997 814 1001 818 .

223 834 321 875 finem
333 833 455 870 dierum,
472 834 569 873 inquit,
593 835 652 863 visi
666 840 735 863 sunt
755 834 859 863 vultus
882 845 980 864 eorum

235 879 307 908 honi
315 890 323 906 .-
336 886 362 909 et
372 879 614 919 pulchritudinem:
623 879 696 909 bona
709 879 830 920 eorporis
842 879 980 909 habitudi-

233 935 267 955 ne
282 926 457 966 profecerant.
473 925 574 965 Aspice
599 936 642 955 res
663 936 722 965 quae
742 932 838 965 praeter
857 933 982 955 naturam

186 1003 188 1005 ,
233 979 297 1001 sunt
310 985 316 1001 :
332 972 420 1012 aspice
431 971 527 1001 mundi
541 971 675 1012 Opificem
686 971 734 1010 qui
747 972 892 1001 efficaciam
906 982 982 1002 suam

234 1018 364 1058 adaperit.
378 1014 613 1056 Quemadmodum
622 1017 695 1047 enim
717 1017 795 1047 fictor
807 1017 925 1047 maxime
937 1017 981 1048 vi-

236 1063 347 1104 debitur
360 1063 395 1101 is,
419 1064 467 1103 qui
489 1074 542 1094 non
555 1063 636 1094 modo
651 1073 686 1093 aes
699 1063 816 1093 conflare
829 1073 860 1093 ac
874 1064 981 1093 confor-

234 1120 308 1139 mare
330 1109 448 1147 valebit,
464 1109 512 1139 sed
525 1117 552 1139 et
572 1110 621 1139 illo
641 1119 694 1138 non
707 1108 797 1138 minus
818 1108 842 1138 is
857 1109 906 1149 qui
925 1110 982 1150 jam

234 1156 330 1185 factam
344 1162 458 1186 statuam
478 1156 578 1196 poterit
592 1156 725 1196 corrigere
743 1166 749 1183 ι
777 1155 850 1185 idem
873 1165 982 1195 quoque

234 1202 263 1230 in
283 1203 340 1231 Deo
354 1209 380 1231 et
394 1205 484 1242 pueris
501 1202 563 1241 *illis
586 1204 725 1242 agnoverit
749 1202 894 1243 quispiam.
911 1203 981 1232 Nam

235 1257 348 1287 corpora
362 1254 423 1287 post
435 1247 516 1276 talem
525 1247 678 1277 alimoniam
692 1248 803 1288 pinguia
814 1250 979 1287 praestitisse,

234 1303 288 1323 non
299 1292 389 1322 minus
395 1292 528 1322 facultatis
537 1293 671 1323 creatricis
681 1293 813 1322 indicium
824 1301 890 1331 erat,
898 1306 980 1334 quam

234 1339 371 1369 hominem
384 1350 401 1368 e
420 1346 490 1369 terra
509 1339 648 1369 formasse.
669 1339 753 1373 Unde
767 1339 870 1370 nitidus
880 1341 954 1371 color
965 1342 980 1371 Ξ)

235 1385 306 1415 unde
315 1386 366 1416 flos
373 1396 404 1415 ac
414 1385 495 1415 decor
504 1385 638 1426 fulgorem
644 1386 786 1416 emittens?
799 1386 870 1417 unde
881 1388 981 1418 robur?

234 1432 325 1462 Nostis
347 1431 420 1461 enim
443 1442 518 1470 aquae
527 1438 597 1472 potu
619 1438 646 1461 et
658 1433 790 1462 seminum
815 1443 863 1462 esu
875 1433 982 1464 destrui-

234 1479 355 1519 eorporis
368 1478 451 1509 vires.
470 1479 541 1508 Nam
553 1488 586 1508 ne
599 1489 694 1519 panem
717 1479 828 1518 quidem
842 1480 980 1511 comedere

235 1525 391 1555 sustinebat.
410 1525 472 1554 Non
492 1531 533 1554 est
544 1531 634 1554 autem
660 1536 744 1565 parva
769 1525 896 1556 distantia
909 1526 979 1556 inter

233 1570 398 1599 frumentum
412 1569 552 1599 subactum
560 1580 590 1599 ac
604 1570 764 1607 confectum,
775 1577 801 1600 et
814 1570 977 1600 frumentum

579 213 611 240 S·
636 213 771 239 JoANNJs
796 212 979 237 clmvsosr.
1007 213 1164 238 ARCHOEP.
1191 214 1457 251 CONSTANTINOP-

1034 277 1084 316 οὐχ
1097 271 1175 311 ἧττον
1193 278 1208 306 ὁ
1223 276 1363 315 γενόμενον
1383 276 1435 312 ἤδη
1450 275 1494 305 τὸν
1509 276 1651 316 ἀνδριάντα
1665 270 1806 316 διορθῶσαι

1035 321 1192 361 δυνάμενος·
1205 322 1275 351 οὕτω
1295 321 1340 351 καὶ
1356 321 1401 351 ἐπὶ
1421 324 1467 351 τοῦ
1481 323 1554 352 Θεοῦ
1571 322 1616 352 καὶ
1629 324 1682 352 τῶν
1703 322 1806 352 παίδων

1034 367 1141 397 ἐκείνων
1163 367 1214 397 ἴδοι
1237 380 1276 402 τις
1298 368 1342 397 ἄν.
1367 368 1424 397 Τοῦ
1444 367 1496 407 γὰρ
1517 367 1571 398 ἀπὸ
1595 372 1645 408 γῆς
1668 368 1805 408 ἄνθρωπον

1033 415 1144 450 ποιῆσαι
1159 413 1190 443 τὸ
1209 414 1277 453 μετὰ
1296 414 1420 450 τοιαύτης
1440 415 1540 454 τροφῆς
1558 415 1660 450 εὒπαθῆ
1679 413 1761 448 δεῖξαι
1772 413 1807 443 τὰ

1034 458 1147 499 σώματα
1160 462 1211 500 οὐχ
1222 455 1301 495 ἧττον
1315 461 1352 494 εἷς
1371 459 1545 500 δημιουργίας
1563 459 1642 500 λόγον
1661 459 1806 499 τεκμήριον

1033 501 1077 541 ἦν.
1099 505 1186 535 Πόθεν
1199 509 1216 542 ἡ
1232 506 1356 547 εὕχροια;
1378 505 1455 536 πόθεν
1477 506 1508 536 τὸ
1531 505 1607 539 ἄνθος
1629 505 1806 543 ἀποστίλὸον;

1033 551 1112 581 πόθεν
1131 554 1148 588 ἡ
1174 552 1265 592 ἰσχύς;
1279 552 1352 583 Ἷστε
1375 552 1403 582 δὲ
1425 552 1467 582 ὅτι
1487 551 1532 582 καὶ
1555 555 1677 593 καθαιρεῖ
1699 551 1775 592 ἰσχὺν
1788 554 1806 588 ἡ

1033 598 1186 637 ὑδροποσία,
1200 598 1245 628 καὶ
1259 598 1373 638 φάγησις
1392 595 1564 639 σπερμάτων.
1578 598 1648 629 Οὖδὲ
1659 597 1712 639 γὰρ
1727 598 1806 638 ἄρτον

1033 643 1154 684 ’ἠνείχετο
1166 648 1266 684 φαγεῖν,
1279 645 1339 674 Οὔκ
1358 644 1446 684 ὀλίγον
1462 643 1490 674 δὲ
1504 644 1535 674 τὸ
1549 644 1628 683 μέσον
1641 647 1686 674 τοῦ
1698 655 1807 685 κατειρ-

1033 689 1166 728 γασμένου
1181 690 1254 719 σίτου
1268 690 1314 719 καὶ
1332 690 1502 730 ἀνεργάστου.
1520 691 1561 719 Οὐ
1578 689 1629 730 γὰρ
1643 691 1674 720 ἐκ
1686 692 1732 719 τοῦ
1754 701 1807 730 φα-

1032 740 1088 774 γεῖν
1103 735 1180 774 μόνον
1193 736 1294 775 γίνεται
1307 738 1324 772 ἡ
1340 736 1425 776 ἰσχὺς,
1439 735 1509 766 ἀλλὰ
1518 735 1564 765 καὶ
1575 737 1605 766 ἐκ
1616 739 1663 765 τοῦ
1675 738 1807 776 πεφθῆναι

1032 780 1067 810 τὰ
1086 781 1222 820 διδόμενα·
1244 785 1330 811 ταῦτα
1350 782 1378 811 δὲ
1397 783 1530 822 πεφθῆναι
1550 782 1600 810 οὔκ
1619 777 1653 817 ἦν
1670 780 1742 812 κατὰ
1757 780 1807 819 τὴν

1033 826 1118 867 φύσιν.
1132 827 1206 868 “Ope
1225 828 1259 857 τὰ
1273 832 1373 867 σημεῖα
1390 830 1475 862 ταῦτα
1486 829 1534 857 οὐκ
1547 828 1578 856 ἐκ.
1589 826 1740 868 φιλοτιμίας
1753 829 1807 858 τῶν

1033 873 1175 903 αἰτούντων
1197 874 1367 913 λαμὸάνοντα
1382 873 1429 910 τὴν
1449 873 1534 914 ἀρχὴν
1543 896 1553 910 ,
1564 873 1634 903 ἀλλὰ
1650 873 1703 903 ἀπὸ
1716 873 1808 914 χρείας

1033 920 1179 960 ἀναγκαίας
1194 920 1289 961 ἔχοντα
1300 920 1349 957 τὴν
1363 919 1497 951 ὓπόθεσιν.
1512 921 1553 950 Οὔ
1567 919 1619 960 γὰρ
1633 920 1724 954 ἅπλῶς
1735 921 1808 950 οὔδε-

1034 966 1076 999 νὸς
1086 966 1260 1007 προκειμένου
1276 966 1428 1002 ἐπεπήδησε
1444 968 1478 1005 τῇ
1499 966 1594 1007 πείρᾳ,
1608 966 1677 996 ἀλλὰ
1691 966 1807 1007 ἀνάγκης

1034 1013 1112 1042 αὔτὸν
1130 1012 1174 1041 ἐπὶ
1194 1016 1272 1042 τοῦτο
1285 1011 1426 1048 καλοῦσης.
1440 1012 1521 1042 Οὕτω
1540 1013 1586 1042 καὶ
1598 1012 1690 1053 πόρῤω
1701 1013 1806 1053 φιλοτι-

1035 1057 1096 1096 μίας
1111 1054 1143 1094 ἧν
1156 1060 1209 1088 τῶν
1223 1058 1325 1088 παίδων
1340 1061 1357 1094 ἠ
1370 1057 1453 1098 ψυχή.
1471 1058 1566 1088 Καίτοι
1578 1070 1610 1098 γε
1621 1058 1662 1092 τίς
1674 1056 1807 1094 τοσαύτην

1034 1103 1104 1143 ἔχων
1118 1104 1216 1140 πίστιν,
1226 1104 1271 1133 καὶ
1283 1105 1311 1133 ἐν
1327 1104 1416 1143 μέσοις
1427 1103 1570 1144 βαρὸάροις
1581 1104 1627 1138 ὢν,
1637 1106 1686 1134 οὐκ
1695 1104 1727 1134 ἂν
1742 1103 1806 1140 ἠθέ-

1033 1151 1115 1186 λησεν
1135 1150 1312 1185 ἐπιδείξασθαι
1325 1154 1380 1184 τοῖς
1401 1152 1528 1190 κρατοῦσι
1546 1149 1595 1186 τὴν
1614 1149 1733 1188 εὔνοιαν,
1746 1151 1779 1187 ἣν
1791 1153 1807 1181 ὁ

996 1199 1017 1225 C
1035 1196 1103 1230 Θεὸς
1122 1197 1179 1237 ἔχει
1192 1196 1254 1237 περὶ
1277 1196 1385 1234 αὐτούς
1404 1197 1473 1226 Ἀλλ’
1498 1197 1549 1237 οὐχ
1568 1191 1651 1226 οὗτοι.
1666 1195 1741 1236 Ὅρα
1761 1196 1808 1227 καὶ

1034 1244 1045 1258 ⁸
1058 1242 1101 1272 ἐπὶ
1119 1244 1171 1271 τῶν
1193 1242 1353 1283 ἐλεγχόντων
1375 1242 1561 1283 πρεσὸυτέρων
1581 1242 1682 1280 πάλιν,
1702 1244 1760 1276 πῶς
1778 1241 1808 1281 ἒξ

1035 1287 1152 1328 ἀνάγκης
1163 1287 1277 1328 ἔρχεται.

233 1614 363 1645 infectum
380 1625 411 1644 ac
425 1625 478 1644 non
490 1622 680 1655 praeparatum.
695 1616 756 1646 Non
775 1616 848 1645 enim
865 1627 900 1646 ex
919 1617 980 1647 solo

233 1670 282 1690 esu
293 1661 383 1691 robur
389 1660 486 1699 oritur,
501 1660 549 1690 sed
560 1660 640 1691 etiam
653 1671 688 1692 ex
711 1662 830 1692 coctione
853 1661 981 1693 ciborum

233 1708 282 1747 qui
293 1708 506 1747 manducantur;
524 1715 551 1738 at
562 1709 664 1738 semina
674 1710 804 1749 concoqui
816 1717 912 1750 praeter
927 1721 977 1741 na-

232 1761 323 1784 turam
335 1761 383 1784 est.
406 1754 524 1785 Adverte
536 1754 594 1784 haec
617 1755 693 1795 signa
710 1766 765 1785 non
785 1766 819 1786 ex
832 1756 981 1788 ambitione

234 1801 384 1840 petentium
404 1800 514 1830 initium
531 1811 646 1837 sumere,
659 1801 707 1831 sed
720 1812 735 1832 a
757 1803 905 1833 necessario
926 1815 983 1835 usu

235 1857 343 1876 causam
354 1853 434 1885 atque
454 1847 620 1877 occasionem
638 1847 747 1877 hahere.
760 1849 822 1878 Non
836 1849 909 1881 enim
927 1851 977 1880 ab·

234 1891 322 1921 solute
342 1902 373 1921 ac
387 1892 464 1922 nulla
485 1903 515 1922 re
534 1893 637 1933 objecta
649 1892 755 1923 insiluit
768 1894 797 1923 in
810 1896 979 1935 experimen-

234 1943 305 1975 tum,
317 1936 368 1966 sed
384 1937 538 1967 necessitate
549 1937 629 1967 illum
638 1938 673 1968 ad
689 1939 740 1969 hoc
753 1948 873 1971 vocante.
884 1942 983 1981 Itaque

235 1983 331 2023 procul
339 1982 374 2012 ab
382 1983 529 2013 ambitione
534 1990 591 2013 erat
597 1983 702 2014 animus
709 1996 867 2025 puerorum.
878 1989 979 2025 Quam-

235 2039 317 2068 quam
329 2029 391 2068 quis
403 2035 476 2059 tanta
488 2029 618 2070 praeditus
640 2028 705 2069 fide,
724 2038 751 2061 et
764 2032 834 2063 inter
849 2033 983 2064 barbaros

215 2098 219 2100 -
235 2074 345 2114 degens,
362 2085 415 2104 non
432 2075 560 2115 cupiisset
572 2075 690 2107 dominis
703 2085 833 2108 ostentare
850 2079 900 2110 Dei
915 2090 979 2120 erga

235 2131 264 2150 se
277 2120 490 2152 benevolentiam
500 2121 514 2150 Ρ
527 2121 563 2152 At
576 2132 630 2152 non
651 2123 708 2153 isti.
723 2125 837 2165 Respice
850 2132 876 2156 et
888 2126 923 2156 ad
934 2137 978 2157 re-

234 2166 438 2207 prehensionem
451 2174 598 2205 senum2ut
609 2169 688 2199 etiam
702 2170 760 2212 ipsa
772 2182 807 2201 ex
826 2172 982 2205 necessitate

236 2220 401 2255 provenerit.

268 2312 284 2325 ⁸·
296 2304 340 2334 ὲπὶ
357 2311 401 2334 τῶν
427 2309 570 2340 ἐλεγχόντων.
594 2308 699 2343 Corrigo
715 2313 751 2338 ἐπὶ
774 2316 812 2339 τὸν
830 2314 922 2346 ninom
939 2319 992 2341 τῶν.
1005 2312 1085 2347 Supra
1096 2320 1144 2347 pro
1155 2316 1186 2342 τὰ
1197 2314 1300 2347 διδόμενα
1310 2312 1371 2340 fort.
1383 2313 1431 2348 leg.
1442 2318 1473 2343 τὰ
1483 2317 1590 2350 mpura.
