1890 2826
12 111 30 187 auk:-

717 183 750 205 ΙΝ
778 183 905 216 ISAtAM,
934 184 1010 207 CM).
1041 184 1099 207 vn.
1643 194 1688 228 97

128 243 197 276 ξένον
211 242 279 272 κατὰ
297 245 374 272 τοῦτο
384 243 505 284 ἔχουσαν.
517 244 588 274 Οὔτε
602 243 653 284 γὰρ
666 244 771 273 ἅπαντα
783 243 895 281 ἐξηλλα-

126 289 210 328 γμένα
228 285 262 325 ἧν
281 291 366 328 αὐτῷ,
379 289 439 319 οὔτε
464 289 552 320 πάντα
576 290 659 320 κοινά.
678 289 719 319 Τὸ
733 290 780 329 μὲν
792 290 844 330 γὰρ
864 292 895 320 ἐκ

947 255 1023 275 versa
1040 253 1128 283 crant,
1141 256 1226 286 neque
1237 249 1328 278 omnia
1347 251 1506 279 communia.
1522 251 1595 281 Illud
1606 253 1689 289 enim,

946 303 980 322 ex
989 292 1103 322 muliere
1114 294 1196 330 nasci,
1207 305 1348 325 commune
1357 303 1414 334 est;
1427 307 1462 326 ex
1472 297 1577 337 virgine
1587 306 1688 335 autem,

126 335 247 374 γυναικὸς
260 337 387 375 τεχθῆναι
399 336 493 372 κοινὸν,
508 335 578 373 τὸδὲ
590 336 646 366 ἀπὸ
661 336 790 376 παρθένου
805 338 894 375 μεῖζον
912 346 930 367 ι)
946 340 1034 379 majus
1059 351 1139 378 quam
1172 341 1290 371 conditio
1314 349 1403 372 nostra
1424 344 1499 374 ferat.
1525 345 1690 376 Alimentum

126 381 142 416 ἢ
157 384 215 412 καθ’
229 383 312 420 ἡμᾶς.
327 381 368 411 Τὸ
379 384 511 423 τραφῆναι
530 382 610 412 πάλιν
623 384 662 422 τῷ
685 385 765 423 κοινῷ
784 385 832 418 τῆς
846 383 894 423 φύ-

126 440 192 461 σεως
206 427 279 469 νόμῳ
293 428 339 458 καὶ
359 431 397 468 τῷ
410 429 483 469 αὐτῷ
500 433 555 463 τοῖς
569 430 691 467 πολλοῖς,
703 429 803 459 κοινόν·
821 430 851 459 τὸ
866 429 894 459 δὲ

125 474 222 504 &Ceu-ov
241 475 360 514 γενέσθαι
379 475 492 515 πονηρία1
505 475 550 507 τὸν
563 475 624 505 ναὸν
641 476 750 513 ἐκεῖνον,
765 475 810 505 καὶ
825 476 893 515 μηδὲ

125 522 162 554 εἷς
174 525 268 561 πεῖραν
282 522 365 550 ἐλθεῖν
386 521 527 561 πονηρίας,
541 524 618 551 τοῦτο
632 522 702 556 ξένον
716 521 762 550 καὶ
776 522 892 562 παράδο-

125 565 166 599 ξον
177 589 184 604 ,
196 567 241 596 καὶ
254 567 335 596 αὐτοῦ
346 566 436 607 μόνου.
446 567 494 596 Διὸ
508 566 540 603 δὴ
550 568 656 598 κάκεῖνο
667 567 712 597 καὶ
722 571 799 598 τοῦτο
810 567 892 597 τέθει-

123 623 177 641 κεν.
192 613 234 642 Οὔ
246 612 298 653 γὰρ
312 612 380 652 μετὰ
392 612 440 649 τὴν
452 617 544 653 πεῖραν
558 615 607 649 τῆς
617 613 712 647 κακίας
730 614 833 650 ἀπέστη
845 616 893 650 τῆς

122 658 215 692 κακίας
223 682 231 695 ,
245 659 333 699 φησὶν,
349 658 418 688 ἀλλὰ
431 658 530 689 ἄνωθεν
543 659 589 689 καὶ
602 660 633 689 ἐν.
645 659 792 700 προοιμίων
807 662 893 690 αι’νεῶν

945 396 1051 416 sumere
1070 397 1190 422 rursum,
1206 398 1241 417 cx
1259 396 1360 418 naturae
1381 390 1439 429 lege
1457 398 1497 420 est
1515 401 1575 430 quae
1589 393 1691 422 caeteris

945 432 1082 472 competit,
1097 443 1128 462 ac
1137 444 1278 463 commune
1289 441 1344 470 est;
1357 442 1384 466 at
1396 436 1528 476 templum
1540 437 1610 466 illud
1621 438 1691 467 inac-

945 488 1049 508 cessum
1061 489 1117 508 esse
1127 480 1263 518 nequitiae,
1274 490 1360 520 neque
1372 483 1586 523 experimentum
1602 485 1689 514 ullum

946 524 1055 553 malitiae
1071 524 1181 562 habere,
1195 526 1246 555 hoc
1261 536 1376 563 novum,
1389 528 1442 558 hoc
1462 529 1625 569 stupendum
1637 538 1688 567 est,

944 577 971 599 et
979 570 1031 611 ipsi
1041 571 1091 600 soli
1101 572 1236 612 competit.
1252 573 1372 613 Ideoque
1381 574 1464 604 ethoc
1473 582 1499 604 et
1508 575 1580 605 illud
1590 577 1688 616 posuit.

944 617 1003 646 Non
1025 617 1096 647 enim
1118 625 1178 658 post
1197 619 1410 659 experimentum
1431 621 1541 651 malitiae
1558 633 1573 651 a
1587 622 1690 653 malitia

943 663 1055 701 abstitit,
1070 664 1169 703 inquit,
1181 665 1228 695 sed
1245 665 1280 695 ab
1300 666 1360 706 ipso
1380 667 1516 708 principio
1533 676 1559 699 et
1577 670 1690 700 exordio

121 710 210 734 πᾶσαν
223 705 320 745 ἀρετὴν
344 705 522 735 ἐπεδείκνυτο.
533 704 571 735 ⁰0
582 706 627 735 καὶ
644 706 722 740 αὐτὸς
735 706 810 746 ἔλεγε
821 719 828 725 ·
843 707 893 741 Τίς

121 751 148 785 ἐξ
168 753 254 781 αὐτῶν
268 752 372 792 ἐλέγχει
388 764 421 791 με
434 751 495 792 περὶ
514 751 662 792 ἃμαρτίαςς
681 753 743 789 καὶ,
761 752 892 793 Ἔρχεται

120 799 135 826 6
149 798 239 839 ἅρχων
251 801 298 828 τοῦ
309 798 409 838 κόσμου
417 798 520 834 τούτου,
532 798 578 830 καὶ
591 799 618 827 ἐν
632 798 692 838 ἐμοὶ
705 799 761 839 ἔχει
773 800 856 830 οὐδέν.

943 719 1049 739 omnem
1058 709 1186 741 virtute-m
1196 711 1333 742 exhibuit.
1343 714 1426 751 Quod
1440 721 1466 744 et
1475 715 1532 755 ipse
1547 716 1585 745 ait
1596 729 1603 745 ε
1618 717 1838 756 Quis.10m1.8.4‹3.

943 765 980 784 ez·
993 757 1063 795 ipsis
1076 764 1179 794 arguet
1194 769 1239 787 me
1252 760 1289 788 de
1300 767 1421 798 peccato
1430 763 1444 788 Ρ
1460 768 1496 798 et,
1511 763 1598 792 Venit
1607 765 1687 803 prin·
1700 762 1721 779 ⁰¹
1738 756 1771 787 ¹4*
1783 758 1822 779 3⁰¹

943 812 1008 841 ceps
1030 803 1116 842 hujus
1138 805 1249 842 mundi,
1265 812 1294 835 et
1315 806 1345 834 in
1359 817 1406 835 me
1420 817 1479 836 non
1499 808 1587 838 habet
1605 810 1688 848 qnid-

941 850 1033 887 piam.

982 897 1011 925 7.
1036 897 1124 935 Atque
1139 896 1182 926 hic
1196 897 1254 938 ipse
1265 898 1394 938 propheta
1408 898 1435 927 in
1450 900 1621 938 sequentihus
1632 902 1684 934 aitx

161 897 214 926 Καὶ
228 897 306 931 αὐτὸς
325 892 400 930 οὗτος
426 896 525 936 προϊὼν
549 899 563 926 ὁ
583 897 722 938 προφήτης
743 898 829 938 λέγει,
850 898 890 929 ὅτι
906 905 923 928 E

941 940 1100 971 Peccatum
1114 944 1267 983 nonsecit,
1278 955 1370 984 neque
1390 945 1477 973 dolus
1499 947 1633 977 inventus
1645 955 1688 981 est
1699 955 1755 976 lsai.
1764 954 1802 977 53.
1813 960 1836 983 9.

120 942 263 983 Ἅμαρτίαν
280 944 329 973 οὐκ
355 942 488 980 ἐποίησεν,
502 944 561 973 οὐδὲ
585 943 659 978 δόλος
681 943 772 984 εὑρέθη
796 946 823 974 ἐν
851 948 890 986 τῷ

119 988 233 1028 στόματι
245 989 335 1018 αὐτοῦ.
351 990 439 1019 Τοῦτο
452 989 484 1026 δὴ
498 989 544 1019 καὶ
556 989 667 1018 ἐνταῦθά
679 1002 767 1030 φησιν,
776 990 816 1020 ὅτι
829 991 890 1030 πρὶν

118 1034 136 1070 ἢ
149 1037 246 1074 γνῶναι
266 1034 343 1064 αὐτὸν
360 1034 378 1070 ἢ
395 1035 552 1074 προελέσθαι
566 1035 669 1075 πονηρὰ
678 1057 685 1071 ,
695 1035 748 1065 ἀπὸ
763 1038 812 1071 τῆς
825 1038 888 1072 ἡλι-

118 1080 176 1114 κίας
191 1080 293 1116 ἐκείνης
305 1082 354 1116 τῆς
368 1081 543 1121 ἀπειροκάκου
553 1103 560 1117 ,
575 1083 621 1110 ἀπ’
634 1082 720 1110 αὐτῶν
731 1083 784 1110 τῶν
797 1093 888 1122 προοι-

118 1126 186 1164 μίων
207 1125 256 1162 τὴν
281 1125 376 1165 ἀρετὴν
398 1125 569 1161 ἐπιδείξεται,
593 1127 639 1155 καὶ
658 1126 731 1156 οὐδὲν
750 1127 800 1161 ἕξει
825 1128 889 1167 πρὸς

119 1171 168 1207 τὴν
193 1171 288 1201 κακίαν
304 1171 399 1201 κοινόν.
411 1171 486 1202 Διότι
505 1171 595 1212 πρὶνῆ
609 1173 706 1212 γνῶναι
730 1171 761 1201 τὸ
783 1173 887 1202 παιδίον
895 1200 906 1218 S

118 1217 214 1256 ἀγαθὸν
232 1216 250 1252 ἢ
262 1217 356 1252 κακὸν,
373 1218 474 1247 ἀπειθεῖ
487 1217 615 1258 πονηρίᾳ,
628 1220 674 1247 τοῦ
691 1217 844 1252 ἐκλέξασθαι
857 1219 887 1248 τὸ
903 1228 923 1250 Δ

117 1263 223 1302 ἀγαθόν.
236 1263 323 1292 Πάλιν
343 1268 402 1297 ταῖς
415 1265 506 1297 αὐταῖς
517 1263 604 1298 λέξεσι
618 1263 648 1293 τὸ
663 1263 727 1293 αὐτὸ
741 1264 829 1304 νόημα
844 1267 885 1294 αἷ-

116 1307 246 1346 νίττεται,
259 1309 305 1339 καὶ
317 1310 474 1349 ἐνδιατρίὸει
482 1311 521 1350 τῷ
534 1310 614 1350 λόγῳ.
634 1310 744 1347 Ἐπειδὴ
756 1310 808 1351 γὰρ
822 1311 886 1352 σφό-

120 1355 170 1394 δρα
182 1351 214 1392 ἦν
227 1355 328 1396 ὖψηλὸν
341 1355 372 1385 τὸ
385 1356 532 1396 εἰρημένον,
547 1358 581 1397 τῇ
596 1356 718 1397 συνεχείᾳ
730 1359 778 1393 τῆς
789 1358 884 1398 διηγή-

117 1412 183 1435 σεως
202 1402 266 1431 αὐτὸ
278 1405 426 1432 πιστοῦται.
438 1401 527 1443 Ὅπερ
536 1403 586 1443 γὰρ
608 1402 733 1443 ἀνωτέρω
753 1403 884 1439 ἐδήλωσεν

124 1447 214 1484 εἰπὼν,
224 1447 293 1488 Πρὶν
306 1447 324 1484 ἢ
336 1450 434 1488 γνῶναι
456 1449 534 1479 αὐτὸν
546 1449 564 1485 ἢ
585 1449 743 1490 προελέσθαι
762 1451 866 1491 πονηρὰ
875 1475 883 1489 ,

115 1495 193 1522 τοῦτο
206 1493 305 1534 προϊὼν
324 1494 431 1534 ᾐνίξατο
444 1494 536 1532 εἰπὼν,
547 1495 620 1535 ’Πρὶν
633 1495 651 1531 ἢ
664 1497 761 1536 γνῶναι
779 1496 809 1526 τὸ
819 1509 885 1526 παι-

115 1539 184 1569 δίον·
198 1540 243 1570 καὶ
261 1540 419 1580 ἐπεξηγήσει
431 1541 560 1582 κέχρηται
574 1542 653 1571 πάλιν
664 1542 748 1582 λέγων
757 1554 763 1561 ·
778 1543 885 1583 Ἀγαθὸν

115 1584 132 1620 ἢ
149 1585 239 1623 κακὸν,
252 1587 353 1616 ἀπειθεῖ
366 1587 496 1627 πονηρίᾳ,
510 1591 556 1617 τοῦ
566 1588 719 1623 ἐκλέξασθαι
732 1588 763 1618 τὸ
779 1589 883 1628 ἀγαθόν.

116 1630 218 1660 Τούτου
231 1631 282 1671 γὰρ
297 1633 376 1661 αὐτοῦ
388 1633 466 1672 μόνον
485 1629 517 1669 ’ἦν
531 1634 561 1663 τὸ
578 1633 717 1673 ἐξαίρετον.
734 1634 782 1663 Διὸ
805 1635 850 1664 καὶ
870 1637 884 1664 ὁ

115 1677 221 1710 Παῦλος
235 1677 299 1707 αὐτὸ
318 1677 423 1718 στρέφει
445 1681 574 1719 συνεχῶς,
585 1679 630 1709 καὶ
640 1679 765 1715 Ἰωάννης
779 1680 806 1710 δὲ
822 1680 882 1710 ἰδὼν

115 1722 202 1759 αὐτὸν,
217 1726 295 1753 τοῦτο
309 1724 451 1764 ἀνεκήρυξε
462 1724 556 1764 λέγων·
568 1725 644 1755 Ἴδεὸ
654 1726 735 1764 ἀμνὸς
744 1729 790 1755 τοῦ
802 1728 883 1764 Θεοῦ,

113 1771 128 1798 ὁ
142 1769 224 1809 αἴρων
238 1769 286 1806 τὴν
297 1770 428 1810 ἁμαρτίαν
442 1773 488 1799 τοῦ
503 1771 614 1810 κόσμου.
629 1771 664 1800 Ὁ
684 1771 712 1800 δὲ
726 1771 774 1807 τὴν
787 1773 882 1812 ἐτέρων

114 1815 204 1855 αἴρων,
216 1817 308 1856 πολλῷ
326 1817 426 1855 μᾶλλον
449 1818 525 1851 αὐτὸς
547 1817 731 1857 ἀναμάρτητος
743 1814 784 1854 ἦν.
800 1818 853 1847 Καὶ
868 1820 882 1848 ὁ

112 1863 234 1899 Παῦλος,
248 1862 312 1902 ὅπερ
329 1862 410 1902 ἔφθην
432 1863 524 1900 εἰπὼν,
545 1866 662 1903 συνεχῶς
683 1863 747 1893 αὐτὸ
771 1865 880 1905 α’ναὸοᾷ.

113 1907 224 1944 Ἐπειδὴ
238 1907 290 1949 γὰρ
302 1908 411 1947 ἔμελλεν
426 1909 611 1945 ἀποθνήσκειν,
624 1909 666 1938 ἵνα
681 1909 719 1948 μή
733 1921 773 1943 τις
786 1912 880 1950 νομίσῃ

113 1954 166 1982 τῶν
188 1954 315 1989 ἀπίστων,
327 1954 367 1983 ὅτι
382 1954 479 1989 οἰκείας
493 1955 624 1995 ἁμαρτίας
637 1955 703 1985 τίνει
717 1955 802 1991 δίκην,
818 1968 881 1985 συν-

112 2002 180 2040 εχῶς
196 2001 275 2030 αὐτοῦ
289 2001 320 2030 τὸ
337 2001 522 2042 ἀναμάρτητον
540 2003 576 2035 εἷς
590 2001 670 2041 μέσον
686 2002 761 2042 ἄγει,
781 2002 824 2032 ἵνα
835 2003 879 2032 τὸν

113 2045 222 2076 θάνατον
233 2048 312 2077 αὐτοῦ
325 2049 373 2083 τῆς
389 2047 520 2088 ἡμετέρας
536 2047 667 2088 ἁμαρτίας
681 2048 804 2088 λυτήριον
818 2049 880 2078 ὄντα

113 2090 195 2132 δείξῃ.
217 2092 265 2122 Διὸ
283 2093 328 2123 καὶ
349 2093 423 2133 ἔλεγε
432 2106 438 2112 ·
458 2094 574 2134 Χριστὸς
597 2094 710 2135 ἐγερθεὶς
732 2096 761 2124 ἐκ
782 2097 879 2135 νεκρῶν

113 2136 200 2166 obdu
219 2138 387 2174 ἀποθνήσκει.
402 2140 455 2169 Καὶ
468 2140 519 2180 γὰρ
542 2139 556 2169 ὃ
570 2140 684 2170 ἀπέθανε
694 2164 701 2177 ,
715 2143 748 2181 τῇ
763 2141 879 2181 ἁμαρτίᾳ

114 2181 248 2212 ἀπέθανεν.
259 2185 328 2214 Οὐδὲ
351 2186 448 2215 ἐκεῖνον
468 2186 512 2216 τὸν
533 2185 653 2221 θάνατον,
675 2188 711 2220 ὡς
738 2186 879 2220 ὑπεύθυνος

115 2224 160 2262 ὢν,
173 2227 249 2266 φησὶ,
259 2230 325 2259 κατὰ
345 2231 388 2260 τὸν
410 2233 458 2267 τῆς
483 2232 613 2272 ἁμαρτίας
634 2232 711 2272 λόγον
739 2233 877 2270 ἀπέθανεν,

114 2272 172 2300 ἀλλ’
187 2273 253 2312 ὑπὲρ
266 2275 312 2310 τῆς
325 2280 411 2313 κοινῆς
427 2277 549 2307 ἁπάντων
567 2279 759 2318 πλημμελείας.
775 2281 808 2308 Εἰ
822 2279 873 2308 τοί-

113 2327 156 2346 νυν
179 2319 218 2357 τῷ
241 2319 360 2361 προτέρῳ
381 2323 467 2352 ’κατὰ
487 2326 533 2353 τοῦ
559 2324 700 2358 ὑπεύθυνος
721 2327 768 2354 οὐκ
791 2321 833 2362 ἦν,
849 2327 878 2355 ἐκ

112 2364 263 2403 πὸρῑθυσίας
290 2366 483 2405 ἀποδέδεικται,
508 2370 548 2400 ὅτι
580 2371 667 2400 οὐκέτι
697 2373 874 2402 ἀποθανεῖται.

112 2409 166 2439 Καὶ
179 2411 414 2451 καταλειφθήσεται
424 2416 442 2450 ἡ
456 2417 490 2454 γῆ
500 2437 508 2450 ,
523 2416 555 2451 ἣν
575 2416 608 2445 σὺ
623 2417 706 2456 φοί-ᾔ,
719 2417 771 2446 ἀπὸ
791 2430 876 2458 προσ-

112 2454 184 2484 ώπου
202 2458 254 2485 τῶν
269 2457 315 2486 δύο
329 2459 467 2496 βασιλέων.
482 2461 573 2501 Ὅπερ
585 2464 702 2502 συνεχῶς
711 2465 725 2493 ὁ
738 2464 875 2504 προφήτης

112 2506 195 2538 ποιεῖ,
205 2506 282 2532 τοῦτο
295 2505 407 2533 ἐνταῦθα
419 2506 556 2542 πεποίηκε.
568 2507 644 2537 Μετὰ
655 2508 703 2545 τὴν
713 2511 874 2550 προφητείαν

146 2601 157 2612 ²
174 2594 222 2618 llic
233 2593 364 2627 legendum
375 2597 478 2622 omnino
487 2604 524 2623 est
538 2603 597 2626 aar&
609 2603 683 2626 τοῦτο.

941 987 973 1014 in
984 997 1034 1016 ore
1047 989 1119 1026 ejus.
1131 989 1189 1018 Hoc
1201 996 1272 1018 certe
1286 997 1309 1019 et
1324 990 1375 1019 hoc
1387 990 1446 1019 loco
1461 991 1507 1028 ait,
1521 992 1584 1030 quia
1595 993 1686 1033 prius·

940 1042 1021 1069 quam
1042 1032 1107 1062 sciat
1131 1033 1189 1073 ipse
1210 1034 1254 1063 vel
1281 1035 1350 1064 mala
1375 1036 1540 1076 praeeligere,
1554 1038 1589 1067 ab
1611 1046 1687 1069 aetate

941 1076 988 1106 illa
1014 1078 1122 1108 nullum
1144 1087 1254 1120 experta
1279 1082 1393 1119 malum,
1408 1082 1443 1111 ab
1470 1083 1530 1123 ipso
1551 1085 1686 1126 principio

940 1122 1068 1153 virtutem
1087 1124 1218 1161 ostendet,
1241 1126 1364 1166 nihilque
1385 1138 1448 1157 cum
1470 1130 1588 1168 nequitia
1610 1142 1686 1161 com-

941 1177 1022 1197 mune
1035 1169 1155 1202 habehit.
1175 1171 1252 1209 Quia
1269 1173 1442 1212 priusquam
1461 1177 1535 1204 sciat
1550 1187 1625 1216 puer
1637 1179 1686 1207 bo-

941 1224 1012 1243 num
1022 1221 1074 1244 aut
1087 1216 1208 1253 malum,
1225 1227 1285 1245 non
1303 1219 1483 1258 obtemperat
1505 1222 1638 1259 malitiae,
1654 1231 1686 1253 ut

939 1259 1031 1299 eligat
1050 1261 1167 1290 bonum.
1195 1263 1316 1292 Rursum
1337 1263 1434 1293 iisdem
1453 1267 1543 1296 verbis
1565 1269 1686 1299 camdem

938 1306 1097 1336 sententiam
1114 1307 1279 1346 subindicat,
1292 1316 1319 1339 et
1339 1310 1366 1339 in
1380 1310 1473 1341 eodem
1493 1321 1616 1344 versatur
1629 1325 1685 1345 ser-

938 1352 1107 1389 mone.Quia
1119 1354 1191 1383 enim
1204 1353 1353 1384 admodum
1369 1357 1486 1387 sublime
1495 1366 1553 1389 crat
1566 1360 1594 1389 id
1611 1362 1685 1400 quod

938 1397 1097 1437 dicebatur,
1120 1401 1279 1430 narrationis
1303 1402 1505 1433 continuatione
1527 1405 1579 1445 ipsi
1602 1407 1684 1437 fidem

938 1445 1073 1474 conciliat.
1095 1446 1177 1483 Quod
1195 1447 1267 1476 enim
1291 1458 1375 1488 supra
1404 1449 1552 1481 declaravit
1573 1452 1682 1483 dicens:

938 1491 1116 1532 Priusquam
1139 1495 1214 1522 sciat
1236 1496 1297 1534 ipse
1314 1495 1368 1527 vel
1398 1498 1566 1538 proeeligere
1589 1501 1681 1539 mala,

937 1536 988 1566 boc
1001 1544 1092 1577 postea
1104 1538 1286 1569 subindicavit
1298 1540 1400 1578 dicens,
1416 1543 1596 1583 Priusquam
1609 1548 1683 1575 sciat

935 1593 1020 1622 puer;
1027 1591 1053 1613 et
1060 1585 1227 1615 enarratione
1234 1596 1343 1615 rursum
1353 1583 1537 1619 utiturdiecns
1549 1602 1557 1619 ε
1567 1592 1682 1621 Bonum

937 1635 990 1657 aut
1010 1630 1131 1666 malum,
1151 1641 1209 1660 non
1229 1633 1407 1671 obtemperat
1425 1636 1559 1673 malitioe,
1573 1634 1607 1666 ut
1628 1638 1681 1667 eli-

936 1682 988 1714 gat
1001 1678 1118 1705 bonum.
1141 1679 1230 1717 Hujus
1246 1679 1318 1708 enim
1339 1679 1424 1709 solius
1437 1688 1494 1710 erat
1508 1682 1565 1711 haec
1578 1694 1679 1723 praero-

936 1721 1036 1760 gativa.
1051 1722 1114 1751 Ideo
1128 1729 1154 1751 et
1163 1723 1228 1752 Paul
1233 1734 1263 1752 us
1275 1724 1326 1753 hoc
1335 1724 1442 1754 assidue
1453 1733 1553 1764 versat,
1564 1734 1590 1757 et
1599 1729 1681 1758 Joan-

935 1777 981 1796 nes
988 1767 1083 1796 videns
1094 1768 1182 1805 illum,
1191 1769 1241 1798 hoc
1251 1769 1420 1808 praedicavit.
1432 1772 1511 1800 Ecce
1520 1783 1614 1812 agnus
1623 1775 1681 1804 Dei
1690 1786 1831 1816 10011.1.29.

936 1814 988 1853 qui
1001 1814 1079 1843 tollit
1090 1822 1241 1854 peccalum
1261 1816 1374 1845 mundi.
1390 1816 1446 1853 Qui
1458 1824 1547 1847 autem
1563 1819 1680 1851 aliorum

935 1866 1042 1898 peccata
1057 1860 1178 1896 tollebat,
1194 1860 1279 1890 multo
1299 1862 1383 1901 magis
1402 1862 1460 1902 ipse
1474 1874 1489 1892 a
1500 1872 1608 1903 peccato
1626 1867 1678 1896 im-

934 1907 1022 1935 munis
1044 1913 1111 1936 erat.
1136 1907 1171 1939 Et
1194 1907 1306 1944 Paulus,
1321 1914 1350 1936 ut
1372 1908 1453 1938 modo
1473 1909 1608 1949 dicebam,
1623 1913 1678 1943 sre-

933 1959 1044 1990 quentee
1055 1953 1174 1993 idipsum
1187 1954 1294 1983 clamat.
1305 1954 1376 1991 Quia
1387 1955 1459 1984 enim
1468 1955 1516 1986 ille
1531 1958 1679 1989 moriturus

933 2005 1001 2034 erat,
1020 2009 1053 2029 ne
1066 1999 1128 2038 quis
1151 1999 1304 2029 infidelium
1328 2008 1446 2040 putaret,
1463 2003 1552 2043 ipsum
1576 2007 1678 2045 peceati

933 2046 975 2074 sui
989 2045 1054 2075 dare
1068 2056 1170 2086 poenas,
1186 2047 1338 2086 frequenter
1357 2047 1416 2087 ejus
1430 2049 1679 2088 impeccabilitatem

933 2093 961 2122 in
987 2093 1108 2123 medium
1130 2093 1250 2130 adducit,
1271 2101 1299 2123 ut
1327 2102 1439 2125 mortem
1466 2097 1551 2137 ipsius
1576 2102 1677 2138 pcccati

933 2139 1015 2168 nostri
1040 2139 1200 2170 solutionem
1227 2151 1282 2171 esse
1309 2141 1468 2171 ostenderet.
1495 2145 1675 2180 Quamobrem
1688 2153 1830 2183 '‘⁰⁷¹¹-G-9·

932 2185 1054 2215 dicebat:
1068 2187 1200 2216 Christus
1233 2198 1383 2227 resurgens
1404 2199 1440 2217 ex
1464 2192 1591 2226 mortuis,
1613 2193 1675 2230 jam
1691 2190 1726 2206 ¹⁰⁴

933 2241 993 2260 non
1015 2234 1144 2262 moritur.
1160 2234 1280 2262 Etenim
1302 2235 1383 2273 quod
1400 2241 1531 2264 mortuus
1545 2243 1599 2272 est,
1609 2247 1675 2275 pec-

933 2285 1000 2308 cato
1019 2286 1149 2308 mortuus
1162 2285 1214 2308 est.
1230 2281 1324 2318 Neque
1338 2287 1424 2309 morte
1437 2280 1496 2316 illa,
1511 2282 1587 2320 quasi
1601 2293 1672 2318 reus,

932 2325 1030 2363 inquit,
1047 2325 1194 2354 secundum
1214 2325 1343 2354 rationem
1362 2327 1463 2365 peccati
1485 2334 1606 2356 mortuus
1619 2335 1673 2361 est3

931 2371 977 2400 sed
993 2382 1042 2411 pro
1054 2371 1189 2400 communi
1199 2372 1320 2400 omnium
1330 2372 1437 2401 delicto.
1452 2373 1479 2402 Si
1495 2373 1672 2412 itaquepriori

931 2417 1010 2446 morti
1037 2417 1183 2446 secundum
1207 2418 1259 2446 hoc
1286 2418 1418 2446 obnoxius
1444 2428 1496 2446 non
1521 2425 1593 2454 erat,
1609 2418 1673 2447 satis

931 2475 1065 2503 superque
1085 2463 1295 2493 demonstratum
1314 2471 1362 2500 cst,
1378 2463 1468 2502 ipsum
1489 2473 1540 2492 non
1555 2464 1672 2504 amplius

932 2511 1093 2540 moriturum
1111 2520 1177 2539 esse.
1195 2511 1235 2539 Et
1255 2510 1470 2548 derelinquetur
1485 2515 1671 2549 ter1·a‚quam
