1904 2840
746 248 780 271 ιΝ
807 248 1011 271 sumnum.
1586 240 1652 287 737

95 314 124 343 in
138 313 257 344 Ecclesia
269 312 396 345 institutae
407 311 532 345 {nemun
547 309 594 339 sed
608 309 642 339 de
653 308 835 349 portionibus
855 308 1108 345 ecclesiasticorum,
1122 318 1183 347 quae
1196 318 1210 338 a
1224 308 1319 349 priscis
1333 309 1495 340 Christianis
1508 310 1655 350 dabantur,

95 370 161 398 quas
169 359 286 388 decimas
296 353 422 399 appellat,
430 356 494 396 quia
503 355 538 385 de
550 355 661 385 decimis
674 353 782 386 Veteris
792 353 955 383 Testamenti
968 353 1014 383 hic
1029 354 1129 393 agitur,
1141 354 1189 383 ubi
1202 355 1272 384 illud
1286 356 1470 396 evangelicum
1484 358 1635 398 explicatur
1647 370 1654 387 z

96 405 147 434 Voe
167 405 252 434 vobis
269 405 320 444 qui
336 403 488 432 decimatis
509 407 637 431 mentam
650 406 680 429 et
692 399 833 429 anethum
847 406 875 428 et
892 400 1053 436 cyminum.
1067 400 1157 440 Hujus
1178 401 1314 430 occasione
1326 401 1392 431 dicti
1405 403 1443 432 ait
1456 404 1570 444 scriptor
1582 404 1632 433 iste
1646 414 1654 432 ε

93 451 261 481 Sacerdotes
279 460 347 490 ergo
364 450 491 478 avaritia
508 448 600 488 pleni,
616 450 643 476 si
656 448 723 487 quis
744 447 780 475 de
792 446 900 486 populo
921 447 1050 476 decimas
1064 457 1124 475 non
1138 447 1301 485 obtulisset,
1316 451 1358 478 ita
1373 459 1439 478 eum
1447 452 1655 490 corripiebant,

94 500 181 538 quasi
193 503 332 537 magnum·
345 498 454 526 crimen
467 495 594 534 fecisset,
610 495 680 535 quia
699 495 841 523 decimam
854 493 980 533 alicujus
994 495 1036 523 rei
1048 494 1100 524 vel
1112 494 1216 523 saltem
1231 496 1358 524 minimoe
1374 507 1432 525 non
1448 499 1610 527 obtulisset.
1626 498 1658 527 Si

95 545 161 584 quis
180 550 279 573 autem
296 543 333 572 de
348 543 457 583 populo
478 543 626 571 in'Deum
642 541 784 581 peccabat
881 550 964 569 nemo
979 541 1102 570 curabat
1112 541 1255 580 corripere
1268 551 1333 570 eum
1338 564 1397 571 .....
1412 543 1460 572 Sic
1470 550 1499 573 et
1510 543 1597 572 modo
1605 544 1655 584 fit.

94 591 173 619 Ecce
182 591 260 618 enim
271 591 430 628 episcopus,
444 590 471 617 si
484 587 613 617 debitum
631 587 749 616 honoris
769 596 834 615 non
843 588 986 626 acceperit
998 597 1017 615 a
1027 588 1208 626 presbytero,
1225 593 1278 616 aut
1287 589 1451 627 presbyter,
1467 590 1493 618 si
1502 600 1561 618 non
1574 600 1658 620 acce·

92 637 167 675 perit
178 645 198 664 a
208 635 344 671 diacono,
360 641 412 664 aut
424 635 566 664 diaconus
577 644 596 663 a
610 633 726 670 lectore,
738 634 874 662 irascitur
886 643 923 662 ac
936 635 1081 663 turbatur.
1095 633 1127 662 Si
1134 640 1232 663 autem
1244 635 1355 664 ‘uiderit
1368 642 1421 664 aut
1433 637 1581 675 episcopus
1594 646 1659 676 pre-

93 682 246 719 sbyterum
249 702 309 710 .....
324 682 367 710 Et
373 681 521 720 portiones
535 682 658 720 quisque
678 689 747 709 suas
769 680 929 710 secundum
942 680 1116 720 dignitatem
1137 690 1219 709 suam
1232 681 1396 721 vigilanter
1412 683 1558 721 aspiciunt
1571 688 1599 711 et
1613 683 1659 711 de—

92 728 232 767 fendunt,
241 734 270 757 et
289 729 448 757 secundum
461 728 634 768 dignitatem
644 736 726 756 suam
735 735 834 756 curam
851 726 1028 766 impendere,
1043 728 1122 756 circa
1135 729 1304 768 obsequium
1317 728 1461 757 Ecclesiae
1478 738 1540 757 non
1561 735 1661 758 atten-

96 773 180 802 dunt.
195 773 227 803 St·
235 773 360 813 populus
374 773 501 803 decimas
522 782 582 801 non
597 772 743 808 obtulerit,
755 778 939 802 murmurant
959 783 1058 802 omnes
1072 784 1080 800 :
1095 780 1123 803 et
1136 775 1161 803 si
1179 780 1349 814 peccantem
1361 774 1502 815 populum
1518 776 1658 812 viderint,

97 829 157 848 non
171 824 355 848 murmurant
365 825 468 848 contra
479 828 556 848 eum.
572 818 668 857 Quam
677 817 879 856 compendiose
888 819 919 846 in
929 818 1020 847 tribus
1030 819 1076 847 his
1085 820 1095 855 (
1103 828 1198 858 nempe
1204 817 1308 859 judicio
1317 825 1343 848 et
1354 818 1539 848 misericordia
1550 826 1576 849 et
1587 819 1660 857 fide)

96 866 263 906 complexus
282 872 326 896 est
341 872 371 895 et
389 867 569 896 conditiones
589 866 751 900 hominum,
766 870 795 893 et
811 875 877 904 quoe
892 867 1054 894 necessaria
1066 871 1134 894 sunt
1149 866 1315 903 hominibus
1330 866 1371 895 ad
1383 867 1518 896 salutem.
1531 867 1594 896 Haec
1608 877 1660 907 po-

95 919 191 941 strema
199 912 292 949 verba,
298 914 325 942 si
329 912 453 952 populus
465 912 593 941 decimas
604 921 664 940 non
673 911 812 940 obtulerit
826 917 878 940 etc.
893 911 1037 951 perspicue
1049 911 1202 941 referuntur
1214 912 1249 941 ad
1260 912 1350 941 locum
1363 913 1497 952 evangelii
1511 913 1558 942 ubi
1571 912 1606 942 de
1616 911 1660 942 de-

95 957 173 988 cimis
186 958 285 998 agitur,
300 968 360 997 quaa
370 958 422 987 sub
435 958 528 989 Veteri
540 958 712 987 Testamenta
724 956 896 986 solvebantur
908 969 915 994 ;
928 967 1016 996 neque
1028 957 1092 987 binc
1110 965 1176 997 puto
1190 958 1283 998 colligi
1298 968 1374 998 posse
1387 958 1504 988 decimas
1516 965 1581 988 tunc
1594 965 1660 989 tem-

94 1004 168 1043 poris
178 1014 195 1033 a
203 1003 361 1034 Christianis
371 1004 471 1033 solutas
477 1004 568 1034 fuisse.
579 1002 662 1041 Quod
671 1009 760 1033 autem
771 1002 864 1042 adjicit
877 1003 1078 1038 Tillemonfius,
1086 1003 1143 1032 haec
1155 1003 1189 1034 ab
1203 1003 1323 1044 Hispano
1332 1003 1387 1034 dici
1399 1004 1560 1044 posse,quia
1573 1004 1659 1034 haere-

95 1050 133 1079 sis
145 1050 243 1080 Ariana
258 1050 286 1079 in
299 1050 431 1090 Hispania
441 1050 477 1080 ad
490 1061 576 1089 usque
594 1049 675 1078 finem
688 1049 757 1079 sexti
774 1049 866 1078 saeculi
879 1049 976 1088 viguit,
991 1049 1072 1087 illud,
1088 1050 1209 1089 inquam,
1224 1056 1310 1090 potest
1323 1050 1374 1080 hoc
1388 1057 1545 1090 argumento
1562 1050 1659 1081 refelli.

95 1096 126 1126 si
138 1096 274 1136 Hispanus
287 1103 343 1126 erat
356 1096 414 1133 ille,
429 1103 455 1125 et
468 1096 491 1125 si
505 1096 618 1135 septimo
631 1095 729 1124 saeculo
742 1095 861 1134 scripsit,
876 1105 930 1124 non
942 1095 1037 1125 debuit
1050 1095 1156 1125 Arianae
1168 1095 1299 1125 haereseos
1313 1095 1516 1125 exstinctionem
1525 1095 1560 1125 ad
1572 1096 1663 1126 Theo-

96 1141 202 1171 dosium
210 1143 317 1172 referre.
325 1142 423 1172 Ariana
438 1143 539 1182 quippe
548 1141 656 1171 haeresis
666 1140 706 1170 ibi
717 1141 769 1169 sub
782 1140 892 1180 regibus
900 1141 1006 1170 Arianis
1016 1141 1151 1181 viguerat,
1160 1148 1186 1170 et
1196 1152 1212 1170 a
1222 1141 1375 1172 Reccaredo
1385 1141 1663 1180 subsequentibusque

95 1187 206 1227 regibus
223 1198 351 1228 oppressa
363 1188 424 1217 tuit.
439 1189 538 1217 Contra
555 1197 620 1218 vero
630 1187 676 1216 hic
688 1186 803 1226 scriptor
813 1197 842 1216 se
854 1187 906 1216 sub
917 1188 1039 1217 Romano
1053 1187 1168 1227 imperio
1182 1186 1278 1228 degere
1289 1197 1342 1217 non
1357 1187 1439 1217 semel
1457 1187 1621 1224 subindicat,
1633 1194 1664 1217 ut

95 1232 124 1262 in
135 1233 202 1263 locis
212 1244 294 1274 supra
307 1233 470 1269 memoratis,
480 1243 582 1262 necnon
592 1233 621 1262 in
634 1232 687 1262 alia
701 1232 819 1262 Humilia
833 1232 872 1262 58
882 1232 952 1262 circa
965 1232 1097 1270 medium,
1108 1231 1156 1262 ubi
1170 1232 1207 1262 ait
1224 1243 1230 1260 :
1252 1234 1330 1272 Quia
1342 1234 1417 1262 sicut
1429 1243 1562 1262 nummus
1574 1234 1664 1262 babet

95 1281 254 1320 charagma
265 1281 399 1318 Goesaris,
410 1282 452 1310 sic
462 1281 548 1309 homo
559 1281 648 1310 habet
658 1280 820 1319 charagma
831 1280 889 1308 Dei
898 1290 907 1306 .·
919 1282 953 1308 et'
965 1281 1210 1320 quemadmodum
1221 1281 1344 1317 solidus,
1354 1281 1406 1320 qui
1421 1290 1481 1309 non
1490 1281 1580 1309 habet
1593 1281 1663 1310 cha-

97 1336 199 1366 ragma
225 1327 360 1364 Coesaris,
386 1328 522 1364 reprobus
545 1333 598 1363 est,
609 1328 653 1356 ita
672 1331 700 1355 et
719 1326 816 1363 homo,
841 1326 893 1364 qui
915 1336 976 1355 non
999 1326 1126 1355 ostendit
1145 1328 1178 1356 in
1198 1336 1229 1356 se
1250 1327 1408 1366 imaginem
1433 1326 1502 1363 Dei,
1527 1328 1664 1365 reprobus

97 1375 269 1403 oestimatur.

136 1418 218 1456 Quod
229 1426 319 1449 autem
329 1429 361 1448 ea
368 1429 432 1458 quae
439 1427 522 1459 supra
531 1418 604 1449 dieta
614 1425 676 1447 sunt
689 1418 851 1448 confirmare
864 1418 984 1455 videtur,
994 1429 1056 1448 cum
1069 1417 1126 1448 haec
1137 1418 1328 1455 scriberentur,
1341 1417 1430 1448 adhuc
1443 1418 1584 1458 gentilium
1595 1418 1663 1448 reli-

97 1464 141 1504 gio
162 1464 280 1505 vigebat,
295 1471 326 1494 ut
345 1466 468 1505 arguitur
483 1476 518 1495 ex
533 1465 566 1494 iis
587 1475 647 1504 quae
668 1464 796 1504 leguntur
816 1464 936 1495 Homilia
948 1465 987 1494 10
1002 1465 1071 1494 circa
1092 1465 1213 1494 medium
1230 1475 1236 1492 :
1256 1465 1295 1494 Ut
1314 1469 1398 1503 puta,
1412 1465 1437 1493 si
1451 1465 1524 1492 bene
1537 1464 1664 1494 doceant

94 1512 268 1549 sacerdotes,
283 1517 312 1541 et
330 1511 434 1542 melius
453 1513 571 1549 vivant,
585 1512 722 1541 videntes
733 1511 858 1551 gentiles
872 1512 974 1540 dicunt
983 1524 991 1540 .-
1002 1512 1178 1541 Benedictus
1189 1512 1282 1548 Deus,
1299 1512 1350 1550 qui
1364 1511 1439 1540 tales
1454 1512 1543 1540 habet
1554 1520 1663 1540 servos.

98 1557 172 1588 Vere
181 1560 259 1588 enim
278 1569 377 1589 eorum
391 1560 482 1596 Deus,
494 1569 582 1589 verus
594 1560 675 1588 Deus
689 1565 732 1589 est
736 1580 794 1588 .....
809 1560 886 1588 Nam
906 1560 1063 1598 disciplina
1078 1559 1202 1588 Domini
1215 1569 1252 1587 ez·
1263 1559 1390 1587 moribus
1395 1557 1528 1597 familiae
1542 1558 1664 1586 demon-

98 1611 218 1635 stratur.
232 1607 300 1635 Non
318 1607 393 1635 sicut
411 1607 503 1635 nostri
522 1600 688 1646 philosophi
702 1607 754 1645 qui
772 1616 880 1645 magna
894 1606 1066 1644 loquuntur,
1077 1612 1106 1634 et
1117 1616 1169 1635 nec
1182 1605 1298 1633 modica
1315 1604 1484 1640 faciunt-Et
1495 1603 1612 1633 Homilia
1627 1605 1665 1634 15

97 1650 168 1679 circa
177 1650 296 1680 medium
311 1663 318 1680 ε
334 1652 413 1690 Quos
423 1658 508 1681 orant
519 1652 642 1691 gentiles
652 1651 817 1687 videamus,
832 1657 865 1679 ut
875 1653 1002 1680 sciamus
1011 1660 1102 1690 quare
1110 1653 1152 1678 sic
1166 1656 1261 1678 orant.
1276 1650 1369 1678 Orant
1383 1649 1539 1683 doemones,
1549 1650 1601 1688 qui
1611 1651 1666 1677 etsi

97 1697 235 1734 audiunt,
250 1698 390 1727 exaudire
404 1708 464 1726 non
478 1703 600 1737 possunt
610 1708 618 1724 .-
630 1702 717 1726 orant
729 1706 809 1736 reges
827 1703 967 1730 mortuos,
980 1697 1096 1732 Jovem,
1107 1696 1281 1724 Mercurium
1296 1700 1481 1734 caeterosque.
1498 1694 1533 1723 Et
1547 1693 1665 1723 Humilia

98 1744 139 1772 20
148 1750 208 1772 ante
218 1743 298 1774 finem
313 1755 320 1772 e
334 1743 366 1772 Si
373 1750 471 1773 autem
483 1744 520 1773 de
518 1744 720 1785 fundamento
724 1743 804 1783 fidei
815 1743 933 1783 aliquid
934 1743 1032 1783 fuerit
1043 1752 1147 1782 passus
1158 1741 1205 1770 :id
1214 1747 1268 1777 est,
1281 1742 1306 1770 si
1316 1742 1526 1780 proevaricatus
1526 1740 1626 1781 fuerit
1636 1745 1664 1768 et

98 1790 139 1818 ad
150 1790 272 1830 gentiles
286 1796 337 1820 aut
346 1790 496 1821 haereticos
510 1790 666 1826 transierit,
680 1795 749 1826 tunc
760 1796 802 1819 est
811 1791 897 1819 ruina
910 1791 972 1829 ejus
986 1799 1105 1829 magna.
1118 1787 1282 1828 Hujusmodi
1296 1797 1348 1816 non
1363 1798 1448 1827 pauca
1460 1785 1663 1826 deprehendun-

99 1841 154 1873 tur,
164 1835 333 1875 maximeque
348 1835 375 1865 in
388 1835 442 1864 fine
454 1835 579 1865 Homiliae
592 1837 642 1873 26,
656 1835 703 1865 ubi
716 1836 839 1865 hortatur
851 1842 904 1865 uta
919 1836 1061 1876 gentilium
1076 1834 1211 1865 consortio
1223 1840 1359 1865 caveatur.

826 1939 856 1978 §.
880 1940 931 1970 VI.

374 2029 463 2059 Hunc
474 2031 640 2069 scriptorem
655 2039 726 2058 vere
737 2029 886 2058 Arianum
897 2018 926 2059 et
938 2028 1113 2059 Anomoeum
1116 2029 1219 2071 fuisse
1227 2031 1382 2070 probatur.

136 2127 187 2158 Hic
196 2126 310 2166 scriptor
320 2126 444 2165 quisquis
457 2126 492 2156 sit
504 2135 560 2156 sese
569 2125 706 2156 manifeste
715 2125 806 2167 prodit
818 2127 948 2168 Ariauum
961 2133 987 2156 et
997 2127 1290 2166 Aminneum-Cumque
1300 2127 1358 2168 jam
1366 2138 1380 2156 a
1390 2127 1484 2157 multis
1495 2132 1564 2157 retro
1575 2138 1660 2158 saecu-

100 2174 146 2211 lis,
161 2180 250 2212 atque,
260 2180 291 2203 ut
300 2173 407 2203 credere
419 2180 468 2210 est,
478 2173 512 2202 ab
523 2173 582 2213 ipso
596 2173 711 2202 auctoris
725 2180 843 2213 tempore
855 2173 993 2213 ipsiusque
1000 2183 1092 2210 mauu,
1107 2173 1302 2214 Chrysostomi,
1313 2174 1371 2204 sive
1383 2173 1494 2204 Joannis
1507 2175 1662 2204 Constanti-

100 2219 248 2259 nopolitani
270 2229 365 2248 nomen
387 2219 530 2258 praefixum
548 2218 683 2256 habuerit,
699 2219 778 2248 multi
792 2219 819 2247 in
838 2226 877 2248 tot
897 2219 955 2248 loca
976 2218 1159 2248 Arianismum
1175 2230 1231 2259 prae
1243 2229 1271 2248 se
1284 2219 1394 2249 ferentia
1406 2219 1561 2255 incidentes,
1576 2230 1606 2248 ea
1618 2219 1661 2248 vel

100 2264 262 2304 quibusdam
273 2266 380 2294 mutatis
388 2265 416 2293 in
425 2264 590 2294 catholicam
600 2264 755 2294 sententiam
767 2264 894 2294 reducere
907 2265 993 2294 conati
1003 2272 1073 2302 sunt,
1083 2265 1125 2296 vel
1141 2265 1246 2305 penitus
1255 2265 1439 2304 sustulerunt;
1453 2265 1499 2294 alii
1507 2272 1598 2305 postea
1612 2265 1661 2303 qui

100 2309 127 2340 in
141 2311 197 2341 haee
208 2317 328 2340 truncata
342 2320 374 2339 ac
389 2316 490 2339 mutata
500 2310 662 2350 exemplaria
672 2310 836 2347 inciderunt,
851 2320 881 2338 ea
895 2320 954 2349 quae
967 2310 1072 2340 sublata
1084 2310 1188 2339 fuerant
1201 2309 1229 2338 in
1243 2309 1362 2349 margine
1374 2309 1546 2349 scripserunt.
1560 2310 1660 2349 Hujus-

101 2356 175 2386 modi
187 2354 348 2395 exemplaria
363 2353 485 2393 quaedam
499 2364 527 2383 se
547 2353 647 2384 vidisse
658 2361 769 2384 testatur
779 2365 860 2394 supra
874 2355 1013 2385 Erasmus.
1027 2355 1146 2394 Quidam
1165 2362 1253 2385 autem
1272 2355 1427 2396 hujusmodi
1440 2365 1541 2384 errores
1554 2361 1579 2383 et
1593 2354 1659 2383 alios
1670 2378 1713 2395 vm

101 2412 208 2442 quoque
221 2401 321 2432 diversi
335 2401 438 2441 generis
447 2401 704 2441 conspicati,nomen
716 2402 827 2432 Joannis
837 2401 1021 2442 chrysostomi
1033 2403 1208 2432 sustulerunt.
1222 2401 1366 2431 Mahusius
1378 2412 1441 2430 vero
1455 2402 1477 2429 F
1479 2401 1657 2436 ranciscanus,

102 2450 150 2489 qui
163 2450 236 2479 hunc
248 2449 475 2479 Commentariun:
489 2447 604 2479 Joannni
618 2447 808 2488 Chrysostomo
821 2459 936 2478 asserere
950 2449 977 2478 in
989 2450 1077 2479 animo
1086 2449 1210 2486 hahebat,
1225 2447 1371 2478 secundum
1391 2445 1504 2486 aliquod
1523 2445 1660 2485 exemplar

104 2494 273 2534 castigatum,
281 2501 311 2524 ut
324 2494 372 2523 ille
385 2493 507 2534 putabat,
518 2493 590 2523 hunc
599 2493 825 2523 commentarium
838 2494 931 2525 edidit.
939 2495 992 2526 sed
1002 2496 1100 2525 frustra
1111 2495 1189 2525 cessit
1202 2501 1311 2524 conatus
1322 2493 1345 2532 ej
1350 2503 1395 2521 us:
1408 2502 1467 2520 nam
1478 2491 1504 2520 in
1513 2491 1659 2531 exemplari

104 2540 193 2570 adhuc
211 2539 297 2579 ipsius
305 2539 473 2569 Arianismus
486 2538 707 2579 deprehenditur,
722 2545 752 2569 ut
764 2539 832 2569 infra
846 2540 975 2570 dicemus.
992 2541 1100 2570 Etenim
1114 2539 1166 2577 illi,
1181 2539 1229 2578 qui
1240 2548 1308 2577 opus
1320 2536 1469 2566 emaculare
1482 2535 1570 2565 conati
1583 2543 1656 2574 sunt,

106 2586 135 2617 id
149 2595 203 2615 non
218 2585 253 2614 ita
266 2585 379 2615 feliciter
388 2592 451 2614 sunt
461 2585 612 2623 exsequuti,
628 2591 659 2614 ut
670 2585 810 2626 paulopost
821 2586 1083 2616 commonstrabitur.

145 2630 259 2671 Scripsit
276 2638 364 2662 autem
381 2632 426 2662 hic
439 2638 542 2669 auctor,
557 2642 619 2662 cum
640 2638 700 2672 post
712 2632 856 2664 Theodosii
870 2640 988 2673 tempora
1002 2633 1161 2663 Arianorum
1175 2631 1416 2665 Anomoeorumque
1429 2626 1551 2661 reliquiae
1562 2629 1658 2668 paulw
