1890 2826
217 437 255 457 '199

273 178 341 212 228
604 189 632 211 S.
661 188 802 212 JOANNJS
828 189 1011 213 CHRYSOST.
1041 190 1196 213 ARcmEP.
1226 190 1496 214 CONSTANTINOP-

819 425 1250 489 MONITUM
1290 374 1293 376 ·

593 592 644 622 AD
663 593 993 630 COMMENTARIUM,
1015 593 1089 623 SEU
1108 593 1498 623 INTERPRETATIONEM

875 724 925 760 IN
956 723 1218 760 DANIELEM.

299 880 378 911 Circa
391 878 640 920 Inter-pretationem
660 877 688 906 in
710 876 861 913 Danielem,
874 885 935 916 quae
955 875 1140 915 chrysostomi
1158 885 1253 905 nomen
1274 876 1437 914 circumfert,
1449 883 1475 907 et
1495 887 1530 907 ex
1548 877 1716 909 Bibliotheca
1736 879 1822 919 Regia

260 926 421 958 Scorialensi
433 926 554 955 desumta
569 931 619 962 est,
634 925 692 954 haec
702 924 830 963 praefatur
843 923 1027 959 Cotelerius*‚
1038 922 1086 962 qui
1102 922 1178 952 illam
1197 922 1272 963 prior
1288 922 1374 952 edidit
1389 936 1397 952 ε
1416 936 1431 952 α
1447 925 1634 965 Interpretatio
1648 926 1676 955 in
1689 925 1829 956 Danielem

259 975 347 1015 prima
359 974 446 1003 fronte
459 972 595 1013 plerisque
612 971 721 1002 videtur
740 969 924 1010 supposititia,
938 970 985 1009 qui
1000 970 1090 999 forsan
1103 980 1135 999 ac
1148 970 1245 999 met-ito
1267 970 1389 1002 solennes
1410 971 1472 1001 illas
1490 971 1659 1012 doxologias‚
1674 980 1828 1003 consuetam

259 1019 476 1061 perspicuitatem
494 1018 613 1057 aliasque
635 1017 769 1047 librorum
790 1015 887 1045 melliti
906 1015 992 1055 patris
1009 1014 1085 1045 dotes
1107 1014 1299 1045 desiderabunt
1308 1026 1339 1045 ac
1353 1016 1499 1055 requirent.
1515 1017 1676 1047 Incredibile
1687 1025 1759 1048 certe
1770 1029 1827 1048 me-

259 1073 364 1095 moratu
376 1075 457 1104 quam
471 1064 598 1104 pleraque
610 1063 701 1092 omnia
714 1062 759 1092 hic
772 1068 818 1091 aut
833 1061 998 1102 imperfecta,
1013 1067 1060 1090 aut
1073 1060 1240 1101 perturbata,
1255 1062 1395 1101 magisque
1409 1069 1508 1092 tentata
1527 1074 1609 1103 quam
1622 1071 1756 1104 perorata,
1770 1065 1828 1105 cpi-

259 1119 345 1142 tomes
357 1111 474 1150 denique
484 1121 516 1140 ac
526 1110 680 1151 eclogarum
691 1109 858 1150 praeserentia
870 1108 998 1149 speciem.
1011 1109 1118 1138 Verum
1130 1114 1231 1144 tamen,
1241 1114 1272 1137 ut
1285 1108 1316 1138 id
1333 1107 1406 1148 quod
1421 1120 1464 1139 res
1475 1109 1558 1139 habet
1570 1110 1671 1148 dicam,
1683 1111 1753 1140 inter
1764 1122 1829 1151 cen-

259 1167 334 1189 tones
347 1158 444 1188 ardens
452 1160 574 1198 purpura
585 1157 689 1195 elucet;
705 1156 733 1185 in
747 1154 866 1186 turbidis
879 1155 977 1184 rivulis
994 1153 1181 1195 limpidissimi
1192 1154 1273 1184 fontis
1286 1165 1362 1184 vente
1381 1155 1540 1186 scaturiunt.
1555 1157 1647 1194 Quare
1666 1157 1703 1186 ita
1721 1167 1826 1195 censeo,

258 1206 491 1246 chrysostomum,
505 1214 585 1243 quem
600 1203 627 1232 in
651 1202 806 1232 universam
829 1201 997 1242 scripturam
1017 1201 1221 1231 commentarios
1242 1201 1382 1242 scripsisse
1401 1201 1523 1243 prodidit
1545 1203 1700 1243 antiquitas,
1716 1203 1829 1244 hujusce

259 1252 344 1292 prolis
355 1258 458 1292 patrem
471 1261 527 1280 esse
542 1261 550 1277 :
564 1249 614 1279 sed
626 1249 702 1278 illam
714 1249 759 1290 pie
769 1249 918 1289 expositam
931 1248 959 1277 in
968 1259 1012 1278 cas
1023 1247 1149 1278 incidisse
1163 1258 1269 1285 manus,
1278 1247 1339 1288 quae
1352 1249 1380 1278 in
1391 1249 1509 1280 tollenda
1521 1261 1618 1292 parum
1630 1261 1718 1292 operte
1731 1262 1824 1292 posuc-

259 1298 314 1328 rint
321 1310 331 1336 ;
345 1306 430 1337 eoque
439 1297 540 1326 factum
553 1295 627 1335 quod
641 1294 785 1325 inficianda
799 1294 903 1335 parenti
917 1294 1022 1324 soboles
1035 1301 1171 1334 appareat.
1186 1306 1200 1322 n

297 1345 405 1375 Verum
417 1349 488 1373 certe
500 1349 550 1380 est,
565 1342 594 1371 in
607 1348 663 1371 tam
680 1341 780 1379 hiulca,
794 1347 849 1371 tam
863 1341 991 1381 strigosa,
1006 1348 1060 1370 tam
1079 1341 1272 1381 compendiosa,
1285 1343 1447 1379 narratione,
1464 1343 1572 1383 qualem
1591 1343 1637 1374 hic
1649 1354 1741 1374 omnes
1751 1344 1826 1374 haud

258 1390 343 1420 dubie
355 1388 569 1420 animadversuri
580 1395 653 1424 sunt,
664 1388 767 1428 aliquot
779 1387 906 1418 dictionis
920 1387 1106 1428 chrysostomi
1117 1388 1229 1428 vestigia
1239 1399 1402 1430 comparere,
1415 1389 1499 1420 verba
1513 1389 1567 1430 ipsi
1585 1390 1729 1421 familiaria
1743 1401 1824 1430 usur-

260 1437 329 1476 pari.
342 1436 403 1466 ltno
413 1436 493 1466 etiam
506 1433 662 1476 explicandi
675 1434 787 1464 modum
797 1445 813 1464 a
824 1434 856 1465 S.
872 1433 989 1464 doctoris
1002 1434 1131 1464 sententia
1140 1445 1192 1464 non
1203 1434 1352 1472 discedere,
1363 1443 1393 1466 ut
1410 1446 1473 1466 cum
1486 1436 1587 1466 dicitur
1601 1436 1825 1467 abominationem

258 1481 432 1512 desolationis
440 1482 555 1522 positam
566 1492 622 1512 esse
634 1489 754 1522 tempore
764 1481 896 1512 Hadriani
911 1482 1038 1521 Augusti,
1048 1491 1108 1520 qum
1130 1488 1170 1511 est
1186 1481 1321 1522 ipsissima
1334 1482 1520 1523 Chrysostomi
1539 1482 1643 1523 opinio,
1656 1490 1687 1513 ut
1704 1483 1825 1514 diximus

259 1529 287 1558 in
300 1536 373 1559 nota.
389 1531 424 1558 At
434 1529 501 1559 vitia
511 1535 537 1558 et
549 1528 671 1558 intricata
685 1528 778 1565 series,
791 1539 851 1568 quae
862 1538 914 1557 non
925 1527 1019 1568 paucis
1032 1528 1060 1557 in
1074 1526 1141 1558 locis
1160 1528 1384 1569 deprehenditur,
1398 1529 1464 1559 hinc
1481 1529 1556 1559 haud
1574 1529 1658 1560 dubie
1673 1529 1823 1571 procedunt

259 1575 333 1615 quod
346 1585 417 1605 unus
426 1574 635 1608 tantumnodex
647 1577 702 1605 Ms.
720 1575 803 1615 hujus
821 1575 911 1615 operis
926 1581 1087 1615 compareat,
1101 1574 1148 1613 qui
1171 1574 1264 1605 Codex
1277 1575 1371 1605 multis
1387 1576 1415 1605 in
1436 1575 1503 1605 locis
1523 1575 1666 1605 mendosus
1680 1582 1729 1605 est.
1743 1575 1824 1613 Quod

259 1633 323 1652 vero
333 1629 387 1651 tam
394 1621 590 1662 compendiosae
599 1622 646 1652 hic
659 1621 859 1662 explanationes
870 1622 1029 1659 offerantur,
1039 1621 1111 1651 illud
1121 1621 1306 1662 Chrysostomi
1320 1622 1516 1663 interpretandi
1531 1623 1613 1653 modo
1626 1622 1773 1652 admodum
1786 1633 1824 1652 που

259 1675 372 1709 pugnat,
381 1668 428 1707 qui
438 1667 591 1698 uberiorem
605 1669 704 1708 ubique
716 1669 822 1709 praefert
834 1667 943 1698 dicendi
954 1668 1072 1708 copiam.
1087 1668 1169 1699 Unde
1179 1669 1290 1699 fortasse
1300 1668 1465 1699 dubitabunt
1477 1669 1588 1709 quidam
1602 1676 1694 1699 utrum
1705 1668 1823 1709 Chryso-

259 1715 338 1745 stomi
351 1715 386 1744 sit
399 1714 444 1744 hic
457 1715 680 1752 Commentarius,
694 1726 790 1755 meque
804 1715 888 1745 fateor
901 1725 954 1745 non
967 1715 1026 1745 sine
1038 1715 1129 1754 aliquo
1140 1716 1268 1756 scrupulo
1280 1715 1332 1746 hoc
1343 1726 1411 1756 opus
1425 1716 1497 1746 inter
1512 1726 1638 1756 germana
1651 1716 1726 1746 illius
1742 1725 1823 1756 opera

259 1772 368 1802 ponere.
384 1763 490 1792 Verum
502 1761 591 1801 potuit
603 1761 812 1802 chrysostomus
822 1761 903 1792 hasce
916 1761 1021 1791 notulas
1034 1761 1124 1802 primo
1144 1762 1293 1802 scripsisse,
1307 1769 1338 1792 ut
1349 1762 1493 1803 ampliores
1506 1761 1604 1791 deinde
1624 1760 1823 1801 explanationes

258 1803 458 1848 aggrederetur,
473 1818 503 1837 ac
516 1818 578 1836 cum
592 1807 767 1837 Tillemontio
781 1808 906 1838 existimo
917 1818 995 1849 posse
1003 1808 1076 1837 hunc
1087 1809 1316 1838 Commentariun}
1331 1808 1400 1839 inter
1412 1809 1509 1849 γνήσια
1529 1819 1610 1849 opera
1625 1807 1819 1838 connumerari.

297 1853 545 1894 interpretationem
560 1853 681 1883 Latinam
692 1854 819 1884 Cotelerii
830 1854 933 1894 aliquot
946 1854 975 1884 in
987 1854 1054 1885 locis
1066 1855 1257 1895 castigavimus
1269 1855 1380 1896 ejusque
1393 1862 1468 1887 notas
1481 1855 1598 1894 edimus,
1612 1855 1713 1895 quihus
1719 1861 1822 1885 nostras

257 1911 364 1940 quoquc
373 1901 478 1930 notulas
488 1900 624 1940 praemisso
635 1901 760 1931 asterisco
771 1900 926 1942 adjicimus.

293 1997 305 2010 ¹*
323 1996 454 2029 [Titulum
470 1997 521 2030 ejus
540 1995 597 2022 libri
616 2004 733 2023 accurate
749 1997 925 2031 descripsimus
943 1998 970 2024 in
987 2004 1047 2025 nota
1064 1997 1097 2024 ad
1109 1985 1232 2025 nit-uitium
1251 1998 1284 2025 ad
1303 1998 1439 2025 nomiliam
1457 1999 1567 2032 spuriam
1586 1999 1611 2024 in
1631 1997 1756 2024 Psalmum
1769 1997 1818 2027 VI,

260 2038 335 2063 Tom.
349 2037 380 2070 V,
394 2046 419 2069 p.
434 2037 481 2062 66³
494 2036 542 2064 Ed.
556 2037 649 2072 hujus]
