1890 2826
51 311 108 333 lsai.
115 311 138 334 6.
145 317 153 333 ι
159 318 190 341 ,9.

48 761 187 785 Ac!.28.25.

46 1319 116 1342 Psal.
134 1323 177 1347 109

48 1367 71 1403 2:
84 1382 130 1403 Cor
148 1380 171 1407 3,

50 1419 86 1441 17.

43 1780 110 1802 Dent.
122 1779 145 1802 6.
158 1779 181 1810 4.

44 2290 50 2304 1
70 2283 174 2308 c01·.8.6.

202 184 270 219 Oto

202 257 295 286 Jacob
322 258 353 286 in
373 262 523 287 aeternum.
543 258 648 298 Regnat
669 259 789 299 Spiritus
812 267 938 291 sanctus:

894 199 1077 223 SEVERIANI

995 260 1048 290 Καὶ
1057 260 1101 290 τὸν
1118 261 1229 300 βασιλέα
1244 262 1340 302 Κύριον
1356 263 1470 294 Σαὸαὼθ
1481 260 1549 295 εἶδον
1558 270 1613 300 τοῖς
1625 267 1768 306 ὀφθαλμοῖς

201 302 282 331 Isaias
293 301 364 331 enim
377 301 458 335 dixit,
473 303 515 332 Et
527 313 623 343 regem
635 305 797 334 Dominum
810 305 940 337 Sabaoth
959 308 978 331 D
996 317 1045 344 μου
1059 306 1208 346 καθήμενον
1215 307 1259 337 ἐπὶ
1268 308 1358 347 θρόνου
1368 310 1469 349 ὑψηλοῦ
1482 310 1528 339 καὶ
1539 311 1700 352 ἐπηρμένου.
1712 312 1767 341 Καὶ

200 349 266 377 vidi
284 348 375 377 oculis
398 350 467 377 meis
481 349 627 378 sedentem
640 351 672 378 in
685 350 759 380 solio
773 352 888 382 excelso
911 358 939 382 et

200 392 323 421 elevato.
339 393 380 421 Et
394 393 469 422 dixit
487 393 530 421 ad
545 404 591 423 me
605 406 613 422 .-
632 395 714 424 Vade
726 401 756 424 et
769 396 818 425 die
832 396 940 436 populo

199 438 279 474 huic,
300 438 410 468 Audita
431 439 566 476 audietis,
586 446 615 469 et
636 450 693 470 non
712 441 892 481 intelligetis,
911 447 940 471 et

199 485 333 513 videntes
347 484 495 523 videbiiis,
507 491 536 515 et
545 496 604 515 non
609 488 797 526 perspicietis,
808 495 864 525 etc;
876 499 940 528 apo-

199 529 284 559 stolus
294 540 358 559 vero
366 529 400 559 de
410 530 516 569 Spiritu
526 538 617 561 sancto
629 532 766 573 prophetie
777 533 939 573 theologiam

199 575 326 614 explicat.
360 576 413 605 Illo
445 575 560 614 dicente,
577 578 645 607 Vidi
665 588 760 618 regem
779 580 938 609 Dominum

199 620 339 658 Sabaoth,
362 628 391 651 et
414 623 489 652 dixit
512 624 594 660 mihi,
611 624 703 661 Vade,
722 630 750 654 et
771 625 819 654 dcc
830 627 938 665 populo

199 666 278 703 huic,
294 667 394 697 Paulus
407 678 457 708 per
470 679 560 708 regem
573 669 720 699 Dominum
733 670 851 700 Sabaoth
874 672 938 711 spi-

198 711 282 741 ritum
297 719 419 743 sanctum
431 714 575 754 accipiens,
595 725 657 744 cum
670 716 763 745 Romae
779 723 869 746 contra
886 718 937 747 Ju-

198 757 270 787 daeos
283 758 442 798 disputaret,
454 760 491 790 ait
503 783 511 798 ,
525 762 606 790 Bene
617 761 739 801 Spiritus
752 769 872 792 sanctus
893 764 936 792 di-

995 346 1051 380 εἶπε
1070 352 1135 392 πρός
1148 364 1196 391 με·
1221 354 1355 393 πορευθεὶς
1369 354 1442 384 εἰπὸν
1455 357 1494 396 τῷ
1508 357 1566 396 λαῷ
1577 357 1678 398 τούτῳ,
1700 359 1767 398 ἀκοῇ

995 395 1136 433 ἀκούσητε,
1150 397 1195 427 καὶ
1207 398 1237 427 οὖ
1251 398 1288 437 μὴ
1303 401 1406 436 συνῆτε,
1421 400 1466 430 καὶ
1481 401 1622 440 βλέποντες
1638 402 1766 443 βλέψητε,

994 442 1039 470 καὶ
1054 444 1083 472 οὖ
1099 443 1135 481 μὴ
1153 443 1242 480 ἴδητε,
1264 444 1309 474 καὶ
1322 445 1357 475 τὰ
1368 445 1427 481 ἑξῆς
1437 458 1443 464 ·
1468 449 1483 476 ὁ
1496 446 1524 476 δὲ
1535 447 1680 483 ἀπόστολος
1690 450 1728 483 εἰς
1737 449 1768 479 τὸ

994 488 1106 527 Πνεῦμα
1119 488 1149 518 τὸ
1169 489 1242 528 ἅγιον
1263 490 1424 530 ἕκλαμὸἄνει
1440 491 1489 528 τὴν
1502 494 1548 522 τοῦ
1560 493 1697 534 προφήτου
1710 497 1767 533 θεο-

993 533 1092 572 λογίαν.
1105 534 1225 564 Ἐκείνου
1239 536 1375 575 εἰρηκότος
1380 558 1389 573 ,
1399 532 1478 567 Ε’ἶδσν
1487 538 1532 568 τὸν
1543 539 1654 579 βασιλέα
1670 540 1767 581 Κύριον

992 579 1108 609 Σαὸαὼθ
1118 602 1126 616 ‚
1148 581 1193 611 καὶ
1208 576 1266 611 εἶπέ
1280 594 1340 621 μοι,
1353 583 1510 624 πορεύθητι,
1526 585 1571 615 καὶ
1584 586 1642 616 εἰπὲ
1654 589 1694 627 τῷ
1707 589 1765 628 λαῷ

990 624 1089 664 τούτῳ,
1112 627 1126 655 ὁ
1149 626 1255 660 Παῦλος
1281 624 1392 666 βασιλέα
1417 629 1514 670 Κύριον
1538 631 1654 662 Σαὸαὼθ
1679 634 1716 666 εἰς
1736 633 1768 664 τὸ

991 669 1103 709 Πνεῦμα
1115 670 1145 700 τὸ
1158 671 1232 710 ἅγιον
1243 673 1432 712 ἐκλαμὸάνων,
1442 676 1470 704 ἔν
1480 678 1514 716 τῇ
1526 675 1622 716 (Ρώμῃ
1635 682 1689 711 τοῖς
1699 677 1767 708 Ἰου-

991 714 1072 749 δαίοις
1086 716 1268 756 διαλεγόμενός
1281 730 1360 758 φησι·
1373 721 1470 754 Καλῶς
1481 721 1512 751 τὸ
1525 722 1639 760 Πνεῦμα
1649 722 1680 762 τὸ
1693 723 1767 763 ἅγιον

991 755 1048 790 εἶπε
1071 761 1136 801 πρὸς
1160 762 1220 796 τοὺς
1243 764 1360 804 πατέρας
1385 767 1463 804 ἡμῶν
1488 766 1531 796 διὰ
1559 770 1606 797 τοῦ
1629 768 1767 809 προφήτου

197 806 242 847 πρῖε
261 806 303 834 ad
315 812 413 845 patres
427 814 539 836 nostros
550 817 604 847 per
614 809 724 837 lsaiam
740 809 911 847 prophetam
927 821 934 838 ι
954 809 974 832 Ε
991 806 1102 837 Ἡσαΐου
1113 808 1190 848 λέγον
1200 821 1208 828 ·
1222 810 1365 849 Πορευθὲὶς
1378 812 1451 842 εἰπὸν
1463 815 1502 854 τῷ
1515 815 1572 854 λαῷ
1583 814 1684 855 τούτῳ,
1698 816 1766 855 ἀκοῇ

198 850 291 886 Vade,
298 851 457 892 diepopulo
465 853 543 890 huic,
554 853 672 882 Audita
685 854 823 891 audietis,
835 861 864 884 et
878 865 937 883 non

196 896 376 936 intelligetis,
406 904 456 927 ete.
478 898 561 927 Isaias
580 897 663 935 dixit,
682 899 788 938 Regem
807 899 937 929 Sabaoth

197 942 263 970 vidi
270 949 298 971 el
312 943 387 972 dixit
401 945 483 982 mihi,
498 945 556 973 Dic
564 944 672 983 populo
685 945 769 980 hu1'e;
784 944 938 985 Paulusque

196 986 327 1018 disserens
340 989 453 1028 Spiritui
463 996 554 1020 sancto
565 990 633 1019 hanc
644 990 828 1020 auctoritatem
839 990 940 1020 admi-

196 1035 260 1073 psit.
282 1037 355 1076 Ergo
372 1037 490 1076 Spiritus
507 1044 614 1067 sanetus
635 1048 684 1067 rex
703 1044 743 1067 est
760 1044 789 1067 et
804 1038 939 1068 Dominus

196 1082 313 1112 Sabaoth
328 1105 336 1120 ‚
353 1084 399 1122 qui
413 1083 484 1112 dixit
506 1083 582 1113 Isaiae
595 1096 604 1114 ε
618 1084 710 1121 Vade,
731 1090 761 1113 et
772 1084 820 1113 dic
831 1085 938 1124 popuh’

197 1129 275 1165 huic,
291 1130 408 1160 Audiui
437 1131 572 1167 audiens,
586 1138 614 1160 et
629 1141 689 1160 non
705 1131 886 1171 intelligetis,
912 1138 942 1161 et

196 1175 330 1203 videntes
345 1175 492 1212 videbitis,
510 1182 537 1205 et
548 1187 607 1205 non
619 1178 807 1216 perspicietis,
821 1183 873 1206 etc.
889 1177 935 1214 Et,

197 1220 315 1249 Audivi
325 1232 427 1250 vocem
438 1224 558 1251 Domini
570 1224 705 1259 dicentis,
722 1224 751 1252 V
748 1223 812 1257 ade,
829 1224 878 1252 dic
889 1234 937 1262 po-

195 1265 267 1304 pulo
290 1268 358 1296 huic
365 1278 378 1302 ,·
400 1267 532 1297 Dominus
554 1270 646 1304 Pater,
668 1269 801 1298 Dominus
825 1269 913 1298 Filius
924 1280 933 1307 ;

198 1321 259 1340 nam
274 1312 359 1341 Dixit
373 1313 518 1341 Dominus
530 1313 658 1342 Domino
672 1324 746 1350 meo,
758 1314 831 1343 Sede
839 1324 858 1342 a
869 1315 934 1342 dex-

990 853 1120 889 ἀκούσητε
1131 876 1139 890 ,
1166 854 1211 884 καὶ
1224 856 1253 884 οὗ
1268 855 1305 894 μὴ
1318 858 1413 892 συνῆτε
1423 880 1431 894 ,
1458 858 1503 888 καὶ
1522 859 1556 888 τὰ
1571 859 1639 896 ἑξῆς.
1654 859 1767 894 Ἡσαΐας

990 898 1079 935 ἔλεγε,
1094 899 1148 928 Τὸν
1161 900 1273 939 βασιλέα
1286 901 1402 932 Σαὸαὼθ
1414 898 1482 933 εἶδον
1491 927 1499 941 ,
1511 904 1557 934 καὶ
1571 900 1627 934 εἶπε
1640 905 1706 946 πρός
1715 918 1749 945 με
1757 929 1766 942 ,

991 944 1064 973 εἰπὸν
1083 946 1122 984 τῷ
1141 946 1200 985 λαῷ
1215 945 1314 986 τούτῳ·
1329 947 1375 977 καὶ
1387 950 1403 977 6
1416 949 1524 983 Παῦλος
1539 949 1625 989 λέγων
1641 953 1681 991 τῷ
1700 951 1767 992 ἁγίῳ

991 988 1131 1028 [Incom-
1152 990 1261 1027 ἀνέθηκε
1283 991 1333 1028 τὴν
1356 993 1502 1024 αὖθεντίαν.
1524 996 1629 1025 Οὐκοῦν
1643 996 1768 1035 βασιλεὺς

991 1035 1036 1064 καὶ
1060 1034 1157 1075 Κύριος
1178 1036 1293 1071 Σαῧαὼθ
1314 1037 1345 1067 τὸ
1368 1039 1481 1078 Πνεῦμα
1491 1040 1522 1070 τὸ
1533 1040 1606 1080 ἅγιον
1617 1041 1649 1071 τὸ
1662 1042 1766 1082 εἷρηκὸς

990 1083 1029 1120 τῷ
1048 1080 1163 1121 Ἡσαΐᾳ·
1188 1082 1329 1122 Πορευθεὶς
1356 1083 1430 1114 εἰπὸν
1448 1087 1487 1125 τῷ
1501 1087 1558 1126 λαῷ
1571 1086 1674 1127 τούτῳ,
1696 1089 1765 1128 ἀκοῇ

989 1126 1134 1164 ἀκούσητε,
1147 1127 1193 1156 καὶ
1204 1129 1233 1157 οὗ
1249 1128 1286 1167 μὴ
1301 1130 1410 1166 συνῆτε,
1425 1131 1470 1160 καὶ
1485 1131 1627 1170 βλέποντες
1639 1132 1766 1173 βλέψητε,

990 1171 1036 1201 καὶ
1049 1173 1078 1201 οὗ
1088 1172 1126 1211 μὴ
1139 1173 1226 1210 ἴδητε,
1241 1174 1286 1203 καὶ
1300 1173 1334 1203 τὰ
1346 1174 1415 1215 ἑξῆς.
1429 1175 1496 1213 Καὶ,
1511 1176 1633 1207 Ἤκουσα
1644 1177 1696 1218 γὰρ
1710 1190 1765 1219 φω-

989 1219 1036 1252 νῆς
1047 1217 1144 1257 Κυρίου
1158 1218 1279 1258 λέγοντος
1287 1241 1295 1255 ,
1307 1220 1442 1259 πορευθεὶς
1463 1220 1536 1251 εἰπὸν
1549 1224 1587 1263 τῷ
1598 1222 1656 1263 λαῷ
1669 1223 1764 1264 τούτῳ.

991 1262 1086 1302 Κύριος
1100 1266 1114 1292 6
1127 1263 1234 1304 Πατὴρ,
1245 1265 1364 1305 Κύριοςὸ
1377 1266 1451 1300 Υἱός·
1472 1262 1541 1298 Eine
1555 1268 1606 1308 γὰρ
1620 1269 1716 1310 Κύριος
1726 1272 1766 1310 τῷ

988 1307 1079 1348 Κυρίῳ
1090 1320 1149 1347 μου,
1159 1309 1239 1338 κάθου
1251 1311 1280 1340 ἐκ
1289 1310 1377 1344 δεξιῶν
1389 1323 1450 1350 μου.
1466 1312 1564 1353 Κύριον
1571 1314 1604 1353 ιτὸ
1615 1316 1726 1356 Πνεῦμα
1732 1316 1765 1353 τὸ

198 1359 250 1387 tris
271 1358 349 1387 meis.
371 1358 504 1388 Dominus
523 1359 639 1398 Spiritus
651 1365 756 1388 sanctus
767 1371 773 1388 ε
790 1369 852 1388 nam
873 1361 934 1388 Do·
945 1380 981 1400 ω
988 1353 1070 1392 ‘qim'
1078 1355 1092 1382 ὁ
1099 1355 1150 1393 γὰρ
1159 1354 1254 1394 Κύριος
1262 1355 1292 1384 τὸ
1299 1356 1410 1395 Πνῑῧμᾶ
1418 1358 1568 1389 ἕστῑν·ὅπῦυ
1577 1360 1606 1390 δὲ
1614 1360 1644 1390 τὸ
1652 1362 1764 1400 Πνεῦμα

199 1407 294 1433 minus
307 1404 430 1444 Spiritus
444 1412 485 1434 est
498 1417 505 1433 :
522 1407 572 1434 ubi
586 1415 656 1434 vero
667 1406 790 1445 Spiritus
802 1406 935 1442 Domini,
953 1408 973 1431 Α
989 1398 1097 1438 Κυρίου,
1111 1401 1164 1428 ἐκεῖ
1174 1400 1315 1440 ἐλευθερία·
1324 1402 1370 1437 Μή
1383 1414 1422 1435 τις
1429 1403 1581 1442 voptcnssu
1592 1405 1679 1444 μεῖζόν
1687 1407 1760 1436 ἐστιν

199 1451 240 1478 ibi
254 1450 385 1479 libertas.
405 1452 445 1480 Ne
458 1451 519 1490 quis
532 1462 595 1481 vero
613 1458 689 1491 putet
702 1452 788 1492 majus
803 1463 862 1482 esse
880 1453 935 1493 pri-

198 1506 273 1525 mum
285 1506 391 1533 nomen,
413 1498 503 1534 Deus,
521 1497 667 1527 secundum
688 1493 766 1535 vero,
790 1499 932 1529 Dominus.

197 1543 266 1571 Nam
287 1542 314 1571 in
334 1550 427 1572 natura
448 1543 591 1574 immortali
609 1550 636 1572 et
649 1544 782 1583 Dominus
798 1551 824 1574 et
844 1546 935 1582 Deus,

197 1587 259 1617 licet
272 1587 375 1618 dictum
389 1589 454 1619 illuc
474 1599 526 1618 non
538 1589 658 1618 eamdem
672 1590 727 1618 vim
740 1590 848 1627 habeat,
863 1602 934 1621 eam-

193 1632 257 1661 dem
278 1641 364 1663 tamen
382 1634 539 1673 dignitatem
553 1634 690 1674 praedicat.
710 1635 786 1671 Quid
799 1636 892 1665 enim?
905 1637 934 1667 Si

194 1688 300 1716 nomen,
315 1681 398 1716 Deus,
410 1679 529 1720 primum
540 1687 620 1717 esset,
631 1681 654 1709 si
667 1680 825 1718 secundum,
840 1683 934 1711 Domi-

193 1735 255 1762 nus,
281 1736 343 1755 sane
366 1727 475 1765 Moyses
498 1737 550 1756 non
571 1727 687 1756 secundo
711 1734 740 1757 ut
761 1728 850 1768 primo
870 1740 935 1759 usus

192 1778 260 1800 esset
280 1771 386 1809 dicens,
411 1773 557 1802 Dominus
581 1774 661 1803 Deus
683 1780 764 1809 tuus,
789 1774 934 1805 Dominus

193 1829 267 1848 unus
280 1826 321 1848 est
329 1833 341 1855 ;
353 1821 513 1859 oportuisset
527 1820 610 1857 enim,
629 1820 653 1849 si
666 1819 700 1849 dc
716 1820 803 1860 primo
821 1822 934 1851 mentio-

192 1874 252 1893 ncm
269 1865 352 1894 facere
380 1865 519 1901 voluisset,
539 1866 658 1906 primum
676 1865 765 1896 dicere
784 1867 838 1904 sic,
861 1868 933 1897 Deus

191 1917 253 1938 tuus
268 1911 398 1940 Dominus
415 1922 485 1940 unus
503 1919 541 1941 cst
554 1924 562 1940 .-
578 1911 625 1941 scd
644 1919 673 1941 ut
685 1911 833 1942 ostenderet
847 1914 933 1943 nomi-

192 1966 257 1984 num
270 1956 487 1993 indifferentiam,
499 1955 647 1988 Dominus*
653 1958 739 1999 primo
748 1957 828 1995 dixit,
841 1967 931 1999 postea

192 2004 283 2032 Deus.
307 2004 361 2034 Sed
378 2004 412 2033 ad
426 2005 594 2045 propositum
614 2004 764 2034 redeamus.
789 2007 932 2037 Dominus

192 2055 288 2078 autem
297 2056 338 2078 est
350 2050 483 2089 Spiritus.
492 2051 623 2080 Dominus
636 2061 699 2090 ergo
711 2051 932 2087 Pater‚Dominus

192 2094 289 2131 Filius,
307 2096 438 2125 Dominus
450 2097 566 2136 Spiritus
579 2104 695 2126 sanctus.
709 2098 812 2127 Verum
831 2099 931 2129 Paulus

191 2139 267 2175 dicit,
291 2143 371 2170 Unus
387 2143 541 2171 Dominus.
564 2143 592 2172 Si
611 2154 682 2172 unus
699 2144 842 2182 Dominus,
860 2156 931 2184 quo-

191 2185 271 2215 modo
292 2187 422 2216 Dominus
441 2194 467 2216 et
487 2189 639 2218 Dominus?
658 2190 793 2222 Videlicet
812 2201 865 2220 una
881 2190 931 2220 do-

191 2231 309 2261 minatio.
320 2233 421 2262 Eadem
432 2234 532 2263 ratione
545 2241 570 2263 et
581 2244 651 2264 unus
666 2237 749 2272 Deus,
759 2237 796 2266 ait
809 2237 926 2266 Paulus:

188 2277 279 2307 Nobis
291 2284 387 2307 mitem
401 2290 476 2308 unus
491 2280 571 2309 Deus
584 2280 684 2317 Pater,
701 2292 736 2310 ex
748 2293 806 2321 quo
820 2284 928 2319 omnia,

187 2329 216 2351 et
239 2334 315 2360 unus
336 2324 479 2354 Dominus
496 2326 582 2354 Jesus
609 2326 751 2363 Christus,
772 2338 826 2366 per
844 2338 929 2366 quem

187 2371 296 2398 omnia.
308 2370 388 2408 Ergo,
403 2371 440 2399 ait
453 2371 602 2405 haereticus,
618 2373 724 2400 Patrem
747 2373 835 2402 Deum
849 2373 929 2408 dixit,

187 2412 290 2441 Filium
308 2424 371 2443 vcro
393 2414 551 2442 Dominum.
582 2413 729 2444 Videamus
744 2425 818 2455 ergo,
833 2415 927 2445 videa-

986 1443 1069 1483 ὄνομα
1082 1445 1110 1474 τὸ
1123 1446 1136 1458 *
1148 1446 1252 1484 πρῶτος
1260 1468 1267 1481 ,
1280 1446 1360 1483 Θεὸς,
1373 1446 1492 1488 δεύτερον
1505 1449 1532 1478 δὲ
1546 1449 1629 1489 ὄνομα
1641 1450 1672 1480 τὸ
1676 1473 1686 1488 ,
1701 1451 1760 1481 Κύ-

986 1501 1051 1530 ριος.
1070 1489 1135 1520 Ἐπὶ
1147 1490 1199 1531 γὰρ
1212 1493 1259 1527 τῆς
1271 1492 1400 1534 ἀθανάτου
1414 1493 1515 1534 φύσεως
1532 1495 1578 1525 καὶ
1603 1496 1700 1537 Κύριος
1713 1498 1759 1527 καὶ

987 1535 1072 1572 Θεὸς,
1097 1535 1146 1565 κᾶν
1161 1536 1198 1575 μὴ
1212 1537 1260 1573 τὴν
1275 1537 1356 1575 αὐτὴν
1372 1538 1482 1579 δύναμιν
1496 1540 1546 1581 ἔχῃ
1559 1543 1577 1577 ἡ
1587 1541 1657 1576 λέξις
1666 1563 1675 1578 ,
1690 1543 1759 1572 ἀλλὰ

986 1581 1035 1617 τὴν
1055 1581 1137 1618 αὐτὴν
1158 1581 1231 1616 ἀξίαν
1259 1583 1392 1623 κηρύττει.
1416 1586 1452 1615 Τί
1475 1585 1527 1626 γάρ
1536 1598 1547 1626 3
1562 1589 1576 1616 6
1597 1588 1666 1626 Θεὸς
1678 1589 1762 1628 ὄνομα

986 1627 1107 1666 πρῶτον;
1128 1629 1152 1656 εἰ
1171 1627 1291 1668 δεύτερον
1308 1629 1389 1667 δὲτὸ,
1410 1630 1525 1671 Κύριος,
1543 1634 1591 1662 οὐκ
1606 1632 1636 1662 ἂν
1649 1635 1687 1673 τῷ
1701 1634 1763 1664 δευ-

986 1672 1054 1712 τέρῳ
1070 1674 1106 1706 ὣς
1116 1673 1214 1714 πρώτῳ
1225 1677 1239 1703 ὁ
1252 1676 1369 1711 Μωϋσῆς
1383 1676 1516 1716 ἐχρήσατο
1526 1700 1535 1714 ,
1550 1677 1648 1718 λέγων,
1665 1679 1761 1719 Κύριος

986 1721 1000 1748 ὁ
1012 1718 1079 1752 Θεός
1093 1730 1139 1748 σου
1148 1741 1156 1755 ,
1182 1719 1282 1760 Κύριος
1296 1717 1334 1754 εἷς
1346 1723 1416 1751 ἐστιν
1425 1734 1432 1740 ·
1459 1723 1540 1763 ἐχρῆν
1554 1723 1621 1765 γὰρ,
1644 1726 1668 1754 εἰ
1690 1726 1760 1766 ἄρα,

986 1767 1031 1794 τοῦ
1046 1764 1152 1804 πρώτου
1164 1767 1268 1805 πρῶτον
1280 1767 1474 1806 ἐπιμνησθέντα
1488 1770 1569 1799 εἰπεῖν
1577 1792 1586 1807 ,
1601 1772 1616 1800 6
1629 1770 1698 1805 Θεός
1712 1782 1759 1801 σου

986 1810 1085 1850 Κύριος
1099 1806 1136 1844 εἷς
1150 1812 1206 1840 ἔστι
1217 1823 1224 1830 ·
1238 1813 1296 1841 ἀλλ’
1305 1812 1348 1842 ἵνα
1363 1812 1434 1853 δείξῃ
1444 1813 1475 1843 τὸ
1488 1814 1628 1856 ἀδιάφορον
1639 1818 1692 1846 τῶν
1705 1817 1762 1846 ὀνο·

986 1855 1094 1894 μάτων,
1109 1856 1210 1896 Κύριος
1225 1853 1283 1886 εἶπε
1296 1853 1418 1897 πρῶτον,
1434 1854 1491 1889 εἶτα
1504 1859 1582 1894 Θεός.
1598 1862 1667 1891 Ἀλλ’
1681 1864 1718 1897 εἷς
1730 1862 1761 1891 τὸ

984 1902 1154 1940 προκείμενον
1177 1903 1371 1941 ἐπανέλθωμεν.
1387 1903 1422 1933 ‘0
1437 1903 1465 1934 δὲ
1483 1905 1583 1945 Κύριος
1603 1905 1634 1935 τὸ
1646 1907 1760 1946 Πνεῦμα

951 1954 969 1978 n
984 1947 1053 1977 ἐστι.
1076 1948 1176 1987 Κύριος
1190 1947 1274 1977 τοίνυν
1289 1950 1303 1977 6
1325 1948 1421 1989 Πατὴρ
1434 1972 1443 1987 ,
1463 1951 1478 1979 6
1493 1950 1555 1984 Υἱὸς
1569 1950 1680 1991 Κύριος,
1701 1952 1760 1982 Κύ-

986 2004 1039 2032 ριος
1051 1992 1082 2022 τὸ
1093 1994 1204 2032 Πνεῦμα
1215 1993 1246 2022 τὸ
1258 1994 1344 2033 ἅγιον.
1365 1995 1436 2024 Ἀλλ’
1454 1996 1468 2025 6
1488 1996 1595 2030 Παῦλος
1607 1997 1696 2036 λέγει,
1711 1994 1760 2032 Εἷς

985 2038 1093 2078 Κύριος.
1118 2039 1184 2078 (Εἰ)
1206 2035 1242 2072 εἷς
1257 2039 1372 2078 Κύριος,
1394 2041 1451 2073 πῶς
1470 2040 1570 2081 Κύριος
1583 2042 1628 2071 καὶ
1642 2043 1758 2083 Κύριος;

984 2083 1112 2120 Δηλονύτι
1125 2084 1173 2123 μία
1187 2086 1204 2119 ἡ
1219 2084 1352 2123 κυριότης.
1375 2084 1455 2115 Οὕτω
1475 2086 1520 2115 καὶ
1533 2083 1570 2120 εἷς
1591 2087 1660 2121 Θεὸς
1671 2111 1680 2125 ,
1707 2101 1757 2129 φη-

984 2129 1024 2159 σὶν
1038 2132 1052 2158 6
1065 2130 1186 2162 Παῦλος·
1205 2128 1286 2168 Ἡμῖν
1306 2129 1334 2159 δὲ
1348 2126 1384 2163 εἷς
1397 2130 1465 2164 Θεὸς
1479 2133 1493 2160 6
1508 2131 1606 2172 Πατὴρ
1616 2155 1624 2170 ,
1640 2133 1667 2167 ἐξ
1680 2129 1710 2164 οὗ
1724 2135 1758 2164 τὰ

982 2175 1078 2211 πάντα,
1085 2175 1128 2204 καὶ
1136 2171 1172 2208 εἷς
1182 2175 1281 2215 Κύριος
1292 2176 1393 2211 Ἰησοῦς
1402 2176 1525 2216 Χριστὸς,
1534 2178 1566 2206 δι’
1575 2173 1604 2206 οἶ
1615 2178 1648 2207 τὰ
1657 2179 1755 2211 πάντα.

983 2221 1048 2261 Ἄρα
1063 2216 1107 2250 οῧν
1118 2243 1126 2258 ,
1147 2221 1224 2260 φησὶ,
1243 2221 1286 2250 τὸν
1303 2221 1350 2260 μὲν
1369 2221 1480 2262 Πατέρα
1501 2223 1570 2253 Θεὸν
1584 2219 1658 2262 εἶπε,
1671 2226 1716 2255 τὸν
1731 2226 1758 2255 δὲ

982 2267 1045 2296 Υἱὸν
1066 2266 1174 2306 Κύριον.
1195 2266 1306 2306 Ἰδωμεν
1327 2263 1371 2296 οὖν
1381 2287 1389 2301 ,
1412 2267 1509 2306 ἴδωμεν
1519 2290 1528 2304 ,
1550 2269 1673 2308 ἀδελφοὶ,
1695 2271 1757 2300 ἴδω-

984 2325 1048 2351 μεν,
1062 2313 1209 2351 παρακαλῶ
1219 2335 1227 2349 ,
1240 2314 1263 2341 εἷ
1276 2312 1305 2342 τὸ
1314 2335 1322 2348 ,
1337 2312 1437 2352 Κύριος
1447 2335 1455 2349 ,
1471 2314 1590 2354 δεύτερον
1603 2315 1686 2354 ὄνομά
1700 2317 1756 2345 ἐστι

982 2361 1029 2394 τῆς
1042 2360 1129 2393 θεϊκῆς
1145 2357 1229 2395 ἀξίας,
1242 2358 1287 2388 καὶ
1298 2360 1345 2388 οὐκ
1359 2360 1462 2394 ἀληθῶς
1475 2360 1521 2389 καὶ
1530 2362 1634 2400 πρῶτον
1646 2361 1692 2390 καὶ
1705 2362 1757 2401 ἇρ-

983 2405 1060 2443 μόζον
1070 2403 1126 2433 ἐστὶ
1136 2427 1144 2440 ,
1170 2403 1215 2433 καὶ
1232 2404 1283 2433 ὑπὸ
1299 2406 1345 2439 τ’ῆς
1360 2404 1435 2443 ἁγίας
1465 2405 1487 2434 Γ
1490 2407 1573 2444 ραφῆς
1587 2417 1756 2446 μεμαρτυρη-

186 2465 256 2492 mus,
274 2457 376 2493 fratres,
392 2457 531 2486 videamus
545 2468 646 2496 quaeso,
661 2468 726 2487 num
737 2458 816 2494 illud,
834 2460 926 2488 Domi·
947 2457 965 2480 C
984 2451 1068 2489 μένον·
1095 2450 1247 2488 Ἀναγκαῖον
1264 2450 1316 2489 γὰρ
1335 2451 1414 2483 ὄντως
1432 2450 1476 2479 καὶ
1497 2453 1568 2489 ἡμᾶς
1585 2452 1667 2480 ὅῖπῑῖν
1689 2452 1755 2490 μετὰ

186 2508 252 2535 nus,
272 2500 418 2530 secundum
439 2501 473 2530 sit
492 2511 585 2530 nomen
607 2501 706 2531 divinae
726 2502 880 2541 dignitatis,
898 2510 923 2532 ct

185 2552 271 2571 annon
283 2554 344 2573 vere
354 2545 470 2583 primum
483 2545 489 2573 i
493 2546 588 2585 psiquc
596 2555 754 2585 congruens,
762 2553 840 2585 atquc
850 2547 921 2576 Scri—

218 2618 228 2627 *
249 2619 333 2648 [Savil.
350 2625 367 2647 ἴς
388 2622 497 2655 πρῶτοι]

981 2497 1111 2532 σπουδῆς,
1132 2495 1177 2524 καὶ
1201 2497 1268 2533 ὑμᾶς
1295 2497 1407 2525 ἀκοῦσαι
1433 2495 1501 2534 μετὰ
1523 2497 1689 2535 προθυμίας,
1710 2498 1755 2527 καὶ

978 2547 1090 2579 ἐκείνους
1114 2546 1286 2580 παιδευθῆναι
1312 2545 1379 2584 μετὰ
1402 2545 1534 2581 ἀληθείας.
1556 2545 1604 2579 Τίς
1625 2541 1669 2576 οὖν
1692 2549 1754 2586 ἡμῖν
