1890 2826
591 195 633 219 DF.
660 195 766 219 mmm
792 194 987 218 cuEATmNF.
1014 194 1138 218 ORATIO
1166 195 1202 217 ll.

105 273 151 298 της
160 284 168 298 ,
187 261 228 291 ὅτι
241 257 388 299 εὐεργέτης.
403 258 497 287 Ταῦτα
511 256 597 286 πάντα
609 256 686 295 μέσα.
699 255 764 286 Ἐὰν
779 255 869 295 εἴπῃς,

103 310 159 341 πῶς
171 306 303 346 ἐγέννησς
317 305 366 341 τὴν
378 303 496 344 κεφαλὴν
510 302 673 342 ἐγύμνωσας,
688 302 721 338 ἣν
730 301 824 332 σκέπει
835 301 870 330 τὰ

1599 182 1669 231 529

921 256 1032 295 genuit?
1047 262 1128 295 caput
1150 254 1292 293 detexisti,
1307 254 1381 294 quod
1401 255 1549 285 Cherubim
1563 262 1667 296 tegunt.

922 302 952 331 Si
964 312 1045 341 porro
1056 301 1170 338 dixeris,
1185 301 1242 332 Ubi
1248 308 1287 331 est
1293 301 1344 331 Dei
1355 301 1437 331 finis?
1453 301 1534 342 pedes
1549 302 1667 339 nudasti,

103 352 260 393 Χερουὸείμ.
273 351 339 381 Ἐὰν
353 350 381 380 δὲ
395 350 487 390 εἴης,
507 352 558 379 ποῦ
575 348 606 378 τὸ
619 348 752 381 τέλοςτοῦ
774 349 846 378 Θεοῦ
859 359 868 385 ;
888 350 907 372 G
923 359 991 387 quos
1009 355 1103 388 tegunt
1125 347 1283 378 Cherubim.
1308 348 1414 388 Tegunt
1440 355 1528 377 autem
1549 356 1631 388 caput
1646 356 1672 378 et

102 398 162 432 τοὺς
170 399 252 432 πόδας
262 401 370 438 γυμνοῖς
377 419 386 433 ,
396 396 439 430 οὓς
453 395 546 426 σκέπει
554 394 587 424 τὰ
598 393 758 434 Χερουὸείμ.
771 393 870 423 Σκέπει

103 445 130 474 δὲ
143 444 191 481 τὴν
204 443 320 484 κεφαλὴν
332 443 378 473 καὶ
391 442 450 475 τοὺς
463 441 545 475 πόδας
553 463 561 476 ,
574 442 625 480 οὐχ
637 439 680 469 ἵνα
691 439 778 479 κρύψῃ
788 461 797 475 ,
812 439 871 468 ἀλλ’

102 491 145 520 ἵνα
158 490 248 530 διδάξῃ
260 513 268 527 ,
281 490 322 520 ὅτι
331 488 519 528 ἀνεξερεύνητα
527 509 535 524 ,
549 487 590 517 ὅτι
600 486 786 521 ἀκατάληπτα.
798 484 872 515 Λάὸε

102 536 204 565 καὶτὸν
217 535 308 565 τύπον.
324 530 414 564 'Hom
433 534 460 568 ἓξ
484 533 529 563 καὶ
548 533 592 568 ἒξ,
608 532 709 562 δώδεκα
729 531 870 571 πτέρυγες·

98 581 170 611 ὀκτὼ
179 581 344 621 ἡσυχάζουσι
351 602 359 617 ,
372 580 417 610 καὶ
426 579 552 620 τέσσαρες
562 581 703 608 κινοῦνται.
714 577 806 610 Τύπος
818 579 871 606 τῶν

98 627 265 657 ἀποστόλων.
279 626 391 656 Δώδεκα
405 626 548 656 ἀπόστολοι
556 646 564 660 ,
584 624 653 654 ἀλλὰ
665 623 790 663 τέσσαρες
802 623 871 662 βοῶ-

99 685 142 703 σιν
155 672 348 713 εὖαγγελισταί.
360 672 414 702 Καὶ
434 672 460 701 τί
485 674 580 711 βοῶσιν
592 682 600 706 ;
614 670 668 700 ’Ἡν
681 669 840 699 ἐσπούδασεν
857 670 872 697 6

102 724 217 753 σατανᾶς
244 719 391 759 ἀνατρέψαι
418 718 519 758 φωνήν.
545 716 668 757 Πρόσιχε
677 739 685 753 ,
709 716 869 755 παρακαλῶ.

102 768 165 806 Οὐχ
181 767 271 800 ἅπλῶς
281 766 380 804 ἔλεγον,
390 768 426 799 ὥς
443 768 535 804 ἡμεῖς·
549 764 653 804 Ἄγιος,
671 764 762 803 ἅγιος,
785 763 871 802 ἅγιος·

102 812 170 842 ἀλλὰ
184 808 220 846 εἷς
236 814 275 852 τῷ
295 812 334 841 ἑνὶ
346 812 498 846 ἀντέδαλον,
512 812 548 844 ὥς
558 810 708 850 γέγραπται
717 822 724 828 ·
749 809 803 839 Καὶ
815 808 871 838 ἐκέ-

103 870 202 898 κραγον
216 858 304 899 ἕτερος
315 857 381 898 πρὸς
393 858 437 887 τὸν
450 857 551 897 ἕτερον.
572 855 674 895 Ἄγιος,
695 855 784 896 φησὶν,
804 855 873 890 ἅπαξ
891 855 911 878 D

103 904 241 944 ὀφείλομεν
258 903 352 933 εἰπεῖν.
365 903 401 933 Ὁ
415 903 493 936 ἄλλος
503 902 585 940 λέγει,
598 901 687 942 Ἄγιος
696 913 704 920 ·
721 897 779 931 εἶτα
793 904 807 931 6
818 901 875 931 ἔτε-

105 962 156 991 ρος,
165 949 278 990 πρόσθες
287 950 318 979 τὸ
328 950 427 990 τρίτον,
437 949 534 989 Ἄγιος.
546 948 625 978 Ἐπεὶ
634 944 678 979 οῧν
689 948 750 988 τρία
759 948 870 988 ἠριθμή-

104 1007 198 1035 σαμεν,
212 995 249 1034 μὴ
264 995 375 1036 νομίσῃς
392 990 460 1025 εἶναι
471 999 541 1035 τρεῖς
557 993 638 1027 θεούς.
650 993 688 1024 Τί
701 990 755 1029 οὖν,
768 993 875 1033 Ἄγιος,

104 1042 191 1082 ἅγιος,
202 1041 276 1082 ἅγιος
292 1041 403 1082 Κύριος;
416 1037 464 1075 Εἷς
473 1040 524 1081 γὰρ
547 1039 643 1080 Κύριος
652 1061 660 1075 ,
675 1039 724 1079 μία
736 1039 834 1074 πίστις,
848 1039 876 1069 ἓν

106 1088 256 1127 βάπτισμα.
273 1088 326 1117 Καὶ
340 1086 431 1127 ὥσπερ
451 1088 479 1116 ἐν
492 1091 550 1120 ταῖς
562 1085 731 1126 ψαλμῳδίαις
745 1085 875 1125 ἀντιπέμ-

104 1145 198 1164 πουσιν
226 1133 352 1169 ἀλλήλοις
370 1133 404 1163 τὰ
419 1133 486 1172 μέλη
497 1156 504 1170 ,
529 1132 612 1166 οὕτως
630 1133 658 1161 αἱ
676 1132 731 1161 ἅνω
753 1132 876 1171 δυνάμεις

105 1179 316 1219 ἀντιχορεύουσιν
333 1179 475 1215 ἀλλήλαις,
498 1178 544 1208 καὶ
564 1177 655 1218 ὥσπερ
677 1177 704 1212 ἐξ
730 1177 875 1218 ἀντιφώνου

106 1225 235 1265 μελῳδίας
249 1224 434 1263 ἅναπέμπωσι
451 1223 496 1260 τὴν
511 1223 671 1263 δοξολογίαν.
692 1219 777 1260 Εἶτα,
796 1224 875 1260 Πλή-

106 1283 169 1310 ρης,
192 1270 283 1311 φησὶν,
292 1273 307 1299 6
320 1265 390 1304 οἶκος
402 1271 449 1305 τῆς
464 1269 540 1306 δόξης
553 1271 643 1298 αὐτοῦ.
659 1269 712 1298 Καὶ
729 1269 831 1309 ἐπήρθη
845 1269 876 1299 τὸ

104 1316 250 1356 ὑπέρθυρον
263 1315 317 1345 ἀπὸ
329 1317 378 1352 τῆς
390 1317 506 1356 κραυγῆς
521 1311 554 1351 ἧς
562 1314 714 1355 ἐκέκραγον,
725 1315 771 1344 καὶ
779 1317 794 1345 6
805 1311 876 1349 οἶκος

105 1361 246 1402 ἐπληρώθη
257 1364 370 1392 καπνοῦ.

924 393 1005 434 pedes
1017 403 1082 430 ,non
1093 400 1123 422 ut
1134 393 1308 430 abscondant,
1326 393 1374 423 sed
1386 401 1416 424 ut
1423 393 1534 423 doceant
1545 395 1603 424 haec
1614 405 1671 424 csse

926 439 1120 476 inscrutabilia,
1131 439 1423 479 incomprehensibilia.
1436 440 1535 480 Accipe
1544 440 1668 480 figuram.

925 487 1011 516 Erant
1033 496 1081 514 sex
1099 492 1126 515 et
1143 496 1202 522 sex,
1216 485 1359 516 duodecim
1378 496 1473 527 pennae
1489 498 1497 516 z
1513 494 1572 517 octo
1591 488 1670 526 quie-

925 539 1014 570 scunt,
1029 539 1055 561 et
1068 539 1184 571 quatuor
1193 540 1346 562 moventur.
1355 534 1418 563 Haec
1427 534 1515 573 figura
1528 540 1590 563 sunt
1602 544 1668 574 apo-

923 579 1065 609 stolorum.
1088 578 1240 608 Duodecim
1259 586 1321 608 sunt
1339 580 1466 619 apostoli,
1487 579 1534 609 sed
1555 587 1671 619 quatuor

922 625 1093 666 evangelistae
1112 624 1238 654 clamant.
1256 625 1292 655 Et
1306 625 1375 664 quid
1385 626 1520 656 clamant?
1534 627 1603 659 Eam
1619 637 1669 656 vo—

924 682 980 701 cem
995 682 1075 711 quam
1088 678 1211 702 evertere
1230 678 1334 701 satanas
1348 679 1459 702 conatus
1474 679 1523 701 est.
1540 672 1671 701 Animad-

923 724 1010 755 verte,
1024 728 1125 757 quaeso.
1145 718 1207 747 Non
1226 717 1385 758 simpliciter
1402 717 1539 756 dicebant,
1561 724 1591 747 ut
1611 728 1671 753 nos,

924 764 1063 801 Sanctus,
1083 771 1214 802 sanctus,
1233 771 1364 802 sanctus,
1390 764 1438 794 sed
1459 764 1529 794 alter
1547 763 1583 793 ad
1604 764 1670 793 alte·

925 821 986 839 rum
996 810 1116 840 vicissim
1127 810 1292 848 emittebant,
1303 818 1335 840 ut
1347 811 1478 851 scriptum
1488 818 1544 840 est:
1556 812 1598 840 Et
1610 811 1670 840 cla—

927 856 1047 885 mabant
1067 857 1145 886 alter
1157 857 1198 886 ad
1216 857 1353 886 alterum.
1370 857 1494 893 Sanctus,
1510 856 1608 894 inquit,
1628 867 1670 885 se-

926 903 980 931 mel
1001 902 1147 932 dicendum
1167 903 1244 932 nobis
1262 910 1312 932 est.
1334 903 1414 932 Alius
1430 902 1512 938 dicet,
1529 903 1642 932 Sanctus
1662 915 1670 931 .·

926 947 1025 977 deinde
1039 948 1120 985 alius,
1135 948 1204 977 adde
1217 949 1307 985 tertio,
1323 949 1447 978 Sanctus.
1457 948 1528 986 Quia
1543 959 1606 988 crgo
1619 955 1673 978 tres

927 993 1140 1031 numeravimus,
1155 1003 1189 1022 ne
1202 1000 1280 1034 putes
1292 1001 1346 1023 tres
1363 1004 1419 1023 esse
1430 993 1504 1023 cleos.
1521 995 1578 1024 Cur
1595 1005 1671 1034 ergo,

927 1039 1061 1075 Sanctus,
1069 1046 1200 1078 sanctus,
1208 1047 1328 1070 sanctus
1340 1042 1502 1070 Dominus?
1515 1041 1592 1070 Unus
1601 1041 1672 1070 enim

928 1093 968 1116 est
978 1087 1122 1124 Dominus,
1130 1098 1185 1129 una
1195 1087 1272 1123 fides,
1281 1097 1365 1117 unum
1378 1087 1521 1128 baptisma.
1530 1089 1570 1118 Ac
1578 1098 1672 1127 quem-

927 1131 1074 1162 admodum
1096 1133 1125 1162 in
1144 1133 1303 1173 psalmodiis
1323 1133 1370 1162 alii
1385 1133 1447 1163 aliis
1468 1144 1563 1163 versus
1584 1140 1671 1163 trans-

926 1179 1050 1217 mittunt,
1070 1180 1110 1210 sic
1131 1191 1253 1220 supernae
1278 1187 1420 1220 potestates
1444 1187 1554 1210 mutuos
1576 1180 1673 1210 choros

925 1232 1019 1264 agunt,
1032 1235 1063 1254 ac
1078 1226 1163 1256 veluti
1176 1237 1211 1255 ex
1223 1226 1341 1255 melodia
1354 1225 1474 1256 vicissim
1494 1225 1598 1263 habita,
1612 1226 1672 1266 glo-

925 1271 1102 1301 rificationem
1119 1271 1255 1301 emittunt.
1272 1271 1376 1301 Deinde
1392 1283 1399 1300 ε
1415 1272 1515 1301 Plena
1533 1279 1606 1308 erat,
1628 1272 1673 1301 in-
1684 1279 1741 1301 [sm.
1761 1278 1811 1307 ΞΜ..

925 1316 995 1356 quit,
1015 1317 1118 1347 domus
1134 1318 1231 1358 gloria
1248 1319 1323 1358 ejus.
1340 1319 1382 1348 Et
1399 1317 1546 1349 elevatum
1563 1325 1607 1348 est
1625 1329 1673 1348 su-

923 1364 1113 1402 perliminare
1125 1375 1144 1394 a
1157 1374 1231 1394 voce
1250 1374 1311 1404 qua
1330 1364 1510 1402 clamabant,
1524 1371 1553 1395 et
1571 1366 1674 1395 domus

925 1411 1037 1450 repleta
1050 1411 1201 1452 estsumO.

144 1459 227 1490 Ξένον
237 1464 361 1500 πρᾶγμα.
374 1458 438 1489 Ἀπὸ
450 1460 498 1494 τῆς
512 1457 676 1499 δοξολογίας,
691 1458 748 1488 δέον
760 1471 876 1499 προστε-
892 1463 912 1488 Ε
966 1458 996 1487 6.
1012 1458 1081 1487 Rem
1101 1457 1278 1498 stupendam!
1294 1459 1364 1488 Cum
1377 1465 1439 1498 post
1451 1458 1673 1498 glorificationem

105 1507 182 1541 θῆναι
194 1505 279 1543 δόξαν,
290 1505 336 1535 καὶ
350 1507 367 1541 ἡ
383 1501 448 1534 odo-et
462 1504 600 1540 ἀπώλετο,
614 1504 660 1534 καὶ
671 1505 770 1538 καπνὸς
783 1506 877 1541 εἷο-ἧλ-

107 1554 146 1580 θε.
172 1550 278 1584 Καπνὸς
300 1550 328 1580 δὲ
350 1550 462 1590 ἐρημίας
485 1550 555 1580 ἐστὶν
581 1549 669 1580 εἰκών.
694 1550 730 1580 Τί
751 1546 796 1579 οὖν
821 1552 878 1580 ἐστι

106 1599 197 1633 τοῦ-τος
220 1596 337 1636 Προῄδει
350 1596 380 1625 τὸ
394 1597 506 1634 Πνεῦμα
518 1595 548 1624 τὸ
561 1596 647 1635 ἅγιον,
663 1595 754 1632 ὅτιτὸ,
775 1595 876 1636 Ἄγιος,

106 1643 197 1682 ἅγιος,
212 1642 299 1681 ἅγιος,
320 1641 453 1681 ἥρμοσται
471 1643 509 1681 τῷ
530 1641 640 1681 κόσμῳ,
662 1643 700 1681 τῷ
725 1642 878 1682 κηρύγματι

107 1690 160 1717 τῶν
174 1687 338 1722 ἀποστόλων,
353 1687 398 1716 καὶ
412 1688 441 1716 οὗ
456 1686 562 1727 δέχεται
575 1686 639 1716 αὐτὸ
648 1688 662 1716 6
676 1687 736 1720 ναὸς
746 1688 799 1716 τῶν
811 1688 877 1717 Ἰου-

109 1733 202 1764 δαίων.
224 1732 303 1773 Λέγει
317 1728 372 1769 oliv,
390 1732 431 1762 ὅτι
445 1733 513 1772 μετὰ
526 1732 556 1762 τὸ
570 1732 695 1773 κήρυγμα
708 1736 753 1762 τοῦ
768 1734 876 1773 εὐαγγε-

107 1780 164 1809 λίου
187 1779 299 1820 ἐρημίας
320 1778 365 1808 καὶ
391 1781 492 1809 καπνοῦ
513 1781 660 1819 πληροῦται
683 1782 700 1815 ἡ
724 1780 874 1820 συναγωγή.

108 1825 230 1865 Ἐπήρθη
246 1824 273 1854 δὲ
284 1826 334 1865 οὐχ
345 1827 362 1860 ἠ
374 1824 449 1865 θύρα,
460 1824 528 1854 ἀλλὰ
537 1824 567 1854 τὸ
577 1825 732 1865 ὑπέρθυρον.
745 1826 874 1867 Πρόσεχε.
885 1857 909 1877 ⁶5

926 1502 1013 1543 gloria
1021 1502 1144 1534 addenda
1155 1503 1303 1540 videretur,
1312 1503 1392 1533 etiam
1404 1515 1433 1533 ea
1443 1514 1503 1543 quae
1518 1511 1574 1534 erat
1583 1505 1674 1544 periit,

926 1555 952 1578 et
970 1549 1060 1578 fumus
1078 1549 1198 1578 intravit.
1211 1550 1315 1578 Fumus
1334 1556 1423 1580 autem
1443 1549 1617 1580 desolationis
1634 1558 1675 1580 est

926 1593 1025 1633 imago.
1048 1593 1123 1636 Quid
1145 1594 1229 1633 igitur
1246 1594 1298 1624 hoc
1315 1595 1375 1624 est?
1393 1595 1561 1625 Praevidebat
1582 1597 1673 1636 Spiri-

925 1645 971 1668 tus
996 1646 1115 1675 sanctus,
1140 1639 1222 1674 illud,
1244 1640 1380 1676 Sanctus,
1393 1649 1523 1679 sanctus,
1541 1649 1670 1677 sanctus,

927 1684 1030 1714 mundo
1049 1695 1106 1715 esse
1124 1685 1323 1722 concinnatum,
1335 1687 1517 1726 praedicationi
1536 1688 1673 1728 apostolo-

927 1741 1000 1767 rum,
1012 1737 1038 1760 et
1053 1731 1185 1771 templum
1202 1731 1360 1762 Judaeorum
1376 1742 1429 1762 non
1449 1732 1520 1763 illud
1539 1734 1670 1775 accipere.

926 1776 999 1806 Dicit
1018 1787 1082 1817 ergo
1099 1783 1161 1817 post
1176 1777 1393 1817 praedicationem
1413 1779 1545 1819 evangelii
1564 1779 1673 1811 desola-

925 1823 998 1852 tione
1010 1829 1035 1852 et
1048 1823 1123 1852 fumo
1137 1822 1295 1863 replendam
1311 1835 1368 1854 esse
1380 1835 1555 1865 synogogam.
1570 1826 1674 1856 Eleva-

110 1872 191 1900 Πᾶσα
205 1870 270 1910 θύρα
293 1869 367 1900 οὐδὸν
390 1870 562 1909 ὑποκείμενον
584 1870 648 1911 ἔχει,
673 1871 718 1901 καὶ
732 1871 875 1912 ὑπέρθυρον
893 1885 913 1908 Α
928 1875 985 1898 tum
1002 1875 1107 1898 estnon
1128 1869 1236 1905 ostium,
1250 1869 1298 1899 sed
1310 1870 1526 1911 superliminare.
1544 1872 1673 1902 Animum

108 1916 274 1956 ἐπικείμενον
288 1920 346 1950 ταῖς
359 1917 525 1956 παραστάσι·
541 1916 587 1946 καὶ
601 1917 660 1947 οὔτε
675 1920 769 1954 σιῆναι
783 1918 876 1948 δύναν-

107 1975 152 1992 ται
164 1963 332 2003 παραστάδες
352 1962 390 2001 μὴ
405 1962 513 2002 ἔχουσαι
528 1963 614 2000 οὐδὸν,
629 1963 688 1993 οὐδὲ
702 1966 877 2005 στηριχθῆναι

108 2008 248 2038 ἂσάλευτοι
257 2008 380 2038 δύνανται
387 2008 424 2047 μὴ
431 2009 563 2038 λαὸοῦσαι
573 2009 603 2038 τὸ
613 2009 768 2051 ὑπέρθυρον.
778 2011 877 2052 Ἐπήρ-

108 2057 140 2091 θη
154 2050 199 2084 οὖν
210 2057 258 2091 τῆς
269 2057 423 2095 συναγωγῆς
440 2055 470 2084 τὸ
489 2054 543 2084 ἄνω
561 2056 671 2096 σχῆμα·
692 2058 742 2097 οὔχ
758 2057 807 2093 ὅλη
828 2058 876 2097 μὲν

106 2102 124 2136 ἡ
139 2100 295 2140 συναγωγὴ,
309 2099 388 2140 θύρας
411 2100 459 2139 μὲν
479 2101 595 2141 ἔχουσα,
610 2101 754 2143 ὑπέρθυρον
777 2103 804 2133 δὲ
828 2105 876 2133 οὐκ

107 2146 216 2186 ἔχουσα.
233 2146 274 2175 Τὸ
288 2146 432 2186 ὓπέρθυρόν
454 2148 524 2176 ἐστιν
538 2150 555 2183 ἡ
574 2147 627 2177 ἄνω
646 2151 779 2188 κρατοῦσα
799 2149 875 2179 δύνα-

110 2203 163 2230 μις.
175 2191 296 2230 Ἐπήρθη
313 2192 344 2221 τὸ
362 2192 515 2233 ὑπέρθυρον,
530 2194 668 2232 ἐγυμνώθη
686 2196 734 2230 τῆς
755 2195 873 2235 χάριτος.

108 2235 164 2276 Ἀφ’
179 2232 209 2265 οὗ
221 2236 249 2266 δὲ
262 2236 293 2265 τὸ
306 2236 448 2277 ὖπέρθυρον
472 2238 573 2278 ἐπήρθη
582 2260 590 2275 ,
610 2239 711 2279 ἀνάγκη
726 2240 773 2274 τὰς
787 2242 879 2280 παρα-’

109 2282 207 2316 στάδας
220 2281 266 2312 καὶ
279 2282 330 2312 ὑπὸ
341 2284 389 2318 τῆς
401 2283 532 2323 τυχούσης
542 2285 631 2325 χειρὸς
644 2285 808 2316 σαλεύεσθαι.
823 2286 875 2316 Διὰ

107 2332 185 2359 τοῦτο
195 2334 269 2359 πᾶσα
279 2330 338 2370 χεὶρ
352 2330 457 2359 σαλεύει
467 2330 501 2359 τὰ
512 2332 654 2362 Ἰουδαϊκοί.
667 2333 720 2362 Καὶ
734 2333 777 2363 διὰ
798 2337 875 2364 τοῦτο

108 2375 245 2416 προφήτης
264 2387 304 2409 τις
324 2375 413 2415 ἔλεγεΙ
430 2376 483 2405 Καὶ
501 2377 573 2412 θήσω
590 2377 639 2414 τὴν
653 2378 826 2419 Ἰερουσαλὴμ
839 2382 874 2415 ὡς
891 2388 909 2411 Β

108 2421 226 2461 πρόθυρα
239 2421 410 2460 σαλευόμενα.
425 2421 478 2451 Καὶ
491 2424 505 2451 ὁ
525 2417 610 2460 οἶκος,
631 2424 719 2463 φησὶν,
733 2426 873 2466 ἐπληρώθη

109 2470 218 2496 καπνοῦ.
233 2467 286 2496 Καὶ
305 2470 356 2496 ποῦ
374 2471 391 2503 ἡ
407 2467 468 2502 δόξα
487 2469 605 2505 ἄπῆλθε;
629 2469 764 2511 Πρόσεχε,
789 2484 876 2513 παρα-

110 2513 193 2541 καλῶ.
210 2512 289 2552 Λέγει
302 2512 430 2550 Ἡσαΐας,
448 2514 501 2544 Καὶ
519 2515 624 2554 πλήρης
635 2518 682 2552 τῆς
694 2517 768 2553 δόξης
781 2519 795 2547 6
806 2514 876 2553 οἶκος

111 2558 190 2586 αὐτοῦ
199 2568 207 2575 ·
221 2553 277 2587 εἶτα
290 2557 376 2598 λέγει,
391 2558 431 2588 ὅτι
450 2559 591 2596 Ἐπλήσθη
606 2565 715 2592 καπνοῦ.
734 2564 876 2594 Εἰσελθόν-

111 2613 154 2635 τος
165 2602 249 2631 τοίνυν
260 2605 305 2632 τοῦ
320 2607 420 2633 καπνοῦ
431 2628 439 2642 ,
452 2605 553 2645 ἀνάγκη
567 2608 584 2642 ἡ
597 2606 656 2641 δόξα
671 2608 808 2646 μετετέθη.
825 2611 878 2640 Καὶ

926 1914 1036 1944 adhibe.
1050 1915 1147 1945 Omnis
1162 1916 1245 1955 janua
1259 1915 1348 1945 solum
1361 1916 1527 1946 substratum
1539 1917 1630 1955 habet,
1646 1926 1673 1948 et

928 1961 1133 2003 superliminare
1146 1961 1302 2003 impositum
1322 1963 1462 2003 parastatis
1478 1976 1486 1993 ι
1503 1974 1588 2003 neque
1606 1976 1673 2005 pos-

926 2014 988 2036 sunt
1005 2013 1145 2047 parastatae
1162 2014 1242 2046 stare,
1259 2008 1312 2037 nisi
1330 2009 1418 2038 solum
1436 2009 1567 2049 habeant3
1587 2021 1673 2050 neque

926 2056 1029 2086 firmari
1046 2055 1216 2094 immotaeque
1235 2065 1291 2084 esse
1315 2062 1438 2095 possunt,
1460 2056 1514 2086 nisi
1540 2058 1673 2098 accipiant

927 2101 1139 2142 superliminare.
1160 2101 1272 2131 Elevata
1294 2108 1333 2131 est
1352 2112 1416 2141 ergo
1434 2113 1576 2143 synagogae
1596 2115 1673 2143 supe-

927 2147 983 2177 rior
993 2147 1078 2176 forma
1094 2159 1101 2176 ε
1116 2156 1169 2176 non
1181 2153 1237 2176 tota
1250 2147 1359 2186 quidem
1372 2158 1518 2189 synagoga,
1533 2161 1593 2189 quae
1606 2162 1673 2190 por-

929 2199 970 2222 tas
996 2191 1106 2230 quidem
1132 2192 1224 2229 habet,
1250 2192 1456 2232 superliminare
1485 2201 1575 2225 autem
1606 2196 1673 2225 nul-

929 2240 997 2269 lum.
1013 2238 1223 2279 Superliminare
1234 2249 1315 2279 porro
1329 2246 1368 2269 est
1379 2240 1465 2270 virtus
1477 2251 1592 2281 superne
1605 2253 1672 2271 con—

927 2286 1025 2316 tinens.
1040 2285 1185 2316 Elevatum
1200 2292 1239 2315 est
1259 2285 1478 2326 superliminare,
1490 2286 1621 2316 nudatum
1634 2295 1673 2317 est

927 2333 1021 2372 gratia.
1037 2332 1082 2362 Ex
1093 2342 1147 2370 quo
1162 2338 1252 2361 autem
1262 2331 1469 2372 superliminare
1480 2332 1613 2362 elevatum
1621 2340 1670 2370 est,

933 2378 1110 2409 necessarium
1134 2378 1186 2407 fuit
1211 2384 1357 2418 parastatas
1389 2378 1433 2408 vel
1453 2388 1468 2406 a
1487 2378 1572 2407 debili
1591 2389 1671 2408 maun

928 2427 1101 2458 commoveri.
1120 2425 1185 2456 Ideo
1203 2426 1306 2465 quaevis
1318 2436 1413 2455 manus
1425 2426 1443 2455 J
1445 2425 1538 2454 uda'ica
1550 2436 1673 2456 commo—

929 2480 973 2505 vet
988 2486 995 2503 ι
1011 2472 1112 2503 idcirco
1133 2472 1263 2512 propheta
1282 2470 1392 2509 quidam
1411 2470 1516 2499 dicebat
1531 2484 1537 2499 :
1551 2473 1594 2501 Et
1616 2483 1672 2512 po-
1683 2487 1824 2511 zfflhdm,

931 2529 999 2549 nam
1021 2519 1187 2548 Jerusalem
1206 2524 1239 2547 ut
1259 2516 1408 2545 vestibula
1428 2527 1492 2554 quoe
1512 2525 1669 2549 moventur.

931 2567 973 2596 Et
994 2566 1098 2595 domus
1115 2565 1224 2604 repleta
1241 2569 1284 2592 est
1296 2562 1395 2603 sumo.
1414 2562 1450 2591 Et
1468 2573 1585 2601 quonam
1607 2566 1674 2596 abiit

932 2612 1039 2652 gloria?
1058 2610 1182 2648 Attende,
1201 2619 1300 2648 quaeso.
1321 2608 1393 2638 Dicit
1411 2608 1504 2646 haias,
1523 2611 1564 2639 Et
1581 2612 1672 2651 plena
