1890 2826
0 1827 25 1859 [Σ
39 1826 100 1852 add.

786 182 819 210 ln
841 182 1031 210 DAMELEM.

137 250 184 290 τῆς
206 249 326 287 ἁλώσεως
351 255 482 293 ἀριθμεῖν,
503 245 565 281 ἀλλ’
590 252 621 280 ἐκ
643 252 690 286 τῆς
715 247 899 288 αἰχμαλωσίας

136 301 198 333 ἴσως
216 301 262 328 τοῧ
285 299 402 339 Ἰσραήλ.
422 298 576 339 Ἐρήμωσιν
600 296 652 336 γὰρ
674 295 781 327 εἰκότως
803 294 835 323 ἄν
859 305 898 326 τις

135 344 203 375 εἴποι
220 345 395 385 Ἰερουσαλὴμ
407 344 453 374 καὶ
468 343 528 385 τοὺς
543 343 685 382 πολέμους.
701 341 775 382 Ὅρα
795 339 898 370 καὶτὸν

134 391 244 430 ἀριθμὸν
263 391 433 421 σαὸὅατικόν.
454 390 562 430 Ὥσπερ
582 389 634 429 γὰρ
656 388 714 419 τότε
740 386 899 427 τετρακόσια
914 390 934 413 E

1623 171 1692 208 285

951 253 998 287 pta
1009 256 1165 283 numerare,
1179 245 1225 275 sed
1237 245 1304 276 sorte
1313 257 1327 276 a
1337 245 1490 287 captivitate
1500 246 1615 277 Israelis.
1627 247 1645 277 J
1647 256 1694 276 ure

950 293 1023 322 enim
1048 291 1238 322 desolationem
1266 293 1327 332 quis
1353 292 1490 323 vocaverit
1519 295 1693 335 Jerosolymae

951 339 1031 368 etiam
1044 338 1127 368 bella.
1141 338 1214 369 Vide
1223 346 1249 368 et
1262 349 1407 383 numerum
1430 339 1608 370 sabbaticum.
1623 342 1691 371 Nam
1701 365 1774 388 Exod
1797 372 1822 388 η

950 384 1019 414 sicut
1032 384 1177 423 aliquando
1186 383 1395 425 quadringentos
1405 391 1432 415 et
1442 384 1553 424 triginta
1571 396 1653 416 annos
1665 387 1692 416 in
1701 396 1741 428 40.
1776 382 1780 387 ”
1828 381 1835 387 ’

132 436 273 476 τριάκοντα
294 437 339 467 καὶ
357 437 478 467 διακόσια
499 436 641 466 δεκαπέντε
661 434 794 470 ἐποίησεν,
816 432 898 466 οὕτως
907 430 1080 477 mducentos
1093 437 1119 460 et
1136 430 1290 470 quindecim
1303 430 1428 468 mutavit,
1447 430 1483 460 ita
1497 438 1563 471 puto
1573 439 1599 462 et
1621 444 1693 464 nunc

133 478 206 520 οἶμαι
217 482 262 512 καὶ
275 485 321 513 νῦν
334 483 436 513 ἐλάττω
451 478 526 513 εἶναι.
538 482 607 522 Περὶ
625 477 654 511 οὗ
677 480 787 520 ἐγενήθη
796 502 804 516 ,
818 478 898 519 φησὶ,
914 484 936 508 Δ

132 527 208 568 λόγος
218 528 283 569 πρὸς
293 529 424 569 Ἱερεμίαν
434 529 479 559 τὸν
492 528 642 570 προφήτην,
657 529 694 561 εἷς
707 525 900 566 συμπλήρωσιν

133 573 291 613 ἐρημώσεως
300 575 474 616 Ἰερουσαλὴμ
485 574 667 614 ἑὸδομήκοντα
680 573 737 608 ἔτη.
749 571 803 602 Καὶ
813 571 900 601 ἔδωκα

133 619 164 649 τὸ
175 619 316 660 πρόσωπόν
331 632 381 660 μου
402 621 468 661 πρὸς
481 621 578 660 Κύριον
592 620 637 650 τὸν
652 619 731 655 Θεὸν,
751 620 797 647 τοῦ
819 619 899 654 ἐκζη-

132 661 212 701 τῆσαῖ
222 665 373 707 προσευχὴν
391 667 436 696 καὶ
452 666 542 703 δέησιν
555 667 582 696 ἐν
596 665 728 702 νηστείαις
748 663 794 694 καὶ
807 663 899 704 σάκκῳ

132 711 177 741 καὶ
194 713 295 752 σποδῷ.
314 712 388 753 Ὅρα
407 712 552 743 εὖλάὸειαν.
573 712 627 742 Καὶ
645 712 746 749 ἔδωκα,
766 710 844 751 φησὶ,
868 709 899 739 τὸ

131 757 272 797 πρόσωπόν
286 768 348 797 μου.
368 758 514 797 Toxotio-n,
529 758 748 799 κατῃσχυμμὲνος
760 757 833 796 ἤμην
847 756 899 797 πρὸ

132 802 224 833 τούτου
234 825 242 840 ,
256 804 308 844 πρὸ
320 807 368 841 τ’ἥς
380 804 563 838 ταπεινώσεως
572 816 579 823 ·
594 806 639 833 νῦν
653 803 680 833 δὲ
699 802 826 838 Ἐδωκα,
841 802 898 832 ἀντὶ

133 852 179 879 τοῦ
199 850 343 889 ἐτόλμησα.
362 852 396 881 Εἰ
415 852 443 881 δὲ
461 850 629 892 ὀφειλόμενον
655 850 769 891 ἀπῄτει,
797 851 845 880 οῦκ
867 849 898 879 ἂν

132 895 216 936 ἔλεγε,
229 896 338 927 Ἔδωκα
351 898 382 928 τὸ
394 897 534 938 πρόσωπόν
547 907 598 937 μου
609 920 618 935 ,
635 899 671 931 ὡς
681 897 724 927 ἐπὶ
735 908 898 937 παρακεκιν-

131 943 278 983 δυνευμένῳ
290 942 436 983 πράγματι.
448 944 483 974 Εἰ
491 943 558 984 ὑπὲρ
571 943 658 973 ἄλλων
670 942 787 983 τοσαύτῃ
800 943 899 983 χρῆται

132 989 243 1029 σπουδῇ,
259 990 282 1018 εἰ
293 990 450 1024 ’τοσαύταις
463 989 603 1020 ἀπολαύων
616 989 662 1020 καὶ
674 989 748 1029 παρὰ
763 992 810 1019 τοῦ
827 989 898 1019 Θεοῦ
915 991 934 1015 Β

131 1033 176 1063 καὶ
188 1034 262 1075 παρὰ
272 1038 318 1065 τοῦ
333 1035 462 1075 βασιλέως
476 1035 596 1071 εὖνοίαις,
607 1036 655 1065 οῦκ
665 1035 722 1075 ἔχει
732 1034 791 1065 τινὰ
805 1034 898 1070 αἴσθη-

131 1092 173 1110 σιν
185 1083 239 1110 τῶν
252 1081 426 1121 πραγμάτων,
441 1081 500 1111 ἀλλ’
510 1083 547 1115 ὡς
556 1082 632 1115 αὐτὸς
643 1081 679 1110 ὢν
693 1082 720 1110 ἐν
731 1084 786 1114 τοῖς
798 1081 899 1115 δεινοῖς,

132 1127 218 1155 αὗτῶν
231 1129 284 1156 τῶν
297 1127 377 1157 ὄντων
391 1128 492 1167 μᾶλλον
504 1126 640 1157 ἐδάκνετο·
654 1129 711 1159 πῶς
721 1125 752 1155 ἄν
767 1136 806 1159 τις
820 1124 898 1156 αὐτὸν

131 1173 190 1200 κατ’
204 1171 278 1206 ἀξίαν
293 1173 468 1212 θαυμάσειεν;
482 1173 554 1213 “opu
567 1173 594 1202 δὲ
606 1173 651 1203 καὶ
663 1171 731 1212 μετὰ
742 1172 790 1206 τὰς
798 1172 898 1213 θλίψεις

132 1217 233 1251 ἐκείνας
245 1219 275 1248 οὖ
289 1220 434 1259 θαρῤοῢντα
445 1219 608 1260 προσελθεῖν,
618 1218 667 1253 ἕως
680 1214 732 1248 εἶδε
746 1218 790 1249 τὸν
804 1218 898 1259 χρόνον

130 1263 310 1304 πληρωθέντα.
333 1265 391 1294 Ποῦ·
407 1264 492 1295 τοίνυν
509 1264 651 1304 κεισόμιθα
668 1264 760 1294 λοιπὸν
779 1267 856 1304 ἡμεῖς
873 1265 898 1294 οἵ

131 1309 229 1347 ἄθλιοι;
243 1310 279 1339 Τί
288 1310 382 1350 λέγεις,
393 1305 415 1340 ὦ
426 1310 541 1349 Δανιήλ;
554 1312 582 1341 ἐν
596 1311 701 1351 ἀγαθοῖς
714 1305 740 1340 εἷ
752 1310 784 1341 σὺ
792 1332 800 1347 ,
817 1313 898 1350 τιμῆς

131 1355 272 1389 ἀπολαύεις
288 1355 362 1397 παρὰ
374 1357 445 1387 Θεοῦ·
453 1378 462 1392 ,
475 1356 548 1396 παρὰ
560 1357 704 1397 ἀνθρώπων
713 1368 719 1376 ·
733 1356 760 1386 τί
773 1367 814 1387 σοι
828 1356 895 1396 μέλ-

130 1402 172 1430 λει
194 1402 227 1438 (l.
250 1402 337 1442 μέλει)
353 1402 415 1443 περὶ
432 1405 486 1433 τῶν
505 1402 606 1440 ἄλλων,
623 1402 704 1433 Οὕτω
716 1402 761 1433 καὶ
779 1404 897 1439 Μωῦσῆς

128 1447 220 1478 ἐποίει.
241 1447 294 1478 Καὶ
316 1448 344 1478 τί
364 1461 450 1490 φησι;
471 1449 519 1480 Ἐν
536 1449 669 1486 νηστείαις
681 1449 726 1480 καὶ
740 1449 832 1490 σάκκῳ
851 1448 896 1479 καὶ
912 1447 932 1471 C

129 1494 220 1534 σποδῷ
233 1494 268 1524 τὰ
280 1495 437 1535 ὀφειλόμενα
451 1497 579 1527 ἀπαιτῶν.
593 1496 630 1526 Τί
642 1496 703 1537 γὰρ,
717 1497 740 1525 εἷ
753 1496 880 1537 ὠφείλετο
885 1507 895 1534 ;

129 1539 242 1576 Μήποτε
258 1540 304 1570 καὶ
322 1541 415 1571 τούτου
434 1541 553 1576 ἀναξίως
575 1541 683 1575 ἑαυτοὺς
701 1542 837 1579 ἐποίησαν.
855 1543 896 1572 Οὔ

128 1585 178 1625 γάρ
198 1587 268 1616 ἐστιν
279 1587 381 1627 ἀνάγκη
393 1587 467 1627 παρὰ
483 1589 546 1628 Θεῷ
556 1599 563 1607 ·
580 1588 709 1628 ἀνώτερος
729 1588 816 1627 νόμων
830 1588 896 1618 ἐστί.

129 1631 156 1659 Τ
156 1633 185 1660 οῦ
203 1631 331 1669 ζητῆσαι,
345 1633 425 1673 φησὶ,
438 1633 589 1674 προσευχὴν
602 1634 648 1664 καὶ
667 1634 765 1671 δέησιν.
784 1634 896 1674 Πρῶτον

128 1678 206 1706 τοῦτο
227 1679 354 1714 ἐπιζητεῖ.
379 1679 414 1708 Εἰ
436 1678 572 1719 ἐπιτρέπει
592 1691 652 1718 μοι,
674 1679 756 1720 φησὶ,
773 1679 897 1713 εὔξασθαι

129 1723 195 1764 ὑπὲρ
209 1725 294 1754 αὐτῶν
308 1734 315 1742 ·
333 1724 423 1761 ἐπειδὴ
437 1725 549 1761 ἤκουσεν
560 1724 688 1765 Ἱερεμίου
699 1726 777 1755 τοῦτο
791 1724 897 1755 ἀκούον-

127 1781 172 1803 τος
181 1792 189 1806 ,
203 1770 244 1800 ὅτι
255 1769 303 1806 Μὴ
315 1771 463 1811 προσεύχου
474 1770 541 1810 ὑπὲρ
551 1773 597 1801 τοῦ
610 1772 676 1801 λαοῦ
687 1770 789 1809 τούτου,
799 1770 844 1800 καὶ
857 1769 895 1810 μὴ

128 1816 199 1851 ἀξίου
211 1816 277 1857 ὑπὲρ
288 1818 383 1847 αὗτῶν.
394 1817 487 1858 Ἐχων
498 1818 512 1834 *
520 1817 573 1847 ἀπὸ
581 1819 629 1853 τῆς
642 1817 834 1858 αἰχμαλωσίας,
847 1817 896 1854 τὴν

128 1862 181 1891 ἀπὸ
200 1864 252 1892 τῶν
273 1862 374 1903 χρόνων
399 1863 563 1904 συμμαχίαν,
585 1863 634 1899 τὴν
656 1863 709 1893 ἀπὸ
731 1865 778 1900 τῆς
798 1863 895 1897 οἰκείας

128 1910 236 1949 ἀρετῆς,
248 1910 350 1939 καὶτοῦ
365 1909 446 1950 μυρία
464 1912 566 1945 παθεῖν,
585 1909 689 1939 οὐδέπω
707 1911 810 1950 θαρῤεἶ,
827 1908 895 1940 ἀλλὰ

126 1956 223 1996 τέφραν
242 1955 478 1997 ὖποστρωσᾶμενος
499 1955 545 1986 καὶ
569 1955 676 1992 σάκκον,
702 1955 784 1990 οὕτως
802 1956 894 1986 ἐδεῖτο.
910 1961 930 1986 D

127 2002 164 2031 Τί
171 2001 317 2041 ποιήσομεν
335 2005 412 2042 ἡμεῖς
419 2002 443 2031 οἶ
455 2001 597 2041 ἀνεῦγητοι
606 2014 614 2039 3
624 2001 725 2031 Τοῦτον
734 2004 805 2041 ἡμᾶς
814 2002 896 2043 ἐχρῆν

130 2051 276 2087 μιμεῖσθαι.
291 2047 350 2078 Ἵνα
363 2047 414 2089 γὰρ
435 2048 473 2087 μή
486 2060 526 2081 τις
545 2047 625 2088 λέγῃ,
638 2048 679 2077 ὅτι
701 2047 743 2077 διὰ
760 2047 852 2077 πενίαν
870 2047 894 2076 οἱ

130 2093 217 2123 λοιποὶ
237 2095 370 2135 προφῆται
387 2097 471 2124 ταῦτα
490 2094 610 2124 ἐποίουν·
623 2094 637 2123 ὁ
651 2093 768 2133 μάλιστα
787 2093 893 2123 πάντων

129 2138 194 2178 πρὸς
211 2139 367 2179 ἀξιωμάτων
387 2140 495 2180 μέγεθος
517 2140 654 2180 ἀναχθεὶς,
679 2135 753 2174 οἶτος
777 2139 894 2179 μάλιστα

126 2184 232 2214 πάντων
244 2189 421 2216 ταπεινοῦται.
432 2186 485 2216 Καὶ
496 2186 549 2216 ἀπὸ
563 2189 608 2216 τοῦ
623 2185 773 2226 σπέρματος
784 2187 831 2221 τῆς
845 2187 894 2225 βα-

127 2231 227 2265 σιλείας
240 2228 283 2268 ἦν,
296 2232 342 2262 καὶ
356 2233 487 2264 τοσούτων
500 2233 658 2263 ἀπέλαυσεν.
673 2233 754 2262 Οὕτω
771 2233 810 2261 δεῖ
828 2243 892 2261 πεν-

127 2280 180 2306 θεῖν
193 2277 226 2306 τὰ
240 2279 323 2308 οἰκεῖα
336 2279 420 2316 δεινὰ,
434 2279 503 2308 οὕτω
521 2281 572 2308 τῶν
594 2280 680 2318 μελῶν
694 2277 827 2318 φείδεσθαι
839 2279 892 2306 τῶν

127 2324 240 2353 οἰκείων.
251 2325 338 2354 Τοῦτο
350 2325 500 2364 συμπάθεια
512 2326 566 2354 τῶν
582 2326 732 2365 προφητῶν.
746 2323 820 2363 εὈρα
832 2322 892 2352 ταύ-

126 2383 159 2410 τῃ
171 2371 287 2410 μάλιστα
301 2371 514 2412 θαυμασιώτερον
527 2371 597 2401 ὄντα.
610 2372 728 2405 Μωῦσῆς
740 2370 827 2409 ἔλεγεν
837 2381 844 2388 ·
857 2370 891 2399 Εἰ

127 2416 175 2455 μὲν
195 2418 263 2457 ἀφῇς
284 2417 390 2456 αὐτοῖς,
408 2417 466 2447 ἐπεὶ
486 2417 555 2456 κάμὲ
576 2416 712 2456 {gestet-{³0⁹
731 2416 762 2445 ἐκ
780 2417 827 2451 τῆς
847 2414 891 2454 ffl-
909 2421 929 2445 Β

126 2513 268 2546 vergebant.
277 2514 373 2540 Locum
383 2513 464 2539 Exodi
477 2514 517 2543 ⁴2,
528 2514 569 2543 40,
580 2511 660 2543 aliter,
674 2520 703 2537 ac
714 2519 768 2536 mea
779 2510 879 2545 quidem

125 2554 248 2579 sententia
259 2553 331 2588 longe
342 2551 499 2579 commodius
511 2559 629 2584 accepere
644 2559 705 2582 mxx,
721 2560 751 2576 ac
769 2556 827 2584 post
838 2558 880 2576 eos

126 2592 262 2625 Joseplius,
276 2591 395 2618 Eusebius
403 2613 410 2625 ,
423 2592 528 2617 Severus
537 2611 543 2622 ,
556 2590 712 2624 Augustinus.

949 488 1032 508 annos
1044 478 1184 518 panciores
1194 488 1260 507 esse.
1274 479 1322 508 De
1336 488 1394 518 quo
1415 478 1515 517 faetus
1526 485 1581 515 est,
1593 479 1692 519 inquit,

949 525 1092 554 ser-moad
1100 525 1124 554 J
1123 526 1260 554 eremium
1266 525 1450 565 prophetam,
1463 526 1495 555 in
1506 526 1695 566 complemen-

950 577 1014 601 tum
1020 572 1210 601 desolacionis
1214 572 1237 601 J
1237 571 1333 601 erosol
1328 582 1412 609 ymoe
1419 575 1603 613 septuaginta
1610 577 1692 604 anni.

950 619 993 647 Et
1004 617 1189 658 dedi-faciem
1205 627 1301 647 meam
1314 618 1355 647 ad
1371 619 1530 648 Dominum
1542 619 1649 660 Deum,
1661 625 1694 650 tlt

951 666 1131 705 exquirerem
1145 665 1307 693 orationem
1317 670 1346 694 et
1359 665 1592 704 deprecationem
1602 668 1635 695 ἰη
1653 669 1694 707 je-

946 713 1039 749 iuniis
1055 718 1084 753 et
1103 720 1189 740 sacco
1200 717 1228 739 et
1242 712 1347 740 cinere.
1364 711 1450 740 Cerne
1463 710 1619 750 religionem
1630 719 1694 752 pro-¹

949 757 1046 798 phetae.
1059 758 1088 786 E
1091 764 1101 787 t
1115 757 1192 793 dedi,
1211 756 1430 798 inquit,saciem
1453 766 1556 786 meam.
1570 757 1628 787 Hoc
1641 765 1692 796 est,

949 803 1060 833 Rubore
1075 803 1194 834 suffusus
1205 812 1276 832 eram
1287 809 1374 839 antea,
1382 812 1478 842 nempe
1492 809 1552 832 ante
1563 802 1693 833 humilia-

949 850 1049 880 tionem
1064 860 1071 878 :
1085 859 1156 879 nunc
1166 859 1230 879 vero
1239 849 1326 886 Dedi,
1335 847 1366 878 id
1373 855 1423 886 est,
1437 849 1526 878 Ausus
1535 849 1692 887 sum.Quod

949 892 973 925 si
992 906 1050 925 rem
1069 895 1188 925 debitam
1209 895 1379 935 postulasset,
1404 904 1466 924 sane
1490 905 1543 924 non
1567 895 1691 935 dixisset,

950 943 1030 972 Dedi
1036 942 1154 983 faciem
1176 951 1282 979 meam,
1308 940 1385 980 quasi
1410 940 1438 969 in
1453 941 1522 970 facto
1540 942 1692 981 periculose

950 994 1083 1028 suseepto.
1097 987 1127 1017 Si
1141 996 1190 1027 pro
1203 986 1265 1016 aliis
1280 993 1353 1016 tanto
1368 986 1455 1015 utitur
1469 985 1571 1024 studio,
1587 987 1609 1017 si
1619 995 1691 1019 tanta

950 1045 1012 1064 cum
1017 1034 1150 1064 frueretur
1161 1040 1214 1063 tam
1221 1032 1295 1073 apud
1304 1034 1404 1070 Deum,
1415 1043 1496 1072 quam
1501 1033 1575 1074 apud
1588 1045 1689 1075 regem,

950 1079 1145 1116 benevolentia,
1160 1078 1258 1108 harum
1266 1085 1354 1108 tamen
1364 1088 1456 1108 rerum
1465 1079 1572 1110 nullum
1581 1091 1691 1111 sensum

951 1125 1041 1164 habet,
1056 1125 1104 1155 sed
1119 1124 1196 1164 quasi
1219 1124 1277 1168 ipse
1289 1124 1318 1153 in
1339 1124 1418 1155 malis
1430 1133 1593 1165 versaretur,
1606 1127 1691 1168 magis

949 1172 1089 1202 mordetur
1100 1182 1132 1201 ae
1144 1171 1256 1200 moleste
1264 1170 1326 1208 fert,
1340 1181 1422 1210 quam
1435 1171 1459 1200 iis
1468 1171 1516 1210 qui
1527 1172 1562 1201 ab
1572 1182 1604 1202 ea
1617 1173 1691 1203 cala-

949 1218 1042 1247 mitate
1061 1224 1136 1247 erant
1157 1215 1296 1257 oppressi:
1308 1215 1445 1255 quomodo
1457 1217 1519 1256 quis
1532 1227 1594 1248 eum
1610 1218 1692 1258 digne

949 1263 1081 1294 miretur?
1095 1262 1171 1295 Vide
1182 1268 1282 1299 autem,
1293 1267 1324 1290 ut
1337 1262 1418 1291 etiam
1431 1270 1491 1303 post
1503 1263 1564 1293 illas
1572 1264 1691 1295 afflictio-

947 1319 1006 1347 nes,
1019 1319 1073 1338 non
1086 1319 1168 1338 ausus
1187 1308 1223 1338 sit
1232 1306 1370 1346 accedere,
1390 1308 1476 1348 donec
1495 1309 1566 1340 vidit
1585 1317 1691 1351 tempus

947 1366 1004 1385 esse
1027 1355 1200 1395 completum.
1216 1353 1272 1384 Ubi
1284 1363 1349 1394 ergo
1358 1353 1540 1385 desidebimus
1552 1355 1689 1397 deinceps,

947 1413 997 1434 nos
1009 1403 1121 1433 miseri?
1133 1401 1208 1440 Quid
1221 1401 1271 1440 ais,
1290 1412 1307 1431 ο
1330 1402 1449 1433 Daniel?
1467 1404 1496 1433 in
1510 1405 1646 1445 prosperis
1660 1412 1689 1435 tu

947 1460 989 1482 es;
1015 1449 1145 1480 honorem
1166 1448 1249 1479 habes
1269 1459 1285 1478 a
1310 1450 1381 1486 Deo,
1402 1456 1429 1479 et
1454 1451 1490 1480 ab
1510 1451 1667 1481 hominibus
1679 1464 1688 1482 ε

947 1496 1014 1536 quid
1025 1497 1076 1526 tibi
1089 1507 1160 1526 curae
1173 1503 1213 1526 est
1231 1495 1266 1526 de
1276 1495 1377 1526 caeteris
1385 1496 1400 1525 Ρ
1412 1496 1458 1527 Sic
1469 1503 1495 1527 et
1505 1499 1614 1538 Moyses
1627 1508 1689 1538 age-

946 1543 1004 1573 bat.
1016 1544 1054 1574 Et
1068 1542 1135 1582 quid
1145 1542 1252 1573 ait?1n
1260 1543 1384 1583 jejuniis
1393 1547 1422 1572 et
1442 1552 1527 1573 sacco
1541 1548 1570 1574 et
1581 1545 1689 1583 cinere,

946 1589 1036 1619 debita
1068 1589 1186 1629 exigens.
1210 1588 1287 1626 Quid
1311 1587 1393 1626 enim,
1417 1589 1440 1618 si
1466 1588 1634 1620 debebatur?
1649 1592 1691 1621 Ne

946 1636 1014 1665 sorte
1024 1635 1113 1666 Judaei
1125 1645 1153 1664 se
1160 1635 1212 1665 hoc
1218 1645 1326 1674 quoque
1332 1634 1458 1674 indignos
1466 1635 1598 1666 fecissent.
1607 1637 1690 1677 Apud

947 1682 1035 1711 Deum
1046 1681 1148 1721 quippe
1158 1690 1211 1709 non
1223 1687 1263 1709 est
1271 1679 1412 1710 necessitas
1429 1690 1436 1707 ε
1449 1681 1572 1721 superior
1583 1682 1690 1722 legibus

946 1733 996 1756 est.
1014 1727 1054 1756 Ut
1066 1736 1235 1766 quaererem,
1251 1725 1349 1764 inquit,
1370 1728 1532 1756 orationem
1546 1734 1575 1757 et
1588 1729 1689 1768 depre-

946 1775 1102 1803 cationem.
1117 1772 1150 1802 Id
1163 1772 1282 1812 primum
1292 1771 1388 1811 poscit.
1402 1771 1432 1802 Si
1451 1773 1588 1812 permittat
1606 1774 1686 1812 mihi,

945 1819 1045 1858 inquit,
1059 1829 1110 1859 pro
1128 1818 1186 1848 illis
1204 1828 1299 1847 orare:
1315 1818 1442 1856 quoniam
1464 1818 1586 1849 audierat
1610 1814 1688 1850 Jere-

945 1865 1029 1894 miam
1039 1865 1088 1894 ista
1102 1864 1185 1894 verba
1194 1874 1210 1893 a
1221 1863 1339 1893 Domino
1351 1863 1490 1894 retulisse:
1501 1865 1548 1894 Ne
1561 1875 1624 1895 ores
1633 1877 1686 1906 pro
1695 1893 1714 1914 J
1732 1901 1736 1906 1

943 1911 1051 1950 populo
1073 1912 1141 1948 isto,
1150 1916 1178 1940 et
1192 1921 1229 1940 ne
1249 1911 1377 1949 postules
1388 1921 1441 1950 pro
1451 1912 1687 1944 eis.Auxiliantur
1710 1901 1742 1915 ω’

945 1956 997 1996 ipsi
1015 1955 1166 1997 captivitas,
1184 1962 1315 1996 tempora,
1333 1957 1443 1996 propria
1461 1957 1559 1995 vinus,
1574 1965 1601 1988 et
1613 1959 1687 1998 quod

945 2003 1085 2043 innumera
1102 2012 1151 2043 pro
1163 2003 1330 2042 Deopassus
1343 2002 1397 2033 sit:
1413 2009 1439 2033 et
1457 2009 1544 2033 tamen
1564 2006 1686 2036 nondum

944 2048 1070 2087 confidit,
1094 2048 1141 2078 sed
1161 2048 1278 2078 cinerem
1295 2048 1468 2078 substernens
1480 2057 1506 2079 et
1518 2060 1636 2087 saecum,
1650 2051 1686 2081 ita

944 2095 1111 2135 precabatur.
1124 2093 1200 2132 Quid
1212 2094 1338 2124 faciemus
1352 2104 1400 2125 nos
1412 2095 1460 2135 qui
1479 2095 1625 2126 indolentia
1639 2108 1685 2127 su-

943 2152 1005 2171 mus
1029 2140 1158 2182 praediti?
1171 2140 1250 2171 Hunc
1275 2141 1395 2181 oportuit
1418 2141 1497 2171 nobis
1523 2141 1685 2172 imitandum

943 2194 1103 2225 proponere.
1115 2185 1186 2215 Nam
1198 2195 1232 2214 ne
1246 2185 1307 2224 quis
1318 2184 1400 2223 dicat,
1415 2185 1533 2225 reliquos
1541 2186 1685 2226 prophetas

944 2238 1053 2272 propter
1078 2237 1261 2271 paupertatem
1285 2231 1335 2260 ista
1362 2231 1454 2261 fecisse
1468 2243 1475 2260 ι
1502 2232 1549 2271 qui
1569 2233 1685 2262 maxime

944 2276 1065 2306 omnium
1078 2283 1186 2308 evectus
1199 2277 1285 2306 suerat
1308 2276 1342 2306 ad
1353 2277 1515 2316 dignitatum
1526 2278 1684 2317 amplitudi-

944 2333 1016 2362 nem,
1031 2322 1078 2353 ille
1090 2322 1207 2352 maxime
1221 2323 1343 2352 omnium
1356 2332 1384 2352 se
1402 2323 1540 2363 deprimit.
1554 2324 1589 2352 Et
1599 2323 1633 2352 de
1643 2334 1682 2352 sc-

944 2369 1015 2398 mine
1025 2368 1112 2409 regni,
1126 2379 1156 2398 ac
1170 2368 1203 2398 de
1214 2368 1297 2408 stirpe
1311 2368 1384 2408 regia
1397 2376 1464 2406 erat,
1473 2375 1499 2398 et
1509 2375 1547 2398 tot
1561 2374 1684 2406 tantaque

944 2414 1031 2445 fuerat
1047 2420 1238 2456 consequutus.
1258 2415 1299 2443 lta
1309 2419 1413 2454 oportet
1427 2413 1519 2452 lugere
1540 2423 1588 2442 sua
1602 2412 1683 2449 mala,

1757 1900 1779 1923 7.
1799 1894 1835 1917 16-

963 2518 973 2530 ¹
990 2508 1067 2543 [Lege
1079 2512 1196 2538 τοσαύτης.
1218 2527 1223 2533 .
1247 2527 1251 2533 .
1274 2527 1278 2533 .
1301 2529 1306 2534 .
1327 2511 1418 2538 εὐνοίας,
1431 2513 1460 2532 ut
1471 2506 1535 2531 infru
1547 2511 1614 2539 τιμῆς
1625 2510 1682 2533 ἀπο-

930 2552 1011 2582 λαύεις,
1023 2556 1049 2575 et
1060 2551 1171 2576 τοσούτων
1181 2552 1314 2575 ἀπέλαυσεν.
1327 2547 1425 2572 Proeivit
1436 2546 1535 2579 Seguar.
1548 2545 1680 2572 Animadv-

929 2589 961 2614 ad
974 2588 1070 2614 Daniel.
1082 2597 1107 2620 p.
1122 2586 1182 2619 11¹)st
