1890 2826
578 195 622 218 DE
649 194 757 218 MUNDI
785 190 979 215 CREATIONE
1005 190 1107 213 ORAT.
1136 190 1184 212 111.

94 263 146 302 ἰδίᾳ
158 261 267 299 δυνάμει
279 259 484 300 βασταζόμενος,
494 256 562 287 ἀλλὰ
573 256 635 296 θείῳ
648 255 721 295 νόμῳ
735 252 856 294 στερεού-

92 319 176 347 μενος.
188 306 272 336 Ὅταν
284 305 336 345 γὰρ
347 303 488 345 ἀπορήσω,
501 305 558 336 πῶς
571 301 598 336 ἐξ
615 301 716 331 ὑδάτων
727 303 741 330 ὁ
752 299 859 340 οὐρανὸς

89 352 239 388 πέπηκται,
250 351 312 380 Ᾰλύιι
331 362 380 390 μου
401 350 451 386 τὴν
469 349 579 390 ἀπορίαν
593 350 607 378 ὁ
622 347 750 388 μακάριος
775 345 859 375 Δαυὶδ

89 398 186 438 λέγων·
205 398 254 438 Τῷ
265 396 337 437 λόγῳ
361 396 459 436 Κυρίου
483 397 507 425 οἱ
520 394 625 435 οὖρανοὶ
648 392 856 433 ἐστερεώθησαν.

90 443 168 474 Διατί
181 443 232 483 γὰρ
245 441 460 482 ἐστερεώθησαν;
486 440 597 476 Ἐπειδὴ
612 439 665 470 ἀπὸ
675 439 786 469 ὑδάτων.
802 439 859 467 Οὖ-

89 489 183 520 δέποτε
196 489 248 529 γὰρ
259 488 290 518 τὸ
304 487 408 529 στερεὸν
420 487 543 527 λέγεται,
558 486 599 516 ὅτι
611 485 756 526 ἐστερεώθη
766 497 772 503 ·
800 483 860 513 οὐδέ

89 548 128 570 τις
148 535 255 565 δύναται
276 536 376 570 εἰπεῖν,
401 535 418 569 ἡ
436 532 522 573 πέτρα
540 532 694 572 ἐστερεώθη.
709 530 788 561 Ἄλλο
802 542 861 560 στε-

91 583 235 621 ρεωθῆναι,
262 581 327 610 ἄλλο
341 575 407 609 εἶναι
419 578 532 620 στερεόν.
558 577 706 618 Στερεωθὲν
733 576 839 616 λέγεται
850 594 903 614 ‚4⁶³

89 628 151 657 ὅταν
167 627 198 657 τὸ
225 625 389 666 ἠραιωμένον
409 625 454 655 καὶ
473 624 672 665 κεχαυνωμένον
697 626 779 663 παγῇ.
808 622 860 652 Διὰ
876 622 895 645 A

89 676 166 702 τοῦτο
176 675 190 702 ὁ
202 671 370 713 Πέτρος,ὅτε
382 671 425 701 τὸν
440 670 654 711 παραλελυμένον
667 669 756 710 ἤγειρε
765 668 861 708 ,λέγεν

88 718 193 758 Ἄνδρες
206 717 384 757 Ἰσραηλῖται,
398 715 426 745 τί
437 716 582 755 θαυμάζετε
604 715 646 745 ἐπὶ
660 718 751 752 τοῦτο,
769 714 786 750 ἢ
798 717 862 753 ἡμῖν

89 764 116 793 τί
137 763 284 800 ἀτενίζετε,
304 765 340 796 ὡς
354 764 431 802 ἡμῶν
443 762 544 802 τῇῖδίᾳ
563 761 673 800 δυνάμει
685 760 731 791 καὶ
743 761 864 800 εὖσεὸείᾳ

89 809 273 846 πεποιηκότων
290 812 336 839 τοῦ
347 812 501 848 περιπατεῖν
515 807 608 843 αὖτόν;
623 807 657 837 Ὁ
669 807 737 841 Θεὸς
749 809 801 836 τῶν
813 819 864 836 πα·

90 856 172 895 τὲρων
193 858 284 894 ἡμῶν,
299 857 313 884 ὁ
325 854 394 888 Θεὸς
414 854 534 894 Ἀὅραὰμ
546 853 591 883 καὶ
605 853 697 883 Ἰσαὰκ
715 853 760 883 καὶ
774 853 863 882 Ιακὼὸ

91 901 196 936 ἕδόξασε
215 901 260 931 τὸν
278 902 359 930 παῖδα
375 901 454 930 αὐτοῦ
468 900 586 935 Ἰησοῦν·
607 899 653 929 καὶ
664 899 708 929 ἐπὶ
725 901 759 939 τῇ
773 899 863 929 πίστει

89 950 136 977 τοῦ
148 946 274 986 ὀνόματος
296 948 375 976 αὐτοῦ
389 949 495 982 τοῦτον,
514 946 542 976 ὃν
566 948 687 986 θεωρεῖτε
697 945 743 975 καὶ
756 945 842 974 οἴδατε
853 967 861 981 ,

90 993 233 1033 ἐστερέωσε
252 993 282 1022 τὸ
294 992 376 1031 ὄνομα
391 993 484 1022 αὐτοῦ·
497 991 542 1021 τὸν
556 991 770 1031 παραλελυμένον
786 993 856 1020 ἐστε-

91 1039 196 1079 ρέωσεν.
210 1038 262 1068 Διὰ
277 1041 353 1068 τοῦτο
365 1039 414 1079 Τῷ
426 1037 497 1077 λόγῳ
513 1037 611 1076 Κυρίου
624 1038 648 1065 οἳ
661 1037 765 1076 οὐρανοὶ
787 1038 860 1066 ἐστε-

91 1084 236 1124 ρεώθησαν.
254 1084 304 1114 Ἐκ
315 1086 368 1113 τῶν
381 1086 479 1124 ἀραιῶν
491 1083 536 1113 καὶ
549 1082 741 1122 διαλελυμένων
759 1082 862 1112 ῢδάτων

89 1133 128 1170 τῷ
141 1130 212 1170 λόγῳ
229 1130 328 1170 Κυρίου
340 1131 368 1159 αἱ
380 1129 487 1169 νεφέλαι
499 1130 536 1162 εἰς
549 1128 612 1168 ὕψος
626 1128 752 1168 αἴρονται.
765 1128 862 1165 Βλέπε,

90 1177 248 1216 παρακαλῶ.
271 1174 312 1204 Τὸ
325 1174 394 1215 ὕδωρ
414 1175 445 1204 τὸ
469 1174 561 1214 πικρὸν
588 1173 796 1213 μεταὸάλλεται·
811 1174 864 1203 ἀπὸ

91 1222 226 1257 Θαλάσσης
239 1223 377 1251 ἄντλοῦσιν
391 1223 418 1250 αἱ
431 1220 552 1261 νεφέλαι,
574 1219 619 1249 καὶ
631 1219 661 1248 τὸ
676 1221 706 1248 ἐκ
717 1219 812 1259 βάθους
822 1222 865 1250 ἄν·

90 1267 184 1303 τληθὲν
199 1267 292 1307 πικρὸν
300 1290 308 1304 ,
321 1265 404 1306 γλυκὺ
417 1266 463 1295 καὶ
474 1265 585 1304 πότιμον
595 1269 724 1295 ποιοῦσιν.
737 1265 800 1295 Ἀπὸ
814 1267 863 1305 βυ-

91 1316 143 1344 θῶν
152 1316 223 1353 ἡμᾶς
242 1313 332 1353 ἤγειρε
345 1311 473 1352 Χριστὸς,
492 1311 538 1341 καὶ
548 1311 597 1348 τὴν
608 1310 715 1352 πικρίαν
728 1313 805 1350 ἡμῶν
816 1314 863 1341 οὐκ

91 1359 275 1398 ἀποτιθέμεθα.
298 1358 347 1392 Τίς
366 1359 437 1387 ἐστιν
461 1360 476 1387 ὁ
501 1357 613 1394 ποιήσας
626 1357 671 1387 τὸν
695 1357 803 1398 οὐρανὸν
818 1358 862 1387 καὶ

90 1406 139 1442 τὴν
147 1408 213 1445 γῆν;
228 1404 301 1444 Ἐγὼ
313 1404 397 1444 λέγω,
412 1403 452 1433 ὅτι
466 1406 480 1433 ὁ
494 1403 619 1443 Χριστός.
640 1403 693 1433 Καὶ
711 1403 789 1433 πόθεν
803 1406 862 1433 τοῦ·

89 1464 136 1488 τος
159 1450 224 1481 Ὅτι
237 1452 260 1480 εἰ
275 1450 312 1490 μὴ
324 1446 357 1486 ἦν
371 1449 508 1485 Δεσπότης
525 1451 578 1478 τῶν
601 1449 741 1485 ἁπάντων,
762 1451 809 1480 οὔκ
831 1449 861 1478 ἂν

92 1498 120 1526 ἐν
139 1498 178 1537 τῷ
201 1495 344 1536 εὐαγγελίῳ
372 1495 454 1525 ἐποίει
469 1495 504 1524 τὰ
530 1494 652 1533 θαύματα
674 1496 707 1524 δι’
729 1495 797 1525 ὅλων
811 1496 863 1524 τῶν

92 1541 254 1580 κτισμάτων.
273 1541 401 1577 Ἐποίησε
421 1541 472 1581 γὰρ
500 1541 533 1569 δι’
552 1539 619 1569 ὅλων
639 1541 791 1580 στοιχείων·
821 1541 864 1570 διὰ

92 1590 156 1627 γῆς,
179 1586 223 1617 διὰ
237 1587 386 1622 θαλάσσης,
408 1588 441 1616 δι’
457 1587 548 1626 ἀέρος,
573 1587 616 1616 διὰ
629 1587 724 1626 πυρός·
739 1586 782 1615 ἵνα
795 1589 864 1626 φανῇ

92 1633 198 1663 πάντων
210 1634 262 1662 τῶν
271 1632 581 1671 κτισμάτωνΔεσπότης.
594 1633 753 1668 Ἐπεισῆλθε
767 1635 805 1673 τῷ
818 1635 867 1668 τ’ῆς
883 1638 901 1661 C

93 1680 195 1720 ἡμέρας
209 1679 276 1720 φωτὶ
295 1678 389 1714 τὸτῆς
416 1678 537 1719 ἑσπέρας.
561 1679 654 1712 Ἥλιος
673 1679 790 1718 λάμπει,
821 1679 866 1709 καὶ

93 1726 188 1765 λύχνος
200 1725 336 1764 δᾳδουχεῖ·
361 1724 463 1765 ἡμέρας
481 1724 570 1759 τέλος,
597 1725 643 1754 καὶ
663 1725 755 1758 νυκτὸς
773 1726 864 1765 προοί-

95 1783 166 1811 μιον.
182 1770 261 1802 Ἀλλὰ
275 1771 323 1807 σὺ,
345 1771 407 1801 ὅταν
429 1770 485 1810 ἴδῃς
500 1770 597 1810 λύχνον
610 1770 655 1800 καὶ
674 1770 764 1808 ἥλιον,
791 1771 866 1800 εἶπέ·

95 1818 135 1854 Σή
150 1819 220 1847 ἐστιν
236 1819 253 1853 ἡ
267 1817 371 1857 ἡμέρα,
396 1817 441 1846 καὶ
462 1816 496 1852 σή
516 1818 587 1846 ἐστιν
600 1819 617 1853 ἡ
631 1817 691 1852 νύξ·
713 1817 745 1847 σὺ
766 1829 865 1857 κατηρ-

95 1864 161 1893 τίσω
173 1866 268 1903 φαῦσιν
281 1863 326 1892 καὶ
345 1862 430 1898 ἥλιον.
447 1861 518 1891 Ἀλλ’
531 1863 560 1892 οὔ
576 1863 712 1892 διακόπτει
725 1863 770 1892 τὸν
788 1863 865 1903 λόγον

95 1913 112 1946 ἡ
136 1909 272 1949 δᾳδουχία.
299 1911 346 1938 Δεῖ
359 1907 410 1948 γὰρ
429 1907 473 1937 τὸν
486 1908 560 1944 ἥλιον
576 1909 684 1949 δραμεῖν
696 1909 740 1938 ἐπὶ
753 1909 800 1945 τὴν
818 1911 867 1939 αὖ·

95 1959 142 1985 τοῦ
164 1956 283 1984 κέλευσιν
302 1954 356 1992 (Ὁ
367 1954 440 1990 ἥλιος
453 1953 504 1994 γὰρ
523 1954 590 1993 ἔγνω
602 1954 651 1991 τὴν
665 1954 737 1984 δύσιν
753 1956 866 1993 αὐτοῦ),

95 2002 138 2031 ἵνα
150 2002 239 2041 δειχθῇ
249 2022 257 2037 ,
269 2000 309 2030 ὅτι
320 1999 432 2039 Χριστὸς
445 1999 551 2029 πάντων
561 2001 614 2028 τῶν
628 2001 866 2040 δημιουργημάτων

96 2046 234 2083 Δεσπότης
261 2046 327 2076 ἐστί.
341 2046 474 2085 Κηρύττει
497 2045 544 2085 μὲν
570 2045 693 2082 Ἰωάννης
717 2050 804 2083 τοῦτο,
825 2047 866 2077 ὅτι

97 2092 192 2122 Πάντα
212 2092 315 2131 ἐγένετο
334 2092 369 2121 δι’
383 2094 478 2127 αὐτοῦ,
503 2092 548 2121 καὶ
562 2092 643 2132 χωρὶς
657 2093 736 2122 αὑτοῦ
758 2093 816 2123 οὐδὲ
839 2093 866 2123 ἓν

97 2137 201 2176 γέγονεν
215 2137 229 2166 8
241 2137 354 2177 γέγονεν.
366 2137 435 2167 Ἀλλ’
454 2136 507 2167 ἔδει
520 2137 557 2177 μὴ
573 2138 650 2176 μόνον
660 2140 698 2178 τῷ
711 2138 782 2178 λόγῳ
794 2137 867 2177 λάμ-

98 2184 146 2222 ψαι
154 2204 162 2217 ,
182 2182 251 2211 ἀλλὰ
260 2181 306 2212 καὶ
318 2181 395 2222 ἔργῳ.
411 2181 490 2220 Λέγει
502 2183 536 2221 τῇ
551 2181 667 2221 θαλάττῃ
676 2194 683 2200 ·
696 2182 805 2219 Σιώπα,
817 2194 867 2212 πε-

1587 176 1651 221 541

909 252 1020 290 pientia
1032 241 1146 291 fecisti.
1168 249 1298 280 Vidistin’
1317 250 1367 279 Dei
1381 249 1562 279 creationem?
1584 248 1656 278 vidi-

912 296 974 325 stin'
1001 296 1138 335 quomodo
1164 296 1286 326 obstruat
1309 296 1496 326 haereticorum
1521 306 1567 324 ora
1575 319 1585 332 ‚
1610 295 1658 333 qui

913 343 1072 372 creationem
1086 343 1226 382 ignorant,
1242 350 1267 372 et
1281 344 1434 374 Creatorem
1446 342 1550 372 curiose
1560 342 1659 382 explo-

913 389 991 418 rant?
1004 389 1103 419 Omnia
1114 389 1164 420 Dei
1183 389 1236 429 legi
1259 390 1455 428 obsequuntur.
1468 389 1526 419 Stat
1539 388 1634 417 caelum
1647 410 1655 424 ,

913 445 966 463 non
978 445 1025 464 sua
1039 444 1119 464 manu
1132 442 1273 475 gestatum,
1284 434 1332 464 sed
1341 434 1433 464 divina
1442 433 1500 474 lege
1509 433 1654 462 firmatum.

913 482 982 511 Cum
1000 480 1071 510 enim
1085 481 1244 511 dubitavero
1253 502 1260 516 ‚
1276 480 1411 520 quomodo
1424 490 1458 509 ex
1470 479 1548 518 aquis
1563 479 1659 508 caelum

913 534 1064 557 concretum
1078 527 1130 564 sit,
1147 526 1342 556 dubitationem
1362 537 1448 556 meam
1468 526 1550 555 solvit
1560 524 1658 555 beatus

914 572 1003 603 David
1016 572 1107 602 dicens
1119 584 1126 601 :
1141 573 1235 602 Verbo
1248 574 1369 601 Domini
1378 571 1563 610 coelifirmati
1575 577 1655 600 sunt.
1668 575 1776 598 Psa1.32.
1785 576 1808 598 6.

913 619 970 648 Cur
983 618 1056 647 enim
1074 618 1173 648 firmati
1192 618 1273 647 sunt?
1287 617 1421 655 Quoniam
1435 627 1472 646 ex
1484 617 1562 656 aquis
1571 623 1656 657 erant.

914 665 1070 703 Numquam
1090 664 1124 694 de
1146 664 1234 694 solido
1246 670 1272 693 et
1282 664 1361 693 firmo
1373 663 1475 692 dicitur
1484 685 1492 700 ,
1507 662 1659 692 Firmatum

914 717 963 740 est.
980 712 1074 750 Neque
1086 717 1173 751 potest
1186 710 1320 750 quispiam
1334 709 1423 739 dicere
1432 732 1439 746 ‚
1449 716 1553 749 petram
1565 708 1659 738 firma-

914 765 970 788 tam
981 769 1049 788 esse.
1063 758 1148 787 Aliud
1165 764 1204 788 est
1224 757 1361 787 firmatum
1372 767 1444 794 esse,
1456 755 1532 785 aliud
1541 766 1598 785 esse
1608 756 1660 785 fir-

916 816 1001 835 mum.
1026 806 1178 837 Fir-matum
1203 804 1304 834 dicitur
1315 828 1323 841 ‚
1343 804 1417 843 quod
1443 815 1505 834 cum
1529 815 1620 833 rarum
1634 810 1661 833 et

916 852 998 882 molle
1007 859 1090 890 esset,
1103 859 1255 893 concretum
1270 852 1330 882 suit.
1343 851 1408 881 Ideo
1421 852 1514 880 Petrus
1524 872 1532 886 ,
1551 849 1660 889 quando

915 898 1095 938 paralyticum
1112 898 1228 934 sanavit,
1242 897 1314 927 dixit
1326 910 1332 926 :
1343 898 1406 926 Vin·
1415 896 1570 934 Israeliten,
1587 897 1661 936 quid
1669 901 1721 923 Act.
1734 902 1752 937 3δ
1773 907 1808 923 12.

915 948 1062 975 miramini
1077 949 1108 975 in
1118 947 1184 983 hoc,
1197 952 1250 975 aut
1259 956 1310 974 nos
1320 946 1393 985 quid
1402 945 1565 980 intuemini,
1574 945 1659 983 quasi
1672 934 1709 956 ¹³⁹
1725 933 1759 955 '⁰'

915 998 1013 1021 nostra
1027 993 1137 1021 virtute
1149 998 1201 1021 aut
1209 993 1318 1031 pietate
1332 992 1488 1031 fecerimus
1501 991 1581 1021 hunc
1596 1002 1659 1021 am-

915 1038 1018 1066 bulare
1026 1040 1039 1065 ?
1053 1038 1134 1067 Deus
1144 1044 1263 1077 patrum
1278 1043 1452 1074 nostrorum,
1464 1038 1545 1067 Deus
1556 1038 1660 1067 Abra—

915 1084 983 1112 ham
991 1090 1019 1112 et
1027 1086 1115 1113 Isaac
1126 1090 1155 1113 et
1167 1084 1273 1120 Jacob,
1284 1083 1563 1125 glorficavitfilium
1574 1094 1660 1113 suum

914 1130 1015 1158 lesum
1024 1141 1032 1157 :
1046 1135 1074 1158 et
1087 1128 1190 1169 infide
1201 1130 1326 1158 nominis
1342 1130 1404 1167 ejus
1424 1129 1503 1158 hunc
1512 1140 1598 1169 quem
1610 1131 1660 1159 vi-

915 1175 990 1204 detis
1001 1182 1030 1204 et
1044 1178 1145 1213 nostis,
1161 1175 1344 1214 confirmavit
1356 1184 1462 1204 nomen
1472 1176 1534 1214 ejus
1540 1188 1552 1210 ‚·
1564 1185 1660 1215 nempe

915 1221 1096 1261 paralyticum
1115 1221 1294 1251 confirmavit.
1319 1219 1385 1249 Ideo
1407 1221 1509 1249 Verbo
1535 1222 1661 1250 Domini
1670 1223 1807 1247 Psnl.32.6.

916 1268 983 1297 coeli
995 1268 1114 1308 firmati
1135 1275 1203 1297 sunt
1209 1282 1220 1303 ;
1239 1279 1273 1298 ex
1294 1267 1363 1297 raris
1384 1274 1410 1297 et
1426 1267 1566 1296 dissolutis
1581 1267 1659 1306 aquis

915 1314 999 1343 verbo
1014 1314 1124 1343 Domini
1144 1314 1228 1343 nubes
1240 1313 1267 1342 in
1281 1313 1397 1343 sublime
1409 1313 1553 1343 tolluntur.
1566 1313 1640 1344 Vide
1649 1337 1658 1351 ,

915 1370 1014 1398 quaeso.
1040 1362 1116 1399 Aqua
1130 1370 1190 1399 quae
1203 1370 1294 1389 amara
1303 1366 1378 1396 erat,
1393 1366 1523 1389 mutatur.
1538 1360 1583 1389 Ex
1591 1359 1661 1388 mari

915 1405 1043 1435 hauriunt
1052 1405 1136 1435 nubes
1144 1429 1153 1442 ,
1167 1412 1192 1435 et
1205 1416 1263 1435 eam
1275 1416 1334 1444 quae
1345 1415 1380 1434 ex
1391 1404 1526 1446 profundo
1537 1405 1662 1434 hauritur

915 1463 1004 1481 amara
1014 1472 1024 1487 ,
1037 1451 1145 1481 dulcem
1157 1459 1183 1481 et
1196 1452 1341 1492 potabilem
1353 1451 1482 1481 efficiunt.
1499 1452 1539 1480 De
1549 1451 1661 1491 prosun-

917 1497 960 1527 dis
966 1508 1014 1527 nos
1023 1498 1127 1537 abyssis
1136 1497 1263 1527 excitavit
1270 1497 1407 1533 Christus,
1418 1505 1444 1526 et
1454 1496 1661 1526 amaritudinem

918 1551 1035 1573 nostram
1048 1553 1101 1572 non
1114 1543 1284 1583 deponimus.
1300 1544 1369 1579 Quis
1387 1549 1426 1572 est
1443 1542 1466 1572 is
1477 1542 1524 1581 qui
1535 1541 1596 1571 fecit
1610 1552 1661 1571 cae-

917 1593 976 1621 lum
987 1598 1013 1621 et
1024 1591 1141 1621 terram?
1156 1591 1215 1630 Ego
1229 1590 1290 1620 dico
1303 1591 1441 1621 Christum
1457 1601 1524 1620 esse.
1539 1592 1576 1621 Et
1590 1591 1661 1621 unde

920 1637 988 1667 hoc?
1015 1637 1088 1676 Quia
1106 1637 1130 1666 si
1150 1647 1203 1666 non
1228 1643 1296 1666 esset
1318 1636 1452 1665 Dominus
1476 1636 1596 1666 omnium
1604 1659 1613 1674 ,
1632 1637 1660 1666 in

919 1684 1058 1724 evangelio
1068 1693 1121 1712 non
1133 1682 1263 1712 miracula
1273 1689 1401 1722 patrasset
1412 1682 1439 1711 in
1450 1682 1575 1712 omnibus
1587 1693 1661 1712 crea-

918 1730 998 1759 turis.
1012 1731 1062 1760 Per
1071 1729 1161 1759 omnia
1178 1728 1250 1758 enim
1271 1728 1401 1758 elementa
1421 1728 1556 1758 mirabilia
1578 1729 1658 1767 fecit;

919 1786 967 1816 per
975 1782 1087 1812 terram,
1101 1785 1148 1815 per
1162 1784 1234 1803 mare
1244 1796 1252 1811 ‚
1265 1784 1313 1813 per
1326 1784 1413 1803 aerem
1421 1796 1431 1810 ‚
1445 1784 1494 1814 per
1507 1773 1595 1814 ignem
1603 1786 1612 1812 ς
1629 1780 1674 1814 ut·
1710 1778 1811 1799 Chri-nu

919 1823 1094 1863 conspicuum
1113 1822 1148 1851 sit
1169 1821 1259 1861 ipsum
1274 1830 1331 1850 esse
1342 1820 1464 1850 omnium
1473 1811 1810 1861 creaturarumme‘fffl'tfffi:

918 1870 1076 1899 Dominum.
1094 1868 1155 1899 Diei
1170 1867 1223 1897 luci
1236 1867 1391 1907 supervenit
1403 1877 1521 1907 vesperae
1534 1867 1593 1897 lux.
1609 1866 1659 1897 Sol
1704 1872 1810 1908 fniracfnla

921 1917 1006 1953 lucet,
1026 1922 1053 1945 et
1069 1914 1177 1944 lucerna
1196 1914 1279 1943 facem
1305 1913 1432 1953 praefert:
1449 1912 1503 1942 diei
1528 1913 1607 1950 finis,
1628 1924 1659 1943 ac
1668 1902 1810 1962 ls‚‡‘2f‚g¹„¹;¹¹¹⁰

919 1962 1004 1991 noctis
1016 1960 1168 1991 exordium.
1190 1959 1244 1989 Sed
1257 1966 1286 1989 tu
1298 1981 1306 1996 ‚
1319 1969 1382 1988 cum
1402 1957 1503 1988 videris
1522 1958 1659 1988 lucernam
1669 1964 1739 1986 Deua.

919 2015 946 2038 ct
957 2007 1040 2037 solem
1051 2029 1058 2043 ,
1070 2006 1154 2036 dicito
1169 2018 1175 2035 :
1193 2006 1269 2035 Tuus
1279 2011 1323 2034 est
1335 2006 1407 2042 dies,
1418 2011 1447 2034 et
1458 2012 1510 2034 tua
1523 2010 1567 2034 est
1579 2015 1638 2034 nox
1646 2018 1659 2041 ;
1670 2014 1737 2036 Psat.
1756 2014 1794 2044 53.

920 2059 950 2082 tu
956 2053 1127 2094 fabricatus
1138 2051 1265 2090 esjubar
1276 2056 1304 2079 et
1313 2050 1415 2078 solem.
1429 2050 1532 2079 Verum
1543 2049 1589 2078 sax
1599 2049 1658 2086 illa,
1673 2045 1708 2067 ¹⁶·

919 2109 978 2138 quae
989 2098 1139 2138 praefertur,
1151 2106 1299 2126 sermonem
1312 2105 1365 2124 non
1379 2095 1540 2135 interpellat.
1549 2096 1662 2135 Oportet

919 2144 991 2174 enim
1005 2143 1088 2173 solem
1105 2152 1213 2172 currere
1226 2141 1261 2171 ad
1272 2141 1331 2181 ejus
1338 2141 1445 2181 jussum
1466 2143 1544 2178 (nam
1556 2141 1606 2170 Sol
1615 2151 1662 2170 co-
1670 2146 1745 2177 Psal.⁴
1754 2146 1804 2169 103.

919 2191 1021 2230 gnovit
1033 2198 1164 2219 occasum
1177 2188 1289 2224 suum),
1310 2194 1340 2216 ut
1352 2186 1507 2216 ostendatur
1519 2186 1661 2216 Christum
1673 2184 1709 2206 ¹9·

99 2227 264 2268 φῖμωσΟὙαὶ
278 2227 463 2267 ἐφῑμῑῖ)θη,καὶ
476 2228 542 2267 ἔγνω
553 2228 583 2257 τὸ
591 2227 666 2267 ἔργον
680 2228 724 2257 τὸν
735 2229 866 2269 τεχνίτην·
883 2244 903 2267 1)
920 2236 1042 2266 omnium
1056 2241 1241 2265 creaturarum
1262 2233 1404 2263 dominum
1424 2244 1490 2263 esse.
1503 2233 1535 2263 Id
1547 2234 1663 2264 Joannes

99 2269 167 2304 Εἷπε
174 2273 225 2313 γὰρ
234 2275 267 2313 τῇ
281 2273 408 2312 θαλάττῃ,
419 2273 464 2302 καὶ
472 2272 620 2309 ἐσιώπησεν
628 2285 635 2292 ·
647 2269 704 2303 εἶπε
715 2276 753 2314 τῷ
767 2274 868 2314 ἀνέμῳ,

98 2320 144 2349 καὶ
161 2318 294 2359 ἐφιμώθη.
309 2319 343 2347 Εἰ
359 2318 396 2357 μὴ
410 2318 559 2355 ὑπήκουσε,
575 2320 622 2348 οὐκ
635 2319 666 2348 ἂν
681 2319 803 2355 ἐποίησεν
818 2321 868 2349 αὗ-

99 2365 143 2394 τόν
155 2377 161 2383 ·
180 2366 203 2394 εἶ
218 2364 255 2403 μὴ
268 2360 301 2400 ἦν
313 2363 405 2397 ὕδατος
418 2363 555 2400 Δεσπότης
564 2386 572 2400 ,
593 2366 640 2393 οὐκ
650 2364 681 2393 ἂν
696 2364 824 2403 μετέὸιιλε
837 2366 868 2396 τὸ

99 2410 170 2451 ὕδωρ
187 2412 223 2444 εἷς
237 2406 319 2439 οἶνον·
335 2411 359 2439 εἰ
383 2409 420 2448 μὴ
434 2405 465 2445 ἦν
480 2411 589 2449 οὐρανοῦ
607 2410 759 2446 Δεσπότης,
775 2413 822 2441 οὐκ
836 2412 867 2441 ἂν

101 2457 178 2485 αὐτὸν
195 2455 280 2495 α’στὴρ
295 2455 322 2489 ἐξ
348 2457 456 2495 οὐρανοῦ
476 2456 631 2495 ἐκήρυττεν·
646 2458 669 2485 εἰ
689 2456 726 2495 μὴ
747 2452 779 2493 ἦν
792 2458 867 2493 ἡλίου

101 2502 254 2537 Δεσπότης,
268 2504 316 2531 οὐκ
329 2501 360 2530 ἂν
381 2502 472 2534 σκότος
486 2501 625 2530 ἐνεδύσατο
646 2503 673 2531 ἐν
691 2504 730 2543 τῷ
751 2507 865 2545 σταυρῷ.

103 2547 215 2586 Χριστὸς
228 2547 272 2576 ἐπὶ
293 2549 421 2586 σταυροῦ,
435 2547 480 2576 καὶ
494 2549 508 2576 ὁ
526 2547 600 2582 ἥλιος
611 2548 758 2586 ἐσκοτίσθη.
773 2549 810 2580 Ὦ
825 2554 870 2581 τοῦ

103 2592 245 2631 θαύματος.
266 2592 336 2622 Οὐδὲ
350 2594 367 2627 ἦ
388 2592 472 2625 κτίσις
486 2592 580 2631 ἤνεγκε
603 2593 650 2629 τὴν
672 2593 746 2634 ὔὸριν
765 2599 810 2626 τοῦ
830 2598 877 2626 Δε-

920 2281 1047 2322 praedicat
1058 2304 1066 2319 ,
1081 2281 1190 2311 Omnia
1200 2281 1355 2320 peripsum
1364 2280 1453 2320 facta
1463 2286 1532 2308 sunt
1541 2301 1550 2316 ,
1561 2285 1590 2307 et
1599 2281 1663 2308 sine
1670 2283 1739 2305 Ιαιυι.
1755 2288 1774 2304 ¹.
1785 2281 1808 2303 3.

921 2332 982 2368 ipso
992 2328 1113 2370 sactum
1123 2326 1253 2356 estnihil
1267 2326 1346 2366 quod
1357 2326 1478 2365 sactum
1488 2331 1540 2354 est.
1556 2326 1661 2354 Verum

921 2375 1060 2416 oportebat
1073 2374 1162 2414 ipsum
1178 2383 1231 2402 non
1245 2382 1366 2401 sermone
1380 2377 1484 2400 tantum
1497 2371 1603 2406 lucere,
1615 2368 1661 2398 sed

920 2420 999 2449 etiam
1019 2429 1108 2459 opere.
1130 2417 1208 2447 Dixit
1229 2415 1316 2452 mari,
1336 2415 1427 2450 Tace,
1443 2415 1605 2442 obmutesce
1610 2423 1620 2451 3
1635 2418 1662 2442 et
1673 2413 1767 2442 Marc-5

921 2463 1073 2499 obmutuit,
1088 2461 1251 2501 agnovitque
1263 2469 1331 2498 opus
1344 2457 1484 2496 Opificem.
1500 2456 1577 2485 Dixit
1589 2455 1661 2485 enim
1670 2446 1710 2475 39·

924 2506 1006 2544 mari,
1021 2513 1050 2536 et·
1059 2505 1142 2535 tacuit
1150 2516 1159 2543 ;
1171 2503 1243 2533 dixit
1256 2508 1335 2532 vento
1346 2523 1353 2537 ,
1368 2507 1394 2529 et
1407 2500 1552 2528 refrenatus
1566 2506 1615 2528 cst.
1634 2499 1664 2529 Si

926 2563 978 2582 non
991 2551 1198 2589 obtemperasset
1208 2570 1215 2584 ,
1227 2547 1285 2587 ejus
1296 2544 1427 2575 Conditor
1442 2553 1493 2572 non
1507 2543 1587 2572 fuisse
1597 2554 1666 2583 pro—

926 2596 1034 2625 deretur
1042 2605 1051 2633 ;
1066 2592 1117 2622 nisi
1130 2591 1261 2621 Dominus
1272 2595 1338 2618 esset
1352 2598 1426 2626 aquae
1439 2610 1447 2625 ‚
1460 2597 1511 2617 non
1523 2587 1597 2616 illam
1609 2597 1666 2616 mu-
