1890 2826
89 2119 102 2134 2
128 2112 213 2133 Paral-

88 2128 118 2166 235
145 2141 180 2165 ι8.

243 182 314 225 420

582 189 613 212 S.
641 189 784 213 JOANNIS
808 170 994 214 efluvsosffi.
1020 191 1176 217 AucmEP.
1204 190 1473 217 CONSTAN'HNOP.

242 252 335 291 gnavit
351 251 428 282 annis
455 249 654 291 septemdecim,
670 257 697 281 et
707 251 769 282 fecit
793 251 908 281 malum.
933 252 992 282 Sub
1038 253 1085 289 ἔτη
1101 255 1158 290 ιζ’,,
1178 254 1224 284 καὶ
1237 255 1345 291 ἐποίησε
1365 256 1397 285 τὸ
1409 256 1532 296 πονηρόν.
1547 256 1612 287 Ἐπὶ
1631 257 1723 287 τούτου
1742 258 1814 299 ἐσχί-

240 297 291 327 boc
304 297 447 327 discissum
458 303 498 326 est
509 306 630 335 regnum,
641 304 830 327 etmanserunt
838 308 900 327 cum
913 297 982 327 eoin
1001 307 1020 331 c
1039 302 1088 335 σθη
1103 302 1120 335 ἡ
1137 301 1258 340 βασιλεία
1269 324 1276 337 ,
1295 302 1340 331 καὶ
1360 302 1466 341 ἔμειναν
1481 305 1540 341 μετ’
1557 305 1638 334 αὑτοῦ
1658 303 1706 343 μὲν
1721 305 1748 333 ἕν
1763 304 1813 334 Ἱε-

240 344 392 374 Jerusalem
405 343 466 372 duae
480 342 579 379 tribus,
600 342 674 373 Juda
683 349 710 372 et
722 343 873 384 Benjamin.
889 345 920 373 In
935 345 984 374 Sa-

241 390 324 420 maria
334 396 423 419 autem
432 389 519 418 tribus
527 388 629 418 decem.
640 389 698 420 Sub
706 389 757 420 hoc
764 395 838 420 erant
846 390 985 430 prophetae

240 437 341 467 Achias
354 436 479 467 silonites
493 443 520 466 et
531 436 619 466 Addo.
627 436 698 466 Abia
708 437 782 467 filius
791 437 850 477 ejus
864 439 985 478 regnavit

241 484 319 512 anuis
326 483 426 512 tribus.
436 484 531 522 Neque
538 490 595 512 erat
600 493 648 513 cor
653 485 713 524 ejus
720 491 751 514 ut
757 484 858 522 David,
865 484 914 515 sed
924 496 985 514 am-

238 530 346 560 bulavit
365 530 393 559 in
414 536 522 569 peceato
542 530 626 570 patris
638 530 692 559 sui.
707 531 765 561 Sub
773 531 825 560 boc
839 532 919 561 etiam
929 539 985 562 erat

242 576 320 606 Addo
335 576 478 616 propheta.
489 578 541 605 Asa
549 576 623 606 filius
635 576 695 616 ejus
706 577 782 607 annis
794 577 985 618 quadraginta-

239 634 294 653 nno
304 630 331 653 et
343 623 405 652 fecit
418 630 520 652 rectum
535 622 599 657 ;sed
613 623 702 653 adhue
714 631 789 653 crant
798 624 911 654 excelsa.
925 625 984 655 Sub

239 669 291 699 hoc
301 676 376 699 erant
385 668 493 698 Azarias
498 668 572 699 filius
583 668 704 706 Odcd,et
713 670 822 707 Anami,
838 670 983 711 prophetae.

239 715 371 756 Josaphat
381 715 457 745 filins
470 714 529 755 ejus
539 725 623 745 annos
641 716 862 755 vigintiquinque
883 724 909 746 et
923 718 986 748 fecit

238 768 341 790 rectum
347 773 356 799 3
368 761 415 790 sed
426 760 624 791 exoelsaadhuc
631 769 706 791 erant
725 763 818 792 Postea
825 763 925 793 veroin
939 774 985 793 re-

238 807 443 847 prehensionem
454 807 602 847 iniquitatis
611 808 734 846 incurrit,
746 809 809 847 quia
817 809 918 839 amicus
928 817 985 840 erat

1039 346 1178 386 ρουσαλὴμ
1197 347 1278 387 φυλαὶ
1298 347 1353 384 δύο,
1373 350 1390 384 ἡ
1413 348 1501 378 Ἰούδα
1513 349 1559 378 καὶ
1578 352 1595 386 ἡ
1614 350 1749 390 Βενιαμίν.
1764 352 1814 380 Ἐν

1038 390 1066 420 δὲ
1083 393 1117 431 τῇ
1136 393 1276 433 Σαμαρείᾳ
1290 393 1371 434 φυλαὶ
1390 393 1463 424 δέκα.
1478 394 1542 424 Ἐπὶ
1556 395 1650 435 τούτου
1668 392 1736 432 ἦσαν
1749 409 1814 437 προ-

1038 438 1120 477 φῆται
1132 437 1222 478 Ἀχίας
1234 442 1249 468 ὁ
1262 439 1409 477 Σιλωνίτης
1419 440 1465 469 καὶ
1479 440 1569 470 Ἀδδώ.
1583 441 1658 471 Ἀὅία
1669 444 1683 472 ὁ
1697 442 1752 476 υἱὸς
1764 444 1811 472 ab<

1036 485 1084 511 τοῦ
1098 483 1255 514 ἑὸασίλευσε
1269 484 1316 521 ἔτη
1331 486 1401 524 τρία.
1415 486 1469 515 Καὶ
1482 488 1530 516 οὐκ
1542 482 1576 523 ἧν
1589 489 1607 524 ἡ
1621 487 1717 528 καρδία
1732 489 1813 517 αὗτοῦ

1037 530 1074 562 ὡς
1093 529 1187 565 Δαυίδ,
1206 531 1265 559 ἀλλ’
1279 531 1408 571 ἐπορεύθη
1423 533 1450 562 ἐν
1465 534 1499 572 τῇ
1515 534 1634 574 ἁμαρτίᾳ
1653 536 1700 563 τοῦ
1715 533 1814 573 πατρὸς

1038 576 1130 604 αὐτοῦ.
1144 575 1199 605 Καὶ
1216 575 1260 605 ἐπὶ
1273 576 1367 607 τούτου
1381 573 1413 614 ἧν
1428 578 1511 608 Ἀδδὼ
1525 581 1540 608 ὁ
1553 579 1703 620 προφήτης.
1720 580 1784 610 'Aaou
1799 583 1814 610 ὁ

1038 621 1092 654 υἱὸς
1114 623 1194 651 αὐτοῦ
1215 622 1262 658 ἔτη
1285 622 1341 662 μα’.
1350 644 1359 659 ,
1370 624 1416 653 καὶ
1430 624 1539 662 ἐποίησε
1555 625 1585 654 τὸ
1600 626 1685 660 εὖθές·
1699 627 1759 656 ἀλλ’
1774 626 1814 656 ἔτι

1037 662 1070 703 ἦν
1083 667 1117 697 τὰ
1131 667 1230 708 ὑψηλά.
1245 667 1310 698 Ἐπὶ
1323 669 1416 699 τούτου
1428 665 1497 706 ἦσαν
1510 671 1630 712 Ἀζαρίας
1643 673 1697 706 υἱὸς
1710 672 1795 708 ’ns-¹&
1805 695 1811 704 ,

1036 712 1083 742 καὶ
1097 713 1208 752 Ἀναμὶ,
1227 715 1251 743 οἱ
1274 717 1418 755 προφῆται.
1433 716 1568 756 Ἰωσαφὰτ
1591 717 1647 751 υἱὸς
1669 719 1748 747 αὐτοῦ
1762 719 1809 755 ἔτη

1038 759 1086 789 κε’.
1095 782 1103 795 ,
1127 759 1174 789 καὶ
1197 760 1306 796 ἐποίησε
1335 761 1366 790 τὸ
1390 761 1462 796 εὗθίς
1475 774 1482 781 ·
1509 762 1578 792 ἀλλὰ
1599 763 1634 792 τὰ
1655 764 1744 804 ὑψηλὰ
1768 764 1807 794 ἔτι

1037 807 1151 846 ὑπῆρχε.
1166 806 1218 836 Καὶ
1238 807 1306 846 μετὰ
1319 809 1404 836 ταῦτα
1422 808 1522 849 μέμψιν
1535 808 1614 850 ἔσχεν
1627 810 1736 849 ἀνομίας
1748 833 1756 846 ,
1770 811 1811 840 ὅτι

238 853 364 884 Oehoziae
375 854 447 895 regis
455 854 549 890 Israffl,
560 861 587 883 et
597 854 625 883 in
635 855 749 894 negotiis
759 855 910 895 plurimum
922 867 984 886 cnm
999 857 1019 880 D
1038 852 1158 892 ἓφῑλίασε
1171 855 1209 894 τῷ
1223 853 1336 894 Ὀχοζία
1351 855 1455 894 βασιλεῖ
1470 855 1595 895 Ἰσραὴλ,
1606 855 1653 886 καὶ
1671 856 1812 893 ἕκοῑνώνη·

238 900 288 930 ino
295 900 519 930 communicabat.
530 901 587 931 Sub
593 901 645 930 hoc
655 908 729 930 erant
739 901 874 941 prophetae
884 903 986 938 Helias,

238 946 380 982 Elissaeus,
395 946 523 976 Michaeas
537 953 563 975 et
574 947 645 977 Jehu
660 946 734 976 filius
749 947 854 985 Anemi,
869 955 894 977 et
908 948 985 978 Oziel

240 992 315 1022 filius
326 992 473 1027 Zachariae‚
488 1000 515 1022 et
529 991 646 1022 Etiadad
657 992 731 1021 filius
745 992 822 1022 Adiae
836 1004 871 1023 cx
883 994 985 1023 Maris-

239 1050 279 1068 sa.
291 1040 383 1069 Joram
401 1039 474 1068 filius
487 1040 546 1079 ejus
566 1039 643 1068 annis
659 1045 729 1076 octo,
744 1046 770 1069 et
791 1039 855 1069 fecit
870 1040 983 1070 malum.

240 1085 345 1115 Habuit
372 1086 443 1115 enim
465 1096 578 1115 uxorem
599 1085 685 1114 filiam
711 1086 829 1116 Aehaab.
853 1087 910 1116 Sub
934 1087 985 1118 hoc

239 1139 314 1162 crant
325 1131 401 1161 Elias
414 1139 439 1161 et
452 1132 592 1161 Elissaeus.
605 1132 737 1161 Ochozias
751 1132 825 1162 filius
844 1133 903 1173 ejus
916 1143 986 1163 anno

240 1189 306 1215 uno,
319 1184 344 1207 et
357 1177 420 1206 fecit
435 1177 548 1206 malum.
561 1178 624 1207 Post
636 1188 698 1207 eum
709 1186 795 1208 mater
807 1180 867 1220 ejus
878 1180 984 1210 Gotho-

239 1224 276 1254 lia
304 1235 389 1254 annos
417 1230 528 1263 septem.
558 1224 623 1254 Joas
654 1224 729 1254 filius
758 1226 881 1255 Ochosiae
902 1237 986 1256 annos

240 1269 430 1310 quadraginta.
465 1269 516 1299 Hie
542 1269 641 1300 occidit
669 1270 827 1300 Zachariam
838 1294 846 1308 ,
870 1279 897 1301 et
924 1273 984 1302 fecit

1038 909 1083 927 σεν
1096 900 1169 939 αὐτῷ
1188 900 1226 932 εἰς
1238 900 1329 929 πλεῖον
1344 900 1539 940 πραγματείας,
1556 901 1622 931 Ἐπὶ
1634 902 1729 932 τούτου
1744 898 1814 939 ἦσαν

1037 946 1172 984 προφῆται
1186 944 1299 981 Ἠλίας,
1320 945 1477 983 Ἑλισσαιὲ,
1501 947 1637 988 Μιχαίας,
1658 948 1703 978 καὶ
1728 949 1781 978 'lon
1799 952 1813 979 ὃ

1037 993 1084 1019 τοῦ
1099 990 1202 1029 ’Any-l,
1219 991 1265 1021 καὶ
1284 991 1380 1028 Ὀζιῆλ
1396 994 1410 1022 ὁ
1424 995 1470 1022 τοῦ
1490 993 1636 1034 Ζαχαρίου,
1656 994 1701 1024 καὶ
1719 995 1813 1025 Ἐλιά-

1039 1036 1088 1066 δαδ
1101 1038 1115 1066 ὁ
1129 1039 1175 1066 τοῦ
1190 1037 1263 1067 Ἀδιὰ
1277 1038 1331 1068 ἀπὸ
1350 1038 1502 1079 Μαρίσσης.
1519 1039 1622 1080 Ἰωρὰμ
1636 1042 1650 1070 ὁ
1665 1041 1719 1075 υἱὸς
1732 1043 1812 1071 αὐτοῦ

1039 1082 1085 1118 ἔτι)
1099 1082 1198 1119 ‘ts-,xit
1210 1083 1318 1120 ἐποίησε
1327 1084 1358 1114 τὸ
1371 1086 1494 1126 πονηρόν.
1501 1082 1568 1127 Εἶχε
1581 1086 1631 1127 γὰρ
1646 1091 1758 1126 γυναῖκα
1771 1090 1815 1117 θυ·

1037 1128 1138 1169 γατέρα
1159 1129 1270 1170 Ἃχαᾶὅ.
1295 1130 1348 1160 Καὶ
1375 1131 1420 1160 ἐπὶ
1447 1131 1539 1162 τούτου
1562 1128 1630 1169 ἦσαν
1651 1132 1744 1166 Ἠλίας
1767 1133 1813 1163 καὶ

1039 1174 1199 1210 Ἐλισσαῖος.
1215 1177 1340 1217 Ὀχοζίας
1351 1177 1405 1211 υἱὸς
1419 1179 1499 1208 αὐτοῦ
1511 1179 1568 1213 ἔτος
1581 1179 1615 1209 α’.
1623 1201 1633 1217 ,
1646 1179 1691 1209 καὶ
1705 1179 1813 1216 ἐποίησε

1038 1221 1068 1250 τὸ
1084 1222 1209 1262 πονηρόν.
1223 1224 1291 1252 Μετ’
1306 1223 1384 1253 αὗτὸν
1396 1224 1509 1254 Γοθολία
1522 1227 1539 1261 ἡ
1554 1225 1645 1267 μήτ-ηρ
1659 1227 1748 1263 αὐτοῦ,
1765 1225 1812 1262 ἔτη

1039 1268 1116 1297 ἑπτά.
1130 1269 1208 1302 'imae
1233 1269 1288 1303 υἱὸς
1301 1270 1426 1310 Ὀχοζίου
1452 1270 1498 1307 ἔτη
1524 1271 1564 1310 μ’.
1585 1268 1671 1306 Οὗτος
1689 1272 1812 1313 ἐφόνευσε

239 1324 343 1347 rectum
372 1317 398 1347 in
429 1323 485 1346 toto
517 1316 598 1345 corde
622 1326 688 1353 sun,
716 1316 802 1347 donec
825 1318 911 1348 Jodati
941 1319 985 1349 vir
1001 1318 1020 1342 Ε
1038 1313 1083 1342 τὸν
1103 1315 1251 1355 Ζαχαρίαν,
1271 1315 1316 1345 καὶ
1334 1316 1444 1352 ἐποίησε
1459 1317 1489 1347 τὸ
1502 1318 1575 1352 Εὗθὲς
1588 1320 1615 1348 ἓν
1629 1318 1678 1359 ὅλῃ
1692 1321 1725 1358 τῇ
1739 1321 1812 1359 ψυχῇ

239 1362 359 1404 prudens
375 1362 489 1399 viveret,
505 1369 531 1391 et
544 1362 694 1392 institueret
707 1362 805 1403 ipsum.
816 1365 896 1394 Hunc
909 1365 984 1395 occi—

239 1409 340 1439 derunt
360 1409 432 1439 servi
454 1408 539 1449 ipsius
560 1408 587 1437 in
606 1408 687 1438 domo
709 1409 838 1439 Maiiloth.
856 1410 913 1440 Sub
933 1411 985 1441 boc

239 1455 412 1496 prophetavit
425 1454 567 1485 Zacharias
581 1454 655 1484 filius
669 1454 764 1485 Jodaii.
780 1457 900 1486 Amesias
909 1456 985 1487 filius

239 1502 297 1542 ejus
305 1501 381 1532 annis
389 1500 574 1532 novemdecim
580 1508 605 1530 et
614 1500 676 1531 feeit
682 1508 786 1532 rectum
792 1502 819 1531 in
829 1503 963 1544 principio
973 1515 982 1543 ;

238 1548 285 1578 sed
295 1558 348 1577 non
359 1548 428 1578 sicut
435 1546 536 1577 David.
546 1547 643 1576 Adbuc
652 1547 725 1576 enim
734 1548 854 1588 populus
863 1549 985 1579 immola-

238 1596 285 1625 bat
295 1596 322 1625 in
333 1595 456 1632 excelsis,
464 1597 490 1624 et
499 1595 574 1624 lucos
583 1605 635 1624 non
642 1595 764 1625 abstulit.
775 1596 834 1626 Sub
843 1596 895 1626 hoc
904 1597 983 1627 etiam

238 1642 467 1682 prophetaverunt
477 1641 626 1681 prophan,
639 1651 755 1680 quorum
766 1643 875 1672 nomina
885 1643 983 1684 scripta

238 1698 291 1717 non
305 1696 376 1718 sunt.
393 1689 567 1727 Posteaquam
579 1698 643 1718 vero
660 1698 716 1724 eos,
728 1689 776 1727 qui
791 1689 818 1718 in
831 1689 890 1720 Seir
901 1689 983 1719 habi-

1039 1361 1128 1397 αὖτοῦ,
1143 1361 1192 1395 ἕως
1204 1361 1295 1392 Ἰωδαὲ
1308 1363 1323 1391 ὁ
1335 1363 1440 1397 συνετὸς
1453 1363 1498 1399 ἔζη
1507 1387 1515 1400 ,
1527 1364 1572 1394 καὶ
1585 1365 1712 1405 ἐφώτισεν
1724 1365 1812 1395 αὐτόν.

1039 1407 1140 1436 Τοῦτον
1156 1407 1314 1437 ἀπέκτειναν
1326 1409 1351 1437 οἱ
1364 1409 1453 1438 δοῦλοι
1466 1411 1546 1439 αὐτοῦ
1559 1411 1587 1439 ἐν
1606 1410 1671 1451 οἴκῳ
1685 1411 1812 1441 Μαελώθ.

1038 1453 1103 1483 Ἐπὶ
1110 1453 1203 1483 τούτου
1213 1455 1394 1495 ἐπροφήτευσε
1404 1457 1541 1497 Ζαχαρίας
1549 1457 1603 1491 υἱὸς
1617 1457 1718 1487 Ἰωὸαέ.
1732 1460 1811 1497 Ἀμε-

1037 1499 1095 1533 σίας
1108 1499 1163 1534 υἱὸς
1171 1501 1251 1531 αὐτοῦ
1265 1500 1312 1537 ἔτη
1328 1501 1378 1538 ιθ’.,
1391 1502 1436 1532 καὶ
1448 1502 1557 1539 ἐποίησε
1565 1503 1596 1533 τὸ
1607 1503 1679 1537 εὖθὲς
1690 1505 1717 1533 ἐν
1728 1505 1809 1544 ἀρχῇ,

1037 1547 1096 1576 ἀλλ’
1113 1547 1163 1586 οὐχ
1175 1547 1212 1580 ὡς
1225 1547 1317 1576 Δαυίδ.
1328 1547 1391 1578 'Em
1404 1548 1456 1588 γὰρ
1469 1551 1483 1578 ὁ
1496 1549 1560 1583 λαὸς
1572 1549 1706 1584 ἑθυσίαζεν
1717 1551 1744 1580 ἐν
1757 1555 1812 1583 τοῖς

1036 1594 1162 1632 ὑψηλοῖς,
1187 1592 1233 1622 καὶ
1253 1592 1287 1622 τὰ
1311 1593 1382 1629 ἄλση
1404 1595 1452 1623 οὔκ
1476 1593 1563 1635 ἐξῆρε.
1587 1595 1642 1625 Καὶ
1657 1596 1700 1626 ἐπὶ
1719 1596 1811 1627 τούτου

1035 1638 1236 1679 ἐπροφήτευσαν
1249 1641 1398 1679 προφῆται,
1410 1641 1468 1670 ἀλλ’
1484 1642 1533 1670 οὐκ
1546 1641 1698 1682 ἐγράφησαν
1711 1643 1745 1672 τὰ
1757 1643 1812 1673 ὀνό-

1038 1697 1111 1724 ματα
1135 1686 1230 1714 αὐτῶν.
1246 1685 1323 1714 Μετὰ
1344 1688 1429 1715 ταῦτα
1452 1686 1542 1725 μέντοι
1553 1687 1677 1726 Ἀμεσίας
1693 1689 1812 1724 πατάξας

238 1735 340 1772 tabant,
362 1734 504 1774 percussit,
520 1735 548 1763 in
567 1735 722 1774 snperbiam
741 1735 827 1764 elatus
845 1743 895 1773 est,
912 1736 982 1766 idola
992 1751 1029 1771 559
1037 1730 1098 1765 τοὺς
1118 1732 1146 1760 ἓν
1163 1731 1256 1771 Σηῑὶρ,
1270 1731 1389 1772 ἐπήρθη,
1406 1732 1451 1762 καὶ
1469 1733 1608 1774 ἕλάτρευσε
1628 1739 1682 1768 τοῖς
1695 1735 1812 1770 Εἶδώλοῑς

238 1781 418 1810 habitantium
435 1780 461 1809 in
481 1780 541 1810 Seir
554 1780 648 1816 coluit,
664 1788 690 1810 et
710 1781 737 1810 in
756 1791 851 1810 manus
865 1782 983 1812 hostium
1001 1780 1020 1802 A
1037 1779 1091 1806 τῶν
1116 1777 1209 1817 Σηεῖρ,
1232 1778 1277 1807 καὶ
1291 1779 1431 1819 ἐ·1ῑ<’ῑ’*·“α’ῐ;<,θ·11
1445 1779 1601 1819 παραδοθεὶς
1623 1785 1679 1814 τοῖς
1701 1782 1811 1822 ἐχθροῖς.

236 1827 363 1863 traditus,
377 1836 520 1867 percussus
533 1833 582 1856 est.
600 1826 718 1863 Azarias,
732 1827 779 1866 qui
794 1833 820 1856 et
830 1828 921 1865 Ozias,
933 1838 984 1857 an-

237 1884 286 1903 nos
299 1873 493 1913 quinquaginta
505 1873 585 1908 duos,
600 1879 624 1901 et
637 1872 713 1902 initio
727 1873 800 1912 quod
815 1881 916 1904 rectum
928 1882 984 1904 erat

236 1919 314 1955 fecit,
332 1919 401 1948 sicut
422 1926 497 1958 pater
509 1919 568 1958 ejus
584 1931 590 1947 ε
608 1925 732 1948 caeterum
742 1919 850 1949 excelsa
864 1930 917 1950 non
932 1922 983 1950 ab-

237 1965 324 1994 stulit.
336 1966 405 1994 Cum
416 1974 543 2004 prospere
558 1974 614 1993 rem
627 1971 725 2002 ageret,
740 1965 825 1995 elatus
835 1973 874 1996 est
882 1967 982 2005 animo,

238 2018 263 2040 et
275 2011 364 2041 voluit
375 2011 432 2051 ipse
444 2010 551 2040 adolere
564 2011 593 2039 in
603 2011 715 2051 templo,
728 2012 801 2050 qnod
816 2013 881 2043 solis
894 2024 983 2044 sacer—

238 2058 348 2088 dotibus
359 2058 465 2087 licebat.
474 2057 539 2087 Ideo
548 2057 622 2097 lepra
633 2068 774 2097 percussus
782 2066 831 2096 est,
843 2067 983 2100 postquam

239 2104 367 2138 audisset,
379 2105 448 2134 Non
459 2110 540 2133 tuum
551 2110 605 2139 est,
619 2104 702 2138 Θεία,
717 2105 836 2134 adolere
843 2106 982 2142 Domino,

239 2151 272 2180 id
289 2150 370 2191 quod
388 2150 458 2180 solis
480 2149 678 2179 sacerdotibus
699 2150 776 2179 licet.
793 2151 850 2181 Sub
864 2152 915 2182 hoc
928 2160 985 2183 erat

238 2198 321 2228 Isaias
334 2197 473 2238 propbeta.
488 2196 597 2227 Jotham
611 2196 684 2224 filius
696 2198 754 2236 ejus
772 2208 855 2227 annos
868 2198 983 2229 sedecim

1038 1823 1157 1864 Ἀζαρίας
1170 1825 1184 1853 ὁ
1198 1823 1244 1853 καὶ
1257 1824 1348 1858 Ὀζίας
1359 1824 1405 1861 ἔτη
1420 1824 1470 1855 ν6’.
1480 1848 1487 1861 ,
1499 1825 1545 1855 καὶ
1560 1826 1668 1863 ἐποίησε
1679 1827 1749 1856 κατὰ
1762 1827 1812 1864 τὴν

1037 1870 1124 1911 ἀρχὴν
1143 1870 1175 1900 τὸ
1189 1870 1260 1904 seete
1270 1892 1278 1905 ‚
1296 1872 1333 1904 ὡς
1344 1872 1359 1900 ὁ
1372 1870 1462 1911 πατὴρ
1477 1873 1557 1901 αὐτοῦ
1571 1884 1577 1890 ·
1591 1873 1660 1909 πλὴν
1675 1874 1708 1903 τὰ
1721 1874 1811 1915 ὑψηλὰ

1035 1917 1084 1946 οὐκ
1101 1917 1203 1957 ἐξῆρεν.
1226 1916 1406 1956 Εὐοδούμενος
1426 1918 1454 1947 δὲ
1479 1918 1597 1958 ἐπήρθη,
1618 1920 1665 1949 καὶ
1683 1921 1812 1957 ἠθέλησεν

1036 1963 1122 2002 ἑαυτῷ
1136 1965 1263 2001 θυμιᾶσαι
1276 1963 1303 1991 ἐν
1317 1964 1356 2003 τῷ
1368 1965 1434 2004 ναῷ,
1448 1963 1512 2003 ὅπερ
1525 1964 1612 2003 μόνοις
1626 1969 1680 1999 τοῖς
1698 1968 1811 2006 ἱερεῦσιν

1036 2007 1129 2042 ἕξεσι-ι.
1148 2008 1197 2038 Διὸ
1215 2008 1261 2037 καὶ
1278 2007 1415 2048 ἕλεπρώθη
1436 2009 1550 2043 ἀκούσας
1560 2021 1566 2028 ·
1583 2012 1624 2040 Οὐ
1639 2011 1695 2047 σοὶ,
1711 2012 1789 2046 Ὀζία
1803 2036 1810 2050 ,

1036 2057 1164 2093 θυμιᾶσαι
1185 2057 1224 2095 τῷ
1246 2054 1347 2095 Κυρίῳ,
1361 2054 1376 2084 ὃ
1390 2054 1479 2093 μόνοις
1500 2060 1554 2090 τοῖς
1575 2057 1688 2096 ἱερεῦσιν
1702 2057 1811 2092 ἔξεστιν.

1037 2099 1102 2130 Ἐπὶ
1118 2099 1211 2129 τούτου
1223 2100 1363 2140 προφήτης
1383 2100 1506 2135 Ἡσαΐας.
1523 2102 1625 2142 Ἰωθὰμ
1637 2105 1651 2132 ὁ
1665 2104 1719 2138 υἱὸς
1732 2107 1812 2134 αὐτοῦ

1037 2145 1206 2175 ἐᾶασίλευσεν
1224 2146 1271 2182 ἔτη
1292 2145 1336 2180 ις’.
1347 2168 1355 2182 ,
1372 2146 1417 2176 καὶ
1438 2147 1547 2184 ἐποίησε
1560 2148 1591 2178 τὸ
1602 2149 1675 2183 εὒθὲς
1687 2152 1722 2184 ὡς
1733 2153 1747 2180 ὃ
1758 2163 1813 2180 πα-

1037 2191 1089 2232 τήρ
1108 2193 1187 2221 αὐτοῦ
1200 2204 1207 2211 ·
1219 2193 1290 2229 πλὴν
1304 2192 1338 2221 τὰ
1351 2192 1442 2233 ὑψηλὰ
1455 2194 1503 2223 οὐκ
1517 2194 1603 2235 ἐξῆρε.
1624 2196 1677 2226 Καὶ
1691 2197 1735 2226 ἐπὶ
1752 2197 1813 2227 τού-

239 2243 372 2283 regnavit,
383 2250 410 2272 et
422 2242 484 2272 fecit
497 2248 599 2271 rectum
612 2241 682 2271 sicut
694 2249 768 2282 pater
781 2243 866 2283 ipsius
882 2255 889 2272 ε
905 2252 985 2275 caete—
1001 2242 1019 2265 Β
1038 2250 1084 2268 τω
1115 2234 1148 2274 ἦν
1169 2238 1294 2272 Ἡσαΐας·
1321 2238 1402 2279 Ἀχὰζ
1424 2239 1478 2273 υἱὸς
1500 2242 1581 2270 αὐτόὗ
1605 2241 1651 2278 ἔτη
1681 2243 1723 2278 ις’·
1734 2266 1742 2279 ,
1767 2244 1813 2274 καὶ

241 2301 301 2320 rum
326 2289 430 2319 excelsa
449 2298 502 2317 non
525 2287 646 2317 abstulit.
669 2288 727 2317 Sub
745 2288 796 2318 hoc
814 2297 869 2319 crat
890 2290 984 2323 Isaias.

241 2336 330 2366 Achaz
338 2335 412 2365 filins
422 2335 481 2375 ejus
491 2344 575 2363 annos
582 2333 985 2371 satecim,etfecitmah1m.Sub

239 2384 291 2413 hoc
304 2389 378 2412 erant
401 2381 484 2411 Isaias
495 2387 521 2410 et
534 2379 613 2411 oded
624 2380 769 2420 prophetae.
788 2381 900 2412 Ezekias
911 2384 985 2415 filius

238 2431 298 2470 ejus
313 2428 434 2469 regnavit
450 2428 528 2456 annis
544 2427 642 2466 viginti
662 2437 769 2465 novem,
785 2436 811 2458 et
831 2431 894 2460 fecit
910 2434 984 2471 quod

240 2483 342 2505 rectum
354 2481 411 2503 erat
423 2473 493 2503 sicut
502 2472 592 2503 David
603 2473 728 2513 perfecte.
743 2474 794 2504 Hic
806 2475 918 2506 abstulit
931 2489 985 2507 ser-

241 2529 346 2561 pentem
359 2530 475 2557 aeneum,
483 2529 563 2558 quem
575 2519 749 2559 suspenderat
760 2522 857 2551 Moses.
866 2523 924 2552 Sub
934 2524 984 2554 hoc

241 2567 404 2598 senacherib
429 2573 455 2596 et
472 2568 606 2606 Rapsaces
620 2566 740 2606 Assyrii,
760 2567 834 2606 quod
853 2569 984 2610 blasphe-

242 2621 366 2651 mussent,
380 2612 498 2653 percussi
508 2619 580 2651 sunt,
593 2619 736 2652 posteaque
747 2623 800 2644 una
809 2622 886 2645 nocte
896 2626 983 2655 egres-

1038 2284 1148 2320 ἐποίησε
1164 2285 1195 2314 τὸ
1216 2284 1341 2325 πονηρόν.
1358 2285 1410 2314 Καὶ
1430 2286 1474 2315 ἐπὶ
1487 2287 1580 2316 τούτου
1595 2283 1627 2324 ἦν
1641 2288 1755 2324 ‘He-aia<
1768 2291 1813 2320 καὶ

1038 2330 1126 2366 Ὠδὴδ
1149 2333 1292 2371 προφῆται.
1316 2332 1437 2366 Ἐζεκίας
1457 2336 1471 2362 ὁ
1493 2333 1548 2367 υἱὸς
1567 2336 1645 2365 αὐτοῦ
1670 2336 1717 2372 ἔτη
1741 2337 1811 2374 κθ’.,

1038 2378 1084 2407 καὶ
1100 2376 1209 2412 ἐποίησε
1222 2378 1252 2407 τὸ
1264 2378 1335 2411 εὗθὲς
1351 2380 1389 2412 ὡς
1401 2379 1486 2409 Δαυὶδ
1497 2380 1612 2415 τελείως.
1627 2377 1712 2416 Οὗτος
1723 2386 1810 2413 καθεῖ-

1038 2425 1083 2452 λεν
1096 2424 1154 2463 ὄφιν
1168 2425 1293 2464 χαλκοῦν,
1308 2423 1336 2453 ὃν
1355 2425 1485 2465 ἐκρέμασε
1499 2428 1628 2462 Μωῦσῆς.
1644 2428 1710 2457 Ἐπὶ
1720 2429 1812 2458 τούτου

1039 2471 1146 2510 Σεναχη
1151 2470 1210 2509 ρεὶμ.
1223 2470 1269 2500 καὶ
1283 2470 1422 2511 Ῥαψάκης
1435 2474 1460 2502 οἱ
1472 2472 1603 2513 Ἀσσύριοι
1621 2475 1810 2515 βλασφημοῦν-

1038 2528 1081 2550 τες
1097 2517 1287 2557 ἐπατᾶχθησαν
1300 2517 1348 2556 μὲν
1369 2518 1459 2555 αὐτοὶ,
1483 2519 1550 2558 μετὰ
1572 2522 1656 2549 ταῦτα
1677 2522 1704 2550 ἐν
1720 2527 1769 2561 μιᾷ
1784 2521 1810 2550 δὲ

1037 2566 1112 2596 νυκτὶ
1129 2567 1250 2607 χιλιάδας
1274 2568 1341 2608 ρπε’.
1357 2568 1466 2603 ἐξελθὼν
1487 2569 1596 2609 ἄγγελος
1617 2572 1714 2601 ἀνεῖλε.
1735 2572 1810 2602 Μέλ-

1037 2619 1090 2647 λων
1121 2618 1148 2647 δὲ
1178 2619 1299 2653 Ἐζεκίας
1331 2620 1505 2656 ἀποθνήσκειν
1516 2644 1524 2658 ,
1548 2620 1627 2651 ἔλαὸε
1657 2622 1809 2662 προσθήκην
