1890 2826
1573 143 1658 201 55¹

644 177 691 199 ἸΝ
720 175 851 206 ΙὸΑΙΑΜ,
881 175 958 198 CAP.
988 176 1021 199 ll.

56 240 138 270 Δαυὶδ
150 239 220 269 οὕτω
233 238 323 279 φησὶν,
337 237 487 273 Ἀναστήτω
501 240 515 267 ὁ
525 238 594 270 Θεὸς
604 261 612 274 ,
628 237 673 266 καὶ
697 238 821 276 διασκορ-
873 235 1099 275 Quandoquidem
1116 243 1141 266 et
1155 236 1246 267 David
1253 237 1319 267 dicit
1333 250 1339 275 ς
1353 238 1505 278 Exsurgat
1524 239 1616 275 Deus,
1631 248 1696 270 Psal.
1706 248 1772 275 67.2.

56 286 225 322 πισθήωσαν
236 286 260 314 οἱ
279 284 370 325 ἐχθροὶ
387 286 483 314 αὐτοῦ·
500 284 545 313 καὶ
563 283 655 317 πάλιν,
666 283 794 318 Ἀνάστα,
809 284 823 311 ὁ
838 283 857 305 ¹⁴⁸»
875 287 903 309 et
913 282 1089 321 dissipentur
1108 285 1220 312 inimici
1239 285 1301 324 ejus
1312 296 1324 320 ;
1337 294 1368 313 ac
1379 294 1474 313 rursus
1491 296 1498 313 ε
1514 284 1616 325 Surge,
1631 292 1690 314 Psul
1706 292 1771 316 813.

54 332 125 364 Θεὸς
133 353 141 367 ,
149 330 243 371 ἶκρῖνον
257 330 305 366 τὴν
315 332 365 370 γῆν
374 341 381 348 ·
395 329 448 360 ἀπὸ
456 332 507 359 τῶν
518 329 687 369 ἀνθρωπίνων
701 328 825 368 πραγμά-

56 389 109 406 των
122 377 167 406 καὶ
181 376 327 417 σχημάτων
341 379 387 405 τοῦ
400 377 471 406 Θεοῧ
484 375 531 409 τὰς
542 375 672 415 ἐνεργείας
686 386 826 414 χαρακτη-

59 423 144 464 ρίζων.
154 424 190 453 Οἱ
202 423 254 463 γὰρ
268 422 399 462 ὀφθαλμοὶ
413 422 511 462 Κυρίου
523 421 636 461 ὑψηλοὶ,
652 423 666 450 ὁ
678 420 706 450 δὲ
721 420 825 460 ἄνθρω-

57 479 106 502 πος
118 468 248 502 ταπεινός.
271 463 340 497 Εἶτα
358 467 402 497 ἵνα
416 467 507 507 μηδεὶς
528 468 580 496 τῶν
605 466 754 496 ἀκουόντων
767 465 826 494 τότε

59 515 159 554 ἀπιστῇ
172 518 226 548 τοῖς
238 513 388 554 λεγομένοις
401 514 524 550 (πολλοῖς
536 513 588 553 γὰρ
601 514 664 552 παρ’
677 512 787 545 ἐλπίδας
797 511 829 540 τὸ

60 558 271 599 συμόησόμενον,
284 560 329 589 καὶ
355 558 517 599 προσδοκίας
537 559 643 594 ἁπάσης
668 558 796 598 ἀνώτερον
805 559 828 594 >;

60 605 225 646 *κατέφυγεν
238 605 283 635 ἐπὶ
295 605 343 641 τὴν
358 604 468 645 δύναμιν
481 607 527 634 τοῦ
549 608 685 638 ποιοῦντος
693 626 700 640 ,
721 603 768 633 καὶ
781 603 830 639 τὴν

62 652 194 682 εὐτέλειαν
215 653 268 681 τῶν
285 650 453 692 πασχόντων.
474 651 545 681 Οὔτε
565 650 616 691 γὰρ
636 651 727 687 Θεοῦ,
741 649 830 690 φησὶν,

876 327 967 363 Deus,
981 329 1087 367 judica
1104 335 1212 358 terram
1216 343 1229 365 ,-
1240 330 1275 359 ab
1289 329 1414 359 humanis
1426 331 1505 369 gestis
1519 337 1545 360 et
1559 341 1618 360 mo-

875 372 919 402 dis
929 374 980 402 Dei
992 374 1158 414 operationes
1183 375 1346 416 exprimens.
1370 377 1418 405 11.
1441 377 1528 406 Oculi
1541 379 1621 407 enim

877 419 998 448 Domini
1006 420 1155 458 sublimes,
1168 421 1254 450 homo
1266 427 1366 450 autem
1378 422 1507 452 humilis.
1517 423 1622 453 Deinde

877 475 911 494 ne
932 465 1067 505 quispiam
1094 466 1261 497 audientium
1296 466 1377 497 dictis
1409 475 1517 507 negaret
1541 468 1623 497 fidem

878 510 989 547 (multis
1006 511 1077 540 enim
1085 519 1176 541 eontra
1194 523 1269 552 spem
1282 520 1308 542 et
1327 514 1552 553 exspectationem
1566 521 1622 543 erat

878 556 908 586 id
917 557 991 596 quod
1006 565 1165 588 eventurum
1186 559 1325 597 dicebat),
1339 560 1510 600 confugiebat
1522 560 1557 590 ad
1571 571 1623 601 po-

876 603 986 633 tentiam
1000 604 1124 643 Opificis,
1135 612 1162 634 et
1174 605 1210 634 ad
1221 615 1314 634 eorum
1327 606 1375 645 qui
1388 607 1558 646 patiebantur
1571 607 1634 635 im-'

878 649 1063 679 becillitatem.
1081 651 1175 689 Neque
1191 651 1273 689 enim,
1289 652 1338 689 ait,
1356 653 1414 682 Deo
1427 659 1467 682 est
1483 652 1624 692 quidpiam

62 697 222 739 ὃψηλάτερόν
243 697 270 727 τί
291 699 372 734 ἐστιν,
396 697 456 727 οὔτε
477 696 620 737 ἀνθρώπων
641 695 830 735 εὐτελέστερον.
844 715 867 733 30
879 696 1035 735 sublimius,
1048 706 1134 735 neque
1145 697 1306 728 hominibus
1315 699 1407 729 vilius.
1417 700 1458 729 Ne
1468 710 1532 740 ergo
1546 699 1626 729 dubi-

62 744 109 780 Μὴ
123 744 209 774 τοίνυν
220 743 330 783 ἄπόρει,
339 745 364 772 εἰ
376 745 390 772 ὁ
404 743 486 783 μέγας
497 739 571 776 οὗτος
588 743 634 773 καὶ
653 742 759 783 ἰσχυρὸς
772 741 832 775 τοὺς
846 743 866 766 Α
880 749 929 779 tes,
948 753 1012 771 num
1027 743 1111 782 possit
1126 743 1173 781 ille
1191 754 1305 783 magnus
1323 752 1349 774 et
1367 745 1454 783 fortis,
1476 745 1626 775 imbecillos

61 791 174 823 εὔτελςῑς
191 790 284 829 ἀθρόον
297 789 366 818 οὕτω
376 791 539 819 ταπεινῶσαι
550 788 699 825 δυνήσεται.
714 788 768 817 Καὶ
781 800 830 817 κα-

62 838 114 870 λῶς
129 831 211 871 εἶπεν,
224 837 260 866 Οἱ
281 835 411 875 ὀφθαλμοὶ
425 835 524 876 Κυρίου
549 836 654 875 ὑψηλοί.
666 836 726 865 Οὔκ
747 829 830 871 εἶπεν,

62 885 80 918 ἡ
94 883 219 920 δύναμις,
231 882 301 917 ἀλλ’,
315 883 351 911 Οἱ
366 881 497 922 ὀφθαλμοὶ
511 881 610 921 Κυρίου
619 903 628 917 ,
641 882 678 915 ὡς
701 881 834 921 ἀρκούσης

62 928 108 957 καὶ
125 929 174 963 τῆς
192 927 276 967 ὄψεως
296 927 378 966 μόνης
390 927 496 957 ἅπαντα
507 927 541 957 τὰ
555 927 742 966 ἐναντιούμενα
753 930 834 957 καθε-

61 977 130 1004 λεῖν·
142 974 206 1014 ὅπερ
222 974 267 1003 καὶ
279 975 294 1003 ὁ
307 974 391 1003 Δαυὶδ
405 974 512 1014 ἑτέρωθι
521 975 610 1013 ἔλεγεν
619 986 625 992 ·
637 974 672 1004 ‘O
681 974 833 1003 ἐπιὸλέπων

63 1020 108 1050 ἐπὶ
128 1020 177 1056 τὴν
199 1022 260 1059 γῆν,
277 1020 323 1049 καὶ
343 1021 425 1049 ποιῶν
441 1020 523 1056 αὐτὴν
545 1019 666 1059 τρέμειν·
681 1020 726 1048 καὶ
747 1020 834 1059 ἕτερος

25 1084 29 1091 .
63 1066 143 1096 πάλιν
167 1066 319 1105 προφήτης·
343 1066 561 1105 ’Ἐπιὸλέψομαι
588 1065 652 1105 πρὸς
675 1066 763 1102 αὐτὸν,
789 1065 834 1094 καὶ

65 1111 212 1150 δυνήσομαι
225 1112 308 1151 αὐτῷ.
333 1110 388 1140 Καὶ
408 1110 635 1145 ταπεινωθήσεται
657 1111 687 1139 τὸ
705 1110 768 1150 ὕψος
782 1112 834 1139 τῶν

65 1157 219 1197 ἀνθρώπων,
246 1157 292 1186 καὶ
319 1156 488 1196 ὑψωθήσεται
515 1155 611 1195 Κύριος
635 1156 713 1195 μόνος
741 1157 768 1185 ἐν
800 1158 833 1195 τῇ

63 1203 152 1242 ἡμέρᾳ
166 1202 261 1241 ἐκείνῃ.
277 1202 334 1236 Τῆς
347 1201 398 1241 γὰρ
420 1201 568 1241 παραδόξου
590 1202 732 1241 γενομένης
746 1201 834 1237 νίκης,

65 1247 111 1277 καὶ
124 1249 178 1276 τῶν
192 1248 323 1287 λαμπρῶν
340 1247 386 1276 καὶ
398 1248 558 1285 θαυμαστῶν
573 1246 705 1286 τροπαίων
719 1247 835 1283 ἐκείνων,

65 1293 111 1323 καὶ
137 1293 258 1332 δαίμονες
279 1292 488 1332 Ι’ἠλι-Εγχθησαν,
513 1293 558 1322 καὶ
580 1293 676 1322 εἴδωλα
694 1293 835 1332 ἠτιμώθη,

65 1340 280 1379 ψευδοπροφῆται
300 1337 538 1377 ἐπεστομίσθησαν,
555 1338 601 1367 καὶ
616 1340 668 1368 τῶν
695 1339 835 1379 βαρὸάρων

66 1387 83 1420 ἡ
101 1385 221 1425 τυραννὶς
234 1384 380 1420 κατελύθη,
393 1383 439 1414 καὶ
452 1389 505 1413 πᾶν
517 1386 556 1424 τῷ
570 1385 634 1424 Θεῷ
652 1385 738 1423 στόμα
761 1386 834 1414 ἐναν-

66 1430 201 1469 τιούμενον
221 1430 362 1470 ἐνεφροίγη.
373 1429 425 1459 Διὰ
439 1429 518 1459 τοῦτό
539 1442 628 1470 φησιν,
650 1430 836 1470 ’Υψωθήσεται

67 1476 164 1516 Κύριος
183 1476 269 1515 μόνος.
285 1476 380 1509 Οὐδεὶς
393 1475 468 1505 ἔσται
489 1475 581 1505 λοιπὸν
604 1478 618 1505 ὁ
632 1478 762 1516 ἀντερῶν,
777 1477 836 1506 οὐδὲ

67 1521 241 1561 ἀμφιὸοίλλων
261 1521 322 1561 περὶ
341 1523 389 1556 τῆς
401 1524 447 1550 τοῦ
461 1523 532 1551 Θεοῦ
552 1522 703 1561 δυνάμεως,
723 1525 771 1558 τῆς
783 1525 835 1552 τῶν

67 1567 230 1608 πραγμάτων
245 1567 400 1601 ἀποδείξεως
418 1567 487 1597 οὕτω
507 1568 673 1608 σαφεστάτης
689 1569 835 1608 γεγενημέ-

67 1625 123 1648 νης.
147 1613 188 1642 Τὸ
211 1612 259 1651 μὲν
273 1614 324 1653 γὰρ
344 1615 392 1648 τῆς
413 1612 514 1652 φύσεως
538 1613 601 1647 ὕψος
625 1614 682 1653 ἔχει
705 1614 835 1651 διηνεκὲς,

69 1658 192 1688 οὐδέποτε
205 1658 359 1698 ἀρξάμενον,
375 1659 444 1688 ἀλλὰ
458 1659 498 1688 ἀεὶ
517 1659 558 1689 ὄν·
571 1661 698 1699 ὑψοῦσθαι
719 1661 746 1689 δὲ
759 1661 836 1700 λέγε-

67 1717 112 1734 ται
125 1707 152 1734 ἐν
165 1707 199 1744 τῇ
214 1704 315 1743 διανοίᾳ
327 1706 380 1733 τῶν
394 1704 548 1744 ἀνθρώπων,
562 1707 623 1734 ὅταν
646 1707 669 1734 οἱ
683 1706 835 1745 ἀντιλέγον-

882 789 920 819 sic
933 789 1071 818 confestim
1086 788 1246 829 deprimere.
1259 791 1295 820 Et
1305 791 1426 831 apposite
1439 792 1522 828 dixit,
1539 793 1627 822 Oculi

883 836 1006 864 Domini
1028 836 1177 865 sublimes.
1204 838 1264 866 Non
1292 837 1377 875 dixit,
1403 839 1522 868 Potentia
1530 861 1540 875 ,
1565 838 1624 875 sed,

885 883 972 911 Oculi
989 882 1121 918 Domini,
1134 883 1212 921 quasi
1225 883 1299 913 solus
1309 891 1431 924 aspectus
1443 885 1526 924 possit
1537 886 1625 914 omnia

882 927 934 956 sibi
943 927 1100 957 reluctantia
1110 935 1276 967 prosternere
1293 941 1300 957 ε
1312 929 1342 958 id
1355 930 1429 968 quod
1443 931 1523 960 etiam
1535 931 1626 962 David

883 974 949 1003 alibi
962 974 1067 1003 dicebat
1080 985 1086 1002 :
1106 976 1164 1013 Qui
1181 977 1295 1014 respicit
1305 982 1422 1014 terram,
1434 978 1551 1018 etfacit
1561 988 1624 1007 eam
1638 983 1704 1004 Psal.
1718 982 1770 1004 103.

883 1026 1004 1048 tremere
1011 1031 1024 1055 ;
1047 1027 1073 1048 et
1092 1020 1162 1048 alius
1182 1020 1281 1049 iterum
1298 1022 1427 1061 propheta
1441 1035 1447 1051 :
1463 1024 1626 1063 Respiciam

883 1065 923 1093 ad
933 1075 999 1093 eum
1008 1087 1015 1101 ‚
1031 1071 1059 1094 et
1067 1066 1231 1103 praevatebo
1241 1068 1278 1095 ei.
1290 1068 1332 1096 Et
1346 1067 1552 1099 humiliabitur
1561 1071 1628 1099 alti-

884 1111 954 1139 tudo
972 1111 1137 1146 hominum,
1153 1117 1182 1140 et
1196 1112 1378 1142 exaltabitur
1389 1115 1534 1145 Dominus
1547 1117 1627 1146 solus

885 1156 916 1184 in
926 1156 973 1185 die
984 1156 1051 1185 illa.
1064 1158 1211 1196 Conspecta
1220 1157 1292 1186 enim
1301 1158 1350 1187 illa
1357 1159 1493 1199 inopinata
1503 1161 1626 1200 victoria,

850 1202 869 1226 B
885 1201 994 1240 illisque
1005 1202 1158 1241 conspicuis
1171 1202 1390 1242 admirandisque
1398 1206 1517 1245 tropaeis,
1530 1207 1629 1237 daemo-

885 1257 933 1276 nes
942 1247 1043 1277 devicti
1061 1254 1134 1285 suut,
1150 1242 1224 1278 idola
1236 1249 1367 1280 dedecore
1382 1252 1492 1290 affecta,
1509 1254 1628 1293 pseudo-

885 1292 1076 1333 prophetarum
1095 1304 1141 1323 ora
1160 1294 1295 1333 obturata,
1310 1296 1488 1328 harbarorum
1509 1301 1630 1340 tyrannis

885 1338 983 1376 soluta,-
996 1346 1022 1368 et
1033 1350 1062 1369 os
1072 1350 1160 1377 omne,
1173 1340 1247 1379 quod
1257 1342 1314 1371 Deo
1324 1344 1507 1382 aversabatur,
1523 1346 1630 1375 obstru-

884 1391 958 1414 ctum
974 1392 1022 1414 est.
1038 1385 1102 1415 Ideo
1115 1385 1164 1422 ait,
1175 1387 1369 1417 Exaltabitur
1377 1389 1522 1421 Dominus
1535 1392 1626 1421 solus.

885 1430 986 1460 Nullus
1002 1431 1053 1460 erit
1066 1431 1192 1472 deinceps
1209 1433 1257 1471 qui
1273 1434 1451 1474 contradicat,
1472 1447 1520 1466 nec
1532 1438 1580 1476 qui
1593 1438 1628 1467 de

885 1476 936 1506 Dei
959 1477 1077 1516 potentia
1105 1477 1227 1516 dubitet,
1250 1489 1312 1509 cum
1325 1491 1416 1511 rerum
1430 1490 1566 1522 gestarum
1576 1484 1625 1513 de-

886 1523 1042 1552 monstratio
1064 1523 1264 1554 evidentissima
1282 1525 1373 1556 suerit.
1397 1529 1506 1558 Naturae
1527 1530 1628 1570 quippe

885 1569 983 1600 divinae
993 1570 1123 1600 celsitudo
1133 1578 1261 1611 perpetua
1272 1579 1355 1611 est,ac
1363 1583 1510 1614 numquam
1517 1576 1626 1616 incepit,

885 1616 930 1645 sed
945 1627 1049 1657 semper
1067 1624 1119 1648 est;
1135 1617 1247 1647 exaltari
1268 1626 1357 1656 autem
1373 1619 1474 1650 dicitur
1495 1622 1522 1651 in
1542 1630 1629 1652 mente

885 1663 1034 1697 hominum,
1052 1663 1160 1702 quando
1181 1664 1201 1692 ii
1222 1664 1269 1702 qui
1288 1666 1504 1697 contradicebant
1517 1675 1543 1698 et
1556 1669 1628 1698 relu-

884 1709 1026 1737 ctabantur
1037 1731 1044 1744 ‚
1060 1709 1119 1747 ipsa
1139 1719 1230 1737 rerum
1249 1710 1476 1742 demonstratione
1488 1713 1626 1751 suadente,

67 1763 110 1785 τες
135 1751 179 1780 καὶ
201 1749 408 1788 ἐναντιούμενοι,
430 1751 475 1779 ἀπ’
498 1751 579 1784 αὗτῆς
598 1753 652 1779 τῶν
670 1752 835 1790 πραγμάτων
850 1754 868 1777 C
884 1753 999 1789 cedunt,
1013 1764 1044 1782 ac
1057 1760 1250 1793 competentem
1271 1755 1486 1787 benedictionem
1500 1759 1626 1788 referunt.

67 1796 269 1831 πεισθέντεςτῆς
280 1794 612 1834 ἀποδείξεως-,ὑποκύψωσι
620 1817 627 1830 ,
639 1795 685 1824 καὶ
695 1796 742 1832 τὴν
756 1808 833 1837 προσ-

67 1843 181 1878 ήκουσαν
195 1841 365 1881 ἀνενέγκωσιν
384 1841 525 1881 εὐφημίαν.
541 1841 646 1881 Ἡμέρα
665 1842 716 1882 γὰρ
736 1843 834 1882 Κυρίου

67 1887 182 1919 §.neacho
197 1888 371 1927 παραγίνεται
382 1887 426 1916 ἐπὶ
435 1887 522 1916 πάντα
534 1887 661 1927 ὖὸριστῆν
675 1888 721 1917 καὶ
735 1889 833 1928 ὑπερή-

67 1946 156 1974 φανον,
172 1934 217 1963 καὶ
232 1934 275 1962 ἐπὶ
288 1933 375 1962 πάντα
389 1932 488 1972 ὑψηλὸν
503 1932 547 1961 καὶ
566 1932 706 1974 μετέωρον,
723 1934 768 1963 καὶ
787 1947 834 1963 τα-

66 1980 281 2016 πεινωθήσονται.
295 1978 347 2008 Καὶ
361 1978 405 2007 ἐπὶ
427 1983 515 2007 πᾶσαν
534 1977 626 2018 κέδρον
650 1982 695 2008 τοῦ
718 1979 833 2008 Λιὸοίνου

22 2050 31 2059 ,
66 2028 118 2056 τῶν
129 2027 237 2066 ὑψηλῶν
259 2025 303 2054 καὶ
327 2023 475 2063 μετεώρων,
500 2024 545 2053 καὶ
571 2024 616 2053 ἐπὶ
635 2029 688 2054 πᾶν
713 2025 832 2065 εδένδρον

67 2072 182 2111 βαλάνου
200 2074 299 2101 Βασᾶν.
314 2070 368 2100 Καὶ
391 2070 435 2099 ἐπὶ
451 2075 505 2099 πᾶν
522 2070 579 2109 ὄρος
593 2071 704 2110 ὑψηλὸν,
725 2071 770 2100 καὶ
789 2071 833 2101 ἐπὶ

65 2123 118 2147 πᾶν
136 2122 222 2158 τεῖχος
245 2116 353 2157 ὑψηλόν.
368 2115 422 2145 Καὶ
438 2116 482 2145 ἐπὶ
496 2116 583 2145 πάντα
607 2117 706 2157 πύργον
720 2117 830 2157 ὑψηλόν.

66 2163 119 2193 Καὶ
133 2164 177 2193 ἐπὶ
190 2167 243 2192 πᾶν
256 2164 347 2192 πλοῖον
373 2161 506 2198 θαλάσσης
515 2183 523 2196 ,
535 2162 579 2191 καὶ
594 2163 637 2191 ἐπὶ
661 2167 749 2192 πᾶσαν
771 2163 832 2193 θέαν

66 2209 177 2243 κάλλους
200 2209 307 2238 πλοίων.
330 2208 382 2238 Καὶ
403 2208 628 2244 ταπεινωθήσεται
650 2208 680 2237 τὸ
701 2209 765 2249 ὕψος
779 2212 832 2239 τῶν

67 2259 219 2299 ἀνθρώπων,
234 2258 279 2288 καὶ
290 2258 457 2298 ὑψωθήσεται
468 2257 565 2298 Κύριος
577 2259 653 2297 μόνος
660 2260 687 2288 ἐν
696 2261 729 2299 τῇ
743 2261 832 2302 ἡμέρᾳ

885 1801 933 1828 19.
943 1800 1014 1828 Dies
1036 1801 1113 1828 enim
1132 1800 1253 1828 Domini
1269 1801 1399 1831 Sabaoth
1414 1804 1533 1833 advenit
1543 1815 1628 1845 super
1666 1830 1668 1838 .

883 1855 999 1874 omnem
1017 1845 1257 1875 contumeliosum
1270 1853 1299 1875 et
1310 1850 1463 1886 superbum
1474 1871 1482 1886 ,
1500 1857 1529 1879 et
1541 1860 1628 1890 super

883 1902 996 1920 omnem
1007 1891 1154 1921 excelsum
1165 1898 1194 1920 et
1207 1892 1370 1929 sublimem,
1383 1900 1410 1923 el
1425 1895 1626 1926 humiliabun—

884 1946 939 1968 tur.
953 1940 1001 1968 15.
1011 1940 1053 1968 Et
1063 1949 1149 1977 super
1158 1949 1271 1968 omnem
1284 1941 1403 1969 cedrum
1413 1942 1520 1971 Libani
1531 1945 1626 1973 excel-

883 1994 946 2013 sam.
965 1990 993 2013 et
1013 1984 1182 2021 sublimem,
1198 1991 1226 2013 et
1248 1994 1336 2024 super
1359 1996 1474 2016 omnem
1494 1990 1624 2019 arborem

883 2030 1000 2070 glandis
1015 2031 1126 2059 Basan.
1145 2031 1191 2059 14.
1206 2031 1249 2059 Et
1265 2041 1353 2070 super
1369 2042 1483 2063 omnem
1498 2043 1625 2065 montem

883 2076 1037 2112 excelsum,
1057 2082 1086 2105 et
1104 2085 1189 2115 super
1207 2086 1322 2106 omnem
1336 2088 1452 2108 murum
1463 2081 1624 2111 sublimem.

884 2124 931 2153 15.
942 2123 985 2152 Et
995 2133 1080 2162 super·
1095 2132 1210 2151 omnem
1229 2125 1330 2152 turrim
1344 2125 1509 2156 sublimem.
1522 2127 1570 2158 16.
1583 2130 1626 2158 Et

872 2179 968 2209 ,super
979 2179 1065 2198 omne
1082 2171 1231 2208 navigium
1251 2172 1351 2207 maris,
1365 2178 1393 2200 et
1405 2182 1492 2212 super
1511 2185 1624 2204 omnem

883 2223 1030 2255 aspectum
1037 2216 1264 2256 pulchritudinis
1277 2218 1407 2247 navium.
1419 2220 1467 2248 17.
1477 2221 1519 2249 Et
1530 2221 1625 2251 humi-

883 2264 1005 2293 liabitur
1011 2263 1138 2292 altitudo
1148 2264 1337 2301 hominum,et
1345 2265 1626 2297 exaltabiturDomz-

66 2309 162 2349 ἐκείνῃ.
181 2310 278 2349 Τεῖχος
297 2310 408 2339 ἐνταῦθα
430 2309 476 2339 καὶ
499 2309 590 2349 κέδρον
608 2309 652 2338 καὶ
671 2311 761 2349 βουνὸν
784 2312 829 2341 καὶ
846 2321 865 2343 o
886 2321 941 2341 nus
952 2310 1030 2340 solu-5
1039 2310 1071 2338 in
1079 2309 1125 2337 die
1133 2309 1313 2339 illa-Murum
1321 2310 1377 2347 hic,
1389 2311 1622 2351 cedfflffl2⁰⁰fl⁰m5

99 2387 112 2401 ’‘
129 2387 205 2413 Savil.
222 2392 288 2412 recte
303 2392 435 2422 κατέφυγεν.
448 2386 534 2412 ΜοτεΙ.
548 2392 680 2422 κατέφυγον.

98 2436 108 2446 ·
125 2426 203 2453 Savil.
214 2433 239 2451 et
251 2426 312 2459 Reg.
327 2429 475 2460 ὶπιὸλέψομαι
491 2431 548 2462 πρὸς
561 2429 636 2457 αὐτὸν,
652 2431 691 2453 καὶ
701 2429 821 2461 δυνήσομαι

66 2471 141 2494 αὐτόν.
151 2466 286 2500 Sequimur
298 2464 429 2491 Morellum
440 2471 466 2490 et
474 2465 618 2490 Editionem
627 2473 671 2493 τῶν
682 2466 717 2493 0'.
728 2467 823 2493 Roma-

69 2515 139 2539 nam,
150 2507 194 2539 qui
205 2504 298 2531 habent
313 2509 350 2531 καὶ
361 2507 482 2538 δυνήσομαι
493 2508 563 2538 αὐτῷ.

98 2547 110 2565 b
128 2545 284 2579 ἡλιγχθησαν.
306 2543 441 2569 Familiare
462 2550 500 2569 est
517 2544 702 2578 Chrysostomo
725 2549 823 2579 ἐλέγχειν

71 2594 190 2619 uturpare
201 2594 248 2619 pro
259 2586 369 2614 vincere,
383 2592 506 2617 superare.

906 2397 916 2408 c
935 2389 995 2421 Reg.
1010 2390 1097 2422 ’δίνδρον
1108 2390 1201 2413 Διὸάνου
1213 2395 1292 2419 Burin,
1304 2397 1379 2421 quam
1391 2389 1523 2414 lectionem
1535 2399 1624 2424 sequu-

873 2436 912 2454 tus
921 2429 997 2453 etiam
1006 2433 1044 2452 est
1050 2426 1128 2452 Savil.
1138 2426 1187 2451 Sed
1197 2427 1223 2452 in
1233 2429 1344 2461 margine
1354 2430 1437 2460 posuit
1442 2432 1543 2463 βαλάνου
1553 2437 1558 2450 -·
1570 2440 1624 2464 quae

873 2476 930 2493 vera
942 2473 981 2492 est
993 2466 1076 2497 lectio,
1085 2474 1189 2499 eamque
1196 2467 1426 2499 sequunturMorel.
1437 2474 1462 2492 et
1476 2469 1510 2494 0'.
1523 2473 1624 2503 βαλάνου

873 2514 953 2534 naseu.
978 2505 1117 2531 liebra'i'cus
1138 2514 1198 2531 vero
1216 2511 1298 2531 textus
1315 2510 1399 2546 ‘vnn
1423 2497 1515 2539 ῃὴκ.
1534 2508 1627 2542 [paulo

874 2556 931 2582 post
952 2547 1072 2574 excidisse
1094 2547 1211 2573 videntur
1238 2554 1295 2580 post
1320 2551 1370 2583 ὅρος
1394 2550 1476 2582 ὑψηλόν
1495 2551 1569 2576 verba
1589 2557 1625 2582 μὶ

875 2593 910 2616 ἐπὶ
923 2593 998 2616 πάντα
1010 2591 1088 2621 βουνὸν
1100 2586 1204 2620 ὑψηλόν-]

1639 1030 1705 1066 Osco.
1719 1042 1779 1074 ¹¹·sl'
