1904 2840
622 186 653 209 ΙΝ
682 183 897 207 MATTHAEUM.
925 184 1043 208 nomn„
1071 185 1167 208 xnix.

1609 176 1682 225 945

153 249 307 280 emollitur
317 253 408 287 supra
420 256 507 276 omne
521 246 601 286 quod
612 246 721 275 dicitur
733 245 826 279 Deus,
840 251 892 274 aut
909 249 928 274 Α
946 255 1039 290 gnum,
1057 246 1148 275 muliae
1168 247 1306 287 scripturae
1326 248 1487 288 significant,
1509 251 1628 283 maxime
1643 260 1682 282 ta-

152 290 233 330 quod
244 289 420 323 coliiur‚·ita
437 287 512 316 utin
525 285 632 324 templo
644 285 700 313 Dei
713 284 801 323 quasi
814 283 892 312 Dens

151 330 261 363 sedeat,
285 327 439 357 ostendens
459 335 491 354 se
516 326 602 364 quasi
623 325 660 353 sit
685 326 776 352 Deus.
792 323 827 353 Et
854 322 893 352 sic

151 369 242 398 omnia
254 367 302 396 illa
315 366 385 396 mala
399 365 530 394 haeresum
546 363 726 398 diversarum,
740 373 801 401 quae
817 369 893 395 antea

151 407 331 437 audiebantur
347 412 460 440 tantum,
475 411 566 444 postea
578 409 708 433 steterunt
718 402 745 431 in
760 402 820 431 loco
832 411 893 430 san-

152 454 196 477 cto
207 445 355 476 desolantia
365 444 512 474 Ecclesiam
520 443 632 473 Christi.
643 443 694 472 Ex*
701 452 756 480 quo
767 441 829 470 data
838 441 892 470 sibi

152 487 270 522 lieentia,
283 490 423 525 coeperunt
436 493 528 513 omnes
549 482 658 523 publice
678 482 778 511 habere
797 480 891 510 Eccle-

153 527 216 556 sias.
231 527 267 556 Et
279 535 328 555 uos
347 523 458 563 quidem
479 522 655 563 exposuimus
675 521 721 550 hic
742 519 893 549 auditiones

152 565 319 605 praeliorum,
334 570 361 593 et
381 563 475 598 fimes,
491 568 518 592 et
530 568 703 596 terraemotus,
717 566 743 589 et
761 559 892 599 pestilen-

152 605 219 642 tias,
242 604 394 634 auditiones
414 602 564 637 haeresum,
577 608 604 630 et
628 600 733 640 inopias
754 597 849 633 verbi,
865 604 892 627 et

152 644 339 674 concussiones
349 641 574 676 Christianorum,
588 647 614 670 et
630 639 814 679 corruptiones
829 648 893 667 mo-,·

153 695 226 722 rum,
246 693 306 723 quae
323 689 383 711 ante
399 687 589 722 praecesserunt
601 690 616 709 a
630 686 748 719 tempore
758 678 892 707 Constan—

153 723 223 761 tini,
249 733 334 762 usque
357 720 393 750 ad
406 728 512 760 tempus
531 718 690 758 Theodosii.
706 717 890 747 Abominatio-

153 773 214 793 nem
225 770 314 792 autem
326 759 497 791 desolationis
508 759 629 795 diximus
640 768 697 788 esse
716 757 785 786 lianc
805 756 814 785 i
825 766 893 785 isam

153 802 292 839 haeresim,
305 812 365 840 quae
390 799 534 839 occupavit
552 805 648 828 sanctae
664 796 790 827 Ecclesiae
813 767 870 825 loca
881 816 890 831 ,

155 848 181 871 et
199 842 299 871 multos
319 840 451 870 desolavit
468 850 482 868 a
500 838 565 874 fide,
587 844 614 867 et
634 838 724 877 ipsum
745 835 892 865 exercitum

155 881 331 917 Antichristi,
353 887 380 910 et
403 885 511 909 eaeteras
530 877 659 912 haereses,
673 886 733 915 quae
755 882 894 915 coeperunt

154 921 264 961 publice
285 918 384 950 habere
403 917 547 954 Eud-sias,
565 917 655 946 locum
676 916 825 945 obtinentes
844 915 894 944 Ec-

155 961 241 990 elesiae
252 966 385 990 sanetum.
400 958 429 988 Si
443 957 504 996 quis
517 963 606 985 autem
619 955 769 985 auditiones
783 954 892 993 quidem

154 1000 322 1039 praeliorum,
331 999 415 1027 fames
423 1004 449 1027 et
462 996 607 1029 tumultus,
624 1002 650 1024 et
661 994 835 1035 pestilentias,
849 994 893 1023 in-

155 1039 259 1078 telligat
268 1049 326 1068 esse
334 1037 424 1067 omnia
434 1037 491 1066 haec
503 1035 573 1065 mala
582 1034 745 1075 spiritualia,
758 1034 894 1072 quaefacta

28 1090 31 1091 ⁷
84 1095 140 1111 cciii
155 1084 219 1108 sunt
230 1086 350 1118 tempore
362 1075 530 1107 Constantini
549 1074 630 1104 simul
644 1081 670 1104 et
684 1073 830 1103 Theodosii
846 1083 894 1102 us-

41 1120 44 1123 “
155 1129 210 1157 que
223 1128 306 1155 nune,
318 1116 543 1146 abominationem
559 1121 649 1144 autem
669 1113 840 1143 desolationis
853 1113 895 1142 in-

155 1158 259 1198 telligat
271 1167 328 1187 esse
339 1157 428 1197 ipsum
441 1154 648 1190 Antichristum,
662 1153 709 1192 qui
724 1152 894 1193 postmodum

155 1198 247 1228 venire
255 1203 387 1237 speratur,
401 1202 428 1225 et
439 1195 559 1224 obtinere
568 1193 626 1223 loca
640 1192 822 1229 Ecclesiarum
833 1202 893 1221 san-

156 1244 198 1266 cta
208 1237 260 1267 sub
272 1247 286 1266 s
337 1236 359 1265 'e
371 1235 484 1270 Christi,
495 1241 523 1263 et
533 1233 632 1263 multos
648 1232 771 1262 fidelium
787 1231 894 1261 desola-

156 1287 185 1306 re
201 1287 272 1306 :non
285 1274 505 1305 irrationabiliter
521 1273 598 1303 dicit.
615 1273 688 1303 Nam·
699 1272 756 1302 sive
776 1272 824 1301 ista
838 1271 894 1300 hae·

157 1316 242 1352 resis,
283 1325 324 1344 uae
341 1315 399 1355 jam
423 1315 524 1349 tenuit,
548 1313 606 1342 sive
625 1312 742 1352 populns
762 1311 826 1347 ille,
847 1310 894 1350 qui

157 1362 245 1395 postm
283 1365 330 1385 um
354 1364 417 1384 cum
438 1353 447 1382 i
522 1351 687 1381 Antichristo
707 1358 746 1381 est
765 1351 894 1380 futurus:

158 1401 228 1424 reete
238 1394 370 1424 exercitiis
384 1393 449 1422 intel
461 1393 546 1432 igitur
557 1401 615 1421 esse
626 1390 794 1421 Antichristi.
807 1390 844 1420 Et
855 1389 895 1419 sic

157 1434 294 1474 prophetae
306 1433 388 1463 verba
409 1432 559 1471 significant
579 1430 665 1471 magis
675 1430 710 1460 de
722 1439 894 1460 cousumma-

157 1474 228 1503 tione
241 1472 335 1503 mnndi
350 1484 357 1501 τ
372 1471 512 1513 prophetia
526 1477 626 1506 tamen,
639 1470 709 1500 sieut
721 1469 800 1499 docet
813 1469 896 1499 Chri—

157 1520 227 1550 stus,
241 1513 276 1543 ad
295 1519 439 1550 utrumque
456 1518 496 1540 est
515 1510 597 1540 dicta.
617 1511 687 1540 Sunt
707 1516 794 1539 autem
813 1509 896 1538 vei-ba

31 1553 207 1592 an.9.27.illa
218 1553 285 1582 sic':
307 1554 346 1581 In
365 1551 487 1580 dimidio
508 1551 623 1589 septimi
646 1551 721 1578 anni
747 1548 897 1587 auferetur·

153 1594 225 1633 juge
247 1591 437 1631 sacrficium,
459 1597 486 1619 et
504 1590 684 1619 abominatio
706 1583 896 1620 desolationis

158 1632 247 1661 stabit
261 1633 293 1661 in
305 1631 369 1660 loco
381 1633 496 1666 sanctii,
510 1639 602 1668 usque
614 1630 656 1658 ad
671 1628 896 1657 consummatio·

160 1682 225 1701 nem
240 1671 384 1710 [stupor-is,
397 1676 426 1699 et
442 1670 656 1699 consummatio
674 1668 793 1697 dabitur
811 1676 898 1705 super

158 1712 357 1741 solitudinem.
371 1708 433 1739 Illic
451 1708 584 1738 exercitus
602 1709 740 1737 Romanus
754 1706 842 1735 dictus
857 1712 897 1734 est

158 1750 323 1780 abominatio
343 1747 533 1783 desolationis,
559 1747 623 1785 quia
647 1746 682 1776 ad
705 1745 895 1775 desolationem
916 1775 920 1779 ⁴

158 1790 315 1821 redacturus
333 1790 421 1818 suerat
443 1789 460 1819 J
463 1787 588 1817 nda‘icum
606 1787 710 1816 cultum
724 1798 731 1815 :
746 1785 790 1814 hic
807 1791 896 1813 autem

158 1829 340 1859 Antichristus
349 1827 450 1858 dicitur
462 1826 624 1857 abominatio
635 1824 817 1859 desolationis,
833 1823 896 1862 quia

158 1869 306 1899 multorum
318 1867 533 1898 Christianorum
549 1866 651 1895 animas
666 1866 784 1894 facturus
796 1870 836 1892 est
847 1862 895 1891 de-

158 1909 255 1939 solatas
263 1919 280 1937 a
289 1909 357 1938 Deo.
367 1908 437 1937 Nam
447 1913 587 1944 antequam
599 1910 724 1944 caperent
734 1902 847 1933 Romani
855 1903 871 1932 J
873 1912 898 1931 e-

158 1947 317 1984 rusalem‚in
325 1946 440 1976 dimidio
451 1944 627 1976 hebdomadis
633 1943 757 1973 Christus
765 1953 812 1982 pei·
821 1952 896 1970 suam

158 1987 308 2017 doctrinam
321 1986 383 2016 tulit
395 1985 430 2014 de
442 1985 605 2024 mediojuge
618 1982 778 2012 sacrificium
792 1982 808 2010 J
812 1980 898 2009 udaeo-

160 2038 233 2056 rum.
246 2027 315 2056 Nam
322 2025 423 2055 dicitur
432 2025 520 2055 tribus
529 2025 604 2053 annis
615 2029 639 2051 et
649 2032 696 2051 sex
706 2021 841 2050 mensibus
852 2019 897 2048 do-

158 2067 257 2103 cuisse,
273 2065 320 2105 qui
331 2075 458 2095 numerus
472 2064 535 2093 facit
545 2061 689 2092 dimidium
703 2067 803 2100 septem
813 2069 913 2089 anno-t

158 2117 233 2143 rum,
250 2113 278 2135 ut
291 2104 362 2134 illud
379 2104 552 2139 sacrificium,
568 2100 642 2140 quod
653 2100 754 2140 jugiter
770 2100 855 2128 fuerat
869 2098 895 2127 in

161 2156 223 2179 iisu,
237 2145 375 2174 tolleretur
387 2143 421 2172 de
433 2142 532 2177 medio,
543 2148 569 2170 et
582 2141 722 2170 offerretur
736 2138 897 2168 sacrificium

161 2184 251 2213 laudis
261 2184 289 2212 iu
301 2193 377 2218 voce,
392 2189 418 2211 et
430 2181 591 2211 sacrificium
601 2179 711 2218 justitiae
721 2179 747 2207 in
759 2177 896 2217 operibus,

160 2230 186 2252 et
196 2221 357 2252 sacrificium
367 2221 440 2260 pacis
450 2231 498 2259 per
505 2218 705 2249 eucharistiam.
721 2219 814 2255 Usque
822 2216 855 2245 ad
867 2216 897 2244 fi-

161 2273 221 2292 nem
231 2268 320 2291 autem
329 2259 419 2289 saeculi
430 2259 563 2288 tumultus
572 2264 621 2293 est,
633 2258 696 2295 qnia
710 2257 727 2286 J
730 2256 823 2285 uda'i'ca
836 2265 898 2284 con-

160 2301 274 2331 suetudo
287 2299 322 2329 de
332 2298 470 2328 sacrificiis
488 2296 630 2326 offerendis
649 2306 712 2324 num
734 2306 794 2324 uam
805 2301 844 2324 est
854 2304 896 2323 re-

160 2340 288 2381 paranda.
306 2341 374 2368 Item
395 2337 422 2367 in
446 2336 561 2366 dimidio
580 2306 768 2370 hebdomadis,
783 2334 833 2363 hoc
845 2340 896 2368 est,

160 2381 249 2410 tribus
271 2377 347 2408 annis
371 2384 396 2406 et
416 2387 464 2406 sex
483 2375 636 2409 mensibus,
663 2374 724 2402 hoc·
737 2372 897 2402 sacrificium

159 2419 375 2450 Christianorum
388 2415 537 2445 tollendum
549 2420 588 2443 est
597 2413 632 2442 ab
645 2412 820 2448 Antichristo,
833 2422 898 2441 con-

160 2458 327 2498 fugientibus
340 2455 501 2486 Christianis
510 2460 569 2482 ante
577 2463 639 2482 eum
650 2463 697 2491 pei·
707 2451 766 2480 loca
773 2451 875 2480 deserta
888 2463 895 2479 ι

161 2507 214 2527 non
224 2497 274 2526 erit
286 2497 333 2536 qui
347 2502 393 2525 aut
406 2495 434 2524 in
448 2493 587 2524 ecclesiam
606 2492 697 2526 intret,
715 2497 762 2520 aut
778 2491 898 2520 oblatio-

138 2546 140 2548 ’
161 2547 221 2566 nem
235 2537 328 2565 offerat
337 2537 404 2565 Deo.
421 2533 555 2571 Quoniam
571 2538 659 2560 autem
675 2530 764 2559 tribus
782 2529 859 2559 annis
872 2536 898 2559 et

162 2586 207 2604 sex
226 2575 362 2604 mensibus
382 2571 596 2614 protendendum
617 2576 657 2600 est
675 2569 833 2599 Antichristi
856 2580 896 2598 re-

946 294 1004 328 men
1018 294 1046 312 in
1057 285 1229 315 Revelatione
1245 297 1292 316 sua
1312 289 1437 319 Joannes.
1455 290 1491 319 Et
1507 291 1681 322 solitudinem

945 323 1021 351 illam
1032 325 1224 354 consummatio
1240 328 1380 366 occupavit
1394 341 1401 358 z
1415 330 1496 359 Nam
1510 341 1599 369 usque
1608 333 1681 371 insi
1692 337 1713 352 ²·
1725 332 1746 353 T
1744 330 1831 353 '‘ess-²·

946 372 1019 408 nem·
1026 365 1135 392 tenebit
1148 366 1342 395 Antichristus
1353 379 1364 395 .·
1375 378 1460 407 quem
1477 371 1619 401 Dominus
1630 367 1681 402 Je-
1691 361 1740 390 7‘8'

946 411 995 431 sus
1008 403 1280 447 interficietspi'ritu
1299 407 1356 435 oris
1373 409 1430 437 sui.
1450 410 1490 438 De
1509 410 1560 439 hoc
1577 412 1682 442 enimet

945 441 1080 488 apostolus
1090 449 1136 488 ait,
1144 442 1235 472 dicens
1248 456 1253 472 :
1265 445 1357 474 Nemo
1366 457 1419 476 vos
1429 451 1579 479 conturbet
1588 462 1598 479 .-
1612 453 1683 490 quia
1693 457 1754 478 Ihm.
1763 464 1783 478 v.
1791 457 1816 480 3.

946 488 1144 527 nisuvenertt
1169 483 1304 513 discessio
1322 487 1460 523 primum,
1487 495 1516 517 et
1538 490 1683 521 revelatus
1693 486 1717 518 4·

934 519 1034 559 fuer-it
1044 521 1130 549 homo
1140 524 1355 564 pcccati‚filius
1366 526 1509 564 interitus,
1519 530 1570 566 qui
1579 530 1685 559 adver-

946 565 1028 588 satur
1046 567 1074 588 et
1097 560 1249 590 extollitur
1266 573 1353 602 supra
1374 574 1460 594 omne
1479 568 1559 605 quod
1576 570 1684 599 dicitur

946 598 1037 645 Deus,
1051 605 1104 628 aut
1118 601 1198 638 quod
1214 602 1329 637 colitur,
1343 604 1387 631 ita
1399 611 1433 632 ut
1449 608 1479 634 in
1501 608 1606 645 templo
1626 610 1684 640 Dei

946 647 1030 682 quasi
1041 640 1235 684 pens-sedeat
1244 654 1255 675 ;
1268 648 1293 669 et
1306 641 1382 671 addit
1394 655 1401 671 :
1412 645 1481 673 Jam
1492 649 1567 674 enim
1581 645 1684 685 myste-
1694 653 1752 675 lbid·
1763 661 1785 675 v.
1794 659 1816 682 7-

946 687 1020 705 rtum
1039 681 1204 717 zmqmtatv's
1229 687 1373 718 operatur.
1398 684 1463 721 Legi
1484 685 1626 723 quemdam
1645 688 1684 718 sic

945 724 1121 762 exponentem
1137 730 1143 746 :
1159 719 1294 754 Quoniam
1315 721 1414 758 omnia,
1431 722 1528 761 inquit,
1547 731 1682 762 qiuecum-

946 766 998 794 que
1006 764 1234 802 exposuitsupra,
1249 759 1323 797 signa
1335 760 1442 790 fuerunt
1454 763 1628 801 praecedentia
1641 766 1683 795 di-

946 802 1099 841 ruptionem
1118 803 1233 826 civnatis
1254 798 1329 828 illius
1349 806 1374 828 et
1397 802 1499 841 templi.
1517 805 1577 833 Hoc:
1595 812 1684 835 autem

947 834 1020 873 quod
1030 835 1111 882 dicit,
1133 838 1203 865 Cum
1219 838 1354 868 videritis
1369 841 1617 873 abominationem
1635 846 1685 874 de-

947 874 1115 920 solationis,
1139 882 1266 905 stantem
1285 879 1318 906 in
1336 879 1398 907 loco
1419 888 1536 918 sancto,
1551 890 1577 912 et
1597 885 1684 914 omnia

947 924 1006 958 quae
1017 914 1145 944 dicuntur
1161 915 1297 956 deinceps,
1310 918 1385 958 signa
1405 927 1468 948 sunt
1480 924 1686 953 consummatio-

947 954 1111 998 nisjfutui‘ae,
1130 962 1155 984 et
1170 957 1277 985 venturi
1292 957 1357 986 Filii
1371 959 1429 994 Dei,
1445 961 1491 997 qui
1506 969 1531 991 et
1546 963 1571 991 in
1583 963 1685 992 abomi-

947 999 1078 1023 nationem
1087 994 1258 1024 desolationis
1267 996 1353 1036 ipsum
1361 998 1471 1028 tradidit
1480 1002 1683 1032 Antichristum.

947 1032 1030 1069 Quod
1044 1041 1133 1063 autem
1151 1041 1270 1079 staturus
1284 1037 1318 1065 sit
1331 1037 1359 1066 in
1371 1037 1431 1066 loco
1443 1040 1623 1077 sancto,‘dicit
1634 1042 1685 1072 hoc

948 1072 1047 1101 modo:
1065 1073 1285 1118 lleazdificatiii·us
1307 1083 1356 1113 est,
1377 1077 1684 1120 inquit‚·sanctuariiim,
1698 1080 1835 1112 Dant-²5⁹

948 1112 1022 1150 quod
1035 1113 1086 1142 fuit
1097 1124 1133 1157 ’in
1152 1115 1327 1183 Jerosolgmis
1348 1117 1495 1156 quondam,
1511 1127 1536 1149 et
1550 1121 1587 1150 ibi
1600 1128 1685 1151 statu-

948 1162 995 1180 rus
1008 1164 1016 1180 :
1034 1159 1063 1181 ut
1075 1152 1196 1197 videntes
1215 1155 1232 1183 J
1235 1165 1250 1183 u
1272 1155 1304 1183 aei
1325 1156 1434 1185 credaut
1446 1157 1473 1186 in
1487 1170 1560 1196 eum,
1574 1171 1626 1190 non
1639 1172 1684 1191 so-

948 1191 1006 1236 lum
1021 1199 1129 1231 propter
1142 1203 1216 1237 signa
1230 1195 1299 1233 ejus,
1311 1195 1358 1224 sed
1369 1196 1448 1225 etiam
1461 1206 1570 1238 propter
1581 1211 1686 1241 repara-

948 1237 1047 1260 tionem
1068 1232 1163 1276 templi
1187 1232 1291 1272 ipsiiis,·
1312 1235 1470 1266 aestimantes
1493 1240 1636 1279 prophetas
1657 1241 1684 1270 in

949 1276 1068 1310 tempore
1079 1271 1127 1300 illo
1141 1282 1197 1301 esse
1211 1273 1344 1312 impletos,
1357 1274 1405 1313 qui
1419 1275 1453 1305 de
1464 1288 1493 1305 re
1512 1279 1630 1309 aratione
1642 1281 1687 1311 Je-

949 1310 1067 1339 rusalem
1089 1311 1315 1350 prophetaverunt
1331 1325 1338 1342 :
1354 1323 1407 1342 non
1425 1315 1489 1345 intel
1503 1318 1603 1356 igentes
1616 1330 1687 1358 quo-

949 1349 1030 1378 modo
1048 1350 1178 1390 propheta
1196 1350 1230 1380 de
1251 1353 1415 1392 reparatione
1434 1358 1525 1396 templi
1540 1358 1688 1398 spiritualis

949 1389 1081 1435 loquutus
1101 1397 1154 1425 est,
1174 1401 1255 1429 quain
1276 1392 1399 1422 Christus
1420 1394 1559 1435 implevit,
1582 1408 1634 1427 non
1653 1399 1687 1428 de

949 1429 1083 1473 corporali
1103 1440 1183 1468 quam
1205 1431 1384 1461 Antichristus
1404 1441 1444 1463 est
1460 1436 1630 1475 impleturus.
1653 1439 1688 1468 Et

949 1474 1024 1512 tunc,
1040 1471 1137 1513 inquit,
1153 1470 1358 1507 implebitiiribi
1372 1473 1447 1510 quod
1455 1476 1626 1518 prophetavit
1638 1478 1684 1507 Je-
1696 1490 1739 1511 lgr
1754 1490 1765 1511 f
1784 1495 1809 1511 ii

950 1518 1086 1552 renuas-in
1101 1508 1181 1538 Juda.
1195 1509 1308 1545 Quando
1325 1515 1376 1539 nou
1389 1512 1569 1551 crediderunt,
1586 1516 1673 1555 inquit
1700 1505 1747 1542 ‘23
1760 1500 1777 1518 Ρ
1815 1505 1820 1511 .

951 1554 1066 1583 veritati,
1079 1554 1238 1592 inqtempore
1256 1549 1304 1577 illo
1324 1549 1449 1587 loquetur
1464 1554 1565 1597 populo
1584 1555 1648 1586 huic
1661 1541 1687 1587 el

949 1586 1098 1615 Jerusalem
1108 1597 1135 1615 in
1148 1587 1244 1626 spiritu
1257 1588 1429 1619 seductionis.
1442 1593 1492 1621 Hic
1503 1594 1629 1630 excitabit
1641 1597 1689 1627 tri·

949 1624 1115 1655 bulationem
1126 1636 1207 1665 super
1219 1634 1331 1663 sanctos,
1345 1639 1394 1667 pro
1406 1631 1436 1658 ἑο
1447 1632 1519 1669 quod
1534 1643 1585 1663 non
1599 1635 1686 1673 glori-

949 1664 1068 1708 ficabunt
1078 1675 1150 1700 eum,
1172 1672 1197 1694 et
1212 1666 1311 1696 multos
1326 1667 1438 1699 occidet.
1455 1671 1508 1700 Sed
1528 1672 1578 1702 hoc
1589 1674 1623 1703 de
1636 1675 1687 1705 hac

950 1704 1164 1749 interpretatione
1183 1705 1333 1735 dubitabile
1350 1707 1419 1737 mihi
1440 1710 1558 1748 videtur,
1574 1715 1596 1742 si
1611 1714 1688 1744 locus

950 1743 1043 1782 templi
1068 1743 1158 1780 iilius,
1182 1754 1215 1773 ex
1237 1755 1291 1783 quo
1313 1746 1435 1776 dirutum
1452 1751 1558 1790 estjam
1575 1764 1590 1782 a
1612 1755 1668 1783 Deo

950 1782 1119 1827 postmodum
1128 1790 1234 1813 sanctus
1243 1792 1364 1821 vocatur,
1373 1788 1520 1819 secundum
1531 1792 1603 1829 quod
1609 1800 1633 1822 ct
1643 1777 1690 1823 liic

950 1821 1016 1867 dicit
1032 1834 1040 1850 ι
1055 1823 1127 1851 Cum
1143 1823 1277 1853 videritis
1299 1826 1544 1858 abominationem
1568 1833 1685 1862 desola-

952 1864 1038 1890 tionis
1050 1868 1175 1892 stantem
1189 1864 1219 1890 in
1233 1863 1297 1892 loco
1308 1871 1419 1894 sancto.
1435 1869 1482 1897 16.
1500 1870 1580 1900 Tunc
1593 1874 1644 1912 qui
1656 1875 1688 1902 in

951 1902 1059 1930 Judaea
1072 1909 1149 1938 sunt,
1155 1903 1280 1942 fugiant
1294 1904 1334 1931 ad
1346 1912 1455 1935 montes
1468 1918 1478 1935 .·
1494 1910 1531 1938 17
1536 1931 1541 1938 .
1557 1918 1586 1939 et
1596 1913 1648 1950 qui
1657 1914 1688 1941 in

952 1946 1038 1977 tecto,
1054 1951 1112 1969 non
1126 1942 1305 1988 descendant
1319 1944 1420 1974 tollere
1432 1946 1547 1987 aliquid
1556 1951 1592 1979 de
1602 1951 1690 1981 domo

951 1990 1005 2009 sua
1020 1991 1031 2008 .-
1047 1979 1094 2010 18:
1111 1987 1139 2026 et
1152 1992 1202 2019 qut
1212 1983 1243 2009 in
1256 1992 1338 2021 agro,
1352 1994 1410 2012 non
1421 1994 1603 2019 revertamur
1612 1997 1690 2020 retro

952 2020 1055 2063 tollere
1069 2025 1199 2063 tunicam
1210 2031 1304 2050 suam.
1320 2023 1407 2059 Tunc,
1421 2026 1528 2062 quando
1541 2029 1691 2060 viderimus

950 2059 1173 2102 abominationem
1185 2059 1355 2090 desolationis
1364 2070 1474 2093 stantem
1485 2066 1510 2094 in
1522 2067 1579 2097 loco
1586 2076 1676 2099 sancto

950 2098 1050 2136 quibus
1067 2098 1175 2128 mandat
1190 2100 1303 2144 fugere?
1317 2102 1376 2130 Non
1391 2103 1478 2132 solum
1492 2105 1558 2142 illis,
1568 2109 1614 2147 qui
1625 2093 1691 2138 tunc

949 2138 1058 2182 fuer-unt
1082 2144 1142 2183 ante
1155 2145 1343 2182 'captivitatem
1360 2142 1507 2173 Jerusalem
1518 2168 1525 2181 ‚
1544 2147 1589 2176 sed
1610 2148 1688 2177 ctiam

952 2177 1044 2213 nobis,
1068 2187 1115 2215 qui
1132 2177 1256 2207 videmus
1277 2180 1498 2212 abominationem
1517 2185 1690 2216 desolationis

934 2229 936 2231 ·
949 2217 1004 2255 jam
1018 2223 1128 2245 stantem
1144 2218 1170 2245 in
1182 2217 1240 2246 loco
1254 2226 1342 2248 sancto
1358 2231 1364 2247 :
1380 2220 1410 2249 id
1423 2229 1470 2258 cst,
1485 2225 1615 2263 populum
1630 2228 1686 2254 An·-

951 2255 1065 2284 ticin-isti
1078 2255 1104 2283 in
1118 2255 1183 2285 locis
1193 2257 1329 2287 Ecclesiae.
1341 2259 1384 2287 Illi
1397 2267 1483 2290 autem
1496 2263 1627 2293 visibilem
1641 2265 1689 2293 ho—

952 2301 1019 2323 stem
1041 2295 1166 2339 fugerunt
1189 2296 1321 2335 pedibus,
1344 2308 1392 2327 nos
1413 2307 1501 2329 autem
1524 2302 1686 2333 invisibilem

953 2333 1055 2378 hostem
1076 2334 1211 2373 fugiamus
1235 2336 1337 2364 actibus
1357 2337 1443 2366 honis.
1464 2340 1593 2375 Quamvis
1615 2343 1685 2371 enim

952 2372 1078 2402 diabolus
1102 2374 1137 2403 sit
1160 2374 1287 2413 spiritus,
1313 2382 1339 2404 et
1363 2375 1442 2405 homo
1465 2388 1561 2417 coi-pus
1577 2393 1582 2408 :
1599 2387 1685 2410 tamen

953 2421 1098 2450 numquam
1119 2413 1179 2442 illos
1200 2413 1324 2442 diabolus
1342 2421 1425 2453 potest
1442 2418 1667 2456 comprehendere

952 2452 999 2490 qui
1014 2452 1121 2496 fugiunt
1139 2462 1200 2481 eum
1215 2462 1262 2490 per
1276 2463 1355 2491 opera
1374 2454 1450 2482 bona.
1469 2456 1532 2485 Sine
1546 2468 1624 2487 musa
1638 2443 1686 2488 au1

952 2497 1005 2520 tem
1022 2491 1092 2530 fugit
1113 2498 1172 2519 ante
1190 2501 1249 2519 eiim
1273 2491 1397 2529 pedibus,
1418 2493 1464 2530 qui
1486 2496 1607 2534 sequitur
1625 2509 1685 2528 eum

952 2530 1076 2569 peccatis.
1092 2529 1145 2559 Sed
1164 2536 1191 2557 iit
1209 2529 1339 2568 sapienter
1358 2530 1442 2559 intelli
1448 2534 1451 2537 ’
1463 2544 1537 2563 amus
1560 2536 1615 2566 litec
1628 2548 1686 2576 quae

952 2569 1106 2608 prophetice
1126 2575 1188 2597 sunt
1203 2568 1272 2598 dicta
1287 2579 1300 2596 a
1313 2569 1432 2607 Christo,
1471 2574 1568 2603 revitei·
1587 2586 1684 2615 cogno-
