1890 2826
91 1937 231 1960 .1«ι1ι.3«2ο,

93 2079 151 2099 [bid.
163 2077 231 2100 v.23.

88 2169 143 2190 sub.
156 2170 180 2198 4.
193 2176 216 2199 7.

94 2501 230 2530 Cap.5.v.3.

91 2551 113 2566 v.
128 2543 148 2565 5.

245 188 313 228 430

242 260 362 299 sequitur
389 259 571 290 testimonium
597 260 742 301 Scriptura!
767 261 802 291 de
827 262 913 302 probo
927 262 986 301 ejus

243 306 304 336 vitae
322 307 461 341 instituto;
476 306 550 346 quod
569 307 640 336 filios
653 307 762 337 haberet
775 315 887 349 septem,
901 309 985 337 filias-

241 363 294 392 que
316 364 380 392 sex3
396 353 430 382 de
457 363 568 382 numero
591 363 717 393 pecorum
743 354 810 394 ejus.
831 354 914 391 Quod
935 354 985 383 filii

241 399 299 438 ejus
323 410 374 428 una
389 399 591 436 convenientes,
606 399 762 430 convivium
783 400 905 439 quotidie
917 401 986 429 cele-

241 445 350 474 brarent
365 455 427 474 cum
446 445 533 474 tribus
548 445 685 475 sororibus
697 446 754 475 suis
770 459 776 475 ε
793 453 819 476 et
840 446 913 485 quod
927 447 986 475 mit-
1002 454 1020 477 c

240 498 306 520 teret
326 492 379 522 Job
401 499 427 521 et
453 491 595 522 mundaret
618 492 690 522 filios
713 503 792 530 suos,
808 493 922 522 offerens
938 504 986 533 pro

242 538 298 567 illis
325 538 487 567 sacrificium
514 538 642 569 Domino.
658 539 779 568 Primum
803 539 986 568 testimonium

190 616 192 618 ¹
242 583 351 612 Domini
372 583 514 613 diabolum
527 584 688 623 alloquentis
701 585 771 613 circa
792 585 892 614 Jobum
908 597 914 612 ι
929 585 986 624 pri-

243 640 318 658 mum
339 629 442 659 invidia
468 630 580 670 plenum
604 629 708 659 diaboli
733 630 900 669 colloquium
924 641 987 660 cum

243 675 360 704 Domino
375 677 443 705 circa
463 677 575 706 Jobum.
591 676 672 706 Dedit
686 677 817 706 Dominus
832 683 986 717 potestatem

242 722 353 751 diabolo
366 722 394 751 in
407 723 496 752 omnia
508 734 567 762 quae
580 722 615 752 ad
626 723 727 753 Johnm
741 723 914 763 pertinerent,
928 723 987 764 ipso

242 769 312 799 Jobo
325 776 428 799 tantum
441 777 562 811 excepto.
576 770 667 800 Primo
679 770 797 799 nuntiari
807 778 884 800 curat
893 770 987 800 diabo-

243 817 285 845 lus
299 817 381 854 Jobo‚
396 827 479 856 equos
501 813 527 846 et
550 817 639 847 asinos
652 818 712 858 ejus
726 824 828 857 captos,
843 828 989 857 servosque

243 873 382 901 percussos
406 863 498 893 fuisse.
514 865 555 893 De
583 863 700 893 secundo
724 863 829 901 nuntio,
845 864 891 903 qui
917 864 988 894 Jobo

242 907 313 937 dixit
330 921 336 937 :
352 910 417 948 Igne
440 916 584 939 consumtae
609 916 671 938 sunt
693 919 757 939 oves
780 915 834 938 tuae
857 920 919 939 cum
941 920 989 949 pa·-

242 954 369 985 storihus.
399 955 443 985 Dc
470 956 549 985 tertio
575 955 680 992 nuntio,
698 955 745 994 qui
773 955 893 986 narravit
918 956 989 986 Jobo
1005 970 1024 993 υ

242 1007 336 1041 captos
359 1002 487 1038 camelos,
498 1009 524 1032 et
541 1012 622 1031 caesos
643 1001 766 1031 custodes
788 1001 881 1031 fuisse.
898 1003 987 1039 Quar—

242 1054 285 1077 tus
297 1048 409 1078 nuntius
423 1049 524 1079 Jobum
543 1048 618 1085 adit,
633 1054 778 1087 narratque
791 1047 923 1078 corruisse
935 1048 988 1078 do-

242 1105 328 1130 mum,
340 1102 366 1124 et
387 1105 529 1136 oppressos
553 1105 644 1124 omnes
669 1093 740 1123 filios
766 1095 825 1135 ejus
848 1094 941 1124 fuisse.
954 1095 987 1124 ln

240 1140 366 1169 omnibus
391 1141 464 1170 hisce
489 1140 689 1171 calamitatibus
714 1150 767 1170 non
793 1139 913 1180 peccavit
934 1140 987 1170 Job

240 1198 303 1227 erga
318 1187 475 1216 Dominum.
492 1186 646 1217 Secundum
671 1186 854 1216 testimonium
877 1187 987 1216 Domini

240 1232 380 1261 diabolum
394 1232 566 1271 alloquentis,
576 1243 630 1270 quo
642 1232 706 1262 Jobi
719 1233 807 1261 virtus
821 1233 985 1268 celebratu1·;

240 1285 265 1307 et
279 1278 427 1307 secundum
446 1278 549 1308 invidia
564 1278 674 1318 plenum
697 1278 799 1307 diaboli
822 1278 987 1317 colloquium

241 1337 302 1356 cum
314 1327 431 1356 Domino
443 1326 514 1356 circa
523 1326 634 1357 Jobum.
652 1325 795 1364 Quomodo
808 1326 949 1356 tradiderit
963 1334 988 1356 et

240 1374 375 1403 Dominus
389 1373 502 1410 Jobum,
517 1384 570 1403 una
590 1380 693 1403 tantum
713 1380 816 1403 servam
837 1373 925 1403 anima
940 1384 986 1403 seu

241 1420 307 1449 vita.
320 1421 451 1460 Egressus
465 1419 591 1449 diabolus
603 1420 704 1450 Jobum
719 1419 834 1459 percutit
845 1431 860 1448 a
873 1420 987 1459 pedibus

242 1476 326 1505 usque
346 1466 381 1496 ad
395 1473 490 1507 caput:
505 1465 652 1505 sedensque
665 1465 718 1495 Joh
733 1465 760 1493 in
781 1472 895 1495 stercore
910 1465 987 1495 rade·
1004 1481 1022 1504 Β

240 1513 286 1541 bat
302 1512 412 1542 saniem.
436 1512 536 1542 Suadet
557 1513 627 1542 Jobo
652 1522 723 1541 uxor
737 1512 805 1551 ejus,
821 1518 850 1541 ut
862 1512 988 1551 loquatur

240 1565 331 1588 contra
345 1559 503 1595 Dominum,
518 1565 544 1588 et
557 1558 689 1587 moriatur
703 1569 710 1586 ε
722 1551 855 1597 ⁸illamque
878 1558 931 1588 Job
946 1570 987 1588 re-

240 1605 392 1643 prehendit.
420 1604 571 1634 Audierunt
595 1611 648 1634 tres
673 1604 752 1633 amici
779 1604 854 1641 Jobi,
874 1604 989 1645 Eliphaz

240 1651 468 1681 Tlimmanitarum
477 1651 640 1688 rex,Baldad
645 1650 807 1681 Saclteorum
814 1657 953 1691 tyrannus,
963 1658 990 1681 et

240 1697 346 1737 Sophar
357 1700 523 1728 Menaeorum
533 1708 582 1726 rex
592 1703 686 1726 cuncta
696 1707 756 1736 quae
766 1696 816 1737 ipsi
829 1696 987 1727 acciderant.

241 1744 276 1773 Et
287 1751 454 1773 accesserunt
466 1743 501 1773 ad
514 1743 592 1772 illum
606 1743 707 1782 singuli
719 1754 754 1772 ex
765 1743 874 1782 regione
885 1754 945 1780 sun,
959 1751 989 1774 ut

241 1789 355 1820 viserent
366 1791 445 1820 illum
456 1802 462 1819 :
475 1790 577 1829 illoque
588 1797 728 1830 conspecto
740 1789 877 1819 sciderunt
888 1790 988 1831 singuli

242 1845 340 1868 vestem
353 1848 430 1867 suam
444 1837 482 1866 ob
493 1843 592 1867 tantam
606 1836 793 1866 calamitatem.
808 1838 870 1866 Post
881 1837 988 1877 plagam

241 1891 331 1913 autem
343 1884 396 1914 Job
411 1884 514 1924 primus
537 1882 642 1923 aperuit
656 1893 685 1911 os
702 1893 792 1918 suum,
806 1890 832 1912 et
846 1883 989 1914 maledixit

242 1929 297 1959 diei
309 1940 339 1958 ae
352 1929 423 1959 nocti
437 1929 465 1958 in
479 1940 532 1968 qua
547 1934 626 1957 natus
638 1934 704 1957 erat.
717 1928 787 1957 Hinc
801 1929 873 1958 illud
888 1942 896 1959 :
909 1928 989 1959 Sicut

243 1986 342 2006 servus
355 1978 406 2016 qui
422 1979 503 2005 limet
517 1975 679 2011 dominum,
692 1976 734 2004 sic
746 1976 818 2004 data
833 1983 877 2005 est
889 1977 941 2005 lux
953 1977 988 2006 iis

243 2024 295 2063 qui
306 2024 337 2051 in
355 2022 553 2052 amaritudine
574 2027 743 2058 versantur,
758 2024 809 2062 qui
820 2023 1020 2074 desiderant&

243 2076 376 2105 mortem,
387 2079 439 2099 nec
453 2070 593 2098 obtinent.
607 2068 689 2097 Mors
699 2071 776 2098 enim
785 2071 851 2098 viro
862 2071 985 2110 requies.
1003 2083 1022 2106 Α

243 2115 389 2155 Exeipiens
400 2115 480 2144 illum
490 2115 595 2155 primus
608 2115 724 2155 Eliphaz
738 2115 910 2145 Themanites
920 2116 989 2146 dicit

242 2163 312 2193 Jobo
324 2175 331 2191 :
346 2164 382 2191 In
396 2163 565 2190 memoriam
579 2171 685 2190 revoca
694 2184 701 2197 ‚
711 2164 776 2200 quis
787 2163 913 2192 mundus
924 2173 988 2203 per-

242 2209 317 2245 ien't,
328 2215 379 2237 auc
397 2208 588 2248 quandonam
609 2217 728 2236 veraces
728 2208 873 2247 funditus
882 2210 989 2248 perditi

241 2257 311 2285 sint.
328 2255 453 2284 Feronia
475 2254 636 2282 draconum
658 2254 804 2282 exstincta
826 2261 869 2283 est
884 2267 892 2283 .·
909 2265 988 2292 myr-

243 2301 391 2331 mecoleon
412 2305 510 2329 autem
531 2301 630 2339 periit,
645 2309 679 2327 eo
693 2299 775 2339 quod
795 2310 854 2328 non
868 2301 989 2330 haberet

242 2358 337 2377 escam
349 2359 356 2376 ε
369 2346 462 2376 catuli
472 2348 587 2374 leonum
596 2355 657 2374 sese
667 2346 790 2374 invicem
802 2354 985 2384 separarunt.

241 2394 290 2424 Sic
301 2405 361 2424 non
371 2400 413 2423 est
426 2392 559 2422 mortalis
570 2392 695 2420 mundus
708 2393 740 2420 in
755 2399 908 2431 conspectu
923 2395 987 2422 Do-

245 2442 329 2477 mini,
343 2450 436 2479 neque
449 2449 485 2467 ex
505 2438 637 2477 operibus
657 2441 716 2466 suis
739 2438 906 2476 inculpatus
929 2440 985 2468 vir.

242 2485 341 2521 Stulti,
356 2483 452 2523 inquit,
468 2482 535 2511 licet
548 2482 677 2510 radicem
688 2487 812 2521 ponant,
825 2484 925 2510 statim
939 2483 987 2511 de-

244 2531 393 2558 vorabitur
412 2530 508 2556 victus
529 2536 628 2554 eorum
638 2536 651 2562 ,·
670 2526 810 2564 quoniam
836 2527 916 2565 qnod
939 2527 987 2554 illi

243 2578 466 2612 congregarunt,
476 2572 550 2610 justi
571 2570 730 2599 comedent.
756 2570 864 2605 Homo,
887 2570 985 2609 inquit,
1004 2578 1021 2600 B

243 2620 371 2647 nascitur
390 2617 431 2645 ad
456 2615 584 2644 laborem
593 2638 601 2651 ,
614 2615 689 2653 palli
713 2621 809 2644 ctutum
833 2615 984 2644 vulturum

567 198 596 221 S.
623 198 763 222 JOANNIS
791 199 974 223 CHRYSOST.
1005 200 1159 224 Attenuat).

1188 201 1460 225 CONSTANTINOP.

1039 263 1088 302 φῆς
1101 262 1162 303 περὶ
1174 265 1220 299 τῆς
1235 264 1334 303 ἀγαθῆς
1350 264 1430 293 αὐτοῦ
1450 263 1584 297 πολιτείας
1595 275 1601 282 ·
1615 263 1661 293 καὶ
1681 263 1722 294 ὅτι
1741 258 1810 300 ἦσαν

1038 310 1062 337 οἱ
1075 308 1126 338 υἱοὶ
1137 310 1209 349 αὐτῷ
1221 309 1251 343 ζ’.
1259 332 1268 345 ,
1283 309 1327 338 καὶ
1350 309 1489 349 θυγατέρες
1503 309 1548 343 ς’.·
1561 309 1606 339 καὶ
1625 310 1686 349 περὶ
1698 311 1810 350 ἀριθμοῦ

1037 355 1090 383 τῶν
1103 356 1206 391 κτηνῶν
1217 356 1305 385 αὐτοῦ.
1322 355 1374 385 Καὶ
1388 356 1429 384 ὅτι
1445 355 1616 395 πορευόμενοι
1630 357 1654 385 οἱ
1665 356 1716 385 υἱοὶ
1730 356 1811 384 αὐτοῦ

1037 400 1102 440 πρὸς
1122 401 1267 438 ἀλλήλους,
1283 401 1386 431 ἐποίουν
1401 401 1481 431 πότον
1495 403 1554 431 καθ’
1578 402 1692 437 ἑκάστην
1706 402 1810 441 ἡμέραν

1038 447 1085 476 σὺν
1104 451 1162 480 ταῖς
1175 447 1260 487 τρισὶν
1275 449 1399 488 ἀδελφαῖς
1412 449 1508 477 αὐτῶν.
1523 447 1577 477 Καὶ
1592 447 1733 477 ἐπέστελλε
1745 446 1810 476 ’1ὼὸ

1038 493 1083 522 καὶ
1097 493 1235 533 ἕκαθάριζε
1246 494 1305 527 τοὺς
1325 493 1396 527 υἱοὺς
1410 496 1504 531 αὐτοῦ,
1518 493 1674 534 προσφέρων
1684 493 1746 534 περὶ
1760 494 1810 522 αὗ-

1038 540 1091 568 τῶν
1105 539 1196 568 Θυσίαν
1210 541 1247 578 τῷ
1267 540 1366 580 Κυρίῳ.
1380 540 1479 580 Πρώτη
1500 539 1631 580 μαρτυρία
1645 542 1690 569 τοῦ
1713 539 1812 579 Κυρίου

1039 585 1156 625 περὶτοῦ
1173 585 1235 614 ’1ὼὸ
1248 586 1313 625 πρὸς
1329 586 1374 615 τὸν
1389 586 1520 623 διᾶὅολον,
1541 585 1635 625 πρώτη
1658 585 1813 625 φθονολογία

1039 634 1084 660 τοῦ
1097 631 1220 660 διαὸόλου
1231 631 1292 671 περὶ
1301 631 1363 661 'hbe
1377 632 1442 671 πρὸς
1451 632 1495 661 τὸν
1506 631 1610 671 Κύριον.
1618 630 1737 661 Ἔδωκεν
1747 630 1816 665 ἐξου-

1040 677 1099 706 σίαν
1117 679 1131 706 ὁ
1145 677 1243 718 Κύριος
1264 679 1302 717 τῷ
1323 677 1455 718 διαὸόλῳ,
1470 677 1558 707 πάντα
1570 677 1620 707 ὅσα
1639 673 1671 714 ἦν
1685 679 1723 718 τῷ
1739 676 1813 713 Ἰὼὸ,

1039 723 1114 756 ἐκτὸς
1121 724 1200 752 αὐτοῦ
1211 723 1300 762 μόνου.
1306 724 1419 764 Πριῗντον
1427 723 1622 763 εὗαγγελίζεται
1628 725 1643 752 ὁ
1650 722 1769 756 διάὸολος
1776 724 1815 762 τῷ

1040 768 1103 798 ’hbe
1116 769 1177 810 περὶ
1192 772 1239 805 τῆς
1253 770 1439 810 αἰχμαλωσίας
1451 773 1505 799 τῶν
1522 769 1612 799 ἵππων
1626 770 1726 799 καὶτῶν
1740 769 1816 803 ὄνων,

1041 815 1139 845 καὶτοῦ
1151 819 1294 856 παταγμοῦ
1304 820 1357 846 τῶν
1366 816 1477 846 παίδων.
1489 816 1558 857 Περὶ
1569 819 1616 846 τοῦ
1629 816 1752 856 δευτέρου
1766 817 1816 855 ἀγ-

1040 862 1129 902 γέλου,
1143 863 1170 896 ὃς
1182 858 1240 893 εἶπε
1253 863 1318 904 πρὸς
1331 863 1396 893 ’1ώὸ
1407 876 1413 882 ·
1428 862 1625 904 ἐμπεπύριοταί
1639 874 1686 893 σου
1704 862 1738 892 τὰ
1751 863 1817 903 πρό-

1043 908 1128 945 ἕατα,
1143 909 1189 938 καὶ
1211 910 1235 938 οἳ
1256 909 1439 948 ποιμαίνοντες
1466 909 1543 938 αὐτά.
1567 908 1636 949 Περὶ
1660 912 1708 938 τοῦ
1728 908 1817 948 τρίτου

1040 956 1152 995 ἀγγέλου
1163 978 1170 991 ,
1185 955 1212 989 ὃς
1225 951 1283 985 εἷπε
1304 956 1369 997 πρὸς
1383 956 1447 986 ‘hbe
1471 956 1532 996 περὶ
1556 957 1605 991 τῆς
1626 955 1814 996 αἰχμαλωσίας

1039 1002 1093 1029 τῶν
1104 1001 1232 1040 καμήλων
1245 1001 1290 1031 καὶ
1301 1005 1347 1032 τοῦ
1364 1004 1505 1041 παταγμοῧ
1520 1003 1572 1030 τῶν
1582 1001 1695 1031 παίδων.
1710 1002 1735 1030 Τ
1736 1001 1814 1041 ε’ταρ·

1040 1058 1084 1080 τος
1099 1047 1209 1086 ἄγγελος
1232 1047 1339 1088 ἔρχεται
1351 1048 1417 1088 πρὸς
1437 1047 1527 1084 αὐτὸν,
1555 1047 1597 1077 ὅτι
1620 1047 1775 1084 συνεπτώθη
1797 1049 1814 1082 ἠ

1040 1092 1110 1122 οἰκία
1118 1115 1126 1129 ,
1140 1093 1184 1122 καὶ
1199 1093 1401 1130 ἐθανατώθησαν
1412 1093 1508 1127 πάντες
1519 1094 1543 1122 οἱ
1556 1093 1607 1122 υἱοί
1619 1104 1675 1122 σου.
1690 1093 1739 1122 Ἐν
1749 1097 1815 1122 πᾶσι

1040 1138 1142 1173 τούτοις
1154 1144 1210 1173 τοῖς
1223 1139 1422 1179 συμὸεὸηκόσιν
1438 1141 1524 1179 αὐτῷ,
1543 1139 1602 1168 οὐδὲ
1626 1138 1730 1179 ἥμαρτε
1751 1137 1814 1168 Ἰὼὸ

1039 1186 1155 1216 ἐναντίον
1167 1187 1275 1226 Κυρίου.
1292 1187 1344 1217 Καὶ
1361 1186 1470 1227 δευτέρα
1488 1186 1621 1226 μαρτυρία
1644 1189 1691 1215 τοῦ
1714 1184 1813 1225 Κυρίου

1039 1232 1104 1272 πρὸς
1117 1233 1162 1262 τὸν
1177 1233 1311 1268 διοίὸολον,
1325 1233 1526 1273 ἓγκωμιάζουσα
1539 1233 1584 1262 τὸν
1596 1231 1661 1262 ’Ῐὼὸ
1671 1255 1678 1269 ,
1694 1232 1739 1261 καὶ
1753 1232 1813 1261 δευ-

1041 1278 1104 1318 τέρα
1117 1278 1271 1319 φθονολογία
1291 1282 1337 1308 τοῦ
1363 1279 1487 1308 διαὸόλου
1510 1278 1573 1319 περὶ
1587 1278 1652 1308 ’1ὼὸ
1678 1278 1744 1319 πρὸς
1769 1279 1814 1308 τὸν

1040 1323 1147 1364 Κύριον.
1162 1325 1214 1354 Καὶ
1228 1327 1263 1358 ὥς
1287 1325 1401 1355 ἀπέδοτο
1416 1324 1512 1365 Κύριος
1532 1325 1578 1355 τὸν
1591 1324 1668 1360 Ἰὼὸ,
1682 1326 1814 1365 φυλαττο-

1040 1371 1120 1408 μένης
1134 1372 1183 1406 τῆς
1195 1372 1296 1411 ψυχῆς.
1309 1371 1439 1405 Ἐξελθὼν
1451 1371 1479 1400 δὲ
1493 1373 1507 1400 ὁ
1522 1371 1644 1404 διᾶὅολος
1664 1371 1758 1400 ἔπαισε
1769 1370 1814 1399 τὸν

1039 1416 1102 1445 ’1ὼὸ
1116 1417 1169 1446 ἀπὸ
1193 1417 1282 1446 ποδῶν
1296 1416 1344 1450 ἕως
1359 1418 1483 1457 κεφαλῆς.
1501 1417 1554 1446 Καὶ
1568 1417 1678 1449 καθίσας
1693 1416 1756 1445 'hbe
1770 1416 1814 1446 ἐπὶ

1039 1465 1087 1498 τῆς
1102 1463 1213 1503 κοπρίας
1228 1462 1283 1497 ἔξεε
1301 1463 1346 1492 τὸν
1359 1464 1456 1503 ἰχῶρα.
1479 1462 1649 1493 Ἐντέλλεται
1668 1464 1707 1503 τῷ
1721 1461 1785 1491 ’1ὼὸ
1799 1465 1813 1497 ἧ

1038 1509 1104 1549 γυνὴ
1126 1510 1206 1538 αὐτοῦ
1229 1511 1312 1539 εἰπεῖν
1333 1511 1369 1542 εἷς
1395 1509 1502 1549 Κύριον,
1515 1509 1560 1538 καὶ
1582 1510 1754 1544 τελευτῆσαι·
1769 1508 1814 1537 καὶ

1035 1552 1149 1595 ’ἐπιτιμᾷ
1172 1556 1248 1595 αὐτῇ.
1270 1554 1407 1584 Ἤκουσαν
1432 1556 1456 1584 οἱ
1482 1559 1553 1594 τρεῖς
1577 1554 1649 1595 φίλοι
1665 1557 1712 1584 τοῦ
1735 1553 1813 1589 Ἰὼ6,

1039 1602 1159 1642 Ἐλιφὰζ
1172 1604 1186 1631 ὃ
1202 1603 1379 1640 Θαιμανιτῶν
1404 1601 1540 1641 βασιλεὺς,
1554 1602 1663 1630 Bane&
1675 1603 1690 1630 ὁ
1703 1601 1814 1642 tergium

1038 1647 1178 1688 τύραννος,
1203 1646 1303 1688 Σωφὰρ
1331 1649 1344 1676 ὁ
1368 1647 1496 1682 Μηναίων
1525 1646 1650 1687 βασιλεὺς
1670 1646 1758 1676 πάντα
1781 1647 1814 1676 τὰ

1038 1694 1181 1723 ἐπελθόντα
1194 1695 1274 1734 αὐτῷ.
1291 1694 1343 1723 Καὶ
1353 1693 1529 1734 παρεγένοντο
1542 1693 1606 1734 πρὸς
1617 1693 1694 1723 αὐτὸν
1705 1693 1814 1726 ἕκαστος

1038 1742 1069 1769 ἐκ
1089 1742 1137 1776 τ’ἠς
1162 1739 1229 1773 ἰδίας
1249 1740 1355 1780 χώρας,
1373 1742 1418 1769 τοῦ
1443 1739 1636 1780 ἐπισκέψασθαι
1661 1739 1749 1776 αὐτὸν,
1769 1740 1814 1769 καὶ

1041 1785 1190 1825 ἐπιγνόντες
1213 1785 1301 1821 αὐτὸν,
1317 1785 1449 1826 διέρρηξεν
1470 1785 1580 1819 ἕκαστος
1593 1785 1642 1822 τὴν
1656 1785 1752 1821 στολὴν
1765 1787 1811 1815 αὖ·

1041 1835 1087 1861 τοῦ
1099 1831 1144 1861 ἐπὶ
1156 1834 1194 1872 τῷ
1208 1831 1298 1860 πάθει.
1316 1831 1393 1860 Μετὰ
1402 1831 1430 1861 δὲ
1443 1831 1491 1868 τὴν
1505 1832 1611 1871 πληγὴν
1624 1833 1730 1873 πρῶτον
1742 1831 1813 1867 ἤνοι-

1039 1879 1079 1914 ξεν
1090 1878 1153 1908 ’1ὼὸ
1166 1878 1196 1907 τὸ
1207 1877 1293 1917 στόμα
1304 1879 1399 1913 αὐτοῦ,
1413 1878 1458 1907 καὶ
1467 1878 1639 1918 κατηράσατο
1649 1877 1699 1914 τὴν
1710 1878 1813 1918 ἡμέραν

1038 1926 1083 1955 καὶ
1098 1924 1146 1961 τὴν
1160 1924 1242 1954 νύκτα
1256 1926 1283 1953 ἐν
1298 1920 1316 1963 ᾗ
1335 1924 1472 1963 ἐγεννήθη.
1487 1924 1556 1964 Περὶ
1574 1927 1636 1960 τοῦ,
1646 1924 1754 1963 ’Ὠσπερ
1767 1926 1812 1952 θε-

1041 1972 1131 2012 ράπων
1147 1970 1271 2004 δεδοικὼς
1284 1970 1328 2000 τὸν
1337 1969 1444 2009 κύριον,
1458 1969 1527 1999 οὕτω
1540 1969 1645 1999 δέδοται
1656 1974 1711 2003 τοῖς
1726 1971 1754 1998 ἐν
1772 1981 1813 1998 πι-

1040 2017 1101 2058 κρία
1115 2019 1187 2058 φῶς,
1202 2015 1386 2056 οῒὶμείρονται
1404 2018 1450 2045 τοῦ
1465 2015 1577 2045 θανᾶτου
1587 2015 1651 2050 ,καὶ
1666 2017 1695 2045 οὔ
1712 2015 1812 2055 τυγχά-

1020 2056 1125 2094 8νουσι.
1149 2063 1272 2096 Θάνατος
1295 2062 1347 2102 γὰρ
1371 2062 1446 2102 ἀνδρὶ
1471 2062 1628 2095 ἀνάπαυσις.
1654 2061 1814 2091 Ὑπολαὸὼν

1040 2112 1145 2149 πρῶτος
1159 2107 1272 2148 Ἐλιφὰζ
1285 2109 1299 2137 ὁ
1315 2107 1483 2147 Θαιμανίτης
1495 2107 1568 2148 λέγει
1580 2107 1726 2147 πρὸςῚιὸὅ·
1741 2107 1813 2143 Μνή-

1039 2159 1118 2192 σθητι
1131 2154 1171 2188 τίς
1184 2154 1298 2194 καθαρὸς
1311 2153 1347 2182 ὢν
1358 2152 1480 2182 ἀπώλετο
1488 2152 1521 2188 ,ἢ
1533 2153 1598 2182 πότε
1613 2153 1730 2188 ἀληθινοὶ
1743 2153 1814 2192 δλόῤ·

1040 2202 1104 2242 ῥιζοι
1127 2200 1274 2230 ἀπώλοντο.
1285 2198 1352 2229 Ὅτι
1363 2198 1499 2239 γαυρίαμα
1519 2198 1668 2239 δρακόντων
1681 2198 1793 2235 §cedson
1806 2211 1812 2217 ·

1041 2246 1234 2287 μυρμηκολέων
1260 2247 1287 2275 δὲ
1313 2246 1397 2275 ὤλετο
1417 2245 1490 2285 παρὰ
1512 2245 1542 2274 τὸ
1559 2245 1596 2284 μὴ
1623 2245 1693 2286 ἔχειν
1717 2245 1812 2285 βοράν·

1040 2292 1152 2332 σκύμνοι
1164 2292 1277 2322 λεόντων
1291 2292 1380 2322 ἔλιπον
1396 2291 1535 2327 ἀλλήλους.
1549 2291 1597 2325 Ὡς
1616 2293 1663 2321 οὐκ
1679 2291 1735 2321 ἔστι
1750 2293 1811 2331 βρο-

1040 2339 1083 2372 τὸς
1097 2338 1209 2379 καθαρὸς
1225 2337 1341 2367 ἐναντίον
1356 2337 1455 2377 Κυρίου
1464 2359 1471 2372 ,
1486 2337 1531 2366 καὶ
1543 2337 1596 2367 ἀπὸ
1610 2339 1662 2367 τῶν
1675 2337 1758 2376 ἔργων
1770 2338 1812 2366 αὖ·

1039 2388 1085 2414 τοῦ
1111 2385 1250 2424 ἄμεμπτος
1275 2383 1351 2423 ἀνήρ.
1374 2385 1410 2413 Οἱ
1432 2382 1556 2423 ἄφρονες,
1576 2383 1656 2423 φησὶ,
1670 2382 1720 2412 κᾶν
1742 2382 1813 2422 ῥίζας

1043 2431 1169 2470 βάλωσιν,
1185 2430 1280 2463 εὐθέως
1294 2429 1462 2470 βρωθήσεται
1474 2430 1491 2464 ἡ
1507 2429 1595 2458 δίαιτα
1606 2431 1702 2465 αὐτῶν,
1717 2428 1783 2458 διότι
1796 2429 1813 2457 ἃ

1041 2479 1133 2507 ἐκεῖνοι
1148 2476 1307 2516 συνήγαγον,
1324 2476 1421 2506 δίκαιοι
1432 2475 1544 2504 ἔδονται.
1557 2475 1723 2516 Ἄνθρωπος,
1734 2475 1812 2516 φησὶ,

1040 2528 1162 2562 γεννᾶται
1172 2522 1264 2563 κόπῳ,
1278 2522 1323 2551 καὶ
1336 2521 1439 2551 νεοσσοὶ
1457 2524 1548 2561 γυπῶν
1570 2522 1659 2561 ὑψηλὰ
1680 2521 1811 2550 πέτονται.

1041 2569 1248 2608 Καταλαμὸοίνει
1263 2568 1290 2598 δὲ
1319 2568 1415 2609 Κύριος
1441 2567 1500 2601 τοὺς
1523 2568 1616 2608 σοφοὺς
1640 2569 1667 2597 ἐν
1690 2567 1812 2608 φρονήσει

1041 2617 1136 2651 αὐτῶν,
1153 2615 1197 2644 καὶ
1210 2615 1256 2648 τὰς
1270 2615 1365 2654 βουλὰς
1387 2617 1439 2644 τῶν
1457 2614 1630 2643 πολυπλόκων
1646 2614 1742 2653 ἕξιστᾷ.
1759 2614 1813 2643 Τὸν
