1904 2840
621 208 653 231 IN
680 206 889 230 MA'rTuAEuM.
918 206 1036 230 nomn..
1065 205 1161 230 xxvi.

1579 193 1643 229 851

107 274 196 303 solum
207 271 348 302 doctorum
358 277 408 305 est,
418 269 656 310 persequutionum
665 279 744 299 causa
754 267 848 307 vagari
867 270 886 294 Δ
903 269 994 307 operis
1012 269 1067 303 sui,
1082 278 1135 297 uon
1148 268 1176 298 in
1189 268 1277 297 anima
1291 279 1349 298 sua.
1365 269 1433 298 Item
1446 268 1470 298 si
1480 268 1650 298 Christianus

107 312 143 342 de
154 308 263 343 civitate
276 310 305 339 in
324 309 472 346 civitatem,
486 308 535 338 sed
546 308 668 338 omnium
680 307 848 347 Christiano·

108 361 169 381 mm
183 350 360 391 perfectorum
381 349 410 378 in
429 347 542 378 Christo
554 347 731 378 credentium.
745 349 784 376 In
798 356 849 375 no-

108 392 188 420 mine
198 391 357 429 prophetae,
372 387 401 418 id
414 394 464 424 est,
477 388 553 426 quasi
565 388 724 428 prophetam
735 385 848 416 Christi.

94 433 148 460 .1n
161 431 277 459 nomine
287 430 373 469 justi,
386 426 416 457 id
427 433 477 464 est,
491 428 595 468 justum
606 426 708 457 Christi
728 435 848 455 servum.

108 471 149 500 Ut
157 479 223 509 ergo
235 469 332 498 habeat
343 468 446 497 bouum
460 477 529 506 opus
542 466 692 496 mercedem
701 488 709 503 ,
724 465 780 494 duo
793 464 850 494 haec

108 519 246 539 occurrere
258 507 368 544 debent,
382 513 413 536 iit
432 513 458 536 et
471 506 658 536 Christianum
671 504 811 545 recipiant,
825 510 851 532 et

108 548 186 587 quasi
196 547 395 583 Christianum,
408 546 466 576 sive
478 546 652 581 sacerdotem,
667 545 725 574 sive
738 544 847 573 laicum.

102 589 139 618 5Si
149 594 238 617 autem
250 586 349 626 aliquis
358 592 470 615 autnon
484 585 673 615 Christianum
685 583 791 623 recipit,
804 588 852 627 aut

109 627 294 658 Christianum
317 625 429 665 quidem
452 625 558 665 recipit,
582 635 636 654 non
658 630 748 654 autem
773 621 851 668 quasi

110 667 317 697 Christianum:
331 664 481 694 mercedem
505 663 651 695 Christiani
672 673 726 693 non
743 667 849 701 recipit.

109 706 191 744 Quid'
204 715 269 735 vero
288 711 339 741 est,
361 705 420 744 Qui
437 695 544 744 accipit
560 704 731 743 proplietam
748 705 779 732 in
801 711 852 730 no-

110 749 190 776 mine
209 745 366 785 pmphetoe‚
382 746 541 773 mercedem
551 744 698 783 prophetoe
720 743 826 780 accipit
837 743 851 769 Ρ

112 793 141 815 et
149 787 200 825 qui
209 786 309 824 recipit
311 785 424 823 justum
434 785 466 812 in
479 785 596 812 nomine
605 781 852 822 justi,mercedem

109 827 182 865 justi
193 825 337 864 accipiet?
351 824 409 853 Hoc
421 829 472 860 est,
485 822 592 862 qualem
606 821 754 851 mercedem
771 820 852 850 habet

111 865 160 910 qui
178 869 374 908 peregi-matur,
387 862 468 892 talem
481 861 629 892 mercedem
652 861 734 891 habet
751 868 777 890 et
791 860 850 896 ille,
869 868 887 892 Β

111 915 160 943 qiu
185 909 298 943 suscipit
322 911 371 943 pro
392 908 431 931 ter
455 903 545 932 Deum
568 901 793 947 peregrinantem.
818 900 853 929 Et

112 944 182 973 fiunt
199 943 278 972 ambo
290 952 350 981 aequ
376 951 416 978 es,
431 947 457 970 et
469 941 516 970 ille
527 952 575 980 qui
607 947 697 980 ropter
713 941 801 969 Deum
813 939 852 968 la-

111 984 200 1018 borat,
212 988 239 1011 et
251 981 301 1011 iste
311 981 480 1021 qui'ptopter
493 981 582 1010 Deum
606 981 759 1010 aberantem
772 978 853 1008 refriss

131 1029 198 1052 erat.
215 1022 330 1061 utputa,
353 1020 493 1060 suscepisti
515 1019 688 1055 sacerdotem,
710 1018 854 1048 sacerdotis

134 1062 197 1091 abes
209 1059 377 1090 mercedem:
393 1059 532 1100 suscepisti
547 1059 646 1088 laicum
660 1060 775 1099 justum,
786 1057 853 1097 justi

114 1101 175 1130 laici
193 1100 276 1130 habes
297 1098 457 1128 mercedem.
476 1098 532 1135 Qui
554 1098 607 1128 reci
629 1098 650 1127 it
669 1098 854 1127 Christianum

115 1141 162 1170 ille
175 1140 223 1179 qui
234 1138 403 1169 Christianus
417 1148 470 1167 non
482 1145 532 1173 est,
547 1148 600 1167 non
635 1138 695 1166 abet
706 1136 854 1166 mercedem

114 1178 262 1210 Christiani
274 1178 350 1207 illius
361 1189 370 1207 ε
380 1178 444 1216 quia
458 1184 484 1206 et
496 1177 681 1207 Christianum
695 1177 718 1206 si
731 1176 854 1216 suscipit,

115 1226 204 1248 tamen
226 1227 278 1247 non
299 1227 362 1246 cum
382 1216 489 1246 nomine
507 1216 666 1253 Christiani,
681 1223 727 1245 aut
746 1223 856 1256 propter

116 1258 244 1287 honorem
267 1256 379 1291 Christi,
394 1256 442 1285 sed
461 1257 537 1295 quasi
554 1266 749 1294 quemcumque
763 1256 852 1285 homi-

115 1308 187 1327 nem.
196 1297 251 1334 Qui
264 1296 335 1325 enini
346 1296 484 1325 Christum
497 1306 548 1324 non
559 1295 708 1334 cognoscit,
719 1295 855 1334 quomodo

112 1337 299 1366 Christianum
310 1335 458 1375 suscepisse
474 1334 639 1373 intelligatur
650 1342 759 1374 propter
773 1334 856 1364 Chri-

115 1376 206 1405 stum?
217 1383 244 1405 et
255 1375 302 1414 qui
315 1384 369 1403 nou
382 1374 468 1409 eredit
476 1374 598 1410 veritati,
611 1374 745 1413 quomodo
757 1374 859 1403 confes-

115 1425 202 1445 sorem
228 1413 347 1444 veritatis
374 1412 542 1453 intelligatur
573 1413 720 1453 suscepisse
746 1425 795 1454 pro
817 1420 856 1443 ter

115 1453 276 1492 veritatem?
287 1454 346 1482 Non
356 1463 420 1492 ergo
430 1453 526 1493 recipit
539 1464 600 1482 eum
614 1453 641 1482 in
656 1453 762 1482 nomine
773 1455 795 1483 C
816 1454 857 1482 ri-

114 1494 160 1531 sti,
174 1493 251 1539 quasi
266 1492 463 1528 Christianum,
475 1492 523 1521 sed
533 1492 759 1531 quemadmodum
770 1493 857 1522 caeteri

114 1533 227 1573 gentiles
239 1531 413 1562 humanitatis
433 1542 511 1560 causa
535 1531 668 1571 recipiunt
690 1532 855 1571 peregrinos,

116 1583 169 1601 non
181 1579 289 1611 propter
301 1571 451 1601 Christum.
461 1569 541 1606 Quod
555 1577 644 1599 autem
657 1570 787 1606 diximus,
801 1571 858 1600 sive

114 1611 300 1641 Christianum
319 1609 456 1649 receperit,
470 1609 528 1638 sive
547 1609 722 1645 sacerdotem,
736 1610 794 1640 sive
808 1610 857 1638 la'i'-

117 1661 190 1684 cum,
204 1660 257 1679 non
268 1649 348 1678 habet
361 1648 520 1684 mercedem,
534 1648 597 1687 quia
610 1659 663 1678 nou
676 1649 753 1687 quasi
769 1659 856 1678 sacer·

117 1689 208 1719 dotem
228 1688 355 1728 suscepit,
378 1697 426 1717 nec
446 1688 524 1731 quasi
544 1687 726 1717 Christianum
740 1700 747 1718 ε
761 1688 796 1717 ita
818 1695 859 1718 est

66 1765 71 1771 ⁴
118 1727 335 1768 intelligendum,
351 1733 380 1756 ut
398 1726 545 1766 suscipiens
564 1726 737 1764 sacerdotem,
757 1738 856 1758 merce-

116 1767 181 1798 dem
191 1767 335 1798 sacerdotis
350 1776 403 1795 non
414 1766 509 1795 habeat
518 1777 526 1795 z
535 1773 561 1795 et
572 1766 719 1806 suscipiens
731 1767 858 1797 Christia-

119 1818 200 1844 num,
220 1805 370 1836 mercedem
380 1805 527 1835 Christiani
551 1816 604 1834 non
622 1806 728 1836 habeat.
746 1806 858 1846 Alioqui

118 1846 198 1876 habet
213 1845 363 1875 mercedem
376 1851 485 1884 propter
497 1845 549 1874 hoc
565 1845 664 1881 solum,
679 1847 741 1884 quia
756 1846 858 1876 bonum

114 1895 186 1925 opus
198 1885 270 1922 fecit,
283 1884 407 1923 quamvis
416 1894 469 1912 non
477 1883 569 1913 fecerit
580 1892 691 1924 propter
704 1885 856 1916 Christum.

115 1925 254 1962 Quoniam
266 1925 315 1963 qui
328 1923 485 1967 prophetam
503 1923 617 1963 suscipit
634 1934 686 1954 non
703 1925 779 1964 quasi
794 1936 857 1965 pro-

116 1964 239 2043 fliffiss
249 1961 605 2041 fstssk‘ffib‘tssff‘ffffiuffssssss
605 1963 687 2032 {32:1¹2
696 1965 857 2040 3⁰13?ssss

39 2048 62 2079 ἦ.
70 2042 211 2079 25.dioens
222 2054 228 2072 :
242 2043 283 2072 Et
294 2051 384 2078 nunc,
392 2042 519 2070 Domine
528 2051 588 2077 rex,
599 2043 753 2072 consilium
764 2054 858 2073 meum

120 2083 204 2120 audi,
211 2089 240 2111 et
246 2087 367 2121 peccata
375 2086 427 2109 tua
435 2080 626 2118 eleemosynis
632 2083 747 2112 redime.
757 2083 787 2113 Si
795 2094 859 2123 ergo

15 2118 19 2152 ἰ
64 2134 111 2151 cxv
120 2122 168 2151 ille
181 2132 229 2151 rex
247 2121 383 2151 idolorum
395 2119 483 2148 cultor
495 2126 598 2159 poterat
607 2121 782 2162 eleemosynis
795 2134 860 2162 pee-

121 2167 178 2190 cata
190 2160 333 2197 redimere,
346 2160 392 2189 cui
402 2161 455 2188 non
469 2166 581 2198 prosunt
598 2160 712 2190 eleemos
733 2162 791 2191 ute?
806 2162 860 2192 Sed

121 2199 186 2229 audi
207 2199 379 2239 mysterium.
395 2197 468 2236 quod
488 2200 582 2228 Petrus
602 2210 618 2228 a
640 2199 677 2229 ud
722 2201 860 2231 leinentem

121 2239 256 2278 exposuit.
277 2238 309 2268 Si
327 2237 415 2266 fidelis
427 2237 518 2266 iecerit
531 2248 600 2276 opus
633 2249 723 2276 onum,
734 2247 760 2270 et
773 2241 817 2270 hic
837 2241 860 2270 ci

123 2277 242 2318 prodest,
257 2277 371 2306 liberans
382 2286 445 2304 eum
458 2286 472 2304 a
486 2276 565 2306 malis
578 2278 641 2307 etin
656 2278 705 2307 illo
716 2280 813 2309 saeculo
827 2279 862 2309 ad

123 2316 326 2357 percipiendum
345 2325 456 2354 reguum
475 2316 594 2354 caeleste;
610 2318 694 2356 inagis
714 2326 802 2348 autem
823 2319 863 2348 ibi

123 2367 204 2395 quam
217 2356 272 2385 hic.
288 2356 318 2386 Si
329 2362 416 2384 autem
431 2353 548 2383 infidelis
560 2355 650 2385 fecerit
667 2367 736 2396 opus
749 2359 861 2396 bonum,

124 2396 170 2425 liic
189 2396 214 2425 ei
226 2395 334 2435 prodest
348 2404 416 2434 opus
432 2392 528 2432 ipsius,
543 2400 569 2423 et
585 2394 631 2424 hic
650 2395 676 2424 ei
689 2397 778 2426 reddit
791 2399 864 2427 Deus

124 2435 195 2464 bona
214 2445 263 2474 pro
276 2445 356 2475 opere
372 2444 430 2462 suo.
448 2433 478 2462 ln
492 2433 541 2462 illo
554 2440 642 2463 autem
654 2436 748 2466 seculov
758 2437 827 2466 nihil
840 2437 865 2466 ei

146 2474 262 2503 rodesto
328 2474 334 2479 '
372 2474 377 2479 '

126 2485 196 2542 {ieros
213 2485 305 2542 fideles
324 2519 433 2552 propter
454 2522 521 2552 opus
544 2522 640 2550 suum,
660 2520 686 2543 et
701 2515 788 2555 juste,
802 2517 865 2555 quia

127 2551 241 2581 naturali
267 2552 338 2581 bono
363 2559 451 2581 motus
473 2552 533 2581 fecit
558 2552 674 2589 bonum,
690 2564 742 2584 non
757 2563 865 2596 proiter

130 2593 224 2621 Deum.
246 2590 308 2621 ideo
330 2592 356 2620 in
378 2602 475 2631 corpus
497 2602 576 2621 suum
600 2592 694 2632 recipit
716 2566 864 2626 mercedem

283 2485 313 2503 us
326 2483 423 2513 ipsius.
434 2473 490 2502 Nec
501 2473 573 2501 enim
584 2473 729 2505 collocatur
739 2476 809 2505 intei·
819 2486 867 2505 cae-

903 306 1008 336 dederit
1019 308 1054 344 ei,
1067 308 1116 346 qui
1129 317 1182 336 non
1194 315 1233 336 est
1245 308 1357 343 Christi,
1371 318 1424 337 uon
1435 318 1558 347 magnam
1569 307 1652 337 habet

904 346 1064 383 mercedem,
1084 347 1148 385 quia
1166 357 1214 375 nec
1233 347 1386 377 Christiano
1405 347 1492 382 dedit,
1505 357 1553 376 nec
1572 347 1649 386 quasi

903 385 1067 423 Christiano,
1075 386 1179 415 dicente
1187 387 1274 415 Tobia
1286 399 1292 415 ε
1304 387 1442 425 Effunde
1452 389 1557 416 vinum
1566 393 1647 416 tuum
1660 396 1717 418 Tus.
1730 396 1748 427 't-
1765 395 1790 418 ι8
1804 413 1810 420 .

904 435 990 464 super
1011 426 1144 465 sepulcra
1153 427 1310 465 justorum,
1324 422 1354 455 'e't
1375 437 1434 455 non
1452 427 1565 456 dederis
1578 436 1648 465 pec-

905 466 1008 494 catori.
1028 467 1097 495 Item
1117 465 1257 505 sapientia,
1273 467 1388 505 Recipe,
1411 466 1509 505 inquit,
1522 468 1645 506 justum,
1658 475 1732 497 Eccli.
1745 481 1782 497 12.

904 510 933 532 et
947 515 984 533 ne
1004 505 1117 534 dederis
1131 506 1231 543 impio.
1246 506 1348 534 Tamen
1367 505 1431 544 quia
1447 505 1580 546 scriptum
1597 511 1647 541 est,

907 544 1072 583 Operemini
1091 545 1198 573 bonum
1215 546 1256 573 ael
1268 555 1377 580 omnes,
1393 546 1485 585 magis
1499 551 1596 574 autem
1609 545 1650 574 nd
1661 558 1747 582 Gal.6.
1764 565 1797 580 ιο,

905 582 1165 623 domesticosfidei'
1176 596 1185 614 ε
1196 584 1245 622 qui
1256 584 1302 613 dat
1316 583 1431 619 infideli,
1446 585 1579 614 modicam
1592 584 1650 623 qui—

904 621 977 658 dem,
987 629 1073 651 tamen
1085 623 1165 652 habet
1172 623 1321 652 mercedem
1334 635 1341 652 ι
1353 623 1400 662 qui
1409 631 1498 653 autem
1508 624 1581 653 fideli
1592 624 1648 659 dat,

904 661 1040 701 duplicem
1050 662 1131 691 habet
1145 662 1304 692 mercedem.
1321 663 1443 692 Primum
1455 663 1575 702 quidem,
1587 663 1651 702 quia

904 708 1025 730 creatura
1040 702 1089 731 Dei
1104 709 1143 731 est
1157 714 1165 731 ε
1179 702 1337 737 secundum,
1349 702 1413 741 quia
1427 713 1521 732 servus
1535 704 1584 732 Dei
1599 709 1649 733 est.

905 741 962 778 Qui
982 748 1071 770 autem
1088 741 1192 771 infideli
1214 741 1271 777 dat,
1287 752 1366 771 uuam
1387 741 1468 771 habet
1487 742 1648 778 mercedem,

905 780 969 818 quia
978 787 1098 810 ereatura
1109 780 1219 820 quidem
1230 788 1269 810 est
1282 781 1344 817 Dei,
1357 781 1495 811 voluntate
1506 788 1594 811 autem
1606 781 1651 811 ad-

905 830 1000 849 versus
1018 821 1118 849 Deum.
1137 820 1218 857 Quod
1230 821 1252 850 si
1263 821 1432 851 Christianus
1446 831 1499 850 non
1519 821 1651 851 Christia-

907 869 983 895 num,
998 859 1044 889 sed
1065 859 1201 889 infidelem
1222 860 1250 889 in
1271 860 1379 889 nomine
1400 860 1502 890 Christi
1525 860 1649 900 suscipit,

906 898 1082 928 nihilominus
1091 899 1172 929 habet
1182 906 1307 929 statutam
1318 899 1466 929 mercedem
1478 912 1484 928 :
1496 899 1559 939 quia
1568 910 1651 939 quan·

905 945 963 967 tum
984 938 1020 967 ad
1037 949 1065 968 se
1084 949 1137 968 non
1161 939 1347 968 Christianum
1368 939 1492 979 suscipit,
1510 939 1559 969 sed
1572 939 1650 978 quasi

906 977 1097 1008 Christianum.
1110 979 1160 1008 ⁴2.
1175 980 1215 1008 Ει
1229 980 1403 1018 quicumque
1417 981 1469 1008 uni
1476 989 1512 1008 ex
1523 981 1650 1008 minimis

908 1019 971 1046 istis
989 1017 1110 1047 calicem
1132 1029 1151 1046 a
1172 1028 1217 1047 uae
1228 1018 1351 1058 fri'3idoe
1365 1019 1476 1047 dederit
1490 1025 1604 1048 tantum
1618 1021 1650 1048 in

909 1058 1025 1086 nomine
1036 1058 1146 1096 discipu
1161 1060 1182 1093 i,
1197 1068 1283 1086 amen
1293 1058 1358 1087 dico
1372 1059 1467 1094 vobis,
1481 1068 1538 1087 non
1549 1060 1650 1097 perdet

907 1096 1067 1126 mercedem
1081 1107 1174 1126 suam.
1190 1097 1250 1126 Non
1264 1097 1363 1137 peribit
1376 1107 1476 1127 merces
1488 1098 1557 1137 ejus.
1573 1100 1650 1135 Quo-

908 1135 979 1164 niam
998 1146 1079 1176 supra
1097 1136 1213 1172 dixerat,
1231 1138 1288 1176 Qui
1309 1138 1411 1176 recipit
1427 1138 1599 1176 prophetam
1618 1139 1651 1167 in

910 1176 1026 1205 nomine
1041 1177 1206 1215 prophetae,
1222 1177 1382 1205 mercedem
1401 1177 1549 1216 proplietoe
1571 1179 1652 1207 acci-

907 1217 966 1254 piet
980 1226 991 1243 .·
1006 1221 1035 1244 et
1054 1219 1106 1255 qui
1124 1217 1226 1255 recipit
1245 1218 1357 1255 justum
1376 1218 1409 1245 in
1431 1217 1548 1245 nomine
1565 1218 1651 1257 justi,

909 1255 1068 1284 mercedem
1075 1256 1150 1295 justi
1163 1256 1283 1295 accipiet
1296 1267 1307 1284 .·
1321 1255 1366 1285 hic
1379 1266 1542 1295 exaggerans
1553 1266 1654 1286 merce-

908 1293 971 1323 dem
987 1295 1203 1335 suscipientium,
1218 1305 1300 1335 supra
1313 1295 1424 1324 modum
1439 1295 1555 1335 amplius
1575 1295 1652 1325 dicit.

909 1334 967 1362 Hoc
979 1340 1018 1362 est
1031 1334 1104 1373 quod
1113 1334 1185 1370 dico,
1201 1334 1263 1373 quia
1277 1334 1324 1373 qui
1336 1334 1416 1364 etiam
1429 1334 1475 1363 uni
1489 1345 1522 1364 ex
1535 1335 1655 1364 minimis

909 1372 979 1409 istis,
994 1373 1041 1411 qui
1062 1384 1147 1411 neque
1167 1373 1303 1414 prophetae
1322 1381 1396 1411 sunt,
1412 1385 1498 1413 neque
1513 1374 1592 1414 justi,
1607 1375 1656 1404 scd

909 1418 1013 1441 tantum
1034 1413 1170 1442 credentes
1192 1413 1220 1442 iu
1234 1424 1286 1450 me,
1301 1424 1399 1452 aquam
1416 1413 1543 1453 frigidam
1561 1425 1655 1455 porre-

911 1451 983 1481 xerit
995 1464 1002 1480 z
1017 1452 1069 1482 hoc
1087 1460 1136 1489 est,
1145 1454 1203 1482 Non
1218 1453 1307 1482 dicam
1320 1453 1367 1492 qui
1381 1463 1426 1482 eos
1440 1453 1580 1492 magnifice
1593 1464 1654 1483 sus-

911 1493 1023 1530 ceperit,
1043 1492 1089 1521 sed
1110 1492 1158 1531 qui
1179 1492 1222 1521 vel
1244 1503 1340 1530 aquam
1367 1493 1493 1532 frigidam
1508 1493 1657 1532 pori-exerit

910 1530 959 1566 eis,
970 1541 1068 1560 merces
1082 1531 1140 1570 ejus
1152 1541 1204 1559 non
1218 1532 1323 1571 peribit.
1332 1531 1438 1560 Minimi
1452 1539 1540 1561 autem
1554 1532 1656 1561 suntin

911 1569 1047 1605 Ecclesia,
1061 1572 1108 1608 qui
1130 1570 1240 1599 modica:
1260 1570 1370 1609 justitiae
1390 1577 1466 1606 sunt,
1480 1578 1526 1600 aut
1544 1571 1656 1601 modicae

912 1607 986 1637 fidei.
1006 1609 1042 1638 Et
1065 1609 1127 1638 vide
1149 1620 1229 1647 quam
1248 1610 1357 1649 proprie
1378 1609 1412 1639 de
1431 1610 1551 1639 minimis
1571 1610 1653 1640 dicat.

911 1648 972 1677 Non
985 1647 1062 1684 dicit,
1078 1648 1132 1685 Qui
1146 1659 1231 1677 unum
1245 1659 1279 1678 ex
1292 1649 1412 1678 minimis
1432 1650 1571 1689 receperit,
1586 1650 1656 1680 sicut

912 1697 972 1716 cum
986 1687 1142 1726 loqueretur
1155 1687 1188 1717 de
1207 1688 1343 1732 prophetis
1356 1696 1382 1718 et
1402 1689 1483 1729 justis
1500 1701 1506 1717 :
1522 1689 1587 1728 quia
1600 1690 1655 1719 mi-

912 1726 979 1755 n'imi
995 1726 1021 1755 in
1036 1727 1136 1767 populo
1149 1728 1302 1757 Christiano
1313 1738 1364 1757 uon
1375 1739 1443 1768 opus
1455 1728 1553 1758 habent
1564 1739 1654 1759 susce-

913 1767 1013 1806 ptione.
1028 1767 1084 1796 Nec
1098 1767 1168 1797 enim
1186 1767 1390 1812 peregrinantur
1404 1778 1482 1798 causa
1504 1778 1655 1808 persequu-

911 1805 1003 1840 tionis,
1020 1816 1068 1835 nec
1086 1813 1202 1836 contenti
1223 1813 1285 1836 sunt
1303 1807 1515 1847 persequutionis
1534 1808 1653 1847 aliquam

911 1844 1003 1874 subire
1012 1845 1171 1883 molestiam,
1184 1845 1230 1875 sed
1239 1846 1329 1876 statim
1342 1846 1563 1877 scandalizantur.
1573 1847 1654 1878 Unde

911 1892 937 1914 et
954 1884 1021 1914 alibi
1038 1884 1104 1915 dicit
1126 1892 1235 1926 propter
1248 1895 1292 1915 eos
1308 1899 1314 1915 ε
1332 1887 1383 1915 Vae
1395 1889 1613 1926 proegnantibus
1626 1894 1654 1917 et
1663 1901 1750 1923 Mum„
1765 1902 1804 1931 ²4·

913 1926 1106 1954 nutrientibus
1125 1927 1158 1954 in
1180 1925 1242 1954 illis
1264 1926 1374 1955 diebus.
1398 1926 1541 1967 Proprium
1564 1934 1653 1957 autem
1668 1938 1703 1961 ¹9-
1787 1940 1789 1945 ·

889 1996 893 2000 ,
912 1964 1104 2009 prophetarum
1116 1971 1142 1994 et
1147 1964 1282 2004 justorum
1296 1965 1416 1995 virorum
1427 1973 1466 1996 est
1476 1977 1554 1996 causa
1566 1977 1655 2006 perse-

912 2011 1049 2043 quutionis
1063 2003 1226 2043 peregrlnari
1241 2003 1275 2033 de
1286 2005 1392 2034 civitate
1411 2005 1439 2034 in
1453 2006 1597 2035 civitatem.
1616 2007 1655 2036 ll-

913 2043 953 2072 los
969 2043 1029 2072 ideo
1049 2043 1150 2082 suscipi
1163 2043 1281 2080 mandat,
1293 2044 1336 2074 his
1350 2052 1438 2074 autem
1457 2045 1562 2085 aliquid
1581 2045 1653 2083 dari,

913 2093 946 2112 ne
960 2083 1026 2112 forte
1037 2089 1145 2122 propter
1156 2082 1240 2122 ipsam
1254 2083 1340 2113 levem
1354 2084 1529 2124 indigentiam
1542 2085 1653 2115 scanda-

913 2123 1035 2152 lizentur.
1049 2121 1129 2151 Unde
1147 2132 1199 2151 non
1220 2122 1304 2158 dixit,
1321 2124 1376 2160 Qui
1397 2134 1482 2153 unum
1495 2135 1530 2154 ex
1553 2127 1656 2164 magnis

913 2162 971 2190 istis
980 2161 1199 2191 scandalizaverit
1211 2173 1218 2191 ε
1228 2162 1285 2199 sed,
1299 2164 1395 2192 Unum
1404 2164 1441 2192 de
1447 2165 1563 2203 pusillis
1575 2166 1636 2194 istis
1645 2176 1653 2193 .-

913 2202 977 2240 quia
1001 2211 1113 2240 magnus
1141 2211 1193 2230 non
1224 2202 1433 2240 scandalizatur,
1454 2203 1502 2232 sed
1527 2204 1653 2243 pusillus.

915 2241 1085 2280 Verejustus
1097 2240 1197 2271 Judex.
1211 2242 1268 2285 Qui
1281 2241 1352 2270 enim
1365 2249 1390 2271 et
1404 2252 1454 2282 pro
1474 2243 1556 2272 verbo
1569 2243 1654 2272 otioso
1667 2257 1753 2279 Imm„
1770 2263 1805 2278 .2‚

915 2280 1052 2309 constituit
1063 2290 1179 2320 poenam,
1187 2280 1292 2319 justum
1306 2288 1361 2310 erat
1374 2288 1403 2310 ut
1417 2292 1465 2321 pro
1476 2292 1545 2320 aqua
1558 2282 1655 2320 frigida
1667 2287 1704 2310 36.

916 2319 991 2349 daret
1005 2319 1164 2349 mercedem.
1185 2321 1310 2349 Tantum
1327 2322 1359 2349 in
1378 2322 1494 2348 nomine
1506 2321 1654 2358 discipuli,

917 2370 999 2405 supra
1016 2365 1093 2389 caute
1113 2358 1229 2397 addidit,
1243 2359 1334 2388 dicens
1353 2372 1359 2387 :
1382 2359 1474 2389 Sciens
1493 2359 1618 2397 quoniam
1633 2360 1657 2389 si

917 2410 978 2438 quis
991 2409 1042 2428 non
1053 2405 1162 2439 propter
1171 2409 1265 2428 nomen
1274 2398 1373 2428 Chi-isti
1386 2397 1500 2433 dederit,
1515 2408 1567 2426 non
1579 2398 1658 2428 habet

918 2438 1078 2468 mercedem.
1095 2438 1233 2477 Frigidam
1251 2448 1347 2475 aquam
1369 2436 1447 2472 dicit,
1463 2443 1538 2465 utne
1557 2437 1657 2466 calefa-

917 2477 1006 2508 ciendi
1026 2477 1162 2518 impendat
1182 2477 1311 2506 laborem.
1327 2477 1386 2504 Non
1401 2476 1464 2513 quia
1481 2474 1587 2515 aliquid
1606 2484 1657 2514 est,

918 2517 992 2556 quod
1007 2516 1064 2552 dat,
1081 2517 1139 2546 ideo
1154 2516 1234 2545 habet
1252 2514 1399 2543 mercedem
1416 2526 1422 2542 τ
1436 2514 1482 2543 scd
1495 2515 1530 2543 ob
1543 2514 1583 2551 id,
1596 2517 1659 2554 quia

918 2567 1030 2596 magnus
1044 2563 1093 2593 est,
1108 2562 1218 2594 propter
1231 2564 1310 2591 quem
1323 2553 1379 2582 dat.
1393 2552 1467 2590 Quid
1481 2553 1561 2589 enim,
1573 2554 1596 2583 si
1607 2555 1658 2584 ali-

917 2597 979 2635 quis
993 2595 1080 2627 voluit
1092 2595 1166 2632 dare,
1182 2600 1208 2623 et
1222 2603 1272 2622 non
1286 2592 1394 2632 potuit?
1406 2593 1537 2632 numquid
1554 2594 1659 2634 justum
