1890 2826
549 254 582 278 m
610 255 723 287 intuo,
754 254 822 278 vim
850 254 1022 286 nomnen,
1051 251 1171 277 nomm.
1203 254 1227 278 1.

114 315 196 346 ἴνατί
207 315 275 345 οὕτω
292 314 502 354 συμπέπτωκαςς
516 315 687 356 Ἢμοὶρτηκεν
705 318 720 346 ὀ
741 315 804 349 λαός
817 327 863 345 σου
870 337 883 351 ,,

114 362 158 392 καὶ
174 361 277 403 παρέὸη
296 361 345 398 τὴν
360 362 487 399 διαθήκην
504 374 569 402 μου,
584 362 629 392 καὶ
649 364 678 392 οὗ
693 362 730 401 μὴ
753 362 880 398 δυνήσον-
906 384 918 394 .

114 419 156 438 ται
178 409 202 437 οἱ
223 408 275 437 υἱοὶ
299 407 409 448 Ἰσραὴλ
437 410 531 444 στῆναι
555 408 625 438 κατὰ
655 408 796 448 πρόσωπον
826 410 878 437 τῶν

102 455 212 497 ,ἐχθρῶν
232 455 331 490 αὐτῶν,
342 454 389 487 ἕως
406 453 437 483 ἂν
447 454 556 494 ἐξᾶρητε
569 454 600 483 τὸ
624 454 748 493 ἀνάθημα
761 453 787 488 ἐξ
804 455 878 492 ὑμῶν

112 502 210 529 αὐτῶν.
232 499 387 540 Ἐκηρύχθη
416 500 502 540 τοίνυν
529 501 557 529 ἐν
576 501 615 540 τῷ
633 501 691 540 λαῷ
719 503 810 537 τοῦτο,
833 499 878 529 καὶ

113 545 239 584 μηνύεται
251 545 302 575 ὕπὸ
312 547 384 575 Θεοῦ
406 548 420 575 ὃ
444 545 492 582 τὴν
514 545 666 586 παρᾶὅασιν
681 546 796 586 πράξας·
811 558 878 585 συγ*

111 591 279 621 κατατίθεται
293 587 374 625 οὗτος.
387 591 527 632 Ἀπεκρίθη
550 591 617 632 γὰρ,
630 592 719 632 φησὶν,
740 591 824 632 Ἄχαρ
837 593 876 631 τῷ

111 637 199 673 Ἰησοῦ
207 660 216 674 ,
230 638 275 667 καὶ
288 633 359 667 εἶπεν
367 649 374 656 ·
383 638 498 674 Ἀληθῶς
510 637 629 678 ἥμαρτον
641 637 756 668 ἐναντίον
767 642 813 667 τοῦ
822 640 877 668 Κυ-

111 682 166 723 ρίου
177 684 247 713 Θεοῦ
260 683 460 723 Ἰσραήλ·οῧτω
484 683 529 713 καὶ
549 684 631 717 οὕτως
650 683 771 719 ἐποίησα.
796 679 874 714 Εἶδον

109 729 136 758 ἔν
147 731 181 769 τῇ
194 728 331 769 Ἰπρονομῇ
347 729 442 766 στολὴν
455 729 535 770 ψιλὴν
544 751 552 764 ,
563 729 695 766 ποικίλην,
708 729 767 759 λίαν
780 729 875 766 καλὴν,

109 773 153 803 καὶ
172 774 292 804 διακόσια
306 775 439 815 δίδραχμα
457 775 595 816 ἀργυρίου,
612 775 657 805 καὶ
669 777 791 814 γλῶσσαν
811 775 874 814 μίαν

896 462 916 486 E

1612 255 1670 277 121

935 322 1024 345 menta
1047 317 1194 356 proferens,
1216 326 1276 356 quae
1298 322 1387 345 narrat
1410 315 1502 345 divina
1525 316 1675 356 Scriptura.

936 362 1011 399 Quid
1029 363 1114 403 igitur
1132 363 1175 392 illi
1186 362 1324 403 respondit
1337 362 1489 392 Dominus?
1502 364 1610 403 Surge.-
1626 370 1736 392 curJos.
1749 376 1760 398 7
1788 375 1823 392 10.

934 409 978 437 ita
994 416 1158 448 prostratus
1169 411 1251 449 jaces
1266 411 1278 436 Ρ
1295 409 1435 438 Peccavit
1452 409 1577 448 populus
1598 416 1674 446 tuus,
1689 407 1724 423 ω·

935 460 1130 495 transgressus
1149 462 1192 485 est
1214 462 1333 495 pactum
1357 465 1463 491 meum,
1477 465 1530 483 nec
1539 461 1677 494 poterunt

933 503 1012 527 stare
1014 499 1080 538 filii
1101 500 1196 528 Israie‘l
1213 506 1316 528 contra
1330 500 1443 539 faciem
1463 499 1588 528 hostium
1610 510 1676 529 suo-

934 552 1010 578 rum,
1033 543 1125 573 donec
1150 545 1325 574 sustuleritis
1353 546 1512 574 anathema
1534 554 1571 572 ex
1591 546 1675 573 vobis

932 588 1012 626 ipsis.
1032 588 1197 618 Praedicatur
1211 589 1294 628 igitur
1306 589 1358 618 hoc
1381 589 1409 617 in
1422 588 1535 629 populo,
1551 595 1577 617 et
1590 599 1604 617 a
1617 590 1675 618 Deo

931 633 1067 672 proditur,
1087 635 1134 673 qui
1155 635 1207 665 hoc
1232 641 1417 675 perpetrarat:
1432 635 1479 663 ille
1497 635 1603 664 fatetur.
1621 636 1674 664 Re-

931 678 1040 718 spondit
1056 680 1137 718 enim,
1154 680 1252 720 inquit,
1277 681 1367 710 Achai·
1385 681 1450 711 Jesu
1470 680 1561 710 dicens
1578 693 1584 709 ε
1601 682 1675 710 Vere
1685 688 1743 710 ΙΙιιίι.
1759 696 1821 711 uzo.

930 727 1050 763 peccavi
1062 727 1093 755 in
1108 733 1262 766 conspectu
1277 728 1398 756 Domini
1424 727 1479 756 Dei
1501 727 1611 764 Israe‘k
1633 729 1675 758 sic

931 778 958 800 et
970 773 1012 801 sic
1017 772 1085 813 feci
1089 795 1095 802 .
1105 774 1245 803 Videbam
1259 774 1289 802 in
1301 774 1402 813 proeda
1413 773 1519 803 stolam
1535 776 1674 813 variega-

110 822 213 859 χρυσῆν
226 820 390 857 πεντήκοντα
407 822 568 862 διδράχμων,
583 821 628 851 χαὶ
641 821 794 861 ἐνθυμηθεὶς
809 822 872 851 ἔλα-
885 806 922 858 ¹2⁵
931 822 991 847 tam
1011 829 1102 848 unam
1113 820 1278 859 pulchram,
1293 820 1477 859 ducentaque
1489 821 1603 859 argenti
1627 821 1672 848 di·-

109 865 165 903 δον,
186 866 231 895 καὶ
253 867 309 896 ἰδοὺ
329 870 413 897 ταῦτα
434 868 609 908 ἐγκέκρυπται
630 868 658 896 ἐν
679 869 712 907 τῇ
731 869 766 907 γῇ
789 869 817 897 ἐν
840 870 873 908 τῇ

108 914 192 952 σκηνῇ
207 924 265 951 μου.
287 913 379 942 Πάντα
391 913 482 943 λοιπὸν
504 915 540 947 εἷς
553 914 662 954 φανερὸν
682 913 758 954 ἄγει,
780 914 871 950 ἐπειδὴ

107 958 208 997 ἀψευδῆ
222 958 265 988 τὸν
285 961 369 988 ταῦτα
388 959 611 999 καταμηνύσαντα
634 959 736 1000 ιἑώρα,
762 960 873 1000 σφοδρόν

108 1015 136 1032 τε
150 998 205 1044 εἶχε
225 1003 270 1034 τὸν
281 1004 423 1046 ἐλέγχοντα
445 1006 574 1046 μάρτυρα.
589 1005 661 1046 Ὅρα
674 1006 701 1035 δὲ
713 1006 757 1035 τὸν
770 1006 873 1036 ἐπονεί-

107 1049 192 1079 διστον
208 1050 253 1078 καὶ
262 1050 376 1090 ὀλέθριον
389 1051 468 1080 αὐτοῦ
479 1051 603 1081 Θάνατον·
618 1052 768 1091 Ἂνήνεγκε,
783 1052 873 1091 φησὶν,

108 1094 185 1124 αὐτὸν
200 1095 303 1131 Ἰησοῦς
311 1097 347 1129 εἰς
358 1095 482 1136 φάραγγα
496 1097 592 1136 Ἂχὼρ,
606 1096 651 1126 καὶ
663 1096 722 1130 τοὺς
738 1097 808 1130 υἱοὺς
823 1098 873 1126 αὗ-

106 1142 165 1176 τοῦ,
190 1141 235 1169 καὶ
257 1140 303 1175 τὰς
327 1141 469 1181 θυγατέρας
491 1143 588 1177 αὐτοῦ,
609 1141 654 1171 καὶ
675 1141 735 1175 τοὺς
757 1142 873 1182 μόσχους

108 1186 202 1222 αὐτοῦ,
219 1186 265 1215 καὶ
284 1186 319 1216 τὰ
333 1186 460 1227 ὑποζύγια
473 1189 566 1222 αὐτοῦ,
587 1186 632 1216 καὶ
646 1187 734 1216 πάντα
751 1187 785 1217 τὰ
802 1188 871 1228 πρό-

108 1230 177 1260 ὅατα
192 1233 270 1261 αὐτοῦ
279 1253 288 1267 ,
301 1231 346 1261 καὶ
357 1232 405 1269 τὴν
427 1232 527 1268 σκηνὴν
546 1233 640 1269 αὐτοῦ,
660 1233 705 1263 καὶ
716 1233 803 1262 πάντα
823 1233 873 1263 ὅσα

107 1278 227 1317 ὑπῆρχον
240 1279 312 1318 αὐτῷ
332 1278 378 1307 καὶ
400 1278 587 1315 ἐλιθοὸόλησαν
608 1278 674 1308 αὐτὰ
695 1284 748 1312 πᾶς
761 1279 871 1319 Ἰσραὴλ

105 1323 132 1351 ἒν
145 1322 234 1356 λίθοις.
245 1322 319 1360 Αὕτη
333 1325 381 1359 τῆς
402 1324 568 1364 παρανομίας
586 1326 604 1360 ἡ
626 1325 811 1362 ἇνταπόδοσις,
825 1325 870 1354 οὔ·

105 1379 156 1402 τως
176 1371 193 1405 ἡ
213 1371 259 1398 τοῦ
272 1371 343 1399 Θεοῦ
363 1369 507 1403 ἀδέκαστός
519 1371 576 1399 ἐστι
590 1370 659 1407 δίκη.
674 1372 761 1401 Τοῦτο
784 1371 870 1401 τοίνυν

106 1414 219 1452 εἰδότες,
241 1412 343 1445 οἰκείων
363 1415 562 1456 ἁμαρτημάτων
585 1416 720 1457 εἴσπραξιν
743 1417 792 1453 τὴν
816 1419 870 1447 τῶν

105 1462 218 1501 ἀνιαρῶν
232 1461 322 1501 ἔφοδον
333 1461 499 1502 λογιζώμεθα
512 1462 558 1491 καὶ
570 1464 629 1491 καθ’
640 1462 753 1498 ἑκάστην
767 1462 800 1492 τὰ
811 1466 869 1493 ἑαυ-

104 1508 156 1536 τῶν
177 1507 336 1542 ἐξετάζοντες
356 1508 527 1548 ἐγκλήματα,
543 1508 580 1548 μὴ
601 1509 711 1549 ἑτέροις,
723 1510 783 1540 ἀλλ’
804 1513 869 1550 ἡμῖν

105 1554 192 1587 αὐτοῖς
212 1553 260 1590 τὴν
279 1554 378 1583 τούτων
401 1554 588 1594 περιάπτωμεν
603 1555 700 1585 αἰτίαν.
724 1557 764 1585 Οὔ
787 1556 838 1596 γὰρ
851 1560 867 1593 ἡ

102 1600 156 1627 τῶν
169 1599 303 1639 ἀρχόντων
315 1599 393 1639 μόνον
406 1600 569 1639 ἀπροσεξία,,
578 1600 645 1630 ἀλλὰ
663 1603 754 1641 πολλῷ
768 1603 868 1640 μᾶλλον

103 1644 137 1674 τὰ
149 1644 267 1684 ἡμέτερα
279 1645 434 1684 πταίσματα
447 1645 481 1674 τὰ
494 1645 564 1675 κακὰ
578 1646 774 1686 συνεισήγαγεν.
788 1647 869 1677 Οὕτω

103 1689 187 1719 τοίνυν
197 1691 307 1720 ἰνταῧθα
320 1691 527 1731 παραγινόμενος
540 1691 661 1728 ἕκαστος,
675 1692 720 1722 καὶ
731 1692 765 1722 τὰ
785 1695 869 1723 οἰκεῖα

101 1735 268 1774 λογιζόμενος
288 1735 508 1776 παραπτώματα,
522 1736 582 1766 οὔτε
611 1737 700 1777 ἕτερον
725 1737 866 1778 με’μψοιτο,

103 1781 148 1810 καὶ
169 1781 237 1820 μετὰ
257 1783 305 1817 τῆς
328 1781 512 1821 προσηκούσης
534 1782 652 1816 εὐταξίας
665 1782 714 1819 τὴν
732 1786 868 1824 παροῦσαν

73 1846 77 1848 »
100 1825 273 1867 ΙἰΞνατι.’έμ-,1ιοι
285 1826 444 1866 δοξολογίαν.
459 1827 540 1857 Ἔστι
552 1828 580 1858 δὲ
592 1830 609 1864 ἡ
623 1831 686 1868 παρ’
699 1830 775 1868 ἡμῶν
790 1831 868 1859 ἀπαι-

101 1872 214 1912 τουμένη
237 1872 342 1907 εὐταξία
361 1873 470 1909 τοιαύτη
481 1885 487 1892 ·
501 1876 606 1914 πρῶτον
626 1874 683 1913 μὲν,
708 1886 865 1916 συντετριμ-

101 1918 166 1958 μένῃ
186 1918 280 1958 καρδίᾳ
302 1918 494 1959 προσέρχεσθαι
508 1921 547 1959 τῷ
571 1921 650 1960 Θεῷ,
663 1919 755 1949 ἔπειτα
768 1920 813 1950 καὶ
837 1921 867 1950 τὸ

101 1966 149 2000 τῆς
162 1965 270 2004 καρδίας
281 1959 343 2000 ἦθος
362 1964 405 1993 διὰ
423 1967 469 1994 τοῦ
483 1964 638 2005 φαινομένου
651 1965 788 2005 σχήματος
801 1968 865 1996 ὓπο-

103 2010 236 2047 δεικνύειν,
252 2010 295 2040 διὰ
314 2012 362 2046 τῆς
380 2010 511 2047 στάσεως,
524 2011 567 2040 διὰ
579 2013 627 2047 τῆς
636 2013 690 2041 τῶν
709 2015 806 2052 χειρῶν
820 2014 866 2042 εὗ-

101 2055 206 2092 ταξίας,
221 2055 264 2085 διὰ
276 2058 325 2091 τῆς
342 2056 452 2096 πραείας
475 2056 520 2086 καὶ
538 2057 748 2097 συνεσταλμένης
770 2061 865 2098 φωνῆς.

102 2101 218 2131 Εὗκολον
231 2101 282 2141 γὰρ
299 2105 391 2138 τοῦτο,
411 2101 456 2132 καὶ
470 2102 549 2132 παντὶ
563 2105 602 2143 τῷ
617 2103 767 2144 βουλομένῳ
785 2105 865 2133 δυνα-

101 2146 157 2186 τόν.γ
171 2148 234 2181 Πῶς
258 2143 301 2176 οὖν
324 2149 361 2181 εἷς
382 2147 482 2181 πάντας
504 2149 747 2189 κατορθωθήσεται;
768 2151 866 2188 Θῶμεν

103 2193 203 2226 ἑαυτοῖς
216 2193 306 2232 νόμον,
327 2193 374 2223 καὶ
394 2193 510 2233 εἴπωμεν
532 2195 572 2224 ὅτι
593 2195 754 2236 κοινωφελὴς
775 2196 867 2233 ἐντολὴ

103 2237 252 2273 κατεὸλήθη
262 2261 270 2274 ,
289 2239 334 2268 καὶ
356 2239 394 2268 δεῖ
417 2239 518 2274 πάντας
541 2242 612 2280 ἡμᾶς
635 2241 758 2277 τοιαύτης
782 2254 867 2281 μετα-

104 2287 178 2322 σχεῖν
191 2283 328 2323 ὠφελείας.
340 2284 391 2314 Διὰ
402 2288 479 2315 τοῦτο
492 2286 537 2316 καὶ
549 2287 597 2320 τὰς
612 2288 741 2322 ἀτάκτους
755 2300 867 2318 κατασι-

103 2329 226 2367 γάσωμεν
240 2329 341 2369 φωνὰς,
355 2331 419 2360 εκαὶ
429 2331 463 2360 τὰ
476 2335 529 2362 τῶν
542 2335 639 2373 χειρῶν
653 2334 867 2373 καταστείλωμεν

102 2373 152 2412 ἤθη
161 2396 169 2410 ,
184 2375 320 2414 δεδεμένας
333 2376 430 2411 ταύτας
451 2379 654 2418 παριστάνοντες
676 2382 715 2420 τῷ
728 2381 791 2420 Θεῷ
801 2403 809 2418 ,
823 2381 868 2411 καὶ

134 2477 144 2493 ⁴
170 2484 277 2513 Προνομῇ
296 2482 376 2509 στολὴν
392 2484 492 2511 nomam
505 2485 554 2508 λῖαν
565 2486 644 2512 καλήν.
664 2484 721 2508 Duo
739 2483 781 2508 alii
799 2495 856 2519 προ-

103 2523 159 2550 νομῇ
172 2520 237 2550 ψιλὴν
247 2522 347 2547 ποικίλην
357 2523 413 2551 μίαν
425 2523 502 2551 καλήν.
516 2521 634 2546 Erasmus
648 2523 756 2555 priorem
768 2531 857 2556 sequu-

105 2560 143 2579 tus
157 2554 304 2588 lectionem,
317 2562 372 2590 μίαν
388 2561 459 2588 καλήν
475 2558 543 2592 legit.
557 2560 587 2584 In
600 2559 667 2585 hunc
682 2559 766 2586 locum
784 2567 857 2587 notat

929 861 1082 898 drachma,
1096 869 1123 892 et
1135 864 1266 904 linguam
1280 874 1371 892 unam
1389 874 1510 893 auream
1524 865 1671 903 quinqua-

927 906 1011 944 ginta
1021 907 1268 944 didrachmarum,
1293 913 1321 937 et
1341 909 1545 947 concupiscens
1559 909 1631 946 cepi,
1645 915 1674 936 et

928 962 994 981 ecce
1011 953 1074 982 hoec
1094 954 1212 994 defossa
1231 960 1300 983 sunt
1324 955 1405 983 humi
1428 955 1460 981 in
1482 954 1673 982 tabernaculo

928 1008 999 1027 me0.
1011 999 1109 1028 Omnia
1123 1000 1180 1039 jam
1196 1000 1224 1029 in
1237 1006 1358 1039 apertum
1370 1000 1482 1039 profert,
1499 1006 1672 1039 posteaquam

928 1044 1063 1083 perspexit
1084 1045 1164 1074 illum
1184 1045 1274 1074 omnia
1293 1045 1350 1074 sinc
1370 1045 1508 1076 mendacio
1527 1046 1670 1084 indicasse,

929 1099 977 1118 nec
989 1089 1098 1120 diffisus
1106 1097 1146 1120 est
1157 1092 1217 1120 testi
1231 1091 1349 1131 seipsum
1358 1091 1492 1131 prodenti.
1501 1091 1574 1122 Vide
1583 1099 1671 1122 autem

928 1136 1085 1176 probrosam
1098 1148 1128 1167 ac
1139 1137 1314 1177 perniciosam
1326 1137 1400 1166 illam
1414 1144 1527 1167 mortem
1538 1139 1670 1169 :Subdu-

928 1184 983 1220 κίε,
999 1183 1097 1222 inquit,
1109 1185 1197 1213 Jesus
1211 1183 1318 1221 Achar-
1329 1186 1361 1213 in
1375 1185 1540 1214 convallem
1554 1186 1668 1223 Acium,
1678 1194 1727 1215 los.
1747 1203 1758 1224 ⁷
1780 1193 1817 1223 24¹-

926 1234 955 1257 et
958 1229 1040 1268 filios
1049 1230 1165 1269 ctfilias
1175 1231 1248 1269 ejus,
1261 1236 1289 1258 et
1299 1231 1410 1260 vitulos
1418 1231 1492 1270 ejus,
1503 1237 1530 1260 et
1537 1233 1671 1271 jumenta
1679 1224 1716 1246 ²⁵·

925 1276 999 1314 ejus,
1013 1282 1040 1305 et
1053 1286 1152 1306 omnes
1161 1286 1228 1306 oves
1240 1277 1312 1316 ejus.
1337 1282 1365 1306 et
1388 1279 1545 1306 tentorium.
1554 1280 1627 1318 ejus,
1642 1286 1672 1309 et

925 1322 1025 1350 omnia
1045 1333 1235 1362 quaecumque
1253 1323 1416 1362 possidebat
1439 1335 1449 1352 .·
1469 1330 1497 1353 et
1523 1324 1670 1364 lapidibus

924 1367 1019 1397 obruit
1025 1378 1060 1398 ea
1070 1369 1293 1409 omnispopulus
1301 1369 1406 1399 Israel.
1417 1370 1475 1399 Hoc
1484 1372 1670 1410 transgressio-

923 1413 966 1443 nis
979 1415 1132 1454 praemium,
1142 1415 1204 1445 talis
1218 1414 1268 1445 Dei
1282 1414 1412 1453 vindicta,
1425 1426 1487 1454 quae
1505 1417 1601 1447 evitari
1615 1428 1667 1448 non

923 1466 1020 1499 potest.
1035 1461 1099 1490 Haec
1120 1461 1210 1500 itaque
1230 1460 1353 1496 scientes,
1373 1461 1523 1501 cogitemus
1534 1463 1668 1493 molestias

923 1517 938 1535 a
952 1506 1049 1536 nostris
1070 1507 1184 1547 peccatis
1204 1507 1306 1545 invehi,
1321 1506 1488 1546 singulisque
1507 1507 1604 1538 diebus
1615 1519 1666 1539 no—

922 1558 977 1582 stra
999 1553 1181 1582 examinantes
1200 1552 1323 1589 crimina,
1347 1563 1401 1581 non
1422 1553 1495 1591 aliis,
1515 1554 1562 1583 scd
1576 1555 1666 1585 nobis-

921 1598 988 1639 ipsis
998 1610 1105 1629 causam
1115 1599 1306 1628 adscribamus.
1316 1599 1373 1628 Nec
1382 1598 1453 1628 enim
1462 1599 1666 1639 magistratuum

921 1644 1002 1674 modo
1025 1645 1196 1684 negligentia,
1218 1644 1266 1674 sed
1291 1644 1376 1674 multo
1402 1645 1487 1684 magis
1507 1653 1597 1675 nostra
1620 1647 1665 1676 de-

921 1689 985 1719 licta
1016 1690 1087 1719 mala
1108 1690 1296 1719 accersierunt.
1324 1690 1369 1719 Sic
1394 1689 1484 1729 itaque
1506 1691 1560 1721 huc
1582 1691 1664 1722 adve-

921 1735 998 1765 niens
1019 1745 1068 1764 sua
1089 1735 1203 1774 quisque
1224 1732 1358 1765 examinet
1380 1735 1488 1772 delicta,
1512 1746 1560 1766 nec
1578 1738 1663 1767 alium

920 1781 1033 1819 incuset,
1051 1788 1077 1810 et
1098 1787 1256 1821 praesentem
1280 1781 1502 1820 glorificationem
1524 1794 1586 1812 cum
1607 1784 1662 1813 ritu

918 1827 1023 1858 decenti
1040 1827 1153 1857 emittat.
1168 1827 1250 1864 Quod
1269 1833 1359 1856 autem
1377 1827 1496 1866 exigitur
1513 1827 1550 1857 ad
1571 1829 1662 1859 mode-

918 1874 1006 1909 stiam,
1024 1873 1076 1903 hoc
1091 1880 1130 1903 est
1146 1885 1153 1902 ε
1168 1873 1298 1913 primum,
1312 1873 1393 1903 corde
1406 1874 1519 1903 contrito
1537 1876 1661 1905 accedere

920 1919 955 1949 ad
973 1921 1061 1950 Deum
1079 1931 1086 1948 ε
1101 1919 1197 1949 deinde
1219 1919 1308 1949 cordis
1329 1920 1454 1949 affectum
1477 1920 1535 1960 ipso
1555 1922 1660 1952 visibili

922 1966 1015 1996 habitu
1033 1966 1184 2002 declarare,
1220 1965 1286 1995 item
1311 1966 1400 1995 standi
1425 1967 1507 1996 modo
1531 1979 1661 1999 manuum

919 2012 1016 2042 decora
1037 2012 1245 2053 compositione,
1269 2012 1375 2052 placida
1392 2012 1560 2052 demissaque
1582 2025 1658 2045 voce.

920 2060 990 2088 Nam
1003 2058 1033 2088 id
1053 2058 1132 2088 facile
1152 2065 1202 2096 est,
1225 2065 1251 2088 et
1268 2065 1356 2098 potest
1380 2058 1504 2097 quisquis
1530 2060 1659 2091 voluerit.

920 2104 976 2141 Qui
998 2105 1044 2134 fiet
1064 2104 1158 2145 igitur,
1177 2110 1208 2133 ut
1227 2114 1318 2134 omnes
1331 2115 1380 2134 suo
1392 2105 1539 2144 fungantur
1549 2107 1637 2137 officio
1647 2108 1661 2136 Ξ)

920 2152 1053 2180 Ponamus
1076 2150 1153 2180 nobis
1173 2150 1239 2191 ipsis
1251 2150 1338 2189 legem
1350 2150 1534 2190 dicamusque,
1560 2152 1591 2181 In
1606 2164 1660 2192 pu-

920 2197 1019 2227 blicam
1033 2197 1175 2227 utilitatem
1194 2197 1239 2226 lex
1253 2197 1359 2236 prodita
1373 2204 1423 2231 est,
1445 2206 1471 2228 et
1486 2199 1568 2239 hujus
1581 2200 1660 2229 utili-

919 2242 981 2273 tatis
999 2250 1102 2284 oportet
1125 2253 1173 2273 nos
1186 2253 1278 2273 omnes
1301 2254 1358 2273 esse
1370 2244 1522 2284 participes.
1537 2247 1661 2286 Quapro-

919 2296 979 2330 pter
999 2296 1025 2319 et
1045 2289 1182 2319 indecoras
1201 2299 1280 2319 voces
1300 2300 1464 2329 premamus,
1479 2301 1661 2330 manuumque

920 2335 1133 2375 gesticulationes
1156 2334 1345 2374 corripiamus,
1369 2335 1417 2365 lias
1437 2337 1591 2375 conjunctas
1613 2347 1659 2366 ex-

921 2381 1042 2411 hibentes
1055 2382 1123 2418 Deo,
1146 2390 1193 2410 nec
1211 2380 1394 2421 incompositis
1406 2381 1524 2410 motibus
1537 2381 1662 2411 attollan-

906 2491 976 2510 temae
986 2484 1200 2518 Babylonicum.»

938 2530 949 2543 ⁸
967 2524 1037 2549 Unus
1056 2526 1125 2559 ἐώρα,
1145 2523 1236 2557 ἀσφαλῆ
1249 2534 1274 2548 τε
1287 2525 1331 2555 εἶχε
1351 2526 1388 2548 τὴν
1408 2525 1530 2554 ἐλέγχοντος
1544 2525 1663 2557 μάρτυρα.

939 2563 952 2582 h
970 2563 1040 2588 Unus
1059 2567 1215 2596 ἀναπέμψοιτο
1236 2563 1371 2593 Bageia-siau.
1393 2560 1459 2584 Alius
1479 2565 1520 2590 τὴν
1538 2563 1666 2595 maino-axv

103 2592 207 2618 savinus
220 2604 224 2618 ε
240 2594 364 2621 ‹ovim-ens
377 2596 467 2622 retinet
484 2597 616 2623 lectionem
636 2600 774 2625 Romanam
792 2603 857 2634 ψιλὴν
907 2606 1071 2635 mandatori-o,
1085 2610 1136 2626 non
1152 2599 1225 2626 male.

105 2635 212 2663 mitia-4²,
227 2632 331 2660 inducto
345 2638 437 2667 πῶήν,
451 2637 574 2670 vertitque
586 2645 616 2662 ex
627 2639 704 2664 veteri
715 2638 857 2671 messario,

942 2648 950 2660 1·
970 2640 1036 2666 Alius
1049 2644 1085 2668 κκὶ
1097 2644 1137 2671 τὴν
1151 2646 1194 2666 τῶν
1205 2645 1286 2674 χειρῶν
1298 2640 1482 2671 naturalium&
1495 2643 1615 2668 συνήθειαν,
