1904 2840
112 507 164 528 Job.
172 512 209 536 29.
216 512 252 528 12.

115 544 123 558 1
146 553 151 559 0

113 950 166 972 Job.
182 955 202 972 ι.
213 950 236 973 5.

116 1436 171 1458 va.
185 1441 194 1457 1
201 1452 207 1457 .
218 1433 242 1465 4.

120 1789 172 1809 va.
183 1794 202 1810 Ι.
216 1793 235 1809 Ι.

127 2433 194 2455 Psal.
212 2431 251 2461 48.

266 236 337 272 688

263 315 352 348 quent
364 309 426 338 dies
437 303 541 338 ‘luctus
551 309 645 348 patris
666 310 735 347 mai,
755 315 785 338 et
803 309 936 339 occidam
946 309 1002 338 Ja-

263 351 315 378 coh
317 348 447 389 fratrem
461 358 566 377 meum.
580 349 672 379 Radix
680 349 770 388 itaque
781 347 918 379 fratricida
929 348 1000 378 fuit:

262 388 311 426 qui
325 400 389 418 vero
403 399 438 418 ex
450 387 540 417 radice
553 388 657 426 floruit,
672 389 785 430 justitiae
804 388 890 418 vietor
911 388 1002 428 pugil.

263 428 313 458 Ille
332 429 437 458 bellum
448 427 529 467 gessit
549 427 680 459 adversus
699 436 832 464 naturam,
847 435 873 458 et
893 429 1004 458 fratrem

262 478 342 497 suum
356 469 474 498 alienum
492 467 607 498 ducebat
623 481 629 498 ι
645 469 690 499 hie
700 468 801 498 alienos
811 468 891 498 etiam
910 469 1004 498 fratres

262 518 325 538 suos
349 507 537 543 existimabat,
565 508 614 547 qui
636 509 706 539 dixit
724 520 732 537 τ
747 510 840 538 Eram
863 509 1004 548 orphanis

263 551 348 588 quasi
362 555 457 588 pater,
469 553 497 576 et
509 548 574 577 loeo
590 551 650 579 viri
672 551 761 579 matri
785 558 894 578 eorum.
913 549 1004 578 Judi-

262 590 350 625 cium,
362 587 442 628 quod
454 597 515 616 non
523 598 672 624 noveram,
685 590 840 628 exquisivi,
849 594 879 617 et
887 589 1004 628 iniquos

262 630 435 666 compescui.
449 627 601 667 Omniaque
613 629 700 658 aliena
714 635 744 658 ut
759 628 812 658 sibi
830 629 940 668 propria
959 639 1003 658 rc-
1019 633 1038 656 Ε.

262 675 338 707 putat
350 667 397 698 hic
410 666 458 707 qui
471 667 604 706 originem
617 668 694 699 ducit
710 668 745 698 ab
758 668 844 705 Esaii,
857 668 904 707 qui
917 667 1004 698 aliena

261 718 310 737 sua
323 708 448 737 faciebat.
464 707 537 737 Esaii
544 708 678 738 Jocobum
691 708 812 738 occidere
825 708 917 737 animo
930 709 1005 749 cogi-

260 748 333 777 tabat
338 759 347 786 ;
360 748 415 778 Job
422 753 511 776 autem
524 748 656 778 sacrificia
668 748 796 778 offerebat
808 758 858 788 pro
871 747 947 785 filiis,
962 759 1007 778 co-

261 787 349 826 gitans
361 798 427 817 num
439 786 508 826 quid
521 795 609 818 mente
623 795 782 828 peccassent.
797 787 869 826 Quia
879 787 1006 818 enimille

261 837 352 857 necem
364 827 457 857 animo
469 827 683 866 machinabatur,
696 835 817 858 metuens
834 827 880 857 hic
892 838 1006 868 magnus

262 873 440 907 strenuusque
457 866 569 905 athleta,
582 878 618 898 =ne
638 868 668 897 hi
687 878 794 907 quoque
812 867 913 908 peceati
930 867 1009 897 virus

263 907 352 936 animo
362 908 538 948 perciperent,
549 907 844 937 sacrificiumofferebat
853 914 879 936 et
888 907 1006 938 vitulum

264 957 348 975 unum
359 958 408 988 pro
416 947 541 988 peccatis.
550 947 740 977 Dicehatenim
749 947 819 978 Job:
832 948 880 976 Ne
879 947 966 988 forte
966 947 1010 992 fi·

265 986 298 1014 lii
307 990 363 1016 mei
370 988 451 1017 mala
458 989 650 1027 cogitaverint
657 987 905 1017 adversusDeum.
912 987 1007 1026 Cogita

263 1026 292 1055 in
304 1034 435 1065 quantum
455 1026 501 1056 ille
516 1027 638 1057 studium
660 1027 762 1057 venerit
781 1026 1007 1056 instituendorum

264 1076 382 1096 morum.
397 1066 505 1106 Ecquid
527 1067 602 1106 agit?
616 1067 688 1104 Quia
710 1067 822 1096 ma‘ores
846 1066 889 1096 sui
911 1073 1007 1096 mutuo

265 1106 346 1135 rixati
361 1114 433 1143 sunt,
447 1118 542 1147 nempe
555 1107 629 1137 Esaii
641 1113 668 1136 et
680 1078 765 1138 Jacoti

265 1146 315 1175 cob
330 1147 456 1185 nequitiae
477 1157 556 1176 causa
577 1147 669 1184 suerit,
685 1146 733 1176 sed
745 1145 819 1185 quod
835 1146 908 1179 Esaii
923 1146 1006 1176 mali-
1020 1153 1040 1176 Α

266 1185 330 1214 tiam
342 1187 446 1225 primus
466 1186 574 1222 adierit,
589 1186 717 1226 majorem
728 1186 891 1216 discordiam
908 1197 1006 1216 mensae

267 1226 400 1256 consortio
414 1226 495 1262 solvi,
507 1232 636 1264 curatque
648 1233 678 1255 ut
696 1226 748 1255 filii
762 1226 804 1255 sui
823 1225 943 1264 quotidie
954 1237 1006 1256 una

266 1265 454 1303 conviventur,
469 1272 500 1295 ut
520 1272 623 1294 assueta
647 1275 735 1294 mensa
763 1266 880 1295 resolvat
897 1266 1007 1295 malitiae

266 1303 351 1334 virus.
369 1307 432 1335 Sese
445 1312 539 1334 mutuo
558 1304 668 1334 adibant
681 1304 732 1333 filii
755 1305 829 1341 Johi,
840 1305 876 1334 ad
895 1316 1008 1335 concor-

266 1342 340 1373 diam
353 1355 369 1373 a
381 1345 509 1385 primaeva
521 1351 596 1374 aetate
617 1343 744 1380 instituti,
764 1354 856 1384 pacem
870 1352 1006 1382 curantes,

267 1382 303 1412 ad
321 1394 479 1414 consensum
490 1391 615 1413 mutuum
628 1385 785 1423 comparati=
801 1394 907 1423 unaque
916 1395 1008 1414 omnes

269 1422 382 1453 edebant
401 1431 427 1453 et
452 1424 592 1453 bibebant.
607 1422 807 1452 Accersebant
831 1430 944 1461 autem,
959 1424 1006 1462 ait,

270 1469 327 1492 tres
339 1474 450 1494 sorores
461 1473 529 1493 suas
543 1465 576 1492 in
595 1469 707 1502 partem
720 1465 848 1492 convivii
857 1470 885 1493 et
898 1474 1009 1504 compo-

269 1505 399 1533 tationis.
414 1503 522 1542 Ecquid
544 1503 608 1532 hinc
627 1502 750 1532 utilitatis
771 1502 908 1532 auditori?
919 1510 946 1533 et
959 1515 1008 1533 cur

268 1541 364 1582 adjecit
374 1552 496 1572 sororum
515 1542 690 1572 convivium?
704 1543 743 1572 Ut
753 1542 935 1572 ostenderetur
946 1554 1008 1573 cum

270 1590 368 1620 quanta
380 1582 511 1622 pudicitia
523 1582 731 1612 convivarentur
746 1593 752 1612 ς
765 1592 852 1621 neque
868 1582 905 1611 ibi
919 1583 1009 1613 locum

269 1622 395 1652 habuisse
404 1622 491 1652 risum
505 1622 621 1651 effusum
634 1621 676 1651 vel
688 1621 842 1658 cachinnos,
856 1622 902 1652 vel
914 1622 1010 1652 immo-

269 1661 382 1691 destiam
391 1673 452 1701 quae
475 1672 572 1691 mensae
585 1660 709 1690 dedecori
721 1668 798 1691 esset.
811 1661 876 1691 Ideo
892 1662 1010 1701 virgines

269 1701 374 1731 inducit
386 1702 567 1738 convivantes,
579 1707 609 1730 ut
628 1711 724 1730 mensae
747 1701 860 1731 modum
879 1701 1010 1737 ostendat,

270 1751 322 1770 non
339 1741 465 1771 ebrictate
487 1741 683 1775 dehonestatae,
704 1740 751 1770 sed
774 1741 916 1771 concordia
933 1752 1012 1771 coro-

271 1788 348 1810 natae.
366 1782 420 1810 Vir
438 1782 559 1821 quidam
579 1787 642 1810 erat
666 1782 698 1809 in
718 1782 833 1820 regione
854 1782 1014 1817 Ausitide5

271 1821 398 1850 columba
410 1821 438 1849 in
452 1820 542 1850 medio
562 1819 734 1860 accip-rum,
750 1821 808 1850 ovis
822 1821 849 1850 in
867 1821 955 1850 medio
968 1821 1012 1850 lu-

271 1871 380 1900 porum,
390 1861 466 1890 stella
478 1860 505 1889 in
521 1860 611 1889 medio
630 1859 755 1895 nubium,
771 1860 861 1890 lilium
875 1861 902 1890 in
922 1860 1013 1890 medio

271 1900 421 1940 spinarum,
436 1910 543 1938 germen
554 1899 664 1939 justitiae
683 1900 710 1928 in
725 1901 785 1929 vico
799 1901 959 1940 iniquitatis.
974 1901 1015 1930 Et

273 1946 336 1968 erat
348 1942 398 1969 vir
409 1940 462 1968 ille
472 1939 744 1978 irreprehensibilis.

313 2021 343 2049 2.
370 2018 480 2048 Attend¹
504 2017 659 2056 diligenter.
680 2018 792 2048 Externi
816 2019 856 2048 sic
877 2019 1015 2049 hominem

273 2057 386 2087 definire
411 2064 608 2088 consueverunt
623 2068 631 2084 .·
654 2058 728 2094 Quid
744 2065 782 2087 est
805 2059 906 2088 homo?
929 2060 1015 2089 Homo

274 2104 324 2132 est,
340 2098 437 2136 inquit,
454 2097 554 2128 animal
573 2097 711 2133 rationale,
731 2099 841 2127 monale
868 2099 914 2129 Sic·
931 2099 1017 2138 placet

274 2137 445 2176 philosophis
468 2136 584 2166 definire
598 2149 604 2165 ε
622 2137 763 2176 Scriptura
775 2145 864 2167 autem
877 2149 930 2168 non
951 2139 1016 2168 tales

275 2176 322 2206 dat
333 2176 500 2206 definitiones
507 2187 515 2214 3
522 2175 568 2205 sed
600 2177 647 2205 uid
655 2176 668 2205 Ρ
677 2178 771 2206 Homo
782 2179 1016 2217 irreprehensibi-

276 2217 324 2252 lis,
341 2218 448 2255 justus,
459 2226 563 2246 verax.
600 2216 670 2254 iquis
684 2223 709 2244 te
724 2217 1017 2256 interroget‚dcfinitio-

276 2267 390 2295 nemque
401 2257 532 2295 postulet:
541 2255 617 2292 Quid
626 2262 666 2284 est
674 2255 769 2285 homo?
776 2257 820 2286 dic
832 2257 884 2294 illi,
891 2260 1018 2296 Iri-epre-

277 2296 552 2336 hensibilis,1ustus‚
565 2306 672 2332 verax,
684 2297 831 2325 abstinens
843 2299 880 2326 ab
895 2299 973 2326 omni
986 2307 1018 2326 re

277 2337 376 2364 mala:
392 2335 428 2365 ita
452 2343 482 2365 ut
493 2335 541 2374 qui
563 2335 597 2364 de
609 2335 767 2374 hujusmodi
781 2336 877 2365 officiis
897 2337 1017 2366 testimo-

277 2375 354 2404 nium
365 2385 419 2406 non
434 2376 540 2412 haheat,
564 2385 626 2404 vere
641 2374 722 2404 homo
742 2385 794 2404 non
807 2375 850 2404 sit.
865 2376 924 2405 Etsi
945 2377 1017 2406 enim

277 2422 378 2445 naturae
391 2415 505 2445 formam
513 2414 647 2455 praeserat,
656 2414 679 2443 si
692 2414 767 2443 illam
780 2415 910 2454 propositi
924 2416 1018 2455 nequi·
1034 2422 1054 2446 C

276 2455 313 2484 tia
327 2454 493 2491 dehonestet,
507 2464 522 2483 a
535 2454 666 2495 propheta
683 2453 778 2483 audit:
794 2456 890 2484 Homo
906 2465 971 2484 cum
987 2458 1019 2484 in

276 2496 388 2525 honore
407 2501 491 2529 esset,
515 2505 575 2523 non
599 2494 755 2530 intellexit,
775 2502 959 2534 comparatus
977 2501 1020 2524 est

273 2537 412 2574 jumentis
423 2535 634 2574 insipientibus,
646 2541 674 2563 et
680 2534 783 2563 similis
808 2541 890 2563 actus
901 2535 1018 2564 estillis.

275 2576 317 2603 Et
330 2582 394 2605 erat
415 2576 465 2604 vir
488 2574 540 2604 ille
556 2573 774 2613 irreprehensibi
789 2576 823 2603 is.
848 2575 909 2603 Non
935 2585 1018 2613 parva

276 2615 336 2644 laus
355 2614 524 2654 hujusmodi.
540 2613 649 2643 Dictum
671 2613 792 2653 explora,
807 2620 833 2643 et
850 2613 1018 2654 propositum

276 2657 426 2687 miraberis.
444 2656 525 2687 Aliud
535 2664 574 2686 est
583 2657 726 2692 accusatio,
738 2656 813 2686 aliud
828 2656 997 2697 reprehensio
1009 2669 1015 2685 e

768 1129 776 1143 ,
790 1116 843 1136 non
866 1106 942 1145 quod
956 1107 1048 1144 ,ἵει-58,

980 247 1110 271 SPURlA.

1054 307 1124 348 γὰρ,
1138 308 1228 350 φησὶν,
1252 308 1380 339 Ἢσαῦὶν
1393 310 1427 348 τ’ᾐ·
1451 308 1548 349 καρδίᾳ
1565 310 1659 339 αὐτοῦ·
1681 308 1830 349 ἐγγισάτοο-

1055 359 1104 378 σαν
1116 350 1144 378 αἱ
1157 348 1257 388 ἡμέραι
1266 351 1311 378 τοῦ
1321 348 1431 382 πένθους
1441 351 1487 378 τοῦ
1501 348 1600 388 πατρός
1611 361 1675 388 μου,
1689 349 1733 378 καὶ
1745 349 1830 379 civem

1055 387 1154 418 Ἰακὼὸ
1167 389 1212 418 τὸν
1221 388 1332 429 ἀδελφόν
1342 400 1400 428 μου.
1409 388 1445 418 Ἦ
1454 388 1540 418 τοίνυν
1546 389 1618 428 ῥίζα,
1628 388 1815 429 ἀδελφοκτόνος
1822 400 1829 407 ·

1056 430 1070 457 ὁ
1085 428 1113 457 δὲ
1135 430 1166 458 ἐκ
1184 430 1233 463 τῆς
1247 428 1320 479 ρίζης
1342 428 1470 464 ἀνθήσας,
1494 427 1660 464 δικαιοσύνης
1673 428 1829 469 βραὸευτής.

1056 467 1174 502 Ἐκεῖνος
1181 471 1214 508 τῇ
1222 480 1299 509 φυσει
1306 467 1515 507 ἐπολέμησε,καὶ
1521 469 1565 498 τὸν
1573 468 1636 498 ἀδελ
1656 468 1683 498 ὸν
1692 468 1829 508 ἀλλότριον

1057 510 1147 545 ἡγεῖτο
1157 520 1163 527 ·
1173 504 1247 542 οὗτος
1255 508 1301 538 καὶ
1311 507 1372 542 τοὺς
1381 507 1534 548 ἀλλοτρίους
1542 508 1606 537 ἀδελ
1657 519 1669 541 ς
1677 507 1804 547 ἐνόμιζεν,
1816 510 1831 537 ὁ

1056 547 1155 597 λέγων·
1175 549 1324 588 Ἐγενόμην
1339 550 1460 589 ὀρφανοῖς
1472 549 1508 582 ὡς
1520 547 1593 584 πατὴ
1618 569 1627 583 ,
1649 547 1694 578 καὶ
1709 547 1767 577 ἀντὶ
1785 549 1832 577 ἀν-

1058 587 1117 627 δρος
1128 590 1160 627 τῇ
1173 588 1255 638 μητρὶ
1269 589 1366 618 αὐτῶν.
1381 587 1465 624 Δίκην
1477 587 1511 624 ἢν
1524 589 1572 618 οὐκ
1590 588 1656 628 ,δειν
1664 609 1674 623 ,
1683 587 1831 628 ἔξιχνίασα,

1058 627 1103 656 καὶ
1116 639 1270 657 κατεπαυσιι
1284 627 1400 661 ἀδίκους.
1417 627 1471 657 Καὶ
1482 627 1572 657 πάντα
1583 627 1618 657 τὰ
1630 627 1757 668 ἀλλότρια
1768 627 1832 656 ἴδιο-

1057 672 1161 697 ποεῖται
1172 670 1185 697 ὁ
1196 668 1248 704 ἀπὸ
1264 670 1309 697 τοῦ
1326 667 1412 697 Ἡσαῦ
1423 667 1509 708 φέρων
1522 667 1571 704 τὴν
1581 668 1626 697 δια
1674 667 1723 704 ὴν,
1736 669 1783 697 τοῖὶ
1797 666 1832 696 τὰ

1059 707 1186 747 ἀλλότρια
1195 708 1249 737 ἴδια
1259 707 1406 747 τιθεμένου.
1413 707 1500 737 Ἡσαῦ
1508 708 1537 746 ἐν
1546 709 1580 746 τῇ
1590 708 1663 737 διανο
1674 719 1692 747 ᾳ
1700 706 1831 746 ἐλογίζετο

1059 748 1160 777 ἀνελεῖν
1177 746 1221 777 τὸν
1240 747 1340 778 Ἰακώὸ
1348 760 1355 766 ·
1376 747 1438 778 ’1ὼὸ
1452 746 1481 777 δὲ
1494 747 1641 787 προσέφερε
1654 747 1744 780 θυσίας
1765 745 1832 786 ὒπὶρ

1057 788 1111 816 τῶν
1124 789 1203 823 υἱῶν,
1228 789 1338 824 ἐννοῶν,
1364 787 1401 827 μή
1424 799 1452 817 τι
1475 786 1545 817 κατὰ
1568 787 1684 817 διάνοιαν
1703 786 1833 827 ἥμαρτον.

1059 826 1171 863 Ἐπειδὴ
1184 827 1236 868 γὰρ
1248 829 1344 861 ἐκεῖνος
1357 827 1427 857 κατὰ
1439 827 1555 857 διάνοιαν
1568 826 1713 867 ἐμελέτησε
1725 825 1771 856 τὸν
1783 825 1833 866 φό-

1059 877 1104 936 vm(²
1110 889 1119 903 ‚
1127 867 1264 937 ὗφοῗὲθεὶξ
1272 864 1371 937 {gragio
1383 865 1832 946 μέγαςδκξὶὲενναῖῖςῖξέλητὴᾶἰαμὴ

1059 918 1132 982 ἶῗαςο,
1139 919 1491 987 ,ἶξὸσέζέρεΐῖἔιὲνῖᾚαῗ
1528 918 1743 986 οἷέζῗπεριὲζῖ
1760 917 1834 975 τιὸ-,ἶ

1059 984 1156 1026 Ἔλεγε
1174 987 1226 1037 γὰρ
1246 990 1260 1017 ὁ
1281 986 1353 1017 ’1‹.'›6·
1368 958 1533 1023 Μήποτμὲαἶῖ
1549 986 1602 1016 υἱοί
1618 997 1668 1025 μου
1687 957 1759 1019 κακέ
1775 987 1834 1015 ἐνι-

1059 1025 1157 1062 νόησαν
1171 1037 1236 1067 προς
1249 1026 1293 1056 τὸν
1311 1026 1389 1057 Θεόν.
1403 1026 1546 1062 Ἐννόησον
1561 1027 1597 1060 εἰς
1615 1025 1680 1061 ὅσην
1697 1025 1834 1065 ἀκρίὸειαν

1061 1067 1132 1106 αὐτῷ
1146 1065 1257 1106 ἔφθασεν
1265 1068 1282 1102 ἡ
1294 1066 1464 1106 παιδαγωγία
1476 1069 1523 1096 τοῦ
1536 1078 1552 1096 τ
1637 1088 1644 1095 .
1654 1065 1710 1095 Καὶ
1717 1065 1744 1095 τί
1752 1068 1833 1101 ποιεῖς

1060 1104 1171 1142 Ἐπειδὴ
1189 1106 1276 1136 Ἡσαῦ
1290 1106 1335 1136 καὶ
1349 1105 1448 1136 'laxos
1460 1107 1484 1136 οἱ
1497 1106 1621 1158 πρόγονοι
1633 1104 1834 1144 ἔξεπτολιμῦθη-

1060 1156 1108 1174 σαν
1122 1146 1187 1185 πρὸς
1201 1146 1342 1182 ἀλλήλους,
1358 1147 1388 1176 οὗ
1398 1149 1444 1175 τοῦ
1456 1145 1555 1175 ’tame
1569 1147 1606 1179 εἰς
1614 1145 1710 1175 κακίαν
1721 1156 1834 1185 συμφω-

1059 1184 1200 1224 νήσαντος,
1215 1186 1285 1216 ἀλλὰ
1306 1189 1353 1215 τοῦ
1371 1185 1457 1215 Ἡσαῦ
1475 1187 1512 1219 εἰς
1525 1185 1620 1216 κακίαν
1634 1184 1770 1225 ἄρξαντος,
1785 1183 1834 1220 τὴν

1061 1225 1202 1266 διαφωνίαν
1210 1229 1263 1256 τῶν
1274 1226 1408 1267 προγόνων
1423 1224 1523 1255 διαλύει
1534 1228 1567 1265 τῇ
1579 1225 1704 1261 ἑστιάσει,
1710 1224 1756 1254 καὶ
1764 1228 1835 1253 ποιεῖ

1060 1263 1120 1298 τοὺς
1134 1265 1204 1299 υἱοὺς
1215 1269 1295 1296 αὐτοῦ
1305 1267 1363 1295 καθ’
1375 1264 1680 1316 ἡμέρανμετ’-ἀλλήλων
1686 1265 1836 1300 ἑστιᾶσθαι,

1059 1303 1103 1333 ἵνα
1122 1307 1140 1340 ἡ
1160 1306 1273 1342 συνήθης
1286 1306 1404 1345 τράπεζα
1418 1306 1528 1344 διαλυσῃ
1542 1307 1591 1340 τῆς
1612 1304 1707 1338 κακίας
1720 1304 1765 1334 τὸν
1784 1303 1834 1333 ἰόν.

1060 1344 1132 1384 Παρ’
1144 1345 1274 1381 ἀλλήλους
1285 1345 1395 1385 ἐφοίτων
1404 1347 1428 1375 οἱ
1438 1345 1490 1374 υἱοὶ
1500 1347 1546 1374 τοῦ
1556 1344 1630 1381 Ίὼὸ,
1645 1343 1768 1383 ὁμόνοιαν
1775 1355 1837 1373 παι·

1061 1383 1196 1421 δευόμενοι
1216 1386 1247 1414 ἐκ
1257 1384 1317 1418 νέας
1330 1385 1448 1420 ἡλικίας,
1462 1384 1569 1424 εἰρήνην
1581 1384 1753 1422 ἀσκούμενοι,
1764 1394 1832 1422 συμ-

1062 1423 1160 1463 φωνίαν
1173 1424 1376 1463 παιδευόμενοι,
1401 1423 1447 1453 καὶ
1470 1425 1528 1462 μετ’
1550 1423 1674 1459 ἀλλήλων
1685 1423 1776 1459 ἤσθιον
1789 1423 1836 1452 καὶ

1061 1464 1159 1493 ἔπινον.
1177 1464 1389 1503 Παρελάμὸανον
1405 1463 1444 1500 δὲ,
1461 1463 1537 1503 φησὶ,
1552 1463 1597 1493 καὶ
1615 1463 1663 1496 τὰς
1675 1467 1745 1502 τρεῖς
1760 1463 1835 1492 ἀδελ-

1082 1503 1112 1537 it:
1125 1503 1220 1533 ἐσθίειν
1241 1504 1286 1534 καὶ
1306 1503 1390 1533 πίνειν
1405 1504 1462 1543 μετ’
1478 1503 1575 1533 αὐτῶν.
1596 1503 1650 1532 Καὶ
1662 1502 1689 1532 τί
1709 1505 1786 1531 τοῦτο
1799 1504 1837 1536 εἷς

1061 1543 1190 1583 ωφὲλειαν
1202 1545 1240 1584 τῷ
1253 1545 1381 1593 ἀκροατῇ
1393 1543 1438 1573 καὶ
1450 1543 1493 1572 διὰ
1503 1543 1530 1572 τί
1542 1543 1691 1583 προσέθηκε
1697 1544 1752 1572 τῶν
1763 1543 1838 1572 ἀδελ-

1062 1585 1118 1623 φῶν
1130 1582 1179 1619 τὴν
1192 1595 1375 1619 συνεστιασιν;
1398 1582 1456 1613 Ἵνα
1478 1583 1583 1632 δειχθῇ,
1608 1584 1646 1616 εἰς
1659 1582 1720 1612 ὅσον
1733 1593 1837 1622 σωφρο-

1064 1622 1143 1658 σύνης
1156 1623 1256 1663 ἠνέχθη
1274 1624 1362 1652 αὐτῶν
1375 1623 1406 1652 τὸ
1429 1634 1590 1662 συμποσιον,
1617 1622 1663 1653 καὶ
1675 1622 1716 1652 ὅτι
1735 1623 1785 1652 οὐκ
1805 1618 1838 1658 ἦν

1064 1662 1147 1702 γε’λως
1158 1662 1271 1696 ἄτακτος
1278 1662 1324 1692 καὶ
1332 1662 1515 1703 ἐκκεχυμένος,
1522 1662 1567 1692 καὶ
1576 1662 1706 1692 ἀκολασία
1714 1661 1763 1698 τὴν
1774 1662 1838 1702 τρά-
1850 1664 1854 1667 ’

1065 1703 1146 1736 πεζαν
1159 1702 1302 1742 ὑὸρίζουσα
1312 1723 1320 1737 ,
1333 1701 1377 1732 διὰ
1391 1706 1468 1732 τοῦτο
1481 1702 1597 1743 παρεισᾶ
1615 1715 1638 1732 ει
1651 1701 1697 1732 καὶ
1709 1701 1757 1735 τὰς
1769 1713 1840 1743 παρ-

1067 1741 1154 1775 θένους
1167 1742 1364 1783 εὐωχουμένοις,
1381 1741 1425 1771 ἵνα
1435 1742 1506 1782 δείξῃ
1516 1742 1547 1772 τὸ
1558 1754 1579 1772 π
1628 1754 1705 1783 χημα
1716 1744 1762 1771 τοῦ
1776 1753 1840 1781 συμ-

1066 1781 1160 1811 ποσίου
1174 1784 1203 1812 οὗ
1219 1782 1286 1822 με’θῃ
1301 1781 1480 1822 ὑὸριζόμενον,
1495 1782 1564 1812 ἀλλὰ
1576 1782 1716 1823 συμφωνίᾳ
1741 1793 1840 1822 στεφα-

1067 1822 1199 1861 νούμενον.
1221 1821 1370 1872 Ἄνθρωπός
1384 1834 1424 1856 τις
1445 1818 1477 1859 ἦν
1500 1823 1528 1852 ἐν
1549 1822 1625 1863 χώρᾳ
1647 1825 1681 1862 τῇ
1701 1821 1823 1851 Αὔσίτιδι
1832 1833 1839 1840 ·

1067 1861 1841 1940 ZZY‘SJ³⁹15⁶232⁹ffl3538⁶⁶55303”&⁶⁰:122ssss

1070 1914 1189 1971 u'zmvgffiv
1201 1964 1209 1977 ,
1220 1914 1258 1971 iiii>
1278 1914 1483 1981 Ιβλάσι-ιιμαζὶ)τ“ἠ’ς
1498 1914 1664 1978 δἰκαίίισύνης
1677 1942 1704 1971 ἐν
1715 1942 1749 1980 ἰ-’ᾔ
1758 1931 1840 1980 Ικώμῃ

1069 1982 1117 2016 τῆς
1135 1982 1246 2015 ἀδικίας.
1260 1981 1314 2011 Καὶ
1328 1977 1361 2017 ἧν
1372 1984 1386 2011 ὁ
1396 1981 1442 2011 ἄνθ
1540 1983 1639 2015 ἐκεῖνος
1653 1981 1799 2021 ἄμεμπτος.

1110 2021 1231 2061 Πρόσεχε
1246 2021 1371 2061 ἀκριὸῶς.
1385 2022 1422 2051 Οἱ
1435 1993 1528 2055 ἔξωθεν
1550 2021 1610 2061 ὅρον
1633 2021 1720 2050 ἔθεντο
1739 2020 1842 2060 ἀνθρώ-

1069 2072 1133 2090 που·
1156 2061 1182 2090 τί
1209 2062 1281 2090 ἔστιν
1307 2061 1456 2100 ἄνθρωπος,
1482 2060 1631 2100 Ἄνθρωπός
1657 2062 1731 2096 ἐστι,
1797 2060 1824 2090 ol.
1833 2083 1841 2096 ‚

1070 2102 1136 2134 ζῶον
1150 2101 1167 2129 λ
1201 2100 1264 2137 ικὸν,
1287 2101 1389 2135 θνητόν.
1410 2102 1504 2130 Ταῦτα
1518 2100 1656 2139 βούλονται
1670 2101 1723 2128 τῶν
1737 2111 1755 2140 φ
1783 2100 1842 2129 οσό-

1071 2139 1840 2214 &fadai-mdiffffioi‘?ssissii‘l'tii'ssaififf‘3⁸22?ss

1071 2219 1137 2249 Ἐάν
1150 2219 1190 2253 τίς
1197 2203 1231 2249 ’σε
1246 2192 1383 2270 ἐρυξτήο-ῃ,
1397 2192 1513 2259 κιάὶιὸρον
1524 2203 1660 2260 ἀῖιιαι-ι-ἡσῃ
1671 2203 1686 2255 ‚⁷
1697 2219 1724 2249 τί
1743 2193 1843 2260 ἀνθρω-

1071 2271 1137 2296 ποςς
1153 2259 1210 2289 εἰπὲ
1223 2271 1288 2299 προς
1298 2259 1386 2295 αὐτὸν,
1399 2259 1553 2299 Ἄμεμπτος
1562 2282 1569 2296 ,
1581 2259 1681 2293 δίκαιος
1689 2282 1697 2295 ,
1713 2260 1843 2295 ἀληθινὸς,

1071 2299 1234 2339 ἀπεχόμενος
1262 2299 1314 2329 ἀπὸ
1337 2300 1434 2333 παντὸς
1465 2302 1581 2339 πονηροῦ
1607 2299 1763 2339 πράγματος
1772 2310 1779 2317 ·
1807 2301 1843 2332 ὡς

1071 2339 1087 2369 ὅ
1097 2351 1128 2378 γε
1141 2344 1195 2373 τοῖς
1207 2339 1332 2373 τοιούτοις
1345 2339 1534 2379 κατορθώμασι
1567 2339 1584 2375 ὴ
1599 2337 1843 2379 μεμαρτυρημένος,

1072 2379 1131 2409 οὐδὲ
1151 2379 1286 2419 ἄνθρωπος
1305 2379 1430 2421 ὑπάρχει.
1449 2379 1514 2409 Ἐὰν
1547 2351 1581 2418 ἕρ
1598 2378 1648 2428 ἔχῃ
1664 2378 1712 2417 μὲν
1727 2378 1772 2407 τὸν
1786 2390 1841 2418 χα-

1074 2421 1193 2460 ρακτῆρα
1205 2421 1255 2455 τῆς
1273 2418 1375 2459 φύσεως
1385 2443 1393 2455 ,
1407 2419 1441 2448 ῧὸ
1460 2419 1500 2459 ίζῃ
1519 2391 1547 2447 δῖ
1562 2419 1639 2448 αὐτον
1652 2420 1686 2457 τῇ
1701 2417 1782 2458 κακίᾳ
1794 2420 1843 2453 τῆς

1072 2459 1265 2499 προαιρέσεως,
1279 2459 1369 2488 ἀκούει
1383 2431 1457 2501 παρά
1469 2461 1516 2487 τοῦ
1531 2457 1679 2498 προφήτου·
1693 2457 1843 2498 Ἄνθρωπος

1073 2499 1099 2526 ἐν
1113 2501 1178 2538 τιμῇ
1193 2498 1229 2528 ὢν
1243 2500 1272 2528 οὐ
1289 2501 1402 2535 συνῆκε,
1419 2497 1642 2538 παρασυνεὸλήθη
1662 2501 1715 2530 τοῖς
1734 2497 1844 2533 κτήνεσι

1072 2542 1126 2570 τοῖς
1139 2538 1260 2574 ἀνοήτοις
1270 2560 1278 2574 ,
1291 2539 1336 2569 καὶ
1350 2538 1474 2578 ὡμοιώθη
1489 2538 1586 2587 αὐτοῖς.
1601 2537 1660 2588 Kal!
1669 2532 1701 2573 ἦν
1715 2539 1730 2567 ὁ
1742 2537 1842 2587 ἄνθραξ-
1861 2543 1866 2551 ’

1068 2579 1384 2655 Γζξοῗχῗέἵςλέξῖῗῗῗ
1393 2577 1539 2657 ξᾞὲᾌὸῖ
1551 2578 1844 2657 ἶιῖνέᾞέἒὲἶῖᾆ.“ἷῖἷῖο

1074 2657 1144 2686 ἐστὶν
1160 2656 1280 2696 ἔγκλημα
1291 2681 1298 2695 ,
1319 2658 1364 2687 καὶ
1383 2657 1447 2688 ἄλλο
1461 2656 1560 2697 μέμψις
1570 2669 1577 2675 ·
1597 2657 1718 2696 ἔγκλημα
1732 2656 1779 2696 μὲν
1792 2655 1842 2695 γὰρ
