1890 2826
537 197 582 220 DE
607 196 865 220 PnoanTtARUM
892 195 1133 219 OBSCUMTATE.
1162 197 1198 220 n.

91 273 135 292 τια
152 261 186 291 τὰ
196 264 301 301 χρυσᾶ,
314 260 373 290 ἀλλ’
389 258 534 296 αὐτὴν-τὴν
547 258 625 299 φύσιν
641 257 796 298 ἐρεύνησον,
810 257 855 286 καὶ

90 306 163 342 οὐδὲν
184 307 243 346 ὄψει
263 305 343 336 πλέον
363 305 475 346 ἔχωσαν
496 306 550 334 τῶν
568 305 690 334 πολλῶν·
703 305 804 342 μᾶλλον
818 302 855 339 δὲ,

89 353 113 382 εἰ
127 351 224 392 βούλει,
238 351 284 381 καὶ
296 350 345 388 τὴν
367 351 523 392 ἁλουργίδα,
541 350 587 380 καὶ
608 349 638 379 τὸ
658 349 791 389 διάδημα,
810 348 856 378 καὶ

88 397 122 427 τὰ
135 397 244 437 ἱμάτια,
257 396 303 427 καὶ
316 403 404 427 πᾶσαν
422 396 544 437 περίελθε
557 395 771 437 τὴν,φαντασίαν
785 394 856 424 ἐκεί-

89 455 146 480 νην,
159 443 314 474 καὶτούτων
327 445 413 473 αὐτῶν
423 443 483 483 ὄψει
492 442 573 472 πάλιν
582 441 631 478 τὴν
642 443 691 482 γῆν
703 437 783 470 οὖσαν
791 439 856 470 ὑπό·

89 492 169 519 θεσιν.
182 490 264 519 Πᾶσα
281 489 333 529 γὰρ
354 488 416 523 δόξα
437 488 575 528 ἀνθρώπου
597 490 633 522 ὡς
655 487 731 521 ἄνθος
747 487 854 527 χόρτου.

88 535 156 566 Ἰδοὺ
167 535 212 566 καὶ
225 537 275 575 γῆς
283 535 464 575 εὐτελέστερος
474 533 556 574 ἐφάνη
566 535 581 563 ὁ
591 533 779 572 καλλωπισμὸς
789 533 856 562 ἐκεῖ·

1582 200 1600 222 2
1610 201 1618 222 Ι
1627 200 1651 236 9

905 263 974 286 sunt
996 258 1102 286 intima
1122 259 1195 297 ejus.
1211 259 1274 289 Haec
1291 267 1345 288 non
1366 258 1400 288 de
1416 259 1524 290 homine
1546 267 1651 290 tantum

906 303 1022 343 privato,
1036 303 1084 332 sed
1101 304 1181 333 etiam
1191 303 1225 334 de
1234 305 1283 334 illo
1297 304 1368 345 ipso,
1382 306 1430 344 qui
1447 306 1474 335 in
1489 306 1556 335 solio
1577 306 1651 337 sedet

904 349 990 390 regio,
1006 349 1062 379 dici
1083 358 1204 390 possunt.
1222 351 1287 381 Noli
1297 352 1369 382 enim
1391 362 1550 393 purpuram,
1563 363 1651 392 neque

904 394 1037 431 diadema,
1061 405 1147 434 neque
1167 407 1247 426 aurea
1265 398 1421 428 vestimenta
1441 399 1582 438 respicere,
1603 400 1652 433 sed

906 440 934 470 in
947 440 1034 481 ipsam
1047 441 1154 481 inquire
1169 450 1302 480 naturam,
1313 455 1399 484 neque
1411 444 1561 484 quidquam
1576 445 1651 475 illam

906 487 1006 517 habere
1015 488 1133 528 amplius
1145 499 1226 527 quam
1239 500 1320 520 unam
1334 502 1348 521 e
1361 491 1444 531 vulgo
1453 491 1560 522 videbis
1575 503 1581 519 ι
1598 492 1652 521 imo

906 544 983 571 vero,
1006 534 1029 564 si
1056 534 1154 574 placet,
1179 542 1204 564 et
1231 547 1390 577 purpuram,
1413 544 1438 567 et
1465 537 1601 574 diadema,
1627 546 1652 568 et

88 594 131 616 νος
148 583 226 617 ἄπας.
247 582 330 622 Ὁρᾷς
349 583 407 615 πῶς
425 580 598 611 καταστέλλει
611 580 642 609 τὸ
655 579 780 620 φύσημα;
798 580 855 621 πῶς
870 586 889 609 C
907 587 1004 618 vestes,
1019 587 1045 611 et
1064 592 1170 611 omnem
1191 582 1266 612 illam
1280 594 1406 623 percurre
1424 594 1561 624 pompam,
1573 592 1652 624 atque

89 631 209 668 καθαιρεῖ
222 633 311 658 πᾶσαν
322 627 446 657 ἀπόνοιαν
459 629 476 663 ἡ
490 626 576 656 ἔννοια
588 628 636 662 τῆς
648 625 750 666 φύσεως
759 626 855 661 αὖτῆςς
906 626 1005 656 horum
1019 627 1139 668 ipsorum
1154 639 1249 658 rursus
1266 637 1364 659 terram
1379 630 1518 660 materiam
1531 641 1588 660 esse
1603 642 1652 661 co-

89 675 174 714 Ἀρκιῑ
186 673 264 713 μόνον
274 673 432 713 λογίσασθαι
450 673 517 706 τίνες
531 672 623 712 ἐσμ-ὲν,
645 671 690 702 καὶ
702 671 782 701 πόθεν
793 683 857 704 συν·
906 684 1025 714 gnosces.
1047 675 1149 704 Omnis
1165 678 1244 705 enim
1266 676 1363 716 gloria
1388 677 1514 706 hominis
1541 685 1573 707 ιιι
1586 678 1651 720 flos
1663 687 1720 710 lsai.
1732 687 1802 716 406.

88 721 252 760 εστήκαμεν,
267 720 312 750 καὶ
327 725 407 755 Ἰπᾶσα
427 719 566 759 οἰχήσεται
579 719 712 758 λογισμῶν
733 717 852 748 ἀπόνοια.
897 721 989 761 foeni.
1007 721 1077 751 Ecce
1089 721 1134 751 vel
1151 722 1210 762 ipsa
1227 722 1307 752 etiam
1328 730 1398 753 terra
1417 723 1500 754 vilior
1515 731 1587 754 totus
1606 724 1652 754 ille

89 767 141 797 Διὰ
153 766 205 807 γὰρ
218 769 296 796 τοῦτο
313 768 344 797 ἐκ
364 765 410 796 δύο
431 766 526 803 οὐσιῶν
545 764 737 794 κατεσκεύασεν
758 766 830 802 ἡμᾶς
842 766 857 793 ὁ
908 767 1033 806 apparuit
1052 774 1171 798 ornatus,
1189 768 1276 800 Vides
1297 776 1326 798 ut
1348 770 1447 799 fastum
1464 771 1611 811 reprimat?
1624 779 1655 801 ut
1685 777 1758 798 Homo
1767 785 1803 798 eo-

88 813 173 848 Θεὸς,
183 813 217 842 ἶν’
230 813 292 843 ὅταν
305 812 352 852 μὲν
365 814 402 846 εἷς
414 811 538 841 ἀπόνοιαν
549 812 667 851 ἔπαρθῇς
676 832 684 847 ,
696 810 855 849 καταστείλῃ
907 813 1087 853 arrogantiam
1103 825 1208 844 omnem
1225 815 1310 855 ipsius
1329 822 1431 845 natura,
1444 816 1592 847 recordatio
1607 828 1636 846 m
1644 835 1652 839 ,
1661 809 1741 861 ξςίἰιιειει
1754 809 1818 859 quta:-

89 871 119 889 σε
138 859 169 890 τὸ
190 859 292 892 εὐτελὲς
313 860 361 894 τῆς
384 857 493 898 σαρκός·
516 857 578 887 ὅταν
597 857 626 886 δὲ
648 855 752 890 ἀνάξιόν
771 868 798 886 τι
811 856 857 886 καὶ
1692 855 1700 864 ’

907 859 1025 889 tundat?
1047 855 1154 890 Sufficit
1175 869 1279 891 tantum
1302 868 1332 891 ut
1362 862 1509 902 cogitemus
1541 863 1650 901 quinam
1662 870 1787 899 supnbiet·

87 909 99 922 ⁸
109 905 214 945 ἀγεννὲς
225 907 273 941 τῆς
293 905 411 941 δοθείσης
433 915 476 934 σοι
489 903 563 943 παρὰ
576 905 622 933 τοῦ
636 905 706 933 Θεοῦ
721 904 802 942 τιμῆς
815 904 857 933 ἐν·

89 951 195 991 νοήσῃς,
204 950 326 991 ἀναγάγῃ
337 962 366 980 σε
379 949 444 990 πρὸς
457 949 502 980 τὸν
513 951 566 979 τῶν
580 948 707 989 οὐρανίων
721 948 856 988 δυνάμεων

88 1000 167 1035 ζῆλον
180 1001 198 1034 ἡ
211 1000 259 1035 τῆς
269 1000 356 1038 ψυχῆς
369 997 496 1037 εὐγένεια.

106 1313 109 1315 .
130 1277 190 1308 Οὔκ
203 1280 239 1312 εἰς
253 1277 384 1318 ἀναίρεσιν
399 1277 426 1308 δὲ
447 1278 570 1312 ἀπονοίας
591 1277 668 1316 μόνον
689 1277 855 1314 ἐπιτηδείαή
873 1284 892 1307 D

91 1324 227 1365 ἐπίσκεψις
238 1326 287 1360 τῆς
299 1324 414 1364 φύσεως,
429 1324 497 1354 ἀλλὰ
511 1324 560 1354 κᾶν
581 1323 658 1365 ἑτέρα
671 1336 710 1358 τις
731 1323 857 1363 ἐπιθυμία

92 1371 228 1411 διενοχλῇ,
244 1370 294 1400 κᾶν
313 1373 330 1407 ἡ
350 1372 402 1400 τῶν
415 1371 577 1411 χρημάτων,
600 1370 649 1401 κᾶν
663 1372 680 1406 ἡ
696 1373 748 1400 τῶν
763 1370 855 1410 σωμά-

91 1427 154 1452 των,
166 1419 184 1452 ἡ
195 1416 292 1451 ἄτοπος
304 1417 372 1453 αὕτη
386 1417 431 1446 καὶ
451 1418 488 1450 εἰς
501 1416 639 1457 ἀσέλγειαν
659 1417 839 1457 ἐκκαλουμένη
849 1440 857 1454 ,

92 1462 196 1503 ἀπόχρη
210 1466 288 1493 τοῦτο
300 1465 337 1497 εἷς
349 1462 518 1503 παραμυθίαν
531 1465 577 1492 τοῦ
591 1463 697 1496 πάθους.
711 1463 798 1493 “Οταν
813 1460 858 1494 οὖν

91 1509 150 1549 ἴδῃς
161 1514 272 1550 γυναῖκα
285 1509 425 1550 εὔμορφον,
437 1509 578 1548 λάμποντα
590 1509 703 1549 ἔχουσαν
715 1510 858 1550 ὀφθαλμὸν,

92 1556 209 1596 φαιδρὸν,
221 1555 380 1586 στίλῧουσαν
393 1556 446 1585 ἀπὸ
457 1558 505 1591 τῆς
518 1561 637 1595 παρειᾶς,
651 1556 790 1596 ἀμήχανόν
800 1568 860 1586 τινα

93 1602 164 1642 ὥραν
173 1601 218 1632 ἐπὶ
231 1604 278 1637 τῆς
291 1602 376 1642 ὂψεως
388 1601 528 1642 φέρουσαν,
542 1601 689 1642 φλέγουσοίν
701 1613 747 1631 σου
759 1602 803 1632 τὸν
816 1604 860 1632 λο-

93 1647 198 1687 γισμὸν,
211 1647 256 1677 καὶ
269 1647 320 1683 τὴν
332 1647 473 1686 ἐπιθυμίαν
487 1647 624 1684 αὔξουσαν,
635 1647 758 1683 ἐννόησον
771 1648 811 1678 ὅτι
825 1651 859 1688 γῆ

55 1690 59 1694 ⁴
93 1694 124 1724 τὸ
137 1693 332 1733 θαυμαζόμενον
340 1714 348 1729 ,
362 1689 403 1723 Ιὅτι
416 1693 512 1726 σποδὸς
525 1693 555 1722 τὸ
568 1695 687 1730 ἐκκαῖον,
705 1693 750 1723 καὶ
763 1693 862 1723 παύσε-

93 1752 138 1769 ται
151 1741 274 1770 λυττῶσα
291 1742 309 1775 ἡ
329 1739 418 1779 ψυχή·
433 1739 601 1779 ἀνακάλυψον
621 1740 702 1775 αὖτῆς
722 1739 753 1769 τὸ
778 1739 862 1780 δέρμα

94 1788 142 1821 τῆς
154 1786 246 1826 ὄψεως,
258 1784 304 1815 καὶ
313 1784 373 1814 τότε
387 1789 476 1814 πᾶσαν
490 1784 573 1821 αὐτὴν
587 1785 645 1825 ὄψει
656 1787 704 1820 τῆς
720 1786 863 1828 εὐμορφίας

95 1831 143 1868 τὴν
156 1831 304 1862 εὐτέλειαν·
320 1830 357 1870 μὴ
376 1832 441 1871 στῇς
461 1829 541 1871 μέχρι
559 1833 607 1867 τῆς
620 1831 771 1871 ἐπιφανείας
777 1854 786 1868 ,
801 1833 863 1862 ἀλλ’
878 1847 896 1871 Ε

94 1877 221 1918 ἐνδοτέρω
242 1877 347 1913 &denen
364 1879 402 1917 τῷ
415 1877 549 1916 λογισμῷ,
562 1876 608 1906 καὶ
621 1875 696 1907 οὐδὲν
714 1877 801 1917 ἕτερον
815 1879 861 1907 εὓ-

96 1924 193 1964 ρήσεις,
207 1924 266 1953 ἀλλ’
281 1923 299 1959 ἢ
312 1925 379 1953 ὀστᾶ
395 1922 440 1952 καὶ
452 1925 532 1963 νεῦρα
545 1922 590 1952 καὶ
611 1923 718 1963 φλέὸας.
733 1923 802 1953 Ἀλλ’
814 1925 862 1953 οὐκ

95 1971 170 2010 ἀρκεῖ
180 1971 278 2005 ταῦτα;
294 1969 406 2008 Λόγισαί
420 1980 470 2007 μου
484 1967 582 2004 ταύτην
597 1968 796 2009 ἀλλοιουμένην,
809 1981 862 2009 γη-

96 2015 259 2055 ράσκωσαν,
285 2015 471 2055 ἀρρωστοῦσαν
479 2037 488 2051 ,
509 2014 679 2054 ὕφιζάνοντας
700 2014 863 2055 ὀφθαλμοὺς,

95 2061 141 2090 καὶ
153 2060 350 2100 κοιλαινομένας
363 2060 473 2100 παρειὰς
483 2082 491 2096 ,
505 2060 576 2090 ἅπαν
589 2061 734 2101 καταῤῥέον
747 2060 778 2090 τὸ
789 2061 865 2096 ἄνθος

95 2108 194 2137 lucivo-
208 2107 329 2143 ἐννόησον
350 2106 378 2136 τί
399 2106 556 2145 θαυμάζεις,
572 2107 617 2136 καὶ
636 2107 794 2147 αἰσχύνθητί
816 2119 862 2137 σου

96 2152 145 2189 τὴν
155 2153 251 2193 κρίσιν.
259 2153 351 2189 Πηλὸν
365 2152 506 2192 θαυμάζεις
518 2152 564 2182 καὶ
577 2153 683 2190 σποδὸν,
694 2153 739 2183 καὶ
751 2153 820 2186 κόνις
834 2165 864 2182 σε

97 2198 198 2227 ἐκκαίει
209 2198 255 2227 καὶ
270 2198 363 2239 τέφρα.
377 2199 419 2229 Οὔ
430 2201 585 2239 κατηγορῶν
601 2200 650 2234 τῆς
665 2198 766 2239 φύσεως
779 2201 863 2228 ταῦτα

97 2242 167 2282 λέγω
175 2254 182 2261 ·
196 2243 234 2282 μὴ
245 2242 361 2282 γένοιτο·
374 2245 404 2273 οὗ
417 2243 544 2279 κακίζων,
553 2244 612 2274 οὐδὲ
627 2246 664 2278 εἷς
674 2245 806 2274 εὐτέλειαν
815 2246 864 2284 ἐμ-

907 905 1004 940 simus,
1017 913 1043 936 et
1055 907 1156 946 quibus
1168 919 1203 937 ex
1221 908 1301 938 rebus
1324 909 1466 947 compacti,
1488 915 1547 938 tum
1566 910 1653 940 omnis

908 952 1034 991 superbia
1080 953 1271 992 cogitationum
1315 960 1464 983 evanescet.
1508 955 1653 995 Propterea

909 1007 1024 1037 namque
1035 998 1142 1028 duabus
1150 1010 1199 1029 nos
1209 1011 1243 1029 cx
1253 999 1409 1034 substantiis
1420 1002 1554 1041 compegit
1567 1003 1652 1038 Deus,

911 1050 941 1072 ut
950 1044 973 1072 si
985 1043 1093 1082 quando
1103 1044 1131 1074 in
1147 1045 1302 1086 superbiam
1316 1046 1448 1084 efferaris,
1462 1047 1554 1077 vilitas
1566 1048 1654 1077 carnis

910 1095 936 1118 te
949 1089 1083 1130 deprimat
1098 1103 1104 1119 :
1120 1091 1143 1120 si
1158 1091 1267 1130 quando
1286 1099 1375 1122 autem
1396 1093 1447 1122 tibi
1462 1092 1592 1131 quiddam
1606 1105 1655 1123 ve-

911 1137 967 1165 niat
975 1136 1003 1165 in
1013 1144 1128 1166 mentem
1137 1137 1291 1178 indignum,
1298 1145 1324 1167 et
1333 1138 1407 1177 quod
1414 1139 1449 1168 ab
1460 1139 1562 1169 honore
1572 1150 1586 1168 a
1597 1141 1655 1169 Deo

910 1182 1008 1212 collato
1030 1182 1181 1222 degeneret,
1196 1183 1292 1213 animae
1311 1183 1439 1213 nobilitas
1456 1183 1492 1214 ad
1510 1184 1655 1214 caelestium

909 1227 1042 1258 virtutum
1051 1229 1248 1258 aemulationem
1262 1236 1288 1258 te
1300 1229 1441 1269 provehat.

950 1275 980 1304 7.
1001 1275 1095 1314 Neque
1104 1286 1167 1306 vero
1180 1282 1284 1305 tantum
1295 1275 1328 1304 ad
1343 1275 1488 1305 tollendam
1500 1277 1654 1316 snperbiam

908 1327 948 1349 est
959 1320 1055 1350 idonea
1069 1321 1246 1351 consideratio
1257 1329 1369 1359 naturai,
1382 1321 1430 1351 sed
1441 1329 1467 1352 et
1480 1322 1503 1352 si
1515 1323 1568 1353 alia
1580 1335 1654 1362 quae-

908 1366 951 1396 vis
976 1366 1111 1407 cupiditas
1135 1367 1271 1404 obturbet,
1298 1368 1356 1399 sive
1380 1368 1555 1408 pecuniarum
1565 1391 1573 1407 ‚
1598 1370 1656 1401 sive

910 1422 1054 1453 corporum
1081 1412 1131 1443 ista
1146 1414 1233 1454 turpis
1246 1420 1272 1444 et
1284 1425 1344 1453 quae
1354 1413 1389 1443 ad
1403 1414 1540 1453 lasciviam
1555 1426 1657 1455 provo-

910 1465 965 1496 cat,
986 1458 1022 1488 ad
1047 1459 1274 1499 perturbationem
1300 1459 1445 1489 sedandam
1468 1459 1520 1490 hoc
1542 1461 1654 1492 sufficit.

910 1505 980 1534 Cum
999 1515 1064 1544 crgo
1083 1505 1226 1535 formosam
1247 1506 1389 1536 mulierem
1411 1505 1522 1545 videris,
1535 1507 1580 1537 cui
1599 1507 1656 1537 mi*-

911 1557 1000 1582 cantes
1021 1551 1095 1582 oculi
1112 1559 1175 1581 sunt
1191 1559 1217 1582 et
1237 1552 1347 1587 hilares.
1370 1552 1414 1583 cui
1432 1552 1543 1583 nitentes
1570 1565 1654 1593 genae,

892 1626 895 1632 ,
912 1596 989 1636 cujus
1007 1597 1128 1628 invultu
1146 1598 1245 1628 eximia
1258 1598 1380 1638 quiedam
1391 1606 1518 1639 appareat
1532 1600 1656 1639 pulchri-

911 1643 990 1681 tudo,
1002 1654 1062 1682 quae
1080 1650 1195 1673 mentem
1213 1652 1285 1674 tuam
1298 1645 1456 1684 inflammet,
1471 1653 1497 1675 et
1513 1646 1657 1676 libidinem

912 1696 1018 1729 augeat,
1039 1689 1126 1729 cogita
1145 1696 1244 1719 terram
1263 1690 1335 1719 illud
1354 1701 1411 1720 oese
1430 1691 1507 1730 quod
1529 1692 1654 1729 miraris,

912 1735 1028 1765 cinerem
1042 1746 1098 1764 csse
1113 1735 1188 1774 quod
1205 1743 1231 1765 te
1252 1736 1383 1773 accendit,
1392 1744 1418 1767 et
1431 1737 1548 1767 insanire
1567 1739 1657 1768 anima

912 1780 1136 1821 desinetzdetcge
1164 1788 1253 1811 cutem
1275 1782 1369 1812 vultus
1394 1783 1464 1823 ejus,
1486 1790 1544 1813 tum
1572 1785 1664 1824 ipsam-

913 1837 1019 1856 omnem
1038 1826 1251 1866 pulchritudinis
1272 1827 1403 1857 vilitatem
1425 1829 1555 1859 videbis:
1573 1841 1606 1859 nc
1630 1830 1657 1859 in

914 1872 1057 1912 superficie
1070 1873 1209 1910 consistas,
1221 1873 1269 1903 sed
1287 1873 1400 1904 interius
1415 1875 1576 1914 cogitatione
1589 1887 1658 1916 pro-

913 1918 1034 1958 gredere,
1048 1929 1096 1948 nec
1106 1918 1183 1948 aliud
1194 1918 1342 1958 quidquam
1357 1927 1453 1960 praeter
1467 1931 1537 1957 ossa,
1549 1932 1656 1960 nervos,

914 1976 944 1994 ac
958 1962 1048 1995 venas=
1058 1964 1186 2005 reperies.
1200 1966 1236 1994 At
1257 1975 1311 1994 non
1327 1966 1467 1996 sufficiunt
1481 1967 1549 1997 ista?
1563 1969 1659 2008 Cogita

915 2010 984 2039 mihi
999 2017 1128 2041 mutatam
1140 2010 1227 2048 illam,
1242 2018 1431 2049 senescentem,
1442 2020 1579 2052 aegrotam,
1591 2014 1658 2044 sub·

915 2056 1032 2087 sidentes
1063 2057 1169 2095 oculos,
1187 2065 1329 2088 excavatas
1354 2069 1445 2098 genas,
1471 2066 1556 2090 totum
1578 2061 1659 2091 illum

916 2104 1010 2135 ssorem
1022 2104 1184 2136 defluentem
1198 2116 1206 2134 e
1219 2106 1307 2146 cogita
1325 2106 1396 2146 quid
1415 2106 1569 2146 admireris,
1581 2115 1607 2138 et
1619 2109 1659 2138 tui

913 2150 1013 2190 judicii
1038 2158 1064 2181 te
1086 2150 1210 2191 pudebit.
1224 2153 1326 2182 Lutum
1352 2152 1460 2182 miraris
1482 2161 1508 2183 et
1533 2154 1667 2189 cinerem‚.

916 2198 1009 2238 pulvis
1024 2204 1050 2228 te
1068 2198 1188 2228 incendit
1208 2206 1234 2228 et
1250 2199 1356 2230 favilla.
1371 2200 1433 2229 Non
1455 2200 1511 2230 haec
1532 2211 1564 2230 co
1583 2201 1657 2239 dico,

917 2252 947 2275 ut
968 2252 1091 2275 naturam
1111 2255 1250 2284 aoeusem3
1265 2245 1335 2275 absit
1350 2257 1357 2274 :
1373 2256 1421 2275 nec
1445 2253 1475 2276 ut
1496 2247 1666 2287 vituperem,

98 2288 214 2326 ὃάλλων,
230 2289 298 2319 ἀλλὰ
311 2290 437 2330 φάρμακα
457 2293 512 2323 τοῖς
529 2288 861 2324 νοσοῦτικατασκευάζων.
872 2307 907 2327 192
918 2298 965 2321 aut
976 2298 1112 2331 tamquam
1126 2291 1209 2321 vilem
1222 2292 1382 2332 deprimam,
1395 2292 1445 2321 scd¹
1462 2300 1490 2322 ut
1506 2294 1659 2332 aegrotanti-

98 2335 151 2365 Διὰ
169 2338 246 2365 τοῦτο
265 2338 280 2366 ὁ
300 2336 369 2369 Θεὸς
388 2335 512 2372 τοιαύτην
531 2337 613 2373 αὐτὴν
632 2337 768 2374 ἐποίησεν,
782 2336 865 2370 οὕτως
881 2337 901 2360 Α
917 2339 969 2368 bus
990 2338 1182 2376 medicamenta
1203 2348 1370 2378 componam.
1391 2338 1458 2368 Ideo
1478 2339 1557 2368 talem
1577 2339 1662 2378 ipsam

98 2382 206 2418 εὐτελῆ,
217 2384 261 2411 ἵνα
272 2381 317 2412 καὶ
330 2381 379 2418 τὴν
393 2382 491 2412 οἰκείαν
504 2383 612 2422 δύναμιν
630 2382 806 2420 ἐπιδείξηται,
820 2383 866 2412 καὶ
918 2386 992 2414 Deus
1010 2383 1143 2418 condidit,
1154 2383 1221 2413 adeo
1240 2383 1334 2421 vilem,
1346 2391 1376 2413 ut
1389 2391 1416 2414 et
1437 2394 1525 2413 suam·
1536 2385 1662 2413 virtutem

98 2427 147 2464 τὴν
159 2427 316 2467 κηδεμονίαν
329 2428 378 2465 τὴν
399 2428 460 2468 περὶ
475 2430 560 2468 ἡμᾶς,
575 2431 608 2469 τῇ
629 2431 677 2464 τ’ἧς
699 2428 802 2469 φύσεως
817 2429 864 2469 μὲν
918 2436 944 2459 ct
957 2439 1049 2459 curam
1062 2428 1096 2458 de
1113 2429 1191 2458 nobis
1207 2428 1340 2464 ostendat,
1352 2428 1418 2457 dum
1438 2435 1540 2457 naturae
1558 2428 1662 2457 vilitate

101 2474 217 2514 εὐτελείᾳ
229 2474 295 2514 πρὸς
314 2473 555 2514 ταπεινοφροσύνην
573 2474 689 2514 ἐνᾶγων,
710 2475 756 2504 καὶ
776 2480 864 2505 πᾶσαν
919 2486 968 2505 nos
988 2475 1023 2504 ad
1042 2474 1222 2504 humilitatem
1241 2473 1356 2510 inducit,
1372 2484 1531 2512 omnemque
1544 2481 1662 2503 nostram

100 2519 148 2556 τὴν
161 2520 386 2559 ἐπιθυμίανὴμῶν
400 2520 595 2559 καταστίλλων,
606 2520 654 2557 τὴν
669 2521 696 2551 δὲ
712 2521 804 2561 σοφίαν
816 2522 870 2562 δειῇ
921 2521 1093 2563 cupiditatem
1109 2527 1223 2557 coercet,
1251 2531 1281 2550 ac
1302 2519 1439 2559 sapientiae
1455 2530 1510 2549 suae
1529 2520 1663 2560 specimen

135 2606 144 2617 ι
163 2598 254 2629 [savit.
267 2598 365 2632 ma]
