1890 2826
667 210 699 233 IN
730 210 866 241 tSAtAM,
896 210 972 232 CAP.
1005 210 1038 232 tt.

73 274 166 315 φήτης.
187 273 279 309 Πολλὴ
301 273 352 313 γὰρ
375 274 422 309 τῆς
442 271 564 307 ἀληθείας
585 273 603 307 ἡ
619 271 766 311 περιουσία.
787 271 839 300 Διὰ

72 323 148 350 τοῦτο
161 319 206 349 καὶ
221 319 308 358 ἕτερον
319 317 406 353 τίθησι
419 317 558 357 γνώρισμα
571 318 618 352 τῆς
630 317 837 352 καινῆςΛιαθή-

71 377 120 401 κης
131 364 200 395 κατὰ
208 365 256 401 τὴν
269 363 425 403 οἰκουμένην
433 363 540 402 λάμπον
551 362 665 392 ἅπασαν.
678 361 714 391 Τί
724 362 751 391 δὲ
762 362 839 391 τοῦτό

70 411 158 446 imum
182 410 283 450 Εἰρήνη
305 410 351 440 καὶ
372 408 496 448 πολέμων
518 408 661 448 ἀναίρεσις.
675 407 763 437 Ὅταν
786 407 838 447 γὰρ

70 459 154 486 ταῦτα
169 456 293 496 γένηται,
313 455 394 496 φησὶ,
406 454 522 491 τοσαύτη
535 454 650 495 λήψεται
664 453 772 493 εὐνομία
789 454 838 490 τὴν

70 502 234 541 οἰκουμένην,
256 504 292 535 ὡς
313 501 359 531 καὶ
379 500 446 530 αὐτὰ
458 500 493 530 τὰ
506 500 577 530 ὅπλα
593 500 627 529 τὰ
647 499 780 538 πολεμικὰ
802 501 838 533 εἷς

68 548 202 588 γεωργικὰ
215 544 390 588 χαλκεύεσθαι
403 547 502 587 ὄργανα
514 558 520 564 ·
535 545 600 586 ὅπερ
614 545 659 575 ἐπὶ
672 548 725 575 τῶν
739 548 837 585 καιρῶν
853 554 872 577 n

69 595 122 622 τῶν
137 593 268 623 Ἰουδαίων
281 594 329 622 οὐκ
343 591 374 622 ἄν
388 604 428 625 τις
440 591 492 621 ἴδοι
506 591 688 631 γεγενημένον,
700 592 768 621 ἀλλὰ
779 593 838 620 τού-

69 639 171 669 ναντίον
184 639 262 669 ἅπαν.
277 640 318 669 Οὐ
328 638 379 678 γὰρ
391 638 520 667 διέλειπον
533 637 638 667 ἅπαντα
647 639 694 673 τῆς
706 636 839 670 πολιτείας

70 686 158 714 αὐτῶν
168 684 213 714 τὸν
225 684 315 724 καιρὸν
329 686 504 723 πολεμοῦντες
515 684 560 714 καὶ
570 683 781 722 πολεμούμενοι,
794 683 839 712 καὶ

69 729 113 759 διὰ
131 733 233 770 μακροῦ
246 730 291 759 καὶ
306 731 339 759 δι’
351 730 439 769 ὀλίγου
452 732 505 759 τῶν
516 729 650 769 πολεμίων
671 731 758 763 αὐτοῖς
779 731 840 759 {wn-

71 777 163 807 ὄντων.
189 777 241 807 Καὶ
253 777 306 817 γὰρ
325 778 350 807 οἱ
371 778 398 806 ἐν
412 778 478 817 αὐτῇ
494 776 712 817 τῇμΠαλαιστίνῃ
733 776 839 816 χαλεπὰ

70 822 214 862 πράγματα
227 823 361 863 παρέσχον
374 825 461 857 αὐτοῖς
473 822 602 856 πολλάκις
611 846 619 858 ,
634 823 679 852 καὶ
693 826 704 839 ⁴²
716 823 777 863 περὶ
787 825 840 851 τῶν

70 869 190 909 ἐσχάτων
203 869 389 909 ἐπεκρέμασαν
402 869 530 898 κίνδυνον.

110 918 164 948 Καὶ
175 921 260 948 ταῦτα
273 919 348 954 δηλοῖ
362 919 409 958 μὲν
421 921 438 954 ἡ
450 920 503 948 τῶν
518 919 663 948 Βασιλειῶν
678 919 781 959 ἱστορία
795 932 840 949 σα·

71 966 134 1004 φῶς,
147 963 197 1000 ὅλη
207 965 241 994 δι’
255 965 318 1001 ὅλης
328 966 358 994 ἔκ
369 964 492 1004 πολέμων
505 964 664 1005 ὑφαινομένη
676 977 683 983 ·
694 966 802 1000 δηλοῦσι
813 966 840 995 δὲ

71 1011 95 1039 οἱ
109 1011 243 1050 προφῆται
255 1010 361 1045 πάντες,
371 1010 405 1039 τὰ
414 1010 542 1049 γενόμενα
553 1010 764 1049 ἀπαγγέλλοντες
777 1014 840 1040 ταῦ·
858 1018 875 1040 Ε

70 1067 114 1090 τα,
119 1055 164 1084 καὶ
172 1055 233 1095 πρὶν
241 1055 259 1091 ἢ
268 1055 388 1095 γενέσθαι
396 1058 642 1096 προαναφωνοῦντες
649 1067 655 1074 ·
663 1056 708 1085 καὶ
716 1056 743 1090 ἐξ
751 1059 840 1092 αὐτῆς,

71 1102 107 1134 ὡς
113 1102 205 1138 εἰπεῖν,
211 1103 259 1136 τῆς
268 1101 378 1141 ἡμέρας,
387 1097 420 1136 ἧς
427 1101 621 1140 ἀπηλλάγησαν
631 1104 678 1137 τῆς
688 1102 840 1141 Αἰγυπτίων

71 1145 221 1186 τυραννίδος
227 1167 235 1181 ,
247 1148 274 1176 ἐν
291 1147 417 1185 πολέμοις
434 1146 478 1175 τὸν
492 1146 596 1175 ἅπαντα
609 1147 702 1187 χρόνον
714 1147 837 1177 ἑδίωσαν.

23 1194 27 1200 ”
73 1191 141 1220 Ἀλλ’
156 1191 215 1231 οὐχὶ
230 1194 274 1220 νῦν
286 1191 380 1228 οὕτως,
396 1191 464 1221 ἀλλὰ
477 1191 563 1228 πολλὴ
578 1193 646 1222 κατὰ
658 1192 706 1229 τὴν
719 1193 840 1232 οἰκουμέ-

73 1248 120 1272 νην
135 1237 234 1277 εἷρήνη.
255 1238 290 1266 Εἰ
310 1236 339 1266 δέ
354 1249 421 1271 τινες
437 1237 552 1277 γίνονται
574 1238 701 1277 πόλεμοι,
717 1239 775 1267 ἀλλ’
792 1240 841 1278 οὐχ

72 1282 168 1321 ὁμοίως
182 1284 218 1316 ὡς
229 1282 366 1323 πρότερον.
378 1282 447 1312 Τότε
461 1283 509 1322 μὲν
519 1283 570 1323 γὰρ
582 1283 627 1313 καὶ
639 1284 728 1318 πόλεις
738 1284 839 1319 πόλεσι,

1589 212 1632 247 29

890 270 990 310 quippe
1010 276 1048 299 cst
1069 270 1189 300 veritatis
1212 270 1334 300 facultas.
1357 270 1420 300 Ideo
1442 271 1516 301 aliud
1543 274 1632 312 posuit

889 316 962 346 Novi
974 315 1135 345 Testamenti
1156 316 1287 346 indicium
1304 327 1352 356 per
1372 323 1458 346 totum
1478 318 1569 347 orbem
1589 329 1632 348 re-

888 362 1005 401 fulgens.
1021 361 1166 398 Quodnam
1193 362 1263 391 illud
1288 363 1351 392 est?
1371 365 1428 392 Pax
1452 371 1478 393 et
1499 365 1633 394 bellorum

889 407 1038 447 abrogatio.
1052 408 1169 445 Quando
1193 409 1250 438 haec
1265 410 1429 449 contingent,
1447 410 1545 449 inquit,
1561 418 1633 440 tanta

890 453 983 483 orbem
993 454 1108 494 excipiet
1121 455 1312 494 tranquillitas,
1321 462 1352 485 ut
1362 456 1442 485 etiam
1453 456 1548 485 bellica
1558 467 1633 485 arma

890 499 916 528 in
929 499 1100 539 agriculturae
1114 500 1290 530 instrumenta
1299 501 1434 532 ciulantur
1445 512 1453 529 ε
1464 502 1537 541 quod
1548 503 1575 532 in
1584 504 1601 533 J
1604 514 1634 532 u-

891 545 1011 575 daeorum
1039 547 1204 586 temporibus
1229 547 1358 577 accidisse
1379 558 1432 577 non
1460 550 1608 589 comperies
1625 561 1631 576 ε

891 592 946 621 imo
961 603 1002 621 res
1016 592 1043 621 in
1055 594 1219 623 contrarium
1240 594 1315 623 abiit,
1329 595 1390 624 Non
1413 603 1549 624 cessarunt
1562 596 1633 625 enim

891 649 938 678 per
951 645 1037 667 totum
1052 640 1208 679 reipublicae
1222 651 1276 669 suae
1295 647 1400 680 tempus
1413 641 1485 670 bella
1500 641 1597 671 inferre
1610 649 1635 671 et

890 684 971 713 bellis
984 684 1086 724 impeti,
1103 686 1225 715 hostibus
1244 686 1306 715 illos
1324 686 1405 716 modo
1426 686 1542 723 diutius,
1555 688 1636 717 modo

891 731 1027 761 remissius
1048 731 1247 762 invadentibus.
1266 733 1373 762 Etenim
1394 734 1440 772 qui
1452 745 1466 764 e
1480 734 1569 763 vicino
1585 735 1634 764 ha-

891 776 1022 813 bitabant,
1038 778 1092 806 imo
1105 778 1185 807 etiam
1197 778 1244 817 qui
1256 778 1284 807 in
1300 779 1449 817 Palaestina,
1465 780 1556 820 gravia
1571 781 1636 821 ipsis

892 832 962 863 saepe
972 825 1076 863 negotia
1099 824 1271 862 facessebant,
1284 825 1320 854 ita
1336 832 1365 855 ut
1379 825 1412 855 de
1426 827 1552 857 extremis
1566 828 1636 867 peri-

893 869 1059 899 clitarentur.
1162 889 1164 891 -
1389 880 1393 883 “

933 917 962 945 5.
985 916 1021 945 Et
1035 916 1091 946 haec
1101 916 1243 956 perspicue
1251 916 1369 947 declarat
1383 919 1539 957 Regnorum
1551 919 1635 949 histo-

893 960 944 998 ria,
955 968 1009 991 tota
1022 962 1103 992 bellis
1113 969 1236 992 contexta
1249 975 1256 991 :
1269 963 1412 993 ostendunt
1424 964 1487 994 item
1499 965 1638 1006 propheta:

892 1017 993 1043 omnes,
1012 1008 1060 1047 qui
1075 1008 1131 1037 haec
1144 1016 1217 1047 gesta
1228 1009 1381 1045 narrabant,
1393 1016 1419 1038 et
1432 1017 1574 1049 antequam
1583 1012 1635 1041 fie-

893 1059 951 1081 rent
964 1054 1176 1092 praenuntiabant
1192 1064 1200 1081 τ
1213 1061 1239 1083 et
1255 1065 1289 1083 ex
1312 1055 1371 1092 illa,
1384 1063 1414 1085 ut
1431 1056 1467 1086 ita
1485 1057 1639 1094 dicam‚die

893 1108 946 1136 qua
959 1100 1043 1139 erepti
1056 1106 1119 1128 sunt
1131 1110 1165 1129 ex
1178 1100 1291 1140 AEgypti
1304 1102 1455 1141 tyrannide,
1463 1110 1544 1133 totam
1554 1104 1636 1134 vitam

894 1145 921 1173 in
934 1145 1015 1175 bellis
1030 1152 1226 1185 transegerunt.
1236 1148 1342 1177 Verum
1356 1159 1428 1178 nunc
1438 1160 1490 1178 non
1504 1150 1541 1180 ita
1555 1161 1583 1180 se
1596 1162 1637 1181 res
1697 1161 1789 1191 Imperii

893 1188 974 1218 habet
990 1202 996 1218 :
1012 1189 1060 1219 sed
1082 1201 1177 1230 magna
1198 1201 1252 1230 pax
1271 1202 1320 1231 per
1339 1192 1441 1222 orbem.
1466 1194 1502 1223 Et
1524 1195 1546 1223 si
1565 1195 1635 1224 bella
1648 1197 1715 1214 '¹⁸¹¹ss
1739 1201 1790 1215 “¹¹¹¹

893 1235 1015 1272 quaedam
1033 1235 1168 1272 oriuntur,
1192 1246 1244 1265 non
1264 1237 1375 1276 perinde
1398 1245 1426 1268 ut
1446 1239 1533 1279 prius.
1557 1242 1634 1271 Tunc
1649 1224 1792 1284 ἓιᾷῗῗίῗιᾞ.

892 1280 964 1309 enim
975 1280 1096 1311 civitates
1117 1288 1207 1311 contra
1217 1283 1347 1321 civitates,
1357 1285 1476 1324 regiones
1488 1293 1579 1316 contra
1592 1298 1635 1319 te-
1650 1290 1719 1307 ‘²¹¹¹‘-

73 1328 118 1358 καὶ
130 1330 217 1369 χῶραι
233 1328 349 1368 χώραις,
362 1328 407 1357 καὶ
421 1330 500 1367 δῆμοι
513 1329 718 1370 συνεῤῥῆγνυντο
733 1330 840 1368 δήμοις,
852 1356 876 1373 ²5
892 1325 994 1364 giones‚
1010 1327 1106 1367 populi
1120 1334 1211 1357 contra
1232 1330 1348 1369 populos
1367 1330 1562 1371 confligebant:
1573 1344 1638 1373 gens

73 1374 118 1403 καὶ
131 1373 202 1408 ἔθνος
215 1373 243 1403 ἓν
256 1375 293 1407 εἰς
306 1374 392 1404 πολλὰ
406 1374 556 1413 διετέμνετο
566 1375 645 1415 μέρη.
662 1375 715 1405 Καὶ
729 1379 774 1405 τοῦ
786 1376 839 1412 Ἰη-
856 1383 874 1405 Α

73 1423 120 1449 σοῦ
133 1420 164 1449 τὸ
177 1419 278 1460 βιὸλίον
292 1432 333 1454 τις
346 1420 471 1459 ἀναγνοὺς
484 1420 529 1450 καὶ
543 1423 595 1450 τῶν
610 1423 724 1462 Κριτῶν,
742 1422 841 1452 εἴσεται

72 1465 169 1499 πόσους
177 1468 194 1501 ἡ
206 1465 373 1501 Παλαιστίνη
382 1466 409 1494 ἓν
423 1467 518 1506 βραχεῖ
529 1466 659 1506 πολέμους
667 1467 726 1497 τότε
737 1468 842 1502 ἐδέξατο

73 1514 168 1552 καιρῷ.
188 1511 242 1541 Καὶ
258 1513 288 1540 οὐ
306 1513 383 1540 τοῦτο
397 1511 475 1550 μόνον
494 1507 526 1547 ἦν
540 1512 571 1541 τὸ
584 1512 710 1552 χαλεπὸν,
728 1514 786 1542 ἀλλ’
801 1514 840 1543 ὅτι

71 1557 172 1591 πάντας
185 1558 255 1587 ὅπλα
267 1561 279 1574 ⁸
287 1557 403 1587 τίθεσθαι
420 1558 434 1586 ὁ
447 1557 526 1596 νόμος
543 1558 664 1588 ἐκέλευσε
676 1581 684 1594 ,
700 1559 744 1588 καὶ
758 1560 842 1593 οὐδεὶς

72 1604 168 1640 ἀτελὴς
181 1604 280 1639 ταύτης
289 1606 336 1639 τῆς
349 1603 511 1643 λειτουργίας
525 1599 567 1639 ἧν.
581 1604 633 1634 Καὶ
647 1607 676 1634 οὐ
688 1605 761 1645 παρὰ
775 1606 842 1635 Ἰου-

73 1650 154 1683 δαίοις
172 1649 250 1689 μόνον
263 1645 336 1682 οὗτος
353 1651 368 1678 ὁ
386 1648 465 1688 νόμος
477 1650 601 1689 ἐκράτει,
621 1650 689 1680 ἀλλὰ
709 1651 753 1680 καὶ
771 1664 841 1681 παν-

72 1697 155 1734 ταχοῦ
169 1697 217 1730 τῆς
230 1691 384 1734 οἰκουμένης
393 1706 399 1713 ·
414 1694 479 1724 ὅπου
487 1707 517 1734 γε
529 1695 573 1724 καὶ
588 1695 696 1736 ῥήτορες
707 1696 752 1725 καὶ
766 1697 843 1736 φιλό-

72 1751 147 1780 σοφοι
160 1740 284 1779 ἐξωμίδος
297 1740 377 1769 πλέον
391 1740 464 1770 οὐδὲν
475 1740 587 1780 ἔχοντες,
598 1742 714 1780 πολέμου
727 1744 839 1772 καλοῦν-

72 1797 130 1822 τος,
144 1785 189 1815 καὶ
202 1785 302 1815 ἀσπίδα
315 1785 522 1825 μετεχειρίζοντο
530 1809 539 1822 ,
553 1786 598 1815 καὶ
614 1786 658 1816 ἐπὶ
671 1788 841 1827 παρατάξεως

72 1829 186 1861 ἵσταντο.
208 1831 243 1861 Ὁ
265 1834 328 1871 γοῦν
347 1832 410 1871 παρ’
434 1831 578 1867 Ἀθηναίοις
598 1832 714 1870 μάλιστα
733 1832 842 1873 λάμψας

72 1877 279 1917 ἀπραγμοσύνης
302 1877 389 1907 ἕνεκεν
412 1877 457 1907 καὶ
482 1877 635 1918 φιλοσοφίας
659 1878 804 1918 Σωκράτης
828 1882 841 1909 ὁ
856 1887 874 1910 Β

72 1923 256 1964 Σωφρονίσκου
269 1923 314 1952 καὶ
325 1921 338 1938 ¹²
346 1922 417 1956 ἅπαξ
428 1923 473 1952 καὶ
483 1923 521 1956 δὶς
531 1923 575 1952 ἐπὶ
585 1923 755 1963 παρατάξεως
766 1923 838 1960 ἔστη.

72 1969 125 1998 Καὶ
139 1971 190 1998 τῶν
211 1969 327 2009 ῥητόρων
340 1971 393 1998 τῶν
406 1971 470 2008 παρ’
486 1970 573 2002 αὐτοῖς
585 1969 616 1998 τὸ
629 1968 770 2009 κεφάλαιον
781 1971 838 2005 Δη-

73 2015 201 2054 μοσθένης
223 2015 275 2045 ἀπὸ
291 2018 337 2044 τοῦ
360 2015 479 2055 βήματος
501 2016 546 2045 ἐπὶ
567 2015 612 2045 τὸν
633 2015 748 2055 πόλεμον
769 2016 839 2056 ἐξῄει

70 2061 206 2094 πολλάκις.
221 2062 254 2090 Et
273 2060 300 2090 δὲ
323 2060 435 2101 ῥήτορας
450 2061 495 2090 καὶ
508 2061 663 2101 φιλοσόφους
676 2062 759 2095 οὐδεὶς
776 2062 837 2102 ἐξῄ-

72 2117 136 2146 ρητο
157 2107 234 2146 νόμος
255 2109 301 2136 τοῦ
325 2107 460 2143 πολεμεῖν,
476 2108 560 2147 σχολῇ
579 2120 609 2146 γε
629 2107 716 2147 ἕτερός
735 2120 775 2142 τις
792 2112 837 2138 τοῦ

71 2150 155 2190 δήμου
179 2152 277 2188 ταύτης
299 2152 436 2188 ἀπήλαυσε
457 2154 505 2188 τῆς
532 2152 658 2186 ἀτελείας.
684 2153 753 2183 Ἀλλ’
778 2154 838 2194 οὐχὶ

103 2255 114 2268 ⁶
131 2248 192 2281 Κεὶς.
214 2252 266 2284 περὶ
278 2253 317 2275 τὸν
329 2252 424 2282 ἔσχατον
441 2252 599 2284 ἂπεκρίμαοαν
617 2252 720 2275 κίνδυνον.
735 2249 823 2275 Lectio

72 2295 122 2311 non
134 2287 282 2319 spernenda.
301 2287 351 2313 Sed
369 2287 447 2313 altera
458 2288 560 2312 retineri
572 2294 664 2320 potest.
679 2288 756 2313 Paulo
768 2294 827 2321 post

71 2324 149 2351 savit.
161 2328 185 2351 lx
194 2329 316 2358 πολεμίων,
329 2325 373 2351 sed
386 2326 473 2351 melius
490 2331 515 2353 ὲκ
526 2330 640 2360 πολέμων,
654 2332 682 2351 ιιι
693 2328 745 2359 ipse
753 2334 827 2353 notat.

72 2365 97 2389 in
109 2358 228 2396 margine.

103 2412 115 2423 ¹
132 2402 198 2431 ὅπλα
208 2408 309 2431 τὶθιαθαι
323 2403 421 2430 videtur
430 2405 579 2438 siguificare,
592 2414 664 2430 arma
678 2414 788 2439 ponere5
800 2413 828 2432 at

73 2443 114 2469 hic
126 2449 174 2474 est,
188 2452 259 2468 arma
271 2452 372 2474 sumere,
382 2453 433 2469 sese
442 2446 519 2469 armis
531 2446 660 2477 insincere,
681 2452 709 2470 ut.
724 2455 753 2471 ex
766 2447 827 2472 serie

71 2482 159 2516 liquet.
168 2483 235 2515 [Qua
245 2481 276 2507 de
286 2491 312 2508 re
323 2482 421 2509 videsis
430 2484 458 2508 Δ.
469 2485 577 2518 Peyron.
592 2483 778 2510 Praelcctioneru
791 2487 827 2510 in—

73 2528 164 2548 sertam
177 2523 259 2547 Tomo
272 2523 303 2547 27
318 2520 375 2547 libri
386 2523 507 2547 Mamm-ie
527 2523 597 2548 della
620 2523 654 2547 R.
668 2523 827 2549 Accademia

77 2562 143 2586 delle
158 2563 254 2586 ,πείσητε
274 2561 303 2585 di
323 2561 435 2596 Terina]
454 2561 544 2595 ἐξωμίς
565 2562 628 2587 iufra
639 2569 677 2587 est
688 2564 775 2588 abolla
786 2573 828 2589 seu

76 2600 186 2633 pallium
199 2599 412 2633 philosophorum,
432 2599 463 2625 (lc
475 2609 525 2633 quo
538 2600 615 2625 multa
638 2601 745 2627 diximus
758 2604 829 2629 initio

894 1381 945 1400 una
972 1372 999 1400 in
1024 1372 1122 1402 multas
1151 1381 1238 1412 partes
1260 1375 1442 1406 scindebatur.
1466 1379 1506 1407 Ac
1529 1378 1552 1407 si
1577 1380 1640 1418 quis

893 1418 995 1448 librum
1008 1420 1090 1449 Josue
1103 1426 1128 1449 et
1145 1420 1274 1450 Judicum
1295 1422 1398 1462 legerit,
1407 1423 1472 1453 sciet
1484 1432 1553 1463 quot
1569 1425 1640 1455 bella

894 1465 1034 1494 Palaestina
1040 1465 1115 1496 brevi
1126 1473 1245 1506 tempore
1254 1470 1408 1508 susceperit.
1413 1470 1506 1508 Neque
1517 1470 1545 1500 id
1553 1472 1640 1501 solum

893 1511 1057 1541 incommodi
1077 1520 1143 1547 erat,
1154 1513 1200 1542 sed
1211 1514 1284 1552 quod
1296 1515 1342 1544 lex
1350 1526 1441 1545 omnes
1452 1527 1525 1547 arma
1536 1529 1641 1548 sumere

891 1557 1009 1597 juberet,
1033 1568 1164 1598 nemoque
1191 1559 1319 1590 immunis
1345 1569 1412 1591 esset
1430 1573 1446 1591 a
1470 1564 1518 1593 tali
1539 1565 1637 1594 officio.

894 1604 987 1642 Neque
1005 1610 1107 1633 tantum
1125 1605 1199 1645 apud
1218 1606 1329 1636 Judaeos
1348 1607 1405 1637 haec
1420 1609 1465 1638 lex
1479 1609 1638 1648 invaluerat,

894 1648 941 1677 sed
949 1656 975 1678 et
985 1649 1085 1688 ubique
1104 1657 1237 1680 terrarum
1252 1662 1257 1678 :
1272 1653 1490 1692 quandoquidem
1508 1662 1534 1685 et
1547 1656 1640 1686 rheto-

895 1705 937 1724 res
953 1702 979 1724 et
989 1695 1156 1736 philosophi,
1172 1698 1220 1736 qui
1233 1698 1302 1727 nihil
1313 1706 1409 1739 praeter
1423 1701 1539 1732 abollam
1554 1703 1639 1733 habe-

894 1740 970 1777 bant,
985 1740 1018 1769 ad
1039 1741 1144 1771 bellum
1164 1743 1294 1781 accersiti,
1307 1745 1426 1784 clipeum
1444 1748 1603 1785 tractabant,
1614 1757 1639 1779 et

895 1785 923 1814 in
938 1786 993 1815 acie
1007 1786 1122 1816 stabant.
1135 1789 1203 1817 Nam
1224 1792 1343 1819 Socrates
1361 1792 1535 1830 Sophronisci
1551 1795 1636 1831 filius,
1690 1811 1789 1833 Socrates

893 1832 941 1870 qui
955 1832 990 1860 ob
1004 1832 1066 1862 vitae
1079 1834 1299 1872 tranquillitatem
1314 1842 1340 1864 et
1353 1836 1551 1877 philosophiam
1563 1841 1637 1880 apud
1646 1846 1667 1863 ‘2¹
1707 1842 1789 1879 nemq-

894 1878 1068 1918 Athenienses
1082 1879 1198 1909 maxime
1213 1881 1336 1919 florebat,
1349 1884 1430 1912 semel
1444 1890 1469 1913 et
1479 1885 1521 1914 bis
1535 1885 1562 1915 in
1579 1888 1636 1916 acie
1644 1873 1789 1926 sspgnffiphgi

892 1925 973 1954 stetit.
982 1926 1017 1954 Et
1026 1925 1162 1955 rhetorum
1173 1926 1246 1967 apud
1265 1927 1326 1957 illos
1341 1928 1465 1969 princeps
1479 1932 1635 1963 Demosthe-
1645 1912 1743 1956 rhegffl
1759 1936 1785 1956 ³⁴³

891 1980 938 2000 nes
955 1982 989 2000 ex
1001 1978 1126 2011 suggestu
1140 1972 1174 2001 ad
1188 1972 1290 2002 bellum
1304 1983 1373 2013 saepe
1387 1975 1499 2014 prodiit.
1513 1977 1594 2014 Quod
1611 1980 1633 2008 si
1644 1965 1786 2018 Ξξὲέᾚμω

892 2017 1009 2046 rhetores
1018 2024 1044 2046 et
1057 2018 1232 2058 philosophos
1241 2019 1316 2048 nulla
1328 2020 1372 2049 lex
1383 2021 1516 2052 eximebat
1526 2034 1541 2052 a
1548 2024 1632 2063 bello,

891 2062 940 2093 vix
959 2063 1019 2102 quis
1033 2063 1102 2092 alius
1111 2074 1127 2092 e
1139 2064 1239 2104 populo
1251 2065 1297 2094 tali
1310 2066 1478 2097 immunitate
1489 2069 1631 2108 gaudebat.

892 2111 927 2138 At
939 2109 1009 2138 nihil
1022 2109 1119 2138 horum
1128 2111 1185 2150 jam
1198 2111 1349 2150 conspicere
1356 2119 1405 2141 est.
1417 2114 1552 2150 Quoniam
1561 2117 1632 2146 enim
1645 2123 1745 2144 matach.
1758 2122 1781 2150 4.

890 2155 932 2184 sol
943 2155 1055 2195 justitiae
1075 2155 1190 2194 refulsit,
1206 2167 1237 2185 ac
1250 2157 1381 2194 civitates,
1394 2160 1490 2199 populi
1504 2168 1529 2191 et
1543 2170 1633 2202 gentes
1644 2160 1665 2175 ²·

877 2251 942 2275 tertii
953 2250 1029 2276 Tomi
1040 2252 1206 2284 Antiquitatis
1225 2252 1402 2285 explanatione
1422 2262 1446 2280 et
1466 2257 1634 2284 schematibus

876 2288 1015 2314 illustratae.
1029 2288 1079 2314 Ubi
1093 2289 1150 2314 xide
1164 2291 1205 2315 sis.

910 2330 922 2348 b
939 2328 1017 2354 Savil.
1030 2334 1056 2353 et.
1068 2330 1128 2362 Reg.
1139 2333 1202 2360 ἅπαξ
1211 2334 1224 2359 ἡ
1235 2332 1273 2359 δίς.
1286 2332 1424 2357 Bavaricus
1435 2339 1461 2358 et
1474 2335 1560 2361 Morel.
1573 2339 1635 2367 ἅπαξ

877 2372 914 2394 καὶ
922 2370 962 2397 δίς.
976 2366 1052 2399 Quod
1063 2367 1103 2392 hic
1114 2367 1206 2393 dicitur
1215 2368 1247 2394 de
1255 2370 1360 2395 Socrate
1372 2370 1404 2396 ad
1416 2372 1506 2397 bellum
1518 2381 1630 2406 exeunte,

877 2406 954 2432 habes
965 2406 1032 2439 apud
1044 2406 1206 2431 Plutarchum
1219 2406 1245 2432 in
1257 2408 1398 2442 Alcibiade;
1414 2410 1453 2435 ubi
1468 2411 1509 2436 ille
1519 2411 1631 2443 philoso-

877 2445 984 2478 phorum
995 2446 1110 2478 princeps
1117 2451 1217 2470 strenue
1228 2455 1349 2479 pugnasse
1361 2455 1486 2473 narratur.
1498 2450 1559 2475 Vide
1572 2452 1630 2477 item

877 2486 902 2509 in
912 2486 1022 2518 Diogene
1034 2484 1145 2515 Laertio,
1155 2484 1198 2511 lib.
1210 2486 1234 2516 2,
1247 2485 1289 2510 ubi
1302 2492 1326 2511 ct
1336 2487 1477 2520 Amphipoli
1485 2494 1510 2513 et.
1516 2489 1631 2516 Potidaea:

878 2532 999 2557 pugnasse
1010 2523 1112 2548 dicitur.
1126 2525 1161 2548 De
1169 2524 1335 2550 Demosthene
1346 2527 1432 2555 etiam,
1445 2533 1472 2551 ut
1484 2536 1534 2553 uon
1542 2529 1575 2554 ad
1588 2539 1631 2562 pu-

878 2572 953 2596 gnam
961 2561 1098 2587 admodum
1109 2568 1219 2595 strenuo,
1232 2562 1399 2588 testimonium
1410 2564 1536 2592 Plutarchi
1544 2568 1568 2592 in
1581 2569 1631 2601 ejus

879 2603 937 2626 Vita
950 2601 1038 2631 habes,
1051 2602 1076 2626 in
1090 2610 1171 2633 pugna
1185 2601 1278 2626 scilicet
1290 2601 1322 2626 ad
1335 2602 1511 2630 Clueronaeam.
