1890 2826
119 2218 230 2240 Levium.
238 2225 257 2240 1.

118 2401 179 2422 ΙΙιίιΙ.
191 2402 255 2424 1213.

114 2432 185 2454 -ιϋ,

283 151 351 186 588

279 234 326 252 sus
345 234 452 263 quoque
471 236 478 254 ε
495 235 557 254 nam
571 224 616 255 hic
636 226 752 266 ungulas
769 226 850 257 habet
867 237 898 257 ac
911 226 1023 263 dividit,

279 269 327 298 sed
339 280 391 299 non
404 270 530 300 ruminat.
544 271 587 300 De
602 271 760 302 volatilibus
772 283 836 303 vero
849 283 909 310 quae
922 273 965 302 edi
981 284 1026 302 ve-

278 323 327 353 tat,
343 317 400 347 haec
419 324 495 346 sunt:
508 318 608 356 aquila,
622 319 749 359 gryphes,
764 319 904 355 haliaetus,
916 320 1023 356 vultur,

278 363 392 399 milvus,
414 374 523 400 corvus,
540 364 622 394 ethis
639 365 749 402 similia,
771 366 898 406 accipiter
910 373 937 395 et
949 366 1024 395 simi-

279 409 316 438 lia
336 411 491 450 nycticorax
509 418 535 440 et
562 411 678 449 similia,
700 419 852 447 cataractes,
873 413 936 449 ibis,
958 423 1024 453 por-

279 457 389 497 phyrio,
397 458 546 497 pelicanus,
557 469 667 498 cycnus,
683 458 802 496 erodius,
817 459 986 495 charadrius,
999 467 1025 490 et

279 503 322 532 his
334 504 444 540 similia,
457 515 549 545 upupa
560 512 586 547 et
598 505 765 546 vespertilio.
782 506 913 546 [tepentia
926 506 1025 536 volati-

278 549 331 586 lia,
349 550 438 579 omnia
451 551 519 580 dicit
532 562 589 581 esse
604 551 742 582 immunda
751 575 760 589 ‚
777 563 836 591 quae
848 560 964 592 quatuor
977 564 1024 593 pe-

277 597 359 626 dibus
381 596 542 636 gradiuntur
561 609 673 638 quaeque
699 610 780 629 crura
800 594 915 640 pedibus
934 601 1024 630 subli-

278 641 363 670 miora
378 642 487 680 habent,
499 643 536 672 ita
551 644 619 673 utin
633 644 689 673 illis
702 655 718 674 a
729 650 799 674 terra
813 645 918 682 saliant,
933 645 1022 684 qualia
1039 649 1058 673 B

276 694 338 716 sunt
348 688 480 725 bruchus,
492 689 616 729 pittacus,
627 696 742 729 anagnis,
755 690 857 720 locusta
868 697 893 720 et
910 691 1022 728 similia,

275 739 302 762 et
321 733 428 764 lacerta.
444 736 512 772 Quae
525 746 591 765 vero
604 735 632 765 in
646 736 736 775 aquis,
751 737 809 766 sive
829 737 857 766 in
870 738 950 775 mari,
966 737 1023 768 sive

274 779 302 807 in
317 779 486 818 fluminibus,
501 792 532 811 ac
547 782 711 812 torrentibus
728 790 798 820 nata,
812 784 869 814 haec
886 784 953 815 dicit
966 796 1023 815 esse

274 826 386 861 munda,
400 826 449 856 illa
466 827 592 858 videlicet
605 839 664 867 quae
677 829 772 869 pinnas
786 837 812 859 et
824 841 948 869 squamas
969 831 1022 860 ba-

274 870 353 908 bent3
371 879 401 902 ut
414 880 476 903 sunt
488 874 580 914 trigla,
597 885 699 911 scaru5‚
713 875 836 914 glaucus,
852 883 979 914 cestreus,
997 883 1023 906 et

273 928 333 956 quoe
350 918 392 948 his
413 927 475 949 sunt
493 921 604 950 similia.
626 922 694 958 Quae
707 928 797 951 autem
818 922 909 961 aliquo
928 933 1021 953 eorum

273 972 374 1002 carent,
385 965 524 996 immunda
536 978 583 997 nec
595 967 711 999 edenda:
726 967 853 998 videlicet
864 969 948 1009 sepia,
962 980 1022 1009 quze

272 1010 368 1050 pinnas
382 1011 472 1050 habet,
484 1013 603 1052 squamis
614 1020 703 1043 autem
714 1021 796 1043 caret.
809 1015 854 1044 Ex
863 1015 920 1044 illis
931 1023 1021 1046 autem

272 1067 331 1095 quae
345 1068 426 1098 supra
446 1066 543 1088 terram
557 1067 664 1100 repunt,
679 1060 737 1090 haec
754 1060 894 1091 immunda
907 1072 964 1092 esse
974 1062 1020 1092 di-

272 1103 319 1139 cit,
343 1105 506 1142 mustellam,
521 1106 689 1136 crocodilum
702 1113 860 1143 terrestrem,
883 1109 1019 1149 mygalen,

271 1150 498 1189 chamaeleontem,
513 1153 673 1188 stellionem,
687 1163 794 1182 sauram
807 1161 833 1183 et
845 1154 956 1195 talpam.
979 1157 1021 1186 De

271 1203 391 1236 serpente
408 1205 508 1234 antem,
525 1205 550 1227 et
563 1209 623 1237 quae
641 1198 694 1239 ipsi
716 1206 779 1229 sunt
791 1200 901 1237 similia,
924 1213 1017 1242 super-

271 1242 359 1272 fluum
378 1250 446 1273 esset
465 1243 608 1273 admonere
625 1257 631 1273 :
647 1245 699 1274 hoc
713 1256 828 1284 namque
841 1247 1018 1277 animantium

271 1298 355 1327 genus
368 1289 452 1328 liquet
465 1290 590 1320 omnibus
604 1301 660 1320 esse
673 1291 885 1321 abominandum
898 1303 929 1322 ac
942 1293 1016 1322 ‹lete-

269 1334 406 1364 standnm.
431 1335 613 1376 Similiterque
635 1337 663 1366 in
687 1338 897 1368 Deuteronomio
920 1339 1017 1369 horum

270 1381 401 1410 meminit.
415 1383 483 1411 Item
496 1383 552 1421 agit
564 1382 598 1412 de
609 1383 758 1413 morticinis
771 1390 801 1413 ut
814 1385 970 1424 prohibitis,
983 1385 1018 1415 de

268 1427 398 1466 sangnine
416 1428 552 1466 similiter,
566 1428 600 1458 de
619 1429 780 1459 mulieribus
793 1431 972 1470 parientibus.
986 1432 1016 1462 Si

266 1473 327 1512 quis
347 1485 435 1504 semen
454 1476 583 1514 emiserit,
605 1476 761 1507 immundus
783 1477 836 1506 erit
854 1476 951 1507 diebus
971 1489 1015 1508 se·

266 1526 348 1559 ptem.
362 1522 403 1550 Dc
412 1521 614 1552 circumcisione
624 1523 702 1563 pueri
716 1530 810 1553 octavo
823 1523 868 1552 die
881 1524 1000 1554 facienda
1010 1548 1016 1553 .

265 1566 307 1595 De
326 1567 441 1597 muliere
459 1574 633 1605 menstruata,
648 1576 674 1599 et
693 1569 727 1599 de
739 1569 891 1599 differentia
912 1581 1017 1610 purga-

266 1612 347 1642 tionis
366 1623 459 1642 earum
476 1624 536 1652 quae
549 1614 593 1643 vel
607 1615 758 1644 masculum
770 1615 813 1646 vel
827 1615 953 1645 feminam
966 1627 1017 1657 pe—

266 1659 392 1698 pererint.
417 1661 475 1689 Lex
488 1659 523 1689 de
542 1659 616 1700 lepra
636 1668 662 1690 et
672 1661 707 1690 de
719 1662 778 1702 ejus
792 1662 962 1702 purgatione,
982 1662 1016 1692 de

623 164 652 187 S.
680 164 821 189 JOANNIS
847 163 1030 189 eflm'sosT.
1060 164 1215 188 ARCHIEP.
1244 166 1515 190 CONSTANTINOP.

1078 225 1164 261 ἀετὸν,
1171 226 1215 256 τὸν
1224 229 1322 267 γρῦπα,
1331 226 1375 257 τὸν
1381 227 1494 266 ἁλιέαῌ.
1504 228 1657 269 ἇλιαίετον],
1667 229 1712 259 τὸν
1719 233 1800 269 γῦπα,
1807 230 1852 260 τὸν

1077 271 1183 307 ἰκτῖνον,
1190 271 1235 301 τὸν
1246 272 1356 313 κόρακα,
1367 273 1412 302 καὶ
1420 273 1453 302 τὰ
1464 273 1542 312 ὅμοια
1548 274 1643 311 αὐτῶν,
1656 274 1701 304 καὶ
1709 275 1853 315 ἱέρακακαὶ

1076 315 1111 345 τὰ
1118 317 1197 356 ὅμοια
1207 319 1302 356 αὐτῶν,
1312 318 1358 348 καὶ
1369 318 1413 348 τὸν
1421 319 1606 359 νυκτικόρακα,
1616 320 1661 350 καὶ
1669 321 1852 362 καταράκτην,

1076 362 1121 391 καὶ
1130 358 1196 399 few,
1211 363 1256 392 καὶ
1270 364 1458 404 πορφυρίωνα,
1470 365 1517 394 καὶ
1527 366 1676 404 πελεκᾶνοτ,
1690 367 1735 396 καὶ
1749 367 1853 404 κύκνον,

1075 406 1121 436 καὶ
1132 408 1248 448 ἐρωδιὸν,
1263 410 1308 438 καὶ
1323 410 1476 450 χαράδριον,
1491 410 1536 440 καὶ
1548 411 1582 441 τὰ
1594 412 1673 451 ὅμοια
1687 414 1793 452 αὐτοῖς,
1807 414 1853 444 καὶ

1074 451 1161 482 ἔποπα
1173 454 1218 484 καὶ
1231 455 1378 496 νυκτερίδα.
1390 457 1452 485 Τῶν
1469 456 1496 486 δὲ
1508 459 1626 496 ἑρπετῶν
1639 460 1767 488 πετεινῶν
1781 460 1849 489 ‹ixd-

1075 500 1159 538 θαρτα
1173 499 1278 530 ἅπαντα
1304 497 1371 531 εἶναι
1392 502 1482 542 λέγει,
1504 503 1538 532 τὰ
1552 503 1717 544 πορευόμενα
1729 505 1774 534 ἐπὶ
1787 517 1849 535 τεσ-

1077 545 1174 584 σάρων,
1198 545 1292 586 ἔχοντα
1306 547 1333 576 δὲ
1347 547 1471 588 ἀνωτέρω
1483 551 1536 578 τῶν
1555 550 1644 579 ποδῶν
1661 551 1743 587 σκέλη
1753 573 1761 587 ,
1782 551 1851 581 ὥστε

1075 591 1102 619 ἐν
1117 592 1205 625 αὐτοῖς
1218 593 1305 632 πηδᾷν
1317 593 1371 622 ἀπὸ
1382 596 1430 630 τῆς
1443 596 1492 633 γῆς
1501 616 1510 630 ,
1529 591 1572 625 οἶά
1582 597 1653 625 ἐστιν
1665 598 1680 625 ὁ
1694 599 1824 638 βροῖῖχος,
1837 601 1851 627 ὁ

1076 636 1219 674 πίττακος,
1233 640 1247 667 ὁ
1258 639 1379 679 ἀτταγὸς,
1394 640 1440 669 καὶ
1453 643 1470 676 ἡ
1485 641 1577 681 ἀκρὶς,
1601 642 1647 671 καὶ
1660 642 1694 672 τὰ
1707 643 1787 682 ὅμοια
1801 646 1849 673 αὖ-

1076 686 1146 719 τοῖς,
1158 683 1203 712 καὶ
1217 686 1230 713 ὁ
1241 685 1376 725 ὄφιοῦχοςί
1391 686 1435 715 Τὰ
1449 685 1476 716 δὲ
1496 688 1524 716 ἐν
1547 691 1601 721 τοῖς
1614 687 1717 725 ὕδασιν,
1732 690 1759 719 ἔν
1773 701 1801 719 τε
1813 692 1848 728 τῇ

1074 729 1194 769 θαλάσσῃ
1211 730 1256 759 καὶ
1274 735 1329 764 τοῖς
1349 736 1478 771 ποταμοῖς
1490 732 1536 762 καὶ
1546 734 1702 774 χειμάρῤοις
1711 735 1850 775 γινόμενα,

1076 778 1161 805 ταῦτα
1171 777 1242 816 λέγει
1255 773 1322 808 εἶναι
1335 778 1455 818 καθαρὰ,
1467 778 1517 808 ὅσα
1530 779 1586 820 ἔχει
1600 780 1730 821 πτερύγια
1743 782 1788 812 καὶ
1803 784 1848 812 λε-

1076 822 1155 856 πίδας
1163 845 1172 859 ,
1187 819 1229 852 οἶά
1243 824 1300 853 ἐστι
1314 824 1423 864 τρίγλα,
1437 825 1534 865 σκάρος
1544 847 1551 861 ,
1563 827 1692 866 γλαῦκος,
1708 827 1848 869 κεστρεὺς,

1077 868 1122 898 καὶ
1134 869 1168 898 τὰ
1182 869 1260 909 ὅμοια
1270 870 1365 904 αὐτοῖς.
1378 870 1422 900 Τὰ
1435 870 1463 900 δὲ
1475 872 1620 911 λειπόμενα
1633 874 1660 902 ἐν
1674 874 1725 904 τινὶ
1739 875 1848 912 τούτων,

1077 915 1214 955 ἀκάθαρτα
1227 915 1272 945 καὶ
1285 918 1314 945 οὖ
1327 917 1445 957 βρωτέα,
1469 914 1522 948 οἷόν
1536 920 1593 948 ἐστι
1608 920 1704 955 σηπία·
1717 921 1849 962 πτερύγια

1077 959 1125 999 μὲν
1139 961 1190 1000 γὰρ
1205 961 1274 1001 ἔχει,
1288 962 1396 996 λεπίδας
1414 963 1442 993 δὲ
1460 963 1501 993 οὔ.
1518 965 1580 993 Τῶν
1603 964 1630 994 δὲ
1655 967 1774 1006 ἑρπετῶν
1795 969 1848 997 τῶν

1075 1005 1119 1035 ἐπὶ
1131 1008 1179 1042 τῆς
1189 1009 1238 1046 γῆς
1251 1002 1387 1047 &adtemptat
1399 1012 1484 1038 ταῦτα
1501 1009 1573 1050 λέγει
1587 1006 1668 1047 εἶναι,
1682 1011 1730 1048 τὴν
1743 1013 1828 1052 γαλῆν
1839 1036 1848 1050 ,

1071 1051 1116 1080 τὸν
1129 1054 1189 1090 μῦν,
1200 1052 1245 1082 τὸν
1260 1058 1383 1093 χερσαῖον
1397 1054 1573 1094 κροκόδειλον,
1595 1057 1643 1093 τὴν
1667 1059 1788 1097 μυγαλῆν
1802 1060 1848 1089 καὶ
1870 1076 1874 1079 -

1071 1097 1116 1126 τὸν
1131 1098 1323 1137 χαμαιλέοντα,
1337 1099 1381 1129 τὸν
1393 1100 1598 1139 ἀσκαλαὸώτην,
1617 1102 1665 1138 τὴν
1685 1106 1784 1144 σαῦραν
1802 1105 1848 1134 καὶ

1074 1144 1228 1174 ἀσπάλακα.
1245 1145 1313 1186 Περὶ
1324 1145 1376 1186 γὰρ
1387 1149 1432 1176 τοῦ
1442 1147 1524 1187 ὄφεως
1533 1147 1640 1177 καὶτῶν
1652 1149 1749 1188 ὁμοίων
1761 1152 1847 1180 αὐτῶν

1036 1197 1055 1220 c
1073 1189 1196 1229 περιττὸν
1209 1193 1240 1226 ἠν
1255 1192 1326 1231 αὐτῷ
1341 1195 1538 1231 μνημονεῦσαι·
1559 1194 1669 1234 φανερὸν
1688 1195 1736 1234 μὲν
1750 1195 1802 1237 γὰρ
1813 1193 1847 1233 ἧν

1073 1240 1141 1265 πᾶσι
1162 1238 1247 1265 ταῦτα
1263 1238 1395 1276 βδελυκτὰ
1407 1234 1474 1268 εἶναι
1493 1238 1538 1268 καὶ
1559 1241 1669 1279 μισητά.
1689 1241 1806 1281 Ὁμοίως
1818 1243 1847 1272 δὲ

1071 1281 1117 1310 καὶ
1135 1281 1196 1322 περὶ
1213 1283 1299 1312 αὐτῶν
1319 1284 1513 1323 ἐμνημόνευσεν
1534 1286 1560 1314 ἐν
1584 1288 1622 1326 τῷ
1635 1287 1844 1330 Δευτερονομίῳ.

1070 1326 1134 1356 Ἔτι
1155 1327 1183 1356 δὲ
1195 1328 1316 1368 περιέχει
1329 1330 1391 1370 περί
1404 1341 1434 1359 τε
1446 1332 1499 1360 τῶν
1514 1332 1677 1372 θνησιμαίων
1691 1334 1727 1367 ὡς
1741 1335 1845 1375 dvm-so-

1070 1374 1211 1413 ρευμένων,
1219 1375 1264 1404 καὶ
1272 1379 1317 1404 τοῦ
1331 1375 1442 1415 αἵματος
1453 1378 1562 1416 ὁμοίως,
1579 1379 1625 1408 καὶ
1638 1380 1699 1419 περὶ
1713 1383 1845 1420 γυναικῶν

1068 1422 1222 1450 τικτουσῶν.
1233 1421 1286 1450 Καὶ
1296 1423 1319 1451 εἰ
1331 1423 1471 1461 σπερτικὸς
1481 1424 1514 1462 [l.
1530 1425 1721 1465 σπερματικὸς]
1730 1422 1748 1466 ᾗ
1756 1448 1764 1462 ,
1779 1428 1845 1456 ἀκά-

1074 1468 1167 1506 θαρτος
1181 1466 1256 1496 ἔσται
1269 1467 1338 1496 ἑπτὰ
1344 1468 1454 1508 ἡμέρας.
1464 1469 1517 1499 Καὶ
1526 1469 1611 1510 [περὶ]
1620 1473 1668 1507 τῆς
1681 1472 1844 1513 ὀκτοημέρου

1067 1514 1214 1552 περιτομῆς
1233 1516 1278 1542 τοῦ
1300 1514 1422 1554 βρέφους.
1442 1515 1496 1544 Καὶ
1515 1517 1638 1557 περὶτῆς
1651 1518 1777 1558 ἀφέδρου,
1799 1520 1844 1549 καὶ

1068 1558 1129 1597 περὶ
1155 1559 1281 1599 διαφορᾶς
1294 1562 1439 1589 τικτουσῶν
1459 1561 1537 1601 ἄῤῥεν
1549 1561 1567 1597 ἢ
1579 1564 1645 1598 θῆλυ
1668 1566 1843 1604 καθαρισμοῦ.

1068 1603 1123 1632 Καὶ
1143 1603 1222 1643 νόμος
1245 1605 1307 1645 περὶ
1325 1606 1424 1646 λέπρας
1445 1607 1490 1636 καὶ
1509 1610 1673 1648 καθαρισμοῦ
1689 1610 1783 1648 αὐτῆς,
1798 1611 1844 1641 καὶ

1066 1648 1129 1689 περὶ
1149 1650 1294 1691 γονοῤῥέων
1314 1652 1356 1692 [f.
1382 1653 1555 1694 γονοῤῥυέων]
1568 1655 1613 1684 καὶ
1630 1657 1842 1696 σπερμογονείας.

267 1705 437 1742 seminifluis,
452 1713 479 1735 et
488 1705 525 1735 de
537 1707 690 1737 menstruis.
699 1708 741 1737 De
754 1707 913 1745 reverentia,
926 1709 960 1738 de
974 1719 1016 1738 ca·
1032 1701 1052 1724 D
1071 1694 1141 1735 Περί
1154 1707 1183 1724 τε
1198 1697 1351 1735 ‘magam’
1374 1698 1420 1728 καὶ
1439 1699 1501 1740 περὶ
1515 1701 1705 1740 ἀποπομπαίω
1719 1703 1764 1732 καὶ
1783 1704 1843 1744 περὶ

268 1761 317 1790 pro
337 1751 474 1781 emissario
485 1759 511 1782 et
524 1752 558 1782 de
569 1753 683 1794 jejunio.
703 1755 744 1783 De
758 1754 909 1784 cohibendo
924 1755 1017 1795 illegi-

265 1797 332 1826 timo
346 1797 419 1826 coitu
435 1810 443 1827 ε
457 1797 491 1827 de
511 1799 651 1828 connubiis
673 1799 801 1838 legitimis
812 1807 838 1830 et
856 1800 1015 1840 illegitimis,

265 1848 292 1870 et
305 1840 378 1879 quod
394 1852 448 1871 non
461 1841 556 1872 debeat
566 1842 689 1872 sacerdos
703 1843 814 1872 viduam
828 1851 875 1874 aut
887 1845 1016 1885 repudia-

266 1891 322 1914 tam
336 1885 446 1923 ducere,
462 1886 509 1916 sed
520 1887 665 1926 virginem.
682 1889 722 1917 De
735 1888 792 1917 filia
804 1889 950 1919 sacerdotis
964 1890 1018 1919 sor·

266 1930 382 1960 nicaute.
397 1932 478 1969 Quod
489 1932 613 1962 sacerdos
626 1933 779 1973 inculpatus
791 1945 847 1964 esse
858 1935 963 1965 debeat.
976 1937 1018 1966 De

266 1977 344 2006 donis
365 1978 472 2008 oblatis.
492 1980 533 2008 De
555 1979 684 2016 sabbatis,
706 1979 740 2009 de
756 1981 840 2018 sestis,
854 1988 880 2011 et
901 1982 935 2012 de
948 1983 1016 2013 sesto

266 2024 412 2063 paschatIs,
433 2024 468 2053 de
489 2026 657 2065 scenopegia,
681 2026 767 2065 deque
788 2027 854 2057 sesto
875 2028 1013 2067 tubarum,

267 2070 308 2098 De
325 2070 393 2104 oleo,
408 2069 442 2099 de
461 2070 574 2107 lumine,
594 2071 628 2100 de
642 2072 757 2112 panibus
778 2074 970 2113 propositionis
989 2083 1015 2105 et

266 2114 301 2144 de
313 2126 383 2144 anno
396 2116 567 2146 remissionis.
580 2118 711 2157 Deinceps
722 2118 756 2147 de
769 2119 854 2149 servis
867 2121 885 2150 J
888 2119 970 2150 udaeis
988 2128 1014 2151 et

267 2161 424 2200 gentilibus.
446 2163 487 2191 De
506 2162 691 2203 repudiatione
710 2163 845 2194 idolorum
864 2165 904 2195 sic
923 2166 1013 2205 loqui-

267 2214 312 2237 tur
328 2220 335 2236 :
348 2208 414 2248 Ego
427 2210 505 2238 enim
517 2219 580 2238 sum
594 2210 677 2239 Deus
688 2217 804 2248 vester,-
818 2222 878 2240 non
887 2214 1013 2253 facietis

266 2255 352 2283 vobis
366 2255 434 2294 ipsis
446 2255 617 2292 simulacra,
628 2266 682 2285 nec
691 2262 821 2285 statuam
835 2259 949 2297 erigetis
961 2270 1013 2289 vo-

1071 1742 1208 1777 νηστείας·
1224 1743 1270 1773 καὶ
1290 1744 1351 1784 περὶ
1372 1747 1418 1774 τοῦ
1439 1745 1476 1784 μὴ
1503 1746 1555 1776 δεῖν
1570 1747 1698 1782 ἀτάκτους
1711 1753 1843 1780 ποιεῖσθαι

1070 1787 1207 1827 συζυγίας,
1218 1788 1263 1818 καὶ
1275 1790 1336 1830 περὶ
1347 1790 1440 1830 γάμων
1455 1791 1574 1831 νομίμων
1587 1793 1633 1823 καὶ
1651 1794 1783 1834 ἀθέσμων,
1796 1797 1842 1827 καὶ

1067 1834 1108 1862 ὅτι
1116 1835 1146 1863 οὔ
1157 1834 1210 1875 χρὴ
1219 1835 1304 1876 χήραν
1315 1836 1332 1872 ἢ
1343 1837 1541 1877 ἐκὸεὸλημένην
1552 1839 1596 1869 τὸν
1606 1839 1676 1880 ἱερέα
1685 1841 1840 1880 λαμὸάνειν,

1068 1879 1136 1909 ἀλλὰ
1157 1880 1284 1921 παρθένον
1302 1883 1347 1912 καὶ
1371 1884 1402 1912 ἐκ
1425 1884 1531 1913 πάντων
1546 1886 1683 1922 ἀκολήτων
1694 1887 1841 1928 (sic;sort.

1067 1926 1250 1966 ἀκηλίδωτον).
1259 1927 1312 1957 Καὶ
1322 1929 1383 1968 περὶ
1393 1930 1600 1970 ἐκπορνευούσης
1609 1933 1734 1973 θυγατρὸς
1741 1934 1839 1973 ἱερέως.

1067 1973 1120 2002 Καὶ
1135 1973 1196 2014 περὶ
1207 1976 1254 2003 τοῦ
1270 1975 1382 2013 ἄμωμον
1396 1971 1463 2006 εἶναι
1484 1976 1528 2006 τὸν
1549 1978 1628 2018 ἱερέα.
1643 1979 1697 2008 Καὶ
1710 1980 1772 2020 περὶ
1786 1983 1839 2010 τῶν

1065 2019 1286 2060 προσφερομένων
1301 2021 1403 2062 δώρων.
1416 2023 1484 2063 Περί
1497 2035 1526 2053 τε
1538 2024 1690 2061 «afflatum,
1713 2026 1759 2055 καὶ
1780 2029 1839 2067 ἑορ-

1065 2068 1127 2103 τῶν,
1145 2066 1190 2095 καὶ
1204 2069 1251 2102 τῆς
1268 2069 1360 2107 ἑορτῆς
1373 2071 1420 2098 τοῦ
1433 2069 1527 2110 πάσχα
1536 2093 1544 2108 ,
1569 2071 1614 2100 καὶ
1632 2074 1684 2101 τῶν
1703 2084 1839 2109 σκηνοπη-

1064 2114 1130 2152 γιῶν
1146 2112 1192 2141 καὶ
1205 2114 1259 2142 τῶν
1272 2113 1434 2153 σαλπίγγων.
1456 2116 1509 2145 Καὶ
1525 2116 1586 2156 περὶ
1600 2119 1646 2146 τοῦ
1663 2117 1751 2147 ε’λαίου
1761 2141 1770 2156 ,
1791 2121 1837 2148 τοῦ

1063 2157 1164 2199 φωτὸς,
1178 2158 1224 2188 καὶ
1236 2160 1288 2188 τῶν
1303 2159 1390 2199 ἄρτων
1404 2163 1452 2196 τῆς
1469 2162 1616 2202 προθέσεως
1625 2187 1632 2200 ,
1646 2163 1692 2193 καὶ
1706 2164 1768 2204 περὶ
1787 2168 1835 2194 τοῦ

1064 2204 1183 2233 ἐνιαυτοῦ
1202 2207 1249 2240 τῆς
1268 2205 1395 2245 ἀφέσεως.
1412 2203 1481 2236 Εἶτα
1499 2208 1560 2248 περὶ
1579 2209 1678 2239 δούλων
1703 2210 1836 2240 Ἰουδαίων

1064 2250 1109 2279 καὶ
1122 2252 1240 2280 ἐθνικῶν.
1263 2252 1316 2281 Καὶ
1329 2252 1391 2292 περὶ
1405 2254 1608 2294 ἀπηγορεύσεως
1630 2256 1745 2286 εἰδώλων
1768 2257 1837 2286 οὕτω

268 2301 322 2337 bis,
338 2310 431 2340 neque
444 2300 572 2340 lapidem
582 2303 613 2330 in
629 2311 746 2341 scopum
758 2305 871 2342 ponetis
891 2306 922 2332 in
935 2310 1013 2335 terra
1029 2308 1047 2332 E
1064 2296 1250 2336 διαλαμὸάνων
1262 2309 1268 2316 ’
1284 2297 1357 2337 Ἐγὼ
1370 2299 1422 2339 γὰρ
1442 2302 1456 2328 ὁ
1474 2301 1542 2334 Θεὸς
1561 2304 1651 2340 ὑμῶν·
1670 2304 1698 2332 ⁰²⁷³
1712 2303 1837 2338 ποιήσετε

267 2353 299 2375 ut
311 2347 439 2376 adoretis
456 2347 553 2376 illum.
569 2346 612 2376 Ad
629 2347 687 2376 baec
705 2348 792 2378 minas
809 2349 886 2378 effert
902 2350 929 2379 in
944 2362 1012 2391 prae-

266 2393 426 2424 varicatores
438 2393 482 2423 his
493 2393 583 2423 verbis
597 2406 603 2423 ι
618 2395 684 2434 Ego
701 2397 845 2425 Dominus
861 2397 940 2426 Deus
959 2409 1011 2427 ve—

265 2446 333 2476 ster,
346 2442 397 2479 qui
415 2440 504 2468 eduxi
518 2449 572 2469 vos
582 2440 619 2469 de
630 2446 709 2470 terra
722 2441 845 2481 AEgrpti
857 2452 922 2471 cum
936 2453 1010 2472 esse-

265 2488 302 2515 tis
320 2487 407 2522 servi,
425 2493 454 2515 et
467 2488 591 2517 contrivi
603 2487 757 2516 vinculum
774 2489 840 2528 jugi
857 2490 961 2526 vestri,
975 2500 1012 2518 ac

265 2533 338 2561 duxi
350 2543 405 2562 vos
417 2543 483 2562 cum
491 2533 613 2572 fiducia.
628 2533 659 2562 Si
671 2539 768 2563 autem
783 2544 843 2564 non
859 2535 1011 2565 audieritis

265 2589 321 2615 me,
348 2590 441 2619 neque
456 2579 592 2620 feceritis
613 2587 759 2620 proecepta
782 2591 847 2611 mea
871 2582 943 2618 Izaec,
961 2583 1011 2611 sed

1063 2345 1126 2382 ὑμῖν
1147 2344 1235 2377 αὐτοῖς
1254 2345 1428 2384 χειροποίητα
1441 2369 1448 2383 ,
1473 2346 1532 2376 οῦδὲ
1555 2348 1676 2386 γλυπτὰ,
1691 2350 1719 2378 οὐ
1735 2348 1836 2384 στήλην

1064 2389 1227 2429 ἀναστήσετε
1239 2392 1311 2430 ὑμῖν,
1328 2390 1386 2420 οὐδὲ
1400 2392 1472 2422 λίθον
1486 2393 1584 2423 σκοπὸν
1596 2394 1690 2429 θήσετε
1705 2396 1731 2424 ἐν
1749 2398 1782 2435 τῇ
1802 2398 1836 2435 γῇ

1064 2437 1137 2474 ὑμῶν
1151 2438 1332 2476 προσκυνῆσαι
1352 2439 1434 2479 αὐτῷ.
1449 2439 1522 2479 Πρὸς
1534 2438 1636 2473 τούτοις
1650 2440 1761 2474 ἀπειλὰς
1783 2442 1835 2470 τῶν

1063 2481 1280 2521 παραὸαινόντων
1294 2481 1376 2517 οὕτως
1387 2495 1393 2502 ·
1412 2484 1485 2524 Ἐγὼ
1498 2484 1595 2525 Κύριος
1607 2487 1622 2514 ὃ
1636 2487 1704 2520 Θεὸς
1717 2488 1791 2526 ὑμῶν
1799 2508 1808 2523 ,
1818 2488 1836 2515 ὁ

1064 2531 1198 2570 ἐξαγαγὼν
1213 2533 1244 2561 ἐκ
1257 2534 1306 2572 γῆς
1319 2534 1455 2573 Αἰγύπτου
1475 2537 1561 2574 ὑμᾶς,
1583 2536 1664 2565 ὄντων
1683 2539 1758 2576 ὑμῶν
1770 2537 1834 2566 δού-

1064 2583 1126 2620 λων,
1139 2582 1184 2611 καὶ
1199 2583 1340 2624 συνέτριψα
1360 2586 1405 2615 τὸν
1426 2586 1521 2625 δεσμὸν
1536 2590 1581 2616 τοῦ
1600 2589 1678 2627 ζυγοῦ
1692 2590 1775 2627 ὑμῶν,
1791 2588 1835 2617 καὶ
