1890 2826
698 184 731 207 IN
758 182 892 214 ISMAM,
921 181 997 204 cAP.
1026 181 1085 204 vu.

110 247 142 288 ἦν
155 251 190 281 τὰ
199 250 335 290 γενόμενα,
347 247 392 278 καὶ
404 246 609 289 φανταζομένου,
622 245 668 276 καὶ
679 244 781 281 πολλὴν
802 244 874 284 ἔχοψ

1623 168 1670 216 95

929 249 1014 279 crant,
1029 241 1196 281 multamque
1204 241 1232 270 in
1243 252 1271 271 se
1284 240 1406 271 habentis
1415 251 1509 271 corum
1523 252 1582 281 quae
1594 241 1672 271 dice-

109 308 153 330 τος
167 296 233 336 ὑπὲρ
245 297 298 325 τῶν
312 294 456 335 εἰρημένων
469 291 658 332 πληροφορίαν.
670 293 733 321 Τῶν
745 291 796 332 γὰρ
812 293 877 330 ἡμε-
891 298 911 321 Ε
929 288 1028 317 bantur
1045 287 1217 317 evidentiam.
1229 288 1298 317 Nam
1317 287 1360 316 illi
1377 287 1449 316 oculi
1470 287 1569 318 clarius
1591 299 1672 327 quam

109 342 192 382 τέρων
208 342 350 383 ὀφθαλμῶν
363 341 457 373 ἐκεῖνοι
471 338 630 379 σαφέστερον
645 337 679 367 τὰ
696 337 733 377 μὴ
757 337 878 378 ὁρώμενα

109 388 230 418 ἔὸλεπον.
243 387 301 423 Τὴν
313 386 361 426 μὲν
371 385 423 426 γὰρ
434 384 555 420 αἴσθησιν
567 383 635 417 εἰκὸς
645 383 690 413 καὶ
701 385 878 420 ἀπατηθῆναι·

109 437 126 470 ἡ
141 433 169 463 δὲ
182 436 228 463 τοῦ
242 432 398 472 Πνεύματος
421 430 499 472 χάρις
519 429 716 466 ἀνεξαπάτητον
737 428 880 469 παρείχετο

109 479 159 516 τὴν
173 479 314 522 ἀπόφασιν.

151 525 204 555 Καὶ
211 525 280 558 τίνος
293 524 378 554 ἕνεκεν
389 523 419 553 οὗ
430 521 578 563 προσέθηκε
586 544 594 558 ,
605 521 694 562 φησὶν,
705 521 745 551 ὅτι
756 522 786 550 ἐκ
796 520 881 550 Πνεῦ-

113 583 195 610 ματος
208 570 282 610 ἁγίου
294 572 308 599 ὁ
317 569 392 603 τόκος
404 568 494 604 letan
507 567 663 609 Προφητεία
675 563 708 603 ἦν
728 566 759 596 τὸ
769 566 882 606 λεγόμε-

113 629 165 653 νον,
176 617 222 646 καὶ
235 614 461 654 συνεσκιασμένως
471 615 631 654 ἀπαγγεῖλαι
644 613 714 650 ἔδει,
726 613 741 642 ὃ
753 612 882 646 πολλάκις

114 658 198 698 εἶπον,
212 662 256 692 διὰ
276 662 324 698 τὴν
337 663 390 691 τῶν
404 660 550 691 ἀκουόντων
569 659 768 699 ἀγνωμοσύνην,
785 659 829 688 ἵνα
844 657 881 697 μὴ

113 711 203 749 σαφῶς
215 708 301 741 πάντα
314 707 502 747 μανθάνοντες,
516 706 561 736 καὶ
574 705 609 735 τὰ
629 705 721 745 βιὸλία
733 705 821 735 πάντα
834 716 882 734 κα-

112 754 288 784 τακαύσωσιν.
306 755 340 783 Εἰ
359 753 410 793 γὰρ
424 755 476 782 τῶν
496 753 639 792 προφητῶν
658 753 706 781 οὐκ
729 750 881 791 ἐφείσαντο,

113 802 204 841 πολλῷ
223 801 323 840 μᾶλλον
341 802 394 829 τῶν
416 798 582 839 γραμμάτων
600 799 648 827 οὒκ
671 797 702 827 ἂν
723 797 882 837 ἀπέσχοντο.

115 846 167 877 Καὶ
180 846 221 876 ὅτι
233 848 263 876 οὗ
276 844 427 885 στοχασμὸς
439 844 470 874 τὸ
487 844 634 884 εἰρημένον,
648 843 735 884 ἕτερός
748 855 788 876 τις
802 845 882 883 βασι-

113 893 173 927 λεὺς
186 893 231 922 ἐπὶ
244 895 290 922 τοῦ
301 891 416 931 Ἱερεμία
430 890 498 920 αὐτὰ
519 890 553 919 τὰ
574 890 664 930 βιὸλία
687 889 776 919 λαὸὼν
803 890 882 919 χατέ-

113 951 177 978 τεμε
186 961 194 974 ,
205 938 250 968 καὶ
263 937 326 978 πυρὶ
339 936 488 977 παρεδίδου.
499 931 574 969 Εἶδες
584 935 679 975 μανίαν
691 935 821 976 ἀφόρητον
827 948 835 972 ;
848 931 884 965 εῖ-

114 986 156 1019 δες
168 983 248 1025 ὀργὴν
269 983 407 1023 ἀλόγιστον
416 995 424 1020 ;
433 984 492 1012 Οὔκ
506 982 617 1022 ἤρκεσεν
632 983 703 1022 αὐτῷ
715 982 745 1011 τὸ
759 982 885 1022 ἀφανίσαι

113 1030 147 1060 τὰ
159 1030 306 1070 γράμματα
315 1052 323 1065 ,
336 1028 405 1058 ἀλλὰ
420 1028 466 1058 καὶ
482 1028 610 1068 ἐνέπρησε
619 1049 627 1063 ,
641 1027 671 1056 τὸ
684 1027 822 1064 ἀλόγιστον
834 1028 883 1056 αὒ-

113 1079 159 1106 τοῧ
173 1076 254 1109 πάθος
264 1076 406 1115 πληρῶσαι
420 1073 585 1113 βουλόμενος.
596 1072 666 1102 Ἀλλ’
678 1073 748 1111 ὅμως
762 1073 807 1102 καὶ
819 1075 884 1102 ἀσα-

115 1125 168 1162 φῶς
181 1121 261 1151 εἰπὼν
276 1124 290 1151 ὁ
303 1119 447 1159 θαυμάσιος
461 1115 536 1152 οὗτος
549 1118 702 1158 προφήτης,
717 1118 747 1147 τὸ
766 1123 819 1147 πᾶν
830 1120 885 1147 ἐνε-

115 1168 224 1202 δείξατο.
236 1166 370 1207 Παρθένος
381 1166 447 1205 γὰρ,
460 1164 509 1199 ἕως
523 1165 554 1194 ἂν
569 1164 634 1204 μένῃ
653 1163 794 1204 παρθένος,
806 1164 885 1194 πόθεν

115 1215 223 1245 ἄλλοθεν
243 1213 380 1249 κυήσειεν,
404 1213 427 1241 εἰ
442 1211 479 1251 μὴ
501 1211 554 1240 ἀπὸ
566 1211 724 1249 Πνεύματος
742 1210 830 1250 ἇγίου;
845 1210 886 1240 Τὸ

114 1260 166 1300 γὰρ
180 1260 258 1299 μόνον
269 1260 348 1288 λῦσαι
357 1257 458 1298 φύσεως
470 1257 573 1290 οὐδενὸς
582 1257 671 1297 ἑτέρου
685 1252 728 1292 ἦν,
740 1257 798 1285 ἀλλ’
809 1256 827 1292 ἢ
839 1258 884 1285 τοῦ

115 1307 274 1346 δημιουργοῦ
295 1307 344 1341 τῆς
356 1303 468 1344 φύσεως.
484 1303 568 1333 Ὥστε
588 1302 679 1337 εἰπὼν,
694 1302 734 1332 ὅτι
751 1302 854 1336 τέξεται
867 1306 883 1339 ἡ

115 1351 251 1391 παρθένος,
264 1350 296 1380 τὸ
307 1355 362 1380 πᾶν
377 1348 510 1389 ἐνέφηνεν.
523 1347 615 1378 Εἰπὼν
629 1347 715 1378 τοίνυν
731 1348 776 1377 τὸν
790 1348 866 1377 τόκον
876 1372 884 1386 ,

115 1398 186 1437 λέγει
206 1396 251 1427 καὶ
273 1396 304 1426 τὸ
325 1396 408 1435 ὄνομα
426 1398 471 1425 τοῦ
494 1393 665 1433 τικτομένου,
683 1395 713 1424 οὗ
733 1394 764 1424 τὸ
777 1394 884 1432 ’τεθὲν,

116 1443 184 1474 ἀλλὰ
197 1442 228 1472 τὸ
239 1442 292 1472 ἀπὸ
303 1443 356 1471 τῶν
367 1441 540 1482 πραγμάτων.
555 1440 659 1480 Ὥσπερ
668 1439 720 1481 γὰρ
730 1439 779 1476 τὴν
791 1440 886 1480 Ἰερου-

116 1489 208 1530 σαλὴμ
220 1489 296 1519 καλεῖ
316 1487 393 1517 πόλιν
414 1486 596 1523 δικαιοσύνης,
616 1486 703 1516 καίτοι
723 1499 754 1526 γε
768 1487 885 1526 οὐδαμοῦ

116 1535 282 1572 δικαιοσύνης
303 1533 401 1570 ἐκλήθη
422 1534 512 1569 πόλις,
533 1532 602 1562 ἀλλὰ
623 1533 676 1562 ἀπὸ
688 1535 741 1562 τῶν
762 1533 887 1573 πραγμά-

116 1594 168 1611 των
181 1580 280 1617 ταύτην
294 1575 350 1620 εἶχε
364 1579 415 1615 τὴν
427 1578 617 1619 προσηγορίαν,
633 1578 676 1608 διὰ
689 1578 720 1608 τὸ
730 1578 832 1614 πολλὴν
845 1591 887 1618 γε·

117 1628 206 1658 νέσθαι
219 1626 268 1663 τὴν
283 1626 328 1655 ἐπὶ
339 1626 370 1655 τὸ
385 1625 487 1665 βέλτιον
502 1626 583 1660 αὐτῆς
600 1623 763 1663 μεταὸολὴν,
777 1625 822 1654 καὶ
838 1625 887 1660 τὴν

117 1677 164 1703 τοῦ
177 1672 278 1702 δικαίου
294 1670 456 1711 προστασίαν
471 1669 527 1707 (καὶ
540 1669 592 1709 γὰρ
605 1669 668 1699 ὅταν
687 1669 787 1709 πόρνην
801 1671 886 1709 καλῇ,

119 1720 170 1759 οὐχ
184 1718 220 1751 ὥς
230 1719 278 1753 τῆς
291 1718 393 1749 πόλεως
405 1715 474 1745 οὕτω
495 1714 560 1744 ποτὲ
580 1714 721 1749 κληθείσης
730 1736 738 1750 ,
753 1714 822 1743 ἀλλὰ
836 1715 888 1744 ἀπὸ

119 1767 167 1800 τῆς
188 1763 282 1796 κακίας
304 1762 334 1792 τὸ
356 1762 439 1801 ὄνομα
459 1760 563 1797 τίθησιν
572 1771 579 1778 ·
604 1759 674 1788 οὕτω
696 1759 727 1794 δὴ
751 1759 797 1788 καὶ
821 1759 889 1798 μετὰ

119 1814 204 1840 ταῦτα
222 1809 275 1839 ἀπὸ
289 1811 336 1845 τῆς
353 1809 468 1848 ἀρετῆς)·
489 1806 519 1835 τὸ
539 1805 604 1835 αὐτὸ
625 1804 710 1834 τοίνυν
727 1804 772 1834 καὶ
786 1805 830 1834 ἐπὶ
842 1809 888 1835 τοῦ

121 1857 236 1897 Χριστοῦ
257 1854 363 1884 λεκτέον
373 1876 380 1890 ,
399 1846 440 1883 ὅτι
454 1852 483 1882 τὸ
497 1851 550 1881 ἀπὸ
568 1853 621 1880 τῶν
637 1850 802 1891 πραγμάτων
817 1852 889 1891 αὐτῷ

120 1903 204 1941 ὄνομα
222 1901 331 1930 τέθεικε.
347 1899 416 1929 Τότε
430 1898 481 1938 γὰρ
497 1897 614 1936 μάλιστα
637 1899 693 1936 μεθ’
708 1899 784 1936 ἡμῶν
795 1899 809 1926 ὁ
821 1897 890 1930 Θεὸς

121 1948 234 1988 γέγονεν,
247 1946 292 1976 ἐπὶ
303 1948 351 1982 τῆς
364 1948 413 1985 γῆς
433 1943 529 1984 ὀφθεὶς,
543 1943 589 1972 καὶ
602 1947 656 1976 τοῖς
671 1942 818 1982 ἀνθρώποις
829 1955 890 1972 συν-

122 1992 360 2034 αναστρεφόμενος,
372 1991 418 2020 καὶ
428 1990 477 2026 τὴν
491 1988 593 2025 πολλὴν
606 1988 816 2028 ἐπιδεικνύμενος
829 1989 890 2028 περὶ

121 2043 194 2079 ἡμᾶς
205 2038 374 2078 κηδεμονίαν.
394 2035 494 2066 Οὐκέτι
507 2034 559 2075 γὰρ
571 2034 681 2074 ἄγγελος
690 2057 698 2071 ,
714 2035 772 2064 οὐδὲ
790 2035 891 2075 ἀρχάγ-

122 2087 197 2125 γελος
211 2086 267 2124 μεθ’
279 2085 366 2123 ἡμῶν,
377 2083 435 2112 ἀλλ’
447 2081 523 2115 αὐτὸς
535 2079 654 2113 καταὸἂς
667 2081 681 2109 ὁ
693 2079 830 2116 Δεσπότης
842 2081 890 2116 τὴν

123 2136 211 2161 πᾶσαν
231 2130 368 2164 ἀνεδέξατο
390 2128 541 2168 διόρθωσιν,
561 2126 670 2167 πόρναις
692 2126 890 2165 διαλεγόμενος,

124 2176 246 2210 τελώναις
275 2173 506 2213 συνανακείμενος,
530 2172 543 2189 b
553 2174 590 2206 εἷς
616 2172 780 2212 ἁμαρτωλῶν
808 2172 890 2206 οἰκίας

125 2219 222 2256 εἰσιὼν,
233 2222 342 2261 λῃσταῖς
356 2219 505 2260 παῤῥησίαν
521 2217 620 2255 διδοὺς,
635 2217 734 2257 μάγους
749 2218 893 2257 ἐφελκόμε-

123 2278 177 2303 νος,
192 2265 278 2296 πάντα
290 2265 398 2307 περιιὼν
412 2265 458 2295 καὶ
475 2264 672 2304 διορθούμενος,
686 2263 731 2292 καὶ
746 2263 827 2299 αὐτὴν
841 2263 890 2300 τὴν

125 2311 200 2352 φύσιν
210 2313 274 2341 ἑνῶν
285 2311 349 2352 πρὸς
357 2310 458 2352 ἑαυτόν.
471 2311 564 2340 Ταῦτα
575 2306 619 2339 οὖν
629 2309 716 2338 πάντα
728 2311 741 2338 ὁ
752 2309 890 2349 προφήτης

158 2398 169 2410 ·
186 2390 228 2416 sic
248 2395 314 2415 recte
332 2389 408 2415 Savil.
422 2394 494 2417 uod-1.
513 2388 600 2414 Morcl,
622 2396 681 2413 vero
694 2392 782 2422 τεχθέν,
795 2397 884 2422 perpe-

125 2439 189 2456 ram.
201 2430 278 2455 Paulo
290 2435 347 2462 post
359 2431 384 2454 in
395 2429 449 2454 haec
461 2428 547 2459 verba,
562 2430 698 2457 δικαιοσύνης
712 2431 795 2458 ἐκλήθη
807 2432 883 2462 πόλις,

126 2469 178 2495 laec
190 2474 262 2494 notat
280 2467 387 2494 §avilius
399 2480 404 2495 :
422 2478 434 2491 α
442 2466 542 2493 Ibidem
559 2471 664 2499 (nempe
676 2467 702 2490 in
714 2466 865 2502 florilegio)
875 2488 881 2499 ‚

127 2511 247 2538 ὂικαεοσύνη
260 2511 342 2537 laico-0
350 2512 363 2538 ἡ
373 2510 443 2538 πόλῳ,
456 2515 532 2540 qnam
544 2505 676 2531 lectionem
689 2505 794 2538 praefero
802 2516 807 2531 z
815 2507 884 2540 quod

128 2549 192 2573 enim
204 2547 287 2573 editur
304 2546 413 2572 destruit
425 2546 488 2571 illud
497 2567 503 2577 ,
518 2544 584 2578 quod
597 2544 678 2569 uerbis
689 2545 802 2577 proxime
818 2555 882 2579 prze-

128 2585 271 2612 rudentibus
283 2587 411 2611 asvruitnr.
423 2597 434 2608 ι»
448 2586 521 2610 Certe
535 2593 584 2608 non
599 2590 666 2608 recte
679 2583 753 2616 capio
766 2584 827 2618 quid
837 2586 885 2611 sibi

930 334 1013 363 nostri
1031 333 1079 363 illa
1099 334 1150 362 sub
1158 340 1295 374 aspectum
1318 343 1372 362 non
1398 332 1519 363 cadentia
1532 334 1670 365 videbant.

929 381 1029 410 Sensus
1053 379 1124 409 enim
1146 379 1234 419 decipi
1253 379 1483 420 potest3Spiritus
1505 391 1569 410 vero
1588 382 1673 420 grafia

929 425 1001 455 nulli
1011 425 1123 455 fallaciae
1134 425 1279 454 obnoxiam
1288 424 1443 456 sententiam
1454 426 1601 465 praebebat.

969 520 997 550 6.
1019 520 1054 549 Et
1067 530 1116 548 cur
1129 528 1183 547 non
1198 518 1307 559 adjecit,
1322 517 1438 557 inquies,
1448 525 1556 558 partum
1569 520 1628 549 fore
1639 531 1674 550 cx

931 566 1037 606 Spiritu
1047 566 1158 595 sancto?
1173 565 1315 605 Prophetia
1328 572 1385 594 erat
1401 565 1430 594 id
1443 565 1517 604 quod
1526 566 1674 604 dicebatur,

896 640 920 658 3²
930 619 956 641 et
976 612 1027 641 sub
1047 612 1141 641 umbra
1155 611 1308 640 annuntiari
1325 610 1450 648 debebat,
1473 618 1503 641 ut
1522 622 1591 652 saepe
1602 612 1674 650 dixi,

898 669 915 691 Λ
930 659 965 688 ob
979 659 1114 699 ingratum
1135 657 1303 687 audientium
1314 657 1444 694 animum,
1458 668 1492 687 ne
1503 660 1591 688 omnia
1604 660 1676 689 clarc

931 704 1073 742 discentes,
1089 704 1174 734 libros
1187 714 1279 733 omnes
1297 703 1495 734 comburerent.
1511 705 1542 735 Si
1560 716 1675 745 namque

931 751 1069 792 prophetis
1081 761 1133 779 non
1143 756 1331 790 pepercerunt,
1340 749 1426 778 multo
1438 750 1528 780 minus
1541 763 1556 780 a
1568 752 1676 792 scriptis

931 797 1131 827 abstinuissent.
1148 796 1230 834 Quod
1243 803 1332 826 autem
1352 795 1382 825 id
1395 807 1447 825 non
1469 808 1503 826 ex
1525 800 1675 838 conjectura

930 844 1034 874 dictum
1056 844 1101 881 sit,
1116 843 1186 872 alius
1207 842 1318 882 quidam
1340 853 1388 872 rex
1408 843 1460 872 sub
1473 844 1600 881 Jeremia,
1613 856 1674 875 cum
1685 853 1826 882 Jer-.516.23.

931 891 1003 931 ipsos
1020 891 1105 920 libros
1128 890 1283 929 accepisset,
1297 889 1417 924 discidit,
1428 896 1454 918 et
1476 890 1533 930 igni
1552 891 1673 922 tradidit.

932 936 1034 968 Viden'
1042 937 1180 965 infamiam
1187 935 1398 964 intolerabilem?
1404 935 1496 964 viden’
1502 936 1569 966 iram
1576 938 1678 968 ratione

933 982 1067 1011 vacuam?
1079 983 1139 1011 Non
1161 981 1224 1019 satis
1245 980 1298 1020 ipsi
1317 980 1370 1009 fuit
1389 981 1488 1021 scripta
1509 982 1676 1022 obliterasse,

934 1028 1012 1057 etIam
1033 1027 1190 1062 combussit,
1211 1033 1240 1055 ut
1262 1026 1372 1055 rationis
1399 1034 1536 1067 expertem
1553 1030 1678 1059 affectum

935 1073 1068 1113 impleret.
1084 1074 1206 1101 Attamen
1220 1072 1269 1101 etsi
1281 1071 1415 1101 mirabilis
1429 1073 1473 1102 hic
1486 1075 1616 1114 propheta
1630 1075 1680 1104 ob-

936 1129 1014 1148 scure
1030 1118 1160 1157 loquutus
1171 1117 1216 1154 sit,
1232 1124 1319 1146 totum
1338 1124 1425 1147 tamen
1443 1119 1576 1149 exhibuit.
1592 1121 1680 1160 Virgo

935 1164 1152 1203 namque‚donec
1172 1170 1260 1192 manet
1273 1162 1361 1202 virgo,
1377 1163 1450 1193 unde
1468 1175 1562 1204 parere
1583 1167 1678 1206 possit,

936 1211 988 1240 nisi
1001 1221 1036 1240 ex
1049 1210 1155 1250 Spiritu
1168 1209 1278 1238 sancto?
1291 1209 1403 1239 Solvere
1415 1210 1487 1239 enim
1500 1211 1588 1251 legem
1599 1220 1680 1242 natu-

936 1267 971 1286 rae
982 1266 1036 1285 non
1049 1256 1160 1285 alterius
1174 1262 1328 1294 erat,quam
1338 1255 1397 1295 ejus
1410 1257 1458 1295 qui
1472 1257 1593 1287 condidit
1605 1265 1682 1288 natu-

937 1314 1005 1333 ram.
1018 1302 1112 1341 Itaque
1123 1313 1186 1332 cum
1197 1301 1279 1339 dixit,
1289 1301 1378 1341 Virgo
1392 1303 1488 1342 pariet,
1499 1310 1586 1333 totum
1596 1304 1683 1334 decla-

936 1349 1016 1379 ravit.
1026 1348 1141 1378 Proinde
1152 1348 1224 1378 dicto
1239 1355 1328 1388 partu,
1337 1348 1404 1378 dicit
1417 1356 1442 1379 et
1453 1360 1549 1379 nomen
1563 1350 1621 1391 ejus
1634 1352 1682 1390 qui

935 1401 1014 1424 natus
1036 1401 1087 1432 est,
1103 1404 1156 1423 non
1171 1394 1201 1423 id
1213 1393 1287 1433 quod
1298 1394 1324 1423 ei
1342 1394 1499 1435 impositum
1521 1404 1569 1434 est,
1583 1397 1631 1427 scd
1653 1397 1684 1428 id

935 1441 1008 1480 quod
1021 1451 1057 1470 ex
1073 1440 1155 1470 rebus
1168 1440 1234 1480 ipsis
1252 1440 1294 1469 illi
1312 1441 1488 1480 competebat.
1499 1443 1683 1481 Quemadmo-
1698 1455 1755 1476 lsai.
1766 1460 1784 1475 ι,
1794 1454 1833 1477 26.

937 1486 1004 1516 dum
1016 1487 1088 1516 euim
1098 1486 1248 1516 Jerusalem
1257 1493 1335 1516 vocat
1348 1487 1483 1517 civitatem
1493 1488 1614 1527 justitiae,
1621 1490 1684 1520 licet

937 1543 1070 1571 nusquam
1083 1532 1135 1561 hoc
1152 1531 1258 1561 nomine
1269 1532 1403 1572 appellata
1424 1534 1468 1568 sit,
1479 1533 1528 1563 sed
1545 1546 1581 1564 ex
1602 1536 1683 1565 rebus

938 1578 1004 1618 ipsis
1018 1578 1088 1607 hanc
1101 1578 1194 1607 sortita
1206 1578 1242 1607 sit
1255 1578 1493 1616 nomenclaturam,
1505 1591 1537 1610 eo
1551 1581 1626 1620 quod
1636 1582 1684 1611 ad·
1702 1586 1706 1589 ”

903 1636 922 1658 c
938 1623 1050 1653 modum
1057 1623 1187 1653 mutanda
1194 1623 1220 1652 in
1228 1624 1325 1653 mellus
1334 1631 1360 1653 et
1365 1625 1498 1665 aequitatis
1504 1627 1682 1666 patrocinium

938 1670 1006 1698 soret
1031 1669 1139 1708 (etenim
1159 1680 1222 1698 cum
1239 1669 1316 1698 illam
1340 1671 1506 1701 meretricem
1527 1680 1614 1710 vocat,
1629 1684 1832 1709 ¹³0111111'11.v.21.

939 1714 1072 1754 significat
1090 1725 1149 1743 eam
1166 1714 1310 1752 aliquando
1324 1715 1376 1745 hoc
1388 1717 1495 1746 nomine
1513 1719 1597 1748 fuisse
1608 1730 1684 1749 voca-

939 1767 1010 1794 tam;
1020 1759 1067 1789 sed
1077 1771 1092 1789 a
1103 1760 1222 1798 nequitia
1235 1770 1332 1789 nomen
1343 1761 1475 1801 imponit5
1488 1763 1527 1793 sic
1534 1771 1560 1793 et
1570 1771 1659 1804 postea
1668 1776 1684 1794 a

939 1805 1061 1845 virtute):
1071 1805 1191 1845 idipsum
1199 1805 1289 1844 itaque
1297 1805 1332 1836 de
1338 1807 1445 1837 Christo
1453 1807 1685 1849 dicendum,quod

941 1862 1036 1892 nempe
1048 1851 1100 1891 ipsi
1107 1861 1142 1881 ex
1150 1852 1231 1881 rebus
1241 1862 1336 1881 nomen
1346 1852 1513 1892 imposuerit.
1521 1855 1599 1885 Tunc
1612 1856 1684 1886 enim

941 1897 1057 1927 maxime
1076 1897 1216 1927 nobiscum
1235 1899 1308 1927 Deus
1321 1899 1406 1929 factus
1421 1906 1472 1937 est,
1487 1911 1549 1930 cum
1567 1902 1594 1931 in
1615 1909 1685 1932 terra

941 1944 1017 1974 visus
1030 1950 1080 1981 est,
1088 1950 1114 1973 ct
1128 1954 1189 1973 cum
1201 1944 1358 1974 hominibus
1372 1954 1543 1977 conversatus
1556 1955 1605 1985 est,
1614 1949 1686 1978 mul-

940 1997 1047 2028 tamque
1057 2000 1120 2029 crga
1131 2000 1180 2019 nos
1189 1989 1387 2030 providentiam
1398 1991 1532 2023 exhibuit.
1543 1994 1603 2023 Non
1614 1994 1686 2024 enim

942 2035 1015 2064 ultra
1027 2035 1150 2076 angelus,
1157 2046 1211 2065 non
1221 2036 1396 2076 archangelus
1406 2038 1560 2076 nobiscum,
1569 2040 1615 2070 sed
1629 2042 1686 2081 ipse

942 2082 1084 2119 Dominus,
1109 2082 1156 2121 qui
1179 2081 1327 2120 descendit,
1353 2094 1459 2114 omnem
1478 2085 1506 2114 in
1524 2097 1552 2115 se
1570 2088 1687 2128 suscepit

908 2131 926 2154 D
943 2127 1163 2165 emendationem,
1187 2139 1248 2158 cum
1269 2130 1455 2160 meretricibus
1480 2132 1602 2171 loquens,
1624 2145 1687 2163 cum

943 2174 1095 2214 publicanis
1106 2174 1305 2211 recumbens,in
1313 2183 1483 2215 pcccatorum
1494 2177 1590 2208 domus
1598 2179 1686 2219 ingre-

943 2219 1182 2257 dicns,latronibus
1191 2219 1304 2250 liberam
1313 2221 1440 2261 loquendi
1450 2223 1577 2253 fiduciam
1583 2225 1687 2262 indens,

943 2276 1035 2306 magos
1047 2266 1194 2302 attrahens,
1210 2266 1299 2296 omnia
1313 2268 1479 2306 perlustrans
1492 2276 1518 2298 ct
1530 2270 1686 2307 reformans,

943 2312 1029 2352 ipsam
1040 2319 1163 2342 naturam
1177 2312 1229 2341 sibi
1243 2313 1296 2353 ipsi
1308 2314 1413 2344 uniens.
1424 2316 1486 2345 Haec
1499 2316 1587 2354 itaque
1598 2317 1687 2346 omnia

933 2391 993 2417 velit
1003 2392 1119 2424 Savilius,
1138 2401 1184 2418 nec
1199 2401 1243 2418 cur
1261 2392 1395 2420 lectionem
1416 2394 1484 2420 Ediu
1502 2395 1687 2422 emendandam

934 2439 985 2456 esse
997 2437 1077 2464 putet.

967 2471 980 2490 ¹³
998 2470 1087 2496 Mon-el.
1099 2474 1128 2500 εἰς
1139 2474 1284 2506 ἁμαρτωλῶν
1294 2477 1370 2502 οἰκίας.
1381 2472 1458 2498 savit.
1469 2479 1493 2498 et
1504 2474 1564 2506 neg.
1576 2477 1688 2510 ἁμαρτω-

936 2513 978 2535 λῶν
990 2514 1067 2542 οἰκίας,
1085 2511 1177 2535 omisso
1187 2516 1225 2540 εἰς.
1238 2513 1269 2536 In
1281 2511 1423 2544 Florilegio,
1435 2518 1462 2537 ιιι
1475 2518 1560 2538 monet
1571 2514 1689 2547 Smilius,

935 2547 1023 2580 legitur
1034 2553 1063 2578 εἰς
1072 2552 1215 2584 ἁμαρτωλῶν
1225 2554 1302 2578 einim·-
