1904 2840
213 1117 297 1134 cnxxu

158 1268 263 1298 capam
276 1273 296 1289 1.

218 2484 227 2493 ·
240 2486 311 2505 inter-

169 2520 200 2538 ris
213 2523 255 2537 mm
271 2516 309 2537 de-

170 2554 245 2577 5170115·

311 146 381 183 912

905 139 988 164 OPUS
1014 139 1252 166 IMPERFECTUM

310 209 391 238 habet
401 207 520 245 aliquam
533 204 695 250 passionem,
716 210 742 249 et
756 208 845 243 sperat
864 212 892 233 se
910 213 988 249 posse
1001 213 1053 233 cu-
1069 205 1089 229 A
1104 204 1200 234 stantia
1221 211 1272 242 est,
1294 210 1321 236 et
1337 205 1394 236 vita
1413 211 1464 242 est,
1481 205 1536 236 vita
1549 212 1638 237 autem
1650 213 1690 238 est
1707 207 1844 239 christus.

310 248 376 284 rari,
389 252 476 276 servat
490 255 516 274 se
529 255 544 273 a
558 254 661 274 nocivis
670 253 737 273 escis
745 254 753 282 3
775 243 798 272 si
809 249 899 272 autem
909 243 1053 288 intellexe-

310 288 357 324 rit,
365 285 541 316 insanabilem
550 294 578 312 se
589 294 656 318 esse,
662 284 718 323 jam
727 293 781 312 non
796 283 849 312 sibi
858 282 945 323 parcit
957 294 964 310 ε
975 293 1014 311 sic
1025 289 1052 311 et

309 327 390 356 homo
398 326 483 355 donec
496 323 667 353 mediocriter
677 329 778 363 peccat,
787 329 813 351 et
824 329 912 362 sperat
925 322 1050 367 salutem3

308 359 555 405 quantumcumque
579 369 676 403 potest,
695 363 819 392 observat
837 372 865 391 se
887 373 902 391 a
918 361 1007 407 malo}
1027 371 1051 390 ει

308 413 396 435 autem
408 404 527 445 graviter
546 401 679 443 peccando
697 402 807 442 coeperit
822 400 974 446 desperare,
993 411 1050 446 Jam

308 445 378 474 nihil
389 444 496 474 dubitat
513 444 618 472 facere:
634 442 711 481 quasi
732 441 779 481 qui
797 441 854 486 jam
868 447 983 487 peccatis
995 451 1051 486 suis

307 485 392 515 vincit
411 483 547 525 judicium
568 483 633 512 Dei:
649 482 767 511 nesciens
787 491 878 517 miser,
900 485 963 520 quia
977 486 1053 526 ‘sicut

307 525 335 554 in
358 525 428 554 bono
443 523 543 564 gradus
562 529 625 551 sunt
656 521 797 558 loriarum‚
818 527 843 550 et
865 523 1052 565 unusquisque

307 564 455 594 secundum
472 572 626 592 mensuram
665 562 710 590 oni
730 561 772 590 sui
795 561 893 601 accipit
913 560 1049 600 glumam:

307 605 346 634 sic
367 611 394 634 et
411 604 439 632 in
462 603 534 632 malo
553 601 652 641 gradus
672 607 734 630 sunt
754 607 952 645 poenarum‚·et
964 610 1052 645 ¹¹¹.¹u.⁵''

306 643 421 683 quisque
443 642 590 672 secundum
614 651 767 671 mensuram
791 640 855 669 mali
876 651 918 670 sui
939 646 1052 707 accipiet

306 694 425 724 poenam.
444 683 522 713 Sicut
531 682 603 711 enim
614 680 736 710 infinitus
752 686 792 710 est
802 680 876 724 Deus
890 680 916 708 in
931 686 998 725 retu·
1033 696 1050 702 -

306 724 379 753 tione
391 724 537 758 bonorum,
562 722 601 750 sic
622 720 743 750 infinitus
765 726 805 749 est
826 729 853 748 m
874 719 1052 750 retributione

305 764 449 798 malorum.
471 761 602 792 Similiter
620 767 646 790 et
663 759 812 789 sacerdotes
832 759 958 791 omnibus
972 759 1051 788 malis

307 803 415 843 repleti,
431 802 478 842 qui
493 801 591 841 jamin
608 801 695 829 Deum
713 809 819 839 sperare
841 809 895 827 non
915 805 1049 838 poterant,

306 843 335 871 in
345 843 434 883 ipsum
449 844 537 871 Deum
550 850 645 870 manus
658 839 815 868 mittebant:
831 848 884 867 non
899 837 1051 878 ignorantes

306 892 369 912 eum
383 893 438 911 esse
451 881 554 911 Filium
567 879 629 916 Dei,
644 879 692 908 sed
703 878 756 908 sibi
765 879 821 917 jam
836 888 890 907 non
901 885 1049 923 parcentes.

307 923 343 951 Et
361 922 462 951 mirum
483 920 533 950 tibi
551 919 660 950 videtur
679 918 752 947 hoc?
767 919 839 949 Vere
860 927 948 947 omnis
970 917 1051 946 homo

306 962 406 998 malus,
423 968 553 1000 quantum
572 958 607 988 ad
624 958 791 989 voluntatem
802 968 890 1002 suam,
912 964 938 986 et
957 967 1052 986 manus

307 1001 390 1030 mittit
401 1001 429 1030 in
448 1003 547 1036 Deum,
563 1006 589 1028 et
601 998 700 1028 occidit
713 1008 786 1028 eum.
808 998 863 1034 Qui
876 998 948 1026 enim
964 998 1052 1026 Deum

306 1041 424 1070 excitare
437 1040 473 1070 ad
485 1038 652 1069 iracundiam
663 1048 716 1067 non
728 1037 845 1073 dubitat,
860 1037 909 1075 qui
921 1043 1053 1105 praecepta

306 1082 365 1120 ejus
376 1081 525 1116 conculcat,
534 1079 581 1118 qui
590 1088 686 1108 nomen
694 1078 753 1118 ejus
761 1080 916 1113 contemnit,
928 1087 976 1122 (ιιι)
989 1076 1008 1105 b
1021 1087 1051 1105 a-

307 1121 440 1160 sphemat‚
460 1120 508 1159 qui
528 1124 680 1148 murmurat
700 1123 791 1146 contra
810 1118 910 1153 Deum,
924 1127 971 1162 qui
991 1122 1051 1145 tur-

307 1161 369 1190 bato
388 1160 467 1190 vultu
481 1158 576 1199 aspicit
597 1164 687 1187 contra
709 1157 817 1193 caelum,
835 1156 883 1195 qui
898 1156 926 1185 in
948 1166 990 1185 ira
1003 1166 1052 1201 sua

308 1210 404 1229 manus
423 1199 549 1228 audacter
571 1197 695 1226 sublevat
720 1203 812 1225 contra
833 1205 1012 1225 eumznonne
1027 1205 1052 1240 si

309 1239 439 1278 potuisset
451 1239 522 1275 fieri,
540 1246 635 1266 manus
654 1236 770 1265 mitteret
783 1235 811 1264 in
827 1237 926 1271 Deum,
939 1241 965 1264 et
977 1245 1052 1264 occi-

309 1278 383 1307 deret
397 1289 470 1313 eum,
481 1284 511 1307 ut
521 1277 577 1316 jam
589 1276 699 1305 licenter
712 1275 855 1314 peccaret?
870 1276 911 1303 Et
930 1284 1051 1313 respon-

308 1319 380 1347 dens
404 1319 500 1353 Jeszae‚
534 1317 635 1345 iterum
658 1315 735 1343 dixit
763 1316 806 1342 eis
830 1315 862 1342 in
888 1314 1049 1352 parabolis.

307 1357 424 1387 Domino
434 1356 468 1386 de
479 1356 556 1386 vinea
564 1354 723 1400 proponenti
733 1353 889 1393 parabolam
899 1359 925 1381 et
938 1352 1048 1389 dicenti,

308 1396 437 1435 quoniam
451 1395 558 1436 justitia
573 1396 623 1424 Dei
636 1405 652 1422 a
665 1394 683 1423 J
686 1392 768 1422 udaeis
787 1394 876 1422 fuerat
896 1391 1050 1428 auferenda,

308 1447 360 1466 non
373 1443 435 1466 sunt
446 1435 543 1472 territi,
558 1433 606 1463 sed
619 1433 704 1472 magis
714 1432 876 1472 exasperati,
888 1438 914 1461 et
924 1431 1051 1476 volebant

308 1486 403 1505 manus
428 1475 531 1504 mittere
554 1480 579 1503 et
600 1480 690 1502 tenere
708 1482 781 1500 eum.
798 1471 880 1508 Quod
899 1471 1052 1515 intelligens

309 1516 453 1552 Dominus,
473 1524 525 1543 non
547 1513 641 1548 tacuit,
657 1511 704 1541 sed
715 1512 833 1551 pejorem
850 1511 917 1540 iram
935 1511 986 1539 Dei
1005 1521 1053 1550 per

308 1555 389 1584 aliam
411 1554 566 1595 parabolam
579 1551 749 1581 aununtiavit
764 1551 803 1580 eis
823 1561 880 1580 esse
898 1556 1051 1579 venturam.

308 1596 378 1625 Nam
387 1595 411 1623 si
423 1594 476 1630 illi,
490 1593 537 1632 qui
551 1593 645 1621 timere
656 1590 816 1627 debuerant,
829 1601 881 1619 non
892 1590 1050 1634 timuerunt,

309 1635 356 1664 sed
370 1634 455 1673 magis
468 1632 616 1672 exasperati
629 1637 692 1660 sunt
701 1642 709 1660 z
718 1637 820 1669 quanto
830 1629 916 1670 magis
929 1629 1053 1659 Christus

309 1681 395 1704 tacere
406 1683 458 1702 non
479 1672 583 1709 debuit,
599 1671 644 1710 qui
660 1670 756 1699 timere
775 1680 827 1698 non
851 1669 973 1709 poterat?
987 1669 1053 1698 Illos

309 1714 380 1743 enim
408 1713 510 1743 malitia
534 1712 597 1741 fecit
626 1710 757 1747 audaces,
780 1710 863 1739 istum
888 1715 978 1739 autem
1001 1719 1051 1749 po-

310 1760 400 1784 testas.

472 1822 605 1855 Homilia
615 1821 672 1862 xlj.
686 1831 723 1850 ex
735 1831 801 1860 cap.
817 1822 892 1861 xxij.

351 1915 382 1943 2.
395 1911 496 1941 Simile
512 1915 555 1938 est
569 1917 688 1947 regnum
704 1906 839 1936 caelorum
858 1907 970 1935 homini
982 1916 1013 1935 re
1033 1908 1054 1951 J,

313 1953 449 1993 quifecit
463 1952 579 1990 nuptias
582 1947 654 1992 filio
673 1956 736 1982 su0‚
763 1953 814 1975 etc.
836 1947 924 1975 Homo
942 1956 991 1975 rex
1031 1957 1054 1974 ι-

1105 244 1192 273 Omne
1205 251 1295 274 autem
1307 244 1411 275 malum
1424 246 1481 275 sine
1493 246 1642 276 substantia
1659 255 1709 285 est,
1730 255 1757 278 et
1773 249 1845 278 nihil

1104 289 1154 312 est.
1168 284 1208 312 Ita
1217 284 1352 323 quidquid
1361 285 1456 315 vivum
1469 293 1586 316 creatum
1596 294 1635 316 est
1644 298 1726 328 super
1735 295 1844 327 terram,

1103 331 1138 351 ex
1147 322 1202 351 vita
1213 323 1293 361 vivit.
1309 325 1364 353 Nec
1374 325 1445 354 enim
1453 332 1539 364 potest
1553 336 1610 356 esse
1622 327 1726 366 aliquid
1737 329 1845 366 vivum,

1103 361 1131 390 in
1144 372 1198 401 quo
1210 371 1262 391 non
1273 363 1307 392 sit
1320 363 1431 403 spiritus
1441 364 1515 394 vitae.
1529 365 1575 394 Ex
1585 366 1657 395 malo
1667 373 1756 396 autem
1770 368 1846 398 nulla

1103 411 1145 430 res
1161 412 1216 431 esse
1229 409 1325 442 potest.
1337 404 1407 432 Cum
1420 414 1484 433 vero
1497 404 1587 444 ipsum
1599 406 1703 435 malum
1716 406 1787 436 nihil
1797 407 1844 446 sit,

1103 441 1238 479 quomodo
1254 449 1340 482 potest
1353 443 1440 473 facere
1453 454 1509 473 rem
1522 443 1640 484 aliquam
1653 445 1732 475 esse?
1744 446 1846 476 Tamen

1103 480 1214 519 perdere
1244 488 1322 519 otest,
1332 482 1380 512 sed
1393 493 1446 512 non
1459 484 1548 524 ipsum
1558 484 1660 514 malum
1671 484 1765 525 perdet
1775 497 1844 525 rem,

1103 519 1151 549 sed
1161 520 1196 549 de
1211 492 1258 550 iiia
1274 532 1313 558 re,
1328 522 1356 552 in
1366 533 1419 561 qua
1432 530 1472 553 est
1485 523 1597 562 malum,
1611 524 1746 555 subtrahit
1755 536 1784 556 se
1795 526 1845 555 bo-

1101 569 1166 589 num
1180 568 1288 601 propter
1300 561 1453 592 inhabitans
1462 563 1564 593 malum
1575 564 1602 592 in
1619 574 1668 593 eat
1681 571 1708 594 et
1721 565 1760 595 sic
1773 565 1845 596 bono

1101 600 1249 636 recedente,
1263 612 1305 631 res
1316 601 1391 632 vadit
1400 601 1435 631 ad
1447 602 1575 633 nihilum.
1591 603 1666 649 Ergo
1676 615 1730 642 res,
1745 604 1773 634 in
1790 616 1845 645 qua

1100 639 1189 669 solum
1203 640 1305 670 bonum
1318 648 1367 678 est,
1380 642 1445 672 viva
1463 649 1488 672 et
1502 642 1662 672 immortalis
1674 650 1731 673 est:
1745 644 1772 674 in
1789 655 1845 684 qua

1100 685 1189 708 autem
1201 686 1226 709 et
1236 680 1338 710 bonum
1352 688 1378 710 et
1391 681 1492 711 malum
1502 682 1617 719 habitat,
1632 682 1704 713 vivit
1740 684 1842 722 uidem,

1100 724 1187 748 tamen
1214 730 1264 759 pro
1284 727 1403 761 tempore
1426 729 1536 762 propter
1558 719 1711 753 inhabitans
1749 734 1844 760 onum,

1100 759 1216 789 moritui·
1241 767 1330 789 autem
1359 768 1471 801 propter
1495 762 1648 791 inhabitans
1672 763 1774 792 malum
1782 784 1792 799 ,
1817 770 1845 793 et

1067 802 1084 825 Β
1100 804 1138 826 est
1152 809 1194 827 res
1205 799 1336 838 mortalis,
1351 800 1421 830 sicut
1432 801 1524 831 homo.
1540 802 1627 832 Homo
1637 809 1726 832 autem
1739 802 1844 834 ideoex

1099 837 1171 867 bono
1186 845 1212 867 et
1231 839 1302 868 malo
1319 847 1423 870 creatus
1435 847 1484 876 est,
1498 848 1529 871 ut
1552 848 1685 871 contemto
1697 842 1785 879 malo,‘
1795 852 1844 873 se-

1100 884 1199 915 quatur
1211 877 1324 915 bonum,
1339 887 1365 909 et
1378 890 1426 919 per
1439 880 1491 911 hoc
1506 881 1601 910 habeat
1620 881 1758 912 electionis
1769 893 1845 913 mer-

1100 916 1204 946 cedem.
1223 917 1306 955 Quod
1324 919 1348 948 si
1368 926 1500 950 contemto
1511 920 1594 958 bono,
1613 928 1744 960 sequutus
1763 922 1846 952 fuerit

1101 956 1216 992 malum,
1236 957 1366 998 suscipiet
1383 969 1445 988 eum
1459 966 1574 990 aeter-nim
1587 960 1722 991 interitus.
1742 962 1774 992 Si
1793 972 1846 991 au-

1100 1002 1166 1033 tem,
1192 996 1303 1031 dimisso
1323 998 1405 1034 malo,
1428 1006 1557 1038 sequutus
1575 1000 1658 1030 fuerit
1675 1000 1790 1038 bonum,
1814 1001 1845 1031 in

1101 1042 1188 1065 morte
1201 1043 1295 1066 natura
1309 1037 1396 1067 carnis
1410 1038 1469 1078 ejus
1481 1039 1602 1069 solvetur
1618 1039 1654 1068 ab
1667 1040 1741 1070 omni
1753 1041 1826 1071 malo
1836 1052 1845 1070 ε

1100 1081 1127 1104 et
1137 1086 1200 1105 cum
1209 1077 1367 1107 resurrectio
1378 1078 1447 1107 facta
1454 1078 1536 1108 fuerit
1542 1085 1706 1116 sanctornm,
1715 1087 1779 1110 tunc
1788 1091 1846 1111 sus—

1100 1114 1183 1154 cipiet
1193 1126 1254 1145 eum
1265 1116 1322 1146 sola
1338 1117 1404 1154 vita,
1419 1128 1478 1163 quae
1489 1124 1529 1147 est
1543 1118 1678 1156 Christus,
1697 1126 1724 1150 et
1739 1127 1844 1150 morta-

1101 1154 1203 1184 litatem
1225 1157 1285 1196 ejus
1306 1156 1334 1185 in
1354 1167 1402 1186 sua
1424 1158 1622 1188 immortalitate
1635 1159 1845 1190 absorbebunt

1100 1194 1171 1224 sicut
1181 1195 1315 1225 desiderat
1329 1197 1441 1234 Paulus,
1458 1204 1488 1226 ut
1506 1198 1619 1227 mortale
1636 1198 1688 1229 hoc
1702 1199 1845 1230 absorbea-

1101 1240 1147 1262 tur
1160 1245 1175 1262 a
1188 1235 1255 1272 vita,
1280 1242 1310 1265 ut
1332 1242 1396 1266 tunc
1418 1237 1565 1277 impleatur
1585 1238 1737 1278 Scriptura,
1762 1250 1844 1279 quam

1101 1273 1293 1312 interpretatur
1315 1275 1387 1304 idem
1410 1277 1573 1315 apostolus:
1591 1279 1700 1316 Erunt,
1730 1281 1842 1320 inquit,

1856 1186 1904 1210 hc

1853 1217 1893 1249 ⁵4-

1857 1276 1904 1298 r.<

1103 1312 1160 1341 duo
1174 1315 1206 1341 in
1220 1323 1309 1343 carne
1330 1325 1400 1344 una.
1428 1316 1552 1345 Christus
1575 1317 1646 1346 enim
1664 1328 1726 1348 curn
1746 1330 1845 1357 anima,
1857 1313 1866 1329 ¹
1887 1322 1893 1329 ⁶

1101 1352 1178 1390 quasi
1187 1362 1257 1381 unus
1269 1353 1380 1393 spiritus
1391 1355 1486 1390 factus,
1498 1355 1631 1385 habitabit
1647 1357 1675 1385 in
1694 1368 1773 1388 carne
1783 1360 1846 1388 uni-

1066 1398 1086 1422 c
1101 1401 1190 1428 versa,
1202 1392 1350 1422 secundum
1361 1393 1436 1432 quod
1447 1393 1551 1423 dictum
1563 1402 1602 1425 est
1613 1407 1620 1424 ε
1640 1397 1698 1435 Qui
1710 1398 1846 1438 adjungit

1101 1440 1132 1459 sc
1144 1431 1284 1467 Domino,
1299 1443 1385 1472 quasi
1397 1443 1473 1463 unus
1485 1436 1602 1473 spiritus
1612 1442 1665 1465 est.
1680 1437 1760 1467 Nunc
1773 1439 1846 1469 enim
1871 1430 1894 1453 ⁷⁸

1101 1471 1179 1508 quasi
1201 1471 1321 1501 modicas
1344 1472 1438 1502 ari-has
1461 1474 1547 1503 futuri
1571 1476 1692 1515 conjugii
1711 1478 1732 1507 S
1751 1477 1846 1509 iritum

1101 1516 1223 1539 sanetum
1236 1521 1297 1540 acce
1316 1512 1399 1549 imus,
1420 1519 1484 1542 tunc
1497 1520 1588 1543 autem
1602 1514 1692 1554 ipsum
1705 1517 1727 1546 C
1749 1517 1846 1548 ristum

1101 1549 1209 1589 plenius
1223 1550 1252 1579 id
1267 1522 1344 1580 nohis
1355 1551 1525 1582 habebimus.
1547 1554 1576 1583 5.
1594 1555 1635 1584 Et
1653 1556 1732 1585 misit
1748 1566 1846 1588 servos

1101 1599 1169 1618 suos
1182 1600 1290 1620 vocare
1302 1592 1443 1621 invitatos
1456 1593 1497 1621 ad
1510 1595 1635 1632 nuptias.
1651 1595 1726 1635 Ergo
1736 1597 1847 1635 quando

1102 1628 1176 1658 misit
1186 1639 1277 1660 servos
1287 1641 1361 1665 suos,
1364 1630 1423 1675 jam
1433 1631 1540 1662 invitati
1549 1640 1634 1663 erant.
1646 1634 1770 1665 Primum
1782 1647 1847 1677 ergo

1102 1667 1234 1706 dicamus,
1257 1670 1325 1708 quid
1349 1677 1384 1700 sit
1405 1670 1496 1711 ipsum
1517 1673 1683 1704 convivium.
1709 1675 1844 1714 Secundo,

1102 1708 1211 1747 quando
1230 1716 1294 1738 sunt
1307 1709 1425 1740 invitati.
1440 1711 1544 1747 Tertio,
1560 1713 1668 1751 quando
1741 1715 1763 1744 it
1774 1726 1844 1756 prae-

1103 1758 1198 1787 parare
1218 1749 1387 1786 convivium,
1407 1757 1434 1780 et
1456 1751 1565 1790 quando
1584 1753 1658 1783 misit
1678 1753 1843 1786 invitatores.

1102 1787 1252 1818 Prandium
1271 1789 1343 1818 enim
1367 1797 1407 1819 est
1429 1790 1551 1820 doctrina
1570 1791 1694 1831 justitiae,
1715 1801 1740 1824 et
1762 1796 1846 1825 verba

1103 1827 1250 1857 caelestium
1274 1829 1464 1868 mysteriorum
1490 1830 1525 1860 de
1550 1831 1622 1862 Filio
1645 1833 1696 1862 Dei
1719 1841 1844 1866 venturo.

1104 1868 1172 1904 Quae
1181 1868 1271 1897 omnia
1283 1868 1411 1898 mandens
1424 1869 1515 1906 homo,
1533 1870 1563 1900 id
1583 1879 1633 1910 est,
1648 1871 1772 1911 audieus,
1798 1886 1846 1905 ac—

1104 1907 1189 1945 quirit
1201 1907 1255 1937 sibi
1267 1908 1351 1938 vitam
1364 1915 1500 1939 aeternam.
1515 1910 1618 1941 Multas
1635 1913 1707 1942 enim
1721 1915 1846 1954 proprie-

1104 1953 1171 1976 tates
1184 1946 1264 1976 habet
1277 1958 1363 1977 sermo
1374 1948 1409 1977 ad
1420 1959 1517 1978 escam.
1531 1950 1608 1980 Sicut
1620 1952 1691 1981 enim
1704 1953 1752 1992 qui
1766 1954 1848 1985 mittit

313 1993 384 2022 citur
396 1993 470 2021 Deus
484 1992 573 2024 Pater,
584 1997 632 2025 qui
644 1996 791 2024 numquam
802 1986 949 2014 humanam
963 1996 1054 2029 susce-
1070 1997 1090 2021 1)
1105 1985 1134 2015 in
1146 1996 1175 2015 os
1185 1997 1266 2015 suum
1275 1987 1453 2027 fragmentum
1466 1990 1555 2028 panis,
1566 1996 1613 2019 aut
1625 1991 1848 2032 qualemcumque

294 2045 298 2048 ’
313 2032 354 2072 pit
367 2032 481 2060 formam
494 2042 500 2057 :
517 2034 547 2057 ut
558 2026 739 2070 intelli-gamus
751 2025 815 2063 quia
826 2035 922 2054 nomen
938 2025 1056 2054 hominis

313 2069 502 2112 praejudicium
522 2076 575 2096 non
597 2066 660 2094 facit
679 2064 778 2094 divinae
797 2075 852 2094 suae
869 2071 980 2093 naturae.
1000 2064 1055 2094 Sed

313 2117 424 2151 propter
437 2118 544 2138 causam
553 2104 687 2145 parabolae
704 2104 784 2133 homo
796 2104 908 2140 dicitur,
923 2113 977 2133 non
991 2114 1056 2142 quia

335 2157 377 2179 a'rs
388 2149 477 2187 aliqua
491 2145 609 2175 hominis
619 2150 676 2173 erat
687 2143 714 2171 in
728 2154 770 2172 ec.
784 2143 850 2172 Ideo
860 2143 968 2182 quando
978 2143 1057 2187 audis

317 2200 345 2219 in
364 2187 511 2227 Scripturis
531 2185 633 2215 Filium
652 2182 702 2212 Dei
715 2182 850 2211 hominem
865 2183 931 2219 dici,
950 2184 1013 2221 qnia
1033 2193 1057 2212 s1

317 2231 395 2259 Pater
407 2229 492 2263 Deus,
507 2225 554 2264 qui
568 2230 672 2253 tantum
686 2223 760 2251 Deus
780 2229 828 2258 cst,
851 2229 877 2266 et
897 2233 950 2251 non
964 2223 1056 2268 homo,

316 2276 403 2298 tamen
412 2267 494 2296 homo
499 2264 652 2294 nominatur
661 2274 667 2290 :
680 2268 778 2300 quanto
787 2272 871 2301 magis
880 2272 1057 2306 necessarium

316 2309 378 2345 fuit,
403 2314 433 2336 ut
459 2306 540 2335 homo
558 2304 691 2333 diceretur
708 2301 862 2340 unigenitus
886 2302 936 2330 Dei
957 2302 1056 2338 Filius,

317 2359 378 2378 cum
392 2357 445 2375 non
459 2352 527 2375 esset
540 2345 620 2373 homo
632 2351 729 2382 purus,
744 2340 791 2379 qui
812 2340 956 2385 humanam
970 2351 1060 2386 susec-

317 2388 358 2428 pit
374 2393 497 2416 naturam
506 2384 520 2413 Ξ)
537 2383 673 2420 Quoniam
683 2387 772 2410 autem
786 2386 895 2419 nuptias
909 2390 1059 2410 nommavl-

318 2437 390 2464 mus,
404 2426 470 2454 utile
482 2431 522 2454 est
534 2429 565 2451 ut
574 2422 693 2451 breviter
706 2419 889 2455 ostendamus,
903 2426 983 2458 prout
993 2419 1059 2464 dant

319 2466 397 2496 nobis
414 2474 519 2494 sensum
530 2463 631 2492 bouum
650 2460 806 2499 Scripturae,
819 2458 955 2497 quomodo
966 2469 1059 2503 animae

320 2506 412 2536 fideles
425 2504 531 2534 Christo
550 2502 577 2530 in
596 2501 640 2530 die
652 2501 701 2529 illo
709 2497 852 2539 jungendae
865 2505 939 2543 sunt?
963 2499 974 2511 *
987 2505 1059 2527 intc-

321 2547 372 2577 rim
395 2555 466 2574 nunc
490 2542 662 2582 desponsatae.
688 2541 774 2569 Omne
792 2538 894 2568 honum
908 2548 970 2569 vnn
996 2538 1059 2567 suh-

1106 2025 1208 2062 cibum,
1221 2026 1342 2066 primum
1355 2027 1433 2056 molit
1444 2038 1506 2056 eum
1517 2028 1654 2066 dentibus,
1668 2038 1695 2060 ct
1706 2031 1742 2060 ita
1754 2031 1848 2063 dimit-

1106 2064 1139 2094 tit
1163 2065 1191 2093 in
1216 2066 1382 2096 stomachum
1394 2078 1402 2094 ε
1424 2066 1463 2096 sic
1488 2074 1515 2096 et
1540 2078 1602 2097 cum
1623 2069 1750 2100 audimus
1770 2082 1850 2103 omne

1106 2104 1230 2141 verbum,
1244 2115 1348 2134 necesse
1356 2113 1395 2135 est
1405 2106 1495 2146 ipsum
1507 2107 1633 2138 meditari
1645 2109 1673 2138 in
1686 2120 1732 2140 ore
1744 2121 1848 2149 sensus,

1107 2150 1134 2173 et
1152 2144 1230 2182 quasi
1248 2144 1411 2183 quibusdam
1425 2145 1562 2184 dentibus,
1587 2147 1616 2177 id
1630 2156 1680 2184 est,
1693 2151 1850 2182 tractatibus

1107 2183 1217 2219 molere,
1238 2190 1265 2213 et
1281 2183 1374 2214 videre
1390 2185 1458 2224 quid
1470 2193 1511 2215 est
1523 2187 1596 2226 quod
1615 2187 1694 2227 dicit,
1711 2197 1758 2220 aut
1778 2191 1852 2221 unde

1108 2222 1184 2259 dicit,
1201 2229 1249 2252 aut
1265 2231 1377 2263 propter
1389 2235 1471 2263 quam
1484 2237 1541 2255 rem
1553 2226 1631 2256 dicit.
1644 2230 1713 2258 Nam
1726 2231 1853 2268 quemad-

1108 2262 1220 2292 modum
1239 2263 1463 2303 qualemcumque
1478 2265 1581 2303 cibum,
1598 2267 1650 2297 nisi
1668 2269 1851 2300 masticaveri-

1109 2312 1170 2331 mus
1181 2302 1320 2339 dentibus,
1334 2313 1387 2332 non
1401 2305 1530 2334 sentimus
1542 2316 1673 2346 saporem.
1682 2307 1758 2347 ejus:
1772 2309 1809 2339 ita
1825 2318 1852 2341 et

1108 2342 1223 2371 verbum
1233 2342 1307 2381 quod
1316 2343 1453 2380 audimus,
1461 2344 1514 2373 nisi
1525 2346 1752 2377 masticaverimus
1762 2348 1853 2389 ipsum

1109 2387 1250 2411 tractantes
1264 2382 1291 2410 in
1304 2383 1393 2419 nohis,
1413 2394 1466 2413 non
1480 2395 1622 2423 possumus
1635 2386 1784 2427 intelligere
1794 2389 1852 2419 vir-

1110 2427 1194 2450 tutem
1205 2421 1282 2451 verbi
1293 2422 1379 2452 illius.
1395 2424 1464 2452 Nam
1476 2430 1502 2453 et
1514 2434 1621 2461 manna,
1636 2426 1709 2464 quod
1723 2427 1853 2459 edebatur

1111 2460 1139 2489 in
1153 2471 1253 2498 eremo,
1268 2461 1386 2500 figuram
1399 2462 1514 2492 habebat
1533 2464 1619 2494 verbi.
1636 2466 1701 2495 Ideo
1714 2465 1854 2498 dicebatur

1113 2510 1220 2536 manna,
1246 2502 1321 2539 quod
1346 2501 1537 2542 interpretatur
1560 2504 1700 2542 Hebraice,
1721 2507 1791 2546 quid
1814 2515 1854 2537 est

1112 2539 1182 2568 hoc?
1195 2546 1224 2568 ut
1234 2540 1473 2581 quotienscumque
1487 2542 1611 2574 audimus
1625 2545 1749 2584 verbum,
1763 2547 1854 2578 admo-

1855 1392 1904 1416 lbid

1858 1431 1867 1447 ι
