1890 2826
655 219 812 243 SYNOPSIS
840 219 1028 242 SCRIPTURAE
1055 219 1179 243 SAcuAE.
1629 212 1688 258 39¹

134 285 164 313 οὖ
175 283 303 324 πρότερον
317 283 399 320 αὐτὴν
409 284 495 323 ἀφῆκε
505 283 710 321 καθαρισθῆναι,
722 281 770 314 ἕως
780 280 902 316 ἐποίησεν

134 329 202 359 ἑτι-τὰ
214 329 316 370 ἡμέρας
327 329 376 364 ἔξω
386 331 434 365 τῆς
444 327 624 368 παρεμὸολῆς.
638 326 745 366 Πέμπει
757 330 819 366 γοῦν
830 338 903 359 τινας

133 377 164 406 ἐκ
189 379 234 405 τοῦ
258 377 323 405 λαοῦ
342 375 560 415 κατασκέψασθαι
581 373 629 410 τὴν
651 375 699 413 γῆν
716 373 833 403 Χαναάν.
849 373 902 402 Καὶ

132 421 372 462 κατασκεψάμενοι,
399 420 492 460 βότρυν
517 419 630 459 ἤνεγκαν
653 421 761 455 ἐκεῖθεν,
787 418 832 448 καὶ
852 417 900 453 τὴν

84 480 87 484 ’
131 470 183 508 γ’ἧν
195 468 370 507 ’ἐθαύμαζοι
387 466 548 507 Ἐφοὸοῧντο
563 465 614 505 γὰρ
628 465 672 494 τὸν
694 464 769 501 λαὸν,
788 466 829 499 ὡς
850 476 901 503 μα-

132 515 221 555 χίμων
233 514 315 544 ὄντων
325 515 378 543 τῶν
393 515 448 542 ἐκεῖ
459 513 568 552 ἀνδρῶν.
581 511 674 541 xeos&
687 510 715 540 δὲ
729 513 743 539 ὁ
756 513 802 539 τοῦ
815 510 901 550 Ἰεφο-

130 562 185 598 νεὶ,
199 561 246 591 καὶ
258 562 363 597 Ἰησους
375 562 390 590 ὁ
402 562 449 589 τοῦ
459 560 545 594 Ναυῆ,
566 558 611 588 καὶ
624 557 719 587 αὖτοὶ’
707 569 737 586 εκ
748 558 802 586 τῶν
815 568 901 585 κατα-

127 606 234 637 σκόπων
248 607 334 643 ὄντες,
349 605 543 647 παρεθάρρυνον
558 604 602 634 τὸν
615 604 690 634 λαόν.
715 604 751 632 Οἱ
771 602 798 632 δὲ
822 598 901 638 ἦλθον

124 653 298 689 λιθοὸολῆσαι
318 652 429 686 αὐτούς·
453 650 483 680 ιὁ
503 650 531 680 δὲ
560 650 629 683 Θεὸς
642 649 772 689 ὀργισθεὶς
785 643 842 677 εἷπε
864 647 901 687 μὴ

128 700 244 729 ἀνελθεῖν
253 699 314 733 τους
321 698 500 739 γσγγῦσαντας
508 698 546 730 εἷς
554 696 604 732 τὴν
615 697 665 735 γῆν
674 707 722 731 της
733 694 900 734 ἐπαγγελίας,

126 746 151 774 εἷ
166 744 203 784 μὴ
222 744 256 774 τὰ
269 745 349 774 τέκνα
363 745 460 780 αὐτῶν,
477 742 523 772 καὶ
536 741 629 772 Χαλὲὸ
639 741 696 770 υἱὸν
710 740 835 780 Ἰεφονει,
856 739 902 769 καὶ

130 790 248 827 Ἰησοῦν.
263 789 472 830 Τεσσαράκοντα
484 788 511 818 δὲ
525 788 588 825 ἔτη,
602 787 691 828 φησὶν,
710 787 814 816 ἔσονται
827 787 853 815 ἐν
867 788 901 826 τῇ

130 838 235 878 ἐρήμῳ,
249 837 325 871 ἕως*
311 848 344 866 αν
357 835 456 875 αὐξηθῇ
471 835 506 864 τὰ
518 833 612 864 παιδία
621 854 630 869 ,
646 832 716 863 κατὰ
727 832 836 873 ἀριθμὸν
849 835 902 862 τῶν

129 886 247 932 ἡμερῶν,
263 878 299 912 ὧν
318 881 498 922 ἐπεσκέψαντο
511 880 559 916 τὴν
572 882 634 919 γῆν.
646 879 716 909 Τότε
730 880 754 909 οἱ
766 878 900 908 κατάσκο-

130 941 176 959 ποι
193 929 291 962 πάντες
310 928 449 963 ἀπέθανον,
471 926 541 963 πλὴν
556 925 650 956 Χαλὲὸ
671 925 717 954 καὶ
742 925 832 961 Ιησου
857 928 902 954 τοῦ

956 281 1008 321 ipsi
1021 281 1072 310 soli
1085 283 1279 322 prophetarum
1292 284 1329 313 ita
1347 283 1490 322 loquutum
1502 295 1569 322 esse,
1585 284 1684 314 immisi
1689 292 1695 313 t

956 327 1058 366 lepram
1075 328 1102 356 in
1117 329 1244 367 Mariam,
1269 331 1418 370 Moyseque
1435 337 1543 370 rogante
1561 341 1610 369 pro
1631 330 1694 367 illa,

954 383 1008 402 non
1029 374 1092 403 tulit
1110 385 1168 404 eam
1181 376 1257 415 prius
1272 375 1406 413 mundari,
1428 387 1510 415 quam
1523 383 1623 416 septem
1640 377 1697 406 dies

955 426 1028 449 extra
1043 428 1127 451 castra
1141 422 1288 452 mansisset.
1303 422 1388 452 Mittit
1397 434 1460 462 ergo
1469 423 1599 461 quosdam
1610 434 1644 451 cx
1653 434 1696 462 po—

955 466 1021 505 pulo
1035 468 1204 507 exploratum
1222 475 1319 498 terram
1333 469 1556 499 Chananaeorum.
1574 470 1634 505 Qua
1648 479 1695 497 ex-

955 512 1069 551 plorata,
1092 524 1172 543 uvam
1194 513 1256 543 inde
1269 521 1416 553 gestarunt,
1439 521 1589 552 terramque
1602 513 1696 543 admo-

955 556 1021 586 dum
1044 558 1200 588 laudabant.
1226 559 1281 589 Sed
1304 560 1433 589 timebant
1456 560 1607 600 populum:
1623 561 1697 599 quod

952 603 1097 633 bellatores
1120 604 1178 634 illic
1197 605 1251 635 viri
1272 612 1365 634 essent.
1387 605 1491 636 Chaleb
1515 612 1604 635 autem
1624 606 1698 635 filius

953 650 1086 690 Jephone,
1101 657 1127 680 et
1140 652 1219 681 Jesus
1237 651 1312 680 filius
1328 652 1414 688 Nave,
1430 651 1516 690 quiet
1534 651 1585 691 ipsi
1600 663 1634 681 ex
1645 662 1698 681 nu—

953 707 1028 725 mero
1051 697 1253 737 exploratorum
1266 705 1352 735 erant,
1374 698 1476 737 populo
1498 697 1601 727 animos
1612 698 1698 727 adde*

953 742 1019 771 bant
1031 756 1037 771 :
1054 742 1097 772 illi
1110 750 1199 773 autem
1209 751 1339 774 venerunt
1351 743 1501 784 lapidatum
1512 754 1566 773 eos.
1581 745 1700 784 Rursus—

955 800 1007 828 que
1032 791 1121 819 Deum
1148 790 1333 819 irritaverunt.
1349 791 1422 819 Tum
1443 790 1514 819 dixit
1536 791 1621 827 Deus,
1645 801 1698 819 non

954 846 1112 865 ascensuros
1124 847 1181 865 esse
1192 846 1237 865 eos
1251 837 1298 875 qui
1312 843 1545 866 murmuraverant
1558 837 1585 864 in
1601 842 1699 865 terram

955 882 1152 921 promissionis,
1167 882 1219 911 nisi
1232 889 1335 911 tantum
1356 882 1427 911 filios
1439 892 1542 918 eorum,
1557 889 1582 910 et
1596 882 1699 912 Chaleb

956 928 1043 957 filium
1065 928 1198 968 Jephone,
1221 935 1247 957 et
1270 929 1372 958 Jesum.
1400 928 1585 968 Quadraginta
1610 935 1698 958 autem

131 976 225 1011 Ναυη,
239 975 284 1004 καὶ
303 974 445 1009 ἐπένθησεν
458 972 552 1006 ὁλαός.
567 972 690 1007 Ἀνῆλθον
704 971 748 1000 ἐπὶ
762 982 807 1000 τον
822 971 902 1009 Ἀμα-
918 977 936 999 E
954 973 1042 1010 annis,
1066 974 1164 1012 inquit,
1179 981 1258 1003 erunt
1272 974 1298 1002 in
1313 974 1429 1011 deserto,
1444 974 1529 1003 donec
1542 974 1592 1003 filii
1608 985 1697 1004 creve-

129 1021 183 1057 λὴγ.
195 1022 269 1061 παρὰ
282 1021 313 1050 τὸ
324 1022 415 1050 δοκοῦν
426 1022 464 1059 τῷ
478 1020 555 1059 Θεῷ,
569 1018 614 1048 καὶ
628 1020 645 1053 ἡ
660 1017 773 1050 κιὸωτὸς
791 1017 901 1055 ἀνέμει-

130 1079 172 1096 νεν
193 1068 220 1096 ἐν
243 1069 277 1107 τῇ
291 1065 446 1106 παρεμὸολῇ
463 1065 530 1104 μετὰ
549 1062 695 1096 Μωϋσέως.
723 1062 775 1092 Καὶ
795 1062 900 1098 ἐξῆλθεν

954 1019 1018 1056 rint,
1032 1019 1180 1049 secundum
1194 1030 1336 1048 numerum
1349 1020 1467 1056 dierum,
1483 1020 1583 1058 quibus
1604 1021 1698 1050 visita-

953 1072 1051 1095 verunt
1074 1064 1182 1095 terrani.
1204 1066 1282 1095 Tunc
1294 1066 1476 1105 exploratores
1490 1076 1581 1096 omnes
1595 1067 1697 1096 mortui

130 1112 267 1152 Ἄμαλὴκ,
289 1112 335 1141 καὶ
359 1110 505 1150 κατέκοψεν
528 1108 631 1142 αὐτούς·
646 1108 815 1138 Ἐντέλλεταῑ
838 1108 899 1148 περὶ
907 1124 943 1144 ssi.
954 1118 1026 1148 sunt,
1048 1112 1166 1152 exceptis
1182 1112 1287 1141 Chaleb
1301 1119 1327 1141 et
1340 1113 1406 1142 Jesu
1419 1112 1491 1142 Filio
1505 1113 1598 1142 Nave:
1614 1112 1698 1143 flevit-

129 1157 356 1197 ὁλοκαυτωμάτων
371 1179 380 1193 ,
417 1156 478 1195 περὶ
516 1157 646 1195 ἀπαρχῶν
660 1175 668 1189 ‚
701 1154 763 1194 περὶ
802 1157 898 1183 θυσιῶν
916 1152 935 1174 Α
952 1167 1006 1195 que
1023 1158 1152 1198 populus.
1175 1157 1360 1187 Ascenderunt
1373 1164 1464 1187 contra
1478 1158 1587 1187 Amalec
1602 1164 1698 1198 praetcr

129 1207 182 1234 τῶν
209 1203 275 1244 ὑπὲρ
301 1202 494 1242 πλημμελείας.
519 1200 609 1231 Ἑάλω
631 1213 671 1233 τις
707 1199 770 1234 ξύλα
809 1200 901 1229 συλλέ-

130 1251 174 1285 ξας
191 1251 219 1279 ἐν
237 1249 380 1289 σαὸὄάτῳ,
405 1247 451 1277 καὶ
474 1246 657 1282 ε’λιθοὸολήθη.
681 1245 901 1285 Προστάσσονται

129 1297 267 1336 κράσπεδα
285 1295 330 1324 ἐπὶ
342 1294 377 1324 τὰ
390 1293 520 1333 πτερύγια
533 1295 652 1328 ποιῆσαι.
677 1291 721 1321 Τὰ
744 1291 804 1331 περὶ
831 1290 900 1331 Κορὲ

129 1342 176 1371 καὶ
199 1342 288 1371 Δαθὰν
314 1340 360 1370 καὶ
375 1338 512 1379 Ἀὸηρών·
524 1341 542 1374 ἡ
565 1337 742 1370 ἐπανάστασις
767 1338 862 1371 αὐτῶν,
882 1339 898 1372 ἡ

129 1387 245 1428 τιμωρία
264 1386 296 1426 ᾓν
311 1385 413 1415 ἔδοσαν.
429 1386 465 1414 Οἱ
479 1383 509 1413 δὲ
527 1383 615 1413 λοιποὶ
637 1386 683 1412 τοῦ
705 1384 786 1418 λαοῦ,
800 1382 899 1412 τούτων

128 1433 285 1474 γενομένων,
300 1434 348 1462 οὐκ
367 1430 607 1471 ἐσωφρονίσθησαν,
622 1428 690 1458 ἀλλὰ
703 1428 783 1457 πάλιν
805 1428 900 1457 ἐπανέ-

128 1491 230 1516 στησαν
243 1480 281 1519 τῷ
294 1480 414 1517 Μωῦσῇ,
434 1476 479 1506 καὶ
498 1475 694 1510 ἀποθνήσκουσι
708 1474 900 1514 τεσσαρεσκαί-

129 1526 193 1556 δεκα
202 1525 320 1565 χιλιάδες
333 1524 378 1553 καὶ
387 1522 555 1552 ’ἑπτακόσιοι
572 1521 642 1550 Τότε
653 1521 766 1556 ἤνθησεν
778 1523 795 1556 ἡ
807 1520 901 1560 ῥάὸδος

130 1570 240 1610 Ἀαρών.
254 1570 334 1609 Λέγει
345 1569 390 1599 καὶ
408 1559 577 1597 διατάσσεται
591 1567 605 1596 ὃ
618 1566 764 1605 λαμὸάνειν
784 1567 823 1595 δεῖ
841 1565 901 1599 τους

130 1616 242 1649 Λευίτας
255 1628 300 1646 και
311 1615 356 1645 τὸν
369 1614 441 1654 ἱερέα
454 1614 498 1643 τὸν
514 1612 606 1652 μεγαν.
621 1612 674 1642 Καὶ
692 1615 826 1650 νομοθετεῖ
839 1612 900 1651 περὶ

130 1664 179 1697 τῆς
192 1663 289 1691 σποδοῦ
301 1664 348 1696 τῆς
359 1659 511 1699 δαμάλεως,
525 1658 552 1692 ἐξ
566 1661 598 1693 ἧς
610 1657 640 1687 τὸ
654 1657 723 1697 ὕδωρ
744 1660 790 1686 τοῦ
810 1660 899 1697 ῥαντι-
916 1663 933 1686 Β

131 1711 199 1746 σμοῧ
213 1707 322 1747 ἐγίνετο.
334 1706 392 1742 Τὴν
404 1705 431 1735 δὲ
446 1705 560 1744 δάμαλιν
574 1703 655 1740 αὐτὴν
670 1703 741 1737 ἔδοξέ
752 1715 807 1732 τισι
817 1703 900 1733 τύπον

130 1751 196 1784 εἶναι
217 1758 264 1783 τοῦ
277 1754 375 1787 πάθους
390 1755 436 1782 τοῦ
446 1751 555 1791 *Kopion
574 1752 651 1789 ἡμῶν
665 1751 752 1786 Ἰησοῦ
774 1751 900 1790 Χριστοῦ.

130 1801 194 1830 Ἀπὸ
206 1800 233 1829 δὲ
245 1802 292 1836 τῆς
302 1800 399 1829 σποδοῦ
411 1800 458 1833 τῆς
470 1798 608 1836 δαμάλεως
620 1795 773 1835 ἐκαθαίρετο
785 1798 798 1824 ὁ
810 1795 846 1824 ὢν
858 1795 901 1824 ἐπὶ

128 1849 221 1886 νεκροῦ
242 1846 396 1885 ἀκάθαρτος.
417 1839 503 1873 ’Ἦλθε
518 1842 545 1872 δὲ
559 1845 573 1872 ὁ
586 1842 648 1876 λαὸς
670 1844 706 1875 εἷς
728 1841 832 1877 Καδὴς,
855 1842 900 1870 καὶ

128 1894 183 1923 ἐκεῖ
197 1893 310 1922 ἀπέθανε
324 1890 432 1931 Μαρία,
446 1889 491 1919 καὶ
512 1889 606 1929 ἐτάφη.
629 1889 688 1918 Οὔκ
710 1888 782 1920 ὄντος
809 1887 900 1919 ὕδατος

129 1939 211 1968 πάλιν
233 1937 404 1978 γογγύζουσιν
427 1938 452 1965 οἱ
475 1935 613 1964 Ἰουδαῖοι·
633 1937 648 1963 ὁ
662 1933 689 1963 δὲ
710 1935 829 1968 Μωῦσῆς
854 1932 899 1962 καὶ

130 1984 229 2024 Ἀαρὼν
254 1983 407 2013 κελεύονται
430 1983 461 2011 ἐκ
488 1983 536 2016 τῆς
558 1980 656 2020 πέτρας
670 1980 805 2019 ἐξαγαγεῖν
819 1978 898 2018 ὕδωρ.

129 2029 278 2064 Ἔπάταξεν
290 2029 371 2065 αὐτὴν
382 2029 396 2058 ὁ
405 2029 522 2063 Μωῡσῆς
535 2026 633 2066 λέγων·
642 2026 689 2061 Μὴ
702 2027 731 2055 ἐκ
740 2027 788 2060 τῆς
801 2025 899 2064 πέτρας

129 2076 228 2112 ταύτης
247 2076 370 2114 ἑξάξομεν
384 2074 453 2114 ὕδωρ
468 2075 546 2112 {sp-M
567 2072 620 2102 Καὶ
632 2071 736 2108 ἐξῆλθεν
751 2071 829 2111 ὕδωρ.
845 2071 898 2100 Καὶ

129 2117 187 2151 εἷπε
201 2122 296 2162 Κύριος
304 2121 368 2161 πρὸς
382 2121 501 2155 Mosae-712
515 2119 560 2149 καὶ
574 2118 683 2158 Ἀαρών·
697 2117 763 2148 “Ort
777 2119 824 2146 οὐκ
838 2118 897 2146 ἐπι-

130 2168 256 2198 στεύσατε
268 2179 313 2206 μοι
324 2166 432 2206 ἁγιάσαι
448 2177 482 2204 με
495 2164 610 2194 ἐναντίον
623 2166 675 2193 τῶν
692 2165 756 2192 υἱῶν
772 2162 881 2203 Ἰσραὴλ
889 2186 898 2200 ,

130 2214 173 2243 διὰ
186 2216 263 2242 τοῦτο
282 2215 330 2242 οὗκ
349 2211 465 2246 εἰσάξετε
479 2213 554 2249 ὑμεῖς
567 2210 616 2246 τὴν
630 2209 784 2249 συναγωγὴν
798 2208 896 2245 ταύτην
912 2223 930 2246 C

129 2262 166 2293 εἷς
180 2259 229 2296 τὴν
242 2261 303 2298 γῆν,
320 2258 352 2293 ἣν
366 2257 452 2286 ἔδωκα
467 2259 562 2289 αὐτοῖς.
584 2255 766 2295 Πρεσὸεύεται
779 2256 898 2290 Μωῦσῆς

129 2305 193 2346 πρὸς
207 2305 251 2334 τὸν
267 2303 378 2344 βασιλέα
392 2302 496 2340 Ἐδὼμ,
511 2302 572 2331 ’ἵνα
593 2303 646 2341 ἀφῇ
664 2300 773 2334 αὐτούς·
790 2303 804 2329 ὁ
825 2300 853 2329 δὲ
866 2301 896 2330 οὗ

130 2355 297 2396 συνεχώρησε
308 2366 314 2372 ·
337 2353 382 2383 καὶ
400 2352 532 2387 ἐξέκλιναν
546 2354 592 2381 ἀπ’
609 2353 688 2381 αὐτοῦ
709 2351 760 2380 υἱοὶ
775 2350 898 2390 Ἰσραήλ.’

129 2407 176 2440 Ὡς
190 2406 219 2436 δὲ
230 2402 308 2442 ἦλθον
321 2406 357 2437 εἷς
369 2403 423 2444 Ὦρ
435 2402 466 2433 τὸ
477 2403 549 2443 ὅρος,
564 2402 734 2435 κελεύσαντος
747 2404 793 2431 τοῦ
806 2403 876 2432 Θεοῦ
886 2425 894 2440 ,

162 2494 172 2506 ⁸
189 2491 221 2515 In
238 2489 402 2515 Onomasuco
425 2487 594 2513 Auianasiano
615 2487 649 2512 nd
665 2495 753 2513 vocem
777 2492 888 2522 θαυμάζω

952 1203 1003 1232 Dei
1013 1203 1153 1242 placitum,
1160 1210 1186 1232 et
1195 1213 1257 1232 arca
1267 1203 1365 1232 mansit
1375 1203 1403 1232 in
1413 1203 1507 1232 castris
1518 1213 1580 1232 cum
1591 1205 1697 1243 Moyse.

952 1249 1100 1288 Exivitque
1113 1249 1223 1280 Amalec
1236 1257 1263 1279 et
1275 1250 1407 1289 percussit
1420 1260 1475 1279 eos.
1491 1250 1650 1289 Praecipitur
1662 1249 1698 1279 dc

953 1295 1126 1332 holocaustis,
1141 1295 1175 1325 de
1189 1295 1330 1336 primitiis,
1338 1294 1372 1324 dc
1383 1295 1520 1325 sacrificiis
1529 1305 1578 1335 pro
1588 1294 1696 1324 delicto.

952 1342 1141 1381 Deprehensus
1160 1348 1199 1370 cst
1212 1341 1347 1381 quispiam
1359 1341 1432 1381 ligna
1447 1341 1575 1381 colligens
1590 1341 1616 1370 in
1638 1342 1698 1371 sab-

952 1387 1027 1420 bato,
1049 1394 1075 1416 et
1097 1387 1232 1427 lapidatus
1252 1394 1302 1417 est.
1318 1387 1515 1427 Praecipiuntur
1535 1387 1655 1417 fimbrias
1668 1388 1695 1416 in

952 1432 1007 1462 oris
1017 1433 1114 1462 facere.
1125 1434 1165 1462 De
1175 1434 1254 1470 Core,
1269 1433 1376 1462 Dathan
1388 1440 1414 1462 et
1428 1433 1529 1463 Abiron
1541 1446 1548 1463 ε
1563 1434 1695 1463 tumultus

951 1489 1056 1514 eorum,
1082 1485 1107 1507 et
1130 1489 1213 1518 poenae
1237 1489 1303 1517 quas
1322 1478 1464 1508 dederunt.
1491 1480 1540 1509 His
1564 1480 1693 1519 peractis,

951 1524 1049 1563 reliqui
1073 1524 1108 1553 de
1131 1524 1233 1564 populo
1254 1535 1307 1554 non
1330 1524 1366 1554 ad
1378 1525 1518 1554 meliorem
1541 1524 1571 1555 se
1590 1526 1695 1566 frugem

950 1578 1118 1611 receperunt,
1133 1571 1179 1600 sed
1191 1582 1285 1600 rursus
1296 1572 1498 1602 insurrexerunt
1510 1579 1601 1603 contra
1614 1575 1695 1612 Moy-

952 1628 1019 1655 sem,
1047 1619 1252 1657 moriunturque
1274 1618 1477 1657 quatuordecim
1497 1620 1573 1649 mille
1592 1620 1689 1660 septin·

952 1664 1034 1703 genti.
1051 1665 1128 1693 Tunc
1140 1664 1234 1693 floruit
1246 1665 1324 1703 virga
1337 1665 1461 1693 Aaronis.
1477 1665 1551 1694 Dicit
1565 1673 1590 1695 ct
1602 1666 1694 1695 statuit

951 1709 1018 1748 quid
1027 1710 1147 1749 accipere
1160 1709 1273 1738 debeant
1285 1709 1384 1739 Levitae
1398 1717 1424 1739 et
1433 1710 1555 1740 sacerdos
1570 1722 1692 1751 magnus,

951 1763 976 1785 et
990 1756 1075 1795 legem
1087 1755 1133 1785 dat
1151 1755 1185 1784 dc
1198 1755 1285 1784 cinere
1298 1755 1401 1793 vitulae,
1416 1767 1450 1785 cx
1470 1767 1521 1795 qua
1534 1758 1693 1798 aspersionis

951 1813 1020 1840 aqua
1031 1802 1121 1832 fiebat.
1135 1802 1210 1832 Hanc
1220 1812 1299 1841 porro
1309 1801 1423 1831 vitulam
1433 1803 1523 1832 visum
1534 1811 1573 1833 est
1581 1805 1694 1843 quibus-

952 1847 1014 1876 dam
1036 1858 1093 1877 esse
1111 1848 1225 1887 figuram
1246 1847 1379 1887 passionis
1399 1848 1508 1877 Domini
1526 1850 1608 1879 nostri
1628 1851 1693 1880 Jesu

951 1893 1064 1923 Christi.
1080 1895 1132 1923 Per
1145 1894 1261 1923 cinerem
1274 1900 1363 1922 autem
1376 1893 1469 1923 vitulae
1489 1896 1692 1927 mundabuntur

951 1939 975 1969 is
988 1940 1036 1978 qui
1050 1938 1207 1969 immundus
1218 1945 1274 1968 erat
1284 1950 1299 1968 a
1313 1946 1431 1969 mortuo.
1447 1941 1530 1971 Venit
1543 1949 1631 1972 autem
1646 1955 1691 1984 po-

951 1985 1034 2024 pulus
1058 1985 1086 2014 in
1108 1984 1203 2021 Gades,
1226 1984 1319 2023 ibique
1342 1991 1448 2014 mortua
1470 1987 1628 2026 sepultaque
1653 1997 1692 2019 cst

951 2031 1049 2061 Maria.
1075 2029 1222 2060 Deficiente
1241 2041 1309 2069 aqua
1333 2041 1440 2060 rursum
1454 2041 1623 2070 murmurant
1640 2035 1691 2064 Ju-

950 2077 1020 2107 daei:
1037 2077 1145 2117 Moyses
1162 2087 1227 2106 vero
1243 2083 1268 2105 et
1291 2079 1379 2105 Aaron
1395 2078 1528 2117 jubentur
1546 2090 1643 2118 aquam
1658 2081 1692 2110 de

950 2130 1025 2163 petra
1046 2122 1168 2153 educere.
1191 2122 1326 2152 Percussit
1347 2123 1423 2152 illam
1447 2126 1556 2165 Moyses
1579 2126 1669 2157 dicens
1682 2141 1688 2156 :

949 2171 1102 2211 Numquid
1129 2181 1166 2199 ex
1194 2171 1250 2199 hac
1272 2177 1356 2210 petra
1374 2172 1528 2202 educemus
1548 2176 1632 2203 vobis
1656 2187 1687 2204 a·
1698 2185 1768 2207 Num.
1783 2192 1823 2206 20.

950 2227 1038 2257 quam
1049 2219 1062 2245 P
1084 2216 1120 2246 Et
1132 2226 1237 2256 egressa
1251 2223 1291 2245 est
1304 2227 1384 2255 aqua.
1406 2218 1537 2257 Dixitque
1558 2221 1688 2251 Dominus
1702 2222 1735 2237 ¹⁰¹

950 2263 983 2292 ad
1008 2265 1131 2303 Moysem
1159 2269 1185 2292 et
1207 2265 1295 2292 Aaron
1308 2275 1314 2291 :
1343 2263 1420 2302 Quia
1445 2275 1504 2293 non
1527 2267 1688 2296 credidistis
1697 2283 1755 2303 Ibitl.
1765 2289 1784 2301 v,
1800 2285 1835 2300 12,

950 2310 1033 2346 mihi,
1047 2316 1079 2338 ιιι
1089 2309 1309 2347 sanctificaretis
1324 2319 1368 2338 me
1385 2319 1482 2339 coram
1489 2311 1563 2350 siliis
1574 2314 1669 2342 Israc'l
1678 2335 1686 2347 ‚

950 2357 1015 2385 ideo
1027 2366 1086 2385 non
1096 2356 1242 2386 inducetis
1254 2365 1309 2384 vos
1320 2357 1399 2384 hunc
1411 2363 1512 2385 cretum
1523 2359 1554 2386 in
1567 2364 1686 2395 terram,

951 2413 1040 2442 quam
1051 2402 1120 2431 dedi
1131 2403 1183 2432 eis.
1196 2403 1247 2431 Per
1258 2402 1358 2442 legatos
1369 2402 1423 2441 agit
1436 2404 1542 2442 Moyses
1554 2414 1615 2432 cum
1627 2416 1687 2444 rege

969 2489 978 2509 f
997 2488 1100 2514 Coislin.
1115 2492 1152 2515 καὶ
1168 2491 1235 2515 πάλιν
1246 2492 1389 2523 ὀργιζόμενον
1405 2493 1443 2514 τὸν
1456 2494 1518 2515 Θιόν.
1539 2496 1592 2516 τότε
1608 2494 1666 2519 εἶπεν
1678 2496 1690 2519 ὁ

130 2528 239 2553 diximus
250 2528 316 2553 hanc
329 2536 416 2553 vocem
425 2536 487 2560 soepe
500 2527 646 2560 siguificare,
659 2536 715 2551 cum
723 2527 888 2552 admiratione
937 2533 992 2558 Θεὸς
1003 2534 1036 2562 μὴ
1048 2532 1155 2558 ἀνελθεῖν,
1168 2537 1222 2560 quae
1232 2533 1289 2552 sunt
1302 2530 1423 2553 ἀσύστατα.

131 2567 241 2597 celebro,
260 2567 344 2592 laudo.
358 2568 413 2593 Hoc
428 2575 500 2591 seusu
512 2574 613 2598 prorsus
626 2565 665 2591 hic
682 2565 800 2599 explicari
814 2565 889 2591 debet

135 2609 270 2639 ἐθαύμαζον,

970 2575 980 2587 ²
998 2566 1035 2594 ἵνα
1043 2572 1090 2602 ἀφῇ
1102 2570 1188 2597 αὐτοὺς,
1202 2565 1287 2597 suppl?
1297 2570 1457 2599 παρέρχεσθαι.

1480 2639 1527 2666 26.
