1890 2826
131 613 186 634 Gen.
200 618 219 633 1.
229 612 266 634 26.

126 783 194 805 Psal.
204 784 254 813 146.

130 1106 188 1127 Gen.
197 1112 218 1128 π.
228 1105 256 1128 23

195 1436 264 1459 Adam

123 1470 245 1498 prophetioe

122 1501 206 1521 donum
228 1508 264 1521 ac-

122 1535 219 1559 ceperat.

125 1950 180 1971 Gen.
191 1955 214 1970 2.
223 1948 262 1978 24-

124 2134 181 2154 Gen.
192 2139 262 2168 ²2²¹·

283 197 351 245 574

280 277 311 300 ut
329 269 478 299 dominus:
503 269 610 300 nomina
631 269 733 312 quippe
755 270 863 301 nonnisi
886 271 1019 301 Dominus

279 317 394 358 imponit
406 324 431 346 et
444 318 532 347 Pater.
548 317 670 348 Attende.
684 312 802 348 Nomina
823 318 875 348 alia
892 318 1021 360 imposuit

279 367 353 396 Deus
362 387 370 403 ,
385 365 437 395 alia
451 364 548 395 Adam.
561 363 634 395 Deus
646 366 754 397 vocavit
773 366 885 405 caelum,
901 372 999 397 ten-am
1010 389 1018 405 ,
1036 372 1055 396 c

279 423 353 442 mare
365 434 374 450 ,
401 412 614 449 firmamentum,
640 411 712 442 diem
722 436 730 450 ‚
761 407 867 451 luoem,
892 419 998 444 noctem
1009 435 1018 450 ‚

278 459 407 496 fructum,
422 458 542 495 herbam,
555 458 667 496 foenum,
678 459 752 499 ligna
760 471 769 498 ς
784 470 879 501 pecora
891 466 980 490 auoem
994 466 1019 490 et

278 504 399 535 volatilia
414 503 499 533 Adam
510 505 627 542 vocavit,
645 512 788 546 pavonem,
798 506 928 545 aquilam,
945 506 1018 536 vitu-

279 550 348 588 lum,
370 561 467 581 ovem:
480 550 525 580 hic
542 551 725 591 speciessillic
746 563 850 592 genera,
868 562 902 582 ne
920 552 1019 582 falsum

279 597 524 638 depoeheuderetui·
542 598 593 628 hoc
606 597 710 629 dictum
723 612 730 628 ε
746 601 906 630 Faciamus
925 601 1019 629 homi-

279 655 345 674 nem
359 646 399 674 ad
419 647 577 686 imaginem
592 652 731 676 nostram.
747 647 822 676 Deus
842 647 951 676 nomina
966 647 1019 678 im-

278 691 354 730 ponit
376 691 567 728 luminaribus,
584 693 695 731 Ursam,
708 692 848 730 Orionem,
869 692 1017 732 Pleiadem,

277 740 445 779 vesperum,
458 739 622 769 Luciferum.
637 741 700 770 Haec
714 741 802 770 omnia
814 741 887 770 Deus
897 741 1019 771 nomina-

276 786 326 817 vit.
342 786 430 816 Testis
442 793 482 816 est
494 785 584 817 David
597 787 705 817 dicens:
722 789 780 827 Qui
792 795 926 818 numerat
943 789 1018 818 mul-

278 833 430 862 titudinem
452 833 606 862 stellarum
629 840 659 863 et
680 836 814 864 omnibus
835 836 875 864 eis
898 837 1019 865 nomina

276 884 375 906 vocat.
388 878 462 907 Deus
476 878 583 907 nomina
597 878 667 908 indit
680 879 814 919 supernis,
829 878 917 909 Adam
929 886 1017 910 terre-
1032 876 1053 900 Ῑ)

276 923 329 952 nis.
347 923 474 953 Nominat
490 925 564 954 Deus
581 924 686 961 caelum,
708 931 817 962 terram,
835 931 931 954 cuncta
953 925 1018 963 alia,

276 969 364 999 Adam
377 992 384 1005 ‚
411 969 512 1009 ignem,
540 970 684 1000 hominem.
707 970 828 1000 Adamas
854 981 919 1001 vero
951 971 1020 1011 quid

276 1014 411 1045 nominat?
435 1016 555 1056 Imponit
579 1027 676 1046 nomen
695 1016 840 1057 jumentis,
863 1010 1018 1058 reptilibus,

275 1062 379 1091 bestiis.
394 1064 503 1093 Novum
523 1073 617 1092 nomen
642 1063 761 1093 Adamus
781 1070 870 1101 vocat,
894 1075 935 1102 οε,
961 1076 1020 1095 car-

276 1118 348 1143 nem,
357 1108 391 1138 de
403 1109 516 1138 muliere
528 1109 636 1139 dicens:
649 1111 714 1139 Hoc
724 1121 803 1140 nunc
815 1120 847 1139 os
857 1121 894 1140 ex
906 1112 1019 1141 ossibus

276 1158 361 1192 meis,
379 1163 408 1186 et
427 1167 495 1186 caro
514 1157 551 1186 de
568 1167 655 1186 carne
679 1167 755 1186 mea.
773 1158 847 1187 Deus
865 1158 936 1187 enim
955 1169 1018 1188 cum

276 1203 365 1243 ipsum
388 1203 524 1241 formavit,
550 1214 603 1232 non
624 1203 707 1240 dixit,
731 1204 858 1234 formasse
882 1204 962 1234 illum
984 1216 1019 1234 ex

276 1248 381 1278 ossibus
395 1256 420 1278 ct
439 1260 528 1278 carne.
543 1250 650 1278 Rursus
667 1249 734 1279 dicit
746 1251 836 1284 Deus,
852 1250 991 1280 Masculus
1004 1262 1013 1290 ς

274 1294 321 1324 hic
344 1294 420 1330 dicit,
442 1294 515 1325 Vir:
530 1295 603 1323 Deus
626 1294 703 1332 dicit,
724 1295 846 1329 Femina;
872 1294 917 1324 hic
940 1295 1016 1332 dicit,

274 1340 385 1369 Mulier.
398 1339 532 1379 Quodque
543 1340 644 1369 mirum
657 1347 696 1370 est
709 1363 716 1377 ,
731 1340 797 1379 quia
808 1340 913 1380 Spiritu
926 1349 1016 1372 sancto
1031 1340 1051 1363 Ε

273 1386 371 1426 plenus
381 1393 436 1415 erat
446 1408 454 1423 ,
467 1385 640 1424 nondumque
656 1386 737 1416 miser
756 1393 935 1426 transgressus
955 1388 1014 1418 sue-

274 1439 336 1470 rat;
356 1432 403 1462 scd
425 1432 510 1472 gratia
526 1432 648 1472 -repletus
667 1439 733 1469 erat,
759 1432 910 1472 prophetia,
934 1442 1017 1472 quam

274 1479 366 1520 paucis
377 1487 437 1510 ante
448 1480 544 1510 diebus
554 1478 629 1518 apud
638 1486 753 1509 vestram
765 1480 901 1510 caritatem
921 1481 1015 1511 distin-

274 1526 398 1566 guebam,
411 1533 466 1556 tota
486 1526 513 1555 in
526 1526 584 1566 ipso
596 1532 660 1555 erat.
672 1525 778 1555 Sciebat
789 1525 862 1555 enim
871 1527 1015 1567 praeterita,

272 1572 372 1601 sciebat
391 1572 531 1612 praesentia
549 1578 576 1601 et
595 1572 697 1600 sutura.
711 1571 854 1608 Quomodo
874 1573 1015 1612 praesentia

271 1618 396 1647 sciehat?
415 1620 446 1649 ln
470 1629 580 1658 corpore
601 1628 630 1647 os
651 1624 726 1647 extra
748 1627 800 1647 non
821 1625 932 1658 apparet
943 1630 953 1658 ;
967 1619 1015 1650 sed

271 1664 334 1703 quia
357 1664 488 1704 Spiritum
502 1664 632 1700 habebat,
645 1662 711 1692 dicit
725 1674 732 1691 :
753 1664 820 1693 Hoc
837 1674 915 1693 nunc
929 1675 962 1694 os
975 1675 1012 1694 ex

272 1712 382 1740 ossibus
408 1713 489 1740 meis.
514 1709 657 1747 Quomodo
677 1709 796 1746 sciebat,
819 1710 872 1740 nisi
894 1711 1012 1751 Spiritus

270 1763 376 1785 sanctus
389 1756 442 1796 ipsi
461 1755 630 1786 revelasset?
642 1756 698 1785 Cur
718 1766 781 1795 ergo
802 1756 920 1796 primum
937 1768 967 1788 os
987 1765 1013 1789 ct

270 1809 328 1831 tum
348 1813 455 1831 carnem
475 1801 701 1838 nominat?Quia
721 1802 809 1841 primo
831 1810 932 1833 costam
953 1804 1011 1844 ejus
1017 1821 1056 1841 1⁸⁹2

270 1849 382 1888 accepit.
407 1850 491 1887 Haec,
511 1848 609 1887 inquit,
629 1849 784 1877 vocabitur
806 1849 921 1887 mulier,
941 1852 1012 1890 quia
1028 1850 1047 1874 Α

271 1895 307 1922 tle
320 1896 386 1924 viro
404 1905 457 1924 suo
478 1901 574 1924 sumta
590 1901 634 1923 est
646 1895 717 1923 haec.
733 1895 904 1925 Vaticinatur
914 1904 1012 1937 praete-

271 1940 332 1977 rita,
344 1940 415 1970 dixit
434 1940 571 1980 praescntia
583 1952 592 1978 ;
607 1939 674 1969 dicit
682 1940 739 1979 jam
752 1940 852 1971 futura.
870 1943 1012 1981 Quamob-

272 1997 331 2015 rem
343 1988 487 2027 relinquet
504 1988 589 2017 homo
606 1993 718 2026 patrem
738 1994 766 2016 et
790 1995 922 2018 matrem.
936 1991 1012 2019 Non-

271 2031 338 2060 dum
356 2040 413 2062 erat
430 2033 644 2070 matrimonium,
659 2040 685 2062 ct
702 2033 773 2062 unde
783 2041 858 2073 pater
869 2042 895 2064 et
905 2042 989 2065 mater
998 2038 1011 2064 Ρ

271 2079 392 2107 Rursum
415 2078 526 2107 audiant
545 2079 672 2108 haeretici.
695 2079 793 2110 Voluit
814 2082 886 2110 Deus
907 2081 1011 2112 Adamo

272 2134 383 2153 uxorem
398 2124 538 2153 efformare
548 2137 556 2153 ε
568 2114 693 2153 immisit
705 2127 838 2155 ecstasim
853 2128 884 2156 in
895 2128 1011 2167 Adam,

272 2175 301 2198 et
314 2170 498 2200 obdormivit.
512 2172 599 2200 Omne
615 2171 665 2200 Dei
688 2172 799 2201 verbum
814 2174 954 2213 antiquum
968 2188 1011 2207 re-

272 2215 335 2258 gula
347 2223 447 2246 naturae
458 2216 518 2246 fuit.
527 2216 627 2246 Docuit
635 2216 717 2256 primi
727 2219 862 2258 exemplo,
875 2223 1011 2259 quomodo

270 2271 391 2304 suscepta
403 2263 492 2304 proles
503 2263 537 2291 ab
549 2262 657 2292 homine
670 2262 758 2293 dividi
769 2263 874 2294 debeat.
885 2269 1011 2298 Immisit

271 2313 351 2340 Deus
363 2319 496 2340 somnum
510 2311 542 2337 in
555 2308 667 2337 Adam.
682 2310 749 2339 Rem
763 2310 859 2339 mIram
871 2310 879 2340 l
891 2313 1012 2353 Tempus

270 2357 348 2394 dicit,
361 2354 634 2395 quomatrimonium
651 2356 746 2386 initur.
766 2356 882 2386 Somnus
903 2361 1010 2390 ecstasis
1026 2354 1044 2376 B

270 2410 391 2436 vocatur,
402 2400 466 2440 quia
479 2401 559 2430 homo
569 2401 646 2440 quasi
657 2409 732 2432 extra
744 2403 862 2442 scipsum
878 2410 942 2440 tunc
958 2413 1007 2435 est.

269 2450 344 2478 Intus
355 2447 444 2477 anima
455 2454 509 2484 cst,
522 2454 548 2477 et
562 2458 615 2477 non
635 2454 674 2477 est
685 2447 767 2478 intus.
781 2451 841 2479 Non
853 2451 943 2488 sentit,
955 2462 1009 2483 non

270 2494 411 2534 intelligit,
424 2493 535 2524 audiens
554 2504 607 2523 non
629 2494 715 2524 audit.
730 2496 817 2526 Velut
837 2496 918 2526 hodie
936 2497 1008 2528 dici-

270 2551 329 2569 mus
336 2563 344 2577 ,
357 2540 459 2570 Ecstasi
478 2551 543 2570 usus
553 2544 607 2579 σει,
619 2540 693 2580 quod
705 2548 779 2571 extra
792 2543 897 2582 negotia
906 2543 1004 2574 fuerit:

302 2619 315 2637 b
334 2618 413 2643 vatic?
427 2621 504 2646 ὃιεὶλκ.

959 210 1125 235 suvmuAN
1130 211 1140 234 1

1075 284 1147 311 ματα
1160 272 1210 312 γὰρ
1224 274 1253 302 οὔ
1267 273 1379 311 τίθησιν,
1392 273 1410 310 ἢ
1425 275 1560 312 Δεσπότης
1575 277 1652 316 μόνος
1671 277 1716 308 καὶ
1736 277 1844 320 Πατήρ.

1074 317 1207 358 Πρόσεχε.
1224 320 1286 348 Τῶν
1299 319 1434 359 ὀνομάτων
1449 321 1466 350 ἃ
1480 321 1527 360 μὲν
1541 322 1632 359 ἔθηκεν
1643 326 1657 353 ὁ
1671 323 1754 362 Θεὸς,
1775 325 1792 354 ἃ
1813 324 1845 354 δὲ

1073 366 1087 393 ὁ
1098 364 1191 403 Ἀδάμ.
1207 364 1260 394 Καὶ
1271 367 1285 394 ὁ
1296 370 1344 405 μὲν
1356 366 1424 400 Θεὸς
1435 367 1558 398 ἐκάλεσεν
1572 370 1692 409 οὐρανὸν,
1710 373 1772 410 γῆν,
1792 371 1842 401 θά-

1073 410 1184 446 λασσαν,
1205 410 1344 452 στερέωμα
1349 435 1362 450 „
1380 413 1491 453 ἡμέραν,
1515 417 1583 455 φῶς,
1607 414 1704 454 νύκτα,
1729 417 1840 458 καρπὸν,

1074 456 1196 496 βοτάνην,
1208 458 1313 498 χόρτον,
1326 458 1390 493 ξύλα
1398 471 1404 478 ·
1417 459 1452 489 τὰ
1465 460 1548 497 κτήνη
1564 460 1591 491 δὲ
1605 461 1694 491 καὶτὰ
1707 463 1814 493 πετεινὰ
1826 465 1841 492 ὁ

1074 502 1158 541 Ἀδὰμ
1167 497 1253 533 εἶπεν·
1265 505 1370 541 ταῶνα,
1386 506 1470 543 ἀετὸν,
1485 505 1594 547 μόσχον,
1608 507 1753 548 πρόῦατον·
1767 503 1842 542 οὗτος

1073 547 1106 578 τὰ
1118 547 1174 585 εἴδη
1183 571 1191 586 ,
1205 551 1303 583 ἐκεῖνος
1313 550 1346 580 τὰ
1357 550 1420 590 γένη
1430 575 1438 589 ,
1457 551 1500 582 ἵνα
1521 553 1558 591 μὴ
1577 553 1707 594 ψεύσηται
1724 553 1756 583 τὸ
1768 556 1842 595 ῥῆμα

1072 596 1118 624 τοῦ
1130 595 1248 629 εἰπόντος
1256 608 1263 614 ·
1276 596 1435 636 Ποιήσωμεν
1445 597 1580 640 ἄνθρωπον
1594 601 1658 629 κατ’
1669 600 1758 629 εἰκόνα
1770 602 1841 640 ἠμε-

1073 640 1161 680 τέραν.
1176 641 1210 671 Ὁ
1223 641 1291 675 Θεὸς
1310 642 1427 682 ὀνόματα
1446 643 1538 680 τίθησι
1555 649 1610 679 τοῖς
1626 647 1778 686 φωστῆρσι·
1791 646 1841 683 τὴν

1073 687 1177 727 ἄρκτον,
1191 687 1236 717 τὸν
1252 688 1370 728 ὤρίωνα,
1388 689 1437 725 τὴν
1457 690 1582 727 πλειάδα,
1603 691 1648 720 τὸν
1661 691 1780 732 ἕσπερον,
1795 691 1841 721 τὸν

1072 732 1219 774 φωσφόρον.
1233 734 1327 763 Ταῦτα
1339 734 1428 765 πάντα
1438 737 1452 764 ὁ
1462 735 1530 770 Θεὸς
1542 736 1690 776 ὠνόμασεν.
1704 739 1842 778 Μαρτυρεῖ

1072 780 1156 811 Δαυὶδ
1169 781 1252 819 λέγων
1262 796 1269 802 ·
1283 779 1318 815 Ὁ
1333 783 1449 824 ἀριθμῶν
1463 783 1551 820 πλήθη
1571 783 1683 825 ἄστρων,
1701 784 1747 814 καὶ
1759 789 1842 815 πᾶσιν

1072 828 1160 861 αὐτοῖς
1177 827 1294 868 ὀνόματα
1312 831 1410 860 καλῶν.
1425 829 1494 863 Θεὸς
1512 831 1696 869 ὀνοματοποιεῖ
1712 830 1747 860 τὰ
1767 830 1841 869 ἅνω,

1072 872 1155 912 Ἀδὰμ
1169 873 1203 903 τὰ
1217 874 1260 904 ἐπὶ
1274 876 1337 915 γῆς·
1350 877 1426 905 καλεῖ
1436 878 1450 906 ὁ
1463 875 1532 909 Θεὸς
1547 876 1664 917 οὐρανὸν,
1676 878 1736 916 γῆν,
1752 877 1840 908 πάντα

1070 918 1105 948 τὰ
1113 919 1190 949 ἄλλα·
1200 922 1276 950 καλεῖ
1287 921 1331 951 τὸν
1342 921 1434 961 Ἀδὰμ,
1444 925 1507 963 πῦρ,
1518 922 1664 963 ἄνθρωπον.
1676 923 1711 952 ‘O
1722 922 1806 964 Ἀδὰμ
1813 923 1841 953 τί

1071 966 1164 1002 καλεῖς
1178 965 1284 1006 Ὀνομα
1293 973 1345 1002 τοῖς
1352 967 1469 1006 κτήνεσι,
1483 973 1536 1002 τοῖς
1550 973 1689 1006 πετεινοῖς,
1705 974 1759 1003 τοῖς
1766 971 1841 1010 ἑρπε-

1070 1014 1134 1046 τοῖς,
1147 1015 1201 1045 τοῖς
1208 1013 1316 1053 θηρίοις.
1332 1015 1417 1044 Καλεῖ
1426 1014 1508 1054 ὄνομα
1523 1014 1593 1050 ξένον
1605 1017 1620 1045 ὁ
1633 1014 1726 1055 Ἀδὰμ,
1735 1017 1838 1052 ὀστοῦν,

1071 1056 1173 1097 σάρκα,
1187 1059 1248 1098 περὶ
1261 1061 1309 1095 τῆς
1321 1060 1442 1100 γυναικὸς
1459 1060 1557 1098 λέγων·
1578 1062 1666 1091 Τοῦτο
1683 1064 1728 1090 νῦν
1746 1064 1840 1092 ὀστοῦν

1071 1103 1102 1132 ἐκ
1119 1106 1171 1133 τῶν
1185 1106 1269 1134 ὀστῶν
1284 1117 1351 1145 μου,
1363 1105 1411 1135 καὶ
1427 1105 1493 1146 σὰρξ
1502 1142 1504 1149 Ι
1513 1107 1544 1136 ἐκ
1557 1108 1605 1142 τ’ἥς
1617 1106 1713 1147 σαρκός
1729 1118 1790 1147 μου.
1804 1107 1843 1138 Ὅ,

1069 1149 1121 1190 γὰρ
1135 1150 1203 1185 Θεὸς
1223 1151 1266 1181 ὅτε
1281 1151 1358 1182 αὐτὸν
1372 1151 1495 1188 ἔπλασεν,
1504 1154 1552 1182 οὗκ
1565 1148 1694 1190 εἷπεν,8τι
1705 1152 1733 1187 ἐξ
1741 1153 1843 1184 ὀστέων.

1070 1196 1148 1226 αὐτὸν
1159 1196 1257 1227 ἔπλασε
1269 1197 1315 1227 καὶ
1329 1198 1435 1238 σαρκός.
1449 1198 1536 1228 Πάλιν
1551 1201 1564 1228 ὁ
1575 1199 1644 1233 Θεὸς
1654 1199 1740 1238 λέγει,
1752 1199 1840 1240 ἅῤῥεν·

1069 1237 1143 1276 οὗτος
1155 1243 1243 1282 λέγει,
1256 1244 1323 1284 ἀνήρ
1332 1256 1339 1263 ·
1353 1248 1367 1274 ὁ
1381 1245 1450 1279 Θεὸς
1462 1244 1548 1284 λέγει,
1563 1247 1628 1281 θῆλυ
1637 1257 1644 1264 ·
1661 1242 1735 1280 οἶτος
1751 1246 1840 1286 λέγει,

1069 1287 1145 1326 γυνή.
1165 1288 1219 1318 Καὶ
1242 1289 1272 1319 τὸ
1291 1291 1452 1329 θαυμαστὸν,
1473 1291 1564 1328 ἐπειδὴ
1585 1291 1740 1332 Πνεύματος
1764 1293 1844 1333 ἁγίου.

1070 1334 1260 1374 ἐπεπλήρωτο,
1275 1335 1320 1364 καὶ
1338 1336 1440 1365 οὐδέπω
1453 1332 1486 1372 ἦν
1500 1336 1623 1376 παραὸὰς
1635 1339 1649 1367 ὃ
1664 1338 1764 1375 ἄθλιος,
1779 1340 1839 1369 ἀλλ’

1069 1379 1147 1419 ἔγεμε
1158 1381 1280 1421 χάριτος,
1294 1383 1312 1417 ἡ
1325 1381 1486 1422 προφητεία,
1497 1381 1531 1418 ἢν
1544 1380 1657 1412 Ι’διεῖλον
1670 1385 1722 1424 πρὸ
1732 1387 1842 1427 ἡμερῶν

1068 1426 1113 1455 ἐπὶ
1124 1428 1173 1462 τῆς
1185 1427 1312 1468 ὑμετέρας
1324 1428 1442 1466 ἀγάπης,
1456 1430 1504 1466 ὅλη
1518 1427 1551 1468 ’ἦν
1565 1433 1592 1460 ἐν
1607 1433 1688 1472 αὐτῷ.
1698 1431 1776 1474 ᾜδει
1787 1432 1838 1473 γὰρ

1068 1470 1103 1501 τὰ
1112 1473 1279 1512 προλαὸόντα
1287 1497 1295 1511 ,
1309 1474 1368 1514 ᾔδει
1380 1474 1414 1503 τὰ
1425 1477 1555 1506 ἐνεστῶτα
1567 1499 1575 1515 ,
1590 1476 1638 1507 καὶ
1647 1477 1686 1506 τὰ.
1695 1477 1837 1516 μέλλοντα.

1069 1519 1133 1552 Πῶς
1145 1519 1179 1549 τὰ
1191 1520 1309 1560 παρόντα
1322 1521 1396 1561 ᾔδεις
1415 1522 1463 1552 Ἐν
1479 1522 1584 1562 σώματι
1597 1523 1690 1558 ἔξωθεν
1703 1523 1793 1553 ὀστέον
1807 1526 1837 1554 οὖ

1068 1565 1188 1605 φαίνεται
1198 1578 1204 1584 ·
1218 1567 1276 1596 ἀλλ’
1290 1567 1381 1603 ἐπειδὴ
1395 1567 1426 1597 τὸ
1439 1569 1552 1608 Πνεῦμα
1566 1564 1637 1609 εἶχε,
1646 1569 1735 1609 λέγει·
1749 1571 1838 1600 Τοῦτο

1068 1614 1113 1640 νῦν
1127 1613 1219 1642 ὀστοῦν
1244 1614 1274 1642 ἐκ
1294 1609 1347 1644 τῶν
1368 1616 1452 1644 ὀστῶν
1467 1627 1526 1654 μου.
1549 1616 1635 1646 Πόθεν
1657 1613 1733 1657 ᾔδει,
1752 1619 1775 1647 εἶ
1798 1617 1840 1657 μὴ

1067 1659 1180 1698 Πνεῦμα
1189 1659 1262 1699 ἅγιον
1274 1660 1455 1701 ἀπεκάλυψεν;
1470 1661 1549 1691 Διατί
1560 1657 1604 1691 οῧν
1621 1664 1726 1702 πρῶτον
1734 1665 1839 1701 ὀστοῦν,

1067 1704 1112 1734 καὶ
1126 1705 1184 1735 τότε
1203 1706 1282 1747 σάρξ;
1305 1707 1417 1743 Ἐπειδὴ
1433 1710 1537 1747 πρῶτον
1558 1708 1673 1749 πλευρὰν
1691 1709 1785 1739 Quem
1809 1709 1836 1744 ἐξ

1067 1752 1157 1781 αὐτοῦ.
1175 1752 1268 1790 Αὕτη,
1287 1753 1368 1793 φησὶ,
1390 1754 1552 1790 κληθήσεται
1572 1755 1657 1794 γυνὴ,
1676 1754 1716 1785 ὅτι
1738 1757 1769 1785 ἐκ
1789 1755 1842 1785 τοῦ

1067 1797 1159 1837 ἀνδρὸς
1179 1800 1259 1834 αὗτῆς
1279 1799 1378 1840 ἐλήφθη
1394 1800 1470 1836 αὕτη.
1490 1800 1658 1840 Προφητεύει
1677 1801 1711 1831 τὰ
1733 1803 1836 1843 προλα-

1067 1843 1163 1879 ὅόντα,
1183 1839 1241 1873 εἶπε
1261 1844 1295 1874 τὰ
1313 1845 1431 1886 παρόντα
1441 1859 1448 1865 ·
1463 1846 1535 1886 λέγει
1554 1846 1588 1875 τὰ
1603 1846 1734 1885 μέλλοντα
1745 1859 1751 1866 ·
1767 1848 1836 1877 Ἀντὶ

1066 1888 1159 1918 τούτου
1173 1890 1328 1930 καταλείψει
1341 1891 1476 1931 ἄνθρωπος
1497 1892 1541 1922 τὸν
1562 1891 1664 1932 πατέρα
1688 1896 1767 1924 αὐτοῦ
1789 1894 1835 1923 καὶ

1066 1935 1114 1971 τὴν
1137 1935 1249 1976 μητέρα.
1263 1937 1378 1966 Οὐδέπω
1399 1937 1497 1977 γάμος,
1521 1938 1566 1968 καὶ
1588 1939 1666 1969 πόθεν
1687 1939 1776 1980 πατὴρ
1790 1940 1839 1970 καὶ

1067 1981 1171 2022 μήτηρ;
1197 1983 1277 2012 πάλιν
1301 1983 1467 2013 ἀκουέτωσαν
1490 1986 1627 2025 αἱρετικοί.
1653 1986 1797 2022 Ἢθέλησεν
1821 1989 1836 2016 ὁ

1066 2028 1135 2061 Θεὸς
1156 2031 1266 2064 ποιῆσαι
1287 2031 1325 2069 τῷ
1348 2030 1431 2069 Ἀδὰμ
1454 2030 1503 2066 τὴν
1529 2035 1641 2070 γυναῖκα
1650 2053 1656 2059 -
1688 2032 1838 2062 Ἐπέὸαλεν

1065 2072 1188 2102 ἔκστασιν
1213 2073 1256 2102 ἐπὶ
1280 2074 1325 2103 τὸν
1346 2074 1444 2114 Ἀδὰμ,
1467 2075 1512 2104 καὶ
1537 2076 1664 2106 ὕπνωσεν.
1682 2078 1742 2106 Πᾶν
1762 2080 1835 2118 ῥῆμα

1065 2119 1136 2148 Θεοῦ
1149 2119 1257 2158 ἀρχαῖον
1270 2119 1356 2149 κανὼν
1368 2120 1470 2160 ἐγένετο
1479 2123 1527 2156 τῆς
1539 2122 1648 2162 φύσεως.
1661 2123 1848 2153 Ἐπαίδευσεν.

1066 2165 1118 2195 ἀπὸ
1132 2169 1177 2195 τοῦ
1189 2166 1294 2206 πρώτου
1303 2189 1311 2202 ,
1322 2168 1379 2200 πῶς
1393 2168 1431 2196 δεῖ
1446 2168 1650 2208 ἀπομερίζεσθαι
1661 2169 1714 2199 ἀπὸ
1727 2172 1773 2198 τοῦ
1787 2171 1835 2198 ἀν-

1065 2211 1170 2251 θρώπου
1195 2211 1226 2241 τὸ
1251 2212 1373 2252 πλάσμα.
1398 2213 1545 2243 Ἐπέὸαλεν
1567 2217 1581 2244 ὁ
1602 2215 1671 2248 Θεὸς
1689 2217 1727 2256 τῷ
1752 2215 1835 2255 Ἀδὰμ

1065 2257 1156 2287 ὕπνον.
1171 2258 1333 2295 Θαυμαστὸν
1347 2264 1469 2298 πρᾶγμα.
1493 2260 1546 2289 Τὸν
1570 2260 1660 2301 καιρὸν
1674 2261 1759 2300 λε’γει,
1774 2263 1835 2291 καθ’

1065 2303 1094 2332 ὃν
1107 2305 1121 2332 ὁ
1132 2303 1224 2343 γάμος.
1239 2303 1339 2337 Ὕπνος
1353 2304 1474 2338 ἔκστασις
1492 2305 1610 2344 λέγεται,
1633 2307 1723 2343 ἐπειδὴ
1742 2307 1834 2349 ὥσπερ

1065 2348 1115 2383 ἔξω
1127 2352 1220 2380 ἑαυτοῦ
1228 2350 1321 2387 στήκει
1330 2353 1343 2380 ὁ
1358 2353 1500 2390 ἄνθρωπος.
1514 2352 1590 2383 Ἔσω
1603 2356 1619 2389 ἡ
1633 2354 1716 2394 ψυχὴ,
1728 2353 1773 2385 καὶ
1786 2358 1834 2386 οὔκ

1066 2397 1118 2426 ἔσω
1131 2397 1212 2426 ἐστίν.
1234 2399 1293 2427 Οὔκ
1312 2398 1480 2436 αἰσθάνεται,
1501 2400 1531 2428 οὔ
1552 2403 1616 2435 νοεῖ,
1638 2401 1770 2431 ἀκούουσα
1785 2403 1833 2432 οὐκ

1066 2445 1163 2475 ἀκούει.
1177 2445 1283 2486 ’Ὠσπερ
1295 2446 1410 2487 σήμερον
1419 2448 1530 2486 λέγομεν
1539 2459 1546 2465 ·
1558 2447 1681 2477 ἐκστάσει
1691 2450 1832 2490 ἐχρήσατο,

1066 2495 1115 2529 ἔξω
1129 2497 1181 2524 τῶν
1194 2496 1358 2536 πραγμάτων
1372 2497 1525 2536 γενάμενος·
1541 2497 1621 2531 οὕτως
1632 2500 1649 2534 ἡ
1661 2499 1733 2539 ψυχὴ
1742 2522 1750 2535 ,
1770 2500 1834 2529 ὅταν

1066 2545 1115 2580 ἔξω
1135 2546 1241 2585 γένηται
1256 2548 1308 2576 τῶν
1321 2547 1477 2586 αἰσθήσεων,
1500 2549 1527 2577 ἐν
1546 2548 1670 2579 ἐκστάσει
1690 2549 1757 2579 ἐστί.
1778 2550 1834 2579 Καὶ
