1890 2826
86 489 153 510 Psal.
174 488 210 511 16-

240 185 284 232 78

237 257 295 286 fieri
312 256 408 297 possit,
423 267 486 286 eum
501 257 602 296 ubique
615 267 731 298 praesens
744 258 778 287 sit
790 257 805 286 Ρ
816 259 932 294 Verum,
950 263 979 286 ut

235 303 290 343 jam
303 302 373 340 dixi,
388 302 539 333 infirmitati
557 302 724 333 audientium
742 313 769 333 se
791 309 978 344 etampes-ans,

235 348 270 377 ab
291 348 336 385 iis,
359 359 474 388 quorum
500 360 609 390 capaces
632 356 717 386 erant,
746 356 861 379 mentem
884 360 979 378 eorum

236 395 332 424 erexit.
351 397 391 424 Ac
413 406 521 424 rursum
535 396 594 435 ejus
609 395 745 425 auxilium
766 401 793 425 et
811 395 980 425 securitatem

236 440 300 470 inde
313 449 416 482 partam
435 442 563 472 exhibere
586 442 689 478 volens,
705 442 801 472 iisdem
815 442 900 472 utitur
920 453 980 472 ver-

236 488 290 526 bis,
304 488 343 518 sic
356 488 448 518 dicens
459 502 467 518 :
483 491 520 518 In
535 490 639 518 umbra
651 489 768 519 alarum
787 496 904 519 tuat-um
913 499 980 529 pro-

238 540 313 574 teges
334 545 388 564 me.
407 535 465 564 Hoc
478 541 567 564 autem
591 535 650 564 loco
662 545 714 564 non
731 535 923 565 sublimitatem
933 546 973 565 so-

237 579 294 608 lum
305 579 364 619 ejus
377 589 408 608 ae
420 578 587 609 velocitatem
600 589 650 618 per
670 579 726 609 alas
742 579 895 609 subindicat
911 592 918 614 ς
933 579 980 609 sed

570 197 600 219 S.
627 196 768 220 JOANNIS
794 196 978 219 CHRYSOST-
1007 192 1162 222 AncflnzP.
1183 200 1456 223 CONSTANTINOP.

1031 259 1095 300 ὅπερ
1109 259 1188 300 ἔφθην
1208 261 1300 296 εἰπὼν,
1313 263 1347 300 τῇ
1362 261 1482 301 ἀσθενείᾳ
1499 264 1551 291 τῶν
1570 262 1717 292 ἀκουόντων
1736 274 1798 301 συγ-

1031 305 1206 342 καταὸαίνων,
1216 307 1269 336 ἀπὸ
1279 308 1331 336 τῶν
1345 307 1532 348 ἐγχωρούντων
1544 310 1639 348 ἀνῆγεν
1654 310 1739 338 αὖτῶν
1750 307 1799 344 τὴν

1033 352 1156 382 διάνοιαν.
1169 352 1223 382 Καὶ
1238 352 1319 383 πάλιν
1332 353 1381 389 τὴν
1402 353 1524 392 βοήθειαν
1538 356 1617 384 αὐτοῦ
1643 354 1798 394 βουλόμενος

1030 398 1075 428 καὶ
1087 397 1136 436 τὴν
1157 399 1188 429 ἐκ
1206 399 1305 435 ταύτης
1318 400 1463 440 ἀσφάλειαν
1483 399 1658 438 ἐνδείξασθαι,
1670 405 1728 434 ταῖς
1752 401 1799 429 αὖ·

1030 449 1088 479 ταῖς
1097 444 1226 485 κέχρηται
1245 445 1356 482 λέξεσιν,
1371 446 1439 476 οὕτω
1454 447 1538 484 λέγων
1547 459 1554 465 ·
1575 447 1622 477 Ἐν
1637 447 1722 487 σκέπῃ
1745 448 1798 476 τῶν

1029 491 1165 531 πτερύγων
1187 503 1233 522 σου
1248 493 1390 526 σκεπᾶσεις
1405 504 1447 532 με.
1462 493 1594 523 Ἐνταῦθα
1615 493 1704 532 μέντοι
1716 494 1746 523 οὗ
1768 492 1800 522 τὸ

1031 538 1170 578 μετάρσιον
1183 538 1229 568 καὶ
1242 541 1337 579 κοῦφον
1350 541 1414 578 ἡμῖν
1429 539 1572 568 αἰνίττεται
1596 539 1674 579 μόνον
1696 542 1710 569 ὃ
1731 550 1796 579 προ-

1029 583 1114 624 φήτης
1126 583 1170 614 διὰ
1182 586 1234 614 τῶν
1245 584 1382 624 πτερύγων
1397 585 1508 621 τούτων,
1524 586 1593 615 ἀλλὰ
1605 585 1650 615 καὶ
1667 585 1755 626 ἕτερόν
1770 597 1797 614 τι

236 624 346 667 etaliud
357 624 500 664 quidpiam
510 624 652 654 horribile.
662 625 787 655 Ostendit
797 626 978 663 enim,etiam-
994 637 1013 661 B
1029 630 1165 670 φρικῶδες,
1177 630 1299 660 Aebutum
1312 631 1379 670 γὰρ,
1395 632 1435 661 ὅτι
1449 633 1472 660 εἰ
1486 631 1532 661 χαὶ
1547 631 1744 671 συγχατάὸασις
1764 627 1796 668 ἧν

235 671 259 701 si
271 671 298 700 id
306 670 381 710 quod
393 671 538 701 videbatur
547 682 596 712 per
604 672 848 712 attemperationem
862 680 941 710 esset,
951 679 980 702 nt

235 728 328 747 revera
339 725 407 755 erat,
420 728 549 758 supernas
560 726 630 748 oerte
642 726 795 759 potestates,
810 730 843 749 ne
851 719 902 750 hae
921 720 980 759 qui—

235 764 297 794 dem
311 774 436 794 mensura
459 764 488 794 id
504 775 599 805 capere
612 766 742 805 potuisse.
765 766 835 795 Nam
846 766 919 805 quod
938 774 978 796 te-

235 816 326 850 gerent
338 809 430 850 pedes,
444 816 470 840 et
483 810 556 850 quod
570 811 633 840 item
641 811 721 841 dorsa
733 811 979 852 velarent‚stupen-

234 856 303 886 tium
317 863 382 892 erat,
396 863 423 886 et
433 857 605 887 trementium
613 858 758 898 fulgorem,
774 869 823 888 nec
835 859 979 889 ferentium

233 902 404 942 splendorem
425 913 460 933 ex
479 896 547 933 solio
570 903 761 943 prosilientem.
783 905 849 934 Ideo
872 906 979 946 objectu

233 949 350 985 alarum,
364 959 413 978 eeu
438 949 554 988 quodam
566 950 677 990 pariete,
692 950 772 980 facies
791 962 854 981 suas
880 952 977 981 obum-

233 995 363 1030 brabant;
377 994 405 1024 id
422 995 496 1035 quod
517 995 603 1026 facere
625 996 743 1026 solemus
755 1004 802 1026 aut
816 998 918 1027 tonitru
931 998 978 1028 de-

232 1042 348 1079 cidente,
362 1048 410 1072 aut
431 1042 588 1082 fulguribus
601 1043 716 1080 emissis,
730 1054 823 1073 versus
837 1045 978 1084 pavimen-

233 1095 292 1118 tum
298 1099 347 1118 nos
359 1088 528 1126 inclinantes,
542 1089 593 1119 hoc
602 1096 628 1118 et
638 1089 694 1119 illae
703 1089 847 1120 faciebant.
860 1091 942 1128 Quod
955 1091 979 1121 si
994 1102 1012 1126 c

232 1135 373 1175 Seraphim
388 1158 396 1173 ,
424 1145 526 1175 magnae
550 1136 605 1165 illae
627 1135 819 1176 mirabilesque
839 1137 952 1168 virtutes
968 1161 977 1174 ,

232 1183 322 1211 Deum
332 1181 478 1219 sedentem,
500 1181 527 1211 in
539 1182 618 1219 solio,
634 1182 755 1221 inquam,
774 1182 909 1213 sedentem
921 1183 978 1214 siue

233 1228 330 1258 timore
349 1227 442 1258 videre
454 1239 506 1258 non
522 1235 655 1269 poterant,
667 1228 715 1259 sed
732 1236 759 1258 et
769 1230 848 1259 facies
859 1237 885 1259 et
897 1230 977 1271 pedes

234 1274 370 1312 velabant,
386 1275 435 1314 qui
448 1285 535 1304 sermo
561 1274 672 1305 illorum
692 1275 822 1305 insaniam
841 1276 978 1307 declarare

109 1327 225 1349 Anomoeos
233 1322 340 1362 poterit,
355 1322 403 1362 qui
416 1333 444 1352 se
451 1323 523 1352 clare
541 1323 631 1363 ipsum
644 1324 732 1353 Deum
742 1333 819 1353 nosse
831 1323 936 1361 dicunt,
951 1332 977 1354 et

81 1361 210 1381 insectatur.

233 1367 279 1407 qui
301 1368 336 1398 de
350 1368 496 1398 immortali
510 1368 558 1398 illa
576 1368 724 1398 substantia
743 1369 849 1399 curiose
867 1371 976 1410 perqui-

232 1414 322 1444 runt?
347 1416 471 1445 Duabus
493 1415 650 1453 volabant,
664 1421 692 1444 et
706 1415 884 1446 clamabant.
902 1417 978 1454 Quid

232 1461 283 1490 hoc
292 1467 342 1498 est,
356 1461 525 1497 Volabant,
539 1467 565 1491 et
574 1461 639 1501 quid
650 1461 712 1492 vult
720 1461 890 1502 significare?
903 1464 978 1504 Ipsas

231 1516 327 1546 nempe
340 1506 447 1536 assidue
466 1507 536 1536 circa
550 1507 639 1536 Deum
655 1518 721 1545 esse,
743 1518 792 1537 nec
802 1508 836 1537 ah
848 1507 897 1538 illo
910 1519 978 1538 sece-

232 1553 306 1588 dere,
319 1552 366 1582 sed
381 1553 449 1583 hanc
462 1553 518 1583 illis
525 1564 582 1583 esse
594 1553 704 1583 vivendi
715 1555 856 1590 rationem,
869 1562 899 1585 ut
913 1566 976 1596 per·
986 1571 1012 1599 ,D

231 1606 313 1639 petuo
324 1599 413 1639 ipsum
423 1607 528 1636 canant,
542 1606 571 1628 ut
583 1610 688 1640 semper
701 1600 834 1640 Opificem
842 1611 921 1630 suum
931 1611 976 1630 ce—

232 1644 347 1674 lebrent.
359 1646 421 1674 Non
435 1645 506 1674 enim
523 1644 605 1682 dixit,
623 1646 825 1683 Clamaveruut‚
838 1647 896 1683 sed,
912 1647 976 1676 Gla-

233 1692 363 1728 mabant,
379 1690 409 1720 id
421 1698 471 1728 est,
479 1691 530 1720 hoc
543 1698 672 1731 perpetuo
681 1691 781 1721 habeut
792 1702 871 1732 opus.
887 1693 978 1722 Alter

232 1737 273 1766 ad
289 1737 426 1774 alterum,
449 1744 478 1767 et
498 1738 656 1767 dicebant:
677 1738 811 1776 Sanctus,
835 1745 953 1769 sanctus
967 1763 974 1776 ‚

233 1790 364 1826 sanctus..
383 1785 442 1814 Hoc
465 1785 622 1814 concinnam
640 1785 858 1824 inadulatamque
883 1797 977 1817 eorum

233 1831 422 1872 symphoniam
442 1831 552 1867 indicat.
571 1830 718 1871 laudesque
731 1842 827 1871 magno
845 1843 974 1862 consensu

232 1877 386 1907 celebratas.
407 1877 459 1907 Hie
475 1877 594 1918 hymnus
615 1888 668 1907 non
691 1878 750 1907 laus
772 1878 852 1907 modo
865 1885 915 1916 est,
930 1878 977 1908 sed

232 1923 313 1953 etiam
328 1923 469 1963 prophetia
482 1923 516 1952 de
528 1924 606 1953 bonis
619 1933 679 1962 quae
691 1931 776 1953 totum
789 1924 880 1953 orbem
895 1935 976 1954 occu-

233 1977 330 2010 patura
342 1977 415 2007 sunt,
435 1977 514 2009 atque
526 1970 606 1999 etiam
616 1970 778 2010 ‘dogmatum
796 1978 918 2001 accurata
929 1972 977 2001 di·-

234 2015 355 2056 sciplina.
364 2017 420 2046 Gur
431 2023 520 2045 autem
532 2026 584 2045 non
596 2017 679 2046 semel
692 2016 830 2053 dixerunt,
845 2024 871 2046 et
884 2025 976 2047 tacue—

234 2069 310 2098 runt,
338 2072 423 2101 neque
444 2061 571 2098 secundo,
595 2069 621 2092 et
647 2069 738 2103 postea
760 2062 906 2100 desierunt,
929 2065 976 2094 sed
992 2064 1011 2088 Ε

234 2107 343 2137 tertium
360 2108 440 2137 etiam
463 2107 625 2137 addiderunt
638 2107 652 2137 Ξ)
665 2109 759 2138 Annon
774 2109 863 2149 palam
885 2117 924 2139 est
946 2110 975 2140 id

234 2153 295 2183 ideo
308 2153 369 2183 illas
379 2154 481 2191 fecisse,
495 2161 525 2183 ut
537 2154 670 2194 hymnum
684 2154 809 2184 offerrent
820 2155 946 2185 Trinitati
961 2157 975 2186 ’τ’

234 2199 339 2230 Idcirco
351 2201 467 2230 Joannes
478 2200 507 2229 id
520 2199 553 2230 de
568 2200 639 2229 Filio
652 2199 755 2230 dictum
763 2201 846 2230 fuisse
863 2201 908 2239 ait,
919 2204 974 2232 Lu-

234 2256 280 2275 cas
292 2256 357 2275 vero
370 2245 405 2275 de
421 2246 538 2286 Spiritu,
549 2246 680 2286 propheta
697 2245 807 2275 demum
826 2246 861 2276 de
884 2249 973 2278 Patre.

235 2292 303 2329 Quae
318 2298 468 2330 sequuntur
488 2299 577 2321 autem
588 2292 658 2321 hauc
672 2292 750 2321 nobis
767 2292 903 2322 insinuant
915 2303 976 2323 sen-

235 2338 355 2368 tentiam.
369 2339 430 2368 Post
444 2340 576 2379 hymnum
587 2339 657 2368 enim
669 2337 831 2368 addiderunt
851 2351 857 2367 :
878 2339 976 2369 Plena

235 2391 278 2415 est
299 2387 391 2414 omnis
403 2391 481 2414 terra
504 2386 599 2426 gloria
614 2386 688 2425 ejus.
709 2384 742 2414 Id
760 2384 834 2423 quod
846 2393 975 2416 accuratae

235 2431 382 2472 prophetiae
405 2438 472 2468 erat,
490 2431 611 2460 futuram
633 2431 768 2461 scientiam
783 2433 972 2472 praenuntiant‚

267 2531 278 2542 ³
296 2523 358 2556 Reg.
372 2522 438 2548 solus
448 2525 504 2558 παρ’
517 2525 591 2549 αὑτὸν.

267 2564 280 2582 ¹³
298 2563 358 2595 Reg.
368 2568 393 2587 et
403 2561 479 2588 Savil.
494 2564 543 2588 οὐδὲ
555 2566 630 2597 τρίτον
643 2565 679 2587 καὶ
689 2566 837 2597 προσέθηκαν,
849 2562 921 2589 male.
935 2564 988 2588 Μο-

234 2601 277 2627 rcl.
294 2605 354 2628 ἀλλὰ
366 2606 442 2637 τρίτον
455 2604 491 2627 καὶ
509 2604 655 2634 προσέθηκαν.
676 2600 773 2626 Mallem
789 2605 849 2627 ἀλλὰ
860 2606 896 2628 καὶ
910 2606 986 2637 τρίτον

1028 676 1059 706 τὸ
1071 675 1211 716 ὁρώμενον,
1222 675 1312 717 ὥσπερ
1326 671 1370 706 οὖν
1383 677 1428 706 καὶ
1441 673 1483 714 ἦν,
1497 677 1556 707 οὐδὲ
1570 679 1596 707 αἱ
1605 678 1660 707 ἄνω
1674 677 1796 716 δυνάμεις

1028 721 1094 762 πρὸς
1104 721 1135 752 τὸ
1146 721 1240 762 μέτρον
1251 725 1328 752 τοῦτο
1342 724 1466 763 χωρῆσαι
1477 723 1614 759 ἠδύναντο.
1629 723 1670 753 Τὸ
1679 723 1731 763 γὰρ
1744 735 1795 753 κα-

1028 767 1136 797 λύπτειν
1145 767 1204 802 τοὺς
1217 767 1298 802 πόδας
1307 791 1315 805 ,
1323 769 1368 798 καὶ
1381 768 1525 799 καλύπτειν
1538 768 1572 798 τὰ
1581 771 1667 806 νῶτα,
1681 770 1797 805 ἐκπλητ-

1028 813 1144 853 τομένων
1155 810 1198 851 ἧν,
1215 817 1368 855 τρεμουσῶν
1381 815 1430 852 τὴν
1449 815 1597 856 ἀστραπὴν,
1611 817 1641 844 οὐ
1663 817 1796 856 φερουσῶν

1027 860 1076 896 τὴν
1100 860 1152 890 ἀπὸ
1169 862 1216 891 τοῦ
1229 860 1320 901 θρόνου
1333 862 1461 898 πηδῶσαν
1474 861 1623 901 ἀστραπήν.
1635 861 1687 891 Διὰ
1701 865 1779 891 τοῦτο
1789 883 1797 897 ,

1027 906 1147 947 καθάπερ
1165 906 1217 936 τινὶ
1237 906 1329 947 τειχίῳ
1338 929 1346 943 ,
1373 909 1407 947 τῇ
1429 909 1483 937 τῶν
1511 908 1650 948 πτερύγων
1675 908 1795 948 προὸολῇ

1027 953 1193 987 συνεσκίαζον
1206 952 1254 988 τὰς
1264 954 1363 983 ἑαυτῶν
1371 955 1451 994 ὄψεις·
1463 954 1508 983 καὶ
1516 954 1580 994 ὅπερ
1591 957 1669 994 ἡμεῖς
1681 953 1795 994 πάσχειν

1028 999 1166 1038 εἰώθαμεν,
1177 998 1195 1035 ἢ
1210 1000 1324 1040 βροντῶν
1336 999 1601 1040 καταῤῥηγνυμένων,
1613 999 1630 1035 ἢ
1649 1001 1793 1041 ἀστραπῶν

1027 1045 1200 1086 φαινομένων,
1214 1045 1256 1075 ἐπὶ
1271 1046 1301 1076 τὸ
1318 1045 1411 1087 ἔδαφος
1425 1045 1590 1084 κλινόμενοι,
1605 1049 1682 1075 τοῦτο
1698 1044 1730 1082 δὴ
1746 1044 1795 1074 καὶ

1027 1094 1125 1122 ἐκεῖναι
1135 1091 1263 1132 ἔπασχον.
1278 1092 1312 1122 Εἰ
1327 1091 1354 1122 δὲ
1367 1092 1401 1122 τὰ
1415 1091 1546 1132 Σεραφίμ,
1570 1093 1598 1120 αἱ
1614 1091 1729 1131 μεγάλαι
1751 1091 1797 1121 καὶ

1028 1138 1172 1178 θαυμάσιαι
1187 1137 1309 1177 δυνάμεις
1321 1139 1432 1174 ἐκεῖναι,
1444 1137 1514 1167 Θεὸν
1525 1137 1682 1176 καθήμενον,
1692 1137 1737 1168 καὶ
1751 1137 1797 1166 ἐπὶ

1028 1185 1118 1225 θρόνου
1132 1184 1279 1223 καθήμενον
1292 1185 1356 1214 ἰδεῖν
1373 1184 1455 1217 ἀδεῶς
1472 1185 1520 1213 οὐκ
1537 1184 1713 1219 ἠδυνήθησαν,
1728 1183 1797 1212 ἀλλὰ

1027 1231 1072 1260 καὶ
1086 1230 1133 1264 τὰς
1146 1230 1217 1271 ὄψεις
1230 1229 1345 1264 καὶτοὺς
1357 1229 1439 1263 πόδας
1452 1229 1609 1266 ἐκάλυπτον,
1621 1230 1660 1263 τίς
1671 1229 1701 1259 ἂν
1714 1242 1795 1270 παρα-

1028 1276 1133 1312 στήσειε
1148 1275 1224 1316 λόγος
1233 1276 1282 1312 τὴν
1294 1276 1390 1316 μανίαν
1399 1278 1451 1306 τῶν
1466 1276 1545 1306 αὐτὸν
1559 1275 1603 1305 τὸν
1618 1276 1686 1306 Θεὸν
1700 1276 1795 1305 εἰδέναι

1028 1325 1117 1363 σαφῶς
1124 1322 1263 1362 λεγόντων,
1269 1322 1315 1352 καὶ
1325 1321 1373 1359 τὴν
1380 1322 1512 1362 ἀκήρατον
1523 1322 1625 1358 ἐκείνην
1631 1324 1796 1362 περιεργαζο-

1029 1368 1113 1408 μένων
1126 1368 1217 1398 οὐσίαν
1222 1381 1230 1406 ;
1239 1369 1306 1402 Ταῖς
1313 1368 1385 1398 δυσὶν
1397 1367 1590 1402 ἑπέταντο,καὶ
1604 1367 1797 1408 ἐκέκραγον.Τί

1027 1415 1092 1444 ποι-ε’
1105 1416 1161 1444 ἐστι
1178 1417 1257 1444 τοῦτο
1267 1414 1313 1449 τὸ,
1327 1413 1487 1450 'Ea-&emm
1498 1414 1543 1443 καὶ
1561 1413 1587 1443 τί
1604 1419 1797 1454 παρασημᾶναι

1029 1461 1167 1501 βούλει-,αις
1177 1460 1240 1490 ’Ότι
1250 1461 1375 1496 διηνεκῶς
1384 1459 1445 1499 περὶ
1453 1460 1498 1489 τὸν
1505 1459 1574 1489 Θεόν
1584 1461 1649 1496 εἰσι,
1657 1463 1668 1476 ⁸
1675 1460 1721 1489 καὶ
1731 1462 1795 1500 παρ’

1029 1508 1108 1536 αὐτοῦ
1122 1508 1170 1536 οὐκ
1183 1506 1341 1546 ἀφίστανται
1352 1528 1360 1543 ,
1375 1507 1434 1535 ἀλλ’
1446 1505 1512 1542 αὖτὴ
1527 1507 1614 1539 αὐτοῖς
1627 1508 1644 1541 ἡ
1658 1505 1778 1535 πολιτεία
1787 1529 1794 1541 ,

1028 1552 1058 1582 τὸ
1073 1553 1199 1588 διηνεκῶς
1211 1554 1248 1586 εἷς
1263 1552 1341 1581 αὐτὸν
1361 1552 1442 1592 ᾅδειν,
1455 1552 1486 1581 τὸ
1505 1552 1646 1585 διαπαντὸς
1668 1553 1795 1592 εὐφημεῖν

1027 1598 1072 1627 τὸν
1081 1598 1237 1634 ποιήσαντα.
1251 1599 1292 1628 Οὗ
1309 1597 1360 1638 γὰρ
1373 1593 1455 1633 εἶπεν,
1470 1597 1623 1644 ἑκέιιιραξαν,
1639 1595 1698 1627 ἀλλ’
1713 1598 1792 1628 Ἐκέ·

1026 1655 1133 1684 κραγον,
1154 1643 1291 1679 τουτέστι,
1315 1644 1442 1679 ,διηνεκῶς
1466 1646 1544 1685 τοῦτο
1569 1643 1644 1683 ἔργον
1682 1643 1794 1683 ἔχουσιν.

1025 1690 1138 1730 Ἕτερος
1150 1689 1215 1730 πρὸς
1228 1689 1272 1718 τὸν
1291 1689 1388 1729 ἕτερον,
1409 1689 1454 1719 καὶ
1478 1689 1566 1728 ἔλεγον
1576 1701 1582 1707 ·
1597 1690 1684 1729 ἅγιος,
1707 1690 1796 1729 ἅγιος,

1027 1735 1107 1774 ἅγιος.
1120 1737 1208 1765 Τοῦτο
1221 1734 1269 1771 τὴν
1288 1734 1466 1775 παναρμόνιον
1481 1735 1568 1764 αὐτῶν
1582 1735 1734 1775 συμφωνίαν
1744 1737 1792 1771 δη-

1026 1782 1068 1810 λοῖ
1077 1805 1085 1818 ,
1098 1781 1144 1810 καὶ
1157 1781 1205 1817 τὴν
1221 1780 1290 1820 μετὰ
1308 1781 1408 1815 πολλῆς
1421 1780 1542 1819 ὁμονοίας
1556 1781 1696 1820 εὐφημίαν.
1710 1778 1796 1814 Οῧτος

1027 1829 1041 1856 ὁ
1051 1827 1130 1865 ὕμνος
1143 1828 1191 1857 οὐκ
1214 1826 1331 1867 εὐφημία
1347 1825 1424 1865 μόνον
1446 1826 1526 1862 ἐστὶν,
1541 1826 1609 1856 ἀλλὰ
1621 1827 1668 1855 ’καὶ
1689 1825 1794 1867 προφη-

1027 1872 1085 1902 τεία
1094 1874 1147 1902 τῶν
1161 1871 1386 1912 καταληψομένων
1395 1872 1443 1909 τὴν
1457 1872 1611 1911 οἰκουμένην
1626 1874 1740 1912 ἀγαθῶν,
1752 1874 1796 1902 καὶ

1028 1918 1166 1958 δογμάτων
1181 1917 1312 1958 ἀκρίὸεια.
1328 1918 1406 1951 Τίνος
1421 1918 1448 1948 δὲ
1462 1918 1549 1948 ἕνεκεν
1562 1920 1610 1948 οὐκ
1623 1914 1696 1948 εἷπον
1708 1919 1792 1954 ἅπαξ,

1027 1965 1072 1994 καὶ
1095 1963 1232 2004 ἐσίγησαν,
1251 1963 1310 1993 οὐδὲ
1335 1963 1463 2003 δεύτερον,
1490 1965 1534 1994 καὶ
1560 1964 1684 2001 ἔστησαν,
1706 1964 1795 1994 Βάλλὰ

1026 2011 1114 2051 τρίτον
1125 2010 1170 2040 καὶ
1183 2008 1365 2050 προσέθηκαν;
1377 2011 1437 2039 Οὖκ
1452 2010 1571 2047 εὔδηλον,
1586 2011 1626 2040 ὅτι
1644 2012 1678 2050 τῇ
1698 2011 1796 2050 Τριάδι

1026 2057 1071 2089 τὸν
1085 2057 1165 2096 ὕμνον
1179 2054 1355 2096 ἀναφέρουσαι
1366 2058 1444 2085 τοῦτο
1455 2056 1575 2094 ἐποίουν,
1591 2057 1643 2087 Διά
1656 2070 1698 2087 τοι
1716 2061 1794 2087 τοῦτο

1026 2105 1040 2133 ὃ
1054 2103 1101 2143 μὲν
1112 2101 1236 2139 Ἰωάννης
1254 2101 1373 2141 περὶτοῦ
1387 2102 1452 2131 Υἱοῧ
1468 2114 1546 2142 φησιν
1569 2105 1689 2143 εἰρῆσθαι
1700 2125 1709 2139 ,
1729 2106 1744 2132 ὃ
1764 2103 1791 2132 δὲ

1026 2150 1129 2182 Λουκᾶς
1142 2147 1203 2188 περὶ
1215 2150 1260 2177 τοῦ
1274 2146 1444 2186 Πνεύματος,
1458 2151 1472 2178 ὁ
1483 2149 1511 2178 δὲ
1521 2149 1660 2189 προφήτης
1673 2150 1734 2189 περὶ
1746 2152 1791 2178 τοῦ

1026 2195 1139 2235 Πατρός.
1150 2194 1203 2224 Καὶ
1219 2193 1253 2224 τὰ
1266 2192 1327 2229 ἑξῆς
1345 2193 1372 2222 δὲ
1394 2193 1494 2230 ταύτην
1516 2197 1580 2233 ἡμῖν
1604 2196 1725 2236 ἐμφαίνει
1747 2195 1795 2231 τὴν

1026 2242 1133 2272 ἔννοιαν.
1161 2239 1238 2270 Μετὰ
1262 2240 1313 2280 γὰρ
1333 2240 1377 2270 τὸν
1401 2240 1483 2279 ὕμνον
1505 2241 1639 2281 ἐπήγαγον
1650 2254 1657 2260 ·
1684 2242 1795 2281 Πλήρης

1026 2293 1101 2317 πᾶσα
1113 2289 1130 2323 ἡ
1156 2289 1191 2327 γῆ
1213 2288 1261 2322 τῆς
1277 2286 1352 2322 δόξης
1369 2286 1458 2316 αὖτοῦ.
1473 2286 1562 2327 Ὅπερ
1584 2283 1617 2324 ἦν
1635 2288 1795 2328 προφητείας

1028 2336 1151 2376 ἀκριὸοῧς
1160 2359 1168 2373 ,
1178 2334 1227 2371 τὴν
1242 2334 1389 2374 μέλλουσαν
1402 2336 1498 2373 γνῶσιν
1512 2340 1746 2375 προαναφωνοῦσι,
1761 2337 1796 2365 δι’

1029 2383 1060 2423 ἧς
1072 2390 1090 2422 ἡ
1105 2385 1243 2425 οἰκουμένη
1261 2387 1309 2420 τῆς
1323 2384 1399 2420 δόξης
1413 2385 1561 2422 ἐνεπλήσθη
1586 2389 1632 2416 τοῦ
1651 2388 1721 2417 Θεοῦ
1733 2398 1739 2404 ·
1760 2388 1796 2419 ὡς

1027 2434 1058 2464 τό
1071 2446 1101 2474 γε
1112 2433 1234 2472 παλαιὸν,
1243 2433 1289 2463 καὶ
1302 2434 1381 2469 ἡνίκα
1390 2437 1473 2463 ταῦτα
1492 2434 1597 2474 ἐλέγετο
1604 2457 1613 2472 ‚
1625 2437 1654 2464 οὐ
1677 2434 1754 2473 μόνον
1766 2434 1796 2463 τὸ

1039 2530 1190 2561 προσέθηκαν,
1200 2525 1265 2550 etsie
1271 2524 1357 2558 legisse
1365 2524 1618 2550 videtur'l'ilmeunus
1626 2526 1747 2557 interpres
1757 2526 1799 2558 qui

1040 2564 1125 2596 vertit,
1139 2564 1185 2589 sed
1193 2569 1216 2589 et
1229 2565 1325 2589 tentum
1338 2563 1495 2589 addiderunt.
