1890 2826
119 758 152 771 cn.
182 765 187 770 .
199 755 236 771 21-

101 1069 158 1092 lsai.
169 1068 208 1092 65.
215 1075 238 1091 2.

101 1299 142 1321 Ps.
148 1296 199 1328 148,
206 1303 242 1319 10.

100 1401 177 1423 Laeuo
189 1400 241 1422 reli-

102 1440 146 1461 quo
150 1440 199 1453 ΙἸΙΙΠ
208 1440 231 1453 ln
235 1444 245 1448 ·

102 1468 223 1492 ΙΕΓΡΥΕΙῚΙΙὩ
228 1479 233 1484 .

101 1579 143 1600 Ps.
165 1576 242 1607 ¹4⁸7*

104 1631 241 1654 Ps.=03.25.

102 1663 140 1685 26.

102 1856 143 1876 Ps,
157 1854 195 1884 73.
206 1854 240 1877 13.

103 2088 158 2108 Gen.
172 2092 193 2108 ῐ.
207 2092 244 2108 10.

248 208 319 253 546

244 281 266 309 is
277 280 324 319 qui
338 279 450 309 salutem
468 279 650 318 consequitur,
670 289 768 320 nempe
787 286 814 309 et
831 279 987 309 vivificatur

243 325 343 362 anima,
359 331 385 354 et
396 323 513 354 volatilis
520 324 647 361 efficitur,
660 331 686 354 et
693 324 728 354 ad
734 325 861 354 caelorum
872 324 987 354 fornices

244 371 362 410 attingit,
376 381 439 400 cum
453 370 554 409 angelis
567 377 699 408 versatur,
714 377 741 400 et
754 381 816 400 cum
827 370 924 400 caelesti
937 381 985 400 01·-

243 417 308 447 dine
319 418 407 447 locum
418 417 508 446 habet.
521 417 723 447 Et·volatibia
744 418 881 447 volantia
902 427 989 457 super

244 469 351 492 terram
370 463 528 492 secundum
557 463 775 502 firmamentum
800 463 874 493 eceli.
897 463 988 501 Super

245 516 368 543 terram,
390 519 512 548 corpore,
535 509 562 538 in
587 509 670 545 caelis,
692 509 754 539 vitae
770 509 903 539 instituto.
925 510 988 538 Haec

244 565 297 584 non
324 565 371 594 pei·
398 555 553 593 allegoriam
575 554 739 592 inducimus,
761 555 808 585 sed
829 555 855 584 in
877 555 988 585 historia

245 601 432 640 conspicimus.
455 600 539 630 Aliud
552 608 590 630 est
601 601 757 641 allegoriam
768 601 796 630 in
811 601 950 631 historiam
960 601 989 630 vi

245 647 389 683 inducere;
404 647 480 676 aliud
490 647 603 677 historia
615 655 719 677 servata
736 648 892 687 allegoriam
906 658 988 677 exco-

245 693 337 733 gitare.
351 693 440 731 Atque
452 700 481 723 ut
491 693 613 723 ostendat
625 703 653 723 se
666 694 771 734 reptilia
791 694 880 724 dicere
891 693 988 722 volati-

245 739 283 769 lia
292 746 416 779 pennata,
435 750 494 778 quae
506 746 569 769 sunt
583 739 611 768 in
630 739 710 775 mari,
734 739 827 769 subdit
843 751 849 771 ;
863 741 905 769 Et
919 740 989 777 fecit

245 786 327 815 Deus
340 792 401 815 cete
411 785 548 825 grandia,
561 792 590 815 et
603 795 716 814 omnem
738 788 868 814 animam
885 786 918 814 vi
922 795 990 813 ven-

245 839 303 861 tem
321 831 479 871 repfilium,
495 842 560 872 quoe
584 831 685 860 eduxit
705 842 798 871 aqua,·
816 838 845 861 et
866 832 992 861 volatile

244 885 414 916 pennatum.
429 878 512 907 Estne
533 887 597 917 ergo
618 877 728 907 volatile
750 887 802 906 nou
827 879 990 917 pennatum?

246 923 314 962 quid
327 933 395 963 opus
406 930 462 952 erat
474 923 574 960 dicere,
594 923 731 954 Volacile
738 930 900 962 pennatum
909 927 922 952 Ρ
935 925 992 954 Vo-

246 970 303 999 lare
322 970 367 999 hic
391 969 493 999 dicitur
514 970 544 999 id
561 970 634 1009 quod
653 977 692 1000 est
713 970 865 1010 expandere
885 981 990 1001 manuS.

246 1018 335 1046 Potest
353 1016 433 1045 etiam
451 1016 512 1055 quis
531 1017 655 1045 manibus
672 1020 813 1053 πετᾶσθαι,
826 1024 856 1046 ut
877 1018 914 1046 ait
932 1028 994 1057 pro-

246 1063 325 1102 pheta
339 1074 346 1090 ε
367 1063 439 1091 Tota
450 1063 497 1091 die
506 1061 660 1099 ἐξεπέτασα,
667 1064 796 1102 expandi
803 1074 906 1092 manus
916 1074 994 1093 meas

248 1109 288 1136 ad
296 1108 435 1148 populum
442 1118 502 1136 non
510 1109 672 1138 credentem
685 1114 713 1138 et
725 1110 974 1139 contradicentem
982 1122 993 1138 .-

248 1164 300 1183 non
310 1154 382 1192 quod
392 1164 486 1182 manus
495 1164 595 1193 pennas
602 1155 727 1192 habeant,
737 1155 785 1184 sed
791 1155 855 1194 quia
863 1158 995 1185 πετᾶσθαι

248 1198 401 1238 expandere
412 1199 555 1238 significat.
569 1199 651 1236 Quod
661 1200 730 1239 repit
742 1210 804 1239 ergo
816 1201 926 1230 volatile
939 1201 994 1231 dici

249 1251 353 1284 potest,
381 1244 456 1282 quod
479 1251 571 1284 repat,
596 1255 677 1284 seque
698 1245 834 1285 expandat
850 1259 856 1274 :
875 1247 945 1276 unde
970 1254 996 1276 et

249 1290 342 1321 David
354 1290 391 1319 ait
407 1302 415 1319 ι
430 1290 580 1329 Serpentes
589 1297 618 1319 et
630 1291 771 1320 volatilia
781 1299 924 1331 pennata.
936 1295 994 1322 Fe-

250 1338 288 1366 cit
308 1347 372 1376 ergo
393 1337 475 1366 Deus
500 1343 561 1365 cete
580 1339 726 1377 grandia;
742 1338 772 1367 id
795 1346 845 1374 est,
868 1339 996 1368 dracones

250 1393 361 1423 magnos
369 1383 397 1412 in
410 1383 489 1412 mari.
503 1383 616 1422 Reliqui
629 1385 703 1414 enim
714 1384 872 1425 interpretes
879 1386 973 1415 dicunt
987 1399 992 1416 :

249 1430 336 1459 Fecit
351 1431 432 1459 Deus
454 1430 595 1460 dracones
613 1441 747 1470 magnos.
769 1433 830 1461 Non
853 1432 994 1469 dixerunt,

253 1476 333 1513 Cete,
351 1476 409 1513 sed,
425 1477 587 1506 Dracones.
605 1477 682 1506 Nihil
699 1477 728 1506 in
751 1478 820 1507 mari
841 1479 941 1508 factum
958 1486 997 1508 est

251 1522 450 1554 interviventia
464 1522 540 1562 prius
551 1534 635 1562 quam
649 1523 741 1553 draco.
754 1524 819 1553 Ideo
831 1525 869 1554 ait
883 1525 973 1555 David
987 1539 994 1555 :

252 1570 386 1598 Laudate
398 1569 559 1598 Dominum
567 1571 604 1598 de
612 1576 700 1606 terra,
711 1571 853 1600 dracones
859 1578 887 1600 et
897 1582 997 1602 omnes

252 1616 354 1652 abyssi
361 1626 375 1651 ,⁸
387 1621 413 1644 et
425 1614 490 1644 alibi
507 1627 514 1643 ε
529 1616 596 1644 Hoc
607 1626 687 1644 mare
702 1626 842 1656 magnum
853 1625 880 1646 et
890 1621 998 1657 spatio-

251 1671 324 1696 sum,
335 1661 399 1690 illic
415 1661 533 1700 reptilia
551 1672 675 1701 quorum
699 1672 759 1690 non
777 1668 821 1692 est
839 1673 976 1693 numerus
988 1678 998 1694 .-

250 1707 395 1735 animalia
406 1707 518 1746 pusilla
527 1718 593 1736 cum
610 1709 723 1747 magnis
735 1720 744 1736 .·
759 1708 824 1737 illic
838 1720 929 1739 naves
937 1720 999 1750 per-

251 1752 427 1782 transibunt.
444 1753 544 1782 Draco
556 1755 621 1789 iste,
636 1764 722 1793 quem
722 1753 867 1793 formasti
877 1757 917 1785 ad
929 1757 999 1789 illu,-

250 1798 379 1830 dendum
389 1801 427 1828 ei.
444 1799 479 1828 Et
499 1799 566 1831 alibi
585 1806 615 1828 ut
629 1800 749 1829 ostendat
768 1811 820 1830 non
840 1813 936 1839 unum,
952 1804 1000 1833 sed

250 1844 350 1874 multos
362 1845 401 1874 ibi
412 1845 541 1874 dracones
557 1856 623 1881 esse,
633 1845 671 1874 ait
687 1858 694 1874 ε
713 1847 755 1876 Tu
775 1850 939 1879 contrivisti
952 1860 1000 1879 ca-

249 1892 311 1929 pila
325 1891 486 1920 draconum
498 1893 532 1919 ἰη
547 1902 638 1931 aqua.
653 1894 737 1921 Fecit
751 1893 835 1932 igitur
845 1902 907 1925 cete
916 1907 999 1936 gran-

251 1937 312 1965 dia.
328 1938 369 1966 Et
383 1938 459 1966 vidit
478 1938 569 1974 Deus,
593 1940 664 1978 qnia
683 1942 783 1969 omnia
800 1941 886 1971 bona.
906 1945 999 1980 Quare

250 1981 331 2016 dixit,
344 1985 452 2011 Bona?
466 1983 599 2022 numquid
621 1985 689 2014 bona
712 1994 821 2026 propter
841 1989 999 2019 multitudi-

252 2030 334 2058 nem?
346 2031 429 2068 Atqui
437 2030 545 2067 quando
558 2031 648 2060 stellas
660 2033 719 2062 fecit
727 2040 751 2062 et
763 2035 847 2064 solem
858 2043 884 2065 et
894 2036 997 2075 lunam,

253 2075 338 2104 multa
357 2076 418 2104 licet
437 2083 523 2115 essent
538 2087 598 2115 quae
611 2077 680 2106 facta
700 2079 803 2109 fuerant
814 2080 900 2111 dicit:
918 2083 946 2111 V
945 2083 1001 2113 idit

254 2122 336 2151 Deus
348 2123 428 2161 quod
437 2129 510 2151 esset
523 2124 643 2152 bonum.
660 2125 756 2154 Multae
767 2133 830 2155 sunt
843 2128 938 2164 stellae,
953 2140 997 2158 ea-

253 2178 368 2206 rumque
392 2168 479 2197 millia
495 2169 635 2198 innumera
659 2181 666 2197 :
689 2180 774 2209 neque
796 2179 884 2211 tamen
905 2174 997 2205 dixit:

935 218 1100 241 SEVERIAN
1108 219 1116 239 1

1041 280 1088 316 τὴν
1102 279 1200 320 ψυχὴν,
1214 280 1259 309 καὶ
1273 279 1390 310 πετεινὸν
1403 280 1504 320 γίνεται
1517 280 1617 317 λοιπὸν,
1628 281 1723 321 ἁψῖδας
1734 281 1808 320 οὖρα-

1041 328 1092 355 νῶν
1101 326 1325 365 καταλαμὸάνων,
1338 326 1383 356 καὶ
1393 325 1461 365 μετὰ
1472 326 1590 366 ἀγγέλων
1600 327 1809 366 πολιτευόμενος,

1041 372 1087 402 καὶ
1102 372 1171 412 μετὰ
1190 374 1238 408 τῆς
1260 372 1314 401 ἄνω
1333 372 1430 406 τάξεως
1444 372 1512 413 ἔχων
1525 373 1574 409 τὴν
1595 375 1688 403 ἑαυτοῦ
1702 374 1811 403 ἀκολου-

1042 420 1108 449 θίαν.
1130 419 1184 448 Καὶ
1205 418 1313 448 πετεινὰ
1336 419 1469 457 πετόμενα
1493 419 1537 448 ἐπὶ
1559 421 1608 455 τῆς
1628 421 1678 458 γῆς
1700 419 1769 448 κατὰ
1782 419 1812 448 τὸ

1043 465 1181 505 στερέωμα
1193 467 1239 494 τοῦ
1253 466 1374 504 οὐρανοῦ.
1388 465 1452 495 Ἐπὶ
1465 467 1513 501 τ’ῆς
1527 467 1576 504 γῆς
1585 487 1594 500 ‚
1612 464 1655 494 διὰ
1673 465 1704 494 τὸ
1717 466 1797 504 σῶμα
1807 477 1813 483 ·

1042 513 1070 541 ἐν
1083 513 1211 552 οὐρανοῖς,
1227 511 1270 540 διὰ
1283 511 1314 541 τὸ
1332 512 1489 551 πολίτευμα.
1513 511 1606 541 Ταῦτα
1626 513 1674 540 οὒκ
1694 512 1812 550 ἀλληγο-

1044 560 1147 596 ροῦντες
1159 556 1352 597 εἷσηγάγομεν,
1376 558 1437 587 ἀλλ’
1450 557 1632 598 ἑθεωρήσαμεν
1654 559 1688 597 τῇ
1702 556 1813 598 ἱστορίᾳ.

1043 603 1122 632 Ἄλλο
1135 602 1166 632 τὸ
1185 602 1359 632 ἐκὸιάσασθαι
1379 605 1416 636 εἰς
1437 603 1597 643 ἀλληγορίαν
1610 603 1659 638 τὴν
1681 602 1812 643 ἱστορίαν,

1043 648 1109 677 ἄλλο
1126 648 1154 677 δὲ
1170 648 1215 678 καὶ
1227 648 1276 684 τὴν
1296 649 1413 688 ἱστορίαν
1434 648 1547 689 φυλάξαι
1568 648 1613 678 καὶ
1633 649 1742 689 θεωρίαν
1756 650 1813 678 ἐπι-

1042 696 1145 730 νοῆσαι.
1161 694 1214 724 Καὶ
1227 694 1271 724 ἵνα
1292 694 1375 734 δείξῃ,
1390 695 1431 724 ὅτι
1450 695 1549 735 ἑρπετὰ
1570 694 1605 726 τὰ
1623 694 1730 724 πετεινὰ
1748 706 1812 724 me·

1007 740 1025 763 C
1045 740 1116 780 ρωτὰ
1126 741 1198 780 λέγει
1211 741 1245 770 τὰ
1259 742 1285 770 ἐν
1305 743 1339 781 τῇ
1360 740 1494 781 θαλάσσῃ,
1510 741 1641 780 ἐπήγαγε·
1659 739 1712 770 Καὶ
1725 739 1815 775 ἐποίη-

1045 798 1089 815 σεν
1100 788 1114 815 ὁ
1124 787 1193 820 Θεὸς
1203 786 1237 816 τὰ
1250 786 1319 823 κήτη
1329 786 1363 816 τὰ
1376 786 1488 827 μεγάλα,
1502 787 1548 816 καὶ
1560 792 1649 816 πᾶσαν
1663 787 1753 827 ψυχὴν
1765 787 1814 820 ζῶ-

1046 844 1094 862 σαν
1107 834 1234 873 ἑρπετῶν,
1249 833 1266 862 ἃ
1280 833 1391 872 ἐξήγαγε
1403 833 1437 862 τὰ
1453 833 1552 869 ὕδατα,
1564 833 1610 862 καὶ
1622 833 1740 862 πετεινὸν
1752 844 1815 861 πτε-

1047 879 1137 919 ρωτόν.
1151 878 1212 909 Ἐνι
1224 878 1275 919 γὰρ
1286 879 1404 909 πετεινὸν
1419 880 1456 918 μὴ
1471 879 1499 909 ὂν
1513 879 1663 919 πτερωτόνς
1683 878 1724 912 τίς
1739 878 1817 919 χρεία

1046 921 1078 961 ἧν
1090 926 1183 960 εἰπεῖν,
1194 930 1248 954 πᾶν
1256 925 1381 960 Πετεινὸν
1391 925 1539 965 πτερωτόν,
1553 927 1579 955 Τ
1580 926 1594 955 ὺ
1603 927 1734 954 πετᾶσθαι
1743 924 1818 965 παρὰ

1047 971 1077 1000 τὸ
1090 971 1237 1001 ἁπλόῦσθαι
1253 971 1301 1004 τὰς
1313 976 1403 1012 χεῖρας
1412 972 1532 1011 λέγεται.
1548 971 1628 1001 Ἔστι
1648 971 1676 1000 δὲ
1687 973 1818 1006 πετᾶσθαι

1048 1016 1092 1046 καὶ
1114 1021 1220 1056 χεῖρας,
1241 1018 1328 1051 καθώς
1350 1029 1429 1058 φησιν
1451 1019 1466 1047 ὁ
1487 1017 1639 1058 προφήτης·
1662 1016 1749 1052 Ὅλην
1769 1016 1818 1052 τὴν

1048 1063 1151 1103 ἡμέραν
1173 1062 1318 1097 ἐξεπέτασα
1334 1063 1381 1097 τὰς
1400 1063 1491 1104 χεῖράς
1511 1076 1560 1103 μου
1581 1063 1647 1103 πρὸς
1663 1063 1727 1093 λαὸν
1742 1065 1817 1092 ἀπει-

1050 1112 1143 1138 θοῦντα
1153 1109 1198 1138 καὶ
1212 1110 1381 1149 ἀντιλέγοντα
1391 1122 1397 1128 ·
1410 1112 1460 1150 οὐχ
1470 1109 1514 1139 ὅτι·
1524 1110 1609 1150 πτερὰ
1621 1110 1711 1150 ἔχουσι
1721 1114 1818 1150 χεῖρες,

1050 1156 1109 1184 ἀλλ’
1121 1154 1214 1191 ἐπειδὴ
1233 1155 1264 1184 τὸ
1283 1155 1414 1186 πετᾶσθαί
1430 1157 1486 1185 ἐστι
1506 1155 1537 1186 τὸ
1549 1156 1705 1185 ἇπλοῦσθαι.
1721 1155 1774 1185 Καὶ
1789 1155 1820 1184 τὸ

1049 1201 1128 1241 ἕρπον
1150 1201 1236 1230 τοίνυν
1258 1201 1376 1230 πετεινόν
1397 1203 1469 1231 ἐστιν
1489 1201 1542 1230 ἀπὸ
1563 1204 1610 1230 τοῦ
1631 1201 1756 1242 ἕρπεσθαι
1775 1201 1820 1231 καὶ

1013 1247 1031 1270 D
1050 1248 1213 1277 διπλοῦσθαι·
1227 1248 1285 1276 ὅθεν
1299 1247 1344 1276 καὶ
1361 1247 1446 1276 Δαυίδ
1463 1259 1556 1288 φησιν·
1577 1247 1696 1288 Ἑρπετὰ
1712 1247 1757 1277 καὶ
1770 1259 1820 1277 πε-

1050 1293 1122 1322 τεινὰ
1149 1293 1283 1332 πτερωτά.
1299 1293 1429 1328 Ἐποίησε
1441 1294 1527 1323 τοίνυν
1541 1297 1555 1323 ὃ
1566 1294 1635 1328 Θεὸς
1649 1293 1684 1323 τὰ
1703 1294 1772 1330 κήτη
1786 1293 1821 1323 τὰ

1051 1338 1153 1378 μεγάλα
1163 1350 1169 1356 ·
1179 1338 1311 1374 τουτέστι,
1322 1338 1382 1372 τοὺς
1394 1339 1538 1377 δράκοντας
1549 1339 1608 1373 τοὺς
1622 1339 1751 1379 μεγάλους
1761 1338 1821 1372 τοὺς

1050 1385 1077 1413 ἐν
1091 1385 1125 1423 τῇ
1147 1383 1274 1424 θαλάττῃ.
1295 1385 1331 1414 Οἱ
1344 1384 1396 1424 γὰρ
1410 1385 1486 1414 ἄλλοι
1505 1385 1665 1425 ἑρμηνευταὶ
1683 1385 1804 1425 λέγουσιν
1814 1398 1820 1404 ·

1050 1430 1193 1465 Ἐποίησεν
1214 1432 1228 1459 ὁ
1248 1430 1315 1464 Θεὸς
1334 1431 1415 1464 *robe
1433 1431 1577 1471 δράκοντας
1597 1431 1656 1466 τοὺς
1678 1433 1818 1471 μεγάλους.

1050 1478 1109 1506 Οὔκ
1121 1471 1203 1512 εἶπον,
1215 1477 1258 1506 Τὰ
1269 1477 1349 1512 κήτη,
1363 1477 1441 1515 ἀλλὰ,
1453 1477 1523 1511 Τοὺς
1544 1476 1697 1518 δράκοντας.
1709 1480 1820 1519 Πρῶτον

1050 1521 1124 1551 οῦδὲν
1134 1523 1161 1551 ἐν
1175 1524 1208 1561 τῇ
1224 1522 1343 1562 θαλάσσῃ
1358 1524 1385 1552 ἐν
1399 1527 1453 1556 τοῖς
1465 1523 1594 1564 ἐμψύχοις
1607 1524 1720 1563 ἐγένετο,
1731 1524 1748 1560 ἢ
1761 1525 1822 1565 δρά-

1051 1578 1116 1596 κων.
1131 1569 1184 1596 Διὰ
1205 1570 1282 1597 τοῦτο
1295 1571 1309 1598 ὁ
1322 1568 1406 1598 Δαυὶδ
1425 1569 1513 1608 λέγει·
1535 1571 1638 1599 Αἰνεῖτε
1658 1570 1702 1600 τὸν
1724 1570 1822 1611 Κύριον

1053 1615 1083 1643 ἐκ
1096 1615 1144 1649 τῆς
1157 1616 1215 1653 γῆς,
1231 1614 1368 1654 δράκοντες
1386 1614 1431 1643 καὶ
1443 1621 1530 1654 πᾶσαι
1541 1615 1651 1645 ἄὸυσσοι
1662 1628 1668 1635 ·
1680 1617 1725 1646 καὶ
1739 1617 1822 1646 ἀλλοι-

1052 1662 1101 1699 χοῦ
1112 1671 1118 1677 ·
1139 1659 1213 1696 Αὕτη
1228 1662 1245 1695 ἡ
1259 1660 1380 1690 θάλασσα
1392 1663 1409 1696 ἡ
1424 1662 1528 1701 μεγάλη
1542 1661 1587 1691 καὶ
1601 1662 1757 1704 εὐρύχωρος,
1769 1664 1824 1692 ἐκεῖ

1054 1705 1152 1746 ἑρπετὰ
1174 1701 1211 1735 ὧν
1231 1708 1279 1736 οὐκ
1301 1707 1370 1736 ἔστιν
1385 1708 1509 1747 ἀριθμός·
1524 1709 1579 1742 ζῶα
1592 1709 1674 1749 μικρὰ
1695 1709 1763 1748 μετὰ
1777 1721 1824 1748 με·

1017 1757 1036 1780 E
1054 1752 1154 1791 γάλων,
1171 1753 1225 1781 ἐκεῖ
1239 1754 1319 1782 πλοῖα
1340 1754 1548 1794 διαπορεύονται.
1563 1754 1674 1795 Δράκων
1694 1752 1782 1792 οὗτος,
1794 1756 1824 1785 ὃν

1055 1799 1172 1831 ἔπλασας
1194 1798 1332 1837 ἐμπαίζειν
1351 1801 1432 1840 αὐτῷ.
1454 1800 1508 1830 Καὶ
1530 1802 1648 1841 ἀλλαχοῦ
1669 1801 1826 1841 βουλόμενος

1056 1843 1138 1878 δεῖξαι
1151 1844 1191 1874 ὅτι
1205 1846 1256 1884 οὔχ
1267 1841 1312 1881 εἷς,
1327 1845 1395 1874 ἀλλὰ
1405 1846 1499 1875 πολλοὶ
1512 1847 1651 1886 δράκοντές
1667 1849 1727 1884 εἶσι,
1739 1848 1824 1887 λέγει·

1055 1890 1094 1920 Σὺ
1115 1890 1271 1930 συνέτριψας
1290 1891 1338 1924 τὰς
1351 1892 1467 1931 κεφαλὰς
1485 1895 1537 1922 τῶν
1556 1893 1704 1933 δρακόντων
1722 1894 1767 1923 ἐπὶ
1780 1898 1826 1924 τοῦ

1056 1936 1157 1969 ὕδατος.
1179 1935 1307 1972 Ἐποίησε
1329 1936 1414 1966 τοίνυν
1436 1937 1470 1967 τὰ
1489 1938 1559 1974 κήτη
1583 1938 1617 1967 τὰ
1639 1939 1751 1978 μεγάλα.
1767 1937 1826 1969 ’Καὶ

1055 1978 1123 2012 εἶδεν
1137 1985 1151 2011 ὁ
1171 1982 1256 2018 Θεὸς,
1271 1982 1312 2012 ὅτι
1330 1982 1418 2012 πάντα
1440 1984 1521 2013 καλά.
1544 1986 1622 2013 Διατὶ
1644 1978 1717 2022 εἶπε,
1732 1986 1826 2023 Καλά;

1055 2028 1116 2068 οὐχὶ
1129 2027 1142 2044 ¹³
1153 2029 1232 2058 καλὸν
1256 2028 1299 2058 διὰ
1312 2028 1343 2058 τὸ
1357 2029 1471 2065 πλῆθος
1485 2029 1555 2058 Ἀλλ’
1578 2029 1621 2059 ὅτε
1642 2030 1750 2066 ἐποίησε
1767 2031 1827 2065 τοὺς

1056 2073 1167 2114 ἀστέρας
1181 2074 1226 2103 καὶ
1244 2074 1318 2110 ἥλιον
1333 2074 1377 2104 καὶ
1395 2075 1524 2112 σελήνην,
1545 2077 1650 2105 πολλῶν
1672 2076 1754 2106 ὄντων
1774 2079 1827 2106 τῶν

1055 2119 1201 2159 γενομένων
1225 2119 1313 2159 λέγει·
1337 2115 1415 2149 Εἷδεν
1437 2122 1451 2149 ὃ
1473 2121 1541 2155 Θεὸς
1561 2121 1602 2150 ὅτι
1624 2121 1713 2151 καλόν.
1727 2123 1827 2152 Πολλοὶ

1057 2166 1165 2205 ἀστέρες
1178 2164 1223 2195 καὶ
1237 2165 1410 2206 ἀναρίθμητοι
1420 2166 1519 2196 τούτων
1533 2168 1560 2195 αἱ
1575 2168 1770 2207 μυριάδες-’καὶ
1781 2170 1828 2198 οὐκ

253 2212 334 2242 Vidit
345 2214 416 2242 Deus
430 2213 504 2252 quod
524 2214 594 2243 bona
615 2223 717 2253 essent;
731 2216 779 2246 sed
797 2219 883 2258 Quod
893 2222 999 2251 bonum
1010 2234 1046 2254 468
1056 2207 1141 2241 Εἶπεν·
1165 2207 1233 2240 εἶδεν
1254 2213 1268 2240 ὁ
1290 2212 1357 2244 Θεὸς
1379 2211 1418 2255 &i
1442 2212 1524 2241 καλά’
1551 2215 1625 2250 ἀλλ’,
1652 2214 1716 2244 ³0³¹·
1737 2215 1827 2245 καλόν·

254 2266 336 2288 esset.
360 2260 470 2296 Quare?
484 2261 556 2297 Quia
568 2261 618 2290 etsi
633 2262 718 2291 multa
735 2263 890 2302 luminaria,
901 2278 936 2296 ex
948 2279 999 2297 una
1021 2262 1039 2284 Α
1057 2258 1155 2291 Διατίὶ
1177 2257 1240 2286 Ὅτι
1261 2259 1283 2286 εἷ
1304 2258 1350 2286 καὶ
1372 2258 1466 2287 πολλοὶ
1488 2261 1640 2299 φωστῆρες)
1658 2261 1717 2290 ἀλλ’
1731 2260 1759 2294 ἐξ
1773 2261 1829 2294 ἑνὸς

254 2311 342 2334 tamen
354 2305 415 2335 luce
428 2314 500 2343 sunt,
512 2314 538 2336 et
550 2307 586 2336 ad
597 2307 720 2337 eumdem
726 2310 819 2340 omnia
831 2322 927 2342 usum:
939 2325 1001 2344 nam

255 2350 290 2380 ad
298 2350 508 2381 illuminandum
517 2353 606 2392 posita
615 2361 688 2383 sunt.
698 2355 749 2384 Hic
758 2366 823 2385 vcro
833 2358 896 2395 quia
908 2359 1001 2399 ingens

255 2404 294 2426 est
306 2398 446 2437 reptilium
454 2398 616 2439 differentia,
627 2406 653 2429 et
666 2401 828 2439 volatilium,
839 2406 1003 2437 natatilium-

256 2454 309 2482 que
325 2443 394 2483 (alia
409 2444 510 2485 quippe
525 2446 592 2475 ratio
605 2453 645 2475 est
657 2448 820 2486 natatilium,
838 2450 890 2479 alia
905 2454 1002 2483 volati-

1058 2303 1158 2343 φωτὸς,
1170 2303 1215 2332 καὶ
1229 2305 1277 2338 τῆς
1290 2305 1372 2339 αὐτῆς
1392 2303 1505 2337 ἅπαντες
1525 2305 1630 2345 χρείας·
1642 2306 1762 2345 φωτίζειν
1776 2306 1827 2346 γὰρ

1057 2354 1219 2394 ἐτάχθησαν.
1245 2355 1378 2394 Ἐνταῦθα
1395 2354 1423 2384 δὲ
1447 2354 1538 2392 ἐπειδὴ
1561 2356 1648 2392 πολλὴ
1669 2359 1721 2386 τῶν
1749 2359 1827 2397 ἑρπε-

1057 2407 1110 2434 τῶν
1125 2408 1141 2441 ῆ
1157 2405 1286 2446 διαφορὰ,
1307 2405 1352 2435 καὶ
1372 2409 1426 2436 τῶν
1444 2410 1571 2437 πετεινῶν
1591 2407 1637 2437 καὶ
1658 2409 1711 2437 τῶν
1725 2411 1827 2444 νηκτῶν

1058 2456 1152 2495 (ἄλλος
1164 2457 1215 2497 γὰρ
1229 2457 1306 2497 λόγος
1324 2460 1436 2497 νηκτῶν,
1447 2460 1525 2494 ἄλλος
1536 2463 1672 2500 πετεινῶν,
1691 2462 1769 2496 ἄλλος
1782 2464 1827 2502 ἑρ-

293 2554 303 2565 =
321 2547 381 2571 Haec
393 2547 544 2581 reliquorum
556 2550 720 2583 interpretum
734 2551 808 2577 lectio
819 2562 869 2579 non
880 2561 983 2580 notatur
995 2557 1020 2582 in
1069 2562 1113 2584 οὐκ
1126 2561 1194 2592 εἷπε]

253 2585 369 2617 Hoxaplis
378 2586 477 2612 uostris.
492 2588 547 2619 [οὐκ
560 2590 618 2615 εἶπον
626 2590 769 2622 scripsimus
778 2601 834 2616 cum
843 2593 920 2619 Savil.
928 2595 1017 2620 Montf.

1102 2599 1115 2617 b
1133 2598 1284 2631 [Combefis
1296 2603 1377 2633 καλὼ]
