1890 2826
73 1856 141 1876 Jomt.
149 1860 157 1875 1
164 1871 168 1876 .
176 1859 211 1882 ¹9.

73 1894 133 1914 llud.
142 1901 162 1913 v.
174 1892 213 1914 25.

75 2078 143 2098 Joan.
161 2082 169 2097 t
176 2093 181 2098 .
195 2082 203 2097 t
211 2092 215 2097 .

218 145 267 192 94

219 215 377 245 excelsum.
392 216 462 245 Cum
473 220 562 243 autem
574 224 622 243 nec
633 213 672 243 sic
684 224 746 243 eum
759 213 915 250 adduxerit,
929 223 963 243 ne

561 152 592 176 S.
618 152 754 176 JOANNts
779 152 961 176 cnttYSOST.
991 152 1144 175 Attcnntt’.
1172 152 1437 175 CONSTANTtNoP.

1015 214 1102 243 Τοῦτο
1115 213 1166 254 γάρ
1178 215 1249 243 ἐστιν
1260 237 1267 250 ,
1282 214 1321 244 Ἢ
1336 215 1373 248 εἷς
1384 214 1476 254 βάθος,
1497 214 1518 250 ἢ
1529 217 1566 249 εἰς
1577 215 1649 255 ὕψος.
1671 214 1789 252 Ἐπειδὴ,

219 262 265 291 hic
288 262 400 301 quidem
416 262 510 298 tacuit,
525 260 572 299 sed
586 260 792 300 reprehensione
806 260 961 300 subjuncta,
970 283 1001 307 ¹⁸,
1017 259 1044 288 δὲ
1056 260 1114 290 οὐδὲ
1128 260 1210 294 οὕτως
1223 260 1301 289 αὐτὸν
1322 260 1508 296 ἐπεσπάσατο,
1533 261 1593 291 οὐδὲ
1607 263 1718 292 ἐνταῦθα
1731 262 1787 291 ἐσί-

219 308 302 348 idque
311 308 346 339 ad
357 308 569 339 emendationem
581 306 726 345 audientis,
737 313 763 337 et
773 314 802 336 ut
814 306 964 336 ostenderet
979 310 997 332 Α

218 366 247 384 se
260 365 314 384 non
331 355 411 384 illum
425 354 569 393 decepisse,
578 363 664 392 neque
681 352 887 383 circumvenisse
901 363 963 382 ver-

219 401 271 438 bis,
286 400 456 441 prophetiam
467 399 568 429 revelat
578 409 712 436 arcanam,
725 399 753 428 in
767 399 880 428 salutem
891 399 964 428 orbis

219 448 350 484 futuram,
360 447 424 476 etin
436 457 526 476 rerum
538 445 660 475 omnium
672 445 883 475 emendationem
898 457 905 473 ε
919 445 966 475 ait-

220 505 273 533 que
293 494 402 532 signum
418 503 472 522 non
491 491 618 532 deinceps
636 491 697 521 dari
717 491 834 528 Achazo,
849 491 896 521 sed
917 491 966 521 toti

220 541 238 570 J
241 539 378 569 udaeorum
389 539 500 580 populo.
517 538 601 567 Initio
613 538 684 567 enim
698 538 786 578 ipsum
797 548 886 577 regem
899 538 966 567 allo-

221 586 369 625 quebatur;
391 585 454 624 quia
469 595 535 614 vero
558 595 586 613 se
604 584 662 624 ipse
680 583 822 623 indignum
835 583 965 621 reddidit,

221 632 329 661 turbam
347 631 443 672 populi
464 630 624 669 alloquitur.
644 631 736 667 Ideo,
759 629 857 668 inquit,
884 631 968 660 dabit

222 689 275 708 non
288 678 350 716 tihi,
363 677 411 708 sed
426 679 510 707 vobis
529 679 653 717 signum.
667 677 768 712 Vobis,
783 676 944 715 quibusnam
953 677 967 706 Ξ)

221 726 259 756 Iis
272 725 321 765 qui
331 732 394 755 sunt
406 726 434 754 in
445 724 527 754 domo
537 723 638 754 David.
652 723 761 753 Etenim
774 723 851 753 illinc
859 723 967 763 signum

221 779 345 802 exortum
364 778 412 801 est.
426 770 570 809 Quodnam
591 771 675 811 igitur
690 777 730 800 est
749 770 875 809 signum?
889 772 968 800 Ecce
982 776 1000 799 B

221 821 307 859 virgo
319 821 351 848 in
366 825 448 847 utero
462 819 594 857 accipiet,
608 824 635 846 et
646 818 742 856 pariet
752 817 859 854 filium,
871 824 900 846 et
911 827 967 846 vo-

222 868 332 895 cabunt
350 874 456 894 nomen
469 866 531 904 ejus
544 863 733 893 Emmanuel.
748 862 968 899 Observandum,

221 913 251 943 id
274 911 348 951 quod
372 918 398 941 et
418 917 478 940 ante
491 910 562 946 dixi,
575 920 628 939 non
651 910 757 940 Aehazo
777 910 870 940 datum
887 910 969 940 fuisse

221 959 338 999 signum.
351 957 432 995 Quod
442 964 531 986 autem
542 956 571 986 id
583 966 635 985 non
645 967 679 985 ex
688 956 842 996 conjectura
851 956 968 993 dicatur,

221 1007 280 1047 ipse
302 1005 433 1047 propheta
461 1003 618 1045 objurgavit
641 1010 667 1033 et
692 1004 829 1034 accusavit
853 1004 945 1035 dicens
959 1018 967 1036 ι

221 1053 376 1093 Numquid
384 1062 488 1091 parum
497 1052 583 1080 vobis
594 1056 637 1079 est
648 1061 768 1090 agonem
778 1052 907 1090 proebere
918 1052 969 1081 Ῐιο-

222 1100 348 1128 minibus
360 1101 373 1126 P
384 1104 410 1127 et
423 1096 615 1138 adjecitzldeo
626 1097 710 1125 dabit
721 1097 869 1126 Dominus
883 1099 970 1128 vobis

222 1147 347 1185 signum.
360 1145 439 1174 Ecce
459 1144 544 1183 virgo
556 1144 587 1171 in
601 1149 682 1172 uter-o
698 1143 826 1172 habehit.
841 1143 870 1173 Si
881 1151 970 1173 autem

221 1192 300 1231 virgo
310 1202 362 1221 non
380 1191 483 1227 fuisset,
497 1191 605 1229 signum
623 1199 676 1218 non
687 1196 750 1218 erat.
768 1189 882 1229 Signum
897 1190 969 1220 enim

222 1249 313 1268 rerum
328 1238 423 1268 seriem
431 1235 560 1266 excedere
572 1235 663 1272 debet,
678 1242 704 1265 et
715 1242 817 1265 naturae
828 1244 970 1267 consuetu-

222 1283 316 1313 dinem
330 1293 469 1323 superat-e,
481 1282 597 1320 itemque
609 1291 710 1311 novum
721 1288 748 1311 et
758 1282 969 1322 inexspectatum

221 1341 289 1367 esse,
305 1330 342 1359 ita
357 1337 385 1359 ut
405 1329 435 1358 id
454 1328 559 1369 insigne
578 1329 613 1358 sit
632 1328 747 1368 singulis
767 1329 814 1368 qui
833 1329 926 1359 vident
945 1337 970 1359 et

222 1377 347 1406 audiunt.
365 1375 431 1406 Ideo
448 1376 520 1405 enim
539 1375 646 1414 signum
665 1375 829 1415 appellatur,
843 1376 917 1415 quod
935 1377 970 1407 sit

222 1423 335 1462 insigne.
349 1421 459 1462 Insigne
475 1428 566 1450 autem
578 1431 631 1450 non
647 1420 740 1457 fuerit,
755 1421 779 1450 si
792 1421 930 1452 delitescat
943 1423 970 1452 in

221 1469 412 1498 communitate
435 1474 590 1497 caeterarum
612 1477 714 1496 rerum.
728 1468 823 1506 Itaque
842 1468 864 1497 si
883 1479 971 1499 sermo

221 1521 289 1543 esset
302 1514 336 1543 de
347 1514 462 1544 muliere
475 1512 623 1543 secundum
630 1519 731 1542 naturae
740 1513 827 1553 legem
840 1515 970 1554 pariente,

221 1572 270 1590 cur
292 1561 400 1601 signum
426 1566 534 1590 voearet
560 1558 635 1598 quod
656 1559 777 1598 quotidie
797 1560 857 1589 fieri
880 1561 948 1590 solet
956 1561 970 1590 ἱ)

221 1607 287 1637 Ideo
310 1608 337 1636 in
352 1606 464 1636 exordio
475 1605 616 1643 sermonis,
628 1615 682 1634 non
703 1605 863 1646 simpliciter
886 1606 968 1644 dixit,

220 1655 291 1684 Ecce
303 1653 394 1694 virgo,
410 1653 468 1690 sed,
481 1654 561 1682 Ecce
581 1654 643 1682 hoec
660 1654 756 1693 virgo,
772 1651 910 1682 additione
924 1663 969 1682 ar-

220 1700 299 1730 ticuli
319 1700 452 1739 insignem
477 1698 634 1738 quamdam,
647 1706 674 1728 et
693 1698 763 1728 hanc
784 1699 870 1728 solam
889 1699 971 1729 tuisse

220 1746 300 1775 nobis
313 1744 499 1775 subindicans.
513 1744 596 1782 Quod
609 1744 681 1774 enim
693 1744 746 1774 hoc
759 1744 972 1774 additamentum

222 1792 251 1821 id
262 1792 404 1831 significet,
413 1801 447 1820 ex
460 1790 718 1831 evangeliisdiseere
731 1802 886 1831 possumus.
900 1795 972 1825 Cum

223 1839 294 1868 enim
312 1838 348 1867 ad
361 1840 493 1869 Joannem
511 1838 647 1867 misissent
659 1837 748 1868 Judaei
765 1838 970 1880 interrogantes,

228 1886 299 1924 Quis
310 1896 340 1914 es
350 1887 363 1912 Ρ
371 1895 423 1914 nou
433 1884 569 1920 dicebant,
578 1884 623 1912 Tu
633 1894 661 1913 es
672 1885 814 1922 Christus3
828 1887 886 1924 sed,
895 1888 927 1917 Si
941 1895 972 1918 tu

226 1941 256 1960 es
267 1931 319 1960 ille
332 1932 479 1960 Chr-istus:
492 1940 578 1969 neque
588 1929 724 1969 dicebant,
732 1932 777 1961 Tu
788 1942 816 1961 es
827 1934 972 1974 propheta;

227 1977 285 2014 sed,
300 1977 331 2006 Si
346 1983 376 2006 tu
390 1987 420 2006 es
431 1977 483 2006 ille
493 1977 636 2016 propheta
645 1989 653 2005 .-
666 1977 740 2016 quod
754 1985 900 2019 utrumque
912 1982 973 2011 exi-

227 2023 314 2052 mium
327 2030 393 2052 erat.
404 2022 465 2052 ldco
479 2024 596 2053 Joannes
607 2023 788 2062 Evangelium
799 2025 907 2056 ordiens
921 2037 974 2057 non

227 2069 344 2106 dicebat,
357 2070 388 2098 In
403 2069 539 2109 principio
552 2076 608 2098 erat
620 2070 756 2106 Verbum,
771 2071 829 2109 sed,
844 2074 883 2102 In
890 2076 974 2113 prin-

227 2118 302 2156 cipio
314 2122 378 2145 erat
395 2116 473 2145 illud
481 2116 618 2153 Verbum,
635 2123 662 2145 et
676 2117 754 2146 illud
766 2118 893 2148 Verbum
912 2126 976 2149 erat

226 2163 306 2202 apud
318 2163 422 2191 Deum.
434 2162 479 2192 Sic
492 2169 518 2192 et
530 2163 582 2192 hoc
596 2163 656 2192 loco
677 2174 730 2192 non
743 2163 825 2203 dixit,
835 2166 906 2195 Ecce
917 2167 976 2196 vir-

226 2219 271 2248 go,
284 2208 343 2246 sed,
355 2210 434 2238 Ecce
448 2210 510 2238 haec
523 2210 608 2248 ‘virgo
618 2221 629 2238 .·
638 2220 668 2239 ac
687 2220 750 2239 cum
763 2210 894 2250 dignitate
916 2223 977 2252 pro-

226 2256 312 2295 phetae
321 2255 489 2285 convenienti
509 2255 589 2292 illud,
604 2257 693 2295 Ecce,
707 2257 889 2296 praemittitur.
905 2260 975 2289 Nam

226 2302 310 2331 ferme
322 2301 438 2332 videntis
451 2308 477 2330 et
489 2302 635 2342 imaginem
646 2303 673 2332 in
685 2310 773 2333 mente
785 2304 908 2334 habentis
918 2305 976 2336 haec

261 2401 272 2412 ⁸
289 2395 346 2419 Οὐδὲ
357 2395 537 2427 nuptio-sicam,
547 2395 709 2420 ἀνακαλὺπτει.
726 2394 769 2419 Sic
788 2401 857 2420 recte
865 2395 954 2421 Morel.
967 2402 994 2422 εἰ

229 2432 373 2457 Bavaricus.
386 2433 419 2457 Ar.
427 2432 488 2465 Reg.
500 2437 526 2456 et.
536 2432 615 2458 Savil.
629 2435 679 2458 οὐδὲ
690 2438 735 2468 γὰρ
749 2437 876 2467 ἐλογίσατο,
889 2440 992 2469 ἀνακάμ-

229 2483 289 2498 πτει.
302 2472 446 2503 Perper-um,
456 2476 485 2496 ut
494 2472 546 2504 ipse
555 2477 642 2496 mouet
651 2471 758 2497 Savilius
769 2472 794 2497 in
807 2474 884 2504 notis,
898 2473 942 2499 ubi
951 2482 994 2498 ve-

231 2521 283 2536 ru÷u
299 2511 445 2542 lectionem,
458 2510 525 2536 hanc
541 2511 638 2536 scilicet.
657 2517 782 2544 nostram,
802 2512 929 2547 Florilegii
948 2522 993 2538 au-

232 2552 350 2576 ctoritate
370 2551 488 2576 restituit.
501 2550 650 2576 'rilmannus
672 2550 749 2577 etiam
767 2552 889 2585 interpres
909 2562 993 2578 veram

1017 316 1106 345 γησεν,
1121 307 1179 336 ἀλλ’
1193 305 1302 346 ἔλεγχον
1317 306 1473 345 ἐπαγαγὼν,
1488 306 1534 336 καὶ
1547 309 1637 337 τοῦτον
1647 307 1712 347 ὑπὲρ
1719 309 1789 347 διορ-

1018 351 1123 386 θώσεως
1135 355 1181 382 τοῦ
1196 353 1348 387 ἀκούοντος,
1371 352 1416 381 καὶ
1430 356 1475 382 τοῦ
1490 353 1587 389 δεῖξαι,
1601 355 1636 387 ὡς
1653 355 1701 383 οὐκ
1714 354 1789 390 ἠπά-

1017 409 1111 435 τησεν,
1126 401 1138 414 ¹
1146 399 1205 428 οὐδὲ
1214 399 1421 439 παρελογίσατο,
1435 398 1615 429 ἀνακαλύπτει
1628 399 1790 440 προφητείαν

1018 443 1167 484 ἅπόῤῥητον
1177 467 1184 481 ,
1200 444 1248 481 τὴν
1261 445 1304 474 ἐπὶ
1326 444 1445 485 σωτηρία
1458 447 1506 480 τῆς
1528 445 1683 484 οἰκουμένης
1694 446 1792 485 ἐσομέ-

1017 499 1077 525 νην,
1093 489 1138 519 καὶ
1152 490 1196 519 ἐπὶ
1208 491 1344 530 διορθώσει
1356 494 1409 520 τῶν
1422 491 1587 531 πραγμάτων
1599 490 1731 520 ἁπάντων·
1745 491 1793 521 καί

1018 546 1083 574 φησι
1092 535 1122 564 τὸ
1134 540 1243 574 σημεῖον
1253 537 1312 576 οὐχὶ
1324 539 1362 577 τῷ
1376 536 1459 577 Ἄχαζ
1473 537 1589 567 δίδοσθαι
1601 536 1693 566 λοιπὸν
1702 558 1710 572 ,
1723 537 1795 567 ἀλλὰ

1017 582 1057 620 τῷ
1077 583 1156 622 κοινῷ
1176 585 1228 612 τῶν
1241 582 1375 612 Ἰουδαίων
1390 584 1476 624 δήμῳ,
1501 583 1582 624 Παρὰ
1603 583 1651 623 μὲν
1670 583 1722 623 γὰρ
1743 584 1791 621 τὴν

1019 626 1104 667 ἀρχὴν
1127 627 1192 668 πρὸς
1212 628 1289 658 αὐτὸν
1311 629 1355 658 τὸν
1382 629 1459 669 λόγον
1473 629 1621 659 ἀπέτεινεν·
1646 630 1741 666 ἐπειδὴ4
1764 630 1794 660 δὲ

1019 673 1122 708 ἀνάξιον
1135 675 1232 708 ἐκεῖνος
1245 675 1335 705 ἑαυτὸν
1351 676 1467 716 ἀπέφηνε
1478 699 1486 712 ,
1509 678 1547 716 τῷ
1571 679 1650 717 κοινῷ
1668 681 1714 707 τοῦ
1727 679 1791 707 λαοῦ

1019 720 1174 760 διαλέγεται.
1197 721 1248 751 Διὰ
1270 725 1348 751 τοῦτο
1361 722 1412 762 γὰρ
1423 745 1431 758 ,
1446 722 1526 763 φησὶ,
1540 722 1636 758 δώσει,
1662 723 1722 763 οὗχὶ
1737 723 1793 763 σοὶ,

1019 766 1079 797 ἀλλ’
1092 769 1155 807 ὓμῑν
1172 773 1290 808 σημεῖον.
1310 768 1410 808 Ὑμῖν,
1438 769 1511 805 τίσι;
1536 770 1599 802 Τοῖς
1622 771 1648 799 ἐν
1669 772 1708 810 τῷ
1728 770 1793 810 οᾶῳ

1020 813 1113 843 Δαυίδ.
1143 815 1198 844 Καὶ
1219 814 1271 854 γὰρ
1285 816 1383 844 ἐκεῖθεν
1395 815 1544 852 ἐὸλάστησε
1564 816 1595 845 τὸ
1611 820 1730 855 σημεῖον.
1757 816 1794 846 Τί

1019 855 1063 889 οὖν
1080 859 1112 894 ,τὸ
1133 860 1241 899 σημεῖόν
1269 862 1355 896 {erm
1376 860 1444 890 Ἰδοὺ
1462 863 1479 896 ἡ
1501 861 1627 901 παρθένος
1650 863 1677 891 ἐν
1698 862 1794 902 γαστρὶ

1019 906 1148 946 λήψεται,
1171 906 1216 935 καὶ
1230 906 1332 940 τέξεται
1353 907 1408 936 υἱὸν
1419 928 1427 942 ,
1451 907 1496 936 καὶ
1509 907 1651 937 καλέσουσι
1663 908 1694 937 τὸ
1711 909 1794 948 ὄνομα

1022 954 1101 982 αὐτοῦ
1112 953 1288 991 Ἐμμανουήλ
1310 953 1518 993 Παρατηρητέον
1527 974 1535 988 ,
1554 953 1619 993 ὅπερ
1633 954 1678 983 καὶ
1690 954 1794 995 ἔμπρο-

1022 1001 1082 1028 σθεν
1095 993 1185 1034 εἷπον,
1204 998 1244 1028 ὅτι
1262 1000 1291 1027 οὖ
1304 1000 1343 1038 τῷ
1356 997 1440 1038 Ἅχαζ
1452 999 1553 1029 δίδοται
1575 1000 1667 1030 λοιπὸν
1688 1000 1718 1029 τὸ
1745 1013 1794 1038 ση-

1024 1049 1105 1085 μεῖον.
1120 1045 1173 1075 Καὶ
1185 1044 1226 1074 ὅτι
1239 1045 1268 1074 οὗ
1288 1045 1454 1084 στοχασμὸς,
1482 1046 1558 1080 αὐτὸς
1572 1048 1586 1075 ὁ
1600 1047 1737 1087 προφήτης
1748 1047 1795 1077 καὶ

1023 1091 1159 1122 ἐνεκάλεσε
1173 1091 1218 1120 καὶ
1236 1090 1403 1130 κατηγόρησε
1416 1091 1499 1131 λέγων
1509 1104 1516 1111 ·
1539 1093 1587 1130 Μὴ
1601 1093 1694 1133 μικρὸν
1709 1095 1772 1132 ὑμῖν
1784 1116 1793 1129 ,

1023 1138 1113 1177 ἀγῶνα
1139 1136 1265 1177 παρέχειν
1290 1137 1435 1177 ἀνθρώποις
1447 1149 1455 1173 ;
1482 1138 1527 1168 καὶ
1547 1138 1696 1178 προσέθηκε
1707 1151 1713 1158 ·
1741 1139 1794 1169 Διὰ

1022 1187 1100 1213 τοῦτο
1111 1183 1190 1213 δώσει
1203 1182 1300 1223 Κύριος
1318 1184 1381 1221 ὑμῖν
1401 1188 1520 1222 σημεῖον.
1536 1184 1604 1214 Ἰδοὺ
1626 1187 1643 1221 ἡ
1667 1185 1795 1225 παρθένος

1023 1232 1049 1260 ἐν
1073 1230 1167 1271 γαστρὶ
1181 1229 1241 1264 ἕξει.
1255 1230 1289 1259 Εἰ
1308 1229 1335 1258 δὲ
1350 1228 1386 1268 μὴ
1401 1230 1528 1269 παρθένος
1540 1226 1589 1266 ἦν,
1610 1231 1669 1260 οὐδὲ
1684 1236 1794 1270 σημεῖον

1023 1273 1064 1314 ἦν.
1079 1277 1120 1306 Τὸ
1130 1275 1181 1317 γὰρ
1195 1279 1304 1315 σημεῖον
1314 1275 1443 1305 ἐκὸαίνειν
1460 1277 1498 1305 δεῖ
1519 1276 1568 1312 τὴν
1583 1277 1672 1313 κοινὴν
1687 1279 1795 1307 ἀκολου-

1024 1323 1091 1358 θίαν,
1104 1322 1149 1352 καὶ
1162 1322 1211 1359 τὴν
1223 1323 1271 1357 τῆς
1282 1321 1382 1362 φύσεως
1399 1321 1566 1361 ὓπερὸαίνειν
1580 1322 1717 1358 συνήθειαν
1727 1345 1735 1359 ,
1749 1323 1797 1353 καὶ

1025 1369 1095 1404 ξένον
1109 1364 1176 1398 εἶναι
1188 1368 1234 1398 καὶ
1247 1367 1404 1408 παράδοξον,
1420 1367 1488 1397 ὥστε
1502 1368 1612 1398 ἕκαστον
1624 1370 1796 1408 ἐπισημαίνε-

1025 1423 1086 1450 σθαι
1096 1421 1148 1449 τῶν
1161 1418 1281 1459 ὁρώντων
1292 1417 1337 1447 καὶ
1354 1417 1512 1447 ἀκουόντων.
1535 1417 1586 1447 Διὰ
1599 1417 1650 1458 γὰρ
1661 1422 1738 1448 τοῦτο
1750 1419 1796 1449 καὶ

1025 1470 1135 1505 σημεῖον
1151 1464 1274 1504 λέγεται,
1292 1463 1336 1493 διὰ
1350 1463 1380 1493 τὸ
1390 1463 1531 1502 ἐπίσημον.
1545 1463 1697 1503 Ἐπίσημον
1709 1465 1736 1494 δὲ
1747 1467 1796 1495 οὐκ

1025 1512 1055 1541 ἂν
1067 1511 1187 1551 γένοιτο,
1206 1512 1230 1539 εἷ
1252 1509 1343 1548 μέλλοι
1369 1508 1530 1549 κρύπτεσθαι
1553 1512 1586 1549 τῇ
1607 1511 1730 1551 κοινωνίᾳ
1741 1513 1796 1541 τῶν

1024 1558 1112 1587 ἄλλων
1122 1555 1294 1597 πραγμάτων.
1306 1555 1392 1584 “stete
1411 1556 1435 1584 εἰ
1455 1555 1516 1595 περὶ
1537 1556 1660 1595 γυναικὸς
1681 1559 1696 1586 ὁ
1719 1557 1795 1597 λόγος

1024 1600 1056 1641 ἦν
1070 1603 1143 1644 νόμῳ
1154 1602 1256 1644 φύσεως
1266 1601 1420 1637 τικτούσης,
1432 1601 1501 1634 τίνος
1514 1601 1600 1631 ἕνεκεν
1613 1607 1722 1642 σημεῖον
1744 1616 1796 1633 κα-

1023 1652 1065 1680 λεῖ
1077 1650 1108 1679 τὸ
1118 1651 1177 1679 καθ’
1193 1648 1308 1684 ἑκάστην
1321 1647 1456 1687 γινόμενον
1469 1647 1588 1688 ἡμέραν;
1605 1649 1656 1678 Διὰ
1671 1649 1702 1685 δὴ
1718 1653 1798 1679 τοῦτο

1024 1696 1070 1727 καὶ
1083 1696 1228 1736 ἀρχόμενος
1241 1696 1288 1725 οὐκ
1298 1690 1383 1729 εἶπεν,
1398 1693 1453 1723 ἰδοὺ
1466 1693 1607 1735 παρθένος,
1620 1694 1697 1725 ι’ἀλλ’
1707 1719 1715 1733 ,
1727 1696 1796 1726 Ἰδοὺ

1023 1745 1041 1778 ἡ
1055 1742 1200 1782 παρθένος,
1215 1743 1248 1781 τῇ
1269 1740 1406 1781 προσθήκῃ
1418 1743 1464 1769 τοῦ
1480 1740 1575 1780 ἄρθρου
1590 1741 1720 1781 ἐπίσημόν
1737 1755 1801 1772 τινα

1025 1789 1071 1819 καὶ
1088 1789 1171 1828 μόνην
1184 1787 1308 1823 τοιαύτην
1329 1787 1505 1827 γεγενημένην
1525 1790 1588 1826 ἡμῖν
1608 1789 1796 1828 αἰνιττόμενος.

1026 1836 1091 1866 “Ort
1100 1835 1151 1876 γὰρ
1165 1837 1183 1870 ἡ
1197 1833 1333 1874 προσθήκη
1347 1833 1414 1870 αὕτη
1425 1836 1503 1863 τοῦτο
1516 1834 1690 1871 ἐνδείκνυται,
1716 1836 1797 1865 δυνα-

1026 1881 1070 1911 τὸν
1093 1881 1139 1911 καὶ
1166 1880 1218 1910 ἀπὸ
1239 1882 1292 1909 τῶν
1313 1878 1469 1917 εὐαγγελίων
1492 1883 1593 1918 μαθεῖν.
1621 1880 1732 1918 Ἐπειδὴ
1747 1882 1801 1922 γὰρ

1027 1926 1148 1967 ἔπεμψαν
1161 1925 1226 1965 πρὸς
1247 1924 1292 1954 τὸν
1311 1924 1434 1960 Ἰωάννην
1448 1926 1472 1954 οἱ
1493 1925 1614 1956 Ἰουδαῖοι
1633 1929 1798 1967 ἐρωτῶντες,

1029 1973 1078 2007 Τίς
1099 1968 1137 2010 εἷς
1157 1973 1205 2002 οὐκ
1225 1971 1329 2011 ἔλεγον,
1351 1970 1383 2000 σὺ
1395 1967 1419 2000 εἷ
1433 1972 1563 2011 Χριστὸς,
1578 1974 1646 2009 ἀλλ’,
1661 1973 1738 2003 Εἰσὺ
1753 1969 1802 2003 stt>

1028 2019 1156 2059 Χριστός·
1170 2018 1229 2048 οὐδὲ
1240 2017 1345 2057 ἔλεγον,
1360 2017 1391 2047 σὺ
1405 2012 1430 2046 εἶ
1442 2018 1588 2058 προφήτης,
1603 2020 1673 2056 ἀλλ’,
1685 2020 1719 2049 Εἰ
1730 2020 1762 2050 σὺ
1776 2015 1802 2049 εἷ

1029 2067 1043 2095 ὁ
1054 2064 1203 2106 προφήτης·
1223 2060 1260 2093 ὧν
1271 2063 1380 2095 ἕκαστον
1391 2062 1521 2103 ἐξαίρετον
1535 2060 1577 2100 ἧν.
1600 2064 1652 2094 Διὰ
1664 2068 1742 2095 τοῦτο
1755 2065 1800 2095 καὶ

1029 2111 1195 2152 ἀρχόμενοςὸ
1204 2109 1330 2146 Ἰωάννης
1339 2111 1386 2139 οὐκ
1400 2110 1488 2149 ἔλεγεν
1497 2132 1505 2147 ,
1520 2112 1547 2140 ἐν
1563 2112 1633 2151 ἀρχῇ
1651 2107 1685 2147 ἦν
1699 2111 1783 2151 Λόγος
1793 2133 1800 2146 ,

1031 2157 1100 2195 ἀλλ’,
1114 2159 1162 2187 Ἐν
1174 2158 1247 2197 ἄρχῇ
1255 2151 1288 2192 ἦν
1299 2158 1314 2184 ὃ
1327 2155 1420 2195 Λόγος,
1435 2156 1480 2186 καὶ
1493 2158 1508 2185 ὁ
1521 2157 1605 2196 Λόγος
1626 2153 1658 2193 ἧν
1682 2157 1747 2197 πρὸς
1758 2158 1802 2187 τὸν

1030 2204 1109 2234 Θεόν.
1124 2203 1205 2233 Οὕτω
1227 2201 1259 2238 δὴ
1270 2201 1316 2231 καὶ
1330 2203 1440 2231 ἐνταῦθα
1466 2203 1514 2231 οὐκ
1531 2198 1617 2239 εἶπεν,
1632 2203 1687 2232 ἰδοὺ
1701 2204 1802 2244 παρθέ-

1031 2266 1072 2287 νος
1081 2276 1089 2288 ,
1101 2251 1246 2288 ἀλλ’,Ἶδοὶι
1257 2254 1275 2287 ἡ
1286 2251 1422 2291 παρθένος·
1444 2251 1489 2281 καὶ
1501 2251 1569 2291 μετὰ
1581 2252 1728 2291 ἀξιώματος
1739 2265 1802 2293 προ-

1031 2306 1101 2346 φήτῃ
1115 2303 1259 2345 πρέποντος
1272 2303 1319 2340 τὸ,
1344 2301 1423 2332 Ἰδού.
1445 2302 1534 2333 Μόνον
1548 2303 1598 2343 γὰρ
1612 2304 1673 2344 οὐχὶ
1692 2306 1804 2344 ὁρῶντος

1042 2402 1162 2429 sequutus
1173 2401 1212 2421 est.
1222 2394 1367 2420 lectionem.

1075 2437 1090 2455 ¹³
1106 2434 1165 2462 An’
1185 2437 1231 2462 ἰδοὺ
1246 2438 1261 2464 ἡ
1281 2437 1403 2468 παρθένος,
1423 2443 1481 2458 cum
1495 2433 1603 2459 articulo
1623 2433 1721 2459 scilicet
1732 2439 1746 2464 ἡ
1759 2438 1802 2468 qui

1043 2474 1152 2508 aliquam
1164 2474 1286 2507 virginem
1304 2473 1435 2505 speciatim
1458 2472 1571 2506 indicam
1590 2478 1698 2509 παρθένος
1716 2480 1802 2499 eutem

1043 2515 1095 2539 sine
1109 2512 1216 2538 articulo
1226 2511 1347 2545 virginem
1356 2513 1493 2545 generatim
1505 2511 1576 2539 dicit.
1591 2511 1622 2537 td
1632 2521 1692 2539 vero
1703 2514 1745 2538 vix
1756 2523 1803 2546 po-

1044 2559 1094 2578 test
1105 2553 1194 2578 Latine
1206 2550 1321 2584 exprImi.
