1890 2826
709 204 741 228 m
767 203 898 236 isaim,
928 204 1004 227 car.
1034 204 1081 227 vt.

1623 207 1669 243 79

101 265 191 296 λοιπὸν
212 267 260 301 τῆς
280 266 435 305 οἰκουμένης
457 266 551 306 μέρος,
574 266 642 296 ἀλλὰ
663 266 709 295 καὶ
731 261 797 302 ‹zo-&h
819 266 867 300 τῆς
883 264 908 314 δί
923 275 972 305 per
985 275 1066 304 quam
1082 265 1223 295 universus
1234 266 1307 296 orbis
1320 265 1371 296 nei
1384 266 1470 306 gloria
1480 266 1598 307 repletus
1607 274 1668 296 est:

101 311 228 346 Ἰουδαίας
237 314 254 348 ἡ
264 312 341 353 χώρα
355 315 454 349 πολλῆς
464 312 586 346 ἀσεὸείας
599 308 632 349 ἦν
645 311 866 352 έμπεπλησμένη,

100 358 145 387 καὶ
171 357 254 392 οὐδεὶς
274 360 388 398 οὐδαμοῦ
411 360 455 389 τὸν
475 359 546 390 Θεὸν
558 357 670 393 ἐδόξαζε.
692 358 746 388 Καὶ
766 357 867 398 μάρτυς

99 403 177 437 αὐτὸς
189 407 204 434 ὃ
215 405 354 445 προφήτης
371 405 465 446 λέγων,
478 405 518 435 ὅτι
534 406 577 434 Δι’
591 407 660 444 ὑμᾶς
672 405 703 434 τὸ
719 404 802 444 ὄνομά
816 415 865 443 μου

23 440 38 483 ³1
100 451 297 491 βλασφημεῖται
314 453 342 481 ἐν
355 455 409 485 τοῖς
429 452 522 482 ἔθνεσι.
539 451 612 481 Πότε
626 447 670 482 οῧν
683 451 788 490 πλήρης
809 450 867 490 ἐγέ-

98 507 157 525 νετο
174 499 191 532 ἡ
210 499 246 536 γῆ
261 500 309 534 τῆς
328 496 404 534 δόξης
421 499 515 534 αὐτοῦς
529 496 597 527 'oa
612 500 626 527 ὁ
639 496 719 537 ὕμνος
736 492 811 530 οὗτος
830 498 866 529 εἰς

97 541 147 577 τὴν
158 545 208 581 γῆν
221 543 370 584 κατηνέχθη
378 566 387 580 ,
405 544 449 573 καὶ
461 543 636 584 συγχορευταὶ
651 545 702 573 τῶν
721 543 777 572 ἄνω
790 542 867 572 δυνά-

98 599 168 625 μεων
182 589 207 617 οἱ
221 589 294 618 κάτω
308 589 444 629 γεγόνασιν
459 589 592 629 ἅνθρωποι
601 611 610 627 ,
624 588 669 619 καὶ
684 588 748 628 μίαν
761 588 810 624 τὴν
821 599 867 627 με-

97 633 194 672 λῳδίαν
216 634 356 675 ἀνήγαγον,
379 634 425 664 καὶ
449 635 539 672 κοινὴν
557 635 606 671 τὴν
620 634 752 675 εὐφημίαν
773 633 866 670 ἐποιή-

96 689 186 708 σαντο.
212 680 247 710 El
274 680 301 710 δὲ
327 683 496 721 ἀναισχυντεῖ
519 681 584 721 πρὸς
608 683 692 710 ταῦτα
718 681 844 713 Ἰουδαῖος
855 705 865 719 ,

97 723 206 758 δειξάτω
229 726 294 756 πότε
315 732 390 757 πᾶσα
413 729 431 764 ἦ
454 729 488 767 γῆ
508 729 557 763 τῆς
572 727 647 765 δόξης
666 728 745 756 αὖτοῦ
762 726 867 767 πλήρης

94 770 215 809 ἐγένετο,
228 772 327 808 ταύτης
339 775 387 809 τῆς
401 773 454 803 ἀπὸ
470 775 518 809 τῆς
529 773 651 813 γνώσεως
658 784 668 811 3
683 772 753 803 Ἀλλ’
772 773 820 802 οὐκ
834 772 866 801 ἂν
886 779 904 803 Β

96 817 154 857 ἔχοι
167 818 264 856 δεῖξαι,
285 819 335 848 κᾶν
350 819 473 860 μυριάκις
493 822 666 860 ἀναισχυντῇ.
687 819 740 850 Καὶ
763 819 864 858 ἐπήρθη

95 863 126 892 τὸ
140 864 282 904 ὑπέρθυρον
297 865 349 895 ἀπὸ
367 868 414 901 τῆς
429 867 518 906 φωνῆς
528 888 536 902 ,
559 862 591 901 ἧς
611 865 761 904 ἔκέκραγον.
788 860 865 899 Εἶδες

95 910 255 950 προφητείας
265 911 395 948 εὐκολίαν,
403 911 437 941 τὰ
446 911 593 952 πράγματα
604 911 727 947 ἀλλήλων
739 911 862 951 ἕχόμενα;

95 955 172 984 Μετὰ
189 956 240 996 γὰρ
252 957 298 987 τὸν
312 957 392 996 ὕμνον
405 960 506 994 τοῦτον,
526 958 571 988 καὶ
586 957 617 987 τὸ
629 959 801 997 πληρωθῆναι
814 957 863 995 τὴν

93 1003 143 1039 γῆν
157 1003 205 1037 τῆς
216 1002 292 1039 δόξης
302 1005 392 1039 αὐτοῦ,
404 1003 538 1033 ἐπαύσατο
548 1003 583 1033 τὰ
596 1003 729 1033 Ἰουδαϊκὰ
743 1004 861 1040 ἅπαντα,

94 1046 158 1087 ὅπερ
175 1047 220 1077 καὶ
233 1049 297 1078 αὐτὸ
311 1048 354 1078 διὰ
367 1052 412 1079 τοῦ
433 1051 579 1089 ἐπαρθῆναι
592 1050 623 1079 τὸ
644 1049 788 1089 ὑπέρθυρον
802 1050 863 1086 ἐδή-

94 1093 186 1122 λωσεν.

134 1278 312 1320 Ἐρημώσεως
325 1281 376 1321 γὰρ
389 1282 462 1311 τουτὶ
475 1281 506 1311 τὸ
519 1285 628 1319 σημεῖον
641 1276 684 1317 ἦν,
694 1280 739 1309 καὶ
750 1282 859 1320 ἀνατρο·

93 1326 146 1360 πῆς
156 1327 202 1354 τοῦ
214 1329 277 1355 ναοῦ
288 1338 295 1344 ·
308 1329 355 1357 τοῦ
366 1329 429 1356 ναοῦ
450 1326 478 1356 δὲ
496 1326 680 1367 ἀφανισθέντος
689 1349 696 1362 ,
710 1326 755 1355 καὶ
774 1326 859 1356 τᾶλλα

94 1371 250 1401 κατελύοντο
263 1369 358 1402 πάντα.
377 1372 430 1402 Καὶ
450 1372 494 1402 ἵνα
507 1372 606 1412 μάθῃς,
619 1373 661 1402 ὅτι
672 1374 690 1407 ἢ
709 1371 795 1408 Καινὴ
809 1372 858 1409 τὴν

94 1416 215 1446 Παλαιὰν
226 1417 349 1454 ἔπαυσεν,
360 1417 424 1448 Ἀπὸ
441 1420 489 1454 τῆς
502 1421 599 1459 φωνῆς,
612 1418 701 1458 φησὶν,
713 1417 814 1458 ἐπήρθη
828 1419 859 1448 τὸ

93 1462 236 1503 ὑπέρθυρον
247 1476 254 1482 ·
269 1464 413 1501 τουτέστιν,
428 1464 480 1494 ἀπὸ
491 1467 537 1494 τοῦ
549 1464 742 1504 παραγενέσθαι
753 1464 801 1500 τὴν
813 1465 858 1494 δο-

94 1507 211 1548 ξολογίαν
221 1509 330 1547 ταύτην,
342 1510 388 1540 καὶ
396 1510 501 1550 λάμψαι
510 1510 559 1546 τὴν
569 1511 658 1551 χάριν,
670 1510 715 1539 καὶ
724 1510 772 1546 τὴν
782 1509 858 1544 δόξαν

92 1555 235 1594 ἐκχυθῆναι
254 1560 390 1597 πανταχοῦ
412 1559 459 1593 τῆς
475 1557 647 1596 οἰκουμένης,
667 1556 701 1586 τὰ
715 1558 762 1592 τῆς
783 1562 859 1591 σκιᾶς

91 1601 210 1630 ἐκποδὼν
234 1602 333 1642 γέγονε.
356 1602 409 1632 Καὶ
433 1605 447 1632 ὅ
473 1598 543 1637 οἶκος
567 1602 716 1638 ἐνεπλήσθη
744 1606 856 1632 καπνοῦ.

92 1646 172 1685 Ἐμοὶ
181 1648 227 1677 καὶ
239 1651 316 1678 τοῦτο
328 1649 399 1679 δοκεῖ
413 1653 522 1688 σημεῖον
537 1644 603 1678 εἶναι
616 1651 664 1684 τῆς
677 1648 801 1682 ἁλώσεως
810 1650 858 1684 τῆς

92 1691 170 1722 αὐτὸν
183 1694 412 1734 καταληψομένης,
422 1695 467 1724 καὶ
476 1697 522 1724 τοῦ
535 1694 695 1734 βαρὸαρικσῦ
709 1694 799 1734 πυρὸς,
813 1695 858 1732 καὶ

92 1740 137 1767 τοῦ
153 1739 343 1778 χαλεπωτάτου
357 1741 524 1780 ἐμπρησμοῦ.
548 1740 602 1770 Καὶ
621 1735 711 1769 εἶπον·
733 1739 756 1768 ὦ
776 1740 858 1773 τάλας

92 1784 160 1823 ἐγὼ,
175 1784 220 1822 ὅτι
230 1785 440 1825 κατανένυγμαι.
455 1785 497 1815 ὅτι
517 1785 651 1825 ἄνθρωπος
668 1785 715 1820 ὢν,
729 1784 774 1814 καὶ
789 1785 858 1814 ἀκά-

92 1832 175 1870 θαρτα
190 1829 268 1870 χείλη
281 1831 358 1871 ἔχων,
370 1831 415 1861 καὶ
428 1832 456 1861 ἐν
467 1831 541 1872 μέσῳ
552 1833 617 1861 λαοῦ
631 1830 767 1870 ἀκάθαρτα
780 1830 857 1871 χείλη

91 1875 196 1916 ἔχοντος
209 1876 261 1916 ἐγὼ
273 1878 346 1913 οἰκῶ,
359 1877 477 1907 ’καὶτὸν
486 1877 584 1916 Κύριον
597 1876 712 1907 Σαὸαὼθ
723 1871 790 1905 εἶδον
803 1880 858 1910 τοῖς

91 1923 233 1963 ὀφθαλμοῖς
257 1934 319 1962 μου.
344 1922 487 1959 Ἐξέπληξε
510 1923 554 1952 τὸν
576 1922 715 1963 προφήτην
738 1924 755 1958 ἡ
778 1923 836 1962 ὄψις
848 1943 857 1957 ,

92 1967 270 2005 διανέστησεν,
286 1970 323 2003 εἰς
332 1968 414 1999 πολὺν
427 1969 471 1999 τὸν
485 1969 565 2010 φόὸον
579 1968 685 1998 ἐνέὸαλε
696 1991 704 2005 ,
720 1968 786 2009 πρὸς
799 1968 853 2003 ἐξο-

91 2014 235 2054 μολόγησιν
257 2015 385 2051 ἐκίνησεν,
398 2015 583 2056 ἄκριὸέστερον
600 2014 649 2051 τὴν
663 2014 796 2044 εὐτέλειαν
808 2016 857 2050 τῆς

91 2059 188 2094 οἰκείας
203 2060 292 2095 οὔσίας
309 2058 451 2100 ἐπιγνῶναι
463 2060 654 2101 παρεσκεύασε.
668 2061 791 2090 Τοιοῦτοι
804 2060 855 2100 γὰρ

91 2107 116 2135 οἱ
127 2106 195 2146 ἅγιοι
205 2107 302 2140 πάντες
310 2119 316 2126 ·
331 2107 437 2137 ἐπειδὰν
452 2107 567 2147 μείζονος
579 2107 751 2137 ἀπολαύσωσι
764 2109 855 2146 τιμῆς,

89 2152 149 2181 τότε
161 2155 344 2183 ταπεινοῦνται
355 2153 488 2192 μειζόνως.
503 2153 583 2183 Οὕτω
596 2153 641 2183 καὶ
654 2155 668 2182 6
682 2152 802 2193 Ἀὸραὰμ
816 2155 855 2194 τῷ

91 2198 154 2236 θεῷ
174 2198 372 2238 διαλεγόμενος,
393 2200 443 2238 γῆν
457 2199 502 2228 καὶ
523 2198 618 2229 σποδὸν
635 2199 726 2229 ἑαυτὸν
746 2199 853 2228 ἐκάλει·

91 2242 160 2272 οὕτω
171 2243 218 2272 καὶ
229 2243 334 2278 Παῦλος
344 2267 352 2282 ,
365 2245 407 2274 ὅτι
419 2246 466 2280 τῆς
479 2244 562 2285 ὄψεως
573 2245 674 2280 ἐκείνης
688 2244 838 2280 κατηξιιῖιθη
846 2268 854 2282 ,

90 2288 150 2318 τότε
170 2288 293 2329 ἔκτρωμα
312 2290 403 2319 ἑαυτὸν
421 2290 557 2329 ὠνόμασεν
567 2302 574 2308 ·
595 2290 664 2319 οὕτω
677 2290 709 2326 δὴ
723 2290 768 2319 καὶ
782 2285 855 2334 οὗτος

89 2334 221 2369 ταλανίζει
235 2335 335 2372 ἑαυτὸν,
354 2336 481 2376 πρότερον
495 2336 548 2367 ἀπὸ
566 2338 613 2373 τῆς
632 2336 733 2376 φύσεως
753 2336 835 2376 λέγων
848 2349 854 2355 ·

89 2380 127 2410 Ὦ
141 2381 221 2414 τάλας
243 2381 305 2421 ἐγὼ,
324 2382 364 2411 ὅτι
377 2382 571 2422 κατανένυγμαι
579 2406 586 2420 ,
599 2382 639 2412 ὅτι
651 2383 785 2422 ἄνθρωπος
797 2383 834 2412 ὧν
847 2395 854 2401 ·

91 2423 147 2456 εἶτα
161 2427 213 2457 ἀπὸ
234 2429 282 2463 τῆς
299 2427 406 2467 γνώμης
414 2451 422 2463 ,
443 2429 496 2458 Καὶ
514 2428 650 2469 ἀκάθαρτα
674 2429 751 2469 χείλη
776 2429 854 2469 ἔχων.

93 2473 238 2513 Ἀκάθαρτα
251 2474 331 2502 αὐτοῦ
345 2474 379 2502 τὰ
387 2473 464 2513 χείλη
479 2474 610 2510 inathen,
621 2476 657 2508 ὥς
670 2474 752 2514 ἔγωγε
773 2470 856 2515 οἶμαι,

878 1475 896 1498 C

923 321 986 340 cum
1007 317 1099 340 contra
1121 307 1207 347 olim',
1222 319 1247 342 et
1268 323 1331 342 cum
1350 313 1408 342 haec
1428 312 1600 350 dicerentur,
1617 323 1669 342 nou

925 357 1005 387 medo
1017 357 1129 397 reliqua:
1138 358 1211 388 orbis
1223 366 1324 399 partes,
1338 359 1385 389 sed
1398 359 1479 389 etiam
1491 359 1548 399 ipsa
1562 359 1670 389 Judaeo-

924 414 984 433 rum
996 404 1081 444 regio,
1097 404 1182 434 multa
1202 406 1337 445 impietate
1349 406 1434 446 plenae
1448 413 1538 443 erant,
1553 412 1579 435 et
1591 415 1669 435 nemo

923 461 1037 490 usquam
1061 452 1151 481 Deum
1179 452 1354 491 glorificabat.
1384 452 1525 492 Testisque
1549 459 1589 482 est
1611 452 1669 493 ipse

924 498 1053 538 propheta
1062 497 1154 527 dioens
1163 511 1171 527 .-
1180 499 1304 538 Propter·
1314 510 1368 529 vos
1379 510 1486 529 nomen
1494 510 1590 529 meum
1601 500 1666 528 bla-
1678 511 1734 532 ιω,
1747 509 1782 532 52,
1797 510 1819 532 5.

923 545 1093 584 sphematur
1104 546 1136 574 in
1148 546 1293 585 gentibus.
1315 545 1493 583 Quandonam
1514 545 1598 586 igitur
1618 546 1669 575 im-

923 589 994 630 pleta
1005 596 1044 620 est
1058 597 1128 620 terra
1149 591 1234 631 gloria
1255 591 1336 632 ejus?
1349 593 1419 622 Cum
1441 591 1486 621 hic
1508 591 1626 632 hymnus
1640 592 1667 621 in

906 653 910 657 ·
922 643 1018 665 terram
1030 636 1135 666 delatus
1148 644 1201 673 est,
1216 637 1391 676 hominesque
1401 638 1429 667 in
1443 644 1512 667 terra
1525 637 1607 678 positi
1621 648 1667 667 su-

922 691 1068 722 pernarum
1078 682 1211 712 virtutum
1222 683 1305 713 choro
1316 683 1437 724 adjuncti
1448 689 1520 719 sunt,
1534 686 1669 723 unamque

923 727 1067 758 melodiam
1088 729 1247 767 retulerunt,
1264 735 1290 759 et
1310 729 1473 770 conjunctim
1487 730 1575 759 Deum
1595 730 1668 759 cele-

923 772 1045 802 brarunt.
1060 773 1143 810 Quod
1160 775 1183 803 si
1208 773 1321 804 Judaeus
1342 774 1388 803 his
1411 773 1582 814 impudenter
1593 774 1668 804 obsi-

922 825 989 855 stat,
1005 818 1106 848 indicet
1118 819 1290 858 quandonam
1308 819 1394 849 omnis
1415 826 1487 849 terra
1510 819 1595 859 gloria
1609 821 1668 860 ejus

921 865 1021 905 repleta
1040 865 1092 903 sit3
1107 866 1157 897 hac
1171 876 1267 907 nempe
1278 867 1364 907 gloria
1373 888 1381 903 ,
1396 877 1457 907 quae
1470 877 1504 896 ex
1517 866 1668 906 cognitione

920 911 1109 951 proficiscitur.
1133 912 1187 943 Sed
1211 923 1359 952 numquam
1381 912 1541 950 ostenderit,
1563 912 1666 942 etiamsi

922 958 1068 988 sexcenties
1082 958 1276 999 impudentiam
1297 969 1373 988 suam
1390 958 1498 999 prodat.
1510 959 1540 988 4.
1554 959 1595 988 Et
1605 959 1666 988 ele-

923 1009 1021 1032 vatum
1042 1010 1087 1033 est
1108 1005 1329 1043 superliminare
1351 1014 1371 1032 a
1391 1014 1474 1039 voce,
1489 1014 1549 1043 qua
1560 1005 1668 1034 clama-

922 1049 1001 1078 bant.
1016 1050 1119 1079 Vidisti
1135 1050 1284 1090 prophetiae
1297 1049 1464 1087 facilitatem,
1481 1061 1522 1080 res
1532 1051 1604 1091 ipsas
1614 1051 1667 1080 sibi

921 1101 1015 1124 mutuo
1041 1096 1223 1126 cohaerentes?
1240 1097 1309 1126 Nam
1333 1103 1393 1136 post
1415 1097 1488 1126 hunc
1512 1097 1644 1137 hymnum
1657 1120 1665 1133 ,

920 1151 983 1170 cum
993 1141 1103 1182 impleta
1111 1148 1179 1171 esset
1188 1147 1258 1172 terra
1270 1142 1356 1182 gloria
1367 1143 1438 1182 ejus,
1452 1144 1471 1174 J
1472 1142 1566 1173 uda'ica
1577 1144 1666 1173 omnia

920 1194 1071 1224 cessarunt,
1083 1186 1157 1227 quod
1170 1188 1261 1229 ipsum
1275 1188 1394 1218 ostendit
1406 1200 1455 1229 per
1468 1189 1602 1221 elevatum
1619 1202 1665 1222 su-

919 1233 1098 1272 perlimiuane.

957 1280 988 1309 4.
1010 1281 1069 1310 Hoc
1090 1281 1192 1321 quippe
1224 1281 1331 1322 signum
1355 1288 1413 1311 erat
1439 1281 1612 1313 desolationis
1640 1291 1666 1313 et

915 1323 1002 1353 eversi
1025 1325 1120 1365 templi
1129 1337 1139 1363 ;
1154 1325 1256 1365 templo
1283 1331 1373 1355 autem
1383 1325 1418 1355 de
1431 1326 1521 1356 medio
1541 1327 1665 1364 sublato,

916 1369 968 1399 alia
979 1370 1090 1410 insuper
1106 1371 1197 1401 omnia
1215 1379 1395 1401 cessaverunt.
1413 1373 1453 1402 Ut
1469 1379 1559 1402 autem
1577 1372 1665 1403 diseas

915 1416 1024 1447 Novum
1036 1417 1234 1448 Testamentum
1253 1418 1394 1458 abrogasse
1402 1420 1506 1457 Vetus,
1521 1419 1554 1448 A
1573 1430 1663 1456 voce,

916 1463 1004 1502 inquit
1016 1484 1024 1501 ,
1039 1464 1186 1495 elevatum
1204 1471 1247 1494 est
1266 1466 1491 1504 superliminare
1499 1479 1511 1501 ;
1523 1465 1550 1495 id
1564 1473 1619 1500 est,
1632 1477 1664 1496 eo

915 1508 988 1548 quod
1009 1509 1066 1539 haec
1084 1510 1244 1550 glorificatio
1266 1511 1420 1548 advenerit,
1435 1518 1461 1541 et
1475 1511 1558 1552 gratia
1579 1512 1663 1541 efful-

914 1555 996 1592 serit,
1029 1556 1171 1596 gloriaque
1198 1557 1282 1586 effusa
1306 1557 1342 1586 sit
1367 1568 1415 1597 per
1438 1564 1524 1587 totum
1551 1558 1661 1594 orbem,

915 1602 1016 1645 ¹¹meae
1039 1602 1176 1643 dissipatae
1200 1610 1273 1633 sunt.
1290 1605 1332 1633 Et
1356 1605 1459 1633 domus
1485 1605 1598 1644 repleta
1619 1610 1662 1635 ese

906 1647 1007 1688 fumo.
1023 1649 1082 1679 Hoc
1096 1659 1203 1688 quoque
1218 1649 1287 1679 mihi
1299 1649 1408 1679 videtur
1424 1650 1532 1689 signum
1543 1661 1601 1680 esse
1614 1651 1661 1680 fu-

913 1693 968 1722 turi
987 1694 1045 1734 ejus
1065 1694 1182 1732 excidii,
1206 1694 1329 1735 ignisque
1354 1696 1504 1733 barbarici,
1529 1696 1662 1726 atrocissi-

914 1738 1004 1777 mique
1025 1739 1152 1769 incendii.
1176 1742 1205 1771 5.
1219 1742 1260 1770 Et
1283 1742 1347 1769 dixi
1363 1753 1370 1769 :
1392 1741 1417 1771 Ο
1442 1751 1487 1770 me
1503 1741 1660 1772 miserum!

914 1786 985 1824 quia
998 1791 1186 1824 compunctus
1206 1795 1270 1815 sum
1283 1808 1289 1822 ‚
1303 1788 1375 1825 quia
1394 1787 1480 1815 homo
1502 1796 1568 1815 cum
1586 1789 1659 1821 sim,

914 1835 943 1858 et
956 1831 1107 1860 immunda
1127 1831 1209 1860 labia
1228 1832 1370 1869 habeam,
1389 1835 1421 1860 in
1441 1833 1536 1861 medio
1559 1834 1661 1873 populi

913 1877 1066 1906 immunda
1088 1876 1170 1906 labia
1195 1877 1329 1907 habentis
1349 1888 1402 1915 ego
1424 1878 1525 1908 habito
1544 1885 1572 1908 ec
1596 1880 1658 1908 Do-

914 1923 1025 1951 minum
1045 1922 1175 1951 Sabaoth
1201 1924 1267 1952 vidi
1289 1923 1382 1953 oculis
1403 1925 1484 1953 meis.
1507 1925 1571 1954 Haec
1590 1925 1660 1954 visio

913 1968 1071 2008 prophetam
1095 1969 1241 2007 exterruit,
1265 1969 1458 2010 expergefecit,
1481 1970 1508 1999 in
1534 1981 1659 2010 magnam

913 2014 1083 2044 formidinem
1098 2015 1228 2055 conjecit,
1247 2015 1283 2045 ad
1306 2015 1497 2045 confessionem
1520 2017 1657 2057 perpulit,

913 2061 1041 2091 vilitatem
1055 2061 1171 2102 propriae
1178 2061 1332 2092 substantiae
1343 2068 1373 2091 ut
1382 2062 1480 2091 melius
1490 2070 1659 2102 cognosceret

912 2107 1009 2137 effecit.
1022 2108 1102 2138 Tales
1114 2107 1215 2148 quippe
1234 2115 1297 2138 sunt
1314 2109 1398 2146 sancti
1417 2119 1509 2138 omnes
1525 2122 1532 2138 :
1549 2109 1658 2149 quando

912 2153 1007 2194 majori
1027 2154 1154 2184 fruuntur
1171 2154 1281 2190 honore,
1293 2161 1357 2184 tunc
1369 2155 1454 2195 magis
1465 2156 1654 2186 humiliantur.

911 2199 957 2230 Sic
967 2206 994 2229 et
1004 2199 1139 2230 Abraham
1153 2201 1241 2230 neum
1262 2201 1416 2239 alloquens,
1431 2208 1530 2231 terram
1543 2209 1569 2232 et
1581 2204 1654 2233 cine·
1669 2216 1726 2237 Gen.
1740 2214 1773 2236 ιθ.

911 2256 969 2275 rem
986 2245 1104 2286 seipsum
1130 2246 1243 2276 vocabat
1251 2258 1260 2284 ;
1276 2246 1314 2276 sic
1327 2253 1353 2276 et
1366 2247 1471 2277 Paulus
1493 2249 1601 2287 quando
1611 2250 1654 2279 vi—
1667 2253 1704 2276 ²7·

912 2292 985 2322 sione
997 2292 1044 2322 illa
1055 2292 1181 2332 dignatus
1200 2299 1256 2329 est,
1278 2299 1342 2322 tunc
1365 2293 1517 2324 abortivum
1530 2305 1558 2324 se
1570 2296 1655 2324 nomi-
1670 2313 1688 2329 ι,
1704 2307 1808 2330 601215.

912 2338 1000 2370 navit:
1012 2339 1047 2368 ita
1060 2338 1144 2368 ethic
1158 2349 1186 2368 se
1205 2339 1332 2368 miserum
1349 2339 1492 2379 praedicat,
1515 2341 1604 2380 primo
1621 2352 1655 2371 ex
1665 2337 1688 2360 8-

912 2391 1004 2414 natur-‘1
1017 2384 1108 2414 dicens
1124 2397 1130 2413 z
1150 2385 1175 2414 0
1191 2395 1236 2413 me
1256 2383 1416 2415 miserum!
1429 2387 1500 2426 quia
1516 2396 1653 2425 compun-

912 2436 975 2460 ctus
988 2441 1063 2467 sum,
1074 2432 1145 2470 quia
1157 2430 1242 2459 homo
1253 2440 1317 2459 cum
1329 2432 1383 2460 sim
1390 2443 1402 2466 ;
1416 2431 1515 2460 deinde
1527 2431 1561 2460 ab
1572 2431 1655 2461 animi

911 2475 1078 2513 conditione,
1094 2477 1136 2505 Et
1149 2477 1263 2515 impura
1278 2476 1359 2505 labia
1370 2485 1435 2505 cum
1447 2477 1583 2505 habeam.
1595 2477 1651 2506 Im—

92 2517 155 2557 πρὸς
174 2519 222 2554 τὴν
235 2519 378 2559 παράθεσιν
393 2521 444 2548 τῶν
457 2520 580 2559 ἐμπύρων
598 2521 736 2559 στομάτων
750 2520 855 2550 ἐκείνων
874 2528 891 2551 Ε
911 2532 978 2562 pura
996 2522 1066 2551 labia
1088 2532 1134 2551 sua
1157 2522 1273 2557 vocavit,
1288 2528 1316 2550 ut
1326 2532 1374 2560 ego
1388 2521 1522 2558 existimo,
1538 2522 1565 2551 in
1579 2532 1651 2552 com-

129 2617 140 2628 ·
159 2611 188 2635 ln
205 2609 290 2635 Bibliis
308 2610 395 2643 legitur
408 2614 443 2636 καὶ
455 2614 492 2637 τὸν
503 2614 598 2644 βασιλέα
611 2613 690 2646 κύριον
702 2614 802 2638 Σαὸαώθ.
