1904 2840
681 245 724 269 DF.
749 246 864 270 TRIBUS
891 247 931 270 PU
937 248 1005 270 filus
1012 263 1018 270 .

1596 244 1663 290 723

98 435 112 450 ²*
130 434 178 467 Εἰς
189 432 250 467 τοὺς
267 437 336 473 τρεῖς
345 433 451 470 παῖδας,
464 432 509 462 καὶ
522 434 558 466 εἰς
572 432 620 469 τὴν
632 433 804 463 Βαὸυλωνίαν
816 433 868 463 κά-

383 489 472 518 μινον,
484 477 580 518 Λόγος.

132 570 242 606 Καινὸν,
252 571 288 604 ὣς
297 571 410 608 ἀληθῶς,
423 570 469 600 καὶ
477 570 600 647 μέγιστον
610 571 744 605 εὖσεὸείας
754 571 862 641 θέατρον
880 578 902 602 Α

93 614 111 647 ἡ
126 613 179 641 τῶν
196 613 276 651 τριῶν
292 610 392 640 παίδων
413 621 492 640 συνεσ
528 622 593 640 σατο
610 610 717 651 χορεία,
731 612 759 641 ἐν
772 613 813 642 Βα
832 624 864 641 υ-

91 649 158 681 λῖὄνι
180 650 228 690 μὲν
251 650 295 680 τὸν
318 651 408 690 ἀγῶνα
430 650 475 679 τὸν
497 650 577 681 καλὸν
595 651 780 691 ἠγωνισμένη,
793 651 863 681 κατὰ

93 693 182 720 πᾶσαν
195 690 224 720 δὲ
235 689 285 726 τὴν
298 689 453 730 οἰκουμένην
474 693 654 731 συγκροτοῦσα
667 690 698 720 τὸ
711 693 800 731 θαῦμα
816 694 862 721 τοῦ

88 729 247 770 μαρτυρίου.
261 730 302 759 Οὔ
316 729 367 770 γὰρ
385 730 575 770 περιγράφεται
593 729 667 770 τόπῳ
679 732 696 766 ἡ
709 732 762 760 τῶν
781 731 863 782 ἁγίων

93 769 164 806 δόξα,
173 769 232 799 οὐδὲ
242 769 417 809 περιορίζεται
423 770 529 819 χρόνοις
539 772 556 806 ἡ
565 771 618 799 τῶν
628 769 735 799 δικαίων
774 783 847 810 νημη
855 783 863 790 ·

93 809 143 843 Εἷς
160 808 326 848 μνημόσυνον
346 809 397 860 γὰρ
410 810 513 839 αἰωνιον
527 809 601 839 ἔσται
616 809 724 843 δίκαιος.
756 812 825 840 Οθεν
839 812 863 841 εἰ

94 849 139 879 καὶ
150 851 177 879 ἐν
191 853 245 882 τοῖς
257 850 443 882 παλαιστατοις
453 849 555 889 χρόνοις
567 849 706 886 ἐτελειώθη
720 850 751 879 τὸ
765 851 862 890 μαρτύ-

62 915 65 918 .
94 901 160 928 ριον,
172 889 231 918 ἀλλ’
245 888 283 921 εἰς
292 887 380 918 πάντα
393 887 436 917 τὸν
452 890 534 918 αἰῶνα
547 890 595 924 τῆς
608 891 741 927 ὑπομονῆς
751 892 762 905 “
772 890 862 930 ᾅδεται

93 929 124 958 τὸ
146 928 332 968 στρατήγημα.
352 927 472 967 Οἴδαμεν
498 928 542 957 διὰ
570 931 621 959 τῶν
648 930 862 968 ἀναγνωσμάτων

93 968 127 998 τὰ
141 967 295 1008 πράγματα,
309 967 416 1006 οἴδαμεν
431 967 474 998 διὰ
488 971 536 1004 τῆς
548 969 654 1008 μνήμης
668 969 717 1005 τὴν
731 970 861 1009 ἱστορίαν,

93 1007 199 1047 οἴδαμεν
211 1009 247 1041 ὡς
261 1008 288 1036 ἐν
305 1007 387 1037 εἰκόνι
399 1010 438 1048 τῷ
452 1007 523 1048 λόγῳ
536 1008 581 1036 καὶ
601 1011 647 1037 τοῦ
666 1008 792 1048 τυράννου
814 1009 862 1046 τὴν

92 1047 268 1087 παρανομίαν,
283 1046 329 1076 καὶ
341 1048 394 1076 τῶν
407 1048 425 1076 ἁ
443 1047 488 1077 ίων
503 1047 551 1083 τὴν
564 1047 716 1087 ὁμολογίαν,
736 1048 781 1078 καὶ
798 1050 862 1089 φλε-

93 1060 455 1156 γῗμῗη”-”ἷζῦτῗυ’“ἑὲἷῖἔ”
469 1086 820 1163 {it‘ssss’gsssstissssfsswssl
835 1089 864 1162 ἓ

91 1139 239 1196 ἶῖὥᾞόν
253 1165 302 1202 τὴν
311 1137 363 1194 τᾶξν
374 1148 514 1205 μαρέὖρων
525 1158 666 1206 ὁμολογίαν
679 1140 863 1206 ’ἐπιδεικνυὶἓ-

92 1218 156 1241 νην·
179 1206 280 1243 μᾶλλον
301 1205 329 1234 δὲ
349 1205 375 1234 τί
406 1206 436 1235 τὸ
450 1205 551 1235 κωλύον
571 1205 669 1235 ἄνωθεν
683 1206 863 1242 ἀναλαὸόντας

92 1247 145 1274 τῶν
155 1246 281 1285 θεοφιλῶν
293 1246 328 1278 ὡς
340 1245 443 1280 ἀληθῶς
454 1244 499 1274 καὶ
510 1245 710 1285 τρισμακαρίων
721 1245 781 1280 τοὺς
795 1248 862 1286 ἀγῶ-

91 1297 137 1318 νας
155 1285 238 1314 εἰπεῖν
246 1297 254 1321 ;
270 1283 361 1314 Ναὸου
381 1284 502 1324 οδονόσορ
514 1286 529 1314 ὁ
548 1284 679 1324 βασιλεὺς,
690 1286 792 1324 μᾶλλον
806 1286 833 1316 δὲ
847 1289 861 1316 ὀ

89 1324 330 1403 amata
341 1297 515 1396 aiem<
526 1324 832 1400 taratantara
841 1329 860 1363 2

105 1376 121 1392 κ
139 1375 197 1393 ατεῑ
523 1375 530 1382 ”
755 1396 760 1404 Ι

56 1417 60 1419 ·
91 1403 232 1443 βαρὸαρος,
253 1402 298 1432 καὶ
320 1402 367 1432 τὸν
382 1414 398 1431 τ
503 1403 642 1443 ἀνήμερος.
662 1400 748 1438 Οὗτος
770 1406 787 1434 ά

89 1444 175 1483 πολλῇ
190 1442 235 1472 καὶ
247 1441 354 1482 πλούτῳ
367 1454 402 1472 κα
435 1441 543 1483 ἀσεὸείᾳ
558 1442 659 1482 μεθύων
678 1444 793 1493 ἠγνόησε
811 1444 859 1484 μὲν

90 1482 139 1519 τὴν
151 1484 245 1512 ἑαυτοῦ
257 1483 344 1523 φύσιν,
357 1482 403 1511 καὶ
414 1482 473 1512 οὐδὲ
488 1482 535 1512 ἄνθ
639 1484 731 1513 ἐαυτον
745 1484 859 1521 ὑπονοή-

89 1522 266 1597 Ξῗῶρἱθῖὸ-,ξ
284 1534 305 1551 π
319 1521 706 1597 ἓῗυ”εἷῖ0“ἑλῖἷζῖἷιῗιῖ”’ἐῗέ’
718 1523 859 1597 ζῗνῖρὶψῖζ

88 1573 280 1639 αἷτῖῒῗτιῖανίαῖ
293 1598 338 1630 καὶ
355 1572 444 1635 ξὴσγξοῦ
459 1602 530 1630 Θεοῦ
551 1600 728 1640 μακροθυμία,
743 1574 859 1641 vegetium

90 1640 138 1678 μὲν
164 1640 322 1674 ἀνεξικάκως
344 1638 404 1673 τοὺς
429 1640 603 1675 ἄσεὸοῦντας,
630 1643 805 1680 συγχωροῦσα
830 1641 858 1671 δὲ

89 1679 177 1709 πάντα
197 1679 318 1718 γενέσθαι
343 1678 409 1719 πρὸς
431 1678 578 1718 γυμνασίαν
598 1680 651 1708 τῶν
673 1679 857 1711 εὐσεὸούντων.

90 1718 218 1755 Ἐποίησε
236 1718 264 1748 δὲ
277 1721 291 1748 ὁ
310 1718 412 1758 παράνο
435 1729 462 1752 ος
475 1719 563 1748 εἰκόνα
586 1721 701 1758 χρυσῆν,
723 1719 858 1750 τουτέστιν

88 1758 230 1798 ἀνδριάντα
242 1760 367 1798 χρυσοῦν,
381 1769 415 1787 κα
440 1757 500 1792 τοὺς
513 1759 572 1788 κατ’
591 1758 679 1788 εἰκόνα
697 1759 768 1789 Θεοῦ
782 1771 858 1798 γενο-

88 1797 182 1836 μένους
206 1801 361 1838 προσκυνεῖν
387 1797 533 1837 ἠνάγκαζεν
556 1797 589 1835 ἢν
612 1797 735 1834 ἐποίησεν
760 1798 857 1829 εἰκόνα.

88 1838 180 1878 Πολλῇ
195 1837 222 1866 δὲ
236 1839 270 1877 τῇ
290 1837 427 1878 φιλοτιμίᾳ
438 1836 623 1889 χρησάμενος,
642 1837 706 1878 ὕψος
721 1838 768 1877 μὲν
790 1840 857 1879 αὐτῇ

88 1877 179 1906 δίδωσι
197 1880 293 1917 πηχῶν
312 1876 448 1912 ἑξήκοντα,
467 1889 542 1917 ευρος
562 1877 589 1907 δὲ
610 1879 704 1917 πηχῶν
723 1877 764 1912 ἕξ·
778 1876 857 1918 εὐάρ-

87 1923 185 1955 μοστον
206 1917 233 1946 δὲ
250 1917 296 1947 καὶ
313 1916 459 1956 ἐὔρυθμον
478 1917 509 1946 τὸ
526 1917 635 1956 ἄγαλμα
657 1917 856 1953 κατασκευάζει,

85 1955 128 1985 ἵνα
146 1955 164 1992 ἢ
184 1958 223 1997 τῷ
243 1956 357 1996 μεγέθει,
371 1955 388 1992 ἢ
402 1959 440 1996 τῷ
458 1955 550 1986 κάλλει
564 1959 611 1992 τῆς
624 1956 768 1991 συνθέσεως
786 1957 857 1987 ἔκνι-

85 1995 155 2032 κήση
168 1995 200 2025 τὸ
217 1997 320 2036 ψεῦδος,
340 1996 498 2035 βιασάμενον
515 1995 563 2032 τὴν
578 1996 710 2032 ἀλήθειαν.
728 1995 855 2026 Ἔστιλόε

85 2034 134 2073 μὲν
143 2028 194 2065 ὀὖν
208 2038 225 2071 ἡ
239 2035 330 2076 τέχνη,
347 2035 466 2074 ἔλαμπεν
478 2037 492 2064 ὁ
503 2035 609 2075 χρυσὸς,
629 2038 643 2065 ὁ
657 2035 738 2076 κῆρυξ
753 2036 824 2073 ἐὸόα,
841 2039 855 2066 ὁ

83 2074 208 2115 τύραννος
220 2070 334 2112 ἠπείλει,
348 2077 365 2110 ἡ
382 2075 491 2114 κάμινος
504 2075 637 2115 ἐφλέγετο,
652 2075 697 2105 καὶ
712 2076 777 2116 πρὸς
794 2076 855 2106 τού-

83 2125 138 2148 τοις
163 2120 229 2145 πᾶσι
254 2115 288 2144 τὰ
307 2114 438 2154 λεγόμενα
458 2117 506 2150 τῆς
527 2117 654 2153 μουσικῆς
673 2115 772 2154 ὄργανα
794 2115 854 2150 τοὺς

84 2153 198 2193 ἄφρονας
211 2155 300 2188 δεινῶς
317 2156 352 2187 εἷς
366 2154 454 2183 ἀθεΐαν
469 2154 636 2194 ἐξεδάκχευε,
648 2154 692 2183 καὶ
704 2154 770 2188 ὅλως
784 2155 853 2184 πάν-

82 2204 134 2222 των
148 2193 258 2222 ἔκλεπτε
270 2195 322 2222 τῶν
332 2193 452 2232 ὁρώντων
461 2193 510 2230 τὴν
520 2194 618 2223 ἔννοιαν
628 2197 645 2230 ή
658 2194 788 2234 φαντασία
800 2196 852 2224 τῶν

82 2232 231 2272 ὁρωμένων.
246 2232 316 2261 Ἀλλ’
330 2234 378 2261 οὐκ
390 2233 483 2270 ἔμελλε
498 2233 542 2262 καὶ
554 2236 606 2262 τῶν
620 2234 701 2272 ἁγίων
716 2233 853 2274 ἐπικρατέ-

82 2283 174 2312 στερον
188 2267 254 2301 εἶναι
266 2272 296 2301 τὸ
310 2273 358 2306 τῆς
371 2271 492 2306 ἀσεὸείας
505 2271 663 2312 πρόσταγμα
673 2284 679 2291 ·
694 2273 799 2302 πάντων
814 2273 851 2309 δὲ,

82 2313 118 2345 ὡς
129 2313 221 2346 εἰπεῖν,
231 2310 321 2351 ὥσπερ
332 2311 384 2340 ὑπό
393 2323 461 2344 τινος
470 2311 615 2351 χειμάῤῥου
625 2315 670 2341 τοῦ
682 2313 794 2351 σφοδροῦ
804 2315 851 2348 τῆς

81 2351 185 2387 ἀπάτης
205 2350 333 2391 ῥεύματος
357 2352 393 2383 εἷς
413 2350 457 2380 τὸν
475 2352 522 2385 τῆς
548 2351 762 2391 εἶδωλολατρείας
782 2363 849 2391 κρη-

880 1056 898 1079 Β

874 2054 892 2077 Β

921 436 967 464 De
980 435 1069 465 tribus
1089 438 1196 475 pueris,
1216 444 1245 467 et
1268 438 1305 467 de
1319 438 1449 478 fornace
1461 441 1665 482 Babylonica,

1246 484 1358 514 Oratio.

958 572 971 599 t
980 592 988 599 .
1002 571 1111 600 Novum
1125 570 1204 611 plane
1214 582 1245 601 ac
1257 582 1432 617 permagnum
1443 574 1550 614 pietatis
1560 587 1573 605 s
1593 584 1664 607 ecta-

916 609 1011 639 culum
1030 609 1113 639 trium
1134 621 1281 650 puerorum
1297 612 1374 641 nohis
1395 613 1494 643 chorus
1515 616 1578 645 exhi
1600 617 1640 647 uit
1652 639 1661 654 ‚

915 649 963 688 qui
979 649 1116 695 Babylone
1127 650 1237 689 quidem
1251 651 1379 691 praeclaro
1389 654 1534 683 certamine
1547 655 1665 695 decertaf

917 690 967 724 vit,
980 689 1027 718 sed
1041 700 1069 718 m
1084 690 1209 719 universo
1222 697 1355 731 terrarum
1369 692 1434 721 orbe
1443 694 1566 734 martyrii
1579 696 1664 725 mira-

916 729 1009 758 culum
1022 730 1159 759 excitavit.
1180 731 1241 760 Non
1261 730 1333 759 enim
1353 731 1412 761 loco
1434 732 1665 765 circumscribitur

916 775 1069 798 sanctorum
1079 769 1175 809 gloria,
1189 779 1237 798 nec
1247 771 1414 810 temporibus
1425 773 1556 803 'ustorum
1565 785 1664 805 memo-

915 809 955 837 ria
966 808 1124 838 terminatur
1140 820 1146 837 =
1163 811 1200 838 ln
1212 812 1352 839 memoria
1364 811 1410 850 qui
1431 822 1474 841 em
1488 819 1598 843 oeterna
1607 817 1663 844 erit
1677 827 1744 849 Psal.
1766 809 1818 849 iu.

910 849 1018 888 justus.
1030 848 1213 885 Quamobrem
1226 848 1289 878 licet
1295 850 1488 889 antiquissimis
1497 854 1662 893 temporibus
1677 865 1700 887 7-

915 888 1076 928 martyrium
1083 887 1163 917 suerit
1169 896 1396 927 consummatum,
1406 891 1661 930 proeclarumtamen

915 927 986 956 illud
1000 927 1133 967 patientiae
1151 927 1255 957 facinus
1272 929 1433 959 saeculorum
1446 932 1568 962 omnium
1579 933 1661 964 laude

914 967 1075 996 celebratur.
1092 967 1274 1007 eognovimus
1292 973 1326 998 ex
1344 969 1456 999 lectione
1472 981 1528 1000 rem
1548 980 1660 1012 gestam,
1706 974 1709 978 ’

914 1006 1090 1046 cognovimus
1101 1017 1134 1036 ex
1143 1008 1393 1038 commemoratione
1401 1009 1553 1049 historiam,
1563 1023 1662 1052 cogno-

915 1046 1004 1075 vimus
1020 1053 1155 1085 tamquam
1175 1045 1203 1075 in
1222 1046 1348 1086 imagine,
1369 1049 1396 1078 in
1416 1050 1535 1080 oratione
1552 1053 1661 1092 tyranni

915 1085 1096 1124 iniquitatem,
1107 1092 1313 1125 sanctorumque
1321 1088 1521 1127 confessionem,
1534 1098 1559 1120 et
1570 1102 1661 1122 accen-

915 1135 972 1154 sam
985 1125 1094 1170 quidem
1102 1125 1172 1171 -igne
1185 1125 1329 1163 fornacem,
1342 1128 1491 1168 oppositam
1503 1137 1591 1160 autem
1604 1131 1661 1162 ira-

915 1164 1020 1196 cundiae
1028 1171 1135 1205 tyranni
1148 1164 1281 1204 minisque
1290 1166 1460 1197 flammarum
1471 1169 1660 1202 inexstinctam

916 1211 1067 1245 martyrum
1087 1204 1278 1234 consessionem
1303 1207 1401 1236 aemulo
1421 1207 1526 1247 fulgore
1541 1211 1658 1241 rutilan-

914 1250 969 1273 tem
981 1257 988 1272 ε
1003 1243 1058 1273 imo
1071 1254 1137 1274 vero
1147 1238 1215 1283 quid
1226 1244 1324 1283 obstat,
1337 1246 1481 1285 quominus
1489 1248 1571 1279 altius
1582 1261 1659 1291 repe-

915 1283 964 1312 tito
978 1293 1101 1313 sermone
1115 1284 1165 1313 Dei
1179 1284 1328 1314 amantium
1341 1296 1414 1323 vere,
1429 1286 1659 1320 beatissimorum-

913 1333 968 1361 que
981 1333 1079 1363 agones
1096 1323 1271 1353 enarremus?
1283 1325 1530 1358 Nabuchodonosor
1541 1339 1600 1366 rex,
1614 1330 1659 1361 vel

842 1368 859 1402 ἦ
869 1385 906 1404 “³
913 1362 1003 1402 potius
1016 1369 1146 1402 tyrannus
1160 1362 1228 1400 (hoc
1240 1364 1312 1393 enim
1325 1364 1419 1404 iniquo
1435 1366 1478 1396 illi
1501 1378 1598 1398 nomen
1618 1376 1659 1400 est

806 1378 860 1446 ιχὶὲᾳ
878 1414 898 1436 A
912 1401 1080 1447 proprium),
1094 1401 1251 1442 Babylonia}
1268 1403 1377 1443 quidem
1394 1405 1544 1446 imperabat
1550 1420 1561 1446 ‚-
1577 1419 1659 1449 porro

912 1448 938 1471 et
950 1451 1040 1471 animo
1056 1441 1189 1471 bat-harus
1208 1450 1274 1481 erat,
1295 1451 1321 1473 et
1339 1445 1461 1475 moribus
1482 1447 1655 1479 inhumanus.

912 1481 963 1511 Hic
977 1480 1061 1510 nimia
1077 1481 1258 1521 improbitate,
1281 1482 1397 1522 divitiis,
1418 1492 1444 1514 et
1462 1485 1598 1526 impietate
1615 1495 1657 1518 te-

911 1520 1056 1555 mulentus,
1068 1531 1130 1550 cum
1143 1527 1266 1550 naturam
1280 1533 1357 1551 suam
1371 1523 1515 1564 ignoraret,
1530 1536 1616 1566 neque
1628 1539 1657 1558 se

911 1559 1046 1588 hominem
1059 1570 1116 1589 esse
1130 1560 1316 1598 arbitraretur,
1329 1568 1465 1602 tamquam
1483 1566 1556 1594 Deus
1569 1567 1658 1597 voluit

911 1598 1030 1627 adorari.
1046 1599 1121 1628 Hanc
1141 1605 1230 1628 autem
1251 1600 1310 1639 ejus
1326 1602 1457 1632 tumidam
1476 1606 1657 1644 arrogantiam

911 1648 973 1666 cum
986 1638 1075 1667 innata
1087 1637 1127 1666 illi
1141 1638 1209 1668 fovit
1225 1638 1339 1676 insania,
1355 1648 1413 1670 tum
1428 1642 1479 1672 Dei
1492 1643 1656 1683 longanimi-

909 1683 961 1714 tas,
996 1687 1034 1706 uae
1045 1677 1175 1716 patienter
1185 1678 1283 1723 impios
1295 1679 1398 1718 tolerat,
1414 1688 1440 1711 et
1451 1681 1486 1711 ad
1493 1684 1656 1715 exercendos

910 1688 1038 1756 piosffieri
1046 1723 1139 1745 cuncta
1168 1718 1289 1747 ermittit.
1301 1720 1416 1749 Auream
1425 1732 1505 1761 porro
1512 1722 1655 1763 imaginem

910 1755 1021 1795 iniquus
1035 1756 1082 1786 ille
1100 1727 1236 1793 conilavtt,
1251 1757 1303 1787 hoc
1315 1766 1355 1788 est
1367 1766 1482 1790 statuam
1497 1773 1616 1798 auream,
1629 1771 1656 1794 et

910 1805 954 1824 cos
966 1796 1013 1834 qui
1024 1795 1061 1830 ad
1070 1795 1215 1835 imaginem
1228 1797 1278 1827 Dei
1289 1797 1397 1828 formati
1409 1807 1494 1838 erant,
1509 1802 1624 1833 effictam
1638 1814 1655 1834 a

909 1845 938 1864 se
950 1835 1095 1875 imaginem
1115 1835 1226 1865 adorare
1240 1837 1362 1877 cogebat.
1381 1840 1497 1870 Multam
1517 1852 1580 1871 vero
1597 1854 1655 1873 ma-

910 1874 1089 1914 gnificentiam
1108 1882 1138 1905 ut
1153 1882 1304 1913 ostentaret,
1327 1877 1496 1909 altitudinem
1513 1881 1538 1910 ei
1558 1882 1655 1913 tribuit

909 1914 1047 1954 sexaginta
1059 1914 1224 1951 cubitorum,
1236 1915 1405 1947 latitudinem
1419 1929 1466 1948 sex
1477 1921 1628 1951 cubitorum
1643 1935 1651 1953 ε

908 1960 934 1982 ct
946 1954 1103 1983 concinnam
1121 1954 1319 2000 elegantemque
1332 1957 1476 1997 imaginem
1490 1961 1607 1999 conficit,
1622 1969 1652 1993 ut

907 1993 951 2022 vel
974 1993 1067 2032 figurae
1089 1995 1283 2034 magnitudine,
1307 1997 1351 2026 vel
1370 1999 1571 2038 compositionis
1587 2002 1654 2042 pul-

908 2032 1061 2062 chritudine
1079 2032 1248 2064 mendacium
1268 2044 1416 2076 superaret,
1431 2048 1462 2067 ac
1475 2040 1582 2070 veritati
1596 2042 1654 2072 vim

907 2072 1023 2102 afferret.
1053 2072 1215 2112 Splendebat
1241 2074 1325 2114 igitur
1349 2077 1508 2114 artificIum,
1534 2080 1654 2120 fulgebat

907 2122 1015 2148 aurum,
1028 2112 1161 2142 clamabat
1174 2123 1273 2153 praeco,
1289 2121 1418 2155 tyrannus
1429 2117 1594 2158 minabatur,
1607 2121 1653 2150 in-

907 2151 1069 2181 cendebatur
1085 2148 1193 2190 fornax,
1208 2160 1266 2183 tum
1286 2162 1382 2195 praeter
1395 2156 1452 2186 haec
1470 2158 1571 2195 omnia,
1587 2171 1652 2190 mu-

906 2190 959 2219 sica
969 2201 1028 2229 quae
1040 2199 1169 2221 vocantur
1179 2192 1365 2232 instrumenta,
1377 2196 1406 2226 vi
1416 2207 1511 2235 magna
1523 2198 1650 2239 insipien—

906 2229 978 2258 tibus
1005 2230 1150 2270 impietatis
1171 2232 1288 2262 furorem
1309 2234 1504 2273 immittebant,
1528 2239 1650 2268 omnium

904 2268 1019 2308 denique
1045 2278 1224 2310 spectatorum
1243 2280 1353 2308 mentes,
1373 2285 1465 2304 eorum
1485 2287 1544 2314 quoe
1563 2277 1650 2306 oculis

904 2308 1116 2340 observabantur
1129 2333 1137 2346 ,
1166 2321 1265 2352 pompa
1292 2314 1423 2352 rapiebat.
1447 2316 1482 2343 At
1505 2315 1649 2354 impietatis

904 2352 1028 2383 mandato
1041 2364 1208 2394 nequaquam
1219 2363 1294 2385 erant
1307 2357 1390 2386 sancti
1402 2368 1508 2396 quoque
1521 2358 1621 2387 cessuri
1638 2371 1646 2388 z

114 2452 270 2478 *Cominius
281 2454 306 2478 in
317 2453 391 2478 Notis
401 2453 434 2478 ad
450 2452 573 2478 nominas
584 2453 760 2487 Chrysostomi
773 2463 840 2480 anno
889 2462 996 2490 χνυμινην
1008 2456 1087 2485 deest.
1101 2459 1178 2484 Paulo
1190 2464 1247 2492 post
1257 2466 1315 2485 ante
1327 2463 1480 2489 ἀναλαθόντας
1487 2460 1574 2486 Codex
1583 2470 1650 2494 Ρη-

888 2497 960 2529 ponit
969 2501 1007 2524 τὸν
1019 2500 1092 2531 λόγου.

82 2494 140 2518 ¹66¹
157 2501 236 2523 cusas,
244 2491 310 2517 hanc
325 2493 464 2517 orationem
477 2501 534 2516 cum
546 2491 640 2517 Codice
649 2493 766 2525 quopiam
778 2493 840 2519 Sco-

82 2531 179 2556 rialensi
191 2530 307 2556 contulit.
322 2531 408 2556 Varias
420 2530 461 2555 hic
472 2530 591 2556 lectiones
601 2530 698 2557 damus.

112 2578 123 2589 ¹
141 2568 231 2603 ᾅδεται.
244 2569 330 2595 Codex
343 2575 426 2595 noster
435 2573 518 2601 ὄδεται,
525 2579 572 2602 pro
589 2572 688 2603 ὸδέιται,
702 2570 740 2598 vd
748 2574 840 2599 ὸὸιῖται,

82 2610 94 2621 “
109 2608 253 2633 Ραιιινενὶηι
265 2617 368 2633 errorem
383 2610 409 2633 iu
422 2609 599 2641 Manuscripto
613 2618 674 2634 esse.

116 2649 128 2667 ¹·
147 2645 262 2675 iaec-1202.
275 2646 339 2672 Cod.
354 2651 393 2674 τοῦ
406 2650 524 2679 ἀνείπω,
542 2648 598 2673 Mox
612 2647 638 2675 in
657 2649 744 2675 codem
764 2653 843 2678 1343„-

924 2541 933 2551 ⁰
950 2543 983 2571 Τῇ
995 2542 1062 2571 ψυχῇ.
1071 2536 1135 2562 Cod.
1149 2541 1190 2566 τὴν
1200 2541 1279 2570 ψυχή-ι.
1298 2537 1366 2562 Infra
1375 2536 1439 2562 Cod.
1450 2542 1549 2573 ε”θραψαυ
1559 2539 1615 2572 [sic]
1627 2543 1650 2566 δὲ

893 2587 961 2601 aaron
971 2587 1012 2605 την
1021 2587 1059 2602 un-

925 2623 935 2633 ἢ
952 2618 1076 2649 Εὕρυθμον.
1088 2612 1151 2639 Cod.
1167 2616 1293 2647 εὖάρτθμον,
1306 2613 1407 2638 *Malo
