1890 2826
244 158 311 201 340
585 165 614 188 s.
641 165 779 189 JOANNIS
804 165 988 188 cunrsosr.
1010 165 1164 188 Annium).
1192 165 1460 188 consummor.

238 227 328 258 verbis
348 238 429 267 quam
453 237 541 256 sensu.
559 227 653 265 Neque
671 233 758 256 tamen
769 227 923 266 ἀπάνθισμα
935 237 991 256 esse
1006 233 1083 266 puto,
1098 226 1145 256 sed
1157 226 1280 256 eumdem
1294 226 1329 256 de
1340 226 1437 256 iisdem
1450 226 1531 256 rebus
1543 226 1637 256 eodem
1650 235 1718 267 pene
1727 225 1807 256 modo

238 273 353 303 diversis
365 273 530 313 temporibus
547 271 659 301 dixisse.
670 284 684 300 ν
699 272 797 303 Savilii
820 272 854 302 de
875 273 926 302 hac
938 272 1050 302 homilia
1065 273 1219 303 sententiam
1237 273 1350 302 libenter
1369 273 1524 313 amplector.
1538 274 1588 303 Est
1601 273 1672 302 enim
1687 273 1807 314 Chryso·

239 327 325 350 stomo
337 319 431 360 digna,
443 319 477 348 ad
501 329 587 356 mores
604 317 782 348 instituendos
800 319 912 359 optima,
925 325 951 348 et
962 319 1046 348 sancti
1066 319 1184 349 doctoris
1197 319 1299 360 stylum
1320 319 1401 359 sapit.
1417 322 1550 349 Caetemm
1563 319 1633 349 nihil
1651 320 1740 358 offert,
1753 330 1808 359 quo

240 367 374 406 possimus
385 366 562 396 internoscere
574 365 757 395 Antiochiaene
767 376 800 396 an
817 365 1049 406 Constantinopoli
1061 365 1249 396 habitatuerit.

251 469 1788 488 Μ

469 564 491 593 C
493 564 550 593 HR
554 564 583 592 Υ
577 563 599 593 S
600 563 646 593 OS
649 563 750 593 TOM1
1266 561 1280 578 b
1290 563 1577 593 ΧΡΥΣΟΣΤΟΜΟΥ

241 657 288 686 De
307 655 438 696 perfecta
455 656 635 692 caritatesde
653 656 784 686 mercede
797 666 914 696 operum
929 666 982 696 pro
1037 653 1106 693 Περὶ
1117 654 1218 688 τελείας
1231 655 1337 694 ἀγάπης
1347 675 1355 690 ,
1373 655 1418 684 καὶ
1431 656 1479 690 τῆς
1491 656 1551 684 κατ’
1567 654 1641 689 ἀξίαν
1655 655 1708 684 τῶν
1725 654 1807 694 ἔργων

280 704 380 732 merito
391 702 556 738 tribuenda,
568 702 662 742 deque
670 704 901 742 compunctione.
1158 701 1356 734 ἀνταποδόσεως
1364 723 1372 736 ,
1384 700 1429 730 καὶ
1441 700 1503 740 περὶ
1516 699 1688 734 κατανύξεως·

280 796 307 823 1.
326 795 413 824 Omne
426 804 494 834 opus
506 793 607 831 bonum
617 793 734 824 caritatis
746 795 849 824 fructus
858 800 896 823 est
906 806 913 822 z
925 793 984 823 ideo
1077 793 1158 822 Πᾶσα
1170 792 1263 832 πρᾶξις
1281 792 1365 831 ἀγαθὴ
1382 792 1483 832 καρπὸς
1499 792 1603 832 ἀγάπης
1617 792 1688 821 ἐστί·
1708 791 1748 821 διὸ
1763 791 1808 821 καὶ

240 840 324 869 multa
344 840 416 870 circa
435 839 512 868 illam
531 839 602 869 dicta
625 839 861 875 circumferuntur,
875 839 985 869 Christo
1038 837 1119 872 πολὺς
1130 837 1191 877 περὶ
1203 840 1284 873 αὐτ-’ἥς
1295 840 1309 867 ὁ
1319 838 1412 877 λόγος,
1425 841 1470 867 τοῦ
1486 838 1533 878 μὲν
1545 839 1662 878 Χριστοῦ
1675 837 1808 877 λέγοντος·

90 898 159 919 Jmm
180 895 216 918 13.
240 885 360 915 dicente:
371 888 409 915 In
426 886 481 915 hoc
497 892 670 926 cognoscent
688 896 795 921 omnes,
806 887 878 926 quia
895 886 984 914 disci·
1039 885 1087 913 'Ev
1098 883 1184 924 τούτῳ
1197 883 1344 924 γνώσονται
1357 884 1463 921 πάντες,
1476 883 1517 914 ὅτι
1532 884 1590 923 ἐμοὶ
1603 883 1722 923 μαθηταί
1734 885 1808 920 ἐστε,

90 928 130 950 35.
238 932 303 972 puli
316 935 373 962 mei
385 934 464 969 estis,
476 935 503 961 si
516 932 702 961 dilectionem
716 933 875 961 habueritis
887 932 927 960 ad
939 933 986 960 in·
1038 929 1084 959 ἐὰν
1099 931 1219 969 ἀγαπᾶτε
1231 929 1363 966 ἀλλήλους
1373 941 1380 948 ·
1394 933 1440 959 τοῦ
1453 930 1480 959 δὲ
1490 930 1598 960 Παύλου
1614 933 1726 970 βοῶντος
1735 942 1742 948 ·
1751 931 1810 966 Μη-

91 988 198 1011 Rom.=3.
207 988 230 1011 8,
242 981 346 1014 vicem,·
353 978 437 1008 Paulo
446 985 534 1008 autem
541 978 816 1007 clamante:Nemini
823 978 986 1018 quidquam
1039 972 1093 1005 δενὶ
1107 976 1189 1014 μηδὲν
1202 976 1336 1017 ὀφείλετε,
1348 977 1371 1006 εἰ
1384 976 1421 1016 μὴ
1435 977 1465 1006 τὸ
1479 978 1584 1017 ἀγαπᾷν
1595 976 1734 1013 ἀλλήλους.
1748 977 1810 1016 Οὗχ

240 1025 379 1062 debeatis,
389 1026 444 1054 nisi
454 1032 486 1054 ut
504 1026 629 1054 invicem
648 1025 789 1064 diligatis.
802 1024 878 1053 Illud
896 1031 985 1053 autem
1039 1023 1130 1056 ἁπλῶς
1151 1017 1232 1058 εἶπεν,
1250 1023 1309 1052 ἀλλ’
1325 1025 1360 1056 ὡς
1379 1022 1530 1063 ὀφείλοντας
1549 1022 1682 1059 ἀλλήλοις.
1697 1022 1744 1056 Ὡς
1757 1022 1809 1062 γὰρ

238 1082 290 1101 non
301 1072 358 1101 sine
370 1082 449 1101 causa
463 1071 546 1108 dixit,
555 1070 603 1100 sed
616 1077 645 1099 ut
655 1077 782 1100 mutuum
793 1081 849 1100 esse
862 1070 984 1100 debitum
992 1093 1029 1112 2⁸8
1037 1069 1077 1108 τῷ
1090 1067 1195 1106 σώματι
1206 1067 1254 1104 τὴν
1268 1067 1367 1109 τροφὴν
1382 1068 1422 1097 ἀεὶ
1437 1068 1484 1107 μὲν
1499 1067 1638 1109 ὀφείλομεν
1658 1069 1730 1108 αὐτῷ
1743 1091 1751 1105 ,
1768 1068 1809 1097 ἀεὶ

238 1118 354 1148 doceret.
371 1117 607 1155 Quemadmodum
620 1119 692 1146 enim
703 1117 810 1157 corpori
826 1117 983 1146 alimentum
1002 1122 1021 1144 A
1039 1114 1067 1144 δὲ
1080 1114 1239 1154 ἀποδίδομεν
1260 1114 1351 1154 (πάσῃ
1366 1114 1418 1154 γὰρ
1432 1116 1509 1154 ἡμῶν
1523 1116 1557 1154 τῇ
1579 1117 1632 1155 ζωῇ
1647 1114 1678 1144 τὸ
1692 1117 1810 1144 τοιοῦτον

238 1175 342 1204 semper
350 1163 603 1203 debemus‚ipsique
613 1163 709 1192 damus
718 1166 783 1203 (per
793 1170 873 1192 totam
883 1163 985 1203 quippe
1038 1161 1228 1191 συνεκτείνεται
1248 1161 1343 1202 χρέος)
1353 1173 1360 1180 ·
1382 1160 1451 1191 οὕτω
1464 1161 1510 1191 καὶ
1523 1161 1567 1191 ἐπὶ
1582 1162 1631 1196 τῆς
1650 1160 1755 1200 ἀγάπης
1768 1161 1810 1190 δι-

237 1211 322 1239 vitam
335 1210 387 1240 hoc
406 1210 530 1239 debitum
543 1209 715 1246 extenditur)
730 1220 738 1236 ι
752 1209 790 1238 sic
804 1209 874 1239 circa
888 1210 985 1239 carita—
1038 1207 1130 1237 δάσκει
1147 1211 1232 1237 ποιεῖν
1241 1219 1247 1226 ·
1261 1208 1361 1247 μᾶλλον
1375 1206 1403 1237 δὲ
1421 1206 1466 1237 καὶ
1479 1208 1573 1247 πολλῷ
1593 1206 1683 1242 πλέον,
1697 1208 1750 1247 ὅσῳ
1764 1206 1810 1236 καὶ

238 1263 292 1285 tem
309 1255 442 1295 agendum
455 1255 547 1286 docet;
560 1255 614 1283 imo
634 1255 712 1294 longe
726 1255 822 1295 majori
835 1255 937 1292 studio,
951 1266 984 1285 eo
1037 1253 1104 1293 πρὸς
1126 1252 1229 1282 αἰώνιον
1251 1254 1341 1293 ὁδηγεῖ
1364 1253 1442 1290 ζωὴν,
1463 1253 1510 1283 καὶ
1530 1253 1733 1294 συμπαραμένει
1755 1257 1811 1287 τοῖς

238 1301 313 1341 quod
325 1301 360 1331 ad
373 1301 455 1331 vitam
470 1301 585 1330 deducat
599 1307 736 1336 aeternam,
751 1311 782 1329 ac
795 1311 856 1330 cum
871 1301 927 1330 illis
937 1302 985 1340 qui
1038 1298 1142 1338 ἔχουσιν
1165 1299 1257 1335 αὐτήν.
1282 1299 1364 1328 Μένει
1383 1299 1451 1339 γὰρ,
1471 1299 1552 1339 φησὶ,
1573 1299 1608 1329 τὰ
1626 1299 1688 1339 τρία
1709 1301 1809 1336 ταῦτα,

239 1359 270 1377 ea
292 1348 400 1388 praediti
419 1354 483 1377 sunt
503 1358 608 1387 semper
626 1353 741 1376 maneat.
757 1348 827 1376 Nam
846 1349 982 1385 Manent,
1037 1344 1142 1381 πίστις,
1158 1344 1247 1379 ἐλπὶς,
1269 1345 1374 1384 ἆγοίπψ
1395 1345 1491 1384 μείζων
1514 1346 1541 1375 δὲ
1560 1346 1660 1376 τούτων
1673 1348 1690 1382 ἡ
1706 1346 1807 1385 ἀγάπη-

93 1404 172 1428 1.Cor.
188 1405 224 1427 13,
241 1394 338 1433 inquit,
352 1396 409 1423 tria
419 1395 491 1429 hoec,
493 1394 585 1434 fides,
600 1403 675 1432 spes,
691 1395 817 1422 caritas:
830 1396 927 1433 major
934 1405 986 1424 au·
1039 1391 1080 1420 Of,
1095 1390 1172 1429 μόνον
1191 1390 1218 1419 δὲ
1230 1390 1277 1419 ’διὰ
1292 1390 1427 1430 ῥημάτων,
1443 1391 1512 1420 ἀλλὰ
1525 1391 1570 1420 καὶ
1588 1391 1631 1421 διὰ
1645 1391 1809 1432 πραγμάτων

242 1448 299 1470 tem
310 1442 414 1470 horum
433 1446 476 1469 est
487 1442 606 1469 caritas.
616 1440 676 1469 Non
689 1439 782 1469 verbis
791 1446 881 1468 autem
892 1440 984 1478 modo,
1039 1436 1217 1476 διδασκόμεθα
1227 1436 1336 1472 ταύτην.
1349 1436 1403 1466 Καὶ
1414 1438 1519 1476 πρῶτον
1535 1437 1582 1476 μὲν
1595 1437 1638 1466 διὰ
1650 1440 1697 1466 τοῦ
1711 1437 1808 1477 τρόπου

239 1486 287 1516 sed
301 1487 381 1517 etiam
391 1487 518 1527 operibus
532 1486 608 1516 illam
619 1486 758 1516 discimus.
775 1489 814 1516 Ac
827 1487 914 1527 primo
928 1488 987 1527 qui·
1038 1485 1086 1519 ἰἥς
1104 1483 1236 1523 ἡμετέρας
1251 1485 1424 1519 κατασκευῆς·
1438 1482 1508 1512 Ἕνα
1526 1483 1578 1523 γὰρ
1598 1483 1701 1517 πλάσας
1714 1486 1728 1514 ὁ
1741 1483 1810 1517 Θεὸς

239 1532 300 1562 dem
313 1543 361 1572 per
375 1533 486 1562 modum
500 1543 554 1572 quo
567 1543 616 1562 nos
629 1533 769 1572 propagati
789 1542 892 1562 sumus.
912 1535 985 1563 Cum
1039 1529 1185 1569 ἄνθρωπον,
1199 1529 1225 1564 ἐξ
1239 1530 1318 1558 αὖτοῧ
1339 1529 1440 1562 πάντας
1455 1528 1601 1569 προσέταξε
1614 1529 1752 1570 γενέσθαι,
1766 1530 1809 1559 ἵνα

239 1579 311 1608 enim
329 1580 402 1608 Deus
424 1589 508 1608 unum
528 1579 692 1609 efformasset
713 1579 867 1615 hominem,
883 1590 916 1609 ex
937 1580 986 1610 illo
1038 1574 1296 1611 πάντῑς“ἇλλήλους
1316 1576 1352 1608 ὡς
1365 1575 1411 1604 ἕνα
1425 1575 1583 1614 νομίζωμεν,
1603 1575 1648 1605 καὶ
1670 1577 1698 1605 ἔν
1718 1576 1809 1616 ἀγάπῃ

239 1625 320 1665 jussit
338 1635 429 1654 omnes
441 1625 526 1662 oriri,
542 1631 571 1654 ut
584 1633 676 1654 omnes
694 1631 789 1654 mutuo
809 1626 885 1664 quasi
902 1636 986 1656 unum
1003 1626 1021 1648 Β
1038 1621 1104 1661 πρὸς
1115 1621 1245 1657 ἀλλήλους
1257 1621 1356 1660 διάγειν
1367 1620 1566 1660 σπουδάζωμεν.
1581 1621 1697 1652 Ἔπειτα
1707 1622 1753 1654 καὶ
1768 1622 1811 1651 διὰ

239 1682 295 1701 esse
311 1678 513 1712 reputemus,et
528 1672 555 1700 in
576 1672 685 1701 caritate
705 1680 798 1702 mutua
818 1673 914 1713 degere
927 1680 985 1703 stu-
1039 1669 1086 1703 τῆς
1099 1669 1152 1697 τῶν
1164 1667 1388 1707 συναλλαγμάτων
1405 1666 1537 1706 ἐπιμιξίας
1553 1670 1638 1708 σοφῶς
1648 1671 1713 1708 ἡμῖν
1722 1669 1752 1698 τὸ
1762 1681 1807 1709 φι-

238 1718 362 1748 deamus.
377 1718 481 1748 Deinde
495 1729 545 1758 per
556 1719 715 1749 commercia
729 1727 850 1750 mutuam
864 1720 986 1750 dilectio-
1039 1714 1171 1751 λάλληλῡν
1186 1713 1437 1755 ἐπραγματεύσατῦ·
1449 1714 1495 1744 καί
1509 1717 1580 1750 πῶς,
1592 1715 1681 1745 ἄκουε·
1698 1717 1811 1745 Πολλῶν

238 1775 300 1794 nem
324 1764 457 1804 sapienter
477 1765 584 1795 curavit
601 1777 607 1793 :
624 1776 678 1804 quo
700 1773 789 1795 autem
810 1766 984 1796 modo audi.
1040 1760 1144 1797 πλήσας
1153 1760 1201 1797 τὴν
1213 1760 1369 1799 οἷκοομένην
1384 1761 1498 1800 ἀγαθῶν,
1512 1761 1608 1790 ἔδωκεν
1620 1761 1719 1802 ἑκάστῃ
1733 1761 1823 1803 χώρᾳ»

237 1813 308 1841 Cum
328 1811 421 1840 multis
435 1812 528 1841 orbem
548 1813 694 1852 compleret
710 1813 788 1842 bonis
797 1836 804 1850 ‚
817 1813 929 1843 cuilibet
943 1825 986 1843 re·
1041 1806 1121 1836 πάλιν
1139 1806 1287 1840 ίδιῦίζθυῢόιν
1301 1805 1504 1842 ἐπιτηδειότητα
1517 1809 1642 1849 καρπῶν,
1664 1807 1707 1837 ἵνα
1725 1808 1769 1837 διὰ
1781 1807 1812 1837 τὸ

238 1857 311 1896 gioni
326 1858 464 1897 propriam
483 1858 623 1887 fructuum
637 1858 752 1898 speciem
766 1858 880 1898 largitus
892 1867 942 1897 est,
958 1867 989 1889 ut
1040 1855 1088 1889 τῆς
1099 1852 1191 1893 χρείας
1202 1853 1344 1891 ἀναγκαῖον
1358 1852 1423 1892 πρὸς
1441 1853 1569 1889 ἀλλήλους
1585 1854 1748 1892 βαδίζοντες,
1765 1854 1811 1884 καὶ

241 1910 348 1943 propter
360 1914 424 1933 usus
442 1905 623 1933 necessitatem
637 1915 685 1933 nos
697 1912 791 1934 mutuo
805 1905 932 1935 adeuntes
941 1929 949 1943 ‚
962 1913 988 1935 et
1040 1901 1092 1928 τῶν
1104 1898 1311 1939 περίττίυόντων
1325 1898 1520 1936 μεταδιδόντες,
1539 1899 1584 1928 καὶ
1598 1902 1650 1928 τῶν
1667 1900 1811 1929 λειπόντων

239 1960 298 1988 quae
311 1960 507 1989 supervacanea
521 1956 584 1978 sunt
598 1950 724 1988 utrinque
735 1950 877 1988 tradentes,
887 1962 918 1981 ac
927 1963 987 1991 quae
1039 1948 1103 1984 ἡμῖν
1130 1944 1367 1983 ἅντιλαμὸάνοντες
1378 1966 1386 1980 2
1423 1945 1566 1983 ἀγαπῶμεν
1598 1944 1629 1974 τὸ
1664 1945 1805 1985 ὁμόφυλον·

239 1995 336 2024 desunt
349 1995 427 2024 nobis
443 1995 602 2035 accipientes
611 2018 618 2032 ‚
632 2006 793 2035 congeneres
806 2004 910 2027 nostros
923 1998 988 2028 dili·
1041 1992 1128 2021 Τοῦτο
1141 1990 1186 2020 καί
1201 1991 1240 2030 ἐφ’
1256 1989 1368 2019 ἑκάστου
1383 1989 1528 2026 πεποίηκεν
1545 1991 1691 2030 ἀνθρώπου·
1705 1993 1745 2021 Οὗ
1760 1991 1811 2032 γὰρ

241 2051 344 2080 gamus.
357 2040 482 2080 Idipsum
492 2042 572 2071 etiam
584 2041 612 2071 in
623 2041 736 2081 singulis
747 2043 808 2072 fecit
818 2043 986 2074 hominibus.
1039 2035 1127 2064 πάντα
1140 2039 1220 2064 πᾶσίν
1232 2033 1328 2063 ἔδωκεν
1341 2033 1436 2063 εἰδέναι
1448 2056 1456 2071 ²
1475 2033 1544 2064 ἀλλὰ
1557 2036 1595 2075 τῷ
1610 2035 1657 2074 μὲν
1674 2035 1794 2076 ἷατρῑκὴν
1802 2058 1811 2072 ,

126 2089 301 2121 HominesNOfl
317 2087 389 2116 enim
408 2087 536 2116 concessit
554 2094 583 2117 ut
597 2098 688 2117 omnes
705 2089 795 2118 omnia
812 2089 910 2119 scirent
919 2113 927 2128 ,
940 2091 988 2120 sed
1040 2083 1078 2120 τῷ
1088 2080 1116 2109 δὲ
1129 2079 1293 2116 τεκτονῑκὴγ,
1307 2079 1352 2109 καὶ
1364 2079 1438 2119 ἄλλῳ
1450 2079 1543 2116 ἄλλην,
1554 2079 1597 2109 ἵνα
1607 2080 1751 2121 χρῄζοντες
1765 2083 1812 2111 ἇλ-

93 2139 136 2153 ¹¹⁰¹¹
149 2133 306 2168 ‚⁰¹⁰⁰“huic
326 2133 402 2162 dedit
422 2133 600 2171 medicinam,
613 2133 656 2162 illi
677 2133 803 2164 fabrilem
823 2142 907 2165 artem
918 2159 925 2173 ‚
940 2136 988 2166 alii
1039 2126 1138 2162 λήλων,
1153 2127 1299 2165 ἀγαπῶμεν
1317 2125 1456 2161 ἀλλήλους·
1476 2125 1530 2155 Καὶ
1546 2127 1573 2155 ἐν
1587 2131 1641 2160 τοῖς
1663 2139 1811 2167 πνευματι·

93 2170 175 2215 ζξᾙῗ
240 2180 332 2217 aliam,
345 2187 376 2209 ut
392 2180 495 2209 mutuis
510 2186 615 2219 egentes
629 2179 735 2217 officiis,
750 2191 798 2209 nos
814 2189 909 2211 mutuo
924 2181 988 2213 dili·
1003 2176 1021 2199 C
1040 2176 1095 2205 κοῖς
1106 2171 1134 2201 δὲ
1149 2171 1228 2201 πάλιν
1242 2171 1273 2200 τὸ
1286 2171 1349 2200 αὖτο
1359 2170 1495 2210 γινόμενον
1511 2171 1562 2202 ἴδοι
1575 2184 1615 2206 τίς
1629 2171 1670 2209 ἂν,
1682 2173 1718 2206 ὥς
1732 2185 1812 2213 φησιν

242 2235 344 2265 gamus.
362 2226 394 2254 In
418 2225 606 2264 spiritualibus
627 2235 734 2263 quoque
753 2225 874 2266 idipsum
895 2228 988 2259 videre
1040 2220 1055 2247 ο
1068 2218 1175 2250 Παῦλος
1185 2240 1192 2254 2
1208 2216 1250 2246 ὅτι
1269 2218 1318 2257 Τῷ
1338 2217 1386 2255 μὲν
1402 2217 1503 2247 δίδοται
1522 2218 1598 2255 λόγος
1611 2219 1703 2259 σοφίας
1712 2242 1719 2256 2
1735 2221 1772 2259 τῷ
1785 2219 1812 2249 δὲ

94 2279 114 2295 ¹·
128 2274 182 2298 Cor.
197 2281 231 2297 ¹2·
241 2278 280 2301 est
294 2294 301 2308 ‚
317 2278 346 2300 ut
363 2272 401 2301 ait
420 2271 539 2301 Paulus:
555 2271 623 2300 Alii
643 2271 761 2311 quidem
783 2272 873 2301 datur
892 2284 987 2305 sermo
1039 2264 1116 2304 λόγος
1133 2263 1265 2303 γνώσεως,
1283 2263 1355 2303 ἄλλῳ
1380 2263 1407 2292 δὲ
1421 2264 1579 2307 προφητεία,
1599 2264 1671 2305 ἄλλῳ
1686 2265 1713 2294 δὲ
1734 2266 1812 2306 χαρί-

90 2305 113 2328 8‘
133 2311 169 2327 '⁰'
240 2320 401 2358 sapientiae‚
418 2319 470 2347 alii
484 2327 575 2347 sermo
586 2318 725 2355 scientiae,
742 2318 799 2347 alii
811 2325 909 2348 autem
922 2332 987 2360 pro-
1040 2327 1131 2354 σματα
1145 2314 1275 2353 ἰαμάτων,
1289 2314 1362 2355 ἄλλῳ
1378 2315 1406 2345 δὲ
1420 2315 1483 2355 γένη
1496 2316 1632 2355 γλωσσῶν,
1647 2316 1720 2357 ἄλλῳ
1732 2317 1759 2346 δὲ
1771 2319 1812 2357 ἑρ-

237 2367 350 2405 phetia,
364 2366 418 2395 alii
431 2366 527 2405 gratia
538 2365 733 2401 curationum,
745 2364 798 2393 alii
810 2375 917 2405 genera
929 2367 987 2396 lin-
1041 2365 1135 2404 μηνεία
1150 2366 1286 2405 γλωσσῶν.
1306 2365 1379 2395 Ἀλλ’
1396 2366 1469 2396 οὐδὲν
1483 2369 1531 2403 τῆς
1546 2366 1650 2406 ἀγάπης
1663 2366 1793 2407 ἀνώτερον
1805 2380 1811 2386 ·

238 2423 361 2452 guarum
370 2435 377 2449 ,
400 2412 454 2441 alii
469 2412 669 2450 interpretatio
690 2421 865 2440 sermonum.
882 2414 987 2443 Verum
1041 2416 1080 2445 διὸ
1094 2415 1139 2445 καὶ
1153 2415 1259 2445 πάντων
1274 2414 1356 2452 αὐτὴν
1371 2416 1526 2456 προέθηκεν,
1539 2416 1621 2450 οὕτως
1634 2416 1716 2446 εἰπών
1725 2429 1731 2435 -
1746 2417 1810 2447 Ἐὰν

272 2519 285 2537 b
302 2517 400 2542 Collata
410 2526 468 2542 cum
480 2515 575 2542 Codice
584 2515 730 2542 Colbertino
742 2518 800 2542 970.
1051 2522 1182 2552 εὐμηχάνως
1195 2523 1249 2553 ἡμῖν
1260 2522 1451 2555 πραγματεύεται
1463 2525 1490 2547 τὸ
1504 2523 1640 2556 φιλάλληλον
1648 2529 1653 2534 '
1667 2523 1756 2548 πολλῶν
1767 2526 1811 2555 γὰρ

272 2564 282 2575 ²
300 2556 373 2581 colb.
381 2559 492 2586 ἀλλήλους
502 2560 633 2589 νομίζομεν.
643 2555 720 2581 Paulo
732 2561 790 2588 post
798 2555 872 2581 Colb.
891 2561 1002 2590 ἐπιμιξίας
1056 2561 1179 2591 ἐμπλήσας.
