1890 2826
259 212 331 260 446

260 288 414 328 pecoribus,
436 287 471 317 de
492 287 568 324 filiis,
594 287 629 317 de
654 294 740 327 patre,
765 286 800 317 de
823 287 921 328 pietate
938 297 1001 327 erga
1009 284 1043 335 ³2¹

259 335 359 370 Deum,
373 333 408 363 de
421 333 522 363 honore
534 332 717 363 sacerdotibus
736 333 900 371 exhibendo,
915 333 950 363 de
963 333 1002 363 vi-

259 379 372 409 sitandis
385 379 501 409 afflictis.
517 380 557 409 De
570 389 622 409 non
633 379 774 419 litigando,
791 379 826 409 de
839 390 893 409 non
905 390 1002 420 expro-

258 426 372 464 brando,
392 427 427 456 de
443 436 496 455 non
507 425 687 466 despiciendis
695 426 894 456 narrationibus
907 436 1002 455 senum

258 473 431 514 sapientium.
446 474 487 503 De
504 472 689 513 temperantia,
712 472 747 502 de
761 472 891 510 amicitia,
903 472 938 502 dc
949 483 1002 502 non

257 519 408 549 aemulando
418 526 578 559 peccatores.
589 519 630 549 De
633 517 726 558 judice
734 518 865 559 prudente
873 525 900 548 et
907 519 1002 555 stulto,

255 565 290 594 de
300 565 438 605 superbia,
453 565 487 595 de
497 565 631 604 aequitate‚
643 564 678 595 de
694 575 747 595 non
757 564 935 605 vituperando
945 565 1003 595 sine

253 611 371 652 judicio,
384 619 411 642 et
423 612 481 641 sine
491 611 623 642 examine.
643 613 684 642 De
696 611 813 641 vitandis
835 611 947 651 iniquis.
961 613 1002 641 De

256 658 374 688 divitum
387 658 475 694 cultu,
487 658 534 698 qui
546 669 562 687 a
572 658 665 687 multis
678 658 832 695 exhibetur,
847 664 874 687 et
886 657 921 687 de
934 668 1001 696 quo-

257 704 380 734 rumdam
390 705 459 734 inter
470 705 532 734 illos
540 704 662 735 avaritia.
672 705 714 734 De
719 704 818 744 parcis,
828 715 897 743 quos
908 708 1002 745 θρῖπας

257 751 404 791 appellant,
417 751 465 790 qui
471 750 533 781 aliis
546 760 600 780 non
611 750 777 790 impertiunt.
785 751 826 780 De
835 751 1002 791 possessione

256 796 404 836 sapientiae,
418 796 453 827 de
466 796 552 826 libero
572 796 697 826 arbitrio.
717 796 819 825 Melius
839 807 896 826 esse
907 796 1002 826 liberis

256 853 355 879 carere,
365 853 445 882 quam
455 842 593 883 improbos
601 842 710 871 habere.
722 841 800 871 Nihil
807 841 890 872 latere
902 844 1000 872 Deum.
1016 843 1035 867 Β

256 890 297 918 De
310 890 452 926 creaturis,
475 888 510 919 de
522 889 640 919 hominis
659 888 830 924 formatione,
845 887 880 917 de
900 889 1002 919 honore

255 944 309 974 quo
321 942 466 965 exornatus
487 942 537 965 est.
563 936 604 964 De
617 935 675 974 lege
689 933 761 970 data,
778 932 813 963 de
834 934 1002 975 eleemosyna

255 987 282 1010 et
289 981 454 1021 poenitentia‚
463 980 497 1010 de
509 980 576 1010 luxu
585 987 611 1009 et
619 979 731 1009 lascivia
740 989 795 1008 non
806 980 999 1020 amplectenda.

255 1028 296 1056 De
308 1026 429 1057 custodia
437 1027 627 1067 mysteriorum
639 1037 687 1056 seu
697 1036 869 1064 arcanorum,
880 1026 915 1056 de
925 1027 1002 1057 stulti

255 1073 359 1113 pudore
379 1073 471 1103 noxio.
495 1071 577 1110 Quod
594 1071 629 1102 de
650 1072 766 1112 peccatis
791 1072 946 1112 poenitentia
968 1073 1002 1103 sit

255 1118 368 1158 agenda,
382 1118 417 1148 de
431 1118 576 1148 ambitione
589 1125 615 1148 et
627 1118 740 1150 avaritia
757 1118 903 1158 fugiendis,
918 1119 952 1149 de
964 1131 1004 1150 sa-

256 1165 344 1204 piente
357 1171 383 1194 et
402 1164 542 1201 stulto,de
562 1164 619 1194 filia
638 1163 782 1204 petulanti,
797 1163 831 1194 de
849 1164 1001 1195 inconside—

255 1210 340 1239 rantia
363 1209 451 1247 stulti,
472 1209 507 1239 de
528 1216 616 1239 mente
638 1210 728 1248 firma,
747 1209 782 1239 de
801 1220 854 1239 non
867 1211 1003 1250 loquendo

255 1256 313 1286 sine
335 1256 449 1286 cautela.
470 1258 510 1286 De
531 1257 736 1297 compunctione
760 1258 938 1298 propeccatis
951 1258 1000 1288 ha-

255 1301 354 1340 benda,
368 1301 403 1332 de
416 1312 470 1332 non
477 1301 608 1342 jurando,
624 1301 659 1331 de
673 1302 812 1343 sapientia.
829 1304 871 1333 De
890 1305 1003 1335 muliere

255 1349 326 1378 mala
338 1356 365 1379 et
380 1349 463 1386 bona,
480 1348 514 1378 de
535 1349 758 1389 negotiatoribus,
772 1349 807 1378 de
822 1349 915 1389 iis·qui
929 1362 1004 1381 reve·-
1018 1350 1037 1374 C

256 1395 312 1424 lant
326 1405 433 1425 arcana.
448 1396 489 1424 De
501 1395 550 1424 illo
561 1395 609 1434 qui
625 1395 652 1425 in
662 1396 756 1425 faciem
770 1395 873 1433 laudat,
889 1403 960 1426 retro
971 1398 1005 1428 ir-

256 1440 337 1471 ridet.
347 1442 388 1471 De
396 1440 580 1471 condonandis
589 1441 713 1482 proximo
724 1442 841 1472 delictis.
856 1444 897 1473 De
910 1443 1003 1484 lingua

255 1486 359 1524 dolosa,
375 1487 409 1517 de
423 1494 520 1517 mutuo
531 1487 622 1517 dando
635 1488 768 1528 proximis
778 1489 835 1518 sine
850 1500 943 1527 usura,
955 1490 1003 1520 sed

256 1533 396 1572 egentibus
418 1533 623 1564 commodando.
649 1535 690 1563 De
710 1533 858 1564 educandis
881 1542 1003 1565 accurate

255 1578 362 1616 liberis,
377 1579 412 1609 de
427 1579 546 1617 famulis,
560 1579 594 1609 de
606 1579 707 1614 brutis,
721 1579 756 1609 de
773 1580 896 1610 somniis.
913 1582 955 1611 De
969 1582 1003 1610 ti-

257 1625 390 1655 mentibus
402 1627 501 1663 Deum,
517 1625 551 1656 de
561 1625 699 1655 sacrificiis
710 1636 744 1655 ex
754 1626 895 1665 iniquitate
907 1628 1002 1668 partis,

256 1670 291 1700 de
304 1671 487 1701 oblationibus
498 1682 532 1701 ex
555 1671 698 1712 injustitia.
713 1673 754 1702 De
767 1683 858 1703 amore
871 1674 1002 1713 pecuniae,

256 1716 291 1746 de
316 1717 439 1757 crapula,
464 1717 499 1747 de
511 1718 650 1748 ebrietate.
675 1718 757 1756 Quod
775 1719 932 1759 hominibus
951 1731 1004 1750 una

257 1770 358 1792 naturae
370 1764 540 1799 constitutio;
553 1765 700 1795 voluntatis
708 1775 772 1794 vero
784 1765 953 1806 propositum
967 1766 1006 1796 di-

257 1819 377 1846 versum,
397 1809 465 1839 alios
477 1810 612 1848 benedici,
631 1810 699 1840 alios
721 1811 846 1842 maledici
866 1819 1004 1852 procuret.

259 1857 299 1885 De
313 1856 458 1894 medicina,
474 1857 549 1896 quod
562 1867 615 1886 non
629 1864 750 1896 oporteat
758 1858 842 1888 nimia
850 1859 959 1889 tristitia
968 1866 1006 1889 te-

259 1901 326 1931 neri.
342 1902 425 1938 Quod
437 1909 558 1942 oporteat
571 1914 586 1932 a
606 1902 665 1942 lege
681 1909 707 1932 et
721 1914 736 1933 a
745 1903 850 1942 legibus
867 1906 918 1935 Dei
930 1906 1006 1935 cohi-

258 1947 327 1976 beri.
342 1949 383 1977 De
396 1948 524 1988 operibus
538 1949 598 1985 Dei,
617 1947 653 1977 de
673 1949 826 1989 suppliciis,
840 1950 874 1980 de
887 1951 1006 1981 humana
1022 1945 1041 1969 ⁰

260 2000 366 2030 natura,
380 1994 455 2033 quod
461 2005 490 2024 ea
507 1995 600 2024 multis
609 1994 710 2035 repleta
722 1995 757 2025 sit
768 1996 887 2027 caedibus
897 2004 923 2027 et
933 1998 1006 2028 solli-

260 2038 440 2068 citudinibus.
453 2041 495 2069 De
508 2040 636 2080 operibus
650 2041 709 2071 Dei.

296 2317 307 2328 ²
326 2313 381 2345 Περὶ
397 2312 548 2343 μικρολόγων,
566 2312 602 2339 οὓς
619 2314 700 2346 θρῖπας
719 2315 829 2338 καλοῦσιν.
847 2314 922 2339 Hunc
937 2314 1020 2341 locum

262 2348 364 2380 respicit
377 2357 383 2371 :
398 2350 438 2380 ⁴4,
452 2349 466 2373 3
481 2357 486 2372 ε
499 2351 563 2383 ἀνδρὶ
571 2352 702 2384 μικρολόγοι
715 2353 739 2376 οὐ
747 2354 815 2381 καλὸς
825 2355 837 2378 ὸ
846 2355 953 2383 πλοῖα-σει
966 2356 1022 2379 vim

259 2396 340 2420 parco
359 2396 411 2412 mm
434 2387 506 2412 bonoe
527 2393 586 2412 sunt
605 2388 706 2413 divitae.
729 2390 822 2415 Parcus
842 2398 927 2417 autem
943 2398 1023 2428 θρῖπας

261 2426 397 2451 vocabant.
404 2427 450 2452 Est
461 2435 520 2452 vero
533 2431 585 2460 θρίψ
595 2435 672 2461 genus
681 2429 809 2454 vermiculi
818 2431 955 2457 secuudum
965 2433 1023 2458 sui-

260 2465 329 2497 dam,
342 2464 412 2498 quod
425 2465 491 2499 ligna
503 2471 528 2490 et
540 2474 634 2491 cornua
646 2467 806 2494 corrodebat.
819 2469 885 2495 Hinc
896 2479 986 2503 parcos
995 2478 1020 2499 et

260 2513 350 2529 avaros
370 2508 450 2540 θρῖπας
469 2510 601 2531 vocarunt.
623 2505 763 2540 Hesychius
785 2516 790 2530 z
816 2512 874 2542 θρὶψ,
900 2513 1016 2546 γλίσχρος,

262 2545 372 2577 φειδωλὸς-

601 225 627 248 S.
655 221 795 248 JOA‘NMS
820 223 1004 248 cthsosT.
1034 222 1189 248 ARGfflEP.
1218 225 1487 249 CONSTANTlNOP.

1053 288 1105 316 τῶν
1115 310 1122 323 ,
1136 287 1197 327 περὶ
1217 290 1321 323 κτηνῶν
1331 309 1339 323 ,
1352 287 1414 328 περὶ
1434 287 1548 325 τέκνων,
1562 287 1624 328 περὶ
1638 287 1751 328 πατρὸς,
1765 288 1831 329 περὶ

1053 335 1100 369 τῆς
1113 333 1183 363 κατὰ
1206 333 1276 363 Θεὸν
1298 333 1451 371 εὖλαὸείας,
1466 333 1527 374 περὶ
1549 335 1598 370 τ’ῆς
1617 335 1654 367 εἰς
1668 333 1728 367 τοὺς
1750 335 1832 375 ἱερεῖς.

1052 381 1149 419 τιμῆς,
1165 379 1227 420 περὶ
1247 381 1295 415 τῆς
1318 381 1355 413 εἰς
1376 379 1437 413 τοὺς
1456 379 1634 420 κακουμένους
1653 380 1825 420 ἐπισκέψεως.

1052 426 1121 467 Περὶ
1134 428 1180 455 τοῦ
1195 425 1233 465 μὴ
1253 426 1402 466 μάχεσθαι,
1426 425 1464 466 μὴ
1486 426 1632 463 ὀνειδίζειν,
1654 426 1691 466 μὴ
1707 431 1827 467 παρορᾷν

1052 472 1225 512 διηγημάτων
1239 474 1328 513 σοφῶν
1339 471 1479 512 γερόντων.
1495 472 1564 512 Περὶ
1574 472 1755 513 σωφροσύνης,
1766 473 1827 512 περὶ

1052 517 1150 558 φιλίας,
1163 518 1225 558 περὶ
1236 522 1283 548 τοῦ
1295 518 1333 558 μὴ
1346 519 1440 554 ζηλοῦν
1454 517 1635 559 ἁμαρτωλούς.
1650 518 1718 559 Περὶ
1731 521 1829 559 κριτοῦ

1052 567 1160 594 συνετοῦ
1172 564 1218 594 καὶ
1229 564 1339 605 ἄφρονος
1348 587 1356 602 ,
1375 565 1437 605 περὶ
1451 565 1631 606 ὑπερηφανίας
1642 587 1650 602 ,
1664 565 1726 605 περὶ
1741 566 1825 594 ἐπιει-

1052 610 1133 647 κείας,
1145 610 1207 651 περὶ
1219 614 1266 640 τοῦ
1279 610 1316 650 μὴ
1329 610 1442 650 ἀκρίτως
1460 610 1506 641 καὶ
1524 610 1702 645 ἀνεξετάστως
1715 611 1821 651 μέμφε·

1052 659 1122 686 σθαι.
1136 656 1205 697 Περὶ
1217 659 1264 686 τοῦ
1275 656 1453 696 φυλάττεσθαι
1466 655 1527 690 τοὺς
1537 656 1677 697 πονηρούς.
1693 656 1762 697 Περὶ
1779 658 1828 692 τῆς

1051 704 1104 732 τῶν
1121 702 1253 732 πλουσίων
1275 701 1433 742 θεραπείας,
1454 697 1486 738 ἦς
1499 701 1573 743 παρὰ
1598 704 1704 733 πολλῶν
1726 702 1826 742 τυγχά·

1052 760 1124 778 νουσι
1133 772 1140 786 ,
1163 748 1208 779 καὶ
1228 748 1290 789 περὶ
1311 750 1360 784 τ’ἠς
1382 748 1457 778 ἐνίων
1481 750 1566 779 αὐτῶν
1588 748 1748 783 πλεονεξίας.
1759 748 1828 788 Περὶ

1053 794 1218 835 μικρολόγων
1228 818 1236 832 ,
1258 793 1301 828 οὓς
1314 797 1325 810 “
1336 797 1431 835 θρῖπας
1451 795 1578 830 καλοῦσι,
1589 794 1650 828 τοὺς
1663 794 1701 833 μὴ
1717 794 1829 833 μεταδι-

1052 841 1143 875 δόντας
1156 840 1266 881 ἑτέροις.
1288 840 1357 881 Περὶ
1369 840 1488 877 κτήσεως
1501 840 1603 881 σοφίας,
1616 840 1735 881 περὶτοῦ
1749 841 1828 870 αὖτε-

1053 887 1165 921 ξουσίου.
1189 886 1258 928 Περὶ
1282 889 1328 916 τοῦ
1352 886 1454 916 ἄπαιδα
1479 881 1561 923 εἶναι,
1584 885 1602 922 ἢ
1624 885 1729 926 πονηρὰ
1749 886 1829 916 τέκνα

1051 933 1132 973 ἔχειν.
1146 932 1212 963 Ὀτι
1226 932 1300 963 οὐδὲν
1316 932 1439 962 λανθάνει
1452 932 1497 962 τὸν
1517 931 1595 962 Θεόν.
1610 932 1679 973 Περὶ
1696 934 1750 962 τῶν
1769 944 1829 962 κτι-

1052 979 1160 1018 σμάτων
1170 1001 1178 1016 ,
1191 979 1253 1020 περὶ
1266 981 1314 1015 τ’ἧς
1326 981 1372 1010 τοῦ
1387 978 1526 1019 ἀνθρώπω
1538 978 1674 1014 πλάσεως,
1689 978 1735 1008 καὶ
1747 981 1828 1018 τιμῆς

1051 1021 1082 1061 ἧς
1094 1024 1217 1064 ἐτιμήθη.
1231 1024 1300 1065 Περὶ
1318 1027 1368 1061 τῆς
1380 1027 1426 1055 τοῦ
1439 1024 1520 1063 νόμου
1546 1024 1642 1058 δόσεως
1651 1046 1659 1060 ,
1673 1024 1735 1064 περὶ
1748 1025 1829 1061 ἐλεη-

1053 1071 1168 1110 μοσύνης
1182 1071 1227 1101 καὶ
1253 1070 1408 1110 μετανοίας,
1432 1070 1494 1111 περὶ
1517 1073 1564 1100 τοῦ
1580 1070 1617 1109 μὴ
1636 1070 1824 1101 ἀσωτεύεσθαι.

1052 1118 1120 1158 Περὶ
1143 1118 1263 1159 φυλακῆς
1289 1116 1442 1158 μυστηρίων
1452 1139 1460 1154 ,
1484 1116 1546 1156 περὶ
1567 1116 1677 1157 ἄφρονος
1702 1116 1829 1157 αἰσχύνης

1053 1163 1193 1204 βλαὸερᾶς.
1204 1163 1273 1204 Περὶ
1289 1166 1335 1193 τοῦ
1354 1167 1489 1202 μετανοεῖν
1502 1162 1548 1191 ἐπὶ
1559 1162 1734 1203 ἁμαρτήμασι
1745 1184 1754 1199 ,
1768 1163 1829 1203 περὶ

1051 1212 1097 1239 τοῦ
1113 1209 1151 1249 μὴ
1168 1210 1335 1239 πλεονεκτεῖν
1345 1231 1354 1245 ,
1368 1208 1430 1249 περὶ
1443 1211 1552 1238 συνετοῦ
1566 1207 1611 1238 καὶ
1625 1207 1753 1248 ἄφρονος,
1767 1209 1829 1249 περὶ

1052 1255 1179 1296 θυγατρὸς
1191 1254 1205 1272 ¹⁵
1215 1255 1306 1288 θυσίας
1318 1255 1350 1295 (l.
1365 1254 1518 1295 θρασείας),
1528 1254 1590 1295 περὶ
1602 1253 1759 1294 ἀπροσεξίας
1771 1266 1828 1294 μω·-

1053 1305 1116 1342 ροῦ,
1138 1301 1199 1342 περὶ
1221 1301 1337 1334 διανοίας
1350 1301 1477 1342 στερῤᾶς,
1498 1301 1560 1341 περὶ
1575 1302 1621 1330 τοῦ
1637 1300 1675 1339 μὴ
1690 1301 1830 1341 ἄπαραφυ-

1052 1346 1156 1380 λάκτως
1183 1347 1351 1387 φθέγγεσθαι.
1377 1346 1445 1385 Περὶ
1469 1349 1515 1376 τοῦ
1542 1346 1751 1376 κατανύττεσθαι
1774 1350 1831 1380 τοῖς

1053 1392 1250 1432 ἁμαρτήμασι,
1277 1392 1339 1433 περὶ
1361 1395 1407 1421 τοῦ
1429 1392 1468 1431 μὴ
1488 1392 1615 1432 ὀμνύναι,
1642 1392 1703 1433 περὶ
1728 1393 1829 1433 σοφίας.

1052 1438 1120 1478 Περὶ
1133 1438 1256 1478 γυναικὸς
1273 1443 1390 1479 πονηρᾶς
1411 1438 1457 1468 καὶ
1476 1439 1591 1477 ἀγαθῆς,
1603 1438 1665 1478 περὶ
1686 1439 1828 1479 ἐμπόρων,

1053 1484 1113 1524 περὶ
1128 1483 1308 1514 ἐκλαλούντων
1329 1484 1470 1524 μυστήρια.
1485 1484 1554 1524 Περὶ
1573 1487 1619 1513 τοῦ
1639 1486 1676 1518 εἷς
1687 1484 1830 1525 πρόσωπον

1053 1531 1234 1567 ἐπαινοῦντος,
1248 1529 1357 1570 ὕστερον
1376 1529 1404 1560 δὲ
1417 1529 1599 1570 χλευάζοντος.
1613 1530 1682 1570 Περὶ
1694 1533 1740 1560 τοῦ
1755 1530 1830 1570 ἀφιέ-

1053 1588 1096 1605 ναι
1109 1578 1147 1617 τῷ
1162 1575 1276 1612 πλησίον
1288 1575 1323 1605 τὰ
1336 1577 1373 1609 εἰς
1388 1575 1468 1617 αὐτὸν
1487 1579 1498 1592 ’·“
1507 1576 1745 1615 πλημμελούμενα.
1758 1576 1828 1617 Περὶ

1053 1621 1177 1661 γλώσσης
1187 1621 1284 1657 δολίας,
1298 1621 1360 1661 περὶ
1372 1625 1417 1652 τοῦ
1432 1622 1558 1656 δανείζειν
1571 1624 1611 1662 τῷ
1623 1622 1750 1660 πλησίον,
1768 1623 1830 1664 οὐχὶ

1053 1667 1145 1701 τόκους
1167 1668 1275 1705 λαὸεῖν,
1298 1667 1367 1697 ἀλλὰ
1385 1674 1481 1708 κιχρᾷν
1502 1670 1541 1708 τῷ
1556 1668 1683 1709 δεομένῳ.
1699 1669 1768 1709 ΠερὶΙ
1782 1671 1828 1699 τοῦ

1054 1714 1218 1754 ἐπιστρόφως
1229 1713 1363 1744 παιδεύειν
1376 1714 1471 1752 τέκνα,
1484 1714 1546 1755 περὶ
1557 1716 1676 1751 οἰκετῶν,
1689 1715 1751 1755 περὶ
1764 1715 1830 1745 ἀλό-

1054 1771 1118 1799 γων,
1132 1759 1193 1800 περὶ
1207 1760 1346 1790 ἐνυπνίων.
1362 1760 1431 1801 Περὶ
1445 1762 1497 1790 τῶν
1511 1759 1680 1801 φοὸουμένων
1691 1761 1735 1791 τὸν
1745 1761 1830 1798 Θεὸν,

1056 1805 1118 1845 περὶ
1135 1807 1188 1835 τῶν
1202 1805 1230 1839 ἐξ
1245 1806 1347 1839 ἀδικίας
1367 1808 1463 1836 θυσιῶν
1473 1827 1481 1841 ,
1492 1806 1553 1846 περὶ
1565 1808 1722 1847 προσφορῶν
1733 1809 1785 1837 τῶν
1799 1809 1830 1837 ἐκ

1055 1852 1232 1887 δικαιοσύνης.
1257 1852 1326 1892 Περὶ
1353 1852 1527 1893 φιλαργυρίας
1537 1875 1545 1890 ,
1568 1852 1629 1892 περὶ
1651 1853 1832 1893 λαιμαργίας,

1055 1897 1116 1938 περὶ
1131 1898 1223 1938 μέθης.
1239 1897 1304 1928 “Ort
1319 1901 1336 1935 ἡ
1352 1898 1400 1938 μὲν
1422 1899 1573 1935 κατασκευὴ
1592 1900 1641 1934 τ’ἥς
1660 1898 1763 1939 φύσεως
1775 1903 1830 1933 τοῖς

1058 1943 1204 1984 ἀνθρώποις
1219 1944 1269 1983 μία
1278 1956 1284 1963 ·
1296 1945 1326 1974 τὸ
1338 1944 1366 1974 δὲ
1377 1947 1424 1981 τῆς
1436 1945 1614 1985 προαιρέσεως
1627 1945 1760 1985 διάφορον,
1770 1945 1831 1979 τοὺς

1057 1990 1104 2028 μὲν
1116 1991 1295 2030 εὐλογεῖσθαι,
1308 1990 1369 2024 τοὺς
1383 1990 1410 2020 δὲ
1424 1993 1607 2032 καταραθῆναι
1619 1991 1737 2027 ἐποίησε.
1759 1992 1828 2031 Περὶ

1056 2035 1172 2076 ἰατρείας
1183 2062 1191 2076 ‚
1213 2036 1274 2076 περὶ
1287 2039 1332 2066 τοῦ
1348 2036 1386 2076 μὴ
1407 2036 1474 2076 ἄγαν
1487 2040 1642 2077 κρατεῖσθαι
1660 2036 1744 2078 λύπῃ.
1759 2038 1830 2078 Περὶ

1054 2084 1100 2111 τοῦ
1121 2082 1175 2111 δεῖν
1195 2084 1233 2123 τῷ
1246 2082 1321 2122 νόμῳ
1333 2081 1379 2111 καὶ
1397 2086 1453 2116 τοῖς
1470 2085 1516 2111 τοῦ
1535 2084 1606 2113 Θεοῦ
1621 2082 1710 2122 νόμοις
1720 2087 1829 2123 κρατεῖ-

1055 2130 1123 2157 σθαι.
1136 2127 1204 2168 Περὶ
1214 2130 1267 2157 τῶν
1281 2131 1326 2158 τοῦ
1339 2129 1411 2158 Θεοῦ
1421 2127 1505 2168 ἔργων
1513 2152 1522 2166 ,
1535 2129 1597 2169 περὶ
1610 2131 1664 2158 τῶν
1677 2131 1827 2169 τιμωριῶν,

1055 2178 1116 2218 περὶ
1130 2180 1177 2214 τῆς
1193 2178 1357 2219 ἀνθρωπίνης
1370 2178 1488 2219 φύσεως,
1511 2179 1553 2208 ὅτι
1565 2180 1672 2209 πολλῶν
1687 2179 1830 2219 ἐμπέπλη-

1056 2239 1117 2257 σται
1127 2227 1211 2268 φόνων
1221 2228 1267 2257 καὶ
1280 2227 1433 2268 φροντίδων.
1446 2228 1515 2268 Περὶ
1527 2229 1580 2258 τῶν
1592 2231 1639 2258 τοῦ
1653 2229 1724 2259 Θεοῦ
1737 2228 1830 2269 ἔργων.

1104 2319 1118 2337 Ι)
1135 2322 1192 2354 Περὶ
1216 2322 1326 2353 θυγατρὸς
1344 2322 1427 2348 θυσίας.
1446 2317 1593 2351 Legendum
1615 2323 1732 2353 θρασείας,
1753 2324 1782 2344 ut
1805 2321 1832 2345 in

1070 2356 1181 2390 Synopsi
1191 2365 1246 2390 quae
1262 2356 1399 2382 Athanasio
1416 2355 1577 2387 adscribitur,
1590 2357 1674 2382 Tomo
1685 2358 1723 2388 11,
1733 2366 1759 2390 p.
1773 2358 1831 2390 475,

1071 2404 1125 2428 quae
1136 2396 1258 2429 Synopsis
1269 2397 1296 2421 in
1307 2396 1511 2422 Ecclesiasticum
1522 2397 1574 2422 sive
1584 2395 1724 2422 Siracidem
1733 2396 1832 2431 longior

1071 2433 1128 2467 hac,
1141 2443 1222 2467 pauca
1239 2434 1315 2460 habet
1330 2435 1364 2460 ad
1381 2434 1486 2461 verbum
1504 2434 1543 2460 his
1560 2434 1660 2462 similia.
1675 2436 1829 2462 Ceterorum

1070 2481 1129 2498 vero
1140 2472 1262 2498 librorum
1280 2474 1407 2508 Synopses
1419 2479 1474 2499 toto
1491 2473 1553 2499 caelo
1564 2472 1694 2500 differunt.
1715 2476 1747 2501 In
1762 2476 1830 2501 Sira-

1068 2511 1124 2538 cide
1135 2512 1233 2546 legitur,
1245 2514 1285 2545 22,
1293 2516 1317 2545 5,
1324 2518 1414 2549 πατέρα
1425 2517 1463 2540 καὶ
1472 2515 1544 2549 ἄνδρα
1552 2517 1692 2548 καταισχύνει
1703 2519 1717 2545 ἡ
1726 2519 1827 2550 θρασεῖα.

1100 2559 1111 2570 c
1128 2552 1204 2577 Forte
1213 2555 1434 2585 πεπλημμελημένοι.
1535 2554 1538 2555 ’
