1890 2826
103 988 149 1001 1171.
164 986 202 1002 22.

211 1504 213 1507 »
241 1493 266 1515 te
280 1487 392 1524 ornabo,
405 1486 495 1525 quivis
509 1494 615 1517 sanetus
629 1494 655 1516 te
667 1494 770 1527 patrem
783 1489 901 1519 vocabit.

241 188 313 225 666

239 270 265 293 et
280 262 430 302 agentibus,
443 261 599 301 progenitor
616 261 727 292 Domini
751 251 913 302 praeceptum
935 271 984 291 ex-

237 308 367 340 sequutus
389 300 505 330 fuisset?
517 300 653 340 quomodo
666 301 694 330 in
718 307 772 331 toto
789 301 892 331 mundo
911 312 983 342 prae-

238 342 343 371 clarum
362 340 450 371 divini
471 340 570 370 amoris
588 351 657 381 opus
673 341 835 371 effulsisset?
849 340 985 380 quomodo

239 386 366 422 sublimis
385 383 450 415 fidei
472 385 597 416 columna
618 393 704 416 erecta
723 385 838 424 suisset?
850 387 985 426 quomodo

240 426 307 466 ipsis
330 425 456 465 operibus
477 425 615 455 didicisset
637 425 767 462 mundus,
792 426 916 456 timorem
935 427 986 456 Dei

240 466 282 495 vel
300 465 350 494 filii
373 475 462 494 amore
476 464 659 504 pretiosiorem
677 465 755 495 esse?
778 465 846 495 Ideo
860 466 933 496 solus
951 466 985 495 ad

241 504 403 534 sacrificium
428 502 540 540 accedit,
563 515 632 535 unus
655 505 824 544 unigenitum
845 516 895 544 per
915 507 985 536 Uni-

241 544 360 583 genitum
384 542 431 572 uni
451 544 509 573 Deo
533 544 657 574 offerens.
673 544 826 582 Didicistis,
841 545 983 582 carissimi,

241 594 289 622 per
302 594 333 612 ea
345 593 405 622 qnae
420 581 491 612 dicta
505 590 568 613 sunt
585 584 764 624 progenitoris
786 594 903 614 amorem
923 595 985 624 erga

242 624 346 661 Denm5
360 622 454 652 discite
468 633 516 662 per
528 633 559 652 ea
572 633 638 668 'quae
657 630 807 662 sequuntur
826 624 877 653 Dei
889 625 983 654 ineffa-

958 200 1089 224 spuma.

1280 293 1285 302 ¹
1436 263 1521 303 ἀγαθὴ
1547 264 1678 304 φιλοθεΐας
1705 261 1753 295 ἔλα
1775 266 1808 305 ψε

1035 300 1144 341 πρᾶξις
1165 304 1223 335 πῶς
1245 301 1276 331 ἂν
1297 303 1368 342 ὕψηλ
1396 291 1519 338 ’πίστιως
1534 305 1590 333 ἀνω
1621 303 1676 340 ώθη
1700 277 1809 340 ›onix-m

1037 342 1094 374 πῶς
1109 341 1141 369 ἂν
1152 341 1237 382 ἔργοις
1255 341 1335 381 ἔμαθε
1350 342 1449 381 κόσμος
1458 365 1466 379 ,
1480 343 1522 372 ὅτι
1595 355 1623 377 ος
1633 344 1714 373 ΔΘεοῦ·
1728 344 1809 374 πόθου

1036 380 1130 414 παιδὸς
1149 381 1324 422 τιμιώτερος
1339 381 1482 421 Διὰ-τοῦτο
1505 382 1583 421 μόνος
1603 381 1649 412 ἐπὶ
1659 382 1708 419 τὴν
1718 384 1809 413 θυσίαν

1035 420 1227 459 παραγίνεται,
1253 421 1332 460 μόνος
1354 421 1399 451 τὸν
1424 423 1553 462 μονογενῆ
1578 422 1622 452 διὰ
1648 423 1811 462 Μονογενοῧς

1035 461 1074 499 τῷ
1102 459 1174 501 μόνῳ
1198 461 1355 501 προσφέρων
1380 462 1455 501 Θεῷ.
1487 461 1636 500 Ἐμάθετι,
1657 463 1808 502 ἀγαπητοὶ,

1036 499 1079 528 διὰ
1092 502 1145 529 τῶν
1161 500 1307 540 εἰρημένων
1327 503 1373 530 τοῦ
1398 500 1565 541 προπάτορος
1587 501 1637 537 τὴν
1661 501 1808 541 φιλοθεΐαν·

1036 538 1133 576 μάθετε
1148 539 1191 569 διὰ
1203 542 1256 569 τῶν
1267 539 1326 576 ἑξῆς
1337 540 1383 570 καὶ
1394 543 1440 570 τοῦ
1455 540 1527 571 Θεοῦ
1539 540 1590 580 τὴν
1601 540 1701 581 ἄφατον
1713 542 1810 581 φιλαν-

1035 578 1167 617 θρωπίαν·
1183 579 1280 618 μάθετε
1294 582 1351 613 πῶς
1364 581 1388 610 οἱ
1403 579 1447 610 διὰ
1459 580 1503 610 τὸν
1517 580 1587 611 Θεὸν
1607 582 1659 610 τῶν
1671 591 1711 610 πα
1743 593 1809 611 ντων

1035 619 1283 658 καταφρονήσαντες
1303 619 1350 649 καὶ
1371 619 1567 660 προκόπτουσιν
1588 622 1625 654 εἷς
1639 621 1685 659 ἀρε
1721 632 1751 658 ν,
1764 622 1810 650 καὶ

1035 261 1117 295 οὕτως
1131 262 1157 291 ἐν
1180 262 1234 302 ὅλῳ
1256 263 1294 292 τῶ
1318 262 1411 339 ado-340

239 661 322 691 bilem
346 661 513 691 clementiam
527 673 535 690 t
549 662 643 692 discite
656 662 791 701 quomodo
806 662 888 702 itqui
913 669 1087 703 prae—suswv
1107 658 1275 699 προσκαίρων
1298 661 1328 688 οὗ
1369 659 1577 699 ἁμαρτάνωσιν.
1590 659 1702 690 'Eueno
1722 659 1809 690 τοίνυν

241 701 326 730 sentia
342 701 495 741 despiciunt
517 708 543 730 et
556 702 583 731 in
597 702 697 731 virtute
711 702 868 742 proficiunt,
883 714 898 732 a
913 710 983 733 tem-
1000 700 1019 722 Α

241 741 363 779 poi-aneis
376 750 429 770 non
450 740 585 770 excidant.
601 741 711 772 Jacebat
722 742 812 780 itaque
825 743 899 772 Isaac
909 753 984 773 com-

240 779 470 819 peditus,nudum
478 781 600 820 praebens
610 781 681 822 patri
689 781 819 821 jugulum
832 781 866 811 ad
881 792 982 818 necem,

241 829 335 848 manus
362 821 451 849 autem
473 819 619 857 sacerdotis
651 826 736 850 erecta
762 831 811 860 pro
831 821 922 851 erabat
949 822 983 852 ad

240 858 348 899 plagam
371 858 548 896 inferendam,
563 859 707 898 statimque
725 859 759 889 de
778 871 815 890 cae
827 871 844 889 o
866 860 985 891 defertur

241 908 296 927 vox
319 897 523 935 misericordiae,
545 898 774 938 quemadmodum
797 909 903 937 manus,
924 910 984 939 quae

241 947 351 966 manum
367 938 513 974 cohiberet,
529 944 555 967 et
569 938 736 968 velocissimo
746 938 825 978 jussu
839 939 985 969 sacerdotis

241 977 404 1007 alacritatem
427 977 565 1007 retineret.
587 978 634 1007 Ne
655 979 785 1018 injicias,
800 978 898 1017 inquit,
922 989 985 1009 ma-

242 1027 311 1046 num
322 1023 402 1046 tuam
417 1020 448 1045 in
460 1027 594 1056 puerum.
609 1017 716 1048 Sufficit
736 1017 804 1047 mihi
817 1025 922 1058 promta
933 1029 984 1048 vo—

241 1056 341 1093 luntas,
356 1056 405 1085 etsi
429 1066 498 1096 opus
512 1057 591 1086 absit.
605 1056 737 1088 Nolebam
759 1057 884 1099 jugulari
895 1057 985 1087 filium

241 1102 329 1131 tuum,
341 1095 387 1125 sed
399 1095 521 1125 volebam
532 1095 613 1125 fidem
626 1102 700 1126 tuam
719 1097 747 1126 in
762 1103 816 1127 toto
826 1096 927 1127 mundo
937 1097 985 1127 de-

241 1135 350 1163 clarari.
372 1134 444 1171 Quia
458 1136 528 1164 enim
542 1136 612 1164 Non
631 1138 784 1175 pepercisti
791 1136 859 1175 filio
874 1142 923 1166 tuo
940 1138 984 1166 ‹li-

244 1173 318 1202 lecto
336 1180 454 1212 propter
466 1185 521 1210 me,
537 1174 583 1203 sed
594 1182 724 1213 quantum
746 1176 773 1205 in
787 1182 812 1205 te
832 1175 892 1211 fuit,
904 1176 985 1216 periit

241 1214 326 1249 Isaac,
342 1213 406 1242 Sara
421 1213 478 1242 filio
493 1213 585 1242 orbata
598 1221 648 1251 est,
663 1221 747 1253 tuque
760 1222 835 1255 pater
846 1225 899 1244 non
912 1215 983 1245 ultra

242 1252 347 1281 vocaris
364 1262 370 1278 t
385 1262 419 1281 ex
433 1252 484 1281 hoc
505 1259 556 1281 tem
577 1263 624 1282 ore
635 1253 671 1282 ob
684 1260 761 1283 tuum
770 1264 832 1298 erga
846 1265 889 1283 me
907 1265 982 1283 amo·
999 1255 1017 1277 Β

241 1301 309 1326 rem,
325 1291 431 1320 salvum
453 1291 543 1331 accipe
577 1292 644 1321 lium
659 1298 749 1329 tuum,
764 1303 811 1332 qui
824 1293 984 1332 grandaevus

241 1330 302 1367 erit,
314 1337 341 1359 et
353 1330 440 1359 multo
451 1337 570 1370 tempore
589 1330 673 1360 vivet.
691 1333 769 1371 Opus
782 1330 852 1361 enim
866 1342 929 1371 erga
942 1343 984 1362 me

236 1370 294 1408 jam
320 1376 458 1409 peractum
479 1377 532 1406 est,
548 1370 595 1409 qui
617 1370 742 1400 affectum
761 1371 844 1400 animi
857 1373 981 1411 respicio.

241 1408 394 1438 Mercedem
416 1408 467 1437 tihi
489 1409 588 1438 horum
606 1409 735 1446 tribuam,
751 1420 767 1439 ο
788 1410 899 1447 famule,
913 1421 983 1440 con-

240 1448 346 1487 gruenti
365 1447 466 1477 scilicet
477 1458 587 1477 munere
599 1449 791 1488 fructuos-aque,
805 1450 983 1489 appellatione

925 1491 983 1520 Hoc

239 1536 308 1565 opus
319 1526 419 1555 multos
436 1526 486 1555 tibi
498 1527 586 1567 justos
607 1526 678 1563 filios
692 1529 794 1567 gignet,
807 1535 838 1557 tu
861 1529 981 1559 omnium

239 1565 267 1594 in
281 1575 323 1594 me
347 1564 514 1594 credentium
534 1573 610 1606 pater
631 1567 787 1605 vocaberis5
801 1578 816 1596 e
834 1576 850 1596 o
864 1567 913 1597 tibi
933 1579 982 1609 per

239 1604 446 1644 przerogativam
457 1612 492 1634 ex
505 1605 644 1645 lapidibus
657 1605 728 1635 filios
740 1606 825 1636 excita
846 1617 873 1636 o.
886 1608 981 1637 Unum

239 1643 327 1672 filium
348 1643 505 1684 despexisti,
520 1644 675 1674 innumeros
683 1655 718 1674 ex
734 1645 787 1675 hoc
801 1653 921 1686 tempore
930 1647 982 1676 ha-

238 1682 315 1711 bebis
333 1683 426 1712 filios:
447 1690 551 1722 patrem
569 1684 642 1713 enim
657 1685 803 1714 multarum
825 1683 945 1725 gentium
956 1694 982 1717 te

238 1722 328 1761 posui.
344 1723 381 1752 Et
395 1722 452 1751 h'aec
474 1722 585 1762 quidem
606 1725 679 1754 Deus
695 1735 702 1752 :
717 1734 766 1753 nos
775 1731 865 1754 autem
877 1736 979 1763 omnes,
997 1731 1015 1755 C

238 1761 381 1798 carissimi,
403 1761 551 1802 exemplari
575 1761 666 1793 divini
689 1763 789 1793 amoris
813 1765 982 1805 progenitore

240 1799 393 1829 Abrahamo
402 1800 456 1837 usi,
470 1801 579 1830 nullum
591 1812 626 1831 ex
635 1803 813 1842 temporaneis
826 1804 904 1834 bonis
927 1804 981 1835 fide

240 1840 267 1868 in
283 1841 372 1869 Deum
385 1840 529 1880 pretiosius
540 1851 596 1869 esse
609 1840 804 1880 existimemus,
818 1853 871 1873 non
886 1854 980 1883 genus,

239 1889 291 1908 non
305 1879 430 1918 patriam,
445 1889 498 1908 non
511 1878 631 1917 divitias,
644 1890 697 1909 non
710 1881 834 1920 gloriam,
849 1893 902 1912 non
912 1882 981 1913 dile-

239 1924 312 1947 ctum
324 1918 424 1955 filium,
441 1918 490 1947 etsi
506 1919 541 1947 sit
558 1919 711 1958 unigenitus
728 1932 734 1948 :
750 1928 781 1950 ut
804 1922 982 1952 similitudine

238 1957 303 1986 fidei
327 1957 379 1986 filii
401 1957 579 1996 progenitoris
599 1959 713 1988 Abrahae
726 1960 825 1998 effecti,
840 1961 869 1990 in
893 1962 982 2002 splen-

239 1995 305 2025 dido
318 1996 377 2041 ejus
403 1996 465 2025 sinu
477 2007 539 2025 cum
558 1999 649 2027 Isaaco
673 1999 881 2038 requiescamus,
894 2001 981 2040 gratia

239 2041 266 2063 et
275 2035 439 2102 benignitate
453 2035 563 2064 Domini
574 2038 656 2066 nostri
670 2038 735 2067 Jesu
744 2039 860 2077 Christi,
869 2041 980 2079 quicum

215 2095 218 2099 .
240 2074 313 2103 Patri
327 2084 343 2113 g
355 2074 424 2110 oria,
439 2084 500 2104 cum
514 2082 603 2105 sancto
616 2076 729 2115 Spiritu,
739 2088 812 2108 nunc
825 2086 851 2108 et
864 2090 979 2120 semper,

179 2140 184 2144 .
240 2113 306 2142 etin
319 2114 414 2142 saecula
428 2114 598 2144 saeculorum.
623 2117 718 2145 Amen.

1033 698 1280 736 σνμπεποδισμένος
1304 701 1319 728 ὁ
1353 698 1437 728 lendix
1446 720 1454 735 ‚
1479 699 1526 730 καὶ
1548 699 1647 739 γυμνὸν
1667 700 1707 739 τῷ
1726 700 1809 739 πατρὶ

1032 736 1159 776 παρέχων
1171 737 1216 767 τὸν
1229 737 1325 776 λαιμὸν
1341 739 1377 772 εἷς
1390 738 1506 778 σφαγὴν,
1518 737 1578 775 ἡδὲ
1610 738 1651 779 εὶρ
1661 741 1707 768 τοῦ
1718 738 1808 778 ἱερέως

1033 776 1048 803 ὖ
1070 776 1122 812 ηλὴ
1147 776 1196 813 τὴν
1211 777 1318 816 πληγὴν
1339 777 1552 815 ἔπισπεύδουσα,
1572 790 1607 808 κα
1640 789 1696 818 παρ
1735 781 1807 818 ρῆμα

1032 826 1050 854 φ
1067 826 1140 855 ρεται
1161 817 1298 867 οὐρανόθεν
1326 816 1399 847 ἐλέου
1425 817 1497 858 φωνὴ
1505 841 1512 855 ,
1535 817 1656 858 καθάπερ
1679 789 1739 857 χίἷρ
1760 818 1809 854 τὴν

1033 858 1112 894 χεῖρα
1132 856 1272 886 κωλυουσα
1281 879 1288 891 ,
1315 856 1361 885 καὶ
1385 869 1401 886 τ
1438 857 1528 897 υτάτῳ
1550 869 1572 886 π
1673 868 1739 896 ματι
1759 857 1808 893 τὴν

1032 894 1378 976 ἷξζῗέἷζῖἶὴῖᾝξὲῗέ,
1390 896 1810 976 {ffi‘ssss'i‘ss‘afflmvss‘fflffifflz

1034 974 1067 1012 τῇ
1081 974 1215 1015 προθυμία
1225 997 1233 1011 ,
1249 974 1298 1004 κᾶν
1312 977 1329 1011 ἠ
1340 975 1434 1015 πρᾶξις
1445 975 1535 1011 ἀπείη.
1549 977 1609 1005 Οὔκ
1623 975 1717 1011 ἤθελον
1736 987 1808 1016 σφα-

1034 1014 1114 1050 γῆναι
1124 1013 1169 1043 τὸν
1182 1014 1266 1043 παῖδά
1279 1026 1325 1044 σου
1333 1036 1342 1050 ,
1356 1015 1415 1044 ἀλλ’
1428 1014 1523 1051 ἤθελον
1535 1016 1650 1055 φανῆναι
1660 1014 1709 1051 τὴν
1718 1014 1808 1045 πίστιν

1035 1063 1082 1080 σου
1096 1053 1124 1081 ἐν
1134 1054 1188 1094 ὅλῳ
1201 1056 1240 1094 τῷ
1253 1053 1356 1094 κόσμῳ.
1372 1054 1484 1091 Ἐπειδὴ
1504 1054 1557 1094 γὰρ
1578 1056 1627 1085 οὐκ
1641 1054 1738 1094 ἐφείσω
1761 1058 1808 1084 τοῦ

1033 1093 1092 1120 υἱοῦ
1105 1103 1152 1121 σου
1166 1096 1211 1123 τοῦ
1225 1095 1243 1122 ἀ
1261 1096 1364 1130 απητοῧ
1379 1094 1412 1123 δι’
1426 1093 1490 1133 ἐμὲ,
1504 1093 1583 1130 ἀλλὰ,
1604 1094 1636 1123 τὸ
1654 1093 1699 1124 σὺν
1714 1094 1807 1134 μέρος,

1035 1131 1172 1161 ἀπόλωλεν
1184 1105 1288 1170 'laudm
1297 1132 1358 1163 ὅσον
1375 1133 1419 1163 ἐπὶ
1429 1133 1484 1170 σοὶ,
1492 1133 1639 1169 fidamus
1649 1133 1753 1174 Σάῤῥα,
1763 1135 1807 1164 καὶ

1034 1170 1093 1199 οὔτε
1109 1170 1141 1200 σὺ
1154 1172 1270 1211 ὀνομάζη
1280 1172 1375 1212 ’πατὴρ
1383 1194 1392 1208 ,
1403 1172 1455 1202 ἀπὸ
1466 1175 1512 1202 τοῦ
1524 1175 1569 1202 νῦν
1581 1172 1625 1202 διὰ
1638 1172 1687 1209 τὴν
1701 1172 1807 1212 ἀγάπην

1033 1210 1082 1246 τὴν
1093 1212 1130 1243 εἷς
1142 1211 1189 1250 ἐμὲ
1203 1204 1271 1244 σῶον
1284 1212 1458 1252 ἀπολάμὸανί
1470 1224 1516 1242 σου
1527 1211 1573 1241 τὸν
1584 1212 1652 1249 υἱὸν,
1664 1212 1807 1252 μακρόὸιόν

1034 1261 1071 1297 τί
1077 1250 1122 1279 καὶ
1140 1250 1331 1301 πολυχρόνιον...
1341 1251 1382 1281 Τὸ
1405 1251 1457 1300 γὰρ
1473 1251 1549 1302 ἔργον
1573 1253 1633 1291 ἐμοὶ
1647 1251 1808 1321 ,πέπρωςι-αι
1844 1289 1848 1290 ⁷

1034 1287 1743 1371 32⁵³02³225322023350.35’t{:‡;⁰,”‚iterastis
1756 1303 1807 1360 δεῖ
1851 1351 1853 1353 .

1037 1372 1099 1406 ρεᾷ,
1127 1368 1173 1397 καὶ
1197 1380 1219 1397 π
1251 1368 1340 1408 σφόρῳ
1372 1369 1537 1409 προσηγορίᾳ
1561 1370 1669 1408 τιμήσω
1689 1381 1734 1405 σε,
1753 1375 1806 1403 πᾶς

1033 1406 1103 1440 ὅσιός
1117 1419 1146 1436 σε
1160 1380 1267 1437 netga
1279 1407 1392 1448 πατέρα.
1407 1407 1442 1438 ‘H
1453 1409 1547 1448 πρᾶξις
1560 1409 1627 1445 αὕτη
1640 1409 1752 1442 πολλούς
1764 1421 1806 1439 σοι

1034 1446 1149 1480 δικαίους
1164 1447 1339 1487 ἀπογεννήσει
1351 1448 1462 1484 παῖδας,
1477 1447 1508 1477 σὺ
1525 1448 1632 1477 πάντων
1642 1450 1695 1478 τῶν
1707 1450 1744 1482 εἷς
1758 1450 1805 1488 ἐμὲ

1032 1486 1209 1516 πιστευόντων
1224 1486 1346 1526 κληθήσῃ
1358 1487 1464 1528 πατήρ·
1479 1487 1532 1527 ἐγώ
1545 1498 1587 1516 σοι
1601 1490 1660 1517 κατ’
1675 1487 1805 1528 ἐξαίρετον

1032 1526 1063 1554 ἐκ
1073 1526 1152 1555 λίθων
1162 1527 1245 1566 ἐγερῶ
1262 1526 1350 1556 τέκνα.
1361 1526 1437 1560 Ἑνὸς
1449 1527 1505 1556 υἱοῦ
1523 1527 1730 1567 κατεφρόνησας,
1741 1527 1806 1562 ἕξεις

1032 1564 1156 1605 ἀπείρους
1176 1567 1228 1595 ἀπὸ
1249 1568 1296 1595 τοῦ
1319 1569 1366 1596 ν’ῦν
1375 1577 1382 1584 ·
1395 1566 1500 1606 πατέρα
1559 1578 1574 1606 ρ
1589 1568 1696 1596 πολλῶν
1723 1568 1804 1598 ἐθνῶν

1031 1604 1136 1634 τέθεικά
1147 1617 1185 1635 σε.
1197 1605 1251 1635 Καὶ
1265 1605 1300 1634 τὰ
1313 1605 1362 1644 μὲν
1375 1605 1449 1645 παρὰ
1460 1607 1531 1636 Θεοῦ
1544 1609 1655 1636 τοιαῦτα
1665 1619 1672 1626 ·
1684 1609 1764 1645 ἡμεῖς
1776 1607 1805 1636 δὲ

1031 1644 1161 1679 ἅπαντες,
1175 1644 1325 1684 ἀγαπητοὶ,
1344 1647 1469 1686 ὕπογραμ
1492 1647 1510 1654 ’“
1534 1645 1666 1685 φιλοθεΐας
1684 1648 1724 1687 τῷ
1741 1657 1806 1686 προ-

1031 1683 1128 1724 πάτορι
1142 1684 1262 1724 Ἀδραὰμ
1274 1684 1424 1724 χρώμενοι,
1438 1657 1522 1724 μημὲἷν
1532 1696 1558 1714 τι
1571 1686 1624 1714 τῶν
1637 1685 1804 1726 προσκαίρων

1032 1724 1138 1762 ἀγαθῶν
1152 1726 1199 1759 τῆς
1220 1726 1257 1758 εἰς
1267 1723 1337 1754 Θεὸν
1358 1724 1473 1758 πίστεως
1498 1723 1626 1763 ἡγώμεθα
1638 1724 1805 1766 τιμιώτερον,

1034 1763 1071 1801 μὴ
1095 1763 1229 1803 πατρίδα,
1245 1763 1282 1802 μὴ
1301 1763 1391 1803 γένος,
1406 1763 1443 1803 μὴ
1466 1765 1590 1801 πλοῦτον,
1605 1764 1643 1803 μὴ
1663 1764 1749 1801 δόξαν,
1765 1765 1803 1804 μὴ

1031 1802 1123 1832 τέκνον
1151 1803 1299 1842 ἀγαπητὸν,
1323 1803 1374 1832 κᾶν
1398 1803 1477 1854 μόνον
1505 1803 1624 1844 τυγχάνῃ
1647 1804 1787 1844 γενόμενον
1797 1817 1803 1823 ·

1032 1842 1263 1882 ὅπως-ὁμοιότητι
1282 1842 1397 1876 πίστεως
1420 1855 1500 1873 τεκνα
1520 1842 1656 1882 γενόμενοι
1673 1847 1720 1873 τοῦ
1740 1855 1805 1884 προ·
1856 1849 1859 1851 ’

1034 1882 1148 1922 πάτορος
1160 1882 1293 1922 Ἀὸραὰμ,
1309 1883 1346 1916 εἲς
1368 1882 1428 1916 τοὺς
1443 1880 1583 1923 φωτεινοὺς
1597 1883 1678 1912 αὐτῶ
1691 1883 1805 1917 κόλπους

1034 1921 1103 1961 μετὰ
1116 1921 1209 1952 Ἰσαὰκ
1222 1921 1436 1960 ἀναπαυσώμεθα
1444 1943 1452 1959 ,
1465 1921 1556 1961 χάριτι
1565 1921 1611 1951 καὶ
1621 1923 1715 1962 φιλανθ
1733 1923 1806 1952 ωπία

1032 1964 1078 1989 τοῦ
1095 1962 1135 1990 Κυ
1155 1961 1194 1990 ίου
1207 1963 1284 2000 ἡμῶν
1299 1961 1387 1996 Ἰησοῦ
1398 1962 1531 2000 Χριστοῦ,
1547 1963 1605 1999 μεθ’
1621 1957 1651 1991 οἶ
1663 1963 1703 2002 τῷ
1745 1954 1805 2002 arpi

1033 2000 1110 2036 δόξα,
1125 1973 1181 2039 <spa
1198 2003 1236 2039 τῷ
1257 2000 1324 2040 ἁγίῳ
1335 1999 1490 2050 Πνεῦματι,
1505 2004 1550 2031 νῦν
1570 2001 1616 2031 καὶ
1639 2001 1697 2038 ἀεὶ,
1711 2001 1756 2031 καὶ
1768 2004 1805 2036 εἷς

1032 2040 1092 2074 τοὺς
1106 2041 1203 2073 αἰῶνας
1216 2042 1269 2069 τῶν
1284 2039 1394 2070 αἰώνων;
1413 2040 1501 2079 Αμήν.
