1890 2826
109 538 176 563 Psal.
198 537 249 565 ¹4⁰·

108 2307 174 2328 1'.=1.l.
197 2307 247 2329 132.

264 167 333 204 558

962 178 1142 204 SEVERIANI

260 252 328 271 mus.
342 242 500 272 Communis
511 242 612 283 quippe
624 243 682 273 fons
692 242 905 283 est3c0mmunia
914 242 1004 272 onmia
1051 241 1146 276 δάζειν.
1165 242 1314 282 Τρέψωμεν
1331 243 1358 272 δὲ
1379 243 1423 272 τὸν
1444 242 1521 284 λόγον
1548 245 1592 274 ἐπὶ
1612 245 1661 281 τὴν
1683 246 1734 275 τῶν
1757 246 1835 282 ἠθῶν

259 289 396 329 proposita
417 288 500 325 dona,
513 289 537 318 si
555 289 636 319 modo
649 300 697 320 nos
711 290 826 320 velimus
850 299 911 319 cum
930 288 1004 318 omni

260 334 396 365 alacritate
419 334 540 364 studium
571 334 709 366 adbibere.
735 337 889 367 Sermonem
914 342 1003 365 autem

258 387 394 410 vertamus
408 376 442 411 ad
450 392 557 411 morum
567 381 772 423 institutionem.

299 429 330 457 9.
343 427 407 457 Heri
425 427 591 457 ostendimus
609 428 815 467 quomodo‘esse
830 427 926 457 debeat
946 427 1000 457 ele·
1018 436 1038 459 D

259 473 331 504 vatio
343 484 471 502 manuum
486 473 579 514 pietati
592 470 744 504 fidentium.
760 474 816 512 Qui
835 473 883 503 dat
894 483 999 514 paupea

258 521 344 557 ribus,
360 519 432 549 dicat
449 532 456 548 :
476 521 615 551 Elevatio
628 531 770 550 manuum
790 531 929 550 mearum.
943 519 1001 556 Qui

259 567 366 607 lapsum
387 566 478 607 erigit,
490 566 579 605 dicat,
602 568 741 598 Elevatio
760 578 902 597 manuum
921 577 999 596 mea-

258 624 334 643 rum.
346 614 504 650 Quaeramus
523 612 625 643 Psalmi
645 612 1001 654 prooemium‚quandoqui-

258 659 319 689 dem
342 670 392 700 par
410 666 451 689 est
471 670 501 689 ea
519 670 567 690 nos
595 661 663 690 scire
684 671 744 700 quae
765 660 918 701 psallimus.
943 658 1001 688 cur

257 708 389 745 dicimus,
405 709 559 748 Dirigatur
577 710 672 739 oratio
684 719 749 738 mea
761 710 836 738 sicut
849 710 1000 737 incensum

260 758 291 784 in
312 762 466 795 conspectu
488 758 558 785 tuo?
578 757 638 786 Non
663 755 734 785 enim
758 754 897 784 incensum
922 764 1001 783 omne

258 801 387 841 dirigitur
401 813 408 830 ε
422 803 496 831 Deus
515 801 616 842 quippe
630 807 835 841 >unguentorum
853 799 1000 839 fragrantia

258 858 310 877 uon
330 848 487 878 delectatur.
504 848 580 886 Quid
598 848 681 888 igitur
694 855 734 877 est
748 846 830 884 illud,
846 848 1001 886 Dirigatur

1059 287 1221 326 ἐπιμέλειαν,

1096 425 1164 459 Χθὲς
1178 427 1281 467 ἐδείχθη
1296 429 1352 462 πῶς
1366 429 1405 457 δεῖ
1417 424 1483 458 εἶναι
1495 430 1605 469 ἔπαρσιν
1618 430 1715 469 χειρῶν
1726 431 1828 470 πεπαῤ-

1056 472 1239 511 ῥησιασμένων
1254 475 1281 503 ἐν
1295 475 1424 515 εὖσεὸείᾳ.
1443 474 1478 504 ‘O
1498 474 1583 508 διδοὺς
1602 474 1698 511 πένησι
1709 475 1809 515 λεγέτω
1819 497 1836 511 ,.

1054 518 1187 559 ’Έπαρσις
1200 521 1253 549 τῶν
1273 522 1370 560 χειρῶν
1386 533 1448 560 μου.
1463 520 1498 550 ‘O
1518 520 1625 561 ἐγείρων
1648 520 1694 550 τὸν
1712 522 1828 551 πεσόντα

1054 565 1164 604 λεγέτω,
1176 565 1308 606 Ἐπαρσις
1321 569 1374 596 τῶν
1387 568 1484 608 χειρῶν
1498 579 1560 606 μου.
1577 567 1740 606 Ζητήσωμεν
1756 567 1784 596 δὲ
1797 566 1828 596 τὸ

1054 611 1191 651 προοίμιον
1200 615 1246 642 τοῦ
1260 614 1377 652 ψαλμοῦ,
1391 613 1482 650 ἐπειδὴ
1497 613 1514 642 ἃ
1525 613 1660 653 ψάλλομεν
1673 613 1779 647 πάντως
1790 615 1827 643 εἰ-

1054 657 1126 687 δέναι
1137 657 1199 698 χρή.
1211 658 1290 687 Διατί
1302 657 1424 698 λέγομεν,
1438 658 1647 695 Κατευθυνθήτω
1658 659 1677 694 ἡ
1691 658 1827 699 προσευχῆ

1055 715 1105 743 μου
1129 706 1165 737 ὡς
1189 704 1310 743 θυμίαμα
1332 705 1443 734 ἐνώπιόν
1465 716 1512 734 σου
1522 716 1532 743 3
1546 706 1624 734 ’Πᾶν
1636 703 1687 744 γὰρ
1707 704 1827 743 θυμίαμα

1054 751 1240 780 κατευθύνεται
1250 763 1256 769 ·
1273 753 1302 781 οὖ
1324 751 1375 791 γὰρ
1389 751 1457 784 Θεὸς
1472 750 1569 791 εὐωδίᾳ
1589 750 1714 791 τέρπεται
1728 750 1827 791 μύρων.

1055 795 1091 825 Τί
1103 791 1148 826 οὖν
1162 798 1233 834 ἐστι,
1249 797 1459 833 Κατευθυνθήτω
1470 799 1487 833 ἡ
1501 797 1637 838 προτευχή
1651 808 1700 836 μου
1710 808 1719 833 ;
1731 797 1771 826 Τὸ
1784 796 1829 837 ἄρ-

1055 845 1115 882 Ορον
1129 842 1214 872 λείπει
1223 866 1232 880 ,
1247 843 1289 872 ἵνα
1303 839 1320 883 ἦ
1335 843 1365 873 τὸ
1379 843 1520 883 λεγόμενον
1529 846 1644 873 τοιοῦτον
1655 855 1661 861 ·
1676 844 1827 873 Κατευθυν-

258 896 351 924 oratio
366 905 430 923 mea
439 897 452 923 ?
467 894 606 924 Articulus
622 893 711 931 deest,
722 893 759 923 ita
773 900 803 922 ut
820 903 914 922 sensus
933 891 1001 922 dieti
1018 895 1036 919 E
1054 888 1152 925 Οήτωὴ
1163 891 1300 930 προσευχή
1311 902 1361 929 μου
1375 892 1410 924 ὡς
1423 890 1543 929 Ουμίαμα
1555 888 1666 919 ἐνώπιόν
1677 901 1733 919 σου.
1746 890 1827 920 Ποῖον

258 940 292 969 sit
306 940 366 969 talis
382 953 388 969 :
407 941 562 980 Dirigatur
574 944 668 970 oratio
682 949 748 968 mea
762 940 838 969 sicut
850 940 1002 967 incensum

259 989 290 1015 in
306 993 458 1026 conspectu
477 993 537 1016 tuo.
559 986 648 1023 Quale
667 985 828 1015 incensum?
845 986 908 1014 Duo
927 990 1002 1013 erant

258 1032 352 1061 altaria
375 1033 402 1061 iu
424 1032 614 1066 tabcrnaculo3
630 1042 713 1061 unum
735 1031 763 1060 in
785 1030 854 1060 atrio
875 1029 1002 1060 exteriori

259 1079 310 1107 sub
321 1078 384 1116 dio,
377 1091 383 1097 ·
399 1079 476 1108 aliud
487 1079 555 1108 intra
570 1085 659 1107 saneta
671 1078 724 1107 sub
737 1084 813 1106 tecto.
829 1077 945 1107 Interius
957 1077 1001 1106 al—

259 1131 315 1153 tare
332 1124 393 1153 ad
385 1135 521 1154 incensum
534 1124 623 1154 solum
637 1130 710 1160 erat,
721 1133 773 1152 non
793 1122 827 1152 ad
846 1123 1002 1152 effusionem

1055 935 1191 974 θυμίαμα;
1203 937 1257 966 Δύο
1271 932 1307 973 ἦν,
1316 936 1489 976 θυσιαστήρια
1503 937 1530 964 ἐν
1545 938 1577 975 τῇ
1593 937 1678 975 σκηνῇ
1690 948 1696 954 ·
1711 935 1738 965 ἓν
1753 937 1780 965 ἔν
1793 937 1828 976 τῇ

1056 981 1123 1020 αὐλῇ
1138 980 1187 1014 ἔξω
1200 982 1226 1010 ἐν
1237 982 1375 1022 ὑπαίθρῳ·
1389 982 1477 1022 ἕτερον
1492 981 1519 1012 δὲ
1534 983 1571 1015 εἷς
1582 981 1615 1011 τὰ
1629 982 1692 1022 ἅγια
1704 982 1756 1011 ὑπὸ
1767 982 1827 1011 στέ-

1055 1038 1114 1065 γην.
1125 1027 1166 1056 Τὸ
1178 1027 1230 1056 ἔσω
1241 1028 1426 1068 θυσιαστήριον
1437 1028 1610 1067 θυμιαμάτων
1621 1024 1654 1064 ἦν
1668 1028 1756 1067 μόνον,
1777 1030 1828 1068 οὐχ

1056 1071 1176 1112 αἱμάτων
1189 1073 1305 1112 χύσεως·
1320 1073 1350 1103 τὸ
1363 1073 1390 1103 δὲ
1405 1073 1455 1108 ἔξω
1467 1073 1653 1114 θυσιαστήριον
1666 1076 1719 1104 τῶν
1733 1074 1828 1113 θυομέ-

1055 1131 1106 1148 νων
1121 1119 1194 1152 ζώων
1217 1119 1300 1149 nal*
1282 1132 1369 1160 αρτων
1391 1125 1542 1161 προσφορᾶς
1566 1120 1612 1149 καί
1635 1132 1712 1150 τινων
1732 1121 1828 1151 ἄλλων.

258 1169 406 1209 sanguinis.
423 1170 550 1200 Exteiius
564 1176 653 1199 autem
663 1169 746 1198 altare
760 1168 795 1197 ad
805 1169 931 1198 animalia
942 1179 1002 1208 qum
1010 1191 1046 1211 473
1057 1164 1109 1194 Καὶ
1123 1177 1167 1195 τον
1182 1165 1229 1205 μὲν
1244 1165 1293 1200 ἔξω
1306 1166 1395 1206 βωμὸν
1409 1166 1510 1196 κελεύει
1523 1169 1537 1196 ὃ
1549 1165 1618 1200 Θεὸς
1629 1168 1667 1206 τῶ
1678 1167 1810 1196 Μωῧσεῖ’
1798 1178 1829 1196 εκ

259 1216 477 1252 immolabantur,
493 1215 528 1244 ad
547 1226 629 1256 panes
648 1215 849 1255 propositionis,
863 1215 937 1244 etad
951 1227 1003 1245 coe-
1019 1218 1039 1241 Α
1056 1210 1135 1240 λίθων
1150 1213 1200 1242 ἀπε
1202 1212 1321 1247 λεχήτων
1344 1215 1471 1249 ποιῆσαι·
1485 1213 1530 1242 τὸν
1545 1213 1573 1242 δὲ
1584 1211 1655 1242 ἔνδον
1670 1213 1696 1241 ἐν
1710 1213 1744 1251 τῇ
1763 1224 1829 1248 σκη·

258 1267 315 1290 tera
333 1261 467 1300 quaedam.
487 1261 655 1291 Exiet-iorem
675 1271 749 1290 aram
767 1260 848 1301 jussit
870 1260 1003 1290 Dominus

259 1307 350 1347 Moysi
366 1318 401 1337 ex
419 1307 548 1348 impolitis
562 1306 699 1347 lapidibus
713 1313 816 1336 struere
825 1319 834 1345 ;
849 1307 1001 1337 interiorem

259 1364 322 1383 vero
338 1353 366 1382 in
382 1353 569 1389 tabernaculo,
580 1364 616 1382 ex
627 1363 695 1383 auro
707 1353 804 1393 polito.
819 1352 894 1390 Quid
907 1353 1000 1383 divina

258 1399 343 1438 gratia
355 1410 403 1439 per
422 1399 480 1429 haee
497 1398 666 1436 subindicet,
681 1409 768 1439 operm
787 1399 902 1439 pretium
923 1399 1002 1429 suon't

258 1445 409 1485 explorare.
426 1447 502 1475 Duos
515 1455 611 1485 nempe
622 1445 737 1485 populos
749 1445 799 1474 Dei
811 1445 903 1484 gloriae
917 1445 1001 1474 mini-

258 1498 382 1528 strantes,
397 1502 513 1530 quorum
526 1490 768 1527 unusincruditus,
780 1491 849 1520 alter
860 1491 945 1531 probe
957 1491 1000 1520 in-

256 1537 367 1567 stitutus
377 1537 421 1567 sit.
432 1537 488 1574 Qui
499 1537 527 1566 in
536 1536 701 1566 dictionibus
714 1536 859 1566 soloecissat
870 1543 897 1566 et
904 1537 1001 1566 barba-

256 1593 303 1612 rus
323 1590 378 1618 est,
395 1593 530 1612 sermones
548 1582 649 1622 profert
668 1589 699 1611 ut
722 1582 825 1622 lapides
843 1582 999 1623 impolitos;

254 1635 369 1659 attamen
378 1629 398 1658 ii
409 1629 441 1659 ad
455 1628 546 1658 altaris
559 1634 722 1658 structuram
734 1629 1001 1659 oontemnt.Rursus

255 1686 352 1704 aurum
369 1676 520 1715 expolitum
535 1674 669 1715 pretiosus
681 1673 784 1704 dicitur
797 1674 884 1714 lapis;
903 1681 931 1704 at
950 1685 998 1704 ne-

255 1733 307 1761 que
321 1722 367 1752 hic
379 1722 625 1760 extollitur,neque
638 1720 686 1750 ille
696 1720 811 1760 ejicitur.
821 1722 892 1751 Nam
903 1728 929 1751 ct
942 1721 1000 1751 illic

1056 1259 1103 1296 νῇ,
1123 1258 1154 1286 ἐκ
1180 1257 1290 1297 χρυσίου
1311 1258 1524 1298 τετορνευμένον.
1540 1257 1577 1287 Τί
1593 1256 1737 1288 αἰνίττεται
1750 1260 1767 1294 ἡ
1782 1261 1828 1287 τοῦ

1055 1306 1126 1334 Θεοῦ
1150 1305 1228 1345 χάρις
1253 1305 1295 1334 διὰ
1320 1305 1429 1342 τούτων,
1454 1306 1596 1344 ἀναγκαῖον
1622 1306 1744 1340 ζητησαι.
1774 1303 1828 1333 Δύο

1054 1349 1132 1384 λαοὺς
1146 1351 1372 1390 ὗπηρετουμένους
1385 1353 1418 1391 τῇ
1432 1354 1478 1380 τοῦ
1488 1352 1559 1380 Θεοῦ
1572 1350 1632 1387 δόξῃ
1640 1371 1648 1385 ,
1661 1349 1708 1380 καὶ
1720 1349 1764 1379 τὸν
1779 1349 1828 1388 μὲν

1055 1397 1211 1426 ἀπαίδευτον
1223 1397 1296 1434 λαὸν,
1310 1397 1355 1426 τὸν
1370 1397 1398 1426 δὲ
1411 1396 1628 1436 πεπαιδευμένον.
1640 1395 1674 1426 Ὁ
1685 1395 1746 1436 περὶ
1757 1395 1828 1429 λέξιν

1055 1443 1206 1478 σολοικίζων
1221 1443 1239 1478 ἢ
1259 1443 1436 1483 βαρὸαρίζων,
1460 1442 1520 1476 τοὺς
1541 1442 1634 1482 λόγους
1657 1442 1716 1482 ἔχει
1741 1441 1829 1475 λίθους

1054 1489 1250 1525 ἀπελεκήτους·
1276 1490 1335 1519 ἀλ)’
1359 1489 1430 1528 ὅμως
1453 1490 1490 1522 εἷς
1512 1488 1699 1528 θυσιαστήριον
1718 1500 1827 1528 προχω-

1056 1539 1168 1576 ροῦνται.
1184 1535 1271 1565 Πάλιν
1285 1534 1484 1575 τετορνευμένος
1497 1534 1594 1575 γρυσὸς
1609 1537 1623 1564 ὁ
1637 1534 1741 1573 ἔντιμος
1754 1535 1828 1574 λέχε-

1054 1594 1098 1611 ἰαι
1118 1581 1204 1614 λίθος’
1227 1593 1272 1611 και
1295 1581 1355 1610 οὔτε
1375 1576 1449 1614 οὗτος
1473 1580 1597 1620 ὑπεραίρε
1598 1592 1660 1615 ται,
1679 1580 1738 1609 οὔτε
1753 1576 1827 1613 οἶτος

1054 1628 1221 1658 ἐκὸἄλλεται.
1243 1627 1296 1657 Καὶ
1318 1627 1368 1667 γὰρ
1390 1627 1444 1657 ἐκεῖ
1463 1628 1534 1656 Θεοῦ
1558 1625 1763 1666 θυσιαστήριον,
1781 1626 1827 1656 καὶ

1054 1675 1166 1703 ἐνταῦθα
1179 1675 1249 1704 Θεοῦ
1263 1673 1458 1713 θυσιαστήριον.
1471 1667 1526 1702 Ην
1540 1672 1567 1702 δὲ
1591 1674 1621 1702 ἐκ
1641 1670 1776 1712 τεσσᾶρῶν
1790 1673 1827 1701 εἷ’-

1054 1721 1106 1749 δῶν
1128 1719 1297 1759 συγκείμενον
1321 1719 1352 1748 τὸ
1366 1718 1458 1758 μύρον,
1484 1718 1616 1755 στάκτης,
1630 1718 1740 1758 ὄνυχος,
1756 1719 1826 1757 χαλ-

255 1766 339 1795 altare
353 1766 421 1802 Dei,
437 1766 520 1796 ethic
532 1765 616 1795 altare
629 1764 692 1795 Dei.
706 1766 825 1804 Eratque
834 1775 869 1794 ex
884 1773 1000 1804 quatuor
1017 1774 1035 1797 Β
1054 1766 1136 1802 &aiv-11⁴:
1145 1787 1153 1802 ‚
1167 1765 1286 1795 λιὸἄνου.
1302 1764 1379 1794 Ἐπεὶ
1392 1760 1437 1794 ουν
1451 1764 1496 1794 καὶ
1510 1763 1541 1793 τὸ
1558 1763 1641 1804 μύρον
1651 1765 1683 1793 ἐκ
1695 1764 1826 1804 διαφόρων

255 1813 396 1851 speciebus
415 1818 584 1853 unguentum
603 1811 795 1852 compositum,
806 1823 841 1841 ex
860 1819 951 1850 stacte,
964 1824 1000 1843 ex

255 1869 351 1899 onyce,
364 1870 398 1889 ex
412 1859 527 1900 galbano
541 1865 567 1888 et
579 1858 668 1888 thure.
689 1857 761 1895 Quia
775 1858 858 1898 igitur
872 1869 999 1899 unguen—

256 1912 313 1934 tum
327 1905 410 1935 variis
422 1916 458 1935 ex
477 1905 559 1934 rebus
578 1903 760 1943 componitur,
772 1904 913 1944 virtusque
934 1905 998 1935 item

256 1962 291 1980 ex
308 1951 391 1981 variis
411 1958 532 1989 constat,
554 1950 614 1980 ideo
632 1950 716 1986 dicit,
731 1952 886 1991 Dirigatur
904 1954 1000 1982 oratio

257 2007 321 2025 mea
334 1999 409 2026 sicut
430 1996 581 2026 incensum
602 1997 634 2025 in
648 2004 800 2036 conspectu
814 2004 865 2027 tuo
878 2011 886 2027 .-
902 1996 998 2037 quem-

256 2042 403 2071 admodum
415 2042 487 2071 illud
504 2053 539 2072 ex
560 2042 653 2072 multis
666 2043 864 2082 compositum,
877 2051 903 2074 et
918 2055 998 2074 unam

255 2089 429 2129 fragrantiam
441 2089 573 2118 emittens.
587 2089 658 2126 Quia
671 2099 732 2118 cum
747 2090 866 2120 oratione
879 2091 999 2130 ingredi-

257 2142 302 2165 tur
309 2135 370 2175 quis
379 2135 484 2187 jeJ'unio
497 2142 618 2172 ornatus,
629 2135 807 2175 eleemosyna,
817 2136 882 2173 fide,
897 2138 1001 2167 Similis

257 2188 324 2219 esto,
341 2181 439 2220 inquit,
452 2180 605 2221 quadrupla
624 2181 711 2211 virtus
731 2181 838 2212 incenso
859 2184 912 2220 illi,
926 2184 1001 2223 quod

257 2228 284 2257 in
305 2228 449 2267 conspectu
468 2234 515 2256 tuo
536 2226 674 2266 dirigitur.
689 2226 735 2256 Sic
752 2234 778 2256 et
797 2227 891 2258 heatus
910 2230 1000 2260 David

1054 1812 1209 1852 σύγκειται,
1224 1811 1270 1842 καὶ
1283 1814 1300 1847 ἡ
1316 1810 1396 1851 ἀρετὴ
1415 1810 1444 1840 δὲ
1466 1811 1496 1839 ἐκ
1519 1809 1661 1849 διαφόρων,
1674 1808 1758 1849 φησὶ,
1773 1809 1827 1838 Ka*

1053 1858 1219 1894 τευθυνθήτω
1241 1861 1259 1894 ἡ
1278 1856 1414 1897 προσευχή
1436 1867 1486 1895 μου
1509 1857 1545 1889 ὡς
1568 1855 1689 1894 θυμίαμα
1714 1854 1824 1889 ἐνώπιόν

1054 1899 1116 1935 σου·
1131 1907 1167 1939 ὡς
1188 1906 1272 1934 ἐκεῖνο
1292 1904 1322 1933 τὸ
1346 1904 1377 1932 ἐκ
1396 1904 1502 1932 πολλῶν
1516 1901 1696 1941 συγκείμενον,
1719 1901 1764 1931 καὶ
1787 1903 1824 1934 εἰς

1054 1951 1117 1991 μίαν
1132 1951 1241 1980 εὖωδίαν
1254 1948 1473 1987 ἀποτελούμενον.
1489 1947 1599 1983 Ἐπειδὴ
1623 1946 1691 1986 μετὰ
1712 1948 1760 1982 τῆς
1781 1948 1824 1976 εὐ-

1053 2001 1103 2038 χῆς
1118 1996 1265 2038 εἰσέρχεταί
1283 2008 1323 2029 τις
1340 1994 1464 2030 νηστείαν
1485 1993 1564 2033 ἔχων,
1578 1992 1767 2032 ἐλεημοσύνην,
1779 1992 1824 2022 πί-

1053 2056 1120 2080 στιν,
1142 2042 1339 2078 ἀπεικασθήτω,
1354 2040 1443 2082 φησὶν,
1454 2043 1471 2076 ἡ
1487 2041 1622 2080 τετραπλῆ
1637 2039 1718 2079 ἀρετὴ
1732 2039 1824 2080 ἐκείνῳ

1054 2091 1092 2130 τῷ
1108 2089 1256 2128 θυμιάματι
1271 2089 1309 2128 τῷ
1329 2085 1440 2116 ἐνώπιόν
1459 2098 1504 2116 σου
1528 2084 1721 2115 κατεῠθύνοντι.
1744 2084 1825 2115 Οὕτω

1055 2137 1099 2166 καὶ
1115 2137 1130 2165 ὁ
1152 2135 1280 2175 μακάριος
1299 2133 1384 2163 Δαυὶδ
1397 2133 1525 2172 ἀλλαχοῦ,
1540 2130 1618 2167 Ἰδοὺ,
1639 2131 1720 2171 φησὶ,
1734 2131 1760 2160 τί
1774 2143 1826 2161 κα·

1055 2183 1110 2219 λὸν,
1124 2182 1141 2218 ἢ
1156 2182 1182 2211 τί
1196 2180 1317 2221 τερπνὸν,
1338 2180 1397 2209 ἀλλ’
1418 2178 1442 2214 ἢ
1452 2178 1482 2208 τὸ
1495 2181 1627 2207 κατοικεῖν
1642 2177 1768 2218 ἀδελφους
1781 2178 1826 2207 ἐπὶ

1055 2230 1086 2259 τὸ
1107 2228 1187 2265 αὐτός
1201 2227 1248 2260 Ὡς
1267 2226 1350 2282 μύρον
1365 2225 1409 2255 ἐπὶ
1429 2225 1545 2264 κεφαλης
1559 2223 1589 2253 τὸ
1601 2223 1761 2253 καταὸαῖνον
1781 2224 1827 2252 ἐπὶ

258 2272 325 2304 alibi
343 2273 396 2303 ait:
411 2274 487 2302 Ecce
502 2282 593 2313 quam
610 2274 717 2302 bonum
737 2278 765 2301 et
785 2284 874 2312 quam
889 2276 1000 2314 jucun-
1018 2282 1036 2305 c
1056 2275 1171 2314 πώγωνα
1184 2273 1227 2303 τὸν
1237 2272 1352 2311 πώγωνα
1363 2283 1409 2300 του
1423 2269 1532 2310 Ἀαρών.
1542 2269 1690 2303 Ἀπευιάζει
1702 2269 1781 2305 τὴν’
1765 2269 1826 2308 αγά

291 2386 302 2398 “
320 2384 370 2405 Πᾶν
381 2382 427 2413 γὰρ
440 2381 553 2411 θυμίαμα.
567 2375 676 2402 savinus
690 2382 764 2409 putat
775 2376 906 2410 legendum
921 2384 965 2407 πῶς
974 2383 1018 2414 γὰρ

259 2422 373 2451 θυμίαμα.
387 2418 465 2442 Forte
484 2415 574 2441 melius
587 2415 684 2448 legatur
699 2422 745 2442 πᾶν
760 2420 805 2451 γὰρ
825 2419 929 2449 θυμίαμα
941 2419 965 2442 οὗ
977 2430 1018 2443 κα-

257 2461 394 2490 τευθὺνεται,
406 2458 491 2490 sicque
507 2455 555 2481 hoc
569 2454 666 2480 dietum
679 2453 713 2479 ad
724 2456 852 2487 sequentia
870 2454 1016 2488 quadraret.

257 2497 323 2523 Illud
345 2505 430 2530 porro,
452 2500 478 2523 τὸ
495 2495 579 2530 ἄρθρον
598 2498 678 2525 λείπει,
690 2500 739 2519 etc.
758 2493 829 2519 deest.
848 2493 874 2519 in
896 2494 976 2520 Savil.
992 2501 1017 2520 et

258 2535 408 2562 Combefisio
429 2537 437 2568 [
453 2536 496 2569 qui
514 2534 608 2560 liabent
625 2546 678 2561 κατ.
693 2538 706 2564 ἡ
723 2545 764 2569 πρ.
785 2545 840 2567 μου,
860 2537 889 2563 ὡς
913 2538 1017 2567 θυμίαμα

259 2581 348 2603 ἐνώπιόν
359 2587 410 2607 σου;
425 2581 486 2602 ποῖον
500 2579 565 2607 θυμ.;
578 2576 615 2601 δύο
627 2577 652 2603 ἦν
661 2573 723 2607 etc]
732 2573 823 2599 Sensus
837 2579 882 2607 est,
893 2574 918 2599 ni
930 2573 1012 2602 fallor,

1066 2378 1202 2404 articulum
1213 2382 1271 2402 ante
1284 2379 1389 2409 θυμίαμα
1400 2373 1496 2406 deesse,
1507 2379 1535 2398 ut.
1548 2372 1673 2398 iudicetur
1695 2374 1826 2398 incensum

1067 2417 1197 2451 quoddam
1210 2415 1345 2450 peculiare,
1358 2412 1429 2447 quod
1446 2414 1499 2446 ipse
1510 2417 1598 2445 postea
1613 2411 1718 2437 indicat.
1733 2413 1828 2438 Verum

1066 2458 1142 2482 etiam
1153 2457 1188 2481 sic
1201 2464 1286 2481 seusus
1294 2453 1433 2485 claudicat,
1444 2451 1567 2477 articulus
1577 2453 1643 2476 enim
1657 2453 1742 2484 potius
1750 2461 1827 2485 pecu-

1067 2495 1126 2521 liare
1138 2495 1269 2529 quidpiam
1289 2493 1423 2519 iudicaret.
1444 2492 1507 2517 Rem
1525 2500 1577 2518 nou
1595 2492 1686 2525 majori
1701 2492 1829 2525 perquisi—

1067 2534 1135 2561 tione
1148 2534 1252 2569 diguam
1263 2533 1396 2559 mittimus.
