1890 2826
522 207 567 230 DE
595 205 854 229 PROPRETIARUM
881 205 1121 229 OBSCURITATE.
1150 206 1185 229 11.

60 282 62 284 ’
81 272 126 301 καί
143 282 216 303 τινας
233 265 300 306 ἦσαν
321 269 454 308 ἁμαρτίας
466 267 655 304 πεποιηκότες,
675 266 763 299 πάσας
777 266 844 296 ἀπέ-

80 317 162 357 σμηξε
175 318 223 352 τῆς
239 315 334 356 φλογὸς
352 313 453 350 ἐκείνης
468 314 486 349 ἡ
500 312 585 353 φύσις.
599 313 670 342 Ἀλλ’
689 313 718 341 οὗ
733 311 798 351 πρὸς
812 311 846 340 τὰ

80 361 272 401 κατορθώματα
282 360 370 401 ἑώρων
382 359 416 390 τὰ
427 355 521 396 οἷκεῑά,
534 358 603 388 ἀλλὰ
615 358 649 387 τὰ
663 356 847 397 ἁμαρτήματα

79 407 268 447 ἀνελογίζοντο.
281 406 361 437 Οὕτω
370 405 415 435 καὶ
426 405 529 441 Δανιὴλ
542 404 610 443 μετὰ
624 404 668 433 τὸν
681 403 779 433 λάκκον
793 404 846 431 τῶν

79 453 209 489 λεόντων,
231 451 298 492 μετὰ
315 451 364 485 τὰς
380 450 475 491 μυρίας
493 449 634 490 τιμωρίας,
655 449 686 483 ἃς
702 448 827 487 ὑπέμεινε
838 469 846 483 ,

80 499 125 528 καὶ
144 498 222 532 αὐτὸς
235 500 328 527 ἑαυτοῦ
346 496 504 536 κατηγόρει,
519 498 566 526 τοῦ
583 494 611 525 δὲ
628 494 740 531 πλησίον
755 493 848 527 οὐδείς.

80 546 106 574 Τ
107 544 117 574 ί
128 544 161 580 δή
174 555 255 580 vro-tq
268 543 335 573 Ὅτι
345 545 360 572 ὁ
374 542 421 582 μὲν
435 541 539 582 ἑτέρους
551 541 635 581 λέγων
649 541 748 576 κακῶς,
760 551 848 579 παρο-

81 590 150 624 ξύνει
161 590 207 619 τὸν
225 588 364 624 Δεσπότην
375 599 382 607 ·
396 589 410 617 ὁ
428 587 456 617 δὲ
470 587 562 617 ἑαυτὸν
575 586 660 626 λέγων
678 587 777 622 κακῶς,
793 584 847 618 ἐξι-

80 637 136 666 hot
156 636 202 666 καὶ
218 634 395 665 καταλλάττει
411 645 418 652 ·
438 633 484 663 καὶ
500 633 544 662 τὸν
569 632 668 662 δίκαιον
687 630 848 670 δικαιότερον

81 679 270 719 ἀπεργάζεται,
285 678 332 709 καὶ
349 678 394 708 τὸν
411 677 568 717 ἁμαρτωλὸν
584 675 725 716 ἐξαρπάζει
737 677 790 705 τῶν
803 676 848 714 ἐγ-

81 726 235 765 κλημάτων,
246 725 292 755 καὶ
315 725 472 765 συγγνώμης
498 723 570 758 ἄξιον
589 726 672 753 ποιεῖ.
696 723 780 752 Ταῦτ’
803 717 849 751 οὖν

81 772 192 810 εἰδότες,
212 771 249 811 μὴ
262 771 298 800 τὰ
310 771 451 810 ἀλλότρια,
467 770 536 811 ἀλλὰ
552 771 636 799 οἰκεῖα
653 769 848 808 πολυπραγμο-

82 820 168 857 νῶμεν
179 817 250 847 κακά
262 829 269 836 ·
283 816 471 856 ‹ivan-coemam
486 817 563 855 ἡμῶν
580 815 611 845 τὸ
632 813 758 851 συνειδὸς,
781 816 848 843 ἀνα-

83 866 240 903 μνησθῶμεν
263 865 340 902 ἡμῶν
350 866 362 879 “
372 863 421 899 τὴν
441 862 510 898 ζωὴν
523 862 646 898 ἅπασαν,
667 860 779 890 ἕκαστον
795 861 850 889 τῶν

82 908 278 949 ἡμαρτημένων
299 910 363 947 ἡμῖν
383 907 629 948 περιεργασώμεθα,
649 905 694 935 καὶ
713 905 750 944 μὴ
772 905 850 944 μόνον

85 955 123 994 μὴ
142 955 262 994 λέγωμεν
284 956 372 988 κακῶς
393 954 507 994 ἑτέρους,
529 952 599 983 ἀλλὰ
620 952 688 992 μηδὲ
713 952 851 990 ἀκούωμεν

86 1001 182 1041 ἑτέρων
192 1000 321 1040 λεγόντων
333 1002 431 1033 κακῶς.
444 999 498 1029 Καὶ
508 998 559 1038 γὰρ
568 998 614 1028 καὶ
624 997 717 1027 τούτου
731 997 853 1036 ἔγκλημα

85 1051 171 1076 κεῖται
183 1046 229 1076 καὶ
242 1043 358 1086 τιμωρία
372 1045 484 1085 μεγίστη
497 1056 504 1063 ·
519 1044 612 1080 Ἀκοὴν
630 1043 692 1083 γὰρ,
706 1042 781 1083 φησὶ,
799 1054 851 1081 μα-

84 1092 161 1122 ταίαν
175 1091 213 1131 μὴ
225 1091 370 1132 παραδέξῃ.
388 1092 448 1121 Οὐκ
461 1086 543 1126 εἶπεν,
557 1092 623 1130 ἀκοῇ
639 1089 739 1128 ματαίᾳ
753 1088 790 1127 μὴ
806 1099 852 1117 πι-

83 1138 205 1177 στεύσῃς,
218 1137 296 1174 ἀλλὰ,
311 1137 378 1177 μηδὲ
391 1136 451 1176 δέξῃ
463 1135 545 1172 αὐτήν
557 1146 564 1152 ·
579 1134 727 1175 ἀπόφραξον
740 1133 775 1163 τὰ
787 1127 853 1169 ὦτα,

86 1184 256 1224 ἀποτείχισον
267 1186 301 1223 τῇ
316 1183 460 1223 κατηγορίᾳ
474 1182 522 1219 τὴν
535 1181 644 1217 εἴσοδον,
660 1180 741 1215 δεῖξον
753 1179 793 1210 ὅτι
806 1182 852 1209 τοῦ

1572 193 1639 228 225

901 273 1052 306 peccatores
1066 267 1166 307 seipsos
1178 265 1352 295 numerabant
1363 264 1492 299 dicentes,
1505 267 1646 295 peccavi·
1658 273 1745 298 Dum.
1759 281 1795 304 29.

902 322 975 348 mus,
984 314 1085 352 inique
1095 315 1205 352 egimus
1214 325 1224 342 .-
1234 312 1338 342 tametsi
1350 311 1417 351 quid
1431 311 1566 341 illustrius
1578 313 1646 350 illis,

866 357 885 379 ⁰
901 359 968 398 quid
982 359 1110 389 mundius
1123 360 1192 389 suit?
1206 359 1338 397 Quamvis
1357 358 1430 388 enim
1454 365 1560 398 peccata
1581 370 1647 389 non-

902 405 979 434 nulla
991 405 1196 441 commisissent,
1204 404 1294 435 omnia
1303 411 1391 434 tamen
1402 404 1560 434 absterserat
1571 404 1649 434 flam-

903 461 952 480 mae
972 458 1078 480 natura.
1101 448 1206 481 Verum
1226 450 1262 480 ad
1281 450 1391 490 propria
1413 456 1483 479 recte
1502 450 1571 479 sacta
1596 460 1649 479 non

903 494 1091 537 respiciebant,
1106 496 1154 526 sed
1167 503 1274 536 peccata
1287 506 1377 526 secum
1390 495 1559 536 reputabant.
1570 496 1615 526 Sic
1624 503 1650 525 et

904 542 999 573 Daniel
1009 549 1070 582 post
1083 542 1173 572 lacum
1184 543 1302 578 leonum,
1318 548 1379 582 post
1390 542 1531 571 innumera
1542 541 1650 582 suppli-

903 589 944 619 cia
955 600 1015 628 quae
1024 590 1197 626 sustinuerat,
1215 589 1273 629 ipse
1285 599 1393 628 quoque
1402 583 1524 628 seipsum
1539 598 1648 617 accusa-

903 635 960 673 bat,
971 635 1126 676 proximum
1134 635 1207 665 'vero
1223 645 1311 664 nemo.
1328 634 1404 672 Quid
1414 633 1473 664 ita?
1482 634 1554 671 Quia
1567 634 1648 674 nimi-

904 693 965 712 rum
979 682 1010 719 is,
1023 682 1072 721 qui
1085 689 1192 712 caeteros
1207 681 1356 712 maledictis
1369 681 1486 717 incessit,
1501 681 1649 711 Dominum

902 728 1014 758 offendit
1030 741 1036 757 :
1053 727 1101 767 qui
1118 738 1181 758 vero
1200 727 1341 757 maledicta
1355 727 1464 767 conjicit
1479 727 1506 756 in
1516 727 1647 768 seipsum,

904 773 993 814 placat
1004 773 1082 803 illum
1096 783 1127 802 ac
1137 773 1290 803 reconciliat
1299 773 1368 812 sibi;
1379 773 1552 813 etjustiorem
1560 772 1649 803 reddit

901 821 1016 860 justum,
1031 826 1057 850 et
1076 826 1240 860 peccatorem
1266 819 1379 850 crimine
1402 820 1508 857 liberat,
1526 830 1556 849 ac
1571 820 1648 848 venia

869 868 888 891 Ε
904 865 1020 905 dignum
1036 865 1135 896 reddit.
1147 867 1216 903 Quae
1235 877 1298 895 cum
1315 866 1357 896 ita'
1370 873 1431 896 nota
1445 866 1498 895 sint
1510 865 1601 903 nobis,
1616 875 1649 894 ne

905 912 932 940 in
943 911 1040 948 aliena,
1053 911 1137 941 sedin
1149 918 1237 941 nostra
1251 911 1321 941 mala
1329 911 1460 941 curiosius
1470 910 1648 950 inquiramus,

893 957 1074 986 ,excutiamus
1094 956 1282 987 conscientiam
1295 963 1413 986 nostram
1428 969 1435 986 ε
1450 957 1532 987 vitam
1544 968 1649 988 omnem

906 1009 1024 1032 nostram
1032 1002 1230 1032 reminiscendo
1239 1013 1468 1043 recognoscamus,
1478 1015 1538 1043 quae
1547 1015 1563 1034 a
1572 1005 1651 1035 nobis

908 1055 1012 1087 peccata
1025 1055 1089 1078 sunt
1099 1055 1220 1078 accurate
1228 1057 1388 1086 scrutemur,
1402 1056 1428 1079 ct
1440 1060 1493 1079 non
1505 1050 1585 1081 modo
1597 1062 1649 1081 cae-

907 1099 976 1123 teros
988 1092 1136 1124 maledictis
1148 1104 1201 1123 non
1221 1094 1394 1132 incessamus,
1413 1095 1464 1126 sed
1474 1107 1559 1135 neque
1572 1104 1650 1127 caete-

907 1150 951 1168 ros
963 1139 1113 1170 maledictis
1127 1138 1283 1169 incessentes
1300 1139 1452 1171 audiamus,
1468 1143 1538 1172 Nam
1549 1149 1574 1172 et
1585 1142 1650 1172 huic

905 1185 944 1214 rei
957 1185 1058 1215 crimen
1069 1196 1100 1215 ac
1113 1185 1276 1226 supplicium
1289 1187 1440 1218 maximum
1454 1195 1494 1218 cst
1503 1195 1625 1228 paratum
1640 1201 1647 1218 :

85 1229 312 1269 κατηγορουμένου
325 1229 374 1257 οὐκ
390 1228 498 1258 ἔλαττον
515 1227 592 1261 αὐτὸς
611 1229 626 1256 ὁ
644 1225 746 1256 ἀκούων
760 1223 851 1265 ἐχθρὸς
861 1245 897 1265 197
906 1229 1097 1261 An‘ditwnem
1105 1229 1187 1268 Enim,
1196 1232 1295 1271 inquit,
1307 1244 1419 1263 vanam
1429 1245 1488 1263 non
1499 1238 1646 1275 suscipies.
1658 1243 1735 1265 Exod.
1744 1243 1782 1267 23.

86 1270 112 1304 εἶ
124 1275 169 1305 καὶ
180 1274 307 1314 πολέμιος
314 1275 353 1313 τῷ
367 1276 456 1307 κακῶς
466 1273 580 1312 λέγοντι·
593 1271 720 1311 Μίμησαῑ
732 1271 777 1300 τὸν
788 1281 851 1310 προ·
868 1275 887 1296 A
905 1277 965 1306 Non
978 1276 1060 1313 dixit,
1081 1276 1220 1307 Auditioni
1239 1289 1313 1308 vanae
1333 1279 1443 1310 minime
1464 1280 1567 1318 credes,
1589 1281 1647 1316 sed,
1663 1281 1682 1295 ¹·

87 1320 175 1361 φήτην
188 1319 257 1349 οὕτω
272 1319 383 1359 λε’γοντα
396 1331 402 1337 ·
420 1319 473 1348 Τὸν
488 1318 688 1348 καταλαλοῦντα
700 1316 785 1356 λάθρᾳ
806 1316 851 1345 τὸν

85 1365 199 1402 πλησίον
213 1367 301 1402 αὐτοῦ,
316 1368 407 1395 τοῦτον
421 1364 566 1399 ἐξεδίωκον.
579 1364 639 1393 Οὐκ
653 1358 735 1399 εἶπεν,
749 1363 790 1392 ὅτι
803 1363 852 1392 οὐκ

87 1412 236 1448 ἐπίστευον,
257 1411 316 1442 οὐδὲ
336 1410 377 1440 ὅτι
396 1412 426 1441 οὗ
447 1410 635 1450 παρεδεχόμην
652 1409 687 1439 τὰ
705 1408 850 1448 λεγόμενα,

85 1457 155 1489 ἀλλὰ
167 1457 212 1487 καὶ
225 1457 386 1494 ἀπήλαυνον,
398 1458 434 1490 ὡς
448 1455 541 1496 ἐχθρὸν
556 1455 600 1485 καὶ
615 1455 750 1494 πολέμιον.

129 1747 198 1775 Ἀλλ’
214 1745 264 1775 εἰσί
278 1756 354 1781 τινες,
368 1743 393 1773 οἳ
405 1744 495 1784 ψυχρᾷ
507 1743 662 1784 παραμυθίᾳ
680 1742 785 1775 ἑαυτοὺς
799 1753 853 1770 πα-

90 1794 277 1831 ραμυθοῦνται,
297 1790 392 1819 οὑτωσὶ
414 1789 534 1828 λέγοντες
552 1801 558 1807 ·
579 1789 672 1828 Κύριε,
698 1787 735 1827 μὴ
755 1787 854 1827 στήσῃς

90 1849 136 1876 μοι
148 1837 197 1873 τὴν
211 1836 342 1876 ἁμαρτίαν
362 1835 472 1872 ταύτην,
493 1834 534 1863 ὅτι
552 1835 632 1870 ἀκοῆς
651 1833 728 1874 λόγον
748 1833 852 1874 ὀφείλω.

89 1883 138 1917 Τίς
155 1882 233 1923 χρεία
245 1884 292 1918 τῆς
313 1880 470 1920 ἀπολογίας;
485 1880 524 1914 τίς
537 1880 615 1920 χρεία
636 1883 683 1916 τῆς
697 1879 853 1919 συγγνώμης

89 1929 199 1966 ταύτης
213 1928 338 1968 Σίγησον,
357 1927 403 1957 καὶ
419 1926 569 1962 ἀπήλλαξαι
589 1929 642 1956 τῶν
656 1926 831 1966 ἐγκλημάτων
846 1938 852 1944 ’

89 1974 171 2013 μηδὲν
184 1974 270 2014 εἴπῃς,
284 1973 330 2003 καὶ
343 1972 457 2012 καθαρὸς
474 1967 498 2001 εἶ
513 1975 560 2008 τῆς
574 1973 696 2012 ἀγωνίας.
711 1974 736 2002 Τ
739 1972 747 2002 ί
765 1975 854 2011 σαυτῷ

88 2019 233 2060 πράγματα
253 2018 373 2055 πλέκεις,
394 2018 439 2047 καὶ
461 2018 534 2058 παρὰ
557 2020 635 2059 Θεῷ,
653 2019 697 2048 καὶ
714 2018 787 2057 παρὰ
808 2019 852 2047 ἇν-

89 2064 216 2105 θρώποις;
229 2065 255 2094 τί
267 2069 350 2098 ποιεῖς
364 2064 505 2094 ὑπεύθυνον
520 2064 611 2094 ἑαυτὸν
623 2065 813 2104 ἐγκλημάτων;
831 2064 855 2092 τί

88 2110 119 2139 τὸ
131 2110 234 2150 φορτίον
256 2110 399 2151 βαρύτερον
421 2111 541 2149 δεσμεῖς,
557 2111 615 2139 Οὐκ
635 2112 710 2150 ἀρκεῖ
732 2122 773 2140 σοι
794 2111 854 2150 περὶ

89 2157 141 2185 τῶν
151 2156 252 2186 οἰκείων
263 2158 352 2186 κακῶν
363 2155 471 2189 εὖθύνας
482 2158 619 2196 ὑποσχεῖν,
629 2157 697 2186 ἀλλὰ
707 2158 752 2186 καὶ
766 2157 856 2196 ἑτέρας

90 2201 219 2241 ἁμαρτίας
231 2202 397 2242 ἐπισωρεύεις
412 2202 651 2242 σαυτῷ;’Περιτ-ι·ὴ
670 2203 737 2238 αὕτη
753 2205 769 2238 ἠ
786 2205 853 2232 ἀπο-

89 2247 165 2286 λογία
177 2259 184 2266 ·
201 2248 249 2277 οὔκ
269 2250 350 2284 ἀκοῆς
364 2248 442 2287 λόγον
463 2247 591 2287 ὀφείλεις,
615 2248 683 2277 ἀλλὰ
697 2249 855 2287 κατηγορίας

89 2292 165 2331 λόγον
179 2297 328 2333 χρεωστεῖς.
343 2293 428 2323 Ὅταν
448 2293 500 2333 γὰρ
513 2293 636 2329 ἀκούσας,
646 2295 675 2323 οὗ
688 2294 807 2333 σιγήσῃς,
825 2295 854 2323 οὐ

88 2340 136 2373 τῆς
148 2340 228 2374 ἀκοῆς
237 2338 314 2378 λόγον
325 2339 401 2378 μόνον
415 2339 536 2379 ὀφείλεις,
547 2339 616 2368 ἀλλὰ
628 2340 673 2369 καὶ
685 2339 852 2379 κατηγορίας.

89 2384 139 2414 Ἐκ
152 2385 203 2424 γὰρ
218 2386 271 2414 τῶν
292 2385 376 2424 λόγων
399 2397 445 2415 σου
465 2385 637 2424 δικαιωθήσῃ,
662 2385 735 2424 φησὶ,
759 2386 804 2414 καὶ
822 2387 853 2415 ἐκ

89 2432 141 2460 τῶν
159 2431 243 2470 λόγων
264 2442 309 2460 σου
324 2431 515 2470 κατακριθήσῃ.
537 2432 631 2460 Ταῦτα
653 2432 702 2470 οὐχ
719 2430 784 2469 ὑπὲρ
801 2433 852 2460 τῶν

73 2497 75 2501 .
90 2474 176 2510 κακῶς
190 2476 345 2513 ἀκουόντων,
356 2478 414 2513 ἀλλ’
426 2476 492 2516 ὑπὲρ
506 2479 558 2505 τῶν
573 2478 660 2509 κακῶς
673 2477 802 2515 λεγόντων
814 2478 852 2507 δε-

904 1323 945 1352 Ne
957 1322 1086 1363 suscipies
1096 1322 1208 1362 quidem
1218 1323 1294 1354 illam
1315 1338 1321 1353 :
1340 1335 1419 1355 aures
1432 1327 1538 1364 obtura,
1554 1327 1649 1357 crimi-

905 1368 1006 1398 nationi
1019 1368 1123 1398 aditum
1142 1371 1248 1399 omnem
1270 1370 1432 1408 interclude,
1455 1383 1541 1413 neque
1561 1376 1650 1406 minus

905 1415 1046 1444 inimicum
1064 1422 1090 1444 et
1108 1415 1210 1445 hostem
1227 1427 1283 1446 esse
1300 1424 1325 1446 te
1338 1417 1413 1448 illius
1431 1419 1480 1458 qui
1500 1421 1647 1460 maledicit,

906 1471 987 1499 quam
1008 1461 1042 1490 sit
1061 1461 1130 1501 ipse,
1153 1462 1200 1500 qui
1222 1469 1373 1500 accusatur,
1397 1464 1515 1495 ostende.
1541 1466 1649 1497 Imitare

908 1506 1075 1547 prophetam,
1098 1507 1146 1547 qui
1160 1508 1198 1537 sic
1215 1508 1294 1538 infit:
1314 1510 1522 1541 Detrahentem
1539 1520 1648 1544 secreto
1659 1520 1725 1542 Psal.
1747 1526 1798 1542 100.

909 1555 1040 1590 proximo
1050 1563 1113 1591 suo,
1125 1554 1203 1583 hunc
1210 1557 1416 1595 persequebar.
1429 1558 1490 1586 Non
1500 1557 1580 1594 dixit,
1587 1560 1648 1589 Non
1659 1550 1682 1573 ⁵⁷

908 1599 1059 1639 credebam,
1071 1610 1167 1639 neque,
1178 1601 1238 1630 Non
1258 1602 1441 1642 approbabam
1452 1614 1511 1642 quae
1524 1604 1650 1635 diceban-

909 1652 964 1683 tur,
987 1646 1045 1685 sed,
1074 1646 1164 1676 Etiam
1186 1654 1321 1687 tamquam
1342 1649 1482 1680 inimicum
1502 1658 1528 1680 et
1547 1651 1651 1682 hostem

909 1692 1082 1734 repellebam.

949 1740 998 1768 10.
1013 1739 1069 1769 Sed
1080 1746 1143 1768 sunt
1153 1740 1275 1769 nonnulli
1286 1741 1334 1780 qui
1344 1740 1442 1772 frivola
1453 1743 1569 1782 quadam
1582 1755 1657 1782 con-,

908 1783 1035 1813 solatione
1047 1795 1075 1814 se
1086 1785 1257 1815 consolantur
1267 1786 1384 1816 dicentes
1397 1799 1404 1816 ε
1418 1789 1543 1827 Domine,
1555 1800 1588 1820 ne
1599 1797 1651 1820 sta-

894 1837 967 1860 -tuas
977 1830 1043 1860 mihi
1058 1830 1110 1860 hoc
1127 1838 1276 1871 peccatum,
1296 1832 1360 1871 quia
1385 1834 1515 1864 rationem
1538 1835 1650 1866 reddere

907 1876 1052 1907 auditionis
1062 1877 1155 1908 debeo.
1165 1878 1240 1915 Quid
1258 1879 1308 1908 hac
1330 1881 1512 1919 excusatione,
1524 1881 1591 1921 quid
1601 1882 1651 1912 hac

908 1925 984 1954 venia
997 1931 1037 1954 cst
1043 1935 1111 1965 opus
1119 1925 1133 1954 Ρ
1146 1926 1217 1955 Tace
1228 1925 1319 1963 modo,
1335 1933 1361 1955 et
1373 1927 1445 1956 omni
1456 1928 1569 1965 crimine
1582 1929 1650 1959 libe-

908 1971 975 2000 raris
990 1984 998 1999 ε
1014 1971 1084 2000 nihil
1093 1971 1178 2009 dicas,
1190 1978 1217 2000 ct
1225 1972 1259 2001 ab
1272 1972 1346 2002 omni
1359 1973 1533 2013 trepidatione
1547 1974 1649 2005 immu-

910 2017 951 2046 nis
964 2017 1026 2046 eris.
1041 2018 1098 2047 Cur
1110 2017 1160 2046 tibi
1173 2024 1199 2046 ct
1217 2018 1290 2058 apud
1304 2020 1391 2048 Deum
1404 2026 1430 2048 et
1443 2019 1517 2060 apud
1529 2020 1650 2051 homines

911 2062 1046 2102 negotium
1056 2062 1180 2092 facessis?
1195 2074 1243 2093 cur
1253 2063 1368 2104 teipsum
1389 2066 1549 2096 criminibus
1563 2067 1649 2096 obno-

911 2108 938 2137 xi
943 2119 988 2137 um
995 2108 1099 2138 reddis?
1105 2119 1154 2139 cur
1160 2109 1290 2139 sarcinam
1295 2110 1446 2149 graviorem
1453 2111 1582 2152 imponis?
1590 2115 1650 2143 Non

911 2154 1010 2184 sufficit
1021 2154 1080 2193 tibi,
1089 2154 1151 2184 side
1161 2155 1278 2196 propriis
1289 2155 1394 2187 delictis
1405 2157 1534 2187 rationem
1542 2158 1649 2193 reddas,

911 2201 959 2230 sed
965 2208 990 2231 et
999 2202 1051 2231 alia
1061 2209 1165 2242 peccata
1170 2201 1220 2231 ubi
1228 2201 1396 2232 accumulas?
1404 2204 1606 2243 supervacanea
1614 2213 1653 2235 est

912 2246 968 2277 haec
975 2248 1109 2285 excusatio
1118 2260 1125 2276 :
1135 2258 1187 2278 non
1197 2248 1343 2278 auditionis
1351 2249 1462 2280 reddere
1469 2251 1598 2281 rationem
1606 2251 1652 2280 de-

910 2293 967 2331 bes,
980 2293 1026 2323 sed
1036 2294 1210 2324 accusationis
1217 2294 1359 2324 reddendae
1367 2295 1463 2325 rationi
1469 2307 1497 2326 es
1507 2297 1648 2326 obnoxius.

910 2338 979 2369 Cum
992 2339 1062 2369 enim
1081 2346 1221 2380 postquam
1240 2340 1373 2378 audieras,
1396 2351 1446 2371 non
1466 2343 1584 2378 silueris,
1599 2352 1650 2371 non

909 2386 1054 2415 auditionis
1067 2386 1166 2422 solum,
1183 2385 1229 2415 sed
1243 2386 1322 2415 ctiam
1341 2388 1516 2416 accusationis
1539 2387 1651 2416 reddere

909 2432 1037 2461 rationem
1049 2431 1141 2462 debes.
1157 2433 1206 2461 Ex
1227 2434 1324 2461 verbis
1341 2435 1419 2462 enim
1434 2434 1489 2462 luis
1508 2433 1647 2472 juslfica-
1662 2437 1745 2461 Mauh,
1765 2444 1801 2459 12,

909 2473 994 2515 benis,
1010 2478 1107 2516 inquit,
1123 2485 1151 2507 et
1165 2489 1201 2506 ex
1212 2480 1308 2507 verbis
1329 2480 1383 2508 tuis
1402 2478 1648 2507 condemnaberis.
1661 2466 1700 2496 37.

91 2521 180 2556 δοικὼς
193 2522 263 2561 λέγω
277 2523 320 2552 καὶ
339 2523 561 2562 διαμαρτύρομαι.
578 2522 612 2550 Ὁ
627 2521 674 2559 μὲν
696 2522 746 2562 γὰρ
764 2526 851 2557 κακῶς
870 2531 889 2554 c
909 2526 970 2555 Haec
983 2536 1031 2563 ego
1052 2536 1103 2555 nou
1125 2532 1263 2565 propterea
1286 2525 1346 2554 dico
1367 2536 1396 2553 ac
1417 2524 1556 2561 denuntio,
1578 2525 1649 2563 quod

122 2620 132 2631 ²
149 2611 220 2638 Colb.
234 2619 273 2641 τῆς
287 2618 343 2643 ζωῆς
356 2617 449 2640 ἀπάτης.
