1904 2840
598 212 630 235 IN

659 212 869 236 MATTHAEUM.
898 213 1016 236 nomn.
1039 213 1162 237 xxvm.

1604 202 1672 250 857

0 275 127 299 'ct-15³⁰·
138 274 179 303 De
191 272 290 312 quibus
302 279 329 302 et
341 273 436 302 Petrus
455 272 493 302 ait
507 285 515 302 ε
534 274 614 312 Quid
634 276 754 303 tentatis
769 275 874 310 Deum,
894 276 913 300 Α
931 275 983 304 viri
1001 287 1007 303 :
1025 282 1112 304 tamen
1125 275 1265 314 difficilior
1278 281 1304 305 et
1317 274 1455 304 onerosior
1470 275 1608 314 invenitur
1619 276 1673 313 lex,

0 949 63 971 ζει-[ι’.
76 949 115 977 24.

0 980 29 1003 15.
41 987 80 1008 27.

0 1227 61 1248 zeon.
76 1233 112 1256 19.

0 1312 76 1335 matth.
92 1312 115 1334 5.

0 1542 76 1595 iim-⁷⁵
91 1543 114 1571 4.

2 1700 7 1701 ⁷
26 1698 129 1721 c.m.28.

138 319 166 342 et
179 313 271 342 vultis
284 314 431 352 imponere
439 313 543 352 jugum
556 323 642 353 super
654 316 778 343 cervices
791 315 877 345 disci-

135 351 283 392 pulorum,
298 353 376 392 quod
389 362 483 391 neque
494 363 558 388 nos,
573 363 666 392 neque
675 359 774 392 patres
786 354 878 382 nostri

136 393 282 431 potuimus
300 394 439 431 portare?
455 391 512 421 Sed
553 402 584 420 er
606 394 732 432 gratiam
757 393 878 426 Domini

139 431 233 460 nostri
245 431 316 460 Jesu
339 431 447 460 Christi
467 440 515 460 cre
536 432 610 460 imus
628 442 679 469 nos
693 432 790 462 salvos
793 432 877 472 fieri.

137 469 201 500 Ideo
212 470 251 500 sic
263 470 350 500 dicit':
366 472 422 510 Qui
434 471 587 508 taboratis,
601 471 629 500 id
643 478 692 505 est,
706 472 760 508 Qui
773 478 880 501 conten—

137 509 202 539 ditis
212 509 280 549 justi
294 521 360 545 esse,
374 517 400 540 et
412 520 465 539 non
482 511 591 550 potestis
613 523 619 540 ε
640 510 703 550 quia
716 517 879 551 praeceptum

137 548 205 589 legis
217 549 284 578 dum
296 550 398 590 expleri
412 560 464 579 non
473 557 568 589 potest,
578 561 683 590 semper
692 550 879 580 conscientiam

137 588 200 618 facit
214 589 367 619 obnoxiam.
383 590 420 619 Et
433 589 506 629 apud
520 589 631 619 Judaeos
642 589 751 629 quidem
765 597 820 619 erat
834 590 879 619 lex

138 628 207 658 levis
217 636 243 658 et
250 630 334 669 justa,
351 629 379 658 id
393 636 443 665 est,
458 628 611 669 decalogus,
623 640 702 668 quem
716 636 778 659 ante
789 629 877 659 idolo-

138 667 245 698 latriam
257 675 431 709 acceperunt3
447 668 494 698 sed
516 669 573 697 sine
585 669 669 709 gratia
695 669 880 699 inveniebatur

139 708 240 747 gravis.
256 708 319 738 Sine
326 709 416 747 gratiae
424 708 496 737 enim
503 709 606 738 auxilio
615 708 701 738 omnis
711 709 815 748 justitia
827 709 878 737 ho-

140 747 260 776 minibus
283 748 373 787 gravis
386 755 425 777 cst
440 760 447 776 ε
463 748 526 786 quia
539 748 583 777 lex
596 755 759 788 praeceptum
772 755 812 778 est
825 759 876 778 nu—

140 785 218 822 dum,
234 788 319 831 gratia
338 794 427 817 autem
452 788 538 818 virtus
559 794 599 817 est
622 788 682 817 Dei.
698 789 754 817 Lex
767 788 794 817 in
809 788 879 818 libro

140 827 329 862 conscribitur,
341 827 424 866 gratia
433 833 522 855 autem
531 827 558 856 in
570 826 650 857 corde
658 827 804 867 plantatur.
815 828 879 857 Ideo

141 865 186 895 lex
196 866 388 896 insufferribile
398 866 503 906 pondus
511 874 561 902 est,
570 867 652 907 gratia
664 874 752 896 autem
763 867 880 901 delecta·
896 871 914 894 B

140 906 178 934 tio
199 905 289 935 cordis
310 913 364 943 est,
377 906 480 935 dicente
494 907 609 936 Domino
627 918 674 947 per
688 907 857 936 Salomonem
871 920 877 936 ι

146 945 278 975 Transire
289 946 331 974 ad
349 957 394 975 me
407 956 516 982 omnes,
528 948 580 985 qui
600 948 801 984 concupiscitis
815 957 861 975 me
867 959 881 982 ;

141 986 259 1023 spiritus
272 996 350 1015 meus
371 995 456 1025 super
478 986 536 1014 mel
561 986 665 1015 dulcis.
682 986 756 1030 Ergo
770 986 814 1015 lex
828 996 881 1015 non

140 1023 228 1053 solum
241 1024 302 1054 ideo
316 1025 406 1065 gravis
415 1032 464 1062 est,
475 1025 538 1063 quia
551 1026 641 1065 gravia
654 1025 774 1070 praecipit
788 1026 883 1055 obser-

139 1063 254 1093 vationis
281 1064 404 1094 mandata
419 1076 426 1093 :
441 1064 487 1093 sed
508 1071 534 1094 et
555 1065 618 1103 quia
637 1065 759 1104 praecipit
772 1065 841 1101 fieri,
856 1073 883 1095 et

138 1102 251 1132 faciendi
274 1114 326 1133 non
350 1110 457 1144 praestat
479 1104 623 1133 auxilium.
647 1105 702 1134 Nec
720 1104 780 1133 ideo
795 1104 882 1134 solum

141 1143 225 1182 gratia
239 1143 307 1173 levis
329 1151 378 1178 est,
393 1143 456 1182 quia
477 1143 546 1172 levia
573 1144 648 1183 ponit
671 1143 795 1173 mandata
812 1157 818 1173 t
835 1145 882 1174 sed

139 1182 214 1220 quod
226 1182 282 1212 fieri
296 1184 433 1223 praecepit,
446 1190 472 1212 et
485 1182 543 1222 ipsa
558 1183 585 1211 in
599 1183 676 1213 nobis
690 1184 803 1213 faciendi
818 1194 882 1224 ope-

140 1228 215 1250 ratur
236 1222 374 1251 virtutem.
390 1223 459 1252 Ecce
472 1223 542 1251 enim
563 1222 609 1252 lex
622 1223 752 1263 praecipit,
769 1224 881 1261 Diliges

142 1262 267 1290 amicum
299 1268 380 1291 tuum
391 1284 399 1299 ,
420 1268 447 1290 et
479 1262 547 1291 odio
578 1263 697 1292 habebis
729 1264 880 1292 inimicum

142 1306 222 1329 tuum
232 1314 245 1336 ;
270 1302 353 1340 gratia
384 1308 472 1331 autem
502 1302 593 1342 jubet,
620 1303 744 1341 Diligite
778 1304 879 1332 inimi—

141 1350 190 1369 cos
212 1347 336 1370 vestros.
348 1342 442 1371 Nonne
465 1341 575 1380 gravius
595 1348 635 1371 est
654 1342 744 1381 gratiae
766 1342 879 1371 manda-

141 1386 209 1416 tum,
224 1390 306 1418 quam
319 1380 406 1420 legis?
422 1381 457 1410 Et
471 1388 558 1410 tamen
570 1381 676 1410 facilius
690 1387 728 1410 est
742 1382 819 1410 nobis
832 1393 880 1421 per

139 1419 250 1458 gratiam
260 1419 316 1448 haec
328 1420 503 1460 impossibilia
517 1420 675 1460 adimplere,
684 1431 765 1460 quam
777 1422 794 1451 J
797 1421 879 1451 udaeis

139 1469 187 1498 per
212 1458 298 1498 legem
323 1459 371 1488 illa
397 1460 536 1500 possibilia
557 1472 564 1489 ε
587 1461 650 1499 quia
672 1461 699 1489 in
721 1461 806 1499 gratia
828 1461 879 1490 Dei
894 1464 913 1488 C

140 1504 226 1527 totum
250 1509 408 1539 possumus,
423 1499 481 1528 sine
503 1500 587 1538 gratia
612 1507 702 1529 autem
729 1500 796 1529 nihil
805 1523 813 1537 ‚
837 1500 879 1528 di-

141 1544 214 1567 cente
243 1538 363 1578 apostolo
386 1551 393 1567 :
421 1540 527 1567 Omnia
549 1549 665 1577 possum
696 1540 728 1567 in
751 1550 784 1568 eo
793 1562 802 1574 ‚
828 1541 879 1578 qui

141 1587 187 1605 me
212 1577 370 1615 consor-tat.
394 1577 493 1607 Adhuc
515 1585 607 1607 alitem
626 1577 704 1607 dico:
725 1585 751 1607 et
777 1578 799 1607 si
824 1578 879 1606 im-

142 1615 255 1655 pleverit
274 1616 337 1654 quis
353 1627 457 1645 omnem
468 1617 601 1656 justitiam
622 1617 704 1655 legis,
724 1617 793 1647 vivit
812 1617 877 1656 qui-

141 1654 202 1684 dem
224 1655 252 1684 in
276 1666 321 1690 ea,
349 1666 402 1684 non
427 1662 514 1685 tamen
536 1656 699 1696 justificatus
720 1663 769 1685 est.
801 1657 878 1687 Unde

141 1693 300 1724 adolescenti
317 1695 449 1724 Dominus
462 1695 501 1724 sic
519 1695 666 1736 respondit,
679 1695 770 1725 dicens
784 1708 791 1725 =
807 1698 879 1726 Hoec

131 1735 202 1774 sac,
218 1741 244 1763 et
258 1736 352 1763 vives.
367 1735 427 1764 Non
440 1734 522 1771 dixit,
536 1736 570 1764 Et
583 1736 668 1764 'ustus
679 1735 741 1770 eris,
753 1736 878 1774 quoniam

12 2045 55 2068 111'1.
67 2046 91 2069 3.
106 2045 130 2069 6.

15 2094 79 2116 ala.
95 2095 131 2117 15.

140 1773 186 1802 lex
207 1773 394 1803 abstinentiam
410 1773 519 1804 mandat
531 1785 573 1803 ma
586 1785 675 1810 orum,
690 1781 795 1820 utputa,
810 1776 879 1804 Non

141 1814 264 1849 occides,
277 1820 303 1842 et
313 1820 414 1843 caetera.
425 1814 484 1843 Non
491 1814 601 1853 justitiae
610 1824 677 1854 opus
691 1815 725 1854 inJ
730 1814 816 1854 ungit,
827 1814 878 1844 sic-

141 1859 172 1881 ut
194 1853 288 1893 gratia,
303 1859 334 1882 ut
347 1863 397 1882 non
411 1853 532 1882 irascaris
545 1853 601 1882 sine
612 1864 700 1888 causa,
714 1864 761 1883 nec
782 1864 880 1883 concu-

141 1892 238 1932 piscas.
261 1892 316 1929 Qui
334 1899 424 1928 autem
442 1893 555 1922 abstinet
574 1903 601 1922 se
612 1904 627 1921 a
642 1894 737 1929 malis,
754 1893 880 1923 innocens

141 1931 251 1970 quidem
263 1938 302 1960 est
318 1943 325 1960 ε
337 1933 426 1971 justus
441 1939 528 1961 autem
542 1943 595 1961 non
609 1939 658 1968 est,
671 1933 722 1962 nisi
735 1939 762 1962 et
768 1933 880 1973 justitiae

142 1982 158 2000 0
179 1982 210 2000 115
219 1971 380 2011 impleverit.
393 1973 453 2001 Non
464 1972 573 2010 quidem
582 1972 720 2009 morietur,
732 1979 819 2002 tamen
833 1982 881 2002 nec

141 1982 253 2049 glbriam
280 2011 398 2040 habebit.
424 2012 565 2051 Propterea
591 2011 696 2041 dicebat
727 2012 877 2052 apostolus,

141 2050 188 2088 qui
204 2057 260 2079 erat
279 2050 352 2079 filins
364 2051 488 2086 Abrahae,
502 2051 548 2089 qui
562 2058 732 2080 conversatus
753 2052 839 2080 fuerat
852 2052 878 2080 in

142 2089 200 2129 lege
211 2089 268 2119 sine
288 2090 490 2130 reprehensione
505 2102 512 2119 z
527 2091 599 2126 Nos,
614 2091 712 2129 inquit,
726 2091 836 2124 Judoei.
852 2098 880 2120 et

143 2139 200 2158 non
223 2130 260 2158 de
278 2130 409 2168 gentibus
430 2136 606 2169 peccatores,
621 2132 742 2159 scientes
763 2133 833 2169 quia
847 2132 878 2159 in

142 2168 205 2207 lege
218 2178 302 2197 nemo
311 2169 500 2208 justificatur,
516 2170 660 2199 credimus
680 2171 779 2200 Jesum
794 2169 879 2199 Chri-

141 2213 229 2247 stum,
238 2214 268 2236 ut
281 2218 317 2235 ex
326 2208 385 2244 fide
400 2209 508 2238 Christi
514 2210 718 2248 justificemur.
727 2209 818 2238 Omnis
833 2220 880 2238 au-

141 2246 254 2284 tem‚qui
268 2247 404 2276 contendit
409 2248 541 2287 justitiam
552 2249 676 2283 facere,et
686 2258 738 2278 11011
748 2247 880 2287 justifica-

143 2291 197 2321 tur,
213 2286 316 2314 laborat
330 2286 357 2314 in
369 2296 464 2326 opere,
478 2287 542 2324 quia
555 2288 643 2316 fructu
656 2287 756 2317 laboris
771 2287 814 2316 sui
828 2297 881 2316 non

141 2325 241 2354 fruitur
253 2337 259 2353 :
273 2325 320 2363 qui
331 2332 418 2354 autem
429 2332 455 2354 et
465 2325 602 2354 contendit
611 2333 637 2356 et
645 2326 819 2366 justificatur,
828 2337 880 2356 non

141 2364 255 2400 laborat,
270 2363 316 2393 sed
336 2364 483 2394 delectatur
497 2364 525 2393 in
538 2375 617 2404 opere
638 2375 702 2401 suo,
717 2366 780 2404 quia
794 2365 882 2405 operis

142 2405 183 2432 sui
197 2404 296 2433 fruitur
309 2404 406 2433 fructu.
423 2403 526 2433 Deinde
540 2404 600 2442 quis
613 2405 707 2440 nescit,
721 2404 783 2443 quia
794 2405 882 2435 minor

142 2449 181 2471 est
191 2443 294 2482 justitia
308 2443 333 2472 le
353 2443 385 2478 is,
399 2454 478 2482 quam
493 2443 603 2482 gratiae?
616 2444 730 2483 Utputa‚
745 2454 798 2473 non
813 2444 882 2474 occi-

143 2481 202 2517 des,
215 2492 267 2511 non
281 2482 335 2511 adu
348 2483 446 2512 terabis
462 2495 468 2510 :
486 2482 536 2512 hoc
552 2482 658 2512 facilius
671 2490 720 2519 est,
734 2493 815 2522 quam
828 2494 880 2513 non

142 2520 233 2556 irasci,
249 2528 295 2550 aut
309 2532 360 2550 non
374 2522 571 2561 concupiscere.
586 2522 627 2551 Ab
642 2522 692 2551 hoc
712 2523 784 2552 enim
802 2523 881 2552 multi

143 2563 171 2588 se
188 2560 331 2597 abstinent,
345 2561 423 2590 etiam
437 2561 484 2600 qui
504 2572 555 2591 non
570 2561 663 2590 timent
675 2562 772 2593 Deum.
787 2562 829 2592 Ab
842 2562 881 2592 ira

143 2605 231 2628 autem
243 2598 299 2629 *vel
321 2601 534 2640 concupiscentia
558 2601 606 2631 vix
630 2600 708 2631 etiam
729 2601 882 2642 spirituales

897 2059 914 2081 D

930 314 995 352 quia
1005 325 1085 354 opera
1097 314 1204 353 quaerit',
1217 325 1270 343 non
1280 315 1455 344 voluntatem.
1466 316 1484 345 J
1486 311 1575 345 ustitia
1585 323 1674 345 autem

931 354 1022 392 gratiae
1035 354 1098 382 licet
1119 355 1204 393 major
1229 354 1277 391 sit,
1292 360 1379 384 tamen
1393 354 1498 384 facilior
1518 354 1672 392 invenitur,

931 393 995 431 quia
1019 393 1196 429 voluntatem,
1209 403 1262 422 non
1289 404 1368 433 opera
1395 394 1500 433 quaerit.
1517 395 1639 434 Utputa,
1652 395 1674 424 si

931 433 992 471 quis
1015 443 1067 461 non
1082 433 1177 470 iratus,
1190 432 1237 462 sed
1250 440 1359 472 propter
1372 433 1543 473 disciplinam
1557 434 1674 474 palmam

932 472 1013 501 alicui
1027 471 1139 507 dederit,
1151 479 1177 501 et
1188 479 1284 501 eventu
1296 472 1433 510 occiderit,
1442 473 1510 502 sicut
1524 473 1582 503 fieri
1595 473 1672 510 solet,

932 519 1062 550 quantum
1075 511 1111 540 ad
1129 511 1241 552 gratiam
1255 511 1378 542 innocens
1391 519 1447 547 est,
1461 513 1525 551 quia
1548 513 1673 543 volunta-

932 557 986 580 tem
996 574 1004 587 ,
1021 561 1075 580 non
1095 561 1166 591 opus*
1183 551 1296 590 requirit
1316 563 1323 579 e
1338 559 1467 590 quantum
1481 559 1570 581 autem
1583 553 1618 582 ad
1632 552 1672 582 10-

933 601 993 630 gem
1006 601 1067 620 reus
1078 597 1128 626 est,
1142 591 1206 636 quia
1217 601 1233 618 o
1254 601 1298 619 era
1311 592 1416 629 quaerit.
1430 592 1498 620 Item
1509 593 1532 621 si
1545 592 1573 621 in
1588 603 1674 632 perse·

932 630 1061 668 quutione
1074 636 1214 670 prostituta
1240 630 1308 659 uerit
1320 630 1409 669 virgo,
1421 631 1448 660 in
1462 631 1520 670 lege
1534 632 1609 670 quasi
1620 642 1675 661 non

931 669 1010 709 virgo
1020 671 1077 710 jam
1089 669 1242 709 repellitur,
1261 670 1324 708 quia
1338 680 1406 710 opus
1429 670 1534 710 aspicit,
1549 681 1601 700 non
1625 681 1672 700 vo-

933 709 1062 743 luntatem
1079 722 1086 738 :
1103 709 1131 738 in
1144 709 1226 748 gratia
1238 716 1326 738 autem
1338 710 1414 748 quasi
1426 710 1503 749 virgo
1517 710 1676 750 suscipitur,

932 749 996 787 quia
1018 759 1071 778 non
1098 759 1178 788 opera
1204 748 1311 788 quaerit,
1326 749 1374 778 sed
1396 749 1573 779 voluntatem.
1591 749 1675 780 Vides

933 789 997 827 quia
1012 789 1108 828 injusta
1120 794 1160 817 est
1173 788 1218 817 lex
1231 796 1257 818 et
1270 789 1402 818 onerosa?
1417 787 1480 818 Ideo
1493 788 1615 819 homines
1628 789 1676 818 de-

933 828 984 857 sub
1011 828 1128 868 pondere
1159 828 1177 858 J
1180 827 1279 858 uda'icae
1305 828 1371 867 legis
1401 828 1524 858 hortatur
1552 828 1676 859 Christus

933 867 1017 905 exire,
1028 867 1102 897 etad
1124 866 1310 897 delectabilem
1333 868 1445 907 gratiam
1467 868 1619 907 pervenire,
1632 868 1675 897 di-

933 917 994 936 cens
1010 920 1017 936 :
1031 908 1136 936 Venite
1148 907 1190 936 ad
1209 917 1254 936 me
1268 918 1383 944 omnes,
1405 909 1456 947 qui
1469 908 1627 945 laboratis,
1647 914 1676 936 et

933 949 1047 975 onerati
1070 948 1149 982 estis,
1163 953 1192 975 et
1218 958 1269 986 ego
1289 948 1422 984 rtficiam
1436 957 1501 982 vos,
1517 947 1546 975 id
1570 954 1619 982 est,
1633 957 1676 975 re-

933 986 1063 1025 pausabo.
1078 987 1115 1016 Et
1125 985 1187 1015 vide
1200 986 1334 1024 quomodo
1349 986 1425 1022 dicit,
1437 986 1508 1023 Quia
1522 986 1649 1015 laboratis
1663 987 1676 1015 ἕ)

934 1026 1004 1063 Quis
1017 1033 1055 1055 est
1072 1026 1119 1064 11111
1134 1025 1260 1055 laborat?
1278 1025 1332 1062 Qui
1346 1026 1451 1055 festinat
1468 1025 1616 1065 adimplere
1626 1026 1675 1066 ju-

934 1065 1044 1100 stitiam,
1059 1071 1085 1095 et
1110 1075 1162 1094 non
1206 1065 1323 1095 raevalet.
1344 1065 1399 1102 Qui
1423 1072 1512 1094 autem
1537 1075 1590 1094 non
1616 1065 1677 1095 vult

933 1104 1168 1144 sacen-ejustitiam,
1176 1075 1224 1133 ille
1230 1115 1282 1133 non
1294 1105 1398 1134 laborat
1409 1105 1459 1134 sub
1470 1103 1587 1145 pondere
1597 1104 1674 1144 legis.

933 1145 1048 1184 Utputa,
1055 1144 1077 1174 si
1090 1151 1149 1173 ante
1159 1150 1184 1173 te
1191 1143 1292 1174 videris
1301 1144 1418 1183 aliquem
1427 1144 1553 1184 ponderis
1562 1145 1659 1173 fascem
1669 1156 1675 1172 :

934 1183 1067 1222 siquidem
1081 1183 1240 1213 contendisti
1255 1195 1316 1213 eum
1329 1183 1422 1213 tollere
1433 1195 1514 1224 super
1528 1190 1553 1213 tc
1562 1206 1570 1220 ,
1585 1190 1611 1212 et
1623 1194 1676 1212 non

933 1230 1018 1263 potes,
1043 1223 1148 1252 laboras
1170 1235 1178 1252 ε
1205 1223 1228 1252 51
1253 1230 1342 1253 autem
1367 1234 1415 1253 nec
1441 1230 1542 1259 tentas,
1568 1222 1676 1252 nullum

933 1263 1013 1292 sentis
1024 1262 1143 1292 laborem
1153 1263 1188 1292 de
1199 1263 1326 1303 pondere.
1339 1264 1411 1302 Ergo
1421 1273 1473 1292 non
1488 1263 1550 1292 illos
1565 1263 1676 1292 vocabat

933 1302 1057 1331 Christus
1076 1302 1110 1332 ad
1124 1313 1163 1338 se,
1176 1302 1223 1341 qui
1247 1302 1356 1332 omnino
1378 1313 1429 1332 non
1453 1301 1676 1342 concupiscebant

932 1341 1018 1371 facere
1045 1342 1177 1381 justitiam
1186 1364 1193 1378 ‚
1221 1341 1268 1371 sed
1298 1342 1346 1381 11111
1368 1341 1526 1372 festinabant
1535 1364 1542 1378 ,
1570 1344 1595 1371 et
1628 1342 1676 1380 qui

931 1381 1106 1417 laborabant,
1121 1388 1147 1410 ot
1171 1382 1316 1421 praevalere
1339 1392 1392 1410 non
1417 1388 1548 1421 poterant.
1577 1380 1675 1411 Adhuc

932 1420 1010 1450 etiarn
1027 1421 1193 1450 sermonibus
1206 1421 1265 1450 istis
1282 1421 1361 1450 etiam
1375 1421 1541 1451 Christianos
1554 1427 1674 1460 peccato-

931 1471 992 1489 rum
1006 1460 1123 1500 pondere
1140 1467 1319 1500 praegravatos
1331 1460 1366 1489 ad
1380 1461 1499 1499 requiem
1514 1461 1675 1500 poenitentiae

930 1506 1017 1528 vocat.
1034 1501 1115 1529 Putas
1138 1499 1211 1538 quod
1234 1507 1384 1539 peccatores
1405 1500 1484 1528 istius
1505 1499 1599 1528 mundi
1622 1509 1674 1528 non

931 1538 1076 1567 laborant?
1087 1540 1159 1568 Vere
1171 1538 1242 1567 enim
1255 1540 1369 1583 majores
1383 1539 1487 1567 labores
1503 1545 1528 1567 et
1539 1538 1676 1568 sollicitu-
1685 1553 1743 1570 exn

931 1577 1007 1606 dines
1025 1577 1135 1613 habent,
1150 1588 1229 1616 quam
1244 1588 1314 1607 servi
1328 1577 1389 1613 Dei,
1405 1577 1508 1607 dicente
1521 1577 1650 1617 propheta
1666 1591 1672 1607 :

933 1617 1074 1646 Contritio
1096 1623 1125 1646 et
1149 1617 1311 1658 infelicitas
1323 1619 1353 1645 in
1365 1618 1420 1646 viis
1432 1627 1541 1654 eorum,
1555 1623 1583 1645 et
1592 1618 1674 1646 viam
1684 1630 1750 1651 Psal.
1762 1630 1823 1653 ,3,3,

928 1658 1010 1695 puel-5
1024 1666 1083 1685 non
1098 1663 1303 1701 Cogqovssrunl.
1318 1657 1384 1685 Item
1398 1667 1433 1685 CX
1449 1667 1559 1695 persons!
1581 1667 1672 1696 pecca-

930 1702 1018 1725 torum
1030 1697 1211 1735 poenitentiam
1222 1695 1355 1735 agentium
1363 1695 1430 1725 dicit
1439 1696 1564 1725 Salomon
1576 1708 1582 1724 ε
1594 1697 1673 1735 Ergo
1682 1709 1740 1737 Sap.
1753 1707 1777 1731 5,
1789 1706 1814 1731 6,

931 1737 1092 1764 erravimus
1105 1745 1124 1763 a
1145 1737 1198 1763 via
1216 1737 1361 1772 veritatis,
1382 1742 1411 1764 et
1433 1735 1531 1764 lumen
1551 1736 1673 1775 justitioe
1683 1745 1737 1768 -9·

932 1785 991 1803 non
1016 1774 1093 1803 luxit
1115 1776 1208 1810 nobis,
1224 1781 1250 1803 et
1264 1775 1309 1803 sol
1322 1785 1381 1803 non
1404 1781 1484 1804 ortus
1504 1781 1546 1804 est
1567 1776 1650 1804 nobis
1662 1787 1672 1804 .-

932 1813 1038 1843 lassati
1049 1824 1149 1843 sumus
1161 1815 1193 1842 in
1208 1815 1371 1853 iniquitatis
1384 1815 1437 1843 via
1451 1821 1478 1843 et
1490 1814 1672 1853 perditionis,

932 1854 1144 1883 ambulavimus
1164 1854 1337 1883 solitudines
1360 1854 1487 1883 desertas
1497 1876 1505 1889 ,
1529 1853 1674 1893 difficiles

932 1899 1030 1922 autem
1042 1895 1109 1922 vias
1131 1893 1252 1922 Domini
1272 1895 1475 1933 ignoravimus.
1492 1894 1570 1931 Quid
1593 1895 1674 1923 nobis

930 1933 1042 1972 profuit
1062 1934 1196 1972 superbia
1216 1939 1326 1965 nostra,
1343 1939 1394 1962 aut
1413 1934 1486 1971 quid
1505 1933 1674 1962 divitiarum

924 1973 1049 2011 -jaclatio
1060 1972 1184 2001 contulit
1193 1974 1274 2002 nobis
1283 1975 1296 2000 P
1310 1973 1496 2001 Transierunt
1511 1972 1608 2001 omnia
1620 1973 1675 2001 illa

934 2018 1084 2051 tamquam
1097 2013 1210 2040 umbra.
1225 2012 1298 2052 Ergo
1308 2011 1428 2041 laborant
1438 2012 1564 2048 multum,
1576 2018 1600 2040 et
1611 2022 1675 2040 con-

932 2057 1055 2080 teruntur
1076 2051 1103 2080 in
1124 2051 1230 2087 51001110,
1252 2051 1305 2081 sed'
1319 2051 1439 2080 laborem
1462 2061 1515 2081 non
1540 2051 1655 2080 sentiunt
1668 2062 1674 2079 :

932 2090 1044 2129 spiritus
1056 2089 1127 2119 enim
1138 2090 1185 2128 qui
1194 2090 1296 2120 seducit
1305 2101 1359 2126 eos,
1371 2091 1428 2130 ipse
1436 2089 1549 2120 delectat
1558 2090 1584 2119 in
1596 2090 1677 2120 malo.

933 2130 1008 2159 Sicut
1019 2130 1088 2158 enim
1100 2129 1146 2168 qui
1157 2130 1306 2170 suscipiunt
1314 2130 1412 2169 jugum
1423 2130 1539 2166 Christi,
1552 2129 1677 2159 Christus

933 2179 978 2198 eos
991 2169 1104 2198 delectat
1119 2168 1144 2197 in
1159 2169 1267 2214 spiritu,
1281 2180 1314 2198 ne
1328 2170 1472 2208 fatigentur
1486 2169 1512 2198 in
1524 2169 1603 2198 bonis
1616 2179 1677 2213 ope-

935 2208 1009 2237 ribus
1023 2221 1029 2237 :
1044 2208 1082 2238 sic
1095 2215 1121 2237 et
1134 2218 1181 2247 qui
1191 2208 1289 2248 jugum
1307 2209 1457 2249 suscipiunt
1475 2207 1596 2244 diaboli,
1616 2207 1677 2236 dia-

933 2247 1013 2276 bolus
1027 2257 1071 2277 eos
1089 2247 1201 2277 delectat
1212 2255 1237 2277 et
1251 2248 1362 2288 decipit,
1378 2259 1411 2277 ne
1429 2247 1567 2277 discedant
1578 2258 1592 2275 a
1604 2246 1675 2274 malo

935 2286 1012 2326 impii
1024 2297 1109 2326 usque
1118 2287 1151 2316 ad
1162 2293 1274 2317 mortem
1286 2287 1444 2317 suam.1deo
1453 2286 1519 2316 dicit
1530 2285 1654 2315 Christus
1669 2296 1674 2312 :

935 2327 984 2356 50.
997 2327 1107 2366 Jugum
1119 2328 1196 2355 enim
1207 2337 1302 2356 meum
1311 2337 1401 2356 suave
1412 2331 1453 2355 est
1463 2332 1490 2354 et
1500 2334 1572 2354 onus
1584 2333 1678 2352 meum

936 2365 1018 2396 leve..
1032 2367 1100 2396 Nam
1113 2366 1161 2395 etsi
1177 2376 1288 2406 corpore
1298 2376 1350 2394 non
1362 2371 1504 2404 gravantur
1517 2369 1677 2402 peccatores,

935 2414 984 2434 nec
1004 2405 1136 2441 laborant,
1152 2405 1246 2434 animm
1261 2411 1348 2433 tamen
1367 2414 1458 2432 eorum
1482 2408 1595 2440 gravatae
1617 2407 1680 2430 sunt

935 2451 961 2473 et
972 2444 1104 2480 laborant,
1115 2444 1219 2474 <licente
1228 2443 1357 2483 propheta
1365 2442 1398 2471 de
1407 2452 1485 2470 onere
1496 2446 1662 2479 pcccatorum
1672 2451 1679 2468 t

939 2485 1085 2523 Quoniam
1098 2485 1269 2522 iniquitates
1284 2492 1353 2510 meoe
1375 2485 1616 2519 superposuerunt
1629 2489 1677 2508 ca·
1691 2490 1829 2520 p„1‚37‚5,

935 2530 987 2562 put
996 2533 1102 2557 meum,
1112 2524 1188 2551 sicut
1199 2531 1270 2550 onus
1282 2529 1369 2559 gmve
1380 2525 1509 2558 gravata?
1519 2525 1586 2547 sunt
1597 2529 1682 2557 super

938 2573 992 2591 me.
1006 2563 1042 2591 Et
1052 2559 1298 2591 >iterumzacharias
1312 2558 1479 2596 iniquitatem
1496 2568 1576 2596 super
1590 2557 1678 2586 talen·
1691 2565 1762 2587 zach.
1773 2565 1796 2588 5.
1809 2573 1832 2596 7.

938 2609 995 2631 tum
1008 2600 1112 2640 plumbi
1126 2599 1217 2629 sedere
1228 2597 1381 2628 conscribit.
1394 2597 1443 2627 29.
1464 2597 1569 2626 Tollite
1576 2598 1681 2637 jugum
