1904 2840
0 376 75 398 mado
79 392 84 397 .

634 187 668 210 m

695 185 912 210 MATTHAEUM.
940 185 1060 210 nomn.
1090 193 1114 211 ι.

1586 182 1650 230 751

112 251 272 283 debellare.
285 250 328 280 Et
338 250 550 279 avinnntiatum
561 255 603 279 est
611 249 644 277 in
656 248 741 277 domo
754 248 856 287 David
873 249 894 274 Δ
913 247 1042 277 sationem
1065 248 1151 288 patris
1175 249 1218 278 sui
1239 256 1356 280 sanctam
1366 273 1374 289 ,
1398 253 1656 285 etomniabeneficia

112 303 133 323 a
147 291 310 322 dicentibus
322 301 335 319 .-
348 288 502 320 Gonsensit
514 288 606 326 Syria
618 297 686 318 eum
698 288 854 327 Ephraim,

112 338 142 362 et
160 332 279 370 expavit
291 331 393 359 anima
410 329 484 369 ejus,
502 334 532 357 et
551 330 651 358 anima
668 327 762 367 plebis
779 328 853 367 ejus,

112 373 188 401 sicut
199 373 232 400 in
243 370 334 408 sylva
342 369 365 408 †
374 369 473 404 arbor,
486 378 552 397 cum
563 378 584 397 a
591 374 682 397 vento
696 377 856 396 commove-

112 418 170 440 tur.
181 411 223 440 Et
234 410 310 439 dixit
319 409 467 438 Dominus
479 408 520 437 ad
527 409 652 438 Esaiam
665 419 673 436 .·
685 407 747 438 Exi
764 409 796 436 in
803 406 856 435 ob-

114 452 193 481 viam
208 446 327 485 Achaz,
343 455 386 485 tu,
401 454 429 476 et
449 450 500 487 qui
515 447 634 477 relictus
646 453 690 477 est
702 447 796 476 Jasub
807 446 855 515 f-

114 490 171 519 lius
192 496 274 525 tuus,
294 489 336 518 ad
355 491 497 528 piscinam
515 488 671 525 superioris
688 487 749 516 vioe
772 487 805 515 vi
820 485 857 515 loe

103 529 252 569 sullom'55
266 534 294 557 et
307 529 387 557 dices
400 528 428 557 ei
439 539 448 555 ε
463 528 493 557 V
490 527 578 564 ide-‘ut
591 529 734 567 quiescas,
751 532 780 554 et
794 524 857 554 noli

113 570 227 604 timere,
241 578 335 608 neque
347 570 451 597 anima
464 573 516 596 tua
530 565 702 604 languescat
712 575 732 595 a
744 565 856 594 duobus

114 609 266 638 titionibus
275 607 497 648 fumigantibus
515 607 590 636 istis.
616 606 690 636 Cum
713 606 790 634 enim
809 606 857 633 ira

108 649 221 688 suroris
235 650 294 677 mei
297 648 390 688 saeta
392 647 503 687 suerit,
519 647 623 675 iterum
635 646 745 674 sanabo
760 655 768 673 ε
784 654 856 684 quo-

114 689 196 716 niam
197 687 284 726 filius
298 687 395 716 Aram
408 691 438 716 et
449 686 531 724 filius
543 684 683 715 Romelioe
689 707 700 721 ‚
712 686 763 724 qui
775 685 855 722 cogi-

115 733 251 756 taverunt
273 727 479 766 cogitationem
499 726 652 764 pessimam
660 745 670 760 ,
693 724 821 753 dicentes
845 734 854 751 ε

115 766 322 795 Amr-damus
335 767 368 795 in
386 765 534 800 Judoeam,
548 771 576 793 et
590 763 789 802 colloquentes
801 765 854 800 eis,

114 811 316 835 convertamus
327 815 376 835 eos
385 805 427 834 ad
436 813 497 840 nos,
509 809 538 832 et
546 813 641 844 regem
646 809 807 832 statuemus
814 805 856 832 eis

105 844 210 885 filium
228 845 366 874 Thabeel.
382 845 455 874 Hoec
474 844 546 872 dicit
564 844 689 872 Adonai
710 844 857 873 Dominus

0 928 84 951 tebias.

0 1164 77 1195 11237.

0 1205 7 1214 ·
23 1202 105 1220 totum.

0 1874 104 1903 imaum,

114 883 270 914 Sabaoth..·
283 884 357 914 Non
370 883 499 913 manebit
514 884 651 922 cogitatio
671 883 739 919 ista,
762 891 857 922 neque

115 923 224 963 sic-fiet.
232 924 355 953 Forsitan
360 923 399 953 sie
407 922 570 953 confortatus
579 922 669 952 Achaz
678 932 740 951 cum
749 921 856 961 genuis-

116 969 156 993 set
166 962 265 1000 filium,
279 962 387 993 vocavit
396 972 490 992 nomen
501 962 561 1002 ejus
574 961 713 991 Ezechias.
729 960 858 991 Ezechias

116 1009 204 1032 autem
230 1002 419 1043 interpretatur
447 1001 608 1031 confortavit
620 1000 761 1030 Dominus.
785 1001 858 1031 Vere

115 1042 247 1082 completa
266 1048 306 1071 est
319 1042 348 1071 in
359 1041 475 1072 Erechia
485 1040 642 1070 confortatio
666 1039 792 1077 Domini,
813 1041 857 1069 eui

115 1081 222 1110 animus
241 1081 343 1111 exstitit
360 1087 469 1111 sanctus
487 1090 569 1120 super
586 1089 678 1108 omnes
697 1089 788 1118 reges,
810 1079 858 1118 qui

115 1121 225 1150 fuerunt
241 1127 302 1150 ante
317 1131 390 1150 eum.
405 1121 476 1149 Nam
498 1119 567 1148 inter
587 1125 681 1147 caetern
698 1118 779 1155 bona,
797 1129 857 1157 quae

116 1160 211 1190 merito
238 1159 342 1189 nstitit
349 1159 375 1189 ei
386 1160 472 1195 Deus,
481 1168 544 1188 cum
552 1158 667 1187 misisset
677 1157 713 1186 ad
720 1168 782 1187 eum
793 1159 858 1188 Sen-

116 1199 200 1229 nache
246 1221 254 1236 ,
271 1209 320 1229 rex
337 1202 388 1229 Ass
431 1208 521 1235 orum,
539 1198 687 1237 Rapsacnm
708 1197 858 1237 principem

116 1238 221 1269 militiae
234 1249 300 1276 suae,
319 1245 345 1269 et
365 1208 490 1267 hffilum
510 1236 622 1277 plenum
641 1236 812 1282 improperiis
832 1243 858 1266 et

116 1278 176 1308 blas
195 1278 293 1308 hemiis
310 1285 402 1308 contra
420 1279 526 1314 Deum,
545 1276 615 1305 sieut
633 1282 744 1321 expomt
763 1276 858 1305 Esaias

116 1327 185 1358 prop
205 1324 248 1347 eta
260 1330 268 1346 z
280 1317 409 1348 Ezechias
421 1316 523 1356 accepit
534 1314 659 1345 libellum
672 1314 764 1351 illum,
778 1322 806 1344 et
818 1316 857 1352 in-

116 1367 223 1397 gressus
241 1357 270 1386 in
288 1357 419 1398 templum
432 1355 558 1397 apparuit
576 1361 637 1384 ante
656 1355 805 1384 Dominum
811 1362 858 1392 ,et

116 1395 215 1434 oravit,
227 1403 254 1426 et
263 1396 401 1426 confestim
411 1395 509 1425 missus
519 1401 559 1424 est
569 1393 605 1424 ad
613 1404 675 1423 eum
689 1393 782 1423 Esaias
793 1403 856 1434 pro·

117 1435 208 1476 pheta,
221 1436 382 1465 annuntians
393 1435 419 1465 ei
432 1434 623 1475 protectionem
634 1433 697 1470 Dei,
711 1440 736 1462 et
749 1434 856 1463 consor-

115 1482 174 1504 tans
184 1485 255 1511 eum,
267 1482 293 1505 et
303 1475 370 1505 exiit
380 1474 417 1504 ad
429 1484 521 1515 preces
532 1473 653 1503 Ezechiae
664 1473 775 1512 angelus
789 1484 804 1502 a
815 1474 856 1503 fa-

115 1515 156 1544 cie
166 1514 286 1552 Domini,
297 1521 324 1544 et
333 1514 464 1555 percussit
474 1513 501 1542 in
511 1513 604 1542 castris
615 1513 787 1552 Assyriorum
796 1522 858 1542 cen-

116 1560 175 1583 tum
199 1554 333 1593 octoginta
355 1554 475 1592 quinque
496 1551 582 1581 millia
603 1552 736 1581 virorum.
758 1551 858 1587 Qualia

116 1599 205 1622 autem
225 1593 326 1622 suerint
340 1592 424 1623 verba
439 1591 583 1631 Rapacis,
602 1590 646 1621 vel
664 1589 753 1628 qualis
772 1591 857 1619 oratio

117 1631 250 1669 Ezechiae,
256 1632 300 1662 vel
305 1630 557 1670 qualisconfortatio
566 1629 661 1664 Esaiae,
667 1629 725 1668 lege
731 1629 758 1657 in
766 1629 857 1666 Esaia,

118 1677 144 1700 et
150 1671 241 1711 profer
250 1669 548 1706 causant’oxcitationis
558 1669 585 1698 in
596 1668 858 1709 populo.Ezechias

117 1718 214 1740 autem
226 1711 326 1750 genuit
338 1707 510 1739 Manassen.
523 1710 659 1738 Manasses
673 1714 762 1737 autem
773 1707 856 1737 inter-

116 1756 238 1790 pretatur
247 1750 283 1779 ab
292 1749 454 1789 insurgente,
463 1748 508 1778 vel
518 1758 552 1777 ex
560 1747 696 1777 oblivione
705 1759 711 1775 :
721 1758 801 1786 quam
813 1748 857 1776 in·

116 1789 332 1829 terpretationem
343 1787 512 1818 commendat
523 1794 549 1816 et
561 1787 631 1816 liber
645 1787 795 1822 Geneseos,
809 1786 858 1817 ubi

116 1838 177 1858 cum
191 1835 270 1858 natus
281 1828 375 1858 suisset
385 1827 412 1857 in
422 1828 541 1868 AEgypto
550 1826 623 1856 filius
632 1826 857 1866 Joseph‚v0cavit

116 1878 212 1897 nomen
223 1869 282 1908 ejus
293 1869 439 1904 Manassen,
451 1867 543 1896 dicens
555 1877 562 1894 ε
575 1866 717 1895 Oblivisci
727 1876 773 1895 me
776 1866 858 1907 fecit

115 1908 260 1937 Dominus
266 1907 399 1936 labonaem
407 1916 546 1941 meorum,
554 1911 581 1934 ei
589 1905 721 1934 laborum
728 1907 857 1935 omnium

115 1947 219 1977 domus
230 1948 322 1986 patris
335 1948 402 1976 mei.
418 1946 448 1976 Si
458 1945 494 1975 ab
506 1946 659 1984 insurgente
674 1945 855 1984 intelligatur,

115 1986 161 2016 sic·
229 1996 307 2015 umus
314 1985 403 2016 dicere
413 1985 489 2024 :quia
499 1985 566 2014 forte
581 1984 615 2013 ab
629 1984 782 2024 insurgente
792 1985 856 2014 Sen-

115 2035 164 2055 nac
184 2025 242 2057 erib
254 2032 347 2055 contra
361 2036 423 2055 eum
435 2025 560 2054 liberavit
570 2034 631 2053 eum
640 2024 781 2053 Dominus:
795 2023 855 2053 ideo

115 2065 192 2104 quasi
205 2065 302 2110 gratias
315 2074 396 2104 agens
409 2066 466 2094 Deo
479 2070 569 2103 postea
580 2063 608 2093 in
617 2063 724 2092 nominc
735 2063 785 2092 filii
799 2063 853 2101 sui,

115 2110 226 2134 vooevit
241 2114 303 2133 eum
322 2106 477 2134 Manassen.
492 2103 522 2133 Si
542 2109 631 2132 autem
643 2102 807 2142 intelligutur
820 2113 855 2133 ex

114 2143 262 2178 oblivione,
277 2143 406 2173 rationem
413 2144 467 2172 alio
480 2142 561 2172 modo
607 2142 698 2172 ssibile
707 2149 747 2171 est
759 2142 855 2171 existi-

115 2192 188 2211 mare
201 2194 208 2211 ε
223 2182 351 2220 quoniam
363 2192 416 2212 non
428 2182 540 2212 faciebat
551 2182 572 2210 fi
585 2182 640 2210 ium
651 2189 762 2222 propter
781 2182 855 2220 quod

115 2231 176 2250 cum
199 2221 331 2260 genuisset
354 2221 442 2250 filium
451 2243 460 2258 ,
483 2221 591 2251 vocavit
616 2231 710 2250 nomeu
735 2222 795 2261 ejus
819 2232 854 2251 ex

114 2260 261 2297 oblivione,
296 2260 352 2289 nasi
367 2270 400 2289 ex
414 2259 552 2300 desperato
564 2260 651 2289 filium
676 2260 728 2289 sibi
749 2267 850 2290 natum.

114 2300 177 2329 flac
191 2309 270 2329 secun
294 2310 338 2344 uin
358 2301 527 2338 propositum
540 2299 642 2328 bonum
662 2299 854 2329 aestimabimus

114 2339 217 2379 patris:
238 2339 340 2378 alioqui
359 2337 507 2368 secundum
527 2344 615 2367 actum
635 2338 779 2377 pessimum
793 2340 859 2367 Ma-
883 2341 886 2345 ’

112 2387 202 2407 nasses
221 2378 300 2408 aliter
319 2384 359 2407 est
377 2376 563 2407 aestimandum
578 2388 585 2405 ε
599 2377 724 2415 quoniam
744 2376 854 2416 quidem

114 2424 188 2456 pater
197 2418 257 2457 ejus
277 2418 304 2446 in
320 2418 368 2446 illo
383 2416 510 2457 praedicto
523 2416 659 2456 proposito
672 2416 778 2445 vocavit
792 2427 854 2446 eum

112 2457 264 2486 Manassen.
277 2456 448 2487 Providentia
458 2462 545 2485 autem
557 2455 605 2484 Dei
614 2455 652 2484 sic
665 2466 727 2484 eum
744 2455 854 2495 dispen-

115 2495 185 2524 savit
195 2497 296 2533 vocari,
305 2496 367 2534 quia
380 2496 514 2525 obliturus
526 2495 612 2524 suci-at
624 2504 732 2525 omnem
743 2505 853 2526 conver-

145 2573 158 2586 *
176 2571 305 2606 [Rectum
325 2573 433 2606 videtur,
448 2573 505 2599 licet
525 2572 648 2599 Commel.
660 2578 685 2598 et
697 2572 782 2600 Morel.
796 2583 866 2600 escer-

112 2611 261 2644 citationisq

910 287 962 316 Dei
969 297 1019 327 pro
1024 287 1120 317 merito
1127 289 1186 328 ejus
1192 289 1288 318 collata
1297 289 1324 318 in
1329 290 1420 330 ipsum
1426 299 1451 322 et
1457 293 1611 324 stimulatus
1621 295 1656 324 ab

912 326 1190 366 insurgentediabolo,
1197 328 1244 367 qui
1258 329 1324 358 solet
1330 330 1468 371 insurgere
1480 342 1561 373 super
1572 343 1656 373 genus

911 366 1060 395 humanum
1082 366 1117 396 ad
1136 367 1307 397 evertendum
1319 391 1326 406 ,
1350 378 1474 409 gesturus
1493 373 1582 402 omnia
1594 383 1654 412 quae

912 406 999 435 Deum
1013 405 1047 435 ad
1060 405 1227 436 iracundiam
1249 417 1432 448 provocarent.
1456 412 1578 451 Denique
1591 423 1654 442 cum
1663 429 1706 445 xx·

910 452 1063 513 :frotasset
1069 446 1197 476 Ezechias
1207 447 1235 476 in
1244 454 1362 487 tempore
1370 450 1497 487 quodam,
1505 458 1531 481 et
1539 452 1654 482 venisset

955 495 1018 514 eum
1032 485 1127 515 Esaias
1136 487 1268 526 propheta
1284 487 1571 524 visitandum‚vocavit
1583 492 1652 521 Eze-

910 524 985 553 chias
993 525 1082 554 filium
1094 536 1175 555 suum
1184 527 1337 563 Manassen,
1348 534 1373 556 et
1386 528 1466 568 coepit
1478 530 1502 559 ei
1515 530 1653 568 mandare,

910 563 984 603 quod
990 564 1087 594 debeat
1093 566 1180 594 Deum
1187 566 1289 602 timere,
1294 568 1429 605 quomodo
1436 579 1527 608 regere
1533 580 1653 609 regnum,

910 609 937 632 et
946 603 998 632 alia
1012 604 1108 633 multa.
1119 605 1156 634 Et
1165 604 1237 634 dixit
1250 606 1284 635 ad
1297 616 1360 635 eum
1370 607 1462 637 Esaias
1478 621 1486 637 z
1504 610 1576 639 Vere
1589 610 1653 648 quia

1695 618 1731 641 Ex
1746 627 1805 649 apo-

910 651 963 672 non
977 643 1142 673 descendunt
1153 645 1236 674 verba
1256 649 1305 674 tua*
1314 645 1341 674 in
1354 656 1400 675 cor
1413 647 1481 686 ejus,
1496 648 1544 677 sed
1557 656 1582 678 et
1595 659 1652 679 me·
1663 651 1746 682 cryplw
1776 651 1806 672 li-

910 692 1000 722 1psum
1023 693 1039 711 o

910 721 1022 751 nudIens
1032 694 1170 759 gozechias,
1184 724 1291 753 volebat
1302 724 1391 754 filium
1403 736 1483 755 suum
1494 726 1653 762 Interficere‚

909 761 1002 791 dicens
1015 773 1022 790 :
1039 763 1111 800 Quia
1123 762 1222 792 melius
1231 770 1272 793 est
1284 774 1328 793 me
1340 764 1398 794 sine
1408 765 1467 794 filio
1479 766 1560 803 mori,
1573 777 1655 805 quam

911 801 991 831 talem
1005 802 1094 831 filium
1109 802 1278 841 relinquere,
1291 803 1340 842 qui
1359 811 1386 833 et
1405 805 1496 834 Deum
1516 813 1655 846 exasperet

911 847 937 870 et
951 849 1054 871 sanctos
1064 841 1123 881 ejus
1134 844 1425 881 persequatur.Tenuit
1434 851 1523 873 autem
1533 855 1595 874 eum
1605 845 1655 876 vix

911 880 1005 910 Esaias
1027 881 1156 921 propheta
1165 903 1172 917 ‚
1192 881 1285 911 dicens
1309 895 1315 911 :
1340 883 1453 913 Irritum
1478 884 1559 913 faciat
1581 886 1655 914 Deus

910 920 1055 949 consilium
1066 927 1146 950 tuum
1159 921 1210 950 hoc
1218 933 1227 959 ς
1242 921 1337 952 videns
1351 923 1473 952 Ezechiae
1483 923 1653 963 religionem,

911 959 974 998 quia
988 960 1051 1000 plus
1062 960 1168 989 amabat
1181 961 1281 997 Deum,
1296 972 1376 1000 quam
1390 962 1478 991 filium
1489 973 1579 992 suum.
1596 964 1654 993 Ta-

911 1009 972 1027 men
985 1010 1048 1029 cum
1060 999 1144 1029 multa
1159 1000 1281 1039 gessisset
1292 1001 1375 1041 impie
1389 1001 1433 1030 hic
1446 1003 1594 1039 Manassen,
1608 1003 1655 1033 ad—

1075 690 1127 713 rtet
1149 694 1199 723 per
1221 694 1331 713 manum
1354 686 1413 725 ejus
1434 687 1558 716 interfici.
1572 688 1654 725 Quod
1663 683 1713 705 ¹³¹⁰·

910 1037 990 1067 duxit
1013 1049 1095 1078 super
1115 1049 1177 1068 enm
1202 1040 1277 1068 Deus
1298 1041 1433 1080 principes
1455 1041 1564 1072 virtutis
1584 1043 1654 1088 regis
1663 1049 1804 1081 4.Reg.2i.

911 1078 1008 1114 Assur,
1022 1085 1050 1107 et
1060 1078 1319 1118 comprehenderunt
1330 1081 1472 1110 Manassen
1484 1081 1514 1110 in
1525 1082 1652 1119 vinculis,
1664 1086 1687 1103 02
1705 1088 1728 1103 2·
1741 1082 1802 1104 ΡΜ·

911 1123 937 1145 et
949 1116 1100 1162 ligaverunt
1114 1128 1176 1146 eum
1189 1118 1216 1147 in
1230 1118 1415 1159 compedibus,
1429 1127 1455 1149 et
1467 1120 1654 1160 perduxerunt
1664 1112 1704 1135 ³²·
1718 1117 1740 1135 ²¹
1756 1121 1802 1141 ἠ’

910 1165 974 1200 eum
987 1166 1014 1185 m
1036 1157 1226 1197 Babyloniam,
1237 1165 1264 1187 et
1276 1165 1332 1188 erat
1351 1158 1450 1204 ligatus
1469 1167 1496 1190 et
1518 1168 1654 1192 catenatus

911 1205 940 1224 1n
953 1195 1038 1226 domo
1058 1196 1181 1232 carceris,
1197 1204 1223 1226 et
1235 1197 1351 1227 dabatur
1362 1209 1386 1227 ei
1400 1199 1476 1239 panis
1489 1200 1653 1230 hordeaceus

910 1233 946 1263 ad
960 1245 1110 1265 mensuram
1123 1235 1257 1273 modicus,
1270 1243 1296 1266 et
1307 1248 1376 1276 aqua
1389 1249 1451 1268 cum
1461 1246 1535 1269 aceto
1548 1240 1654 1269 modica

910 1274 946 1303 ad
960 1285 1123 1311 mensuram,
1139 1282 1169 1305 ut
1182 1275 1284 1306 viveret
1299 1284 1415 1314 tantum,
1430 1285 1456 1307 et
1469 1286 1524 1309 erat
1537 1279 1654 1309 constri—

910 1320 970 1343 ctus
980 1314 1008 1343 in
1021 1313 1162 1344 doloribus
1181 1315 1273 1345 valde.
1289 1317 1324 1346 Et
1337 1316 1397 1346 ideo
1408 1328 1470 1347 cum
1484 1319 1655 1348 vehementer

910 1353 1092 1399 affligeretur,
1107 1354 1230 1392 quaesivit
1251 1356 1343 1385 faciem
1366 1357 1475 1386 Domini
1490 1359 1540 1388 Dei
1554 1358 1614 1395 sui,
1628 1366 1654 1388 et

909 1400 998 1422 oravit
1011 1395 1098 1423 neum
1121 1394 1169 1433 qui
1194 1395 1320 1425 omnibus
1343 1395 1446 1433 adstat,
1461 1404 1488 1426 et
1512 1398 1654 1428 exaudivit

873 1437 893 1462 c
910 1433 1044 1462 Dominus
1062 1444 1154 1463 vocem
1166 1434 1241 1473 ejus,
1256 1441 1282 1463 et
1296 1434 1419 1464 misertus
1432 1443 1471 1465 est
1484 1436 1519 1466 ei.
1537 1438 1573 1467 Et
1585 1438 1654 1467 facta

910 1479 950 1501 est
972 1472 1042 1501 circa
1064 1483 1126 1502 eum
1148 1473 1255 1502 flamma
1278 1474 1348 1512 ignis
1357 1497 1365 1511 ,
1379 1482 1406 1504 et
1430 1475 1570 1514 liquefacta
1592 1484 1655 1506 sunt

910 1511 999 1540 omnia
1008 1511 1115 1541 vincula
1128 1513 1195 1555 ejus.
1206 1512 1398 1552 Liberavitque
1404 1515 1537 1544 Dominus
1544 1518 1654 1545 Manas-

910 1561 956 1580 sen
970 1561 1004 1579 ex
1017 1551 1090 1579 omni
1112 1551 1285 1580 tribulatione
1299 1553 1372 1591 ejus,
1389 1560 1414 1582 et
1428 1564 1550 1583 reversus
1573 1562 1613 1584 est
1626 1556 1654 1584 iu

909 1589 1058 1619 Jerusalem
1069 1590 1097 1619 in
1108 1600 1220 1629 regnum
1231 1600 1321 1626 suum,
1330 1598 1356 1620 et
1369 1593 1494 1631 cognovit
1507 1594 1655 1624 Dominum

910 1630 1064 1664 Manasses,
1078 1628 1169 1658 dicens
1185 1641 1192 1658 :
1207 1629 1269 1668 Ipse
1293 1636 1334 1658 est
1354 1631 1428 1660 solus
1451 1633 1535 1661 Deus.
1548 1634 1585 1670 Et
1595 1644 1655 1663 ser-

910 1668 981 1698 vivit
993 1667 1044 1696 soli
1067 1669 1183 1697 Domino
1208 1669 1265 1698 Deo
1277 1669 1304 1697 in
1329 1676 1383 1699 toto
1407 1670 1488 1700 corde
1510 1682 1570 1710 suo,
1585 1680 1612 1702 et
1625 1673 1653 1703 in

911 1713 965 1736 tota
991 1706 1079 1736 anima
1104 1718 1152 1736 sua
1176 1708 1300 1737 omnibus
1324 1708 1420 1739 diebus
1446 1711 1509 1740 vitae
1535 1716 1590 1741 suae
1599 1735 1606 1749 ,
1628 1720 1654 1743 et

911 1753 1049 1786 reputatus
1066 1753 1105 1776 est
1115 1747 1205 1786 justus
1219 1759 1225 1776 ε
1241 1754 1267 1776 et
1280 1747 1340 1777 ideo
1353 1749 1421 1778 forte
1442 1757 1553 1780 vocatus
1567 1759 1606 1781 est
1619 1753 1654 1782 ab

911 1785 1064 1826 insurgente
1073 1809 1080 1821 ,
1095 1786 1139 1816 vel
1152 1797 1186 1816 ex
1199 1787 1336 1817 oblivione
1345 1811 1352 1825 ,
1368 1789 1431 1826 quia
1453 1789 1579 1820 liberavit
1591 1803 1654 1821 eum

911 1825 1045 1855 Dominus
1055 1826 1090 1854 ab
1101 1825 1263 1866 insurgente,
1276 1833 1346 1856 etex
1357 1827 1494 1858 oblivione
1504 1830 1555 1859 Dei
1568 1830 1654 1861 factus

911 1872 950 1894 est
961 1874 1063 1894 memor
1071 1866 1133 1894 Dei.
1145 1867 1298 1895 Manasses
1307 1873 1404 1896 autem
1414 1870 1513 1907 genuit
1521 1873 1534 1886 ¹
1544 1870 1651 1908 Amos,

911 1905 959 1943 qui
969 1904 1156 1945 interpretatur
1162 1905 1299 1935 fortitudo.
1308 1907 1344 1935 Et
1350 1907 1373 1936 si
1381 1907 1490 1946 quidem
1500 1915 1560 1938 ante
1568 1910 1654 1950 poeni-

906 1946 1021 1976 tentiam
1032 1943 1124 1984 genuit
1136 1945 1229 1982 Amos,
1242 1956 1303 1974 cum
1317 1947 1508 1985 malignaretur
1520 1949 1547 1977 in
1559 1949 1650 1987 idolis,

910 1993 963 2013 non
977 1993 1120 2024 possumus
1132 1983 1262 2014 aestimare
1272 1986 1349 2024 quasi
1363 1986 1501 2026 religionis
1514 1998 1592 2018 causa
1606 1999 1654 2019 vo-

872 2029 893 2053 1>
910 2024 1011 2053 caverit
1017 2033 1079 2052 eum
1086 2022 1280 2061 fortitudinem,
1289 2024 1335 2054 sed
1345 2036 1424 2055 causa
1433 2025 1551 2056 audaciae
1558 2039 1604 2057 cor
1623 2039 1653 2058 o-

910 2063 976 2092 ralis
990 2075 996 2091 :
1011 2063 1080 2092 sicut
1093 2062 1179 2091 solent
1192 2070 1218 2092 et
1230 2063 1350 2093 barbarae
1364 2072 1454 2105 gentes
1469 2066 1576 2096 nomina
1589 2068 1607 2096 fi
1620 2068 1653 2098 iis

910 2102 1047 2142 imponere
1058 2101 1092 2130 ad
1100 2101 1308 2133 devastationem
1317 2104 1486 2144 respicientia
1493 2105 1651 2144 bestiarum,

909 2142 1041 2177 ferarum,
1056 2141 1101 2172 vel
1114 2142 1253 2181 rap-'icium
1265 2143 1408 2173 voluerum
1417 2167 1424 2180 ,
1438 2145 1584 2184 gloriosum
1598 2158 1653 2186 pu—

909 2188 993 2211 tantes
1007 2181 1077 2210 filios
1091 2180 1156 2210 tales
1178 2180 1294 2219 habere,
1307 2182 1343 2211 ad
1363 2183 1466 2212 bellum
1487 2184 1611 2222 idoneos,
1626 2193 1652 2215 et

908 2220 1068 2250 insanientes
1082 2220 1110 2249 in
1124 2222 1290 2260 sangninem.
1306 2223 1335 2252 Si
1349 2230 1437 2252 autem
1452 2230 1512 2263 post
1524 2225 1651 2263 poeniten-

909 2259 972 2289 tiam
986 2260 1078 2299 genuit
1090 2270 1163 2297 eum,
1174 2261 1303 2291 credibile
1313 2269 1352 2290 est
1365 2262 1438 2300 quod
1451 2274 1530 2291 causa
1543 2263 1649 2302 religio-

907 2299 949 2328 nis
962 2299 1096 2330 vocavcrit
1109 2310 1170 2329 eum
1190 2300 1383 2330 fortitudinem.
1401 2301 1497 2330 Adhuc
1517 2303 1584 2330 inter
1606 2312 1649 2330 re-

909 2345 979 2368 tatur
1005 2343 1086 2368 Amos
1113 2346 1138 2368 et
1165 2339 1256 2376 aliter,
1273 2341 1407 2369 onerantis
1417 2362 1424 2376 ,
1446 2341 1488 2369 vel
1516 2313 1648 2379 popullum

907 2378 1101 2419 abrumpentis.
1125 2378 1207 2415 Quod
1228 2379 1249 2408 si
1271 2386 1331 2408 ante
1355 2379 1534 2418 poenitentiam
1556 2379 1649 2417 genuit

907 2417 1006 2455 filium,
1022 2428 1073 2447 non
1087 2417 1270 2447 animadverto
1283 2429 1335 2456 qua
1350 2428 1427 2446 causa
1442 2417 1479 2446 sic
1493 2419 1647 2447 nominave-

908 2458 944 2487 rit
955 2467 1033 2492 cum;
1048 2458 1069 2486 si
1084 2464 1172 2486 autem
1188 2465 1246 2497 post
1260 2457 1438 2496 poenitentiam
1450 2480 1456 2491 ‚
1473 2456 1566 2485 idonea
1580 2457 1648 2486 ratio

908 2503 957 2525 est.
978 2498 1083 2526 Memor
1104 2497 1175 2525 enim
1197 2503 1330 2535 gestorum
1357 2506 1465 2524 suorum
1492 2496 1623 2524 malorum
1638 2519 1645 2533 ,

925 2583 935 2594 ο
953 2575 982 2599 V.
998 2576 1028 2601 D.
1043 2575 1139 2605 Amon,
1153 2580 1177 2598 et
1189 2575 1223 2599 sic
1236 2573 1352 2606 deinceps
1364 2574 1389 2599 in
1401 2573 1494 2599 Codice
1507 2580 1532 2600 et
1543 2575 1569 2600 in
1582 2584 1646 2600 uiar-

889 2614 944 2646 gine
957 2614 1023 2646 prius
1036 2613 1178 2639 Editorum.
