1904 2840
0 667 64 688 roan.
82 665 118 688 15.

0 698 33 720 26.
50 704 87 726 ²7·

0 1425 85 1448 nauh.
97 1426 121 1455 4.

5 2294 26 2311 Ι.
37 2288 91 2311 Cor.
103 2295 126 2312 ι.

652 170 684 193 ΙΝ
711 168 917 193 MATTHAEUM.
945 169 1061 194 llOMIL.
1089 170 1183 195 XXIV.

1611 159 1680 201 843

143 232 187 260 lus
206 231 286 260 etiam
302 230 360 259 sine
376 230 485 260 homine
501 240 557 260 non
578 230 649 261 valet
669 230 774 270 aliquid
792 236 882 259 contra
899 232 917 254 Α
934 236 1010 275 stem.
1023 232 1080 269 Qui
1092 243 1155 271 ergo
1169 232 1300 262 sollicitus
1311 239 1352 278 est
1360 232 1427 272 quid
1439 234 1576 273 loquatur,
1590 233 1618 263 in
1629 244 1678 264 sua

142 277 257 300 sanctos.
276 270 403 299 Tradere:
417 272 496 299 enim
515 281 570 300 vos
588 272 621 299 in
643 271 787 307 conciliis,
802 276 831 298 et
851 271 882 298 in

141 311 301 349 synagogis
313 310 373 339 suis
374 309 580 350 flagellabunt
590 320 654 339 vos.
675 310 760 346 Quasi
773 308 809 339 ad
822 319 882 338 ma-

138 349 226 388 jorem
238 348 346 378 laudem
355 349 406 379 Dei
420 350 447 378 in
458 349 601 389 synagogis
615 349 670 378 suis
683 349 858 393 flagellabunt
872 359 879 375 :

143 388 191 418 ubi
209 389 341 418 orationes
360 396 387 419 et
403 388 508 425 laudes,
523 389 571 418 ubi
585 389 710 419 lectiones
723 389 767 418 vel
779 387 884 418 sacrifi-

142 428 195 464 cia,
209 427 344 467 apostolos
361 428 400 458 ibi
423 428 509 469 poenis
524 429 686 465 afficiebant,
695 427 883 472 quasis-acriti-

142 467 216 497 cium
235 468 292 497 Deo
313 468 466 506 offerente-§5
481 479 511 497 rc
529 475 618 504 autem
639 479 704 498 vera
721 467 882 497 sacrificium

143 513 200 537 erat
207 507 258 537 Dei
265 507 396 537 'cruciatio
409 508 602 548 apostolorum,
616 518 669 537 non
681 507 716 537 ad
726 508 744 538 J
746 507 883 536 udaeorum

143 546 304 581 mercedem,
318 546 408 576 scdad
417 557 494 577 suam
504 557 630 577 coronam
645 559 652 576 =
666 548 684 578 J
686 546 822 576 udaeorum
831 557 882 575 au-

142 594 198 617 tem
209 593 266 616 erat
278 586 412 615 interitus.
428 588 564 624 Quoniam
577 594 666 616 autem
676 586 754 622 dicit,
767 593 828 615 ante
839 596 882 615 re-

200 625 360 666 etpraesides
373 633 454 663 stare,
468 633 494 655 et
506 637 559 656 non
571 626 689 666 cogitare
699 625 766 664 quid
778 636 820 655 res
857 635 885 654 n-

217 665 340 702 debeant,
348 666 399 695 boc
412 673 452 695 est
464 665 538 704 quod
549 667 577 695 in
591 667 693 696 Joanne
704 664 771 694 dicit
786 677 792 694 ε
834 676 884 694 um

145 713 244 735 autem
258 707 372 734 venerit
391 705 445 735 ille
458 706 642 741 Paracletus,
652 705 704 734 ille
720 705 885 743 testificabi·
908 712 911 715 ’

147 753 195 776 tur
204 745 241 774 de
252 741 308 774 me.
322 746 364 774 Et
376 755 431 775 vos
451 747 648 775 testimonium
668 745 801 782 reddetis,
814 746 885 784 quia

145 786 184 814 ab
195 785 280 814 initio
292 785 518 825 mecumsuistis.
527 784 560 813 A
561 792 610 814 nte
619 794 699 824 reges
709 791 738 814 et
746 785 884 823 praesides

145 825 261 855 stabitis
281 826 314 852 in
336 826 530 853 testimonium
553 825 616 854 illis
634 831 663 853 et
682 825 815 864 gentibus
832 837 839 853 :
856 831 886 853 ut
900 833 917 855 B

145 863 212 894 dum
225 863 339 903 apostoli
351 870 520 899 accusantur,
529 863 594 893 dnm
609 863 780 903 mspondent,
795 865 823 894 in
835 864 885 895 sin-

146 903 219 944 gulis
229 903 380 941 quibusque
391 903 524 943 praetoriis
535 903 636 933 Christi
643 903 742 933 veritas
754 904 886 944 praedice-

146 949 202 979 tur,
215 948 243 971 et
262 942 420 972 Judaeorum
437 942 550 982 perfidia
563 943 771 979 demonstretur,
784 951 811 973 et
824 953 887 984 gen-

145 982 230 1018 tibus,
243 982 288 1011 vel
299 981 336 1011 ad
348 982 461 1011 salutem
473 981 656 1019 credentibus,
671 982 776 1022 pietatis
788 991 887 1024 myste-

146 1022 219 1050 rium
238 1021 384 1051 revelctur.
405 1021 551 1051 Audientes
570 1029 659 1051 autem
679 1024 804 1062 apostoli,
825 1024 888 1062 quia

146 1071 236 1090 coram
254 1061 363 1100 regibus
380 1068 407 1090 et
426 1061 564 1101 judicibus
583 1069 652 1090 stare
665 1062 842 1102 jubebantur,
856 1073 889 1092 ne

147 1101 214 1129 forte
233 1100 324 1129 dicant
344 1100 379 1129 ad
394 1100 534 1130 Christum
547 1113 554 1130 ε
565 1102 609 1130 Tu
629 1101 689 1140 ipse
704 1102 767 1140 scis,
783 1104 847 1142 quia
861 1103 888 1131 in

142 1139 257 1169 villorum
274 1140 415 1180 judicibus
432 1140 583 1170 scholastici
601 1148 736 1180 praesunt;
754 1142 889 1182 quomodo

147 1189 211 1219 ergo
224 1190 367 1220 possumus
375 1190 424 1209 nos
436 1179 558 1209 homines
574 1181 730 1219 piscatores,
744 1190 770 1212 et
782 1183 839 1212 sine
852 1182 889 1210 liv-

147 1219 224 1256 teris,
238 1230 330 1249 coram
350 1219 405 1248 illis
424 1219 606 1249 testimonium
617 1219 700 1249 dare?
713 1228 744 1251 tu
766 1222 838 1251 enim
855 1222 889 1251 ab

147 1259 225 1289 initio
242 1269 295 1288 non
314 1269 362 1288 nos
380 1258 496 1288 docuisti
507 1259 592 1298 loqui,
608 1259 654 1289 sed
665 1261 773 1290 credere
788 1272 796 1288 ε
810 1262 888 1291 deni-

147 1309 200 1338 qne
213 1309 275 1328 cum
290 1308 340 1327 nos
358 1297 506 1338 discipulos
519 1309 701 1337 congregares,
715 1311 771 1330 non
781 1301 889 1331 inveni-

145 1338 181 1368 sti
194 1348 244 1367 nos
256 1338 285 1367 in
297 1337 430 1378 Capitolio
443 1337 644 1377 philosophicos
656 1339 743 1370 libros
753 1340 866 1379 legentes
878 1351 885 1368 =

146 1377 194 1408 sed
211 1377 277 1407 retia
295 1377 323 1406 in
343 1383 416 1406 mare
433 1377 565 1406 mittentes
572 1389 581 1415 ;
606 1387 692 1417 neque
708 1379 813 1417 dixisti,
827 1382 886 1411 Ve-

145 1417 212 1452 nite,
225 1416 320 1446 faciam
328 1426 378 1446 vos
389 1416 532 1446 advocatos
545 1427 617 1446 meos
629 1429 636 1446 :
646 1418 704 1455 sed,
718 1420 830 1457 Venite,
843 1420 888 1459 fa-

148 1458 224 1486 ciam
235 1466 290 1485 ‘nos
298 1458 456 1495 piscatores
470 1457 634 1492 hominum5
643 1458 827 1495 conscientias,
834 1470 887 1489 non

147 1496 312 1535 eloquentias
338 1502 441 1524 nostras
466 1495 569 1534 elegisti
585 1507 592 1523 ε
607 1496 668 1525 ideo
694 1498 751 1537 ipse
776 1498 865 1537 inquit
880 1512 888 1528 z

149 1538 162 1565 1
168 1537 199 1566 9.
208 1536 282 1565 Cum
289 1542 387 1564 autem
396 1535 512 1564 tradent
521 1545 586 1570 vos,
595 1537 684 1565 nolite
690 1537 809 1566 solliciti
817 1548 888 1575 esse,

149 1575 306 1614 quomodo,
319 1580 373 1603 aut
390 1573 462 1613 quid
483 1574 655 1613 loquamini.
673 1575 735 1604 Mea
757 1583 797 1605 est
818 1577 889 1606 enim

148 1624 239 1644 causa.
259 1614 333 1642 Deus
352 1613 470 1641 humano
493 1613 597 1642 auxilio
620 1624 674 1643 non
698 1614 810 1654 indiget.
826 1616 890 1646 Ideo

149 1664 198 1684 vos
217 1651 402 1682 tantummodo
420 1651 487 1680 mihi
523 1662 644 1682 ersonam
656 1661 787 1693 praestate,
802 1662 828 1684 et
841 1666 890 1695 ego

148 1692 229 1723 vobis
248 1701 364 1721 sensum.
376 1692 445 1721 Nam
460 1691 499 1720 sol
513 1691 605 1721 icitum
616 1703 672 1721 esse
686 1700 746 1723 ante
755 1694 891 1733 judicium

148 1742 202 1761 non
212 1738 252 1760 est
266 1730 422 1771 praeparatio
435 1730 484 1767 rei,
498 1730 545 1760 sed
555 1731 705 1771 desperatio
716 1732 751 1762 de
763 1734 822 1763 Deo
838 1745 845 1761 :
861 1735 890 1767 in

148 1771 206 1801 illis
224 1770 296 1800 enim
310 1770 389 1799 rebus
401 1777 486 1809 potest
503 1781 560 1800 esse
573 1770 722 1811 desperatio
734 1771 768 1802 de
780 1775 848 1810 Deo,
862 1775 890 1804 in

147 1810 249 1850 quibus
264 1817 351 1850 potest
367 1819 424 1839 esse
446 1809 632 1839 consideratio.
649 1812 728 1847 Puta,
740 1812 763 1841 si
781 1820 891 1853 propter

148 1850 266 1889 aliquem
277 1856 367 1879 actum
381 1849 431 1878 iter
443 1849 560 1879 facturus
571 1860 610 1886 05,
620 1850 770 1880 consideras
780 1853 891 1891 qualita-

147 1897 202 1919 tem
213 1896 333 1925 actuum,
348 1895 374 1918 et
385 1887 559 1927 quantitatem
571 1889 674 1919 itineris
687 1903 693 1918 :
707 1898 733 1920 ct
743 1892 890 1922 secundum

148 1939 193 1959 eas
206 1939 340 1968 praeparas
357 1928 408 1957 tibi
422 1938 561 1967 expensas.
575 1928 630 1958 Aut
641 1930 664 1958 si
675 1929 786 1960 domum
803 1931 890 1960 aedifi-

148 1979 209 1998 care
224 1978 369 2008 proponas,
384 1966 534 1997 consideras
545 1968 636 2007 qualia
653 1969 776 2006 aedificia,
789 1977 814 2000 et
827 1971 890 2000 talia
904 1981 907 1983 ·

149 2017 284 2048 praeparas
296 2007 480 2036 instrumenta.
492 2008 524 2037 In
535 2006 639 2048 judicio
653 2016 741 2038 autem
755 2010 890 2048 quomodo

185 2054 236 2076 test
244 2047 388 2087 praeparari
401 2047 578 2084 responsum?
593 2048 735 2087 Numquid
745 2049 811 2086 scis,
823 2061 889 2088 qua—

148 2058 184 2116 li}
202 2087 237 2116 sit
255 2086 426 2133 interrogatio
438 2086 549 2116 futura?
560 2086 684 2124 Minime,
697 2099 759 2117 cum
773 2089 800 2118 in
811 2089 888 2129 judi-

149 2125 192 2154 cio
212 2125 261 2154 tali
280 2135 333 2154 non
352 2125 458 2164 judices
477 2136 493 2154 a
507 2126 596 2155 semesi
619 2127 655 2156 sis
668 2127 827 2165 loquuntur,
843 2128 889 2158 sed

149 2163 275 2193 diabolus
286 2165 316 2193 in
322 2164 474 2203 judicibus.
487 2164 516 2194 Si
525 2175 588 2204 ergo
598 2137 679 2195 iiomo
693 2167 809 2196 hominis
822 2168 891 2207 cogi-

151 2202 276 2232 tationem
293 2213 347 2231 11011
362 2203 451 2232 solum
464 2203 592 2239 futuram,
607 2205 654 2234 sed
667 2216 715 2235 nec
737 2214 892 2245 praesentem

150 2241 287 2281 cognoscit
300 2251 310 2269 .-
320 2241 455 2286 quomodo
510 2249 560 2271 test
576 2253 733 2283 cognoscere
751 2246 893 2275 consilium

152 2281 276 2310 inimici?
290 2291 354 2319 qma
375 2291 453 2309 nemo
491 2281 612 2311 ominum
625 2283 674 2312 scit
693 2294 752 2321 quae
769 2292 830 2314 sunt
842 2286 894 2314 ho-

152 2319 245 2356 minis,
259 2319 310 2349 nisi
330 2319 441 2364 spiritus
456 2320 503 2357 qui
516 2327 564 2353 est,
575 2320 602 2349 in
616 2332 658 2350 eo.
674 2322 702 2351 Si
716 2333 779 2361 ergo
791 2334 826 2353 ex
838 2334 895 2353 vo·-

152 2360 196 2390 bis
209 2359 368 2398 loquamini,
378 2358 526 2388 secundum
542 2360 656 2389 verbum
674 2362 868 2401 respondebitis
884 2373 892 2390 z

153 2399 175 2427 si
184 2405 273 2428 autem
282 2399 331 2427 Dei
341 2398 471 2437 Spiritus,
478 2397 626 2427 secundum
635 2400 779 2439 cogitatum
789 2412 892 2431 eorum.

153 2438 239 2468 Sinite
256 2448 331 2476 ergo,
344 2444 374 2466 ut
388 2437 415 2466 in
428 2448 508 2466 causa
521 2448 568 2466 sua
582 2438 707 2476 loquatur
719 2441 792 2470 Deus
806 2441 832 2470 in
847 2452 896 2471 vo-

154 2476 208 2511 bis,
223 2476 270 2515 qui
284 2476 470 2506 conscientiam
489 2476 674 2515 interrogantis
691 2480 819 2518 agnoscit.
834 2482 896 2510 Non

155 2516 224 2544 euim
241 2516 367 2554 possibile
380 2523 429 2549 est,
447 2523 475 2545 ιιι
489 2527 547 2551 rex,
562 2517 608 2554 qui
622 2517 720 2548 milites
734 2530 796 2549 suos
814 2520 897 2550 mittit

156 2554 190 2584 ad
211 2554 324 2591 bellum,
341 2565 393 2585 non
414 2555 470 2585 illis
489 2562 593 2594 praestet
612 2567 684 2587 arma
705 2558 833 2589 adversus
846 2560 897 2589 110-

932 271 1061 309 sap1eutia
1073 279 1161 311 sperat
1171 285 1179 301 :
1188 282 1247 310 quae
1260 279 1301 302 est
1311 279 1398 312 pruna
1408 283 1487 302 eausa
1498 273 1594 303 ruinae.
1607 275 1676 304 Nam

932 309 961 337 in
982 311 1235 349 persequutionibus
1258 312 1345 341 virtus
1367 313 1418 342 Dei
1439 323 1493 342 11011
1517 313 1675 352 requiritur,

932 348 984 378 nisi
998 351 1162 389 praecesserit
1174 350 1251 380 fides.
1265 351 1309 380 Ad
1323 352 1455 391 majorem.
1470 353 1677 382 consolationem

932 389 1115 428 apostolorum
1128 401 1181 420 non
1194 389 1276 427 dixit,
1293 390 1412 430 Spiritus
1426 392 1511 422 Patris
1523 393 1618 430 vestri,
1630 393 1677 432 qui

932 426 1054 467 loquitur
1073 429 1102 458 in
1128 430 1203 460 vobis
1217 440 1224 458 ε
1239 430 1296 468 sed,
1316 431 1366 460 ΞΟ.
1396 432 1454 469 Qui
1477 432 1631 472 loquitur.-
1648 439 1678 462 ut

933 467 1054 497 ostendat
1064 469 1127 507 quia
1140 480 1193 499 non
1207 470 1295 499 solum
1312 477 1386 506 tunc,
1401 470 1448 499 sed
1462 481 1511 501 nec
1528 471 1608 501 modo
1624 472 1677 501 ali-

932 507 1000 545 quid
1013 507 1071 537 sine
1080 509 1184 549 Spiritu
1193 509 1242 539 Dei
1253 509 1366 545 faciunt,
1376 516 1421 538 aut
1429 510 1577 549 loquuntur
1586 523 1595 549 ;
1605 518 1678 541 tam-

933 556 1015 584 quam
1030 548 1054 576 si
1074 547 1112 577 ita
1130 548 1203 579 dicat
1213 548 1247 578 ad
1262 549 1324 578 illos
1337 561 1345 577 :
1358 550 1479 579 Maxime
1494 551 1558 589 quia
1569 551 1678 581 creditis

933 585 962 614 in
981 596 1034 623 me,
1047 594 1094 616 aut
1110 588 1275 617 confitemini
1294 599 1337 617 me
1357 599 1414 618 esse
1429 600 1534 619 verum.
1551 590 1677 620 Esurien-

932 631 987 654 tetn
999 636 1042 655 me
1055 626 1163 664 videtis,
1179 635 1204 658 et
1216 627 1324 657 creditis
1336 628 1400 667 quia
1421 639 1482 658 sum
1506 630 1582 669 panis
1602 630 1678 660 03110-

933 664 993 693 stis.
1007 665 1146 696 Sitientetn
1158 678 1200 696 me
1207 667 1316 702 videtis,
1326 674 1353 697 et
1366 667 1473 697 creditis
1484 670 1548 707 quia
1559 680 1608 709 ego
1617 681 1677 699 sum
1687 677 1785 708 J011n.4.
1794 679 1816 707 14
1824 693 1830 699 .

933 704 992 733 fons
1011 715 1086 744 aquae
1105 706 1223 736 salientis
1235 708 1264 736 in
1283 707 1366 740 vitam
1384 714 1520 737 aeternam.
1535 710 1678 746 Quomodo

934 750 972 773 est
987 744 1036 774 iste
1049 756 1141 775 sensus
1154 746 1299 782 humanus,
1314 748 1361 786 qui
1376 747 1453 776 aliud
1465 747 1549 785 videt,
1566 756 1591 778 et
1602 749 1679 779 aliud

934 783 1030 821 credit,
1042 792 1068 814 et
1081 786 1247 816 confitetur?
1259 787 1289 817 Si
1307 797 1370 825 ergo
1381 786 1472 823 modo,
1485 788 1592 826 quando
1625 790 1675 819 eri-

935 823 1028 852 culum
1048 835 1100 854 non
1121 833 1171 861 est,
1196 826 1280 865 gratia
1303 837 1361 855 mea
1382 833 1508 866 operatur
1526 827 1555 856 in
1575 800 1653 858 vdbis
1670 841 1676 856 ε

936 870 1036 901 quanto
1048 864 1134 904 magis
1144 865 1196 895 erit
1207 865 1358 903 vobiscum,
1372 877 1433 895 cum
1447 867 1619 907 persequutio
1631 879 1680 898 ve-

937 902 1023 932 nerit?
1040 904 1107 933 Nam
1124 905 1172 943 qui
1186 915 1233 934 vos
1249 905 1277 934 in
1294 916 1359 945 pace
1372 913 1510 941 sustentat,
1526 907 1611 936 multo
1624 918 1680 936 3111-

937 941 1011 981 plius
1032 943 1144 982 adjuvat
1160 944 1186 973 in
1205 944 1289 973 bello.
1303 947 1353 974 91.
1369 946 1612 986 Fratersratrem
1626 953 1681 976 lra-

938 982 988 1010 det
1001 983 1033 1011 in
1046 991 1176 1013 mortem.
1190 983 1338 1013 Audientes
1350 985 1476 1024 apostoli,
1485 995 1518 1014 ne
1530 986 1597 1015 forte
1609 987 1681 1025 cogi-

938 1027 994 1050 tent
1011 1022 1180 1059 aestimantes,
1194 1034 1257 1053 cum
1276 1023 1367 1052 traditi
1385 1024 1484 1054 fuerint
1504 1025 1531 1053 in
1546 1026 1679 1063 conciliis,

939 1067 965 1090 et
988 1061 1016 1090 in
1038 1063 1181 1102 synagogis
1204 1062 1239 1092 ad
1257 1063 1447 1102 flagellandum
1463 1076 1469 1092 ε
1485 1064 1536 1094 1110
1550 1071 1679 1105 tempore,

940 1107 1029 1139 putas,
1054 1111 1132 1130 nemo
1152 1102 1203 1131 erit
1228 1109 1366 1142 patronus,
1388 1103 1435 1141 qui
1464 1103 1574 1144 adjuvet
1585 1115 1592 1131 t
1604 1115 1681 1134 nemo

939 1141 1052 1175 amicus,
1069 1140 1116 1178 qui
1136 1141 1293 1181 indulgeat:
1307 1153 1384 1171 nemo
1405 1143 1518 1179 amicus,
1537 1144 1585 1182 qui
1603 1144 1682 1174 mise-

934 1180 1048 1210 reatur?
1059 1179 1119 1209 ideo
1141 1180 1206 1210 dicit
1219 1181 1351 1211 Dominus
1364 1192 1370 1209 :
1386 1183 1470 1211 Nemo
1485 1180 1575 1222 speret
1592 1183 1619 1212 in
1630 1195 1682 1229 pa-

939 1219 1119 1256 tronis,nemo
1129 1220 1157 1249 in
1171 1221 1328 1257 amicis‚aut
1341 1222 1496 1261 parentibus
1508 1233 1515 1250 t
1527 1233 1588 1252 cum
1603 1231 1681 1253 0113111

938 1258 1020 1288 frater
1033 1259 1141 1288 fratrem
1154 1260 1239 1289 tradet
1253 1260 1281 1288 in
1301 1268 1428 1297 mortem,
1448 1269 1525 1301 pater
1541 1262 1640 1299 filium,
1656 1271 1682 1292 et

939 1297 1013 1327 filius
1033 1305 1146 1338 patrem.
1159 1299 1232 1329 Vide
1249 1300 1404 1338 qualetunc
1417 1300 1571 1331 incendium
1593 1313 1681 1342 perse-

938 1338 1077 1376 quutionis
1090 1338 1205 1374 ardebit,
1222 1346 1252 1368 ut
1265 1350 1313 1368 nec
1326 1339 1378 1368 sibi
1395 1339 1449 1380 ipsi
1468 1348 1559 1380 parcat
1573 1349 1678 1371 natura.

939 1377 1082 1413 Quomodo
1105 1385 1198 1408 autem·
1211 1385 1275 1408 tunc
1288 1386 1463 1419 patronorum
1475 1387 1521 1410 aut
1534 1381 1682 1410 amicorum

940 1415 1021 1446 fidem
1034 1417 1164 1456 integram
1175 1429 1288 1458 quaeres,
1301 1429 1361 1448 cum
1376 1419 1477 1449 videris
1490 1420 1575 1460 ipsius
1588 1421 1682 1450 fratcr-

940 1456 1030 1485 nitatis
1042 1464 1068 1486 et
1080 1457 1246 1496 paternitatis
1258 1458 1313 1487 vim
1325 1469 1385 1487 esse
1393 1460 1557 1488 extractam?
1567 1461 1596 1489 Si
1609 1460 1680 1489 enim

921 1528 924 1529 ⁷
938 1495 1055 1524 amicitia
1064 1506 1092 1524 111
1106 1506 1164 1536 ipsa
1175 1503 1268 1525 natura
1285 1496 1400 1542 deficiet,
1414 1498 1549 1536 quomodo
1561 1499 1680 1529 invenie-

939 1541 984 1562 tur
1003 1541 1077 1563 extra
1096 1536 1244 1564 naturam?
1254 1536 1326 1574 Ergo
1345 1547 1409 1574 quia
1427 1547 1478 1565 non
1491 1545 1530 1567 est
1548 1539 1613 1567 satis
1625 1545 1682 1567 stu-

940 1573 1069 1612 pendum,
1083 1574 1106 1602 si
1119 1574 1201 1603 frater
1213 1575 1321 1603 fratrem
1334 1575 1421 1604 tradat
1431 1576 1458 1604 in
1469 1583 1579 1606 mortem
1588 1577 1602 1605 Ξ)
1615 1578 1681 1607 Ca'in

940 1612 1010 1641 enim
1028 1619 1140 1652 propter
1160 1613 1292 1643 invidiam
1312 1614 1437 1644 sacrificii
1463 1615 1594 1646 interfecit
1614 1617 1683 1646 Abel
1696 1624 1751 1646 Gen.
1764 1625 1787 1653 l..

941 1652 1048 1681 fratrem
1075 1662 1153 1681 suum
1166 1659 1211 1682 :et
1230 1659 1340 1692 propter
1360 1654 1570 1684 benedictionem
1594 1666 1683 1685 surre-

940 1698 1013 1731 ptam
1026 1691 1098 1720 Esaii
1111 1692 1319 1732 persequebatur
1334 1693 1418 1722 Jacob
1432 1705 1438 1721 :
1455 1694 1506 1724 hoc
1519 1702 1608 1724 autem
1621 1696 1683 1734 quis
1693 1709 1754 1731 mm,
1766 1715 1803 1739 ³7·

941 1730 1056 1767 audivit,
1071 1738 1102 1760 ut
1120 1731 1196 1760 nulla
1218 1731 1318 1771 injuria
1337 1733 1489 1769 exsistente,
1511 1741 1621 1774 propter
1640 1746 1682 1764 so-

940 1770 995 1799 lam
1007 1770 1107 1800 Christi
1118 1770 1199 1800 fidem
1217 1778 1291 1811 pater
1301 1771 1390 1801 filium
1404 1773 1491 1802 tradat
1503 1775 1530 1802 in
1549 1776 1681 1804 mortem?

941 1810 1013 1847 Quia
1033 1810 1127 1839 fortior
1148 1817 1187 1840 est
1208 1810 1342 1840 conflictio
1364 1811 1478 1848 inimici,
1494 1823 1576 1851 quam
1596 1814 1683 1844 virtus

941 1856 1052 1878 naturae.
1076 1850 1269 1890 Corruptibilis
1295 1851 1365 1881 enim
1387 1858 1426 1880 est
1450 1851 1559 1882 dilectio
1583 1854 1678 1883 carnis.

943 1887 1061 1919 Mendax
1077 1896 1117 1918 est
1133 1889 1219 1919 omnis
1236 1890 1371 1919 saecularis
1383 1891 1509 1926 amicitia,
1523 1903 1581 1931 quae
1594 1892 1683 1923 divini

942 1928 1047 1957 timoris
1065 1928 1173 1958 vinculo
1195 1939 1247 1958 non
1268 1936 1306 1958 est
1328 1930 1419 1968 ligata.
1434 1932 1494 1960 Non
1517 1939 1556 1961 est
1574 1932 1640 1962 fides
1654 1933 1682 1962 111

942 1968 1026 1997 servis
1047 1967 1160 1997 diaboli.
1175 1968 1307 1998 Diabolus
1318 1979 1366 1998 nec
1379 1977 1495 2009 generat,
1510 1981 1556 2000 nec
1570 1982 1682 2011 genera—

906 2016 926 2039 n
942 2014 987 2036 tur
1001 2017 1007 2034 :
1022 2007 1045 2036 si
1059 2017 1112 2036 non
1125 2015 1276 2047 generatur,
1291 2010 1373 2038 nescit
1386 2019 1492 2039 servare
1503 2012 1564 2050 jura
1574 2012 1683 2051 propin-

942 2047 1063 2085 quitatis,
1072 2047 1120 2085 qui
1131 2047 1236 2076 nullum
1248 2048 1328 2092 babet
1340 2049 1532 2088 propinquum.
1545 2052 1605 2080 Non
1611 2062 1683 2096 ⁸quia

928 2123 934 2130 ι
943 2086 1045 2116 odibile
1055 2093 1095 2115 est
1106 2089 1188 2126 genus
1197 2087 1420 2125 Christianorum,
1428 2089 1473 2118 sed
1484 2090 1548 2128 quia
1559 2089 1683 2120 divinum

944 2132 993 2162 est,
1006 2125 1124 2155 carnales
1140 2125 1247 2155 odiunt.
1263 2127 1318 2155 Alii
1329 2127 1514 2167 adjunguntur
1524 2130 1609 2158 multo
1620 2130 1683 2169 plu-

945 2176 988 2195 res
999 2172 1025 2194 et
1035 2165 1149 2195 cariores
1158 2165 1328 2205 proximitate
1341 2168 1486 2207 conjuncti,
1499 2168 1601 2197 beatior
1614 2179 1685 2198 com-

946 2204 1057 2234 mutatio
1064 2204 1167 2234 bonum
1175 2204 1268 2234 odium
1277 2212 1324 2235 est.
1332 2208 1427 2235 22Et
1436 2209 1515 2236 eritis
1524 2208 1685 2237 0111001ηηὶ-

947 2245 1000 2273 bus
1011 2245 1187 2280 hominibus,
1201 2252 1317 2283 propter
1336 2256 1444 2275 nomen
1464 2257 1568 2275 meum.
1583 2246 1614 2275 ld
1634 2253 1685 2281 est,

947 2283 1073 2312 omnibus
1083 2283 1238 2313 infidelibus
1245 2294 1312 2313 :non
1321 2285 1408 2313 solum
1417 2285 1543 2321 inimicis,
1553 2285 1599 2323 sed
1606 2285 1686 2314 etiam

947 2322 1039 2352 amicis
1048 2333 1113 2352 :non
1125 2323 1212 2352 solum
1221 2323 1365 2358 extraneis,
1374 2323 1420 2352 sed
1429 2324 1507 2352 etiam
1535 2324 1686 2353 arentibus:

948 2372 1000 2391 non
1011 2362 1098 2391 solum
1109 2362 1266 2402 parentibus
1275 2369 1321 2390 aut
1329 2362 1468 2395 fratribus,
1476 2373 1503 2391 se
1535 2362 1614 2391 etiam
1623 2363 1688 2402 ipsis

948 2401 1074 2441 patribus·
1083 2402 1190 2431 vestris.
1206 2402 1230 2430 O
1244 2400 1428 2429 inaestimabile
1445 2400 1572 2429 diabolici
1591 2402 1690 2431 furoris

949 2440 1112 2475 incendium,
1124 2440 1197 2479 quod
1208 2450 1255 2468 nec
1267 2440 1321 2478 ipsa
1336 2440 1357 2476 †
1367 2439 1529 2478 paternitatis
1538 2440 1633 2469 caritas
1642 2452 1689 2471 ex-
1730 2457 1824 2483 †s,nm
1832 2467 1840 2471 .

950 2480 1085 2519 stinguere
1106 2478 1207 2519 potest!
1224 2480 1261 2508 Su
1283 2488 1312 2506 ra
1331 2485 1453 2507 naturam
1466 2485 1492 2506 et
1507 2486 1598 2508 contra
1617 2487 1691 2509 natu-
1700 2488 1788 2510 nitatis*

950 2530 1008 2549 ram
1029 2518 1199 2558 persequutio
1226 2489 1321 2545 ardjcus
1334 2539 1341 2549 ‚
1369 2516 1533 2556 sapientibus
1556 2518 1691 2549 evidenter
1701 2539 1767 2555 cvm,

953 2558 1077 2593 ostendit,
1091 2557 1217 2595 quoniam
1241 2556 1288 2585 illa
1312 2555 1374 2584 odia
1395 2566 1446 2584 nou
1467 2556 1528 2586 facit
1550 2568 1622 2587 more
1641 2559 1690 2588 1111-
