<?xml version="1.0" encoding="UTF-8"?>
<!DOCTYPE html PUBLIC "-//W3C//DTD XHTML 1.0 Transitional//EN"
    "http://www.w3.org/TR/xhtml1/DTD/xhtml1-transitional.dtd">
<html xmlns="http://www.w3.org/1999/xhtml" xml:lang="en" lang="en">
 <head>
  <title>
</title>
<meta http-equiv="Content-Type" content="text/html;charset=utf-8" />
  <meta name='ocr-system' content='tesseract 3.04.00' />
  <meta name='ocr-capabilities' content='ocr_page ocr_carea ocr_par ocr_line ocrx_word'/>
</head>
<body>
  <div class='ocr_page' id='page_1' title='image "./operaomniaquaeex06johnuoft_0187.png"; bbox 0 0 1890 2826; ppageno 0'>
   <div class='ocr_carea' id='block_1_1' title="bbox 373 203 1418 239">
    <p class='ocr_par' dir='ltr' id='par_1_1' title="bbox 373 203 1418 239">
     <span class='ocr_line' id='line_1_1' title="bbox 373 203 1418 239; baseline 0 -9"><span class='ocrx_word' id='word_1_1' title='bbox 373 207 408 230; x_wconf 86' lang='lat' dir='ltr'><strong>IN</strong></span> <span class='ocrx_word' id='word_1_2' title='bbox 434 204 536 230; x_wconf 82' lang='lat' dir='ltr'><strong>ILLUD</strong></span> <span class='ocrx_word' id='word_1_3' title='bbox 562 203 669 238; x_wconf 77' lang='lat' dir='ltr'><strong>15A1AE,</strong></span> <span class='ocrx_word' id='word_1_4' title='bbox 699 203 767 228; x_wconf 79' lang='lat' dir='ltr'><strong>EGO</strong></span> <span class='ocrx_word' id='word_1_5' title='bbox 794 203 945 227; x_wconf 77' lang='lat' dir='ltr'><strong>DOMtNUs</strong></span> <span class='ocrx_word' id='word_1_6' title='bbox 971 204 1058 229; x_wconf 72' lang='lat' dir='ltr'><strong>1&gt;ssth</strong></span> <span class='ocrx_word' id='word_1_7' title='bbox 1084 207 1158 230; x_wconf 79' lang='lat' dir='ltr'><strong>FEct</strong></span> <span class='ocrx_word' id='word_1_8' title='bbox 1185 207 1312 239; x_wconf 73' lang='lat' dir='ltr'><strong>LUMBN,</strong></span> <span class='ocrx_word' id='word_1_9' title='bbox 1342 207 1418 230; x_wconf 78' lang='lat' dir='ltr'><strong>E&#39;rc.</strong></span> 
     </span>
    </p>
   </div>
   <div class='ocr_carea' id='block_1_2' title="bbox 111 264 882 537">
    <p class='ocr_par' dir='ltr' id='par_1_2' title="bbox 111 264 882 537">
     <span class='ocr_line' id='line_1_2' title="bbox 115 264 882 308; baseline -0.007 -10"><span class='ocrx_word' id='word_1_10' title='bbox 115 270 218 308; x_wconf 75' lang='grc' dir='ltr'>γνῶσιν.</span> <span class='ocrx_word' id='word_1_11' title='bbox 244 268 344 298; x_wconf 79' lang='grc' dir='ltr'>Γνῶσιν</span> <span class='ocrx_word' id='word_1_12' title='bbox 354 279 362 286; x_wconf 88' lang='grc'><em>·</em></span> <span class='ocrx_word' id='word_1_13' title='bbox 384 267 462 298; x_wconf 88' lang='grc' dir='ltr'>ποίαν</span> <span class='ocrx_word' id='word_1_14' title='bbox 474 279 482 304; x_wconf 86' lang='grc'><strong>;</strong></span> <span class='ocrx_word' id='word_1_15' title='bbox 505 266 564 303; x_wconf 80' lang='grc' dir='ltr'><strong>Τὴν</strong></span> <span class='ocrx_word' id='word_1_16' title='bbox 585 266 646 307; x_wconf 72' lang='grc' dir='ltr'>περὶ</span> <span class='ocrx_word' id='word_1_17' title='bbox 658 268 704 295; x_wconf 80' lang='grc' dir='ltr'><strong>τοῦ</strong></span> <span class='ocrx_word' id='word_1_18' title='bbox 717 264 882 301; x_wconf 80' lang='grc' dir='ltr'>ποιήσαντος.</span> 
     </span>
     <span class='ocr_line' id='line_1_3' title="bbox 114 310 882 356; baseline -0.008 -11"><span class='ocrx_word' id='word_1_19' title='bbox 114 314 219 354; x_wconf 72' lang='grc' dir='ltr'>’Ὥσπερ</span> <span class='ocrx_word' id='word_1_20' title='bbox 231 314 282 354; x_wconf 76' lang='grc' dir='ltr'><strong>γὰρ</strong></span> <span class='ocrx_word' id='word_1_21' title='bbox 296 316 313 350; x_wconf 87' lang='grc' dir='ltr'>ἡ</span> <span class='ocrx_word' id='word_1_22' title='bbox 326 313 464 356; x_wconf 36' lang='grc' dir='ltr'>ἡμέραΙείς</span> <span class='ocrx_word' id='word_1_23' title='bbox 476 312 600 354; x_wconf 80' lang='grc' dir='ltr'>ἐργασίαν</span> <span class='ocrx_word' id='word_1_24' title='bbox 614 312 700 351; x_wconf 77' lang='grc' dir='ltr'>ἐξάγει</span> <span class='ocrx_word' id='word_1_25' title='bbox 721 311 765 340; x_wconf 83' lang='grc' dir='ltr'><strong>τὸν</strong></span> <span class='ocrx_word' id='word_1_26' title='bbox 786 310 882 350; x_wconf 82' lang='grc' dir='ltr'>ἄνθρω-</span> 
     </span>
     <span class='ocr_line' id='line_1_4' title="bbox 113 356 881 400; baseline -0.007 -11"><span class='ocrx_word' id='word_1_27' title='bbox 113 371 176 395; x_wconf 84' lang='grc' dir='ltr'>πον,</span> <span class='ocrx_word' id='word_1_28' title='bbox 190 359 272 394; x_wconf 75' lang='grc' dir='ltr'>οὕτως</span> <span class='ocrx_word' id='word_1_29' title='bbox 282 362 300 396; x_wconf 87' lang='grc' dir='ltr'>ἡ</span> <span class='ocrx_word' id='word_1_30' title='bbox 313 359 358 394; x_wconf 71' lang='grc' dir='ltr'><strong>νὺξ</strong></span> <span class='ocrx_word' id='word_1_31' title='bbox 372 359 545 400; x_wconf 83' lang='grc' dir='ltr'>διαδεχομένη</span> <span class='ocrx_word' id='word_1_32' title='bbox 556 379 564 394; x_wconf 86' lang='grc'>,</span> <span class='ocrx_word' id='word_1_33' title='bbox 577 358 631 388; x_wconf 78' lang='grc' dir='ltr'><strong>ἀπὸ</strong></span> <span class='ocrx_word' id='word_1_34' title='bbox 641 360 694 387; x_wconf 84' lang='grc' dir='ltr'><strong>τῶν</strong></span> <span class='ocrx_word' id='word_1_35' title='bbox 708 356 807 397; x_wconf 87' lang='grc' dir='ltr'>μυρίων</span> <span class='ocrx_word' id='word_1_36' title='bbox 821 357 881 385; x_wconf 78' lang='grc' dir='ltr'>ἀνα-</span> 
     </span>
     <span class='ocr_line' id='line_1_5' title="bbox 111 402 880 447; baseline -0.005 -12"><span class='ocrx_word' id='word_1_37' title='bbox 111 405 190 435; x_wconf 73' lang='grc' dir='ltr'>παύει</span> <span class='ocrx_word' id='word_1_38' title='bbox 204 405 328 446; x_wconf 80' lang='grc' dir='ltr'>μόχθων,</span> <span class='ocrx_word' id='word_1_39' title='bbox 350 406 461 436; x_wconf 77' lang='grc' dir='ltr'>καὶτῶν</span> <span class='ocrx_word' id='word_1_40' title='bbox 478 405 620 447; x_wconf 79' lang='grc' dir='ltr'>φροντίδων</span> <span class='ocrx_word' id='word_1_41' title='bbox 641 404 751 444; x_wconf 77' lang='grc' dir='ltr'>ἀφίησι,</span> <span class='ocrx_word' id='word_1_42' title='bbox 773 403 818 432; x_wconf 83' lang='grc' dir='ltr'><strong>καὶ</strong></span> <span class='ocrx_word' id='word_1_43' title='bbox 831 402 880 432; x_wconf 78' lang='grc' dir='ltr'>κά-</span> 
     </span>
     <span class='ocr_line' id='line_1_6' title="bbox 112 449 880 492; baseline -0.003 -12"><span class='ocrx_word' id='word_1_44' title='bbox 112 462 227 490; x_wconf 80' lang='grc' dir='ltr'>μνουσαν</span> <span class='ocrx_word' id='word_1_45' title='bbox 236 451 284 488; x_wconf 70' lang='grc' dir='ltr'><strong>τὴν</strong></span> <span class='ocrx_word' id='word_1_46' title='bbox 294 451 375 492; x_wconf 82' lang='grc' dir='ltr'>κόρην</span> <span class='ocrx_word' id='word_1_47' title='bbox 387 451 556 490; x_wconf 86' lang='grc' dir='ltr'>κοιμίζουσα,</span> <span class='ocrx_word' id='word_1_48' title='bbox 571 449 660 481; x_wconf 75' lang='grc' dir='ltr'>καὶτὰ</span> <span class='ocrx_word' id='word_1_49' title='bbox 671 449 790 490; x_wconf 81' lang='grc' dir='ltr'>βλέφαρα</span> <span class='ocrx_word' id='word_1_50' title='bbox 797 460 880 478; x_wconf 90' lang='grc' dir='ltr'>κατα-</span> 
     </span>
     <span class='ocr_line' id='line_1_7' title="bbox 111 494 880 537; baseline -0.005 -10"><span class='ocrx_word' id='word_1_51' title='bbox 111 496 256 527; x_wconf 77' lang='grc' dir='ltr'>στέλλουσα</span> <span class='ocrx_word' id='word_1_52' title='bbox 270 519 278 534; x_wconf 86' lang='grc'>,</span> <span class='ocrx_word' id='word_1_53' title='bbox 311 497 465 537; x_wconf 80' lang='grc' dir='ltr'>ᾶκμαζούσῃ</span> <span class='ocrx_word' id='word_1_54' title='bbox 491 498 525 536; x_wconf 80' lang='grc' dir='ltr'>τῇ</span> <span class='ocrx_word' id='word_1_55' title='bbox 548 496 658 536; x_wconf 79' lang='grc' dir='ltr'>δυνάμει</span> <span class='ocrx_word' id='word_1_56' title='bbox 685 494 880 535; x_wconf 80' lang='grc' dir='ltr'>παρασκευάζει</span> 
     </span>
    </p>
   </div>
   <div class='ocr_carea' id='block_1_3' title="bbox 111 541 915 583">
    <p class='ocr_par' dir='ltr' id='par_1_3' title="bbox 111 541 915 583">
     <span class='ocr_line' id='line_1_8' title="bbox 111 541 915 583; baseline -0.005 -10"><span class='ocrx_word' id='word_1_57' title='bbox 111 542 161 579; x_wconf 84' lang='grc' dir='ltr'><strong>τὴν</strong></span> <span class='ocrx_word' id='word_1_58' title='bbox 177 545 270 573; x_wconf 74' lang='grc' dir='ltr'>ἀκτῖνα</span> <span class='ocrx_word' id='word_1_59' title='bbox 291 542 412 583; x_wconf 76' lang='grc' dir='ltr'>δέχεσθαι</span> <span class='ocrx_word' id='word_1_60' title='bbox 425 542 515 572; x_wconf 78' lang='grc' dir='ltr'>πάλιν.</span> <span class='ocrx_word' id='word_1_61' title='bbox 546 542 634 571; x_wconf 82' lang='grc' dir='ltr'>Ὥστε</span> <span class='ocrx_word' id='word_1_62' title='bbox 646 541 692 571; x_wconf 79' lang='grc' dir='ltr'><strong>καὶ</strong></span> <span class='ocrx_word' id='word_1_63' title='bbox 709 541 808 576; x_wconf 81' lang='grc' dir='ltr'>ταύτης</span> <span class='ocrx_word' id='word_1_64' title='bbox 831 541 879 569; x_wconf 77' lang='grc' dir='ltr'><strong>οὔκ</strong></span> <span class='ocrx_word' id='word_1_65' title='bbox 895 553 915 577; x_wconf 71' lang='grc' dir='ltr'>Ε</span> 
     </span>
    </p>
   </div>
   <div class='ocr_carea' id='block_1_4' title="bbox 109 586 881 1087">
    <p class='ocr_par' dir='ltr' id='par_1_4' title="bbox 109 586 881 1087">
     <span class='ocr_line' id='line_1_9' title="bbox 111 586 880 629; baseline -0.003 -11"><span class='ocrx_word' id='word_1_66' title='bbox 111 588 198 628; x_wconf 87' lang='grc' dir='ltr'>ὀλίγον</span> <span class='ocrx_word' id='word_1_67' title='bbox 210 589 241 618; x_wconf 85' lang='grc' dir='ltr'>τὸ</span> <span class='ocrx_word' id='word_1_68' title='bbox 257 588 389 629; x_wconf 83' lang='grc' dir='ltr'>χρήσιμον</span> <span class='ocrx_word' id='word_1_69' title='bbox 398 610 407 624; x_wconf 88' lang='grc'>,</span> <span class='ocrx_word' id='word_1_70' title='bbox 434 589 501 618; x_wconf 77' lang='grc' dir='ltr'>ἀλλὰ</span> <span class='ocrx_word' id='word_1_71' title='bbox 515 587 560 618; x_wconf 79' lang='grc' dir='ltr'><strong>καὶ</strong></span> <span class='ocrx_word' id='word_1_72' title='bbox 575 587 676 628; x_wconf 78' lang='grc' dir='ltr'>σφόδρα</span> <span class='ocrx_word' id='word_1_73' title='bbox 688 587 765 617; x_wconf 79' lang='grc' dir='ltr'>πολύ.</span> <span class='ocrx_word' id='word_1_74' title='bbox 780 588 815 617; x_wconf 86' lang='grc' dir='ltr'><strong>Εἰ</strong></span> <span class='ocrx_word' id='word_1_75' title='bbox 828 586 880 626; x_wconf 78' lang='grc' dir='ltr'><strong>γὰρ</strong></span> 
     </span>
     <span class='ocr_line' id='line_1_10' title="bbox 112 633 880 678; baseline -0.004 -14"><span class='ocrx_word' id='word_1_76' title='bbox 112 634 150 673; x_wconf 83' lang='grc' dir='ltr'>μὴ</span> <span class='ocrx_word' id='word_1_77' title='bbox 163 634 301 664; x_wconf 78' lang='grc' dir='ltr'>διανέπαυε</span> <span class='ocrx_word' id='word_1_78' title='bbox 314 635 359 664; x_wconf 81' lang='grc' dir='ltr'><strong>τὸν</strong></span> <span class='ocrx_word' id='word_1_79' title='bbox 373 634 508 678; x_wconf 81' lang='grc' dir='ltr'>ἄνθρωπον</span> <span class='ocrx_word' id='word_1_80' title='bbox 527 634 580 664; x_wconf 73' lang='grc' dir='ltr'><strong>ἀπὸ</strong></span> <span class='ocrx_word' id='word_1_81' title='bbox 592 636 645 663; x_wconf 82' lang='grc' dir='ltr'><strong>τῶν</strong></span> <span class='ocrx_word' id='word_1_82' title='bbox 659 633 758 673; x_wconf 78' lang='grc' dir='ltr'>μυρίων</span> <span class='ocrx_word' id='word_1_83' title='bbox 775 633 880 672; x_wconf 84' lang='grc' dir='ltr'>μόχθων</span> 
     </span>
     <span class='ocr_line' id='line_1_11' title="bbox 111 675 880 720; baseline -0.005 -10"><span class='ocrx_word' id='word_1_84' title='bbox 111 679 291 720; x_wconf 79' lang='grc' dir='ltr'>ὑποδεχομένη</span> <span class='ocrx_word' id='word_1_85' title='bbox 300 702 308 717; x_wconf 92' lang='grc'>,</span> <span class='ocrx_word' id='word_1_86' title='bbox 332 679 406 710; x_wconf 74' lang='grc' dir='ltr'>οὐδὲν</span> <span class='ocrx_word' id='word_1_87' title='bbox 424 680 515 720; x_wconf 83' lang='grc' dir='ltr'>ὄφελος</span> <span class='ocrx_word' id='word_1_88' title='bbox 528 675 561 715; x_wconf 72' lang='grc' dir='ltr'><strong>ἦν</strong></span> <span class='ocrx_word' id='word_1_89' title='bbox 574 681 622 715; x_wconf 86' lang='grc' dir='ltr'>τ’ἥς</span> <span class='ocrx_word' id='word_1_90' title='bbox 635 678 736 718; x_wconf 84' lang='grc' dir='ltr'>ἡμέρας</span> <span class='ocrx_word' id='word_1_91' title='bbox 749 679 786 711; x_wconf 84' lang='grc' dir='ltr'><strong>εἷς</strong></span> <span class='ocrx_word' id='word_1_92' title='bbox 800 679 880 717; x_wconf 79' lang='grc' dir='ltr'>ἔργα·</span> 
     </span>
     <span class='ocr_line' id='line_1_12' title="bbox 110 724 879 766; baseline -0.004 -11"><span class='ocrx_word' id='word_1_93' title='bbox 110 724 170 755; x_wconf 83' lang='grc' dir='ltr'>σίαν</span> <span class='ocrx_word' id='word_1_94' title='bbox 182 726 259 755; x_wconf 83' lang='grc' dir='ltr'>αὐτὸν</span> <span class='ocrx_word' id='word_1_95' title='bbox 272 725 477 766; x_wconf 82' lang='grc' dir='ltr'>εἷσαγαγούσης·</span> <span class='ocrx_word' id='word_1_96' title='bbox 496 728 544 762; x_wconf 79' lang='grc' dir='ltr'>τῆς</span> <span class='ocrx_word' id='word_1_97' title='bbox 556 725 608 765; x_wconf 78' lang='grc' dir='ltr'><strong>γὰρ</strong></span> <span class='ocrx_word' id='word_1_98' title='bbox 619 724 720 765; x_wconf 79' lang='grc' dir='ltr'>φύσεως</span> <span class='ocrx_word' id='word_1_99' title='bbox 734 726 879 763; x_wconf 81' lang='grc' dir='ltr'>ἀπαγορευ-</span> 
     </span>
     <span class='ocr_line' id='line_1_13' title="bbox 111 769 879 812; baseline -0.004 -12"><span class='ocrx_word' id='word_1_100' title='bbox 111 770 190 808; x_wconf 80' lang='grc' dir='ltr'>ούσης</span> <span class='ocrx_word' id='word_1_101' title='bbox 202 773 240 812; x_wconf 80' lang='grc' dir='ltr'>τῷ</span> <span class='ocrx_word' id='word_1_102' title='bbox 254 772 366 809; x_wconf 84' lang='grc' dir='ltr'>διηνεκεῖ</span> <span class='ocrx_word' id='word_1_103' title='bbox 379 771 451 812; x_wconf 85' lang='grc' dir='ltr'>πόνῳ</span> <span class='ocrx_word' id='word_1_104' title='bbox 461 795 469 809; x_wconf 90' lang='grc'>,</span> <span class='ocrx_word' id='word_1_105' title='bbox 491 771 616 811; x_wconf 82' lang='grc' dir='ltr'>διεφθάρη</span> <span class='ocrx_word' id='word_1_106' title='bbox 632 770 679 807; x_wconf 75' lang='grc' dir='ltr'><strong>ἂν,</strong></span> <span class='ocrx_word' id='word_1_107' title='bbox 697 770 743 799; x_wconf 81' lang='grc' dir='ltr'><strong>καὶ</strong></span> <span class='ocrx_word' id='word_1_108' title='bbox 757 769 879 798; x_wconf 82' lang='grc' dir='ltr'>ἀπώλετο</span> 
     </span>
     <span class='ocr_line' id='line_1_14' title="bbox 112 814 880 858; baseline -0.004 -12"><span class='ocrx_word' id='word_1_109' title='bbox 112 817 142 846; x_wconf 89' lang='grc' dir='ltr'>τὸ</span> <span class='ocrx_word' id='word_1_110' title='bbox 164 818 229 851; x_wconf 80' lang='grc' dir='ltr'>ζῶον</span> <span class='ocrx_word' id='word_1_111' title='bbox 239 841 248 855; x_wconf 84' lang='grc'>,</span> <span class='ocrx_word' id='word_1_112' title='bbox 271 818 317 847; x_wconf 78' lang='grc' dir='ltr'><strong>καὶ</strong></span> <span class='ocrx_word' id='word_1_113' title='bbox 335 818 408 848; x_wconf 84' lang='grc' dir='ltr'>οὐδὲν</span> <span class='ocrx_word' id='word_1_114' title='bbox 423 819 495 858; x_wconf 73' lang='grc' dir='ltr'>αὐτῷ</span> <span class='ocrx_word' id='word_1_115' title='bbox 507 817 587 846; x_wconf 81' lang='grc' dir='ltr'>πλέον</span> <span class='ocrx_word' id='word_1_116' title='bbox 605 817 636 846; x_wconf 80' lang='grc' dir='ltr'>ἐκ</span> <span class='ocrx_word' id='word_1_117' title='bbox 649 818 697 852; x_wconf 72' lang='grc' dir='ltr'>τῆς</span> <span class='ocrx_word' id='word_1_118' title='bbox 708 816 810 848; x_wconf 83' lang='grc' dir='ltr'>ἀκτῖνος</span> <span class='ocrx_word' id='word_1_119' title='bbox 823 814 880 853; x_wconf 79' lang='grc' dir='ltr'>ἐγέ-</span> 
     </span>
     <span class='ocr_line' id='line_1_15' title="bbox 111 861 879 903; baseline -0.007 -10"><span class='ocrx_word' id='word_1_120' title='bbox 111 875 178 893; x_wconf 89' lang='grc' dir='ltr'>νετο.</span> <span class='ocrx_word' id='word_1_121' title='bbox 188 863 223 893; x_wconf 82' lang='grc' dir='ltr'><em>Ἦ</em></span> <span class='ocrx_word' id='word_1_122' title='bbox 237 863 324 893; x_wconf 87' lang='grc' dir='ltr'>τοίνυν</span> <span class='ocrx_word' id='word_1_123' title='bbox 333 866 444 893; x_wconf 84' lang='grc' dir='ltr'>ποιοῦσα</span> <span class='ocrx_word' id='word_1_124' title='bbox 462 863 511 899; x_wconf 83' lang='grc' dir='ltr'><strong>τὴν</strong></span> <span class='ocrx_word' id='word_1_125' title='bbox 521 862 623 903; x_wconf 71' lang='grc' dir='ltr'>ἡμέραν</span> <span class='ocrx_word' id='word_1_126' title='bbox 635 861 767 902; x_wconf 82' lang='grc' dir='ltr'>χρήσιμον</span> <span class='ocrx_word' id='word_1_127' title='bbox 779 861 817 900; x_wconf 81' lang='grc' dir='ltr'>τῷ</span> <span class='ocrx_word' id='word_1_128' title='bbox 831 861 879 889; x_wconf 82' lang='grc' dir='ltr'><strong>ἀν-</strong></span> 
     </span>
     <span class='ocr_line' id='line_1_16' title="bbox 112 907 880 950; baseline -0.005 -12"><span class='ocrx_word' id='word_1_129' title='bbox 112 909 224 950; x_wconf 79' lang='grc' dir='ltr'>θρώπῳ,</span> <span class='ocrx_word' id='word_1_130' title='bbox 238 909 305 945; x_wconf 74' lang='grc' dir='ltr'>αὕτη</span> <span class='ocrx_word' id='word_1_131' title='bbox 318 909 435 948; x_wconf 80' lang='grc' dir='ltr'>μάλιστά</span> <span class='ocrx_word' id='word_1_132' title='bbox 447 909 517 938; x_wconf 80' lang='grc' dir='ltr'>ἐστιν</span> <span class='ocrx_word' id='word_1_133' title='bbox 527 911 545 944; x_wconf 85' lang='grc' dir='ltr'>ἡ</span> <span class='ocrx_word' id='word_1_134' title='bbox 561 907 605 937; x_wconf 81' lang='grc' dir='ltr'>διὰ</span> <span class='ocrx_word' id='word_1_135' title='bbox 616 910 664 943; x_wconf 72' lang='grc' dir='ltr'>τῆς</span> <span class='ocrx_word' id='word_1_136' title='bbox 678 907 776 948; x_wconf 80' lang='grc' dir='ltr'>οἰκείας</span> <span class='ocrx_word' id='word_1_137' title='bbox 789 907 880 935; x_wconf 83' lang='grc' dir='ltr'>διακο-</span> 
     </span>
     <span class='ocr_line' id='line_1_17' title="bbox 110 952 879 995; baseline -0.004 -11"><span class='ocrx_word' id='word_1_138' title='bbox 110 955 166 989; x_wconf 81' lang='grc' dir='ltr'>νίας</span> <span class='ocrx_word' id='word_1_139' title='bbox 178 955 223 985; x_wconf 77' lang='grc' dir='ltr'><strong>τὸν</strong></span> <span class='ocrx_word' id='word_1_140' title='bbox 234 955 401 985; x_wconf 78' lang='grc' dir='ltr'>ἀπολαύοντα</span> <span class='ocrx_word' id='word_1_141' title='bbox 411 956 459 990; x_wconf 70' lang='grc' dir='ltr'>τῆς</span> <span class='ocrx_word' id='word_1_142' title='bbox 469 954 575 995; x_wconf 85' lang='grc' dir='ltr'>χορείας</span> <span class='ocrx_word' id='word_1_143' title='bbox 593 954 674 990; x_wconf 77' lang='grc' dir='ltr'>αὖτῆς</span> <span class='ocrx_word' id='word_1_144' title='bbox 694 953 759 992; x_wconf 86' lang='grc' dir='ltr'>πρὸς</span> <span class='ocrx_word' id='word_1_145' title='bbox 772 952 821 989; x_wconf 75' lang='grc' dir='ltr'><strong>τὴν</strong></span> <span class='ocrx_word' id='word_1_146' title='bbox 834 954 879 981; x_wconf 77' lang='grc' dir='ltr'><strong>τοῦ</strong></span> 
     </span>
     <span class='ocr_line' id='line_1_18' title="bbox 110 999 880 1042; baseline -0.005 -11"><span class='ocrx_word' id='word_1_147' title='bbox 110 1002 182 1031; x_wconf 72' lang='grc' dir='ltr'>Θεοῦ·</span> <span class='ocrx_word' id='word_1_148' title='bbox 201 1002 298 1040; x_wconf 76' lang='grc' dir='ltr'>γνῶσιν</span> <span class='ocrx_word' id='word_1_149' title='bbox 308 1004 517 1042; x_wconf 82' lang='grc' dir='ltr'>χειραγωγοῦσα.</span> <span class='ocrx_word' id='word_1_150' title='bbox 530 999 618 1030; x_wconf 71' lang='grc' dir='ltr'>”Οταν</span> <span class='ocrx_word' id='word_1_151' title='bbox 631 999 682 1039; x_wconf 76' lang='grc' dir='ltr'><strong>γὰρ</strong></span> <span class='ocrx_word' id='word_1_152' title='bbox 702 999 813 1038; x_wconf 74' lang='grc' dir='ltr'>ἐννοήσῃ</span> <span class='ocrx_word' id='word_1_153' title='bbox 827 1011 880 1034; x_wconf 87' lang='grc' dir='ltr'>τις,</span> 
     </span>
     <span class='ocr_line' id='line_1_19' title="bbox 109 1044 881 1087; baseline -0.004 -11"><span class='ocrx_word' id='word_1_154' title='bbox 109 1046 191 1076; x_wconf 85' lang='grc' dir='ltr'>πόσον</span> <span class='ocrx_word' id='word_1_155' title='bbox 202 1046 249 1086; x_wconf 77' lang='grc' dir='ltr'><strong>μὲν</strong></span> <span class='ocrx_word' id='word_1_156' title='bbox 260 1047 291 1076; x_wconf 85' lang='grc' dir='ltr'>τὸ</span> <span class='ocrx_word' id='word_1_157' title='bbox 303 1047 436 1087; x_wconf 79' lang='grc' dir='ltr'>χρήσιμον</span> <span class='ocrx_word' id='word_1_158' title='bbox 449 1049 497 1082; x_wconf 73' lang='grc' dir='ltr'>τῆς</span> <span class='ocrx_word' id='word_1_159' title='bbox 510 1045 612 1085; x_wconf 80' lang='grc' dir='ltr'>ἡμέρας</span> <span class='ocrx_word' id='word_1_160' title='bbox 623 1068 632 1083; x_wconf 87' lang='grc'>,</span> <span class='ocrx_word' id='word_1_161' title='bbox 653 1044 734 1074; x_wconf 87' lang='grc' dir='ltr'>πόσον</span> <span class='ocrx_word' id='word_1_162' title='bbox 748 1044 776 1074; x_wconf 80' lang='grc' dir='ltr'><strong>δὲ</strong></span> <span class='ocrx_word' id='word_1_163' title='bbox 789 1044 821 1073; x_wconf 82' lang='grc' dir='ltr'>τὸ</span> <span class='ocrx_word' id='word_1_164' title='bbox 833 1046 881 1079; x_wconf 72' lang='grc' dir='ltr'>τῆς</span> 
     </span>
    </p>
   </div>
   <div class='ocr_carea' id='block_1_5' title="bbox 933 209 1681 537">
    <p class='ocr_par' dir='ltr' id='par_1_5' title="bbox 933 209 1681 537">
     <span class='ocr_line' id='line_1_20' title="bbox 1611 209 1671 245; baseline 0 -14"><span class='ocrx_word' id='word_1_165' title='bbox 1611 211 1621 231; x_wconf 86' lang='lat' dir='ltr'>l</span> <span class='ocrx_word' id='word_1_166' title='bbox 1631 210 1649 245; x_wconf 85' lang='lat'><strong><em>7</em></strong></span> <span class='ocrx_word' id='word_1_167' title='bbox 1658 209 1671 231; x_wconf 83' lang='lat'>1</span> 
     </span>
     <span class='ocr_line' id='line_1_21' title="bbox 937 266 1678 307; baseline 0.004 -13"><span class='ocrx_word' id='word_1_168' title='bbox 937 270 1004 294; x_wconf 84' lang='lat' dir='ltr'><strong>tore.</strong></span> <span class='ocrx_word' id='word_1_169' title='bbox 1016 266 1056 295; x_wconf 92' lang='lat' dir='ltr'><strong>Ut</strong></span> <span class='ocrx_word' id='word_1_170' title='bbox 1068 266 1139 296; x_wconf 90' lang='lat' dir='ltr'><strong>enim</strong></span> <span class='ocrx_word' id='word_1_171' title='bbox 1151 266 1208 297; x_wconf 84' lang='lat' dir='ltr'><strong>dies</strong></span> <span class='ocrx_word' id='word_1_172' title='bbox 1217 267 1252 296; x_wconf 91' lang='lat' dir='ltr'><strong>ad</strong></span> <span class='ocrx_word' id='word_1_173' title='bbox 1270 266 1449 307; x_wconf 79' lang='lat' dir='ltr'><strong>operationem</strong></span> <span class='ocrx_word' id='word_1_174' title='bbox 1459 266 1594 297; x_wconf 87' lang='lat' dir='ltr'><strong>hominem</strong></span> <span class='ocrx_word' id='word_1_175' title='bbox 1607 268 1678 298; x_wconf 83' lang='lat' dir='ltr'><strong>edu-</strong></span> 
     </span>
     <span class='ocr_line' id='line_1_22' title="bbox 936 310 1679 353; baseline 0.007 -14"><span class='ocrx_word' id='word_1_176' title='bbox 936 310 984 348; x_wconf 89' lang='lat' dir='ltr'><strong>cit,</strong></span> <span class='ocrx_word' id='word_1_177' title='bbox 992 311 1029 340; x_wconf 91' lang='lat' dir='ltr'><strong>ita</strong></span> <span class='ocrx_word' id='word_1_178' title='bbox 1043 312 1186 342; x_wconf 85' lang='lat' dir='ltr'><strong>succedens</strong></span> <span class='ocrx_word' id='word_1_179' title='bbox 1205 323 1260 343; x_wconf 87' lang='lat' dir='ltr'><strong>nox</strong></span> <span class='ocrx_word' id='word_1_180' title='bbox 1279 313 1314 343; x_wconf 84' lang='lat' dir='ltr'><strong>ab</strong></span> <span class='ocrx_word' id='word_1_181' title='bbox 1327 313 1474 342; x_wconf 73' lang='lat' dir='ltr'>innumeris</span> <span class='ocrx_word' id='word_1_182' title='bbox 1495 313 1537 343; x_wconf 82' lang='lat' dir='ltr'><strong>illi</strong></span> <span class='ocrx_word' id='word_1_183' title='bbox 1560 314 1679 353; x_wconf 82' lang='lat' dir='ltr'>requiem</span> 
     </span>
     <span class='ocr_line' id='line_1_23' title="bbox 934 355 1680 395; baseline 0.007 -10"><span class='ocrx_word' id='word_1_184' title='bbox 934 355 981 386; x_wconf 88' lang='lat' dir='ltr'><strong>dat</strong></span> <span class='ocrx_word' id='word_1_185' title='bbox 1006 357 1156 395; x_wconf 84' lang='lat' dir='ltr'>laboribus,</span> <span class='ocrx_word' id='word_1_186' title='bbox 1175 369 1238 388; x_wconf 88' lang='lat' dir='ltr'><strong>cum</strong></span> <span class='ocrx_word' id='word_1_187' title='bbox 1251 369 1314 388; x_wconf 90' lang='lat' dir='ltr'><strong>eum</strong></span> <span class='ocrx_word' id='word_1_188' title='bbox 1337 359 1420 395; x_wconf 87' lang='lat' dir='ltr'><strong>levat,</strong></span> <span class='ocrx_word' id='word_1_189' title='bbox 1428 359 1521 389; x_wconf 85' lang='lat' dir='ltr'><strong>oculos</strong></span> <span class='ocrx_word' id='word_1_190' title='bbox 1531 360 1680 390; x_wconf 79' lang='lat' dir='ltr'><strong>fatiscentes</strong></span> 
     </span>
     <span class='ocr_line' id='line_1_24' title="bbox 934 404 1680 445; baseline 0.007 -14"><span class='ocrx_word' id='word_1_191' title='bbox 934 404 1214 445; x_wconf 85' lang='lat' dir='ltr'><strong>consopit,palpebras</strong></span> <span class='ocrx_word' id='word_1_192' title='bbox 1225 405 1387 445; x_wconf 82' lang='lat' dir='ltr'><strong>comprimit,</strong></span> <span class='ocrx_word' id='word_1_193' title='bbox 1394 405 1529 445; x_wconf 87' lang='lat' dir='ltr'><strong>efficitque</strong></span> <span class='ocrx_word' id='word_1_194' title='bbox 1539 413 1569 436; x_wconf 87' lang='lat' dir='ltr'><strong>ut</strong></span> <span class='ocrx_word' id='word_1_195' title='bbox 1580 406 1680 436; x_wconf 88' lang='lat' dir='ltr'><strong>instau-</strong></span> 
     </span>
     <span class='ocr_line' id='line_1_25' title="bbox 933 449 1681 492; baseline 0.005 -14"><span class='ocrx_word' id='word_1_196' title='bbox 933 449 998 478; x_wconf 83' lang='lat' dir='ltr'><strong>ratis</strong></span> <span class='ocrx_word' id='word_1_197' title='bbox 1022 450 1128 480; x_wconf 85' lang='lat' dir='ltr'><strong>viribus</strong></span> <span class='ocrx_word' id='word_1_198' title='bbox 1140 451 1228 481; x_wconf 79' lang='lat' dir='ltr'><strong>radios</strong></span> <span class='ocrx_word' id='word_1_199' title='bbox 1252 452 1317 481; x_wconf 87' lang='lat' dir='ltr'><strong>solis</strong></span> <span class='ocrx_word' id='word_1_200' title='bbox 1340 462 1434 481; x_wconf 88' lang='lat' dir='ltr'><strong>rursus</strong></span> <span class='ocrx_word' id='word_1_201' title='bbox 1446 452 1573 492; x_wconf 83' lang='lat' dir='ltr'><strong>excipiat.</strong></span> <span class='ocrx_word' id='word_1_202' title='bbox 1588 454 1681 492; x_wconf 86' lang='lat' dir='ltr'><strong>Itaque</strong></span> 
     </span>
     <span class='ocr_line' id='line_1_26' title="bbox 933 496 1681 537; baseline 0.007 -13"><span class='ocrx_word' id='word_1_203' title='bbox 933 504 985 524; x_wconf 91' lang='lat' dir='ltr'><strong>non</strong></span> <span class='ocrx_word' id='word_1_204' title='bbox 998 496 1095 535; x_wconf 80' lang='lat' dir='ltr'><strong>exigua</strong></span> <span class='ocrx_word' id='word_1_205' title='bbox 1116 497 1198 537; x_wconf 84' lang='lat' dir='ltr'><strong>hujus</strong></span> <span class='ocrx_word' id='word_1_206' title='bbox 1211 508 1318 537; x_wconf 84' lang='lat' dir='ltr'><strong>quoque</strong></span> <span class='ocrx_word' id='word_1_207' title='bbox 1339 505 1379 528; x_wconf 87' lang='lat' dir='ltr'><strong>est</strong></span> <span class='ocrx_word' id='word_1_208' title='bbox 1398 498 1512 536; x_wconf 82' lang='lat' dir='ltr'><strong>utilitas,</strong></span> <span class='ocrx_word' id='word_1_209' title='bbox 1527 499 1581 529; x_wconf 88' lang='lat' dir='ltr'><strong>imo</strong></span> <span class='ocrx_word' id='word_1_210' title='bbox 1601 500 1681 529; x_wconf 81' lang='lat' dir='ltr'><strong>etiam</strong></span> 
     </span>
    </p>
   </div>
   <div class='ocr_carea' id='block_1_6' title="bbox 931 543 1832 629">
    <p class='ocr_par' dir='ltr' id='par_1_6' title="bbox 931 543 1832 629">
     <span class='ocr_line' id='line_1_27' title="bbox 932 543 1832 582; baseline 0.009 -11"><span class='ocrx_word' id='word_1_211' title='bbox 932 543 1108 582; x_wconf 83' lang='lat' dir='ltr'><strong>magna.Nisi</strong></span> <span class='ocrx_word' id='word_1_212' title='bbox 1117 544 1189 573; x_wconf 88' lang='lat' dir='ltr'><strong>enim</strong></span> <span class='ocrx_word' id='word_1_213' title='bbox 1215 544 1358 574; x_wconf 86' lang='lat' dir='ltr'><strong>succedens</strong></span> <span class='ocrx_word' id='word_1_214' title='bbox 1383 545 1532 575; x_wconf 82' lang='lat' dir='ltr'><strong>innumeris</strong></span> <span class='ocrx_word' id='word_1_215' title='bbox 1546 557 1561 575; x_wconf 83' lang='lat' dir='ltr'><strong>a</strong></span> <span class='ocrx_word' id='word_1_216' title='bbox 1579 546 1680 575; x_wconf 85' lang='lat' dir='ltr'><strong>lahori-</strong></span> <span class='ocrx_word' id='word_1_217' title='bbox 1691 557 1765 579; x_wconf 65' lang='lat' dir='ltr'><strong>Nonus</strong></span> <span class='ocrx_word' id='word_1_218' title='bbox 1788 558 1832 579; x_wconf 75' lang='lat' dir='ltr'><strong>uu-</strong></span> 
     </span>
     <span class='ocr_line' id='line_1_28' title="bbox 931 586 1747 629; baseline 0.006 -12"><span class='ocrx_word' id='word_1_219' title='bbox 931 586 983 617; x_wconf 84' lang='lat' dir='ltr'><strong>bus</strong></span> <span class='ocrx_word' id='word_1_220' title='bbox 995 587 1099 618; x_wconf 90' lang='lat' dir='ltr'><strong>homini</strong></span> <span class='ocrx_word' id='word_1_221' title='bbox 1113 590 1231 628; x_wconf 80' lang='lat' dir='ltr'><strong>requiem</strong></span> <span class='ocrx_word' id='word_1_222' title='bbox 1242 590 1362 629; x_wconf 82' lang='lat' dir='ltr'><strong>aliquam</strong></span> <span class='ocrx_word' id='word_1_223' title='bbox 1375 589 1462 628; x_wconf 88' lang='lat' dir='ltr'><strong>daret,</strong></span> <span class='ocrx_word' id='word_1_224' title='bbox 1482 591 1552 620; x_wconf 86' lang='lat' dir='ltr'><strong>nihil</strong></span> <span class='ocrx_word' id='word_1_225' title='bbox 1565 591 1625 621; x_wconf 89' lang='lat' dir='ltr'><strong>dies</strong></span> <span class='ocrx_word' id='word_1_226' title='bbox 1638 591 1681 623; x_wconf 86' lang='lat' dir='ltr'><strong>illi</strong></span> <span class='ocrx_word' id='word_1_227' title='bbox 1690 589 1747 610; x_wconf 56' lang='lat'><strong>¹⁵¹³*-</strong></span> 
     </span>
    </p>
   </div>
   <div class='ocr_carea' id='block_1_7' title="bbox 931 633 1685 1090">
    <p class='ocr_par' dir='ltr' id='par_1_7' title="bbox 931 633 1685 1090">
     <span class='ocr_line' id='line_1_29' title="bbox 931 633 1682 675; baseline 0.003 -12"><span class='ocrx_word' id='word_1_228' title='bbox 931 633 1078 672; x_wconf 85' lang='lat' dir='ltr'><strong>prodessct,</strong></span> <span class='ocrx_word' id='word_1_229' title='bbox 1108 646 1168 674; x_wconf 67' lang='lat' dir='ltr'><strong>quae</strong></span> <span class='ocrx_word' id='word_1_230' title='bbox 1191 635 1226 665; x_wconf 85' lang='lat' dir='ltr'><strong>ad</strong></span> <span class='ocrx_word' id='word_1_231' title='bbox 1249 635 1432 675; x_wconf 84' lang='lat' dir='ltr'><strong>operationem</strong></span> <span class='ocrx_word' id='word_1_232' title='bbox 1456 636 1536 666; x_wconf 89' lang='lat' dir='ltr'><strong>illum</strong></span> <span class='ocrx_word' id='word_1_233' title='bbox 1563 638 1657 667; x_wconf 77' lang='lat' dir='ltr'><strong>eduxit</strong></span> <span class='ocrx_word' id='word_1_234' title='bbox 1673 647 1682 665; x_wconf 71' lang='grc' dir='ltr'>τ</span> 
     </span>
     <span class='ocr_line' id='line_1_30' title="bbox 931 679 1684 720; baseline 0.004 -10"><span class='ocrx_word' id='word_1_235' title='bbox 931 679 1033 720; x_wconf 87' lang='lat' dir='ltr'><strong>quippe</strong></span> <span class='ocrx_word' id='word_1_236' title='bbox 1054 687 1150 711; x_wconf 86' lang='lat' dir='ltr'><strong>natura</strong></span> <span class='ocrx_word' id='word_1_237' title='bbox 1173 681 1324 719; x_wconf 85' lang='lat' dir='ltr'><strong>deficiente,</strong></span> <span class='ocrx_word' id='word_1_238' title='bbox 1354 682 1480 712; x_wconf 90' lang='lat' dir='ltr'><strong>laborum</strong></span> <span class='ocrx_word' id='word_1_239' title='bbox 1510 684 1684 713; x_wconf 75' lang='lat' dir='ltr'><strong>continuitate</strong></span> 
     </span>
     <span class='ocr_line' id='line_1_31' title="bbox 931 727 1684 768; baseline 0.005 -13"><span class='ocrx_word' id='word_1_240' title='bbox 931 727 1080 756; x_wconf 84' lang='lat' dir='ltr'><strong>confectum</strong></span> <span class='ocrx_word' id='word_1_241' title='bbox 1093 728 1193 758; x_wconf 84' lang='lat' dir='ltr'><strong>animal</strong></span> <span class='ocrx_word' id='word_1_242' title='bbox 1206 729 1281 759; x_wconf 88' lang='lat' dir='ltr'><strong>istud</strong></span> <span class='ocrx_word' id='word_1_243' title='bbox 1295 730 1405 768; x_wconf 83' lang='lat' dir='ltr'><strong>periret,</strong></span> <span class='ocrx_word' id='word_1_244' title='bbox 1420 739 1468 759; x_wconf 89' lang='lat' dir='ltr'><strong>nec</strong></span> <span class='ocrx_word' id='word_1_245' title='bbox 1482 730 1564 759; x_wconf 79' lang='lat' dir='ltr'><strong>ullam</strong></span> <span class='ocrx_word' id='word_1_246' title='bbox 1579 729 1684 759; x_wconf 64' lang='lat' dir='ltr'><strong>ei&#39;lucis</strong></span> 
     </span>
     <span class='ocr_line' id='line_1_32' title="bbox 933 774 1685 815; baseline 0.004 -13"><span class='ocrx_word' id='word_1_247' title='bbox 933 783 1015 804; x_wconf 81' lang='lat' dir='ltr'><strong>usura</strong></span> <span class='ocrx_word' id='word_1_248' title='bbox 1025 774 1240 804; x_wconf 77' lang='lat' dir='ltr'><strong>commoditatem</strong></span> <span class='ocrx_word' id='word_1_249' title='bbox 1252 776 1369 805; x_wconf 79' lang='lat' dir='ltr'><strong>afferret.</strong></span> <span class='ocrx_word' id='word_1_250' title='bbox 1380 777 1420 805; x_wconf 86' lang='lat' dir='ltr'><strong>Ea</strong></span> <span class='ocrx_word' id='word_1_251' title='bbox 1430 776 1513 815; x_wconf 83' lang='lat' dir='ltr'><strong>igitur</strong></span> <span class='ocrx_word' id='word_1_252' title='bbox 1521 782 1560 805; x_wconf 88' lang='lat' dir='ltr'><strong>est</strong></span> <span class='ocrx_word' id='word_1_253' title='bbox 1576 787 1685 815; x_wconf 65' lang='lat' dir='ltr'><strong>praeser-</strong></span> 
     </span>
     <span class='ocr_line' id='line_1_33' title="bbox 932 818 1684 860; baseline 0.003 -12"><span class='ocrx_word' id='word_1_254' title='bbox 932 818 993 856; x_wconf 83' lang='lat' dir='ltr'><strong>tim,</strong></span> <span class='ocrx_word' id='word_1_255' title='bbox 1008 830 1068 858; x_wconf 79' lang='lat' dir='ltr'><strong>quae</strong></span> <span class='ocrx_word' id='word_1_256' title='bbox 1088 819 1162 850; x_wconf 89' lang='lat' dir='ltr'><strong>diem</strong></span> <span class='ocrx_word' id='word_1_257' title='bbox 1185 820 1288 850; x_wconf 88' lang='lat' dir='ltr'><strong>homini</strong></span> <span class='ocrx_word' id='word_1_258' title='bbox 1305 822 1399 852; x_wconf 91' lang='lat' dir='ltr'><strong>utilem</strong></span> <span class='ocrx_word' id='word_1_259' title='bbox 1411 821 1510 859; x_wconf 79' lang='lat' dir='ltr'><strong>reddit,</strong></span> <span class='ocrx_word' id='word_1_260' title='bbox 1525 832 1585 860; x_wconf 80' lang='lat' dir='ltr'><strong>quae</strong></span> <span class='ocrx_word' id='word_1_261' title='bbox 1599 822 1684 851; x_wconf 91' lang='lat' dir='ltr'><strong>mini-</strong></span> 
     </span>
     <span class='ocr_line' id='line_1_34' title="bbox 931 865 1685 907; baseline 0.004 -14"><span class='ocrx_word' id='word_1_262' title='bbox 931 865 1012 894; x_wconf 88' lang='lat' dir='ltr'><strong>sterio</strong></span> <span class='ocrx_word' id='word_1_263' title='bbox 1025 876 1073 894; x_wconf 89' lang='lat' dir='ltr'><strong>suo</strong></span> <span class='ocrx_word' id='word_1_264' title='bbox 1092 865 1127 895; x_wconf 86' lang='lat' dir='ltr'><strong>ad</strong></span> <span class='ocrx_word' id='word_1_265' title='bbox 1140 866 1318 906; x_wconf 81' lang='lat' dir='ltr'><strong>cognitionem</strong></span> <span class='ocrx_word' id='word_1_266' title='bbox 1339 869 1390 897; x_wconf 88' lang='lat' dir='ltr'><strong>Dei</strong></span> <span class='ocrx_word' id='word_1_267' title='bbox 1405 867 1528 907; x_wconf 79' lang='lat' dir='ltr'><strong>provehit</strong></span> <span class='ocrx_word' id='word_1_268' title='bbox 1543 877 1618 904; x_wconf 87' lang='lat' dir='ltr'><strong>eum,</strong></span> <span class='ocrx_word' id='word_1_269' title='bbox 1635 868 1685 906; x_wconf 88' lang='lat' dir='ltr'><strong>qui</strong></span> 
     </span>
     <span class='ocr_line' id='line_1_35' title="bbox 931 910 1681 952; baseline 0.004 -13"><span class='ocrx_word' id='word_1_270' title='bbox 931 910 1029 940; x_wconf 85' lang='lat' dir='ltr'><strong>chorea</strong></span> <span class='ocrx_word' id='word_1_271' title='bbox 1041 911 1127 951; x_wconf 87' lang='lat' dir='ltr'><strong>ipsius</strong></span> <span class='ocrx_word' id='word_1_272' title='bbox 1138 912 1296 952; x_wconf 82' lang='lat' dir='ltr'><strong>perfruitur.</strong></span> <span class='ocrx_word' id='word_1_273' title='bbox 1312 915 1382 942; x_wconf 91' lang='lat' dir='ltr'><strong>Cum</strong></span> <span class='ocrx_word' id='word_1_274' title='bbox 1395 913 1466 942; x_wconf 84' lang='lat' dir='ltr'><strong>enim</strong></span> <span class='ocrx_word' id='word_1_275' title='bbox 1489 912 1562 951; x_wconf 83' lang='lat' dir='ltr'><strong>apud</strong></span> <span class='ocrx_word' id='word_1_276' title='bbox 1578 923 1605 941; x_wconf 89' lang='lat' dir='ltr'><strong>sc</strong></span> <span class='ocrx_word' id='word_1_277' title='bbox 1621 923 1681 952; x_wconf 88' lang='lat' dir='ltr'><strong>per-</strong></span> 
     </span>
     <span class='ocr_line' id='line_1_36' title="bbox 931 956 1679 997; baseline 0.004 -12"><span class='ocrx_word' id='word_1_278' title='bbox 931 956 1053 996; x_wconf 86' lang='lat' dir='ltr'><strong>penderit</strong></span> <span class='ocrx_word' id='word_1_279' title='bbox 1065 958 1211 997; x_wconf 82' lang='lat' dir='ltr'><strong>quispiam,</strong></span> <span class='ocrx_word' id='word_1_280' title='bbox 1226 965 1324 997; x_wconf 87' lang='lat' dir='ltr'><strong>quanta</strong></span> <span class='ocrx_word' id='word_1_281' title='bbox 1336 958 1390 987; x_wconf 85' lang='lat' dir='ltr'><strong>diei</strong></span> <span class='ocrx_word' id='word_1_282' title='bbox 1403 958 1438 987; x_wconf 90' lang='lat' dir='ltr'><strong>sit</strong></span> <span class='ocrx_word' id='word_1_283' title='bbox 1448 958 1562 994; x_wconf 87' lang='lat' dir='ltr'><strong>utilitas,</strong></span> <span class='ocrx_word' id='word_1_284' title='bbox 1576 966 1679 997; x_wconf 81' lang='lat' dir='ltr'><strong>quanta</strong></span> 
     </span>
     <span class='ocr_line' id='line_1_37' title="bbox 932 1002 1684 1043; baseline 0.004 -12"><span class='ocrx_word' id='word_1_285' title='bbox 932 1002 1028 1040; x_wconf 83' lang='lat' dir='ltr'><strong>noctis,</strong></span> <span class='ocrx_word' id='word_1_286' title='bbox 1043 1010 1069 1032; x_wconf 89' lang='lat' dir='ltr'><strong>et</strong></span> <span class='ocrx_word' id='word_1_287' title='bbox 1082 1014 1136 1042; x_wconf 91' lang='lat' dir='ltr'><strong>qno</strong></span> <span class='ocrx_word' id='word_1_288' title='bbox 1146 1011 1223 1043; x_wconf 81' lang='lat' dir='ltr'><strong>pacto</strong></span> <span class='ocrx_word' id='word_1_289' title='bbox 1236 1004 1292 1033; x_wconf 79' lang='lat' dir='ltr'><strong>hoec</strong></span> <span class='ocrx_word' id='word_1_290' title='bbox 1316 1004 1358 1033; x_wconf 91' lang='lat' dir='ltr'><strong>illi</strong></span> <span class='ocrx_word' id='word_1_291' title='bbox 1378 1004 1508 1042; x_wconf 85' lang='lat' dir='ltr'><strong>succedit,</strong></span> <span class='ocrx_word' id='word_1_292' title='bbox 1520 1012 1546 1034; x_wconf 86' lang='lat' dir='ltr'><strong>et</strong></span> <span class='ocrx_word' id='word_1_293' title='bbox 1574 1005 1684 1035; x_wconf 85' lang='lat' dir='ltr'><strong>variatis</strong></span> 
     </span>
     <span class='ocr_line' id='line_1_38' title="bbox 932 1047 1685 1090; baseline 0.005 -14"><span class='ocrx_word' id='word_1_294' title='bbox 932 1047 1051 1086; x_wconf 84' lang='lat' dir='ltr'><strong>vicibus,</strong></span> <span class='ocrx_word' id='word_1_295' title='bbox 1061 1049 1136 1079; x_wconf 87' lang='lat' dir='ltr'><strong>velut</strong></span> <span class='ocrx_word' id='word_1_296' title='bbox 1154 1049 1182 1078; x_wconf 92' lang='lat' dir='ltr'><strong>in</strong></span> <span class='ocrx_word' id='word_1_297' title='bbox 1198 1049 1280 1079; x_wconf 89' lang='lat' dir='ltr'><strong>choro</strong></span> <span class='ocrx_word' id='word_1_298' title='bbox 1299 1050 1437 1090; x_wconf 89' lang='lat' dir='ltr'><strong>quopiam,</strong></span> <span class='ocrx_word' id='word_1_299' title='bbox 1459 1050 1611 1080; x_wconf 79' lang='lat' dir='ltr'><strong>alternatim</strong></span> <span class='ocrx_word' id='word_1_300' title='bbox 1632 1050 1685 1080; x_wconf 89' lang='lat' dir='ltr'><strong>sibi</strong></span> 
     </span>
    </p>
   </div>
   <div class='ocr_carea' id='block_1_8' title="bbox 110 1089 1685 1182">
    <p class='ocr_par' dir='ltr' id='par_1_8' title="bbox 110 1089 1685 1182">
     <span class='ocr_line' id='line_1_39' title="bbox 110 1089 1685 1136; baseline -0.001 -10"><span class='ocrx_word' id='word_1_301' title='bbox 110 1093 219 1131; x_wconf 71' lang='grc' dir='ltr'>νυκτὸς,</span> <span class='ocrx_word' id='word_1_302' title='bbox 239 1092 285 1122; x_wconf 75' lang='grc' dir='ltr'>καὶ</span> <span class='ocrx_word' id='word_1_303' title='bbox 298 1095 355 1126; x_wconf 68' lang='grc' dir='ltr'><strong>πῶς</strong></span> <span class='ocrx_word' id='word_1_304' title='bbox 371 1092 438 1127; x_wconf 67' lang='grc' dir='ltr'>αὕτη</span> <span class='ocrx_word' id='word_1_305' title='bbox 453 1091 602 1131; x_wconf 67' lang='grc' dir='ltr'>διαδέχεται</span> <span class='ocrx_word' id='word_1_306' title='bbox 615 1090 731 1127; x_wconf 71' lang='grc' dir='ltr'>ἐκείνην,</span> <span class='ocrx_word' id='word_1_307' title='bbox 750 1089 795 1119; x_wconf 64' lang='grc' dir='ltr'><strong>καὶ</strong></span> <span class='ocrx_word' id='word_1_308' title='bbox 809 1090 882 1118; x_wconf 73' lang='grc' dir='ltr'>ἕναλ-</span> <span class='ocrx_word' id='word_1_309' title='bbox 889 1094 1102 1133; x_wconf 68' lang='lat' dir='ltr'><strong>‚49succedentes</strong></span> <span class='ocrx_word' id='word_1_310' title='bbox 1114 1102 1235 1125; x_wconf 90' lang='lat' dir='ltr'><strong>nostrum</strong></span> <span class='ocrx_word' id='word_1_311' title='bbox 1261 1106 1343 1136; x_wconf 85' lang='lat' dir='ltr'><strong>genus</strong></span> <span class='ocrx_word' id='word_1_312' title='bbox 1367 1103 1536 1134; x_wconf 87' lang='lat' dir='ltr'><strong>conservant,</strong></span> <span class='ocrx_word' id='word_1_313' title='bbox 1561 1098 1685 1136; x_wconf 87' lang='lat' dir='ltr'><strong>quamvis</strong></span> 
     </span>
     <span class='ocr_line' id='line_1_40' title="bbox 111 1135 1684 1182; baseline 0.003 -14"><span class='ocrx_word' id='word_1_314' title='bbox 111 1138 173 1175; x_wconf 81' lang='grc' dir='ltr'>λὰξ,</span> <span class='ocrx_word' id='word_1_315' title='bbox 187 1138 277 1179; x_wconf 80' lang='grc' dir='ltr'>ὥσπερ</span> <span class='ocrx_word' id='word_1_316' title='bbox 291 1138 318 1168; x_wconf 82' lang='grc' dir='ltr'><strong>ἔν</strong></span> <span class='ocrx_word' id='word_1_317' title='bbox 332 1150 383 1168; x_wconf 82' lang='grc' dir='ltr'>τινι</span> <span class='ocrx_word' id='word_1_318' title='bbox 400 1139 486 1178; x_wconf 71' lang='grc' dir='ltr'>χοριῖ),</span> <span class='ocrx_word' id='word_1_319' title='bbox 507 1137 538 1167; x_wconf 75' lang='grc' dir='ltr'>τὸ</span> <span class='ocrx_word' id='word_1_320' title='bbox 556 1136 630 1177; x_wconf 76' lang='grc' dir='ltr'>γένος</span> <span class='ocrx_word' id='word_1_321' title='bbox 645 1139 722 1175; x_wconf 73' lang='grc' dir='ltr'>ἡμῶν</span> <span class='ocrx_word' id='word_1_322' title='bbox 735 1135 880 1174; x_wconf 66' lang='grc' dir='ltr'>ἆμοῑὸαὸὃν</span> <span class='ocrx_word' id='word_1_323' title='bbox 898 1141 919 1164; x_wconf 80' lang='grc' dir='ltr'><strong>Α</strong></span> <span class='ocrx_word' id='word_1_324' title='bbox 933 1140 1055 1170; x_wconf 84' lang='lat' dir='ltr'><strong>omnium</strong></span> <span class='ocrx_word' id='word_1_325' title='bbox 1078 1141 1219 1171; x_wconf 87' lang='lat' dir='ltr'><strong>hominum</strong></span> <span class='ocrx_word' id='word_1_326' title='bbox 1232 1141 1435 1182; x_wconf 85' lang='lat' dir='ltr'><strong>stupidissimus</strong></span> <span class='ocrx_word' id='word_1_327' title='bbox 1458 1143 1550 1180; x_wconf 74' lang='lat' dir='ltr'><strong>fucrit,</strong></span> <span class='ocrx_word' id='word_1_328' title='bbox 1569 1143 1684 1173; x_wconf 78' lang='lat' dir='ltr'><strong>excitata</strong></span> 
     </span>
    </p>
   </div>
   <div class='ocr_carea' id='block_1_9' title="bbox 111 1181 885 1681">
    <p class='ocr_par' dir='ltr' id='par_1_9' title="bbox 111 1181 883 1454">
     <span class='ocr_line' id='line_1_41' title="bbox 111 1181 881 1225; baseline -0.005 -11"><span class='ocrx_word' id='word_1_329' title='bbox 111 1184 296 1225; x_wconf 83' lang='grc' dir='ltr'>διαδεχόμεναι</span> <span class='ocrx_word' id='word_1_330' title='bbox 319 1185 490 1224; x_wconf 79' lang='grc' dir='ltr'>διατηροῦσι,</span> <span class='ocrx_word' id='word_1_331' title='bbox 516 1183 565 1212; x_wconf 78' lang='grc' dir='ltr'><strong>κᾶν</strong></span> <span class='ocrx_word' id='word_1_332' title='bbox 588 1182 712 1211; x_wconf 81' lang='grc' dir='ltr'>ἁπάντων</span> <span class='ocrx_word' id='word_1_333' title='bbox 738 1181 881 1221; x_wconf 81' lang='grc' dir='ltr'>ἀνθρώπων</span> 
     </span>
     <span class='ocr_line' id='line_1_42' title="bbox 111 1225 882 1270; baseline -0.004 -11"><span class='ocrx_word' id='word_1_334' title='bbox 111 1229 267 1270; x_wconf 80' lang='grc' dir='ltr'>νωθέστερος</span> <span class='ocrx_word' id='word_1_335' title='bbox 286 1225 322 1269; x_wconf 74' lang='grc' dir='ltr'><strong>ᾖ,</strong></span> <span class='ocrx_word' id='word_1_336' title='bbox 348 1229 487 1265; x_wconf 81' lang='grc' dir='ltr'>δυνήσεται</span> <span class='ocrx_word' id='word_1_337' title='bbox 504 1228 548 1258; x_wconf 80' lang='grc' dir='ltr'><strong>τὸν</strong></span> <span class='ocrx_word' id='word_1_338' title='bbox 565 1230 659 1258; x_wconf 82' lang='grc' dir='ltr'>οἰκεῖον</span> <span class='ocrx_word' id='word_1_339' title='bbox 678 1227 804 1267; x_wconf 82' lang='grc' dir='ltr'>λογισμὸν</span> <span class='ocrx_word' id='word_1_340' title='bbox 818 1229 882 1256; x_wconf 84' lang='grc' dir='ltr'>ἀνα-</span> 
     </span>
     <span class='ocr_line' id='line_1_43' title="bbox 111 1271 883 1315; baseline -0.008 -9"><span class='ocrx_word' id='word_1_341' title='bbox 111 1277 190 1305; x_wconf 72' lang='grc' dir='ltr'>κινῶν</span> <span class='ocrx_word' id='word_1_342' title='bbox 201 1275 297 1306; x_wconf 78' lang='grc' dir='ltr'>εἰδέναι</span> <span class='ocrx_word' id='word_1_343' title='bbox 311 1277 356 1305; x_wconf 81' lang='grc' dir='ltr'><strong>τοῦ</strong></span> <span class='ocrx_word' id='word_1_344' title='bbox 369 1274 555 1315; x_wconf 81' lang='grc' dir='ltr'>ᾶριστοτέχνου</span> <span class='ocrx_word' id='word_1_345' title='bbox 570 1275 641 1303; x_wconf 76' lang='grc' dir='ltr'>Θεοῦ</span> <span class='ocrx_word' id='word_1_346' title='bbox 661 1273 710 1309; x_wconf 84' lang='grc' dir='ltr'><strong>τὴν</strong></span> <span class='ocrx_word' id='word_1_347' title='bbox 723 1272 830 1312; x_wconf 77' lang='grc' dir='ltr'>σοφίαν,</span> <span class='ocrx_word' id='word_1_348' title='bbox 849 1271 883 1307; x_wconf 82' lang='grc' dir='ltr'><strong>ἣν</strong></span> 
     </span>
     <span class='ocr_line' id='line_1_44' title="bbox 111 1317 883 1362; baseline -0.006 -11"><span class='ocrx_word' id='word_1_349' title='bbox 111 1322 154 1351; x_wconf 80' lang='grc' dir='ltr'>διὰ</span> <span class='ocrx_word' id='word_1_350' title='bbox 167 1323 214 1358; x_wconf 79' lang='grc' dir='ltr'>τῆς</span> <span class='ocrx_word' id='word_1_351' title='bbox 227 1321 330 1362; x_wconf 77' lang='grc' dir='ltr'>ἡμέρας</span> <span class='ocrx_word' id='word_1_352' title='bbox 350 1321 396 1351; x_wconf 83' lang='grc' dir='ltr'><strong>καὶ</strong></span> <span class='ocrx_word' id='word_1_353' title='bbox 414 1323 461 1356; x_wconf 76' lang='grc' dir='ltr'>τῆς</span> <span class='ocrx_word' id='word_1_354' title='bbox 477 1319 569 1352; x_wconf 82' lang='grc' dir='ltr'>νυκτὸς</span> <span class='ocrx_word' id='word_1_355' title='bbox 590 1317 753 1354; x_wconf 77' lang='grc' dir='ltr'>ἐπεδείξατο,</span> <span class='ocrx_word' id='word_1_356' title='bbox 780 1317 883 1353; x_wconf 72' lang='grc' dir='ltr'>ἐκείνην</span> 
     </span>
     <span class='ocr_line' id='line_1_45' title="bbox 112 1362 882 1408; baseline -0.008 -11"><span class='ocrx_word' id='word_1_357' title='bbox 112 1366 160 1406; x_wconf 82' lang='grc' dir='ltr'><strong>μὲν</strong></span> <span class='ocrx_word' id='word_1_358' title='bbox 182 1369 219 1402; x_wconf 82' lang='grc' dir='ltr'><strong>εἰς</strong></span> <span class='ocrx_word' id='word_1_359' title='bbox 237 1367 381 1408; x_wconf 80' lang='grc' dir='ltr'>ἐργασίαν,</span> <span class='ocrx_word' id='word_1_360' title='bbox 404 1366 502 1403; x_wconf 83' lang='grc' dir='ltr'>ταύτην</span> <span class='ocrx_word' id='word_1_361' title='bbox 522 1365 549 1396; x_wconf 77' lang='grc' dir='ltr'><strong>δὲ</strong></span> <span class='ocrx_word' id='word_1_362' title='bbox 564 1367 601 1398; x_wconf 82' lang='grc' dir='ltr'><strong>εἰς</strong></span> <span class='ocrx_word' id='word_1_363' title='bbox 615 1365 703 1394; x_wconf 86' lang='grc' dir='ltr'>ἄνεσιν</span> <span class='ocrx_word' id='word_1_364' title='bbox 722 1365 775 1393; x_wconf 82' lang='grc' dir='ltr'><strong>τῶν</strong></span> <span class='ocrx_word' id='word_1_365' title='bbox 795 1362 882 1392; x_wconf 81' lang='grc' dir='ltr'>πόνων</span> 
     </span>
     <span class='ocr_line' id='line_1_46' title="bbox 111 1413 395 1454; baseline 0.004 -12"><span class='ocrx_word' id='word_1_366' title='bbox 111 1413 304 1454; x_wconf 76' lang='grc' dir='ltr'>ἀποκληρώσας</span> <span class='ocrx_word' id='word_1_367' title='bbox 321 1416 395 1453; x_wconf 85' lang='grc' dir='ltr'>ἡμῖν.</span> 
     </span>
    </p>

    <p class='ocr_par' dir='ltr' id='par_1_10' title="bbox 111 1456 885 1681">
     <span class='ocr_line' id='line_1_47' title="bbox 127 1456 883 1499; baseline -0.008 -9"><span class='ocrx_word' id='word_1_368' title='bbox 127 1470 129 1474; x_wconf 94' lang='grc'><strong><em>·</em></strong></span> <span class='ocrx_word' id='word_1_369' title='bbox 150 1459 231 1489; x_wconf 75' lang='grc' dir='ltr'>Ἀλλὰ</span> <span class='ocrx_word' id='word_1_370' title='bbox 247 1462 330 1489; x_wconf 80' lang='grc' dir='ltr'>ταῦτα</span> <span class='ocrx_word' id='word_1_371' title='bbox 355 1459 403 1499; x_wconf 81' lang='grc' dir='ltr'><strong>μὲν</strong></span> <span class='ocrx_word' id='word_1_372' title='bbox 427 1460 459 1488; x_wconf 83' lang='grc' dir='ltr'>ἐκ</span> <span class='ocrx_word' id='word_1_373' title='bbox 478 1459 530 1488; x_wconf 85' lang='grc' dir='ltr'><strong>τῶν</strong></span> <span class='ocrx_word' id='word_1_374' title='bbox 552 1457 698 1498; x_wconf 82' lang='grc' dir='ltr'>προοιμίων</span> <span class='ocrx_word' id='word_1_375' title='bbox 714 1456 819 1486; x_wconf 78' lang='grc' dir='ltr'>ἅπαντα</span> <span class='ocrx_word' id='word_1_376' title='bbox 842 1456 883 1484; x_wconf 83' lang='grc' dir='ltr'><strong>εἷ-</strong></span> 
     </span>
     <span class='ocr_line' id='line_1_48' title="bbox 111 1503 884 1545; baseline -0.006 -11"><span class='ocrx_word' id='word_1_377' title='bbox 111 1509 170 1534; x_wconf 87' lang='grc' dir='ltr'><strong>πεῖν</strong></span> <span class='ocrx_word' id='word_1_378' title='bbox 185 1504 326 1545; x_wconf 76' lang='grc' dir='ltr'>ἐξέὸημεν·</span> <span class='ocrx_word' id='word_1_379' title='bbox 346 1504 439 1541; x_wconf 82' lang='grc' dir='ltr'>ἐπειδὴ</span> <span class='ocrx_word' id='word_1_380' title='bbox 455 1504 482 1534; x_wconf 82' lang='grc' dir='ltr'><strong>δὲ</strong></span> <span class='ocrx_word' id='word_1_381' title='bbox 498 1507 552 1538; x_wconf 80' lang='grc' dir='ltr'><strong>τῶν</strong></span> <span class='ocrx_word' id='word_1_382' title='bbox 563 1503 679 1543; x_wconf 79' lang='grc' dir='ltr'>σήμερον</span> <span class='ocrx_word' id='word_1_383' title='bbox 690 1505 755 1541; x_wconf 83' lang='grc' dir='ltr'>ἡμῖν</span> <span class='ocrx_word' id='word_1_384' title='bbox 766 1503 884 1540; x_wconf 81' lang='grc' dir='ltr'>ἀναγνω-</span> 
     </span>
     <span class='ocr_line' id='line_1_49' title="bbox 112 1547 884 1588; baseline -0.005 -9"><span class='ocrx_word' id='word_1_385' title='bbox 112 1550 223 1580; x_wconf 77' lang='grc' dir='ltr'>σθέντων</span> <span class='ocrx_word' id='word_1_386' title='bbox 249 1551 309 1580; x_wconf 76' lang='grc' dir='ltr'>τινὰ</span> <span class='ocrx_word' id='word_1_387' title='bbox 335 1551 449 1584; x_wconf 77' lang='grc' dir='ltr'>πολλοὺς</span> <span class='ocrx_word' id='word_1_388' title='bbox 481 1552 533 1580; x_wconf 76' lang='grc' dir='ltr'><strong>τῶν</strong></span> <span class='ocrx_word' id='word_1_389' title='bbox 562 1551 592 1579; x_wconf 84' lang='grc' dir='ltr'><strong>οὗ</strong></span> <span class='ocrx_word' id='word_1_390' title='bbox 615 1548 798 1588; x_wconf 78' lang='grc' dir='ltr'>προσεχόντων</span> <span class='ocrx_word' id='word_1_391' title='bbox 823 1547 884 1580; x_wconf 83' lang='grc' dir='ltr'>ἴσως</span> 
     </span>
     <span class='ocr_line' id='line_1_50' title="bbox 111 1592 884 1636; baseline -0.005 -12"><span class='ocrx_word' id='word_1_392' title='bbox 111 1595 270 1635; x_wconf 72' lang='grc' dir='ltr'>ἐθορῦὅησε,</span> <span class='ocrx_word' id='word_1_393' title='bbox 296 1596 342 1626; x_wconf 78' lang='grc' dir='ltr'><strong>καὶ</strong></span> <span class='ocrx_word' id='word_1_394' title='bbox 355 1597 408 1626; x_wconf 81' lang='grc' dir='ltr'><strong>τῶν</strong></span> <span class='ocrx_word' id='word_1_395' title='bbox 423 1596 536 1636; x_wconf 79' lang='grc' dir='ltr'>ἀπείρως</span> <span class='ocrx_word' id='word_1_396' title='bbox 553 1594 660 1635; x_wconf 75' lang='grc' dir='ltr'>Γραφὰς</span> <span class='ocrx_word' id='word_1_397' title='bbox 675 1593 788 1634; x_wconf 78' lang='grc' dir='ltr'>ἐχόντων</span> <span class='ocrx_word' id='word_1_398' title='bbox 798 1616 806 1630; x_wconf 83' lang='grc'>,</span> <span class='ocrx_word' id='word_1_399' title='bbox 821 1592 884 1632; x_wconf 80' lang='grc' dir='ltr'>φέρε</span> 
     </span>
     <span class='ocr_line' id='line_1_51' title="bbox 113 1638 885 1681; baseline -0.001 -13"><span class='ocrx_word' id='word_1_400' title='bbox 113 1640 144 1675; x_wconf 85' lang='grc' dir='ltr'>δὴ</span> <span class='ocrx_word' id='word_1_401' title='bbox 155 1663 164 1677; x_wconf 85' lang='grc'>,</span> <span class='ocrx_word' id='word_1_402' title='bbox 175 1642 263 1680; x_wconf 82' lang='grc' dir='ltr'>πολλῇ</span> <span class='ocrx_word' id='word_1_403' title='bbox 276 1643 309 1681; x_wconf 70' lang='grc' dir='ltr'>τῇ</span> <span class='ocrx_word' id='word_1_404' title='bbox 331 1641 402 1681; x_wconf 77' lang='grc' dir='ltr'>ῥύμῃ</span> <span class='ocrx_word' id='word_1_405' title='bbox 425 1642 489 1681; x_wconf 82' lang='grc' dir='ltr'>πρὸς</span> <span class='ocrx_word' id='word_1_406' title='bbox 512 1644 596 1670; x_wconf 76' lang='grc' dir='ltr'>ταῦτα</span> <span class='ocrx_word' id='word_1_407' title='bbox 613 1640 789 1680; x_wconf 84' lang='grc' dir='ltr'>χωρήσωμεν.</span> <span class='ocrx_word' id='word_1_408' title='bbox 812 1638 885 1667; x_wconf 79' lang='grc' dir='ltr'>Ἀνε-</span> 
     </span>
    </p>
   </div>
   <div class='ocr_carea' id='block_1_10' title="bbox 933 1186 1686 1353">
    <p class='ocr_par' dir='ltr' id='par_1_11' title="bbox 933 1186 1686 1353">
     <span class='ocr_line' id='line_1_52' title="bbox 933 1186 1685 1228; baseline 0.007 -14"><span class='ocrx_word' id='word_1_409' title='bbox 933 1196 982 1215; x_wconf 81' lang='lat' dir='ltr'><strong>sua</strong></span> <span class='ocrx_word' id='word_1_410' title='bbox 1000 1186 1102 1216; x_wconf 88' lang='lat' dir='ltr'><strong>ratione</strong></span> <span class='ocrx_word' id='word_1_411' title='bbox 1114 1187 1213 1216; x_wconf 88' lang='lat' dir='ltr'><strong>summi</strong></span> <span class='ocrx_word' id='word_1_412' title='bbox 1238 1187 1343 1227; x_wconf 83' lang='lat' dir='ltr'><strong>opificis</strong></span> <span class='ocrx_word' id='word_1_413' title='bbox 1365 1188 1415 1217; x_wconf 91' lang='lat' dir='ltr'><strong>Dei</strong></span> <span class='ocrx_word' id='word_1_414' title='bbox 1437 1189 1595 1228; x_wconf 86' lang='lat' dir='ltr'><strong>sapientiam</strong></span> <span class='ocrx_word' id='word_1_415' title='bbox 1609 1199 1685 1219; x_wconf 88' lang='lat' dir='ltr'><strong>nosse</strong></span> 
     </span>
     <span class='ocr_line' id='line_1_53' title="bbox 935 1231 1686 1272; baseline 0.005 -12"><span class='ocrx_word' id='word_1_416' title='bbox 935 1231 1044 1271; x_wconf 83' lang='lat' dir='ltr'><strong>poterit,</strong></span> <span class='ocrx_word' id='word_1_417' title='bbox 1061 1243 1140 1271; x_wconf 87' lang='lat' dir='ltr'><strong>quam</strong></span> <span class='ocrx_word' id='word_1_418' title='bbox 1153 1243 1201 1272; x_wconf 86' lang='lat' dir='ltr'><strong>per</strong></span> <span class='ocrx_word' id='word_1_419' title='bbox 1220 1232 1292 1262; x_wconf 85' lang='lat' dir='ltr'><strong>diem</strong></span> <span class='ocrx_word' id='word_1_420' title='bbox 1305 1243 1336 1262; x_wconf 86' lang='lat' dir='ltr'><strong>ac</strong></span> <span class='ocrx_word' id='word_1_421' title='bbox 1353 1240 1459 1262; x_wconf 85' lang='lat' dir='ltr'><strong>noctem</strong></span> <span class='ocrx_word' id='word_1_422' title='bbox 1478 1234 1605 1271; x_wconf 84' lang='lat' dir='ltr'><strong>ostendit,</strong></span> <span class='ocrx_word' id='word_1_423' title='bbox 1618 1234 1686 1265; x_wconf 88' lang='lat' dir='ltr'><strong>dum</strong></span> 
     </span>
     <span class='ocr_line' id='line_1_54' title="bbox 935 1276 1679 1317; baseline 0.007 -12"><span class='ocrx_word' id='word_1_424' title='bbox 935 1276 1010 1305; x_wconf 89' lang='lat' dir='ltr'><strong>illam</strong></span> <span class='ocrx_word' id='word_1_425' title='bbox 1024 1277 1100 1306; x_wconf 87' lang='lat' dir='ltr'><strong>nobis</strong></span> <span class='ocrx_word' id='word_1_426' title='bbox 1115 1277 1150 1306; x_wconf 86' lang='lat' dir='ltr'><strong>ad</strong></span> <span class='ocrx_word' id='word_1_427' title='bbox 1161 1278 1353 1317; x_wconf 81' lang='lat' dir='ltr'><strong>operationem,</strong></span> <span class='ocrx_word' id='word_1_428' title='bbox 1369 1279 1438 1308; x_wconf 82' lang='lat' dir='ltr'><strong>hanc</strong></span> <span class='ocrx_word' id='word_1_429' title='bbox 1450 1278 1484 1310; x_wconf 84' lang='lat' dir='ltr'><strong>ad</strong></span> <span class='ocrx_word' id='word_1_430' title='bbox 1497 1279 1621 1309; x_wconf 73' lang='lat' dir='ltr'><strong>laborum</strong></span> <span class='ocrx_word' id='word_1_431' title='bbox 1636 1291 1679 1310; x_wconf 86' lang='lat' dir='ltr'><strong>re-</strong></span> 
     </span>
     <span class='ocr_line' id='line_1_55' title="bbox 935 1322 1240 1353; baseline 0.003 -1"><span class='ocrx_word' id='word_1_432' title='bbox 935 1322 1098 1353; x_wconf 82' lang='lat' dir='ltr'><strong>laxationem</strong></span> <span class='ocrx_word' id='word_1_433' title='bbox 1108 1323 1240 1353; x_wconf 80' lang='lat' dir='ltr'><strong>attribuit.</strong></span> 
     </span>
    </p>
   </div>
   <div class='ocr_carea' id='block_1_11' title="bbox 936 1456 1693 1684">
    <p class='ocr_par' dir='ltr' id='par_1_12' title="bbox 936 1456 1693 1684">
     <span class='ocr_line' id='line_1_56' title="bbox 975 1456 1691 1499; baseline 0.001 -12"><span class='ocrx_word' id='word_1_434' title='bbox 975 1458 1004 1487; x_wconf 84' lang='lat'><strong>5.</strong></span> <span class='ocrx_word' id='word_1_435' title='bbox 1030 1458 1135 1488; x_wconf 89' lang='lat' dir='ltr'><strong>Verum</strong></span> <span class='ocrx_word' id='word_1_436' title='bbox 1155 1456 1190 1487; x_wconf 86' lang='lat' dir='ltr'><strong>ad</strong></span> <span class='ocrx_word' id='word_1_437' title='bbox 1203 1457 1259 1487; x_wconf 84' lang='lat' dir='ltr'><strong>haec</strong></span> <span class='ocrx_word' id='word_1_438' title='bbox 1275 1458 1364 1487; x_wconf 88' lang='lat' dir='ltr'><strong>omnia</strong></span> <span class='ocrx_word' id='word_1_439' title='bbox 1379 1457 1492 1488; x_wconf 88' lang='lat' dir='ltr'><strong>dicenda</strong></span> <span class='ocrx_word' id='word_1_440' title='bbox 1504 1460 1560 1499; x_wconf 83' lang='lat' dir='ltr'><strong>jam</strong></span> <span class='ocrx_word' id='word_1_441' title='bbox 1575 1458 1638 1488; x_wconf 84' lang='lat' dir='ltr'><strong>inde</strong></span> <span class='ocrx_word' id='word_1_442' title='bbox 1651 1459 1691 1488; x_wconf 73' lang='lat' dir='ltr'><strong>ab</strong></span> 
     </span>
     <span class='ocr_line' id='line_1_57' title="bbox 936 1503 1686 1544; baseline 0.001 -11"><span class='ocrx_word' id='word_1_443' title='bbox 936 1503 1065 1534; x_wconf 88' lang='lat' dir='ltr'><strong>orationis</strong></span> <span class='ocrx_word' id='word_1_444' title='bbox 1079 1503 1192 1533; x_wconf 84' lang='lat' dir='ltr'><strong>exordio</strong></span> <span class='ocrx_word' id='word_1_445' title='bbox 1205 1503 1318 1543; x_wconf 86' lang='lat' dir='ltr'><strong>digressi</strong></span> <span class='ocrx_word' id='word_1_446' title='bbox 1336 1514 1430 1534; x_wconf 87' lang='lat' dir='ltr'><strong>sumus</strong></span> <span class='ocrx_word' id='word_1_447' title='bbox 1444 1517 1451 1534; x_wconf 72' lang='grc' dir='ltr'><strong>ε</strong></span> <span class='ocrx_word' id='word_1_448' title='bbox 1481 1505 1610 1544; x_wconf 91' lang='lat' dir='ltr'><strong>quoniam</strong></span> <span class='ocrx_word' id='word_1_449' title='bbox 1634 1516 1686 1535; x_wconf 85' lang='lat' dir='ltr'><strong>au·-</strong></span> 
     </span>
     <span class='ocr_line' id='line_1_58' title="bbox 936 1549 1688 1588; baseline 0 -8"><span class='ocrx_word' id='word_1_450' title='bbox 936 1556 989 1579; x_wconf 84' lang='lat' dir='ltr'><strong>tem</strong></span> <span class='ocrx_word' id='word_1_451' title='bbox 1002 1560 1037 1580; x_wconf 85' lang='lat' dir='ltr'><strong>ex</strong></span> <span class='ocrx_word' id='word_1_452' title='bbox 1051 1549 1094 1580; x_wconf 89' lang='lat' dir='ltr'><strong>his</strong></span> <span class='ocrx_word' id='word_1_453' title='bbox 1103 1559 1162 1588; x_wconf 76' lang='lat' dir='ltr'><strong>quae</strong></span> <span class='ocrx_word' id='word_1_454' title='bbox 1183 1549 1314 1579; x_wconf 85' lang='lat' dir='ltr'><strong>hodierno</strong></span> <span class='ocrx_word' id='word_1_455' title='bbox 1328 1549 1373 1579; x_wconf 89' lang='lat' dir='ltr'><strong>die</strong></span> <span class='ocrx_word' id='word_1_456' title='bbox 1394 1550 1460 1580; x_wconf 83' lang='lat' dir='ltr'><strong>lecta</strong></span> <span class='ocrx_word' id='word_1_457' title='bbox 1469 1558 1542 1588; x_wconf 85' lang='lat' dir='ltr'><strong>suut,</strong></span> <span class='ocrx_word' id='word_1_458' title='bbox 1557 1551 1688 1580; x_wconf 86' lang='lat' dir='ltr'><strong>nonnulla</strong></span> 
     </span>
     <span class='ocr_line' id='line_1_59' title="bbox 936 1595 1687 1635; baseline 0.001 -10"><span class='ocrx_word' id='word_1_459' title='bbox 936 1596 1036 1626; x_wconf 89' lang='lat' dir='ltr'><strong>multos</strong></span> <span class='ocrx_word' id='word_1_460' title='bbox 1049 1607 1083 1626; x_wconf 78' lang='lat' dir='ltr'><strong>ex</strong></span> <span class='ocrx_word' id='word_1_461' title='bbox 1095 1597 1129 1626; x_wconf 90' lang='lat' dir='ltr'><strong>iis</strong></span> <span class='ocrx_word' id='word_1_462' title='bbox 1141 1597 1190 1635; x_wconf 90' lang='lat' dir='ltr'><strong>qui</strong></span> <span class='ocrx_word' id='word_1_463' title='bbox 1212 1595 1303 1626; x_wconf 86' lang='lat' dir='ltr'><strong>minus</strong></span> <span class='ocrx_word' id='word_1_464' title='bbox 1320 1596 1441 1625; x_wconf 88' lang='lat' dir='ltr'><strong>animum</strong></span> <span class='ocrx_word' id='word_1_465' title='bbox 1454 1597 1594 1626; x_wconf 88' lang='lat' dir='ltr'><strong>attendunt</strong></span> <span class='ocrx_word' id='word_1_466' title='bbox 1619 1598 1687 1626; x_wconf 81' lang='lat' dir='ltr'><strong>[orte</strong></span> 
     </span>
     <span class='ocr_line' id='line_1_60' title="bbox 937 1643 1693 1684; baseline 0.001 -12"><span class='ocrx_word' id='word_1_467' title='bbox 937 1643 1174 1683; x_wconf 82' lang='lat' dir='ltr'><strong>perturbaverunt,</strong></span> <span class='ocrx_word' id='word_1_468' title='bbox 1201 1653 1299 1681; x_wconf 85' lang='lat' dir='ltr'><strong>eosque</strong></span> <span class='ocrx_word' id='word_1_469' title='bbox 1318 1643 1364 1682; x_wconf 90' lang='lat' dir='ltr'><strong>qui</strong></span> <span class='ocrx_word' id='word_1_470' title='bbox 1383 1643 1411 1672; x_wconf 91' lang='lat' dir='ltr'><strong>in</strong></span> <span class='ocrx_word' id='word_1_471' title='bbox 1427 1644 1576 1684; x_wconf 80' lang='lat' dir='ltr'><strong>scripturis</strong></span> <span class='ocrx_word' id='word_1_472' title='bbox 1589 1654 1693 1684; x_wconf 79' lang='lat' dir='ltr'><strong>parum-</strong></span> 
     </span>
    </p>
   </div>
   <div class='ocr_carea' id='block_1_12' title="bbox 111 1683 1839 2133">
    <p class='ocr_par' dir='ltr' id='par_1_13' title="bbox 111 1683 1823 1867">
     <span class='ocr_line' id='line_1_61' title="bbox 111 1683 1687 1729; baseline 0.003 -15"><span class='ocrx_word' id='word_1_473' title='bbox 111 1684 215 1724; x_wconf 79' lang='grc' dir='ltr'>γνώσθη</span> <span class='ocrx_word' id='word_1_474' title='bbox 232 1686 280 1725; x_wconf 78' lang='grc' dir='ltr'><strong>μὲν</strong></span> <span class='ocrx_word' id='word_1_475' title='bbox 298 1685 412 1726; x_wconf 73' lang='grc' dir='ltr'>γὰρκαὶ</span> <span class='ocrx_word' id='word_1_476' title='bbox 427 1687 653 1726; x_wconf 71' lang='grc' dir='ltr'>ἡαὶμοῤῥοοῦσα,</span> <span class='ocrx_word' id='word_1_477' title='bbox 673 1687 691 1720; x_wconf 72' lang='grc' dir='ltr'>ἡ</span> <span class='ocrx_word' id='word_1_478' title='bbox 711 1686 744 1723; x_wconf 75' lang='grc' dir='ltr'>τῇ</span> <span class='ocrx_word' id='word_1_479' title='bbox 765 1685 819 1723; x_wconf 74' lang='grc' dir='ltr'><strong>ἇφῇ</strong></span> <span class='ocrx_word' id='word_1_480' title='bbox 838 1683 886 1717; x_wconf 75' lang='grc' dir='ltr'><strong>τὰς</strong></span> <span class='ocrx_word' id='word_1_481' title='bbox 903 1698 920 1721; x_wconf 81' lang='lat' dir='ltr'><strong>B</strong></span> <span class='ocrx_word' id='word_1_482' title='bbox 938 1689 1035 1718; x_wconf 83' lang='lat' dir='ltr'><strong>versati</strong></span> <span class='ocrx_word' id='word_1_483' title='bbox 1056 1695 1138 1717; x_wconf 89' lang='lat' dir='ltr'><strong>sunt:</strong></span> <span class='ocrx_word' id='word_1_484' title='bbox 1165 1699 1213 1727; x_wconf 81' lang='lat' dir='ltr'><strong>age</strong></span> <span class='ocrx_word' id='word_1_485' title='bbox 1233 1698 1328 1727; x_wconf 81' lang='lat' dir='ltr'><strong>magna</strong></span> <span class='ocrx_word' id='word_1_486' title='bbox 1351 1688 1435 1718; x_wconf 88' lang='lat' dir='ltr'><strong>animi</strong></span> <span class='ocrx_word' id='word_1_487' title='bbox 1456 1689 1633 1729; x_wconf 86' lang='lat' dir='ltr'><strong>propensione</strong></span> <span class='ocrx_word' id='word_1_488' title='bbox 1655 1701 1687 1719; x_wconf 86' lang='lat' dir='ltr'><strong>ac</strong></span> 
     </span>
     <span class='ocr_line' id='line_1_62' title="bbox 112 1729 1823 1773; baseline 0.001 -13"><span class='ocrx_word' id='word_1_489' title='bbox 112 1730 264 1771; x_wconf 80' lang='grc' dir='ltr'>πηγὰςτῶν</span> <span class='ocrx_word' id='word_1_490' title='bbox 278 1731 398 1770; x_wconf 72' lang='grc' dir='ltr'>αἱμάτων</span> <span class='ocrx_word' id='word_1_491' title='bbox 425 1732 564 1768; x_wconf 81' lang='grc' dir='ltr'>στήσασα,</span> <span class='ocrx_word' id='word_1_492' title='bbox 589 1731 635 1760; x_wconf 81' lang='grc' dir='ltr'><strong>καὶ</strong></span> <span class='ocrx_word' id='word_1_493' title='bbox 650 1732 684 1770; x_wconf 78' lang='grc' dir='ltr'>τῇ</span> <span class='ocrx_word' id='word_1_494' title='bbox 706 1732 753 1765; x_wconf 79' lang='grc' dir='ltr'>τῆς</span> <span class='ocrx_word' id='word_1_495' title='bbox 771 1729 886 1762; x_wconf 76' lang='grc' dir='ltr'>πίστεως</span> <span class='ocrx_word' id='word_1_496' title='bbox 938 1733 1029 1763; x_wconf 84' lang='lat' dir='ltr'><strong>studio</strong></span> <span class='ocrx_word' id='word_1_497' title='bbox 1042 1733 1156 1773; x_wconf 81' lang='lat' dir='ltr'><strong>gradum</strong></span> <span class='ocrx_word' id='word_1_498' title='bbox 1166 1733 1261 1763; x_wconf 72' lang='lat' dir='ltr'><strong>:td-ista</strong></span> <span class='ocrx_word' id='word_1_499' title='bbox 1283 1734 1420 1763; x_wconf 78' lang='lat' dir='ltr'><strong>faciamus.</strong></span> <span class='ocrx_word' id='word_1_500' title='bbox 1443 1735 1524 1764; x_wconf 86' lang='lat' dir='ltr'><strong>Lecta</strong></span> <span class='ocrx_word' id='word_1_501' title='bbox 1549 1735 1621 1764; x_wconf 86' lang='lat' dir='ltr'><strong>enim</strong></span> <span class='ocrx_word' id='word_1_502' title='bbox 1645 1740 1781 1765; x_wconf 71' lang='lat' dir='ltr'><strong>estMauh.</strong></span> <span class='ocrx_word' id='word_1_503' title='bbox 1796 1746 1823 1768; x_wconf 55' lang='lat'><strong>9³</strong></span> 
     </span>
     <span class='ocr_line' id='line_1_63' title="bbox 113 1770 1808 1820; baseline 0.004 -14"><span class='ocrx_word' id='word_1_504' title='bbox 113 1776 222 1816; x_wconf 74' lang='grc' dir='ltr'>δυνάμει</span> <span class='ocrx_word' id='word_1_505' title='bbox 241 1780 364 1807; x_wconf 84' lang='grc' dir='ltr'>τοσοῦτον</span> <span class='ocrx_word' id='word_1_506' title='bbox 378 1777 525 1818; x_wconf 35' lang='grc' dir='ltr'>,συλήσασα</span> <span class='ocrx_word' id='word_1_507' title='bbox 546 1775 691 1816; x_wconf 81' lang='grc' dir='ltr'>θησαυρόν·</span> <span class='ocrx_word' id='word_1_508' title='bbox 712 1775 758 1804; x_wconf 76' lang='grc' dir='ltr'><strong>καὶ</strong></span> <span class='ocrx_word' id='word_1_509' title='bbox 777 1774 828 1814; x_wconf 74' lang='grc' dir='ltr'>γὰρ</span> <span class='ocrx_word' id='word_1_510' title='bbox 852 1770 884 1811; x_wconf 70' lang='grc' dir='ltr'><strong>ἦν</strong></span> <span class='ocrx_word' id='word_1_511' title='bbox 937 1779 1017 1808; x_wconf 81' lang='lat' dir='ltr'><strong>ctiam</strong></span> <span class='ocrx_word' id='word_1_512' title='bbox 1031 1780 1148 1809; x_wconf 86' lang='lat' dir='ltr'><strong>narratio</strong></span> <span class='ocrx_word' id='word_1_513' title='bbox 1162 1778 1197 1809; x_wconf 91' lang='lat' dir='ltr'><strong>de</strong></span> <span class='ocrx_word' id='word_1_514' title='bbox 1210 1779 1331 1816; x_wconf 86' lang='lat' dir='ltr'><strong>muliere,</strong></span> <span class='ocrx_word' id='word_1_515' title='bbox 1347 1791 1407 1819; x_wconf 76' lang='lat' dir='ltr'><strong>quae</strong></span> <span class='ocrx_word' id='word_1_516' title='bbox 1419 1780 1557 1820; x_wconf 85' lang='lat' dir='ltr'><strong>sanguinis</strong></span> <span class='ocrx_word' id='word_1_517' title='bbox 1579 1782 1686 1811; x_wconf 81' lang='lat' dir='ltr'><strong>ssuxum</strong></span> <span class='ocrx_word' id='word_1_518' title='bbox 1695 1788 1808 1804; x_wconf 83' lang='lat'>²⁰--2²·</span> 
     </span>
     <span class='ocr_line' id='line_1_64' title="bbox 938 1825 1689 1867; baseline 0.004 -13"><span class='ocrx_word' id='word_1_519' title='bbox 938 1825 1098 1865; x_wconf 83' lang='lat' dir='ltr'><strong>patiebatur,</strong></span> <span class='ocrx_word' id='word_1_520' title='bbox 1111 1836 1224 1865; x_wconf 84' lang='lat' dir='ltr'><strong>quaeque</strong></span> <span class='ocrx_word' id='word_1_521' title='bbox 1237 1826 1336 1854; x_wconf 84' lang='lat' dir='ltr'><strong>fontem</strong></span> <span class='ocrx_word' id='word_1_522' title='bbox 1348 1825 1486 1865; x_wconf 85' lang='lat' dir='ltr'><strong>sanguinis</strong></span> <span class='ocrx_word' id='word_1_523' title='bbox 1495 1833 1565 1856; x_wconf 84' lang='lat' dir='ltr'><strong>tactu</strong></span> <span class='ocrx_word' id='word_1_524' title='bbox 1579 1837 1689 1867; x_wconf 83' lang='lat' dir='ltr'><strong>repres-</strong></span> 
     </span>
    </p>

    <p class='ocr_par' dir='ltr' id='par_1_14' title="bbox 937 1870 1686 1912">
     <span class='ocr_line' id='line_1_65' title="bbox 937 1870 1686 1912; baseline 0.004 -13"><span class='ocrx_word' id='word_1_525' title='bbox 937 1871 984 1908; x_wconf 85' lang='lat' dir='ltr'><strong>sit,</strong></span> <span class='ocrx_word' id='word_1_526' title='bbox 999 1881 1030 1900; x_wconf 84' lang='lat' dir='ltr'><strong>ac</strong></span> <span class='ocrx_word' id='word_1_527' title='bbox 1043 1870 1107 1900; x_wconf 86' lang='lat' dir='ltr'><strong>fidei</strong></span> <span class='ocrx_word' id='word_1_528' title='bbox 1127 1871 1226 1901; x_wconf 86' lang='lat' dir='ltr'><strong>virtute</strong></span> <span class='ocrx_word' id='word_1_529' title='bbox 1247 1877 1350 1899; x_wconf 87' lang='lat' dir='ltr'><strong>tantum</strong></span> <span class='ocrx_word' id='word_1_530' title='bbox 1363 1871 1519 1900; x_wconf 78' lang='lat' dir='ltr'><strong>thesaurum</strong></span> <span class='ocrx_word' id='word_1_531' title='bbox 1533 1871 1686 1912; x_wconf 84' lang='lat' dir='ltr'><strong>depraedata</strong></span> 
     </span>
    </p>

    <p class='ocr_par' dir='ltr' id='par_1_15' title="bbox 934 1915 1839 2133">
     <span class='ocr_line' id='line_1_66' title="bbox 936 1915 1836 1957; baseline 0.003 -12"><span class='ocrx_word' id='word_1_532' title='bbox 936 1923 975 1946; x_wconf 81' lang='lat' dir='ltr'><strong>est</strong></span> <span class='ocrx_word' id='word_1_533' title='bbox 988 1929 994 1945; x_wconf 91' lang='lat'>:</span> <span class='ocrx_word' id='word_1_534' title='bbox 1006 1916 1108 1946; x_wconf 83' lang='lat' dir='ltr'><strong>furtum</strong></span> <span class='ocrx_word' id='word_1_535' title='bbox 1122 1916 1193 1946; x_wconf 82' lang='lat' dir='ltr'><strong>enim</strong></span> <span class='ocrx_word' id='word_1_536' title='bbox 1207 1916 1258 1945; x_wconf 83' lang='lat' dir='ltr'><strong>fuit</strong></span> <span class='ocrx_word' id='word_1_537' title='bbox 1267 1915 1338 1944; x_wconf 89' lang='lat' dir='ltr'><strong>illud</strong></span> <span class='ocrx_word' id='word_1_538' title='bbox 1351 1917 1463 1953; x_wconf 84' lang='lat' dir='ltr'><strong>factum,</strong></span> <span class='ocrx_word' id='word_1_539' title='bbox 1479 1916 1526 1946; x_wconf 86' lang='lat' dir='ltr'><strong>sed</strong></span> <span class='ocrx_word' id='word_1_540' title='bbox 1545 1917 1625 1947; x_wconf 88' lang='lat' dir='ltr'><strong>laude</strong></span> <span class='ocrx_word' id='word_1_541' title='bbox 1640 1918 1683 1947; x_wconf 76' lang='lat' dir='ltr'><strong>di·</strong></span> <span class='ocrx_word' id='word_1_542' title='bbox 1720 1935 1836 1957; x_wconf 63' lang='lat' dir='ltr'><strong>Laeuo-xes</strong></span> 
     </span>
     <span class='ocr_line' id='line_1_67' title="bbox 936 1961 1837 2002; baseline -0.007 -10"><span class='ocrx_word' id='word_1_543' title='bbox 936 1972 1031 2002; x_wconf 82' lang='lat' dir='ltr'><strong>gnum,</strong></span> <span class='ocrx_word' id='word_1_544' title='bbox 1045 1968 1072 1991; x_wconf 87' lang='lat' dir='ltr'><strong>et</strong></span> <span class='ocrx_word' id='word_1_545' title='bbox 1087 1961 1134 1991; x_wconf 91' lang='lat' dir='ltr'><strong>ubi</strong></span> <span class='ocrx_word' id='word_1_546' title='bbox 1148 1961 1314 2001; x_wconf 85' lang='lat' dir='ltr'><strong>deprehensa</strong></span> <span class='ocrx_word' id='word_1_547' title='bbox 1338 1968 1378 1990; x_wconf 86' lang='lat' dir='ltr'><strong>est</strong></span> <span class='ocrx_word' id='word_1_548' title='bbox 1391 1972 1451 2000; x_wconf 76' lang='lat' dir='ltr'><strong>quae</strong></span> <span class='ocrx_word' id='word_1_549' title='bbox 1464 1970 1600 2002; x_wconf 78' lang='lat' dir='ltr'><strong>rapuerat,</strong></span> <span class='ocrx_word' id='word_1_550' title='bbox 1612 1975 1685 1994; x_wconf 85' lang='lat' dir='ltr'><strong>com·</strong></span> <span class='ocrx_word' id='word_1_551' title='bbox 1695 1975 1759 1989; x_wconf 65' lang='lat' dir='ltr'><strong>sacrae</strong></span> <span class='ocrx_word' id='word_1_552' title='bbox 1778 1967 1837 2001; x_wconf 67' lang='lat' dir='ltr'><strong>5ch-</strong></span> 
     </span>
     <span class='ocr_line' id='line_1_68' title="bbox 937 2003 1839 2050; baseline 0.003 -16"><span class='ocrx_word' id='word_1_553' title='bbox 937 2005 1060 2035; x_wconf 84' lang='lat' dir='ltr'><strong>mendata</strong></span> <span class='ocrx_word' id='word_1_554' title='bbox 1073 2012 1130 2036; x_wconf 86' lang='lat' dir='ltr'><strong>est:</strong></span> <span class='ocrx_word' id='word_1_555' title='bbox 1145 2005 1246 2045; x_wconf 87' lang='lat' dir='ltr'><strong>quippe</strong></span> <span class='ocrx_word' id='word_1_556' title='bbox 1257 2005 1420 2045; x_wconf 85' lang='lat' dir='ltr'><strong>Jesus,.ipse</strong></span> <span class='ocrx_word' id='word_1_557' title='bbox 1441 2006 1488 2044; x_wconf 86' lang='lat' dir='ltr'><strong>qui</strong></span> <span class='ocrx_word' id='word_1_558' title='bbox 1509 2006 1611 2036; x_wconf 87' lang='lat' dir='ltr'><strong>furtum</strong></span> <span class='ocrx_word' id='word_1_559' title='bbox 1625 2019 1685 2048; x_wconf 88' lang='lat' dir='ltr'><strong>pas·</strong></span> <span class='ocrx_word' id='word_1_560' title='bbox 1697 2003 1792 2050; x_wconf 48' lang='lat' dir='ltr'><strong>ssffiffm</strong></span> <span class='ocrx_word' id='word_1_561' title='bbox 1801 2004 1839 2048; x_wconf 50' lang='lat' dir='ltr'><strong>„fa”</strong></span> 
     </span>
     <span class='ocr_line' id='line_1_69' title="bbox 937 2043 1767 2087; baseline 0.005 -9"><span class='ocrx_word' id='word_1_562' title='bbox 937 2059 982 2079; x_wconf 91' lang='lat' dir='ltr'><strong>sus</strong></span> <span class='ocrx_word' id='word_1_563' title='bbox 1010 2056 1077 2087; x_wconf 83' lang='lat' dir='ltr'><strong>erat,</strong></span> <span class='ocrx_word' id='word_1_564' title='bbox 1107 2048 1299 2078; x_wconf 85' lang='lat' dir='ltr'><strong>mulierculam</strong></span> <span class='ocrx_word' id='word_1_565' title='bbox 1319 2048 1494 2079; x_wconf 87' lang='lat' dir='ltr'><strong>collaudavit.</strong></span> <span class='ocrx_word' id='word_1_566' title='bbox 1519 2043 1599 2080; x_wconf 63' lang='lat' dir='ltr'><strong>Iiecta</strong></span> <span class='ocrx_word' id='word_1_567' title='bbox 1626 2059 1687 2081; x_wconf 89' lang='lat' dir='ltr'><strong>sunt</strong></span> <span class='ocrx_word' id='word_1_568' title='bbox 1697 2062 1740 2082; x_wconf 53' lang='grc' dir='ltr'><strong>ἡκ.</strong></span> <span class='ocrx_word' id='word_1_569' title='bbox 1763 2045 1767 2049; x_wconf 16' lang='lat' dir='ltr'><strong>i</strong></span> 
     </span>
     <span class='ocr_line' id='line_1_70' title="bbox 934 2092 1689 2133; baseline 0.004 -10"><span class='ocrx_word' id='word_1_570' title='bbox 934 2094 1014 2123; x_wconf 89' lang='lat' dir='ltr'><strong>etiam</strong></span> <span class='ocrx_word' id='word_1_571' title='bbox 1023 2094 1146 2133; x_wconf 82' lang='lat' dir='ltr'><strong>stigmata</strong></span> <span class='ocrx_word' id='word_1_572' title='bbox 1157 2092 1379 2130; x_wconf 83' lang='lat' dir='ltr'><strong>Pauli‚vulnera,</strong></span> <span class='ocrx_word' id='word_1_573' title='bbox 1398 2104 1528 2131; x_wconf 85' lang='lat' dir='ltr'><strong>carceres,</strong></span> <span class='ocrx_word' id='word_1_574' title='bbox 1548 2095 1689 2126; x_wconf 85' lang='lat' dir='ltr'><strong>abductio-</strong></span> 
     </span>
    </p>
   </div>
   <div class='ocr_carea' id='block_1_13' title="bbox 111 1821 1689 2277">
    <p class='ocr_par' dir='ltr' id='par_1_16' title="bbox 111 1821 1689 2277">
     <span class='ocr_line' id='line_1_71' title="bbox 113 1821 883 1863; baseline -0.006 -10"><span class='ocrx_word' id='word_1_575' title='bbox 113 1822 198 1859; x_wconf 80' lang='grc' dir='ltr'>κλοπὴ</span> <span class='ocrx_word' id='word_1_576' title='bbox 213 1823 244 1853; x_wconf 82' lang='grc' dir='ltr'>τὸ</span> <span class='ocrx_word' id='word_1_577' title='bbox 252 1823 402 1863; x_wconf 85' lang='grc' dir='ltr'>γινόμενον·</span> <span class='ocrx_word' id='word_1_578' title='bbox 421 1822 490 1853; x_wconf 74' lang='grc' dir='ltr'>ἀλλὰ</span> <span class='ocrx_word' id='word_1_579' title='bbox 513 1822 559 1852; x_wconf 68' lang='grc' dir='ltr'><strong>καὶ</strong></span> <span class='ocrx_word' id='word_1_580' title='bbox 584 1821 671 1857; x_wconf 81' lang='grc' dir='ltr'>κλοπὴ</span> <span class='ocrx_word' id='word_1_581' title='bbox 685 1821 861 1858; x_wconf 76' lang='grc' dir='ltr'>εὐδοκιμοῦσα</span> <span class='ocrx_word' id='word_1_582' title='bbox 874 1841 883 1855; x_wconf 86' lang='grc'>,</span> 
     </span>
     <span class='ocr_line' id='line_1_72' title="bbox 112 1865 883 1909; baseline -0.005 -11"><span class='ocrx_word' id='word_1_583' title='bbox 112 1868 158 1898; x_wconf 85' lang='grc' dir='ltr'><strong>καὶ</strong></span> <span class='ocrx_word' id='word_1_584' title='bbox 171 1871 189 1904; x_wconf 87' lang='grc' dir='ltr'>ἡ</span> <span class='ocrx_word' id='word_1_585' title='bbox 204 1868 343 1905; x_wconf 81' lang='grc' dir='ltr'>σνλήσασα</span> <span class='ocrx_word' id='word_1_586' title='bbox 356 1868 425 1907; x_wconf 76' lang='grc' dir='ltr'>μετὰ</span> <span class='ocrx_word' id='word_1_587' title='bbox 435 1869 480 1898; x_wconf 74' lang='grc' dir='ltr'><strong>τὸν</strong></span> <span class='ocrx_word' id='word_1_588' title='bbox 493 1867 602 1909; x_wconf 78' lang='grc' dir='ltr'>ἔλεγχον</span> <span class='ocrx_word' id='word_1_589' title='bbox 616 1865 803 1906; x_wconf 80' lang='grc' dir='ltr'>ἐπαινουμένη.</span> <span class='ocrx_word' id='word_1_590' title='bbox 825 1866 883 1895; x_wconf 81' lang='grc' dir='ltr'><strong>Αὖ-</strong></span> 
     </span>
     <span class='ocr_line' id='line_1_73' title="bbox 111 1911 881 1955; baseline -0.006 -10"><span class='ocrx_word' id='word_1_591' title='bbox 111 1915 155 1948; x_wconf 79' lang='grc' dir='ltr'>τὸς</span> <span class='ocrx_word' id='word_1_592' title='bbox 173 1915 226 1955; x_wconf 76' lang='grc' dir='ltr'><strong>γὰρ</strong></span> <span class='ocrx_word' id='word_1_593' title='bbox 243 1917 257 1944; x_wconf 84' lang='grc' dir='ltr'>ὁ</span> <span class='ocrx_word' id='word_1_594' title='bbox 280 1915 400 1951; x_wconf 81' lang='grc' dir='ltr'>συληθεὶς</span> <span class='ocrx_word' id='word_1_595' title='bbox 414 1916 518 1951; x_wconf 81' lang='grc' dir='ltr'>Ἰησοῦς</span> <span class='ocrx_word' id='word_1_596' title='bbox 531 1913 706 1954; x_wconf 82' lang='grc' dir='ltr'>ἀνακηρύττει</span> <span class='ocrx_word' id='word_1_597' title='bbox 720 1911 752 1941; x_wconf 80' lang='grc' dir='ltr'>τὸ</span> <span class='ocrx_word' id='word_1_598' title='bbox 764 1911 881 1951; x_wconf 87' lang='grc' dir='ltr'>γύναιον.</span> 
     </span>
     <span class='ocr_line' id='line_1_74' title="bbox 113 1957 882 2000; baseline -0.007 -10"><span class='ocrx_word' id='word_1_599' title='bbox 113 1960 275 1999; x_wconf 82' lang='grc' dir='ltr'>Ἀνεγνώσθη</span> <span class='ocrx_word' id='word_1_600' title='bbox 289 1961 334 1991; x_wconf 78' lang='grc' dir='ltr'><strong>καὶ</strong></span> <span class='ocrx_word' id='word_1_601' title='bbox 347 1960 381 1990; x_wconf 77' lang='grc' dir='ltr'>τὰ</span> <span class='ocrx_word' id='word_1_602' title='bbox 391 1960 526 2000; x_wconf 83' lang='grc' dir='ltr'>στίγματα</span> <span class='ocrx_word' id='word_1_603' title='bbox 539 1960 649 1990; x_wconf 88' lang='grc' dir='ltr'>Παύλου</span> <span class='ocrx_word' id='word_1_604' title='bbox 660 1980 668 1995; x_wconf 87' lang='grc'>,</span> <span class='ocrx_word' id='word_1_605' title='bbox 681 1959 716 1988; x_wconf 77' lang='grc' dir='ltr'>τὰ</span> <span class='ocrx_word' id='word_1_606' title='bbox 727 1957 866 1998; x_wconf 75' lang='grc' dir='ltr'>τραύματα</span> <span class='ocrx_word' id='word_1_607' title='bbox 874 1979 882 1994; x_wconf 87' lang='lat'><em>‚</em></span> 
     </span>
     <span class='ocr_line' id='line_1_75' title="bbox 112 2003 882 2048; baseline -0.008 -11"><span class='ocrx_word' id='word_1_608' title='bbox 112 2006 146 2036; x_wconf 77' lang='grc' dir='ltr'>τὰ</span> <span class='ocrx_word' id='word_1_609' title='bbox 159 2007 338 2048; x_wconf 76' lang='grc' dir='ltr'>δεσμωτήρια,</span> <span class='ocrx_word' id='word_1_610' title='bbox 354 2009 382 2037; x_wconf 78' lang='grc' dir='ltr'><strong>αἱ</strong></span> <span class='ocrx_word' id='word_1_611' title='bbox 395 2007 552 2047; x_wconf 68' lang='grc' dir='ltr'>ἀπαγωγαὶ,</span> <span class='ocrx_word' id='word_1_612' title='bbox 561 2006 596 2036; x_wconf 80' lang='grc' dir='ltr'>τὰ</span> <span class='ocrx_word' id='word_1_613' title='bbox 609 2005 731 2045; x_wconf 80' lang='grc' dir='ltr'>ναυάγια,</span> <span class='ocrx_word' id='word_1_614' title='bbox 742 2003 776 2033; x_wconf 84' lang='grc' dir='ltr'>τὰ</span> <span class='ocrx_word' id='word_1_615' title='bbox 788 2003 882 2041; x_wconf 81' lang='grc' dir='ltr'>δεσμὰ,</span> 
     </span>
     <span class='ocr_line' id='line_1_76' title="bbox 113 2051 882 2089; baseline -0.008 -6"><span class='ocrx_word' id='word_1_616' title='bbox 113 2054 140 2083; x_wconf 80' lang='grc' dir='ltr'><strong>αἱ</strong></span> <span class='ocrx_word' id='word_1_617' title='bbox 154 2053 274 2089; x_wconf 82' lang='grc' dir='ltr'>ἁλύσεις,</span> <span class='ocrx_word' id='word_1_618' title='bbox 288 2055 316 2082; x_wconf 78' lang='grc' dir='ltr'><strong>αἱ</strong></span> <span class='ocrx_word' id='word_1_619' title='bbox 329 2054 470 2084; x_wconf 68' lang='grc' dir='ltr'>ἐπιδουλαὶ</span> <span class='ocrx_word' id='word_1_620' title='bbox 490 2054 517 2083; x_wconf 80' lang='grc' dir='ltr'><strong>αἱ</strong></span> <span class='ocrx_word' id='word_1_621' title='bbox 536 2051 655 2083; x_wconf 84' lang='grc' dir='ltr'>ποικίλαι</span> <span class='ocrx_word' id='word_1_622' title='bbox 668 2051 714 2081; x_wconf 82' lang='grc' dir='ltr'><strong>καὶ</strong></span> <span class='ocrx_word' id='word_1_623' title='bbox 737 2051 882 2086; x_wconf 72' lang='grc' dir='ltr'>διηνεκεῖς,</span> 
     </span>
     <span class='ocr_line' id='line_1_77' title="bbox 112 2097 1376 2143; baseline -0.005 -16"><span class='ocrx_word' id='word_1_624' title='bbox 112 2099 137 2127; x_wconf 80' lang='lat' dir='ltr'><strong>ot</strong></span> <span class='ocrx_word' id='word_1_625' title='bbox 149 2098 255 2128; x_wconf 77' lang='grc' dir='ltr'>θάνατοι</span> <span class='ocrx_word' id='word_1_626' title='bbox 268 2101 293 2129; x_wconf 79' lang='grc' dir='ltr'><strong>οἱ</strong></span> <span class='ocrx_word' id='word_1_627' title='bbox 305 2099 490 2140; x_wconf 79' lang='grc' dir='ltr'>καθημερινοὶ,</span> <span class='ocrx_word' id='word_1_628' title='bbox 504 2098 620 2138; x_wconf 83' lang='grc' dir='ltr'>ὁλιμὸς,</span> <span class='ocrx_word' id='word_1_629' title='bbox 643 2097 675 2127; x_wconf 81' lang='grc' dir='ltr'>τὸ</span> <span class='ocrx_word' id='word_1_630' title='bbox 688 2097 760 2137; x_wconf 84' lang='grc' dir='ltr'>δίψος</span> <span class='ocrx_word' id='word_1_631' title='bbox 770 2119 779 2133; x_wconf 85' lang='grc'>,</span> <span class='ocrx_word' id='word_1_632' title='bbox 796 2098 814 2132; x_wconf 82' lang='grc' dir='ltr'>ἡ</span> <span class='ocrx_word' id='word_1_633' title='bbox 835 2107 882 2134; x_wconf 80' lang='grc' dir='ltr'>γυ-</span> <span class='ocrx_word' id='word_1_634' title='bbox 1103 2136 1109 2142; x_wconf 48' lang='grc'><em>.</em></span> <span class='ocrx_word' id='word_1_635' title='bbox 1294 2137 1300 2143; x_wconf 47' lang='grc'><em>.</em></span> <span class='ocrx_word' id='word_1_636' title='bbox 1370 2138 1376 2143; x_wconf 30' lang='grc' dir='ltr'>ι</span> 
     </span>
     <span class='ocr_line' id='line_1_78' title="bbox 114 2137 1689 2184; baseline -0.003 -10"><span class='ocrx_word' id='word_1_637' title='bbox 114 2143 224 2182; x_wconf 63' lang='lat' dir='ltr'><strong>turbt-tte,</strong></span> <span class='ocrx_word' id='word_1_638' title='bbox 236 2146 254 2181; x_wconf 78' lang='grc' dir='ltr'>ἡ</span> <span class='ocrx_word' id='word_1_639' title='bbox 268 2145 438 2179; x_wconf 75' lang='grc' dir='ltr'>ἔπισύστασις</span> <span class='ocrx_word' id='word_1_640' title='bbox 448 2148 466 2181; x_wconf 84' lang='grc' dir='ltr'>ἡ</span> <span class='ocrx_word' id='word_1_641' title='bbox 478 2143 642 2184; x_wconf 73' lang='grc' dir='ltr'>καθημέραν.</span> <span class='ocrx_word' id='word_1_642' title='bbox 659 2142 741 2173; x_wconf 77' lang='grc' dir='ltr'>Ἀλλὰ</span> <span class='ocrx_word' id='word_1_643' title='bbox 750 2142 777 2172; x_wconf 91' lang='grc' dir='ltr'><strong>τί</strong></span> <span class='ocrx_word' id='word_1_644' title='bbox 790 2142 879 2178; x_wconf 81' lang='grc' dir='ltr'>πάθω;</span> <span class='ocrx_word' id='word_1_645' title='bbox 933 2148 980 2167; x_wconf 79' lang='lat' dir='ltr'><strong>nes</strong></span> <span class='ocrx_word' id='word_1_646' title='bbox 999 2137 1034 2167; x_wconf 76' lang='lat' dir='ltr'><strong>ad</strong></span> <span class='ocrx_word' id='word_1_647' title='bbox 1048 2137 1164 2178; x_wconf 66' lang='lat' dir='ltr'><strong>judlcia‚</strong></span> <span class='ocrx_word' id='word_1_648' title='bbox 1178 2137 1329 2177; x_wconf 75' lang='lat' dir='ltr'><strong>naufragta,</strong></span> <span class='ocrx_word' id='word_1_649' title='bbox 1349 2138 1470 2175; x_wconf 74' lang='lat' dir='ltr'><strong>vincula,</strong></span> <span class='ocrx_word' id='word_1_650' title='bbox 1493 2145 1602 2177; x_wconf 77' lang='lat' dir='ltr'><strong>catenae,</strong></span> <span class='ocrx_word' id='word_1_651' title='bbox 1622 2140 1689 2170; x_wconf 70' lang='lat' dir='ltr'><strong>insi-</strong></span> 
     </span>
     <span class='ocr_line' id='line_1_79' title="bbox 115 2182 1689 2231; baseline -0.002 -13"><span class='ocrx_word' id='word_1_652' title='bbox 115 2188 226 2229; x_wconf 76' lang='grc' dir='ltr'>Ἀνάγκη</span> <span class='ocrx_word' id='word_1_653' title='bbox 240 2195 330 2230; x_wconf 78' lang='grc' dir='ltr'>φυγεῖν</span> <span class='ocrx_word' id='word_1_654' title='bbox 350 2192 437 2231; x_wconf 83' lang='grc' dir='ltr'>πολλῇ</span> <span class='ocrx_word' id='word_1_655' title='bbox 459 2192 494 2230; x_wconf 77' lang='grc' dir='ltr'>τῇ</span> <span class='ocrx_word' id='word_1_656' title='bbox 513 2189 671 2231; x_wconf 67' lang='grc' dir='ltr'>σφοδρότητι</span> <span class='ocrx_word' id='word_1_657' title='bbox 690 2188 878 2229; x_wconf 75' lang='grc' dir='ltr'>χρησάμενον,</span> <span class='ocrx_word' id='word_1_658' title='bbox 933 2183 985 2213; x_wconf 86' lang='lat' dir='ltr'><strong>diae</strong></span> <span class='ocrx_word' id='word_1_659' title='bbox 997 2182 1110 2214; x_wconf 73' lang='lat' dir='ltr'><strong>divers-‘2²-</strong></span> <span class='ocrx_word' id='word_1_660' title='bbox 1131 2193 1162 2212; x_wconf 89' lang='lat' dir='ltr'><strong>ac</strong></span> <span class='ocrx_word' id='word_1_661' title='bbox 1175 2182 1319 2219; x_wconf 79' lang='lat' dir='ltr'><strong>continuae,</strong></span> <span class='ocrx_word' id='word_1_662' title='bbox 1339 2182 1502 2221; x_wconf 72' lang='lat' dir='ltr'><strong>quotidianae</strong></span> <span class='ocrx_word' id='word_1_663' title='bbox 1526 2193 1636 2222; x_wconf 82' lang='lat' dir='ltr'><strong>mortes,</strong></span> <span class='ocrx_word' id='word_1_664' title='bbox 1648 2187 1689 2215; x_wconf 75' lang='lat' dir='ltr'><strong>sa-</strong></span> 
     </span>
     <span class='ocr_line' id='line_1_80' title="bbox 115 2228 1686 2277; baseline -0.003 -13"><span class='ocrx_word' id='word_1_665' title='bbox 115 2234 154 2274; x_wconf 78' lang='grc' dir='ltr'>μὴ</span> <span class='ocrx_word' id='word_1_666' title='bbox 166 2235 247 2265; x_wconf 76' lang='grc' dir='ltr'>πάλιν</span> <span class='ocrx_word' id='word_1_667' title='bbox 257 2238 272 2266; x_wconf 82' lang='grc' dir='ltr'>ὁ</span> <span class='ocrx_word' id='word_1_668' title='bbox 282 2237 387 2271; x_wconf 72' lang='grc' dir='ltr'>Παῦλος</span> <span class='ocrx_word' id='word_1_669' title='bbox 399 2235 558 2277; x_wconf 78' lang='grc' dir='ltr'>κατασχὼν,</span> <span class='ocrx_word' id='word_1_670' title='bbox 579 2235 706 2276; x_wconf 79' lang='grc' dir='ltr'>ἀπαγάγῃ</span> <span class='ocrx_word' id='word_1_671' title='bbox 717 2237 763 2264; x_wconf 71' lang='grc' dir='ltr'><strong>τοῦ</strong></span> <span class='ocrx_word' id='word_1_672' title='bbox 776 2245 881 2274; x_wconf 76' lang='grc' dir='ltr'>προκει-</span> <span class='ocrx_word' id='word_1_673' title='bbox 898 2238 917 2262; x_wconf 87' lang='lat' dir='ltr'><strong>c</strong></span> <span class='ocrx_word' id='word_1_674' title='bbox 933 2240 1000 2267; x_wconf 71' lang='lat' dir='ltr'><strong>mae,</strong></span> <span class='ocrx_word' id='word_1_675' title='bbox 1013 2229 1082 2266; x_wconf 78' lang='lat' dir='ltr'><strong>sitis,</strong></span> <span class='ocrx_word' id='word_1_676' title='bbox 1091 2228 1212 2266; x_wconf 89' lang='lat' dir='ltr'><strong>nuditas,</strong></span> <span class='ocrx_word' id='word_1_677' title='bbox 1227 2229 1528 2268; x_wconf 21' lang='lat' dir='ltr'><strong>insuntiarquotidiana.</strong></span> <span class='ocrx_word' id='word_1_678' title='bbox 1552 2231 1606 2261; x_wconf 88' lang='lat' dir='ltr'><strong>Sed</strong></span> <span class='ocrx_word' id='word_1_679' title='bbox 1620 2231 1686 2270; x_wconf 87' lang='lat' dir='ltr'><strong>quid</strong></span> 
     </span>
    </p>
   </div>
   <div class='ocr_carea' id='block_1_14' title="bbox 115 2279 887 2458">
    <p class='ocr_par' dir='ltr' id='par_1_17' title="bbox 115 2279 887 2458">
     <span class='ocr_line' id='line_1_81' title="bbox 115 2279 883 2322; baseline -0.001 -12"><span class='ocrx_word' id='word_1_680' title='bbox 115 2280 205 2319; x_wconf 71' lang='grc' dir='ltr'>μένου.</span> <span class='ocrx_word' id='word_1_681' title='bbox 232 2281 287 2311; x_wconf 77' lang='grc' dir='ltr'><strong>Καὶ</strong></span> <span class='ocrx_word' id='word_1_682' title='bbox 302 2281 354 2322; x_wconf 75' lang='grc' dir='ltr'><strong>γὰρ</strong></span> <span class='ocrx_word' id='word_1_683' title='bbox 371 2282 446 2320; x_wconf 74' lang='grc' dir='ltr'>ἴστε,</span> <span class='ocrx_word' id='word_1_684' title='bbox 469 2281 596 2315; x_wconf 79' lang='grc' dir='ltr'>πολλάκις</span> <span class='ocrx_word' id='word_1_685' title='bbox 615 2281 723 2322; x_wconf 81' lang='grc' dir='ltr'>ἑτέρωθί</span> <span class='ocrx_word' id='word_1_686' title='bbox 744 2292 778 2319; x_wconf 84' lang='grc' dir='ltr'><strong>με</strong></span> <span class='ocrx_word' id='word_1_687' title='bbox 805 2279 883 2319; x_wconf 87' lang='grc' dir='ltr'>βαδί-</span> 
     </span>
     <span class='ocr_line' id='line_1_82' title="bbox 115 2325 884 2367; baseline -0.001 -12"><span class='ocrx_word' id='word_1_688' title='bbox 115 2327 191 2360; x_wconf 74' lang='grc' dir='ltr'>ζοντα</span> <span class='ocrx_word' id='word_1_689' title='bbox 205 2326 250 2355; x_wconf 77' lang='grc' dir='ltr'><strong>καὶ</strong></span> <span class='ocrx_word' id='word_1_690' title='bbox 260 2327 438 2367; x_wconf 75' lang='grc' dir='ltr'>τετραμμένον</span> <span class='ocrx_word' id='word_1_691' title='bbox 451 2327 606 2363; x_wconf 76' lang='grc' dir='ltr'>ἀπαντήσας</span> <span class='ocrx_word' id='word_1_692' title='bbox 617 2328 645 2356; x_wconf 78' lang='grc' dir='ltr'><strong>ἐν</strong></span> <span class='ocrx_word' id='word_1_693' title='bbox 661 2327 734 2367; x_wconf 79' lang='grc' dir='ltr'>μέσῳ</span> <span class='ocrx_word' id='word_1_694' title='bbox 753 2328 791 2366; x_wconf 82' lang='grc' dir='ltr'>τῷ</span> <span class='ocrx_word' id='word_1_695' title='bbox 812 2325 884 2364; x_wconf 78' lang='grc' dir='ltr'>λόγῳ</span> 
     </span>
     <span class='ocr_line' id='line_1_83' title="bbox 116 2369 885 2412; baseline -0.001 -12"><span class='ocrx_word' id='word_1_696' title='bbox 116 2371 240 2412; x_wconf 77' lang='grc' dir='ltr'>κατέσχε,</span> <span class='ocrx_word' id='word_1_697' title='bbox 254 2372 299 2402; x_wconf 80' lang='grc' dir='ltr'><strong>καὶ</strong></span> <span class='ocrx_word' id='word_1_698' title='bbox 312 2372 394 2406; x_wconf 70' lang='grc' dir='ltr'>οὕτως</span> <span class='ocrx_word' id='word_1_699' title='bbox 411 2369 496 2408; x_wconf 74' lang='grc' dir='ltr'>εἷλεν,</span> <span class='ocrx_word' id='word_1_700' title='bbox 517 2374 553 2406; x_wconf 85' lang='grc' dir='ltr'><strong>ὡς</strong></span> <span class='ocrx_word' id='word_1_701' title='bbox 576 2374 603 2402; x_wconf 77' lang='grc' dir='ltr'><strong>ἐν</strong></span> <span class='ocrx_word' id='word_1_702' title='bbox 623 2374 695 2412; x_wconf 76' lang='grc' dir='ltr'>αὐτῷ</span> <span class='ocrx_word' id='word_1_703' title='bbox 722 2375 813 2401; x_wconf 82' lang='grc' dir='ltr'>πεῖσαι</span> <span class='ocrx_word' id='word_1_704' title='bbox 836 2382 885 2400; x_wconf 86' lang='grc' dir='ltr'><strong>κα-</strong></span> 
     </span>
     <span class='ocr_line' id='line_1_84' title="bbox 115 2414 887 2458; baseline 0 -12"><span class='ocrx_word' id='word_1_705' title='bbox 115 2418 228 2448; x_wconf 77' lang='grc' dir='ltr'>ταλῦσαι</span> <span class='ocrx_word' id='word_1_706' title='bbox 241 2418 285 2447; x_wconf 81' lang='grc' dir='ltr'><strong>τὸν</strong></span> <span class='ocrx_word' id='word_1_707' title='bbox 306 2418 392 2458; x_wconf 90' lang='grc' dir='ltr'>λόγον.</span> <span class='ocrx_word' id='word_1_708' title='bbox 410 2418 460 2448; x_wconf 72' lang='lat' dir='ltr'><strong>&#39;lv&#39;</strong></span> <span class='ocrx_word' id='word_1_709' title='bbox 486 2414 530 2448; x_wconf 73' lang='grc' dir='ltr'><strong>οὗν</strong></span> <span class='ocrx_word' id='word_1_710' title='bbox 558 2419 596 2457; x_wconf 86' lang='grc' dir='ltr'>μὴ</span> <span class='ocrx_word' id='word_1_711' title='bbox 616 2419 662 2448; x_wconf 83' lang='grc' dir='ltr'><strong>καὶ</strong></span> <span class='ocrx_word' id='word_1_712' title='bbox 676 2417 792 2458; x_wconf 80' lang='grc' dir='ltr'>σήμερον</span> <span class='ocrx_word' id='word_1_713' title='bbox 809 2418 887 2446; x_wconf 80' lang='grc' dir='ltr'>τοῦτο</span> 
     </span>
    </p>
   </div>
   <div class='ocr_carea' id='block_1_15' title="bbox 116 2462 888 2504">
    <p class='ocr_par' dir='ltr' id='par_1_18' title="bbox 116 2462 888 2504">
     <span class='ocr_line' id='line_1_85' title="bbox 116 2462 888 2504; baseline -0.003 -11"><span class='ocrx_word' id='word_1_714' title='bbox 116 2462 261 2502; x_wconf 74' lang='grc' dir='ltr'>πάθωμεν,</span> <span class='ocrx_word' id='word_1_715' title='bbox 284 2463 403 2504; x_wconf 78' lang='grc' dir='ltr'>καθάπερ</span> <span class='ocrx_word' id='word_1_716' title='bbox 428 2464 554 2504; x_wconf 77' lang='grc' dir='ltr'>’χαλινὸν</span> <span class='ocrx_word' id='word_1_717' title='bbox 576 2465 661 2494; x_wconf 75' lang='grc' dir='ltr'>ἐκεῖσε</span> <span class='ocrx_word' id='word_1_718' title='bbox 688 2462 824 2503; x_wconf 81' lang='grc' dir='ltr'>φερομένῳ</span> <span class='ocrx_word' id='word_1_719' title='bbox 849 2464 888 2503; x_wconf 82' lang='grc' dir='ltr'>τῷ</span> 
     </span>
    </p>
   </div>
   <div class='ocr_carea' id='block_1_16' title="bbox 121 2538 876 2628">
    <p class='ocr_par' dir='ltr' id='par_1_19' title="bbox 121 2538 876 2628">
     <span class='ocr_line' id='line_1_86' title="bbox 151 2538 872 2589; baseline 0.003 -11"><span class='ocrx_word' id='word_1_720' title='bbox 151 2561 162 2572; x_wconf 84' lang='grc'><em>·</em></span> <span class='ocrx_word' id='word_1_721' title='bbox 179 2553 254 2580; x_wconf 67' lang='grc' dir='ltr'>δινὶΙ.</span> <span class='ocrx_word' id='word_1_722' title='bbox 267 2553 343 2578; x_wconf 80' lang='lat' dir='ltr'><strong>habet</strong></span> <span class='ocrx_word' id='word_1_723' title='bbox 351 2538 453 2589; x_wconf 53' lang='grc' dir='ltr'>καθάπερ</span> <span class='ocrx_word' id='word_1_724' title='bbox 460 2557 550 2588; x_wconf 70' lang='grc' dir='ltr'>χαλινὸν</span> <span class='ocrx_word' id='word_1_725' title='bbox 559 2558 627 2581; x_wconf 65' lang='grc' dir='ltr'>ἐκεῖσε</span> <span class='ocrx_word' id='word_1_726' title='bbox 636 2558 756 2589; x_wconf 69' lang='grc' dir='ltr'>φερόμενον</span> <span class='ocrx_word' id='word_1_727' title='bbox 765 2559 797 2588; x_wconf 77' lang='grc' dir='ltr'>τῷ</span> <span class='ocrx_word' id='word_1_728' title='bbox 806 2557 872 2587; x_wconf 77' lang='grc' dir='ltr'>λόγῳ.</span> 
     </span>
     <span class='ocr_line' id='line_1_87' title="bbox 121 2591 876 2628; baseline 0.004 -12"><span class='ocrx_word' id='word_1_729' title='bbox 121 2591 155 2617; x_wconf 79' lang='lat' dir='ltr'><strong>ln</strong></span> <span class='ocrx_word' id='word_1_730' title='bbox 166 2591 276 2626; x_wconf 78' lang='lat' dir='ltr'><strong>margine</strong></span> <span class='ocrx_word' id='word_1_731' title='bbox 288 2598 371 2618; x_wconf 79' lang='lat' dir='ltr'><strong>autem</strong></span> <span class='ocrx_word' id='word_1_732' title='bbox 388 2594 495 2626; x_wconf 81' lang='lat' dir='ltr'><strong>notavit,</strong></span> <span class='ocrx_word' id='word_1_733' title='bbox 510 2592 641 2627; x_wconf 76' lang='lat' dir='ltr'><strong>legendum</strong></span> <span class='ocrx_word' id='word_1_734' title='bbox 660 2593 725 2620; x_wconf 75' lang='lat' dir='ltr'><strong>sorte</strong></span> <span class='ocrx_word' id='word_1_735' title='bbox 741 2601 792 2619; x_wconf 70' lang='lat' dir='ltr'><strong>ease</strong></span> <span class='ocrx_word' id='word_1_736' title='bbox 809 2604 876 2628; x_wconf 61' lang='grc' dir='ltr'>φερο-</span> 
     </span>
    </p>
   </div>
   <div class='ocr_carea' id='block_1_17' title="bbox 935 2274 1690 2498">
    <p class='ocr_par' dir='ltr' id='par_1_20' title="bbox 935 2274 1690 2498">
     <span class='ocr_line' id='line_1_88' title="bbox 935 2274 1690 2315; baseline 0 -9"><span class='ocrx_word' id='word_1_737' title='bbox 935 2275 1048 2306; x_wconf 77' lang='lat' dir='ltr'><strong>faciam?</strong></span> <span class='ocrx_word' id='word_1_738' title='bbox 1063 2277 1163 2314; x_wconf 79' lang='lat' dir='ltr'><strong>Magno</strong></span> <span class='ocrx_word' id='word_1_739' title='bbox 1183 2285 1245 2304; x_wconf 91' lang='lat' dir='ltr'><strong>cum</strong></span> <span class='ocrx_word' id='word_1_740' title='bbox 1265 2274 1368 2314; x_wconf 89' lang='lat' dir='ltr'><strong>impetu</strong></span> <span class='ocrx_word' id='word_1_741' title='bbox 1382 2285 1425 2304; x_wconf 91' lang='lat' dir='ltr'><strong>mc</strong></span> <span class='ocrx_word' id='word_1_742' title='bbox 1454 2276 1605 2315; x_wconf 82' lang='lat' dir='ltr'><strong>proripiens</strong></span> <span class='ocrx_word' id='word_1_743' title='bbox 1627 2277 1690 2306; x_wconf 87' lang='lat' dir='ltr'><strong>hinc</strong></span> 
     </span>
     <span class='ocr_line' id='line_1_89' title="bbox 935 2321 1689 2363; baseline 0 -12"><span class='ocrx_word' id='word_1_744' title='bbox 935 2322 1073 2363; x_wconf 69' lang='lat' dir='ltr'><strong>aul&#39;ugiam</strong></span> <span class='ocrx_word' id='word_1_745' title='bbox 1086 2331 1191 2351; x_wconf 82' lang='lat' dir='ltr'><strong>necesse</strong></span> <span class='ocrx_word' id='word_1_746' title='bbox 1202 2327 1253 2357; x_wconf 86' lang='lat' dir='ltr'><strong>est,</strong></span> <span class='ocrx_word' id='word_1_747' title='bbox 1265 2330 1299 2350; x_wconf 90' lang='lat' dir='ltr'><strong>ne</strong></span> <span class='ocrx_word' id='word_1_748' title='bbox 1309 2331 1402 2350; x_wconf 85' lang='lat' dir='ltr'><strong>rursus</strong></span> <span class='ocrx_word' id='word_1_749' title='bbox 1423 2331 1471 2351; x_wconf 92' lang='lat' dir='ltr'><strong>nos</strong></span> <span class='ocrx_word' id='word_1_750' title='bbox 1485 2321 1606 2351; x_wconf 83' lang='lat' dir='ltr'><strong>detinens</strong></span> <span class='ocrx_word' id='word_1_751' title='bbox 1620 2325 1689 2352; x_wconf 89' lang='lat' dir='ltr'><strong>Pau-</strong></span> 
     </span>
     <span class='ocr_line' id='line_1_90' title="bbox 936 2365 1690 2408; baseline -0.004 -8"><span class='ocrx_word' id='word_1_752' title='bbox 936 2370 980 2400; x_wconf 85' lang='lat' dir='ltr'><strong>lus</strong></span> <span class='ocrx_word' id='word_1_753' title='bbox 990 2380 1005 2398; x_wconf 89' lang='lat' dir='ltr'><strong>a</strong></span> <span class='ocrx_word' id='word_1_754' title='bbox 1018 2366 1156 2408; x_wconf 73' lang='lat' dir='ltr'><strong>preposito</strong></span> <span class='ocrx_word' id='word_1_755' title='bbox 1173 2373 1330 2405; x_wconf 82' lang='lat' dir='ltr'><strong>argumento</strong></span> <span class='ocrx_word' id='word_1_756' title='bbox 1344 2365 1471 2396; x_wconf 62' lang='lat' dir='ltr'><strong>abducat.</strong></span> <span class='ocrx_word' id='word_1_757' title='bbox 1480 2368 1549 2396; x_wconf 87' lang='lat' dir='ltr'><strong>Nam</strong></span> <span class='ocrx_word' id='word_1_758' title='bbox 1562 2375 1591 2396; x_wconf 91' lang='lat' dir='ltr'><strong>ut</strong></span> <span class='ocrx_word' id='word_1_759' title='bbox 1605 2368 1690 2404; x_wconf 74' lang='lat' dir='ltr'><strong>scitis,</strong></span> 
     </span>
     <span class='ocr_line' id='line_1_91' title="bbox 938 2411 1690 2455; baseline -0.003 -10"><span class='ocrx_word' id='word_1_760' title='bbox 938 2423 1119 2455; x_wconf 61' lang='lat' dir='ltr'><strong>saepenumero</strong></span> <span class='ocrx_word' id='word_1_761' title='bbox 1141 2412 1210 2442; x_wconf 79' lang='lat' dir='ltr'><strong>alibi</strong></span> <span class='ocrx_word' id='word_1_762' title='bbox 1233 2422 1276 2441; x_wconf 88' lang='lat' dir='ltr'><strong>me</strong></span> <span class='ocrx_word' id='word_1_763' title='bbox 1300 2411 1465 2441; x_wconf 87' lang='lat' dir='ltr'><strong>incedentem</strong></span> <span class='ocrx_word' id='word_1_764' title='bbox 1487 2419 1513 2441; x_wconf 90' lang='lat' dir='ltr'><strong>et</strong></span> <span class='ocrx_word' id='word_1_765' title='bbox 1530 2423 1690 2443; x_wconf 83' lang='lat' dir='ltr'><strong>conversum</strong></span> 
     </span>
     <span class='ocr_line' id='line_1_92' title="bbox 941 2456 1689 2498; baseline -0.004 -7"><span class='ocrx_word' id='word_1_766' title='bbox 941 2470 1083 2492; x_wconf 76' lang='lat' dir='ltr'><strong>occurrens</strong></span> <span class='ocrx_word' id='word_1_767' title='bbox 1098 2458 1125 2488; x_wconf 93' lang='lat' dir='ltr'><strong>in</strong></span> <span class='ocrx_word' id='word_1_768' title='bbox 1136 2457 1225 2488; x_wconf 86' lang='lat' dir='ltr'><strong>medio</strong></span> <span class='ocrx_word' id='word_1_769' title='bbox 1238 2468 1359 2487; x_wconf 86' lang='lat' dir='ltr'><strong>sermone</strong></span> <span class='ocrx_word' id='word_1_770' title='bbox 1379 2456 1504 2494; x_wconf 85' lang='lat' dir='ltr'><strong>detinuit,</strong></span> <span class='ocrx_word' id='word_1_771' title='bbox 1519 2457 1591 2486; x_wconf 78' lang='lat' dir='ltr'><strong>etita</strong></span> <span class='ocrx_word' id='word_1_772' title='bbox 1608 2459 1689 2498; x_wconf 88' lang='lat' dir='ltr'><strong>cepit,</strong></span> 
     </span>
    </p>
   </div>
   <div class='ocr_carea' id='block_1_18' title="bbox 933 2547 1693 2626">
    <p class='ocr_par' dir='ltr' id='par_1_21' title="bbox 933 2547 1693 2626">
     <span class='ocr_line' id='line_1_93' title="bbox 933 2547 1691 2585; baseline 0.003 -13"><span class='ocrx_word' id='word_1_773' title='bbox 933 2556 1002 2585; x_wconf 57' lang='grc' dir='ltr'>μένῳ,</span> <span class='ocrx_word' id='word_1_774' title='bbox 1016 2558 1097 2584; x_wconf 32' lang='lat' dir='ltr'><strong>quam*</strong></span> <span class='ocrx_word' id='word_1_775' title='bbox 1104 2548 1275 2581; x_wconf 76' lang='lat' dir='ltr'><strong>conjecturam</strong></span> <span class='ocrx_word' id='word_1_776' title='bbox 1289 2551 1408 2579; x_wconf 72' lang='lat' dir='ltr'><strong>sequutus</strong></span> <span class='ocrx_word' id='word_1_777' title='bbox 1420 2547 1516 2571; x_wconf 84' lang='lat' dir='ltr'><strong>Fronto</strong></span> <span class='ocrx_word' id='word_1_778' title='bbox 1526 2547 1639 2580; x_wconf 82' lang='lat' dir='ltr'><strong>Ducaeus,</strong></span> <span class='ocrx_word' id='word_1_779' title='bbox 1652 2560 1691 2583; x_wconf 71' lang='grc' dir='ltr'><strong>φε-</strong></span> 
     </span>
     <span class='ocr_line' id='line_1_94' title="bbox 934 2583 1693 2626; baseline -0.005 -10"><span class='ocrx_word' id='word_1_780' title='bbox 934 2595 1023 2626; x_wconf 67' lang='grc' dir='ltr'>ρομένῳ</span> <span class='ocrx_word' id='word_1_781' title='bbox 1032 2590 1058 2616; x_wconf 87' lang='lat' dir='ltr'><strong>in</strong></span> <span class='ocrx_word' id='word_1_782' title='bbox 1069 2594 1138 2614; x_wconf 77' lang='lat' dir='ltr'><strong>textu</strong></span> <span class='ocrx_word' id='word_1_783' title='bbox 1156 2585 1239 2620; x_wconf 84' lang='lat' dir='ltr'><strong>posuit</strong></span> <span class='ocrx_word' id='word_1_784' title='bbox 1250 2598 1254 2612; x_wconf 75' lang='grc' dir='ltr'>ι</span> <span class='ocrx_word' id='word_1_785' title='bbox 1270 2594 1321 2612; x_wconf 80' lang='lat' dir='ltr'><strong>non</strong></span> <span class='ocrx_word' id='word_1_786' title='bbox 1333 2583 1461 2612; x_wconf 59' lang='lat' dir='ltr'><strong>enim-ulio</strong></span> <span class='ocrx_word' id='word_1_787' title='bbox 1474 2593 1531 2610; x_wconf 81' lang='lat' dir='ltr'><strong>usus</strong></span> <span class='ocrx_word' id='word_1_788' title='bbox 1541 2586 1693 2620; x_wconf 79' lang='lat' dir='ltr'><strong>exemplari,</strong></span> 
     </span>
    </p>
   </div>
  </div>
 </body>
</html>
