1890 2826
75 369 95 383 1.
111 362 163 384 Car.
176 367 211 383 Ιο.

73 547 159 570 Matth.
174 548 197 571 G.

78 1002 217 1049 [ΜΗ

81 1603 159 1624 Jmlic.
171 1602 196 1624 6.

81 1632 195 1663 ιιι-24.

223 192 291 229 582

222 267 296 296 hibet
315 267 390 295 Deus
412 265 549 294 scientiam
570 264 646 301 boni,
667 263 714 294 sed
727 263 788 294 vult
810 270 872 293 cum
895 263 962 293 boni

222 312 330 342 scicntia
353 321 405 340 non
429 321 485 340 esse
505 310 639 340 scientiam
658 309 735 339 mali.
749 309 897 349 impietatis
917 319 962 338 so·

224 358 327 398 phisma
338 357 415 387 solvo
424 367 459 386 ex
471 356 629 396 scripturis.
646 355 690 385 Ait
702 355 803 385 Paulus
817 367 823 383 :
838 355 908 384 Non
919 365 964 394 po-

224 405 302 433 testis
315 404 435 432 calicem
456 403 576 431 Domini
595 403 701 438 bibere,
716 407 745 430 et
761 401 884 430 calicem
901 401 963 429 dce-

224 452 397 479 moniorum.
418 449 478 478 Non
492 448 585 478 ambos
598 447 750 488 prohibuit,
763 446 812 477 sed
832 457 894 476 eum
916 445 965 485 qui

224 503 329 526 sanctus
342 502 409 525 esset
422 494 609 531 sanctificavit,
621 501 648 524 et
660 494 799 534 impurum
809 500 890 533 atque
902 503 966 533 pro-

224 543 315 572 fanum
335 542 442 582 abjecit.
454 542 495 571 Ita
508 551 614 580 quoque
633 541 759 570 Sui-vator
774 551 782 568 ι
796 539 864 569 Non
881 545 965 579 pote-

225 590 276 618 stis
283 589 348 617 Deo
358 590 465 617 servire
474 593 503 616 et
520 596 679 622 mamonoe;
694 584 896 625 nempe-eodem
904 591 967 614 tem-

225 645 290 673 pore
308 634 368 664 Deo
388 641 414 664 et
426 633 540 663 daemoni
555 632 656 663 servire
670 631 836 672 impossibile
856 638 906 661 est.
921 632 970 661 Sic

225 683 299 710 Deus
325 679 389 709 mali
415 679 592 719 cognitionem
607 678 707 708 assumi
727 678 824 714 vetuit,
846 688 882 708 ne
904 688 966 707 cum

225 726 291 755 boni
299 725 411 755 scientia
426 725 490 754 mali
500 724 616 765 cognitio
626 723 827 754 admisceretur.

274 773 305 801 4.
327 771 379 801 Hic
401 772 461 811 jam
487 771 607 800 animum
629 770 815 800 adhibeamus.
835 772 891 800 Cur
912 777 969 800 tan-

226 818 288 847 dem
300 818 403 857 lignum
418 816 533 846 scientiae
542 817 645 846 boni-et
658 816 722 846 mali
734 816 898 856 appellatum
907 817 967 846 est?

109 875 153 895 eur
190 873 217 893 li-
227 866 287 894 Non
308 864 388 892 talem
401 869 522 892 naturam
534 863 640 899 habuit,
653 862 701 892 scd
716 863 770 893 tale
781 870 969 902 argumentum

78 912 219 956 ’γῇιωζωηω
227 910 298 945 tulit,
319 909 522 948 Scripturarum
541 908 729 949 proprietatem
747 908 819 938 dico.
840 909 968 949 Exempli

161 966 217 987 μη
227 966 327 984 cansa:
341 955 399 983 sons
412 954 547 994 quispiam
562 954 587 983 in
598 953 704 983 deserto
722 961 832 984 vocatus
849 960 888 983 est
899 964 969 993 aqua

160 1002 186 1017 ¹·
228 999 467 1029 contradictionis:
486 999 617 1029 Probavi
632 1005 659 1028 te
672 999 751 1038 apud
773 1008 882 1037 aquam
895 1008 968 1027 con-

229 1048 421 1076 tradictionis.
432 1045 703 1086 Ergoneliujusmodi
712 1052 806 1074 natura
816 1055 892 1084 aquoe
903 1052 968 1081 erat,

229 1101 257 1123 ut
281 1093 412 1132 populum
432 1092 468 1121 ad
493 1091 730 1121 contradictionem
750 1091 897 1121 excitaret?
920 1102 969 1121 cur

228 1150 291 1178 ergo
305 1141 415 1178 Moyses
434 1138 481 1167 illa
504 1143 622 1177 potatus,
634 1139 690 1167 Deo
711 1147 763 1166 non
785 1136 968 1167 contradixit?

228 1187 306 1213 Certe
327 1191 419 1214 vocata
431 1191 471 1214 est
491 1195 560 1223 aqua
582 1183 812 1221 contradictionis,
828 1194 880 1213 non
894 1183 968 1223 quod

229 1231 308 1260 talem
326 1231 435 1259 haberet
453 1238 585 1267 naturam,
599 1230 646 1259 sed
660 1230 797 1260 occasione
815 1230 853 1259 rei
867 1241 927 1269 quae
940 1230 969 1260 in

229 1277 276 1305 illa
289 1276 395 1306 accidit.
412 1276 566 1313 Qui-'neuim
582 1277 638 1305 illic
658 1275 820 1305 contradixit
840 1276 968 1316 populus,

230 1322 290 1352 ideo
303 1329 395 1351 vocata
407 1329 446 1351 cst
457 1333 525 1360 aqua
538 1321 763 1351 contradictionis.
778 1322 886 1351 Rursus
900 1321 970 1351 vidit

229 1368 313 1397 Jacob
328 1369 426 1404 Deum,
441 1374 471 1396 ut
489 1368 570 1397 homo
579 1373 686 1407 poterat
699 1366 802 1404 videre,
817 1373 844 1396 et
864 1367 972 1398 vocavit

185 1435 189 1440 .
231 1422 326 1441 nomen
339 1412 392 1440 loci
402 1411 521 1451 Species
536 1412 603 1441 Dei.
619 1413 707 1441 Locus
722 1411 839 1451 speciem
852 1418 899 1440 aut
917 1412 971 1441 for-

230 1469 302 1488 mam
316 1458 366 1487 Dei
380 1468 432 1487 non
447 1458 560 1487 habebat
568 1469 577 1495 ;
592 1457 639 1487 sed
651 1459 712 1496 quia
727 1457 797 1487 visio
810 1457 849 1487 ibi
862 1457 974 1497 contigit

230 1504 293 1544 ipsi,
308 1515 344 1534 ex
355 1514 384 1533 rc
398 1503 487 1533 locum
503 1503 660 1544 appellavit.
683 1503 764 1532 Alius
775 1503 850 1533 locus
863 1510 973 1534 vocatus

909 212 914 216 ·
922 200 1101 225 snvmuAm

1019 264 1143 303 Γραφῶν.
1156 261 1235 301 Λέγει
1246 262 1363 295 Παῦλος·
1378 262 1419 291 Οὐ
1434 261 1544 291 δύνασθε
1556 261 1681 301 ποτήριον
1694 261 1792 301 Κυρίου

1019 312 1101 346 πιεῖν,
1128 307 1174 337 καὶ
1187 307 1313 347 ποτήριον
1327 306 1478 346 δαιμονίων.
1492 308 1533 337 Οὔ
1546 306 1580 336 τὰ
1593 306 1639 337 δύο
1653 307 1793 343 ἐκώλυσεν,

1020 355 1079 384 ἀλλ’
1093 354 1189 393 ἡγίασε
1205 352 1253 392 μὲν
1265 353 1296 382 τὸ
1309 353 1392 393 ἅγιον,
1415 352 1546 393 ἀπέρριψε
1560 352 1589 382 δὲ
1602 353 1633 382 τὸ
1646 352 1735 392 ἐναγὲς
1749 352 1794 382 καὶ

981 399 1001 422 D
1022 399 1144 439 βέόηλον.
1160 399 1240 429 Οὕτω
1253 399 1298 429 καὶ
1317 402 1332 429 ὁ
1345 399 1443 439 Σωτήρ
1454 411 1460 417 ·
1475 400 1516 428 Οὐ
1531 398 1642 428 δύνασθε
1654 400 1717 439 Θεῷ
1731 399 1793 428 δου-

1020 443 1105 473 λεύειν
1119 443 1165 472 καὶ
1180 447 1308 483 μαμωνᾷ·
1319 443 1388 472 κατὰ
1401 443 1432 472 τὸ
1446 442 1510 472 αὐτὸ
1523 442 1568 472 καὶ
1583 444 1645 483 Θεῷ
1662 442 1792 472 δουλεύειν

1020 490 1066 519 καὶ
1080 486 1184 528 δαίμονι
1198 489 1335 519 ἀδύνατον.
1355 489 1450 523 Οὕτως
1465 491 1480 519 ὁ
1493 488 1687 522 Θεὸςέιιώλυσε
1699 489 1792 519 λαὸεῖν

1020 536 1116 573 γνῶσιν
1130 535 1175 563 τοῦ
1190 535 1305 573 πονηροῦ
1315 555 1324 570 ,
1337 532 1380 563 ἵνα
1401 533 1439 572 μὴ
1455 534 1571 573 ,μιγῆται
1584 533 1652 572 μετὰ
1664 536 1709 564 τοῦ
1724 535 1792 573 ἀγα-

1021 580 1066 607 θοῦ
1081 577 1126 607 καὶ
1139 579 1155 612 ἡ
1167 579 1263 616 γνῶσις
1274 579 1321 606 τοῦ
1335 581 1429 607 κακοῦ.

1063 769 1162 799 Λοιπὸν
1190 770 1302 799 ἐνταῦθα
1327 769 1511 809 προσέχωμεν.
1539 769 1591 799 Διὰ
1619 768 1646 798 τί
1675 768 1703 798 δὲ
1729 768 1795 802 ὅλως

1023 815 1122 851 ἐκλήθη
1140 814 1214 849 ξύλον
1228 814 1344 854 γνωστὸν
1354 816 1436 844 καλοῦ
1448 814 1493 844 καὶ
1504 817 1634 855 πονηροῢ;
1648 815 1690 844 oo
1702 813 1793 844 τοιαύ-

1023 873 1071 896 την
1082 856 1139 901 εἶχε
1157 861 1247 902 φύσιν,
1263 860 1331 890 ἀλλὰ
1344 860 1469 896 τοιαύτην
1487 860 1595 900 ἤνεγκεν
1610 860 1743 897 ὑπόθεσιν,
1764 860 1795 890 τὸ

1024 908 1121 947 ἰδίωμα
1134 909 1186 937 τῶν
1197 909 1309 948 Γραφῶν
1324 907 1404 947 λέγω.
1415 903 1487 938 -Οἷόν
1499 920 1526 938 τι
1538 908 1624 948 λέγω·
1647 907 1745 947 1ἐκλήθη
1767 907 1795 936 ἐν

1023 956 1057 993 τῇ
1069 953 1162 994 ἐρήμῳ
1176 953 1225 993 μία
1235 953 1309 993 πηγὴ
1322 953 1416 988 ὕδατος
1427 954 1498 994 ὕδωρ
1510 953 1674 994 ἀντιλογίας·
1691 953 1794 983 Ἐδοκί-

1025 999 1097 1038 μασά
1111 1010 1140 1029 σε
1154 998 1199 1028 ἐπὶ
1212 999 1306 1033 ὕδατος
1319 999 1479 1039 ἀντιλογίας.
1491 995 1559 1040 ’Ἆρα
1571 1000 1602 1030 τὸ
1616 999 1687 1039 ὕδωρ
1700 998 1793 1028 τοιαύ-

1022 1057 1072 1081 την
1082 1041 1136 1085 εἷχε
1147 1044 1234 1085 φύσιν,
1245 1047 1282 1079 ὥς
1293 1047 1330 1079 εἷς
1339 1045 1490 1085 ἀντιλογίαν
1502 1045 1589 1086 φέρειν
1599 1045 1644 1076 τὸν
1657 1045 1737 1082 λαόν;
1752 1045 1795 1074 διὰ

1022 1090 1050 1120 τί
1070 1086 1114 1120 οὖν
1134 1091 1252 1126 Μωϋσῆς
1271 1093 1340 1120 πιὼν
1359 1092 1407 1120 οὐκ
1421 1093 1528 1121 ἀντεῖπε
1545 1093 1584 1131 vif)
1596 1093 1673 1132 Θεῷ;
1690 1090 1795 1130 Ὥσπερ

1022 1132 1067 1166 οὖν
1088 1136 1186 1173 ἐκλήθη
1199 1136 1230 1166 τὸ
1247 1136 1319 1176 ὕδωρ
1332 1137 1482 1177 ἀντιλογίας
1495 1137 1575 1177 ὕδωρ,
1590 1137 1620 1166 οὗ
1642 1136 1720 1176 φύσιν
1733 1136 1795 1176 ἔχον

1021 1181 1156 1218 τοιαύτην,
1169 1182 1238 1212 ἀλλὰ
1250 1182 1294 1211 διὰ
1308 1182 1357 1219 τὴν
1367 1183 1409 1212 ἐπ’
1423 1183 1496 1223 αὐτῷ
1504 1181 1648 1222 γενομένην
1662 1182 1795 1212 ὑπόθεσιν.

1022 1228 1133 1266 Ἐπειδὴ
1149 1229 1201 1269 γὰρ
1221 1229 1276 1258 ἐκεῖ
1290 1230 1411 1258 ἀντεῖπεν
1424 1230 1439 1258 ὁ
1451 1228 1523 1266 λαὸς,
1539 1228 1582 1258 διὰ
1599 1231 1677 1258 τοῦτο
1696 1227 1797 1263 ἐκλήθη

1023 1275 1092 1315 ὕδωρ
1108 1275 1266 1315 ἀντιλογίας.
1287 1275 1374 1305 Πάλιν
1398 1271 1465 1305 εἶδεν
1485 1274 1585 1305 ’luzahe
1604 1274 1648 1304 τὸν
1662 1274 1742 1309 Θεὸν,
1761 1275 1798 1307 ὡς

1024 1321 1086 1350 ἰδεῖν
1110 1320 1240 1360 ἀνθρώπῳ
1262 1321 1380 1357 δυνατὸν,
1400 1321 1446 1351 καὶ
1471 1323 1548 1351 καλεῖ
1577 1321 1608 1350 τὸ
1637 1320 1721 1359 ὄνομα
1748 1322 1797 1349 τοῦ

1024 1366 1105 1396 τόπου
1117 1361 1194 1400 Εἶδος
1207 1367 1289 1396 Θεοῦ.
1304 1366 1339 1396 Ὁ
1350 1367 1428 1400 τόπος
1447 1368 1495 1397 οὐκ
1515 1363 1584 1407 εἶχεν
1599 1361 1665 1400 εἶδος
1684 1367 1765 1404 Θεοῦ,
1778 1365 1797 1401 ἢ

1026 1412 1129 1453 μορφὴν
1144 1414 1224 1450 Θεοῦ,
1242 1413 1300 1442 ἀλλ’
1314 1412 1406 1449 ἐπειδὴ
1420 1414 1475 1442 ἐκεῖ
1491 1414 1564 1453 αὐτῷ
1575 1415 1593 1448 ἡ
1608 1412 1724 1442 ὀπτασία
1740 1412 1798 1452 ἐγέ-

1026 1470 1095 1496 νετο,
1111 1459 1221 1488 ἐκάλεσε
1242 1458 1287 1488 τὸν
1301 1458 1381 1487 τόπον
1396 1458 1449 1487 ἀπὸ
1465 1461 1511 1488 τοῦ
1524 1458 1688 1498 πράγματος.
1706 1457 1799 1491 Ἄλλος

1026 1505 1105 1540 τόπος
1123 1505 1222 1541 ἐκλήθη
1239 1505 1341 1546 Εἰρήνη
1355 1506 1438 1535 Θεοῦ.
1458 1504 1526 1535 *Ὅτε
1538 1507 1577 1545 τῷ
1591 1504 1694 1534 Γεδεὼν
1714 1504 1799 1544 ἐφάνη

230 1558 269 1580 est
283 1551 352 1579 Pax
371 1551 439 1580 Dei.
454 1549 570 1587 Quando
584 1549 705 1580 Gedeoni
719 1550 844 1590 apparuit
861 1550 972 1590 angelus
980 1567 1017 1588 49⁹
1028 1551 1148 1591 ἄγγελος,
1163 1550 1293 1591 ἐφοὸήθη,
1314 1550 1360 1580 καὶ
1372 1551 1445 1591 λέγει
1457 1563 1464 1570 ·
1478 1551 1570 1590 Οἴμοι,
1588 1549 1674 1590 οἴμοι,
1696 1551 1799 1579 ἀποθα·

231 1643 293 1670 riar
302 1654 310 1670 .·
322 1642 386 1671 vidi
396 1644 475 1670 enim
485 1641 622 1681 angelum
633 1641 696 1669 Dei.
706 1641 762 1670 Ait
773 1641 820 1669 illi
831 1641 952 1681 angelus
961 1654 970 1670 :

232 1689 299 1718 Pcu·
313 1690 376 1726 tibi,
394 1699 429 1717 ne
445 1689 556 1717 timeas.
570 1688 612 1717 Et
624 1687 790 1727 oedificavlt,
804 1687 901 1726 inquit,
917 1688 974 1718 Ge-

232 1735 306 1763 deon
316 1735 421 1772 altare,
437 1740 464 1763 et
476 1735 593 1763 vocavit
606 1736 697 1772 ipsum
704 1733 772 1762 Pax
785 1733 853 1762 Dei.
870 1734 972 1770 Quem-

232 1780 379 1810 admodum
399 1790 462 1820 ergo
481 1791 539 1815 ara,
553 1779 611 1810 sive
632 1779 714 1808 altare
736 1789 829 1818 pacem
847 1789 900 1808 non
918 1778 972 1808 ha-

224 1827 304 1864 buit,
319 1826 366 1856 scd
380 1826 452 1855 initae
466 1833 492 1855 et
509 1825 577 1855 datae
597 1825 669 1865 pacis
682 1825 837 1864 symbolum
855 1832 927 1863 erat;
942 1836 973 1855 ac

232 1872 458 1911 quemadmodum
471 1882 540 1910 aqna
553 1870 790 1901 contradictionem
804 1881 856 1900 non
869 1871 974 1907 babust,

234 1918 281 1948 sed
293 1929 328 1948 cx
339 1929 389 1957 το,
404 1917 478 1957 quod
499 1916 538 1946 ibi
552 1923 685 1954 evenerat,
701 1918 739 1946 sic
757 1917 889 1957 appellata
909 1925 949 1947 est
965 1931 972 1948 :

235 1966 272 1993 ita
296 1971 321 1994 ct
347 1963 467 2004 lignum*
476 1974 530 1992 non
551 1962 688 1992 scientiam
712 1963 817 2000 habuit,
839 1963 887 1993 sed
910 1965 975 2004 quia

234 2010 356 2050 quisquis
370 2016 470 2050 peccat,
486 2009 514 2038 in
527 2008 647 2038 notitiam
658 2009 759 2047 peccati
773 2010 854 2040 venit.
863 2010 895 2040 Id
901 2010 977 2050 quod

236 2057 333 2085 iterum
360 2055 483 2095 exemplo
505 2054 633 2084 confirmo
654 2067 660 2084 :
683 2055 817 2085 interdum
839 2067 889 2097 per
917 2057 976 2086 loca

236 2101 385 2131 latrociniis
405 2101 499 2130 infesta
520 2099 663 2129 transimus
669 2112 677 2137 3
692 2101 718 2129 in
733 2112 859 2139 moreque
872 2109 912 2132 est
929 2103 974 2132 di-

237 2158 296 2177 cere
315 2160 323 2176 :
344 2148 407 2177 Hoec
428 2147 487 2175 loca
506 2145 642 2175 tremenda
661 2154 732 2176 suut.
757 2148 799 2176 An
822 2148 897 2178 locus
917 2149 976 2189 ipse

236 2193 407 2223 formidinem
418 2192 517 2222 habet?
530 2202 617 2221 nonne
628 2192 717 2232 potius
727 2193 784 2223 haec
794 2193 922 2224 dicuntur
936 2196 977 2225 la-

238 2247 346 2269 tronum
359 2239 399 2268 ibi
412 2238 574 2269 versantium
594 2238 694 2267 causa?
708 2239 754 2268 Sic
767 2240 847 2268 arbor
861 2240 909 2269 illa
923 2251 976 2270 non

238 2286 402 2316 mortiferam
413 2284 548 2314 scientiam
560 2283 666 2320 hahuit,
685 2284 731 2313 sed
740 2284 774 2313 ob
787 2284 905 2316 habitam
918 2287 978 2319 illic

238 2333 309 2363 circa
318 2332 453 2362 Adamum
462 2329 631 2370 tragoediam‚
646 2329 698 2359 hoc
710 2339 871 2369 consequuta
881 2323 992 2363 nomenxa

240 2386 289 2409 est.
309 2380 377 2408 Rem
395 2383 483 2407 autem
498 2375 573 2406 solvo
588 2386 596 2405 t
612 2385 698 2414 neque
711 2375 783 2404 enim
796 2376 889 2406 divina
907 2379 979 2408 Scri-

240 2433 320 2466 ptura
331 2425 358 2454 in
365 2423 449 2454 dubio
456 2427 587 2454 versatur.
598 2420 685 2451 Hodie
695 2421 824 2452 habemus
831 2423 923 2460 altare,
929 2435 976 2454 cu—

274 2529 360 2553 nllaec
372 2526 495 2552 habentur
513 2524 581 2558 apud
592 2525 710 2550 Cosmum
722 2524 872 2559 AEgyptium'
884 2536 911 2560 p.
927 2529 995 2553 824:

241 2567 317 2592 habet
328 2572 411 2591 autem
423 2565 472 2595 illc,
486 2576 513 2592 π.
506 2568 538 2607 [A
550 2567 605 2590 αὐτὸ
614 2569 731 2597 γενομένης
741 2571 774 2598 τῷ
785 2564 849 2599 Rasa
861 2570 995 2602 τραγῳδίας,

231 1595 292 1632 Dei,
307 1605 338 1624 ac
352 1602 424 1624 metu
439 1594 578 1634 perculsus
593 1594 640 1623 ille
654 1594 724 1623 dixit
740 1607 746 1623 :
763 1595 831 1623 Heu
845 1605 901 1632 me,
917 1605 974 1624 mo·
989 1596 1010 1619 Α
1027 1601 1138 1637 νοῢμαι·
1151 1593 1218 1627 ε’ἶδον
1231 1597 1397 1637 γὰρᾶγγελον
1404 1595 1798 1637 Θεοῧ.Λέγειαῦτῷὸἄγγελος·

1027 1643 1117 1684 εἰρήνη
1131 1655 1182 1680 σοι,
1196 1642 1233 1683 μὴ
1249 1643 1340 1684 φοὸοῦ.
1354 1642 1408 1672 Καὶ
1421 1642 1592 1682 ᾠκοδόμησε,
1605 1641 1682 1682 φησὶ,
1697 1641 1799 1672 Γεδειῖιν

1027 1688 1220 1729 θυσιαστήριον,
1229 1687 1275 1718 καὶ
1287 1688 1411 1719 ἐκάλεσεν
1421 1688 1485 1718 αὐτὸ
1496 1687 1588 1728 εἰρήνη
1598 1689 1679 1718 Θεοῦ.
1690 1687 1799 1727 ”Ώσπερ

1027 1731 1070 1765 ουν
1091 1737 1106 1765 ὁ
1119 1734 1258 1775 βωμὸς,ἢ
1277 1733 1307 1764 τὸ
1321 1733 1517 1775 θυσιαστήριον,
1537 1735 1585 1764 οὐκ
1605 1733 1670 1763 αὐτὸ
1692 1733 1797 1773 εἰρήνην

1027 1777 1107 1821 εἶχεν,
1127 1780 1196 1810 ἀλλὰ
1214 1781 1263 1816 τῆς
1280 1779 1423 1820 γενομένης
1441 1780 1487 1810 καὶ
1505 1779 1624 1816 δοθείσης
1643 1778 1748 1819 εἰρήνης
1766 1774 1800 1815 ἦν

1027 1827 1176 1867 σύμὸολον·
1188 1826 1269 1856 xod⁵
1250 1839 1341 1867 ωσπερ
1353 1826 1384 1855 τὸ
1397 1825 1467 1866 ὕδωρ
1480 1827 1527 1855 οὐκ
1545 1821 1615 1866 εἶχεν
1634 1824 1800 1864 ἀντιλογίαν,

1027 1873 1096 1903 ἀλλὰ
1117 1873 1160 1903 διὰ
1176 1873 1225 1910 τὴν
1248 1874 1291 1903 ἐπ’
1310 1874 1383 1913 αὐτῷ
1405 1872 1549 1912 γενομένην
1573 1871 1698 1902 ὑπόθεσιν
1718 1871 1802 1905 οὕτως

1027 1920 1146 1956 ἐκλήθη·
1167 1919 1237 1948 diro»
1257 1919 1302 1949 καὶ
1320 1918 1352 1948 τὸ
1373 1918 1448 1953 ξύλον
1470 1920 1500 1948 οὗ
1520 1930 1618 1957 γνωσιν
1637 1913 1720 1957 εἶχεν,
1740 1916 1800 1946 ἀλλ’

1030 1965 1120 2001 ἐπειδὴ
1131 1971 1184 1998 πᾶς
1194 1966 1232 1994 6‘
1218 1964 1376 2005 αμαρτάνων
1389 1965 1425 1997 εἰς
1435 1966 1531 2004 γνῶσιν
1543 1964 1650 2004 ἔρχεται
1660 1959 1698 1992 ὧν
1710 1963 1801 2002 ἆμαρ-

1030 2010 1113 2040 τᾶνει.
1132 2007 1196 2041 Οἷόν
1220 2022 1247 2040 τι
1263 2010 1343 2050 λέγω,
1362 2009 1442 2039 πάλιν
1463 2011 1491 2039 ἐν
1512 2009 1700 2048 ὑποδείγματι·
1717 2009 1801 2038 ἐνίοτε

1030 2056 1218 2096 παρερχόμεθα
1229 2056 1361 2089 ὁδεύοντες
1373 2056 1416 2086 διὰ
1430 2056 1519 2085 τόπων
1536 2054 1744 2095 λῃστευομένων,
1755 2054 1801 2084 καὶ

1030 2101 1087 2135 ἔθος
1097 2106 1151 2135 τοῖς
1161 2102 1307 2142 ἀνθρώποις
1316 2102 1414 2142 λέγειν,
1426 2103 1450 2131 οἱ
1461 2101 1537 2131 τόποι
1549 2101 1582 2137 δὴ
1602 2096 1674 2130 οὗτοι
1696 2100 1802 2141 φοὸεροί

1032 2149 1106 2177 εἰσιν.
1118 2143 1186 2188 ’Ἆρα
1197 2151 1211 2178 ὁ
1221 2148 1300 2181 τόπος
1309 2148 1365 2188 ἔχει
1376 2147 1470 2188 φόὸονς
1488 2147 1507 2183 ἢ
1522 2147 1565 2177 διὰ
1571 2147 1631 2180 τοὺς
1642 2147 1744 2187 λῃστὰς
1755 2146 1796 2176 λε’-

1030 2206 1115 2234 γουσι,
1126 2194 1186 2228 τοὺς
1204 2195 1380 2235 σχολάζοντας
1390 2196 1418 2224 ἐν
1435 2194 1526 2235 ἐκείνῳ
1546 2196 1585 2235 τῷ
1602 2193 1689 2234 τόπῳ;
1703 2193 1803 2226 ἶὈῧϊινι

1031 2241 1076 2270 καὶ
1087 2240 1118 2270 τὸ
1129 2240 1233 2280 δένδρον
1245 2243 1328 2270 ἐκεῖνο
1339 2242 1368 2270 οὖ
1382 2240 1459 2281 φύσιν
1478 2236 1535 2281 εἷχε
1549 2243 1721 2270 θανατοποιοῧ
1734 2239 1801 2279 γνώ-

1031 2298 1096 2320 σεως
1110 2287 1278 2327 ἐργαστικὴν,
1295 2288 1353 2316 ἀλλ’
1367 2287 1420 2316 ἀπὸ
1440 2288 1488 2323 τῆς
1505 2286 1566 2327 περ)Ι
1581 2286 1645 2316 αὐτὸ
1660 2285 1802 2326 γενομένης

1031 2335 1070 2372 τῷ
1091 2332 1174 2372 Ἀδὰμ
1194 2333 1342 2372 τραγῳδίας
1364 2332 1443 2362 aa&
1463 2332 1494 2361 τὸ
1514 2332 1607 2372 ὄνομα.
1631 2333 1695 2362 Λύω
1722 2330 1751 2360 δὲ
1771 2331 1802 2360 τὸ

1032 2384 1144 2419 πρᾶγμα
1166 2379 1313 2418 συντόμως·
1338 2380 1367 2408 οὗ
1388 2378 1440 2419 γὰρ
1461 2380 1554 2418 ἀπορεῖ
1573 2380 1591 2413 ἡ
1615 2377 1672 2407 θεία
1694 2378 1799 2417 Γραφή.

1033 2426 1156 2466 Σήμερον
1181 2426 1277 2466 ἔχομεν
1309 2426 1503 2466 θυσιαστήριον,
1530 2421 1560 2454 οὗ
1590 2424 1746 2464 μετέχουσιν
1778 2427 1802 2453 οἱ

1046 2535 1130 2561 textu,
1143 2533 1270 2566 τραγῳδίας
1282 2531 1307 2555 in
1323 2529 1444 2564 margine
1457 2529 1516 2554 Mox
1534 2527 1601 2554 idem
1613 2528 1717 2553 Cosmus
1730 2534 1802 2562 σήμε-

1045 2580 1085 2602 ρον
1103 2573 1197 2602 ἔσχομεν
1211 2574 1299 2605 βρῶμα
1315 2576 1431 2603 σωτήριον.
1446 2570 1477 2593 In
1495 2566 1658 2614 sequentibus
1669 2566 1744 2592 etium
1757 2566 1802 2592 aii-

242 2607 309 2639 cnjus
326 2611 457 2638 postremae
469 2603 537 2629 iocis
558 2602 613 2628 luco
630 2602 736 2631 Savilius
754 2607 870 2640 ἁμαρτίας
883 2604 977 2631 hahet·
971 2615 996 2632 m
1046 2607 1104 2641 quid
1118 2608 1268 2634 discriminis
1280 2608 1436 2637 obsonator.
1447 2607 1497 2634 Sed
1510 2616 1548 2632 res
1564 2616 1659 2633 minimi
1669 2607 1750 2640 pretu
