1904 2840
627 193 662 214 ΙΝ
690 192 896 215 ΜΑΤΤΙΙΕΠΜ.
924 193 1044 218 nomn...
1072 195 1169 219 XLIII·

1591 187 1663 235 925

131 264 241 292 omnes,
255 256 308 295 qui
329 256 471 286 laboratis
493 260 522 285 et
542 256 659 287 onerati
675 257 755 292 estis,
777 261 806 284 et
819 264 871 294 ego
887 257 907 281 Α
922 256 985 294 quia
1000 267 1016 285 a
1029 257 1117 298 seipso
1135 258 1205 288 nihil
1218 269 1295 299 agere
1313 265 1410 300 potest,
1425 260 1478 290 nisi
1498 262 1663 294 occasionem

129 297 216 324 vobis
227 295 356 333 requiem
368 295 456 323 dabo.
474 294 510 324 Et
521 294 616 324 Petrus
630 294 658 323 in
673 295 784 324 Actibus
801 304 870 334 apo-

13 346 119 364 czuxuv
128 334 259 363 stolorum
270 333 337 363 dicit
349 346 356 362 =
370 335 413 363 Et
421 344 488 370 vos,
502 335 574 374 quid
590 336 711 364 *tentatis
727 335 831 371 Deum,
843 340 872 362 et

30 2243 105 2275 ·⁵·4l·

27 379 116 403 .ι5.ιο.
130 373 222 403 vultis
234 375 381 413 imponere
391 375 495 413 jugum
508 383 595 412 super
607 377 731 404 cervices
742 375 870 414 discipu-

130 413 235 450 lorum,
243 414 324 453 quod
329 424 422 452 neque
429 424 492 451 nos,
503 420 697 453 nequepatres
706 416 797 443 nostri
805 423 871 453 por-

129 458 193 482 tare
203 455 351 492 potuimus
362 455 375 481 ἱ*
387 453 445 482 Sed
455 455 642 493 pergratiam
658 455 767 484 Christi
779 455 871 484 credi-

129 503 194 522 mus
218 493 390 562 salvw.
413 493 498 522 Erant
509 493 582 522 euim
592 493 714 532 quidam,
729 493 778 533 qui
790 503 870 524 onera

127 531 196 572 legis
203 533 287 571 quibu
338 543 366 562 m
378 532 528 562 rationibus
540 533 671 564 fabulosis
683 533 869 563 commendan-

127 578 167 601 tes
179 571 350 602 auditoribus
359 573 426 608 suis,
440 573 517 611 quasi
530 573 640 603 vincula
650 583 732 619 super
744 573 870 603 humeros

127 611 218 641 cordis
235 622 329 642 eorum
341 612 498 658 alligabant,
506 619 536 642 ut
549 613 626 651 quasi
636 613 748 643 rationis
759 613 871 643 vinculo

127 651 275 689 constricti,
289 662 343 682 non
361 652 502 692 rejicerent
518 663 549 681 ea
562 663 577 681 a
591 663 621 682 se
635 664 642 681 ε
654 653 708 693 ipsi
719 659 808 682 autem
822 663 871 682 nec

128 701 163 720 ex
175 690 280 721 modica
294 699 369 732 parte
381 702 411 721 ea
420 691 569 731 implebant
582 692 626 722 :id
636 699 687 729 est,
703 702 754 722 non
768 692 867 731 dicam,

127 730 208 770 plena
220 741 301 772 opere
309 730 423 770 suo,sed
437 741 486 760 nec
499 731 604 762 modico
618 739 700 770 tactu,
708 733 760 762 hoc
773 740 813 762 est
825 733 869 763 di-

127 770 194 810 gito.
209 772 364 801 Seeundum
382 772 599 809 consequentiam
611 779 703 802 autem
717 772 784 802 tales
807 775 870 803 sunt

126 810 205 840 etiam
220 821 291 840 nunc
313 810 472 856 sacerdotes,
484 811 532 850 qui
545 821 651 841 omnem
660 812 796 852 justitiam
816 823 869 853 po-

922 305 938 323 a
955 295 1034 325 nobis
1044 297 1184 336 acceperit.
1202 298 1265 328 Ideo
1279 309 1501 342 unumquemque
1524 301 1661 333 hominem

920 335 1077 373 aggreditur
1098 337 1244 366 secundum
1262 338 1440 369 conditionem
1454 363 1461 375 ‚
1490 347 1516 370 et
1542 347 1659 380 statum,

921 384 1001 412 quem
1013 375 1144 405 invenerit
1155 376 1224 406 circa
1239 388 1315 407 eum:
1328 381 1509 419 utputa,inter
1518 380 1661 413 bellatores

920 414 1087 444 nascitur-de
1094 415 1194 445 virtute
1201 418 1351 447 contentio:
1365 419 1393 447 in
1405 419 1547 459 dignitosis
1558 420 1593 451 de
1603 432 1661 451 am-

919 452 1022 482 bitione
1040 454 1150 484 honoris
1172 458 1259 495 surgit
1279 457 1382 487 invidia
1398 468 1405 484 =
1428 459 1497 488 inter
1510 459 1607 491 divites
1625 463 1661 492 de

921 493 1095 531 acquisitione
1108 494 1138 524 fit
1159 496 1240 525 velus.
1267 496 1342 533 Quid
1363 496 1473 527 dicam?
1493 500 1565 529 Inter
1585 500 1595 530 i
1612 501 1614 503 ’
1646 513 1659 531 s

921 531 1091 571 thymelicos,
1107 534 1154 573 qui
1172 534 1296 565 exercent
1313 546 1381 565 vana
1396 537 1525 575 ludibria,
1540 539 1575 569 de
1593 541 1661 581 ipsis

921 570 1049 602 ludibriis
1073 574 1125 603 sibi
1150 574 1268 604 invicem
1281 575 1464 613 adversantur,
1478 584 1508 607 ut
1520 579 1567 616 qui
1600 581 1659 620 ejus

920 610 1070 649 deridetur,
1085 614 1180 643 melior
1192 614 1370 644 existimetur.
1385 615 1448 645 Ideo
1457 623 1482 645 et
1498 627 1572 647 sacer
1592 626 1658 656 otes,

920 651 966 688 qui
979 652 1058 696 positi
1068 659 1131 681 sunt
1144 653 1179 682 ad
1191 661 1377 683 ornamentum
1390 655 1497 700 populi,
1508 663 1535 686 et
1549 657 1585 687 ad
1594 659 1659 688 aedi-

919 690 1070 721 ficationem
1090 693 1246 728 sanctitatis,
1261 704 1296 723 ex
1316 693 1376 734 ipso
1397 695 1544 726 ministerio
1565 708 1659 728 eorum

919 730 1016 770 accipit
1029 731 1146 761 colorem
1156 732 1292 770 diabolus,
1301 740 1327 769 et
1336 735 1485 774 corrumpit
1497 735 1598 766 bonum
1610 739 1659 768 mi-

919 769 1058 800 nisterium
1072 782 1176 807 eorum,
1187 780 1218 802 ut
1232 773 1282 802 hoc
1295 773 1384 813 ipsum
1398 773 1510 811 bonum,
1521 775 1587 806 dum
1601 787 1660 822 pro-

919 816 977 848 pter
986 810 1107 840 homines
1114 812 1155 848 fit,
1164 812 1211 841 fiat
1222 813 1417 842 malum.Tolle
1427 824 1490 854 ergo
1501 814 1552 845 hoc
1561 818 1658 846 vitium

127 850 194 890 pulo
208 850 345 886 mandam,
357 858 383 881 οι
396 851 449 891 ips1
463 860 511 880 nec
520 850 626 881 modice
636 859 753 889 servant,
769 852 868 883 videli-
884 854 903 878 B
918 849 953 878 de
966 850 1050 887 clero,
1064 861 1098 880 ne
1111 852 1196 881 velint
1208 852 1364 882 hominibus
1377 854 1492 893 plaeere,
1508 862 1534 884 et
1546 856 1602 885 sine
1616 856 1658 886 la-

125 897 168 919 cet
181 900 234 920 non
245 898 277 920 ut
287 891 413 921 facientes
422 890 476 919 sint
485 890 563 929 justi,
578 891 625 920 sed
638 899 668 921 ut
681 892 805 922 docentes
817 904 868 934 ap-

125 938 239 969 pareant
256 931 335 971 justi.
358 930 439 960 Tales
458 937 521 959 sunt
541 937 568 959 et
590 931 638 969 qui
660 943 741 971 grave
760 933 866 972 pondus

126 970 294 1000 venientibus
303 970 338 1000 ad
355 970 537 1011 poenitentiam
545 971 697 1011 imponunt,
712 973 759 1011 qui
772 972 867 1003 dicunt

124 1016 152 1038 et
164 1020 217 1039 non
230 1011 351 1041 faciunt:
366 1010 448 1046 etsie,
464 1009 531 1039 dum
539 1020 617 1050 poena
631 1012 792 1051 poenitentiae
801 1023 867 1053 prae-

124 1050 207 1080 sentis
218 1050 247 1079 fu
268 1051 333 1088 itur,
347 1049 526 1079 contemnitur
547 1060 624 1090 poena
646 1052 746 1091 peccati
768 1052 864 1083 futuri.

124 1089 155 1119 si
167 1090 239 1120 euim
246 1061 343 1120 {seem
353 1100 435 1130 super
448 1090 574 1119 humeros
584 1090 769 1128 adolescentis,
784 1103 866 1132 quam

124 1138 182 1159 non
198 1137 284 1170 potest
304 1129 435 1169 bajulare,
450 1132 594 1170 posueris:
612 1139 717 1161 necesse
730 1132 820 1170 habet,
834 1140 865 1163 ut

123 1177 170 1199 aut
184 1169 404 1209 fascemrejiciat‚
416 1176 464 1199 aut
474 1169 525 1198 sub
536 1169 652 1209 pondere
661 1172 863 1211 confringatur:

123 1211 163 1240 sic
174 1217 200 1240 et
212 1209 377 1246 homini‚cui
390 1220 471 1249 grave
483 1209 589 1249 pondus
599 1210 762 1250 poenitentiae
775 1212 864 1252 ponis,

124 1260 231 1279 necesse
242 1256 292 1287 est,
308 1256 338 1279 ut
350 1256 397 1278 aut
453 1249 592 1279 nitentiam
605 1256 679 1279 tuam
696 1251 806 1292 rejiciat,
820 1259 867 1282 aut

123 1289 283 1335 suscipiem,
293 1289 361 1318 dum
371 1300 403 1319 su
425 1299 484 1318 erre
499 1299 551 1318 non
563 1296 660 1330 potest,
674 1290 866 1322 scandalizatus

123 1330 241 1369 amphus
253 1336 354 1369 peccet.
374 1328 479 1358 Deinde
500 1329 551 1358 etsi
571 1339 708 1368 erramus,
732 1332 866 1361 modicam

123 1369 306 1410 poenitentiam
315 1369 479 1408 imponentes
488 1378 590 1398 :nonne
599 1369 696 1399 melius
702 1377 742 1400 est
757 1378 868 1412 propter

122 1408 335 1439 misericordiam
347 1409 478 1437 rationem
490 1407 565 1444 dare,
577 1419 659 1448 quam
678 1418 788 1452 propter
800 1422 866 1442 cru-

918 889 984 918 bore
995 892 1084 920 omnia
1090 891 1155 920 vitia
1163 899 1323 922 resecantur.
1335 893 1376 922 Ex
1390 893 1440 922 hoc
1451 893 1519 923 vitio
1528 896 1656 932 nascitur,

918 935 948 958 ut
961 939 994 958 ne
1000 930 1085 959 velint
1098 931 1167 960 inter
1180 943 1207 961 se
1220 932 1358 961 meliorem
1368 933 1476 969 babere,
1486 933 1555 963 sicut
1568 935 1657 965 Judaei

918 969 1071 999 Christum.
1092 973 1153 1000 Non
1172 972 1243 1001 enim
1257 971 1400 1002 nescientes
1414 983 1476 1002 eum
1490 973 1540 1002 Dei
1555 974 1658 1004 Filium

915 1019 982 1046 esse,
998 1010 1161 1048 occiderunt,
1175 1011 1222 1041 sed
1234 1011 1331 1041 habere
1342 1022 1404 1041 eum
1416 1012 1495 1041 talem
1510 1023 1562 1042 non
1576 1015 1658 1044 susti-

915 1056 1016 1086 nentes,
1030 1049 1107 1080 sicut'
1122 1058 1146 1080 et
1160 1051 1302 1091 prophetat
1314 1050 1348 1080 de
1366 1052 1421 1081 illis
1432 1052 1559 1082 Salomon
1576 1066 1582 1082 ε
1599 1055 1655 1084 Ve·
1667 1063 1724 1093 Sap.
1737 1069 1759 1084 2.
1771 1068 1806 1085 η.

917 1091 987 1125 nice,
1003 1091 1262 1120 circumveniamus
1270 1093 1392 1130 justum,
1406 1094 1477 1131 quia
1485 1093 1598 1123 inutilis
1613 1101 1657 1124 est

917 1130 1010 1165 nohis,
1018 1136 1047 1159 et
1054 1133 1227 1171 improperat
1241 1132 1325 1159 nobis
1331 1138 1453 1171 peccata
1464 1131 1493 1160 le
1517 1134 1546 1162 ἐ.
1558 1133 1601 1163 Ex
1607 1134 1657 1164 hoc

914 1169 981 1198 vitio
995 1170 1123 1207 nascitur,
1139 1178 1168 1200 ut
1189 1170 1278 1199 elerici
1292 1178 1429 1210 peccantes
1441 1170 1469 1200 di
1491 1172 1553 1201 1cile
1572 1173 1659 1213 poeni-

916 1209 1026 1238 tentiam
1038 1217 1127 1250 agant.
1144 1210 1288 1240 Erubescit
1300 1210 1372 1239 enim
1383 1211 1528 1249 aliquando
1536 1223 1598 1242 reus
1608 1213 1658 1243 vi-

915 1247 987 1285 deri,
1001 1250 1047 1288 qui
1073 1258 1178 1290 semper
1199 1250 1285 1279 fuerat
1301 1249 1398 1290 judex.
1415 1251 1556 1280 Dilatant
1580 1254 1658 1282 enim

913 1289 1102 1327 phylacteria
1114 1300 1179 1326 sua,
1194 1296 1222 1318 et
1243 1290 1432 1329 magnificant
1441 1290 1594 1330 fimbriam
1608 1303 1658 1321 ve-

915 1330 1117 1358 stimentorum
1131 1339 1260 1359 suorum.
1276 1330 1344 1359 Puto
1365 1330 1438 1369 quod
1466 1330 1576 1360 illorum
1595 1338 1659 1362 tunc

915 1368 1066 1398 scribarum
1074 1375 1100 1398 et
1115 1369 1311 1398 Pharisaeorum
1322 1370 1445 1410 exemplo
1458 1376 1484 1399 et
1493 1380 1564 1401 nuuc
1577 1372 1658 1401 multi

914 1408 1004 1447 aliqua
1027 1409 1134 1438 nomina
1148 1409 1278 1438 Hebraica
1290 1409 1445 1448 angelorum
1456 1410 1621 1450 confingunt,
1634 1419 1660 1441 et

122 1448 279 1478 delitatem?
291 1448 347 1478 Ubi
360 1448 431 1477 enim
445 1449 635 1488 paterfamilias
649 1450 740 1489 largus
750 1451 865 1487 est‚dis-
882 1454 900 1477 C
916 1448 1049 1484 scribunt,
1068 1455 1094 1477 et
1106 1448 1218 1487 alligant
1229 1448 1295 1492 sibi,
1306 1459 1365 1486 quae
1379 1459 1432 1478 non
1447 1449 1659 1488 intelligentibus

122 1495 247 1529 pensator
260 1498 313 1517 non
325 1487 404 1517 debet
423 1498 480 1516 esse
495 1495 586 1517 tenax.
604 1489 635 1518 Si
649 1490 721 1518 Deus
733 1491 866 1530 benignus

122 1536 172 1565 est,
188 1534 218 1557 ut
230 1527 298 1596 quid
310 1526 433 1556 sacerdos
445 1527 503 1565 ejus
517 1528 659 1557 austerus?
675 1529 726 1558 Vis
737 1540 866 1569 apparere

122 1574 230 1597 sanctus
262 1566 340 1596 Circa
362 1573 436 1595 tuam
459 1569 544 1595 vitam
567 1573 622 1595 esto
649 1574 780 1605 austerus,
796 1569 865 1598 circa

122 1607 237 1636 alienam
243 1613 332 1636 autem
338 1605 480 1644 benignus.
492 1605 611 1635 Audiam
622 1613 647 1635 te
653 1606 775 1637 homines
800 1619 864 1638 arva

122 1646 303 1682 mandantem,
310 1653 336 1675 et
343 1642 453 1685 grandia
466 1644 576 1674 videant
582 1646 731 1676 facientem.
742 1619 817 1677 Talis
825 1655 864 1678 est

122 1694 211 1716 autem
218 1685 351 1720 sacerdos,
362 1685 409 1723 qui
417 1685 469 1714 sibi
480 1683 612 1724 indulget,
619 1692 645 1714 et
654 1686 688 1715 ab
697 1686 758 1716 aliis
771 1688 862 1726 gravia

122 1726 207 1765 exigit
222 1737 229 1754 ε
246 1724 472 1765 quemadmodum
491 1724 579 1753 malus
597 1725 747 1766 descriptor
768 1727 862 1757 tributi

122 1767 150 1796 in
163 1766 282 1802 civitate,
297 1765 344 1804 qui
366 1775 395 1793 se
414 1764 525 1799 relevat,
537 1771 564 1793 et
583 1771 675 1794 onerat
692 1766 860 1806 impotentes.

123 1808 231 1836 Omnia
245 1811 342 1835 autem
358 1803 446 1843 operit
457 1813 512 1832 sua
528 1805 662 1843 faciunt,
675 1812 708 1834 ut
720 1807 757 1835 ab
771 1807 862 1836 homi-

122 1848 207 1876 nibus
220 1846 389 1874 ‘m'deantun
405 1845 548 1882 Postquam
560 1854 641 1884 supra
655 1845 823 1875 sacerdotum
836 1853 863 1876 et

120 1886 316 1916 Pharisaeorum
327 1891 352 1913 et
365 1883 575 1913 sadducaeorum
588 1885 861 1915 contentionibusve—

119 1933 198 1955 xatus
211 1931 260 1961 est,
280 1924 308 1953 in
318 1925 374 1953 suis
382 1930 471 1952 autem
484 1923 700 1962 responsionibus
716 1934 767 1953 non
779 1924 861 1954 audi-

118 1973 163 1995 tus
175 1970 331 1993 convertens
350 1974 389 1999 se,
402 1964 471 1993 sicut
492 1963 658 1999 audivimus,
673 1963 776 2000 docuit,
794 1965 860 1995 tales

118 2005 240 2034 doctores
265 2002 414 2032 audiendos
434 2013 501 2037 esse,
525 2013 578 2032 non
605 2003 759 2032 imitandos.
780 2005 860 2034 Nunc

915 1487 1037 1526 linguam
1047 1487 1206 1517 Hebraicam
1219 1497 1296 1525 quasi
1308 1487 1448 1517 metuenda
1461 1488 1598 1518 videntur.
1613 1491 1659 1520 sic

914 1536 979 1565 ergo
992 1533 1018 1555 et
1028 1526 1071 1555 isti
1085 1528 1146 1556 vani
1158 1532 1231 1560 sunt,
1247 1527 1317 1556 sicut
1330 1527 1371 1555 illi
1390 1527 1517 1556 fuerunt:
1531 1529 1658 1566 quoniam

914 1576 1032 1605 persona!
1048 1565 1159 1595 iilorum
1177 1565 1212 1594 de
1225 1565 1326 1595 mundo
1339 1573 1514 1602 recesserunt,
1529 1578 1581 1596 non
1595 1579 1657 1598 mo—

913 1616 966 1635 res.
991 1607 1031 1635 De
1045 1605 1201 1634 hominibus
1223 1605 1312 1645 itaque
1335 1606 1418 1635 nostri
1432 1607 1559 1646 temporis
1573 1618 1606 1636 ex
1627 1619 1657 1638 o-

913 1652 1015 1682 nentes,
1028 1645 1062 1675 de
1075 1645 1131 1674 illis
1144 1645 1269 1675 videmur
1282 1655 1426 1685 exponere.
1442 1646 1514 1686 Ergo
1534 1657 1593 1676 sace
1627 1659 1658 1677 ο-

913 1691 950 1714 tes
967 1695 1001 1714 ex
1015 1695 1046 1715 eo
1058 1684 1130 1724 quod
1144 1685 1179 1715 ab
1192 1684 1347 1714 hominibus
1360 1685 1456 1714 volunt
1470 1685 1556 1715 videri
1567 1686 1632 1726 justi
1646 1710 1654 1724 ‚

911 1725 1078 1764 phylacteria
1092 1725 1205 1765 alligant
1225 1725 1295 1754 circa
1319 1724 1419 1754 collum
1432 1748 1441 1761 ‚
1464 1725 1655 1764 quidam‘vcro

911 1771 1013 1808 partem
1028 1765 1146 1804 aliquam
1159 1765 1291 1805 evangelii
1299 1764 1437 1804 scriptam.
1452 1765 1515 1802 Dic,
1531 1766 1656 1796 sacerdos

912 1804 962 1833 msi
965 1805 1053 1844 piens,
1060 1815 1149 1834 nonne
1155 1804 1277 1844 quotidie
1284 1804 1453 1844 evangelium
1462 1804 1489 1833 in
1496 1805 1606 1835 ecclesia
1613 1806 1654 1835 le—

912 1843 994 1882 gitur,
1009 1851 1034 1873 et
1048 1844 1158 1874 auditur
1170 1845 1204 1874 ab
1217 1843 1392 1874 hominibus?
1403 1845 1455 1874 Cui
1464 1855 1527 1883 ergo
1541 1845 1567 1874 in
1579 1846 1653 1875 auri-

910 1883 961 1912 bus
972 1884 1058 1924 posita
1068 1885 1205 1924 evangelia
1224 1885 1294 1914 nihil
1313 1891 1434 1925 prosunt,
1444 1883 1579 1924 quomodo
1590 1896 1653 1915 eum

910 1930 1035 1962 poterunt
1059 1923 1130 1953 circa
1150 1924 1251 1954 collum
1273 1935 1399 1964 suspensa
1412 1923 1535 1955 salvare?
1548 1924 1652 1955 Deinde

911 1963 959 1991 ubi
979 1969 1019 1992 est
1036 1963 1122 1993 virtus
1141 1964 1284 2004 evangelii,
1301 1975 1327 1993 m
1341 1964 1439 2004 figuris
1454 1965 1604 2003 literarum,
1616 1975 1651 1996 an
1677 1967 1803 2004 ,vassffffi

910 2002 937 2031 in
959 2002 1095 2032 intellectu
1110 2004 1257 2033 sensuum?
1283 2004 1312 2034 Si
1329 2004 1356 2033 in
1372 2004 1477 2043 liguris,
1492 2005 1560 2035 bene
1581 2006 1653 2039 circa
1662 2003 1731 2025 Vmu'
1743 1999 1790 2020 ¹¹¹''·

118 2051 208 2074 autem
220 2043 280 2073 vult
290 2042 428 2072 ostendere
441 2052 558 2078 causam,
574 2049 684 2083 propter
703 2053 784 2088 quarn
806 2054 859 2089 ηομ
875 2046 894 2069 D
910 2042 1010 2071 collum
1022 2042 1166 2082 suspendis
1180 2054 1186 2070 ι
1199 2044 1222 2073 si
1235 2045 1260 2073 in
1274 2044 1422 2081 intellectu,
1438 2055 1500 2084 ergo
1514 2046 1611 2076 melius
1621 2047 1653 2078 in

117 2090 240 2124 poterant
264 2081 373 2112 credere
389 2082 497 2112 Christo
513 2094 521 2111 ι
541 2082 592 2111 hoc
618 2089 668 2119 est,
683 2093 746 2121 quia
770 2093 860 2113 omnia

117 2123 258 2159 faciebant,
267 2129 297 2152 ut
310 2122 345 2151 ab
355 2122 510 2151 bominibus
521 2122 673 2151 videantur.
688 2123 859 2162 Impossibile

117 2169 156 2191 est
169 2161 241 2190 enim
260 2169 291 2191 nt
311 2161 421 2190 credant
441 2161 550 2191 Christo
563 2161 677 2190 caelestia
690 2162 856 2202 praedicanti,

117 2201 164 2240 qui
176 2201 289 2239 gloriam
296 2201 435 2229 hominum
446 2201 639 2241 concupiscunt
647 2208 788 2238 terrenam,
802 2202 858 2231 sic-

116 2248 146 2270 ut
164 2240 230 2269 alibi
240 2239 297 2279 ipse
316 2238 382 2268 dicit
398 2252 405 2268 z
422 2240 571 2278 Quomodo
588 2242 708 2278 potestis
730 2242 855 2278 credere,

114 2281 239 2320 gloriam
260 2285 421 2318 quaerentes
440 2280 477 2307 ab
493 2280 641 2315 invicem,
666 2286 695 2308 et
717 2280 854 2319 gloriam,

115 2330 181 2360 quoe
201 2329 220 2348 a
231 2319 294 2348 solo
307 2320 370 2348 Deo
385 2325 438 2354 est,
455 2329 512 2346 non
534 2320 684 2358 quoeritt's?
698 2319 731 2347 In
744 2320 817 2348 omni
828 2331 857 2349 re

113 2370 148 2388 ex
162 2359 220 2399 ipsa
229 2369 258 2387 re
271 2359 399 2392 nascitur,
411 2357 483 2396 quod
493 2357 649 2386 exterminet
661 2369 716 2387 rem
729 2371 735 2386 :
748 2365 854 2398 utputa,

114 2399 141 2427 in
154 2399 228 2438 ligno
241 2407 275 2427 ex
289 2398 347 2437 ipso
361 2397 434 2436 ligno
448 2397 565 2426 nascitur
578 2396 687 2434 vermis,
702 2397 750 2436 qui
766 2405 851 2427 exter-

113 2438 199 2467 minat
211 2437 328 2476 lignum.
340 2437 383 2466 Ex
398 2437 558 2465 vestimento
571 2436 691 2465 nascitur
698 2438 779 2474 tinea,
794 2447 853 2476 quae

113 2476 229 2506 eomedit
243 2477 443 2512 vestimentum3
460 2486 494 2505 ex
518 2475 638 2505 oleribus
657 2476 773 2505 nascitur
790 2487 854 2507 ver-

114 2517 176 2552 mis,
191 2516 239 2554 qui
252 2516 323 2544 olera
338 2517 463 2546 universa
477 2515 625 2555 corrumpit
639 2525 647 2542 ε
662 2515 701 2544 sic
714 2522 740 2545 et
754 2516 779 2544 in
795 2516 853 2556 spi-

114 2555 258 2584 ritualibus
285 2564 319 2584 ex
350 2555 408 2595 ipso
431 2555 568 2600 proposito
599 2565 691 2584 eorum
718 2555 853 2596 spirituali

114 2594 210 2634 accipit
221 2594 385 2624 occasionem
400 2594 536 2631 inimicus,
554 2593 624 2623 unde
635 2593 673 2624 cis
683 2594 748 2625 retia
761 2595 827 2624 texit
844 2609 849 2623 :

910 2082 990 2111 corde
1000 2083 1086 2122 posita
1099 2090 1221 2122 prosunt⁷
1229 2094 1309 2123 quam
1318 2084 1387 2113 circa
1400 2085 1500 2114 collum
1510 2095 1652 2126 suspensa„

911 2122 965 2151 Alii
979 2129 1078 2159 autem,
1087 2122 1133 2161 qui
1145 2124 1288 2152 sanctiores
1299 2133 1326 2152 se
1340 2123 1477 2154 ostendere
1491 2125 1585 2154 volunt
1598 2126 1651 2154 ho·-

910 2161 1038 2196 minibus,
1054 2169 1156 2201 partem
1173 2163 1285 2192 fimbriae
1300 2169 1346 2192 aut
1365 2163 1525 2203 capillorum
1538 2175 1652 2195 suorum

908 2201 1040 2241 alligant,
1059 2208 1085 2230 et
1103 2202 1282 2242 suspendunt.
1298 2204 1322 2233 Ο
1346 2202 1488 2243 impietas!
1518 2203 1651 2243 Majorem

908 2241 1073 2270 sanctitatem
1087 2241 1114 2270 in
1136 2242 1191 2271 suis
1213 2242 1377 2272 vestimentis
1390 2242 1487 2271 volunt
1499 2242 1649 2279 ostendere,

908 2290 989 2318 quam
1002 2280 1029 2309 in
1043 2290 1155 2320 corpore
1165 2281 1266 2311 Christi
1281 2293 1288 2309 z
1301 2289 1330 2311 ut
1342 2282 1389 2320 qui
1398 2291 1495 2321 corpus
1505 2283 1562 2321 ejus
1574 2292 1651 2310 man«

908 2320 1008 2348 ducans
1022 2327 1129 2350 sanatus
1143 2331 1194 2350 non
1213 2321 1303 2357 fuerit,
1315 2320 1427 2349 simbriae
1442 2322 1500 2359 ejus
1510 2320 1648 2349 sanctitate

907 2358 1036 2394 salvetur,
1052 2367 1081 2389 ut
1094 2360 1236 2399 desperans
1246 2360 1280 2389 de
1293 2359 1472 2388 misericordia
1487 2359 1547 2395 Dei,
1562 2358 1645 2388 confi-

908 2398 955 2427 dat
971 2398 998 2427 in
1012 2406 1086 2428 veste
1097 2399 1222 2428 hominis.
1238 2400 1273 2429 Et
1286 2398 1350 2437 quid
1364 2398 1463 2427 Paulus
1472 2398 1485 2425 i’
1500 2407 1551 2426 non
1565 2397 1647 2428 dabat
1656 2408 1707 2431 Aa.
1718 2414 1797 2438 ¹9³²-

908 2438 1015 2467 sudaria
1029 2449 1087 2475 sua,
1101 2446 1127 2467 et
1139 2438 1300 2468 semicinctia
1314 2448 1371 2472 sua,
1384 2443 1414 2466 ut
1427 2437 1594 2466 salvarentur
1604 2438 1646 2467 in-

908 2477 999 2506 firmi?
1015 2478 1256 2519 Etiarmantequam
1269 2477 1318 2505 Dei
1330 2475 1422 2504 notitia
1441 2476 1468 2504 in
1490 2476 1646 2507 hominibus

908 2524 985 2553 esset,
1002 2517 1069 2547 ratio
1082 2510 1137 2548 {ht
1156 2523 1185 2545 ut
1202 2527 1249 2555 per
1263 2515 1426 2544 sanctitatem
1442 2514 1582 2544 hominum
1596 2517 1646 2546 Dei

907 2556 1024 2596 potentia
1044 2562 1245 2596 cognosceretur
1260 2565 1266 2581 :
1284 2564 1355 2583 nunc
1374 2561 1461 2583 autem
1481 2554 1581 2584 insania
1594 2563 1644 2585 est.

908 2597 975 2625 Nam
987 2603 1126 2634 postquam
1138 2594 1187 2624 Dei
1202 2594 1345 2633 potentiam
1354 2594 1567 2632 cognoverimus,
1579 2595 1645 2633 quid
