<?xml version="1.0" encoding="UTF-8"?>
<!DOCTYPE html PUBLIC "-//W3C//DTD XHTML 1.0 Transitional//EN"
    "http://www.w3.org/TR/xhtml1/DTD/xhtml1-transitional.dtd">
<html xmlns="http://www.w3.org/1999/xhtml" xml:lang="en" lang="en">
 <head>
  <title>
</title>
<meta http-equiv="Content-Type" content="text/html;charset=utf-8" />
  <meta name='ocr-system' content='tesseract 3.04.00' />
  <meta name='ocr-capabilities' content='ocr_page ocr_carea ocr_par ocr_line ocrx_word'/>
</head>
<body>
  <div class='ocr_page' id='page_1' title='image "./operaomniaquaeex06johnuoft_0119.png"; bbox 0 0 1890 2826; ppageno 0'>
   <div class='ocr_carea' id='block_1_1' title="bbox 0 67 4 614">
    <p class='ocr_par' dir='ltr' id='par_1_1' title="bbox 0 67 4 614">
     <span class='ocr_line' id='line_1_1' title="bbox 0 67 4 614; baseline 0 0"><span class='ocrx_word' id='word_1_1' title='bbox 0 67 4 614; x_wconf 95' lang='lat' dir='ltr'> </span> 
     </span>
    </p>
   </div>
   <div class='ocr_carea' id='block_1_2' title="bbox 716 164 1116 195">
    <p class='ocr_par' dir='ltr' id='par_1_2' title="bbox 716 164 1116 195">
     <span class='ocr_line' id='line_1_2' title="bbox 716 164 1116 195; baseline -0.003 -8"><span class='ocrx_word' id='word_1_2' title='bbox 716 165 749 187; x_wconf 73' lang='grc' dir='ltr'>ΙΝ</span> <span class='ocrx_word' id='word_1_3' title='bbox 784 165 909 195; x_wconf 73' lang='grc' dir='ltr'>ΙΞΑΙΛΜ,</span> <span class='ocrx_word' id='word_1_4' title='bbox 939 164 1015 187; x_wconf 73' lang='grc' dir='ltr'>(ΞΑΡ.</span> <span class='ocrx_word' id='word_1_5' title='bbox 1045 165 1116 188; x_wconf 76' lang='lat' dir='ltr'>vui.</span> 
     </span>
    </p>
   </div>
   <div class='ocr_carea' id='block_1_3' title="bbox 1625 150 1686 184">
    <p class='ocr_par' dir='ltr' id='par_1_3' title="bbox 1625 150 1686 184">
     <span class='ocr_line' id='line_1_3' title="bbox 1625 150 1686 184; baseline -0.016 0"><span class='ocrx_word' id='word_1_6' title='bbox 1625 150 1686 184; x_wconf 61' lang='grc' dir='ltr'>ια’)</span> 
     </span>
    </p>
   </div>
   <div class='ocr_carea' id='block_1_4' title="bbox 121 222 1689 269">
    <p class='ocr_par' dir='ltr' id='par_1_4' title="bbox 121 222 1689 269">
     <span class='ocr_line' id='line_1_4' title="bbox 121 222 1689 269; baseline -0.007 -8"><span class='ocrx_word' id='word_1_7' title='bbox 121 231 202 267; x_wconf 86' lang='grc' dir='ltr'>ληλα·</span> <span class='ocrx_word' id='word_1_8' title='bbox 214 231 237 260; x_wconf 86' lang='grc' dir='ltr'>εἰ</span> <span class='ocrx_word' id='word_1_9' title='bbox 254 229 281 259; x_wconf 83' lang='grc' dir='ltr'>δέ</span> <span class='ocrx_word' id='word_1_10' title='bbox 300 241 338 262; x_wconf 86' lang='grc' dir='ltr'>τις</span> <span class='ocrx_word' id='word_1_11' title='bbox 354 228 468 269; x_wconf 79' lang='grc' dir='ltr'>ἀκριὸῶς</span> <span class='ocrx_word' id='word_1_12' title='bbox 481 227 611 262; x_wconf 77' lang='grc' dir='ltr'>ἐξετάσειε</span> <span class='ocrx_word' id='word_1_13' title='bbox 623 227 676 256; x_wconf 84' lang='grc' dir='ltr'>τῶν</span> <span class='ocrx_word' id='word_1_14' title='bbox 690 226 830 265; x_wconf 76' lang='grc' dir='ltr'>νοημάτων</span> <span class='ocrx_word' id='word_1_15' title='bbox 842 226 890 262; x_wconf 80' lang='grc' dir='ltr'>τὴν</span> <span class='ocrx_word' id='word_1_16' title='bbox 909 228 927 251; x_wconf 83' lang='grc' dir='ltr'>Ε</span> <span class='ocrx_word' id='word_1_17' title='bbox 946 226 968 254; x_wconf 90' lang='lat' dir='ltr'>si</span> <span class='ocrx_word' id='word_1_18' title='bbox 982 224 1042 264; x_wconf 89' lang='lat' dir='ltr'>quis</span> <span class='ocrx_word' id='word_1_19' title='bbox 1063 235 1126 254; x_wconf 85' lang='lat' dir='ltr'>vero</span> <span class='ocrx_word' id='word_1_20' title='bbox 1144 224 1334 254; x_wconf 84' lang='lat' dir='ltr'>sententiarum</span> <span class='ocrx_word' id='word_1_21' title='bbox 1359 224 1413 253; x_wconf 90' lang='lat' dir='ltr'>vim</span> <span class='ocrx_word' id='word_1_22' title='bbox 1434 230 1554 252; x_wconf 78' lang='lat' dir='ltr'>accurate</span> <span class='ocrx_word' id='word_1_23' title='bbox 1567 222 1689 262; x_wconf 78' lang='lat' dir='ltr'>explora-</span> 
     </span>
    </p>
   </div>
   <div class='ocr_carea' id='block_1_5' title="bbox 117 271 891 454">
    <p class='ocr_par' dir='ltr' id='par_1_5' title="bbox 117 271 891 454">
     <span class='ocr_line' id='line_1_5' title="bbox 120 271 891 315; baseline -0.005 -10"><span class='ocrx_word' id='word_1_24' title='bbox 120 276 243 315; x_wconf 79' lang='grc' dir='ltr'>δύναμιν,</span> <span class='ocrx_word' id='word_1_25' title='bbox 251 274 352 310; x_wconf 73' lang='grc' dir='ltr'>πολλὴν</span> <span class='ocrx_word' id='word_1_26' title='bbox 363 274 456 315; x_wconf 76' lang='grc' dir='ltr'>ὄψεται</span> <span class='ocrx_word' id='word_1_27' title='bbox 468 273 517 309; x_wconf 77' lang='grc' dir='ltr'>τὴν</span> <span class='ocrx_word' id='word_1_28' title='bbox 531 272 682 312; x_wconf 80' lang='grc' dir='ltr'>συγγένειαν</span> <span class='ocrx_word' id='word_1_29' title='bbox 690 295 698 309; x_wconf 90' lang='grc'>,</span> <span class='ocrx_word' id='word_1_30' title='bbox 712 271 757 302; x_wconf 80' lang='grc' dir='ltr'>καὶ</span> <span class='ocrx_word' id='word_1_31' title='bbox 770 271 816 301; x_wconf 83' lang='grc' dir='ltr'>τὸν</span> <span class='ocrx_word' id='word_1_32' title='bbox 830 283 891 301; x_wconf 87' lang='grc' dir='ltr'>σκο-</span> 
     </span>
     <span class='ocr_line' id='line_1_6' title="bbox 117 318 891 360; baseline -0.008 -8"><span class='ocrx_word' id='word_1_33' title='bbox 117 323 168 352; x_wconf 83' lang='grc' dir='ltr'>πὸν</span> <span class='ocrx_word' id='word_1_34' title='bbox 180 322 234 352; x_wconf 69' lang='grc' dir='ltr'>ἕνα.</span> <span class='ocrx_word' id='word_1_35' title='bbox 248 323 401 360; x_wconf 76' lang='grc' dir='ltr'>Ἀναγκαῖον</span> <span class='ocrx_word' id='word_1_36' title='bbox 413 320 441 351; x_wconf 82' lang='grc' dir='ltr'>δὲ</span> <span class='ocrx_word' id='word_1_37' title='bbox 455 322 560 360; x_wconf 83' lang='grc' dir='ltr'>πρῶτον</span> <span class='ocrx_word' id='word_1_38' title='bbox 573 321 656 349; x_wconf 84' lang='grc' dir='ltr'>εἰπεῖν</span> <span class='ocrx_word' id='word_1_39' title='bbox 664 340 672 354; x_wconf 90' lang='grc'>,</span> <span class='ocrx_word' id='word_1_40' title='bbox 682 318 751 351; x_wconf 84' lang='grc' dir='ltr'>τίνος</span> <span class='ocrx_word' id='word_1_41' title='bbox 765 318 851 348; x_wconf 74' lang='grc' dir='ltr'>ἕνεκεν</span> <span class='ocrx_word' id='word_1_42' title='bbox 860 318 891 347; x_wconf 86' lang='grc' dir='ltr'>τὸ</span> 
     </span>
     <span class='ocr_line' id='line_1_7' title="bbox 117 361 888 410; baseline -0.008 -12"><span class='ocrx_word' id='word_1_43' title='bbox 117 370 166 404; x_wconf 74' lang='grc' dir='ltr'>τῆς</span> <span class='ocrx_word' id='word_1_44' title='bbox 175 367 335 410; x_wconf 72' lang='grc' dir='ltr'>προφητείας</span> <span class='ocrx_word' id='word_1_45' title='bbox 347 361 414 400; x_wconf 81' lang='grc' dir='ltr'>εἶδος</span> <span class='ocrx_word' id='word_1_46' title='bbox 427 367 463 400; x_wconf 86' lang='grc' dir='ltr'>εἰς</span> <span class='ocrx_word' id='word_1_47' title='bbox 475 365 521 395; x_wconf 82' lang='grc' dir='ltr'>τὸν</span> <span class='ocrx_word' id='word_1_48' title='bbox 532 367 587 395; x_wconf 83' lang='grc' dir='ltr'>τῶν</span> <span class='ocrx_word' id='word_1_49' title='bbox 597 363 741 405; x_wconf 84' lang='grc' dir='ltr'>ἀνθρώπων</span> <span class='ocrx_word' id='word_1_50' title='bbox 748 363 888 404; x_wconf 80' lang='grc' dir='ltr'>εἰσηνέχθη</span> 
     </span>
     <span class='ocr_line' id='line_1_8' title="bbox 117 408 887 454; baseline -0.006 -10"><span class='ocrx_word' id='word_1_51' title='bbox 117 413 183 454; x_wconf 87' lang='grc' dir='ltr'>βίον.</span> <span class='ocrx_word' id='word_1_52' title='bbox 196 413 276 447; x_wconf 84' lang='grc' dir='ltr'>Τίνος</span> <span class='ocrx_word' id='word_1_53' title='bbox 288 408 333 444; x_wconf 66' lang='grc' dir='ltr'>οὖν</span> <span class='ocrx_word' id='word_1_54' title='bbox 347 413 432 443; x_wconf 75' lang='grc' dir='ltr'>ἕνεκεν</span> <span class='ocrx_word' id='word_1_55' title='bbox 453 411 604 452; x_wconf 83' lang='grc' dir='ltr'>εἰσηνέχθη,</span> <span class='ocrx_word' id='word_1_56' title='bbox 627 412 770 450; x_wconf 78' lang='grc' dir='ltr'>ἀναγκαῖον</span> <span class='ocrx_word' id='word_1_57' title='bbox 793 411 887 440; x_wconf 83' lang='grc' dir='ltr'>εἰπεῖν.</span> 
     </span>
    </p>
   </div>
   <div class='ocr_carea' id='block_1_6' title="bbox 117 455 888 545">
    <p class='ocr_par' dir='ltr' id='par_1_6' title="bbox 117 455 888 545">
     <span class='ocr_line' id='line_1_9' title="bbox 117 455 888 496; baseline -0.006 -7"><span class='ocrx_word' id='word_1_58' title='bbox 117 458 232 489; x_wconf 72' lang='grc' dir='ltr'>Μέλλειν</span> <span class='ocrx_word' id='word_1_59' title='bbox 245 457 334 488; x_wconf 83' lang='grc' dir='ltr'>εἴωθεν</span> <span class='ocrx_word' id='word_1_60' title='bbox 353 460 367 488; x_wconf 83' lang='grc' dir='ltr'><strong>ὁ</strong></span> <span class='ocrx_word' id='word_1_61' title='bbox 389 457 457 492; x_wconf 82' lang='grc' dir='ltr'>Θεὸς</span> <span class='ocrx_word' id='word_1_62' title='bbox 478 457 523 486; x_wconf 77' lang='grc' dir='ltr'>καὶ</span> <span class='ocrx_word' id='word_1_63' title='bbox 546 455 683 496; x_wconf 83' lang='grc' dir='ltr'>βραδύνειν</span> <span class='ocrx_word' id='word_1_64' title='bbox 697 455 762 495; x_wconf 83' lang='grc' dir='ltr'>πρὸς</span> <span class='ocrx_word' id='word_1_65' title='bbox 774 455 821 489; x_wconf 79' lang='grc' dir='ltr'>τὰς</span> <span class='ocrx_word' id='word_1_66' title='bbox 835 456 888 484; x_wconf 84' lang='grc' dir='ltr'>τῶν</span> 
     </span>
     <span class='ocr_line' id='line_1_10' title="bbox 118 496 887 545; baseline -0.005 -11"><span class='ocrx_word' id='word_1_67' title='bbox 118 503 321 545; x_wconf 78' lang='grc' dir='ltr'>ἁμαρτανόντων</span> <span class='ocrx_word' id='word_1_68' title='bbox 333 502 462 543; x_wconf 75' lang='grc' dir='ltr'>τιμωρίας</span> <span class='ocrx_word' id='word_1_69' title='bbox 471 524 480 538; x_wconf 89' lang='grc'>,</span> <span class='ocrx_word' id='word_1_70' title='bbox 505 502 596 542; x_wconf 80' lang='grc' dir='ltr'>ὥσπερ</span> <span class='ocrx_word' id='word_1_71' title='bbox 609 496 654 532; x_wconf 64' lang='grc' dir='ltr'>οὖν</span> <span class='ocrx_word' id='word_1_72' title='bbox 670 501 753 542; x_wconf 84' lang='grc' dir='ltr'>ταχύς</span> <span class='ocrx_word' id='word_1_73' title='bbox 770 502 828 531; x_wconf 82' lang='grc' dir='ltr'>ἐστι</span> <span class='ocrx_word' id='word_1_74' title='bbox 841 501 887 531; x_wconf 80' lang='grc' dir='ltr'>καὶ</span> 
     </span>
    </p>
   </div>
   <div class='ocr_carea' id='block_1_7' title="bbox 111 541 929 635">
    <p class='ocr_par' dir='ltr' id='par_1_7' title="bbox 111 541 929 635">
     <span class='ocr_line' id='line_1_11' title="bbox 111 541 929 588; baseline -0.004 -9"><span class='ocrx_word' id='word_1_75' title='bbox 111 541 176 585; x_wconf 53' lang='lat' dir='ltr'><em>W</em></span> <span class='ocrx_word' id='word_1_76' title='bbox 184 551 221 583; x_wconf 83' lang='grc' dir='ltr'>εἰς</span> <span class='ocrx_word' id='word_1_77' title='bbox 233 548 281 583; x_wconf 80' lang='grc' dir='ltr'>τὰς</span> <span class='ocrx_word' id='word_1_78' title='bbox 290 550 343 578; x_wconf 82' lang='grc' dir='ltr'>τῶν</span> <span class='ocrx_word' id='word_1_79' title='bbox 355 547 551 588; x_wconf 80' lang='grc' dir='ltr'>κατορθούντων</span> <span class='ocrx_word' id='word_1_80' title='bbox 564 546 720 587; x_wconf 81' lang='grc' dir='ltr'>εὐεργεσίας.</span> <span class='ocrx_word' id='word_1_81' title='bbox 732 547 820 577; x_wconf 80' lang='grc' dir='ltr'>Τοῦτο</span> <span class='ocrx_word' id='word_1_82' title='bbox 829 546 889 580; x_wconf 78' lang='grc' dir='ltr'>τοὺς</span> <span class='ocrx_word' id='word_1_83' title='bbox 905 567 929 586; x_wconf 64' lang='lat'>59</span> 
     </span>
     <span class='ocr_line' id='line_1_12' title="bbox 118 592 927 635; baseline -0.004 -11"><span class='ocrx_word' id='word_1_84' title='bbox 118 594 308 635; x_wconf 76' lang='grc' dir='ltr'>ῥᾳθυμοτέρως</span> <span class='ocrx_word' id='word_1_85' title='bbox 321 593 479 624; x_wconf 76' lang='grc' dir='ltr'>ἀναπίπτειν</span> <span class='ocrx_word' id='word_1_86' title='bbox 491 593 704 634; x_wconf 79' lang='grc' dir='ltr'>παρασκευάζει,</span> <span class='ocrx_word' id='word_1_87' title='bbox 726 592 757 622; x_wconf 81' lang='grc' dir='ltr'>τὸ</span> <span class='ocrx_word' id='word_1_88' title='bbox 769 592 806 631; x_wconf 89' lang='grc' dir='ltr'>μὴ</span> <span class='ocrx_word' id='word_1_89' title='bbox 820 592 889 622; x_wconf 81' lang='grc' dir='ltr'>κατὰ</span> <span class='ocrx_word' id='word_1_90' title='bbox 908 595 927 617; x_wconf 80' lang='grc' dir='ltr'><strong>Α</strong></span> 
     </span>
    </p>
   </div>
   <div class='ocr_carea' id='block_1_8' title="bbox 117 637 893 2060">
    <p class='ocr_par' dir='ltr' id='par_1_8' title="bbox 117 637 893 2060">
     <span class='ocr_line' id='line_1_13' title="bbox 117 637 892 680; baseline -0.004 -10"><span class='ocrx_word' id='word_1_91' title='bbox 117 641 199 674; x_wconf 78' lang='grc' dir='ltr'>πόδας</span> <span class='ocrx_word' id='word_1_92' title='bbox 211 639 321 670; x_wconf 73' lang='grc' dir='ltr'>ἕπεσθαι</span> <span class='ocrx_word' id='word_1_93' title='bbox 341 641 393 669; x_wconf 82' lang='grc' dir='ltr'>τῶν</span> <span class='ocrx_word' id='word_1_94' title='bbox 404 639 645 680; x_wconf 78' lang='grc' dir='ltr'>πλημμελημάτων</span> <span class='ocrx_word' id='word_1_95' title='bbox 658 638 708 675; x_wconf 82' lang='grc' dir='ltr'>τὴν</span> <span class='ocrx_word' id='word_1_96' title='bbox 727 637 811 674; x_wconf 87' lang='grc' dir='ltr'>δίκην.</span> <span class='ocrx_word' id='word_1_97' title='bbox 831 637 892 667; x_wconf 86' lang='grc' dir='ltr'>Ἵνα</span> 
     </span>
     <span class='ocr_line' id='line_1_14' title="bbox 117 682 891 725; baseline -0.005 -8"><span class='ocrx_word' id='word_1_98' title='bbox 117 682 162 717; x_wconf 66' lang='grc' dir='ltr'>οὖν</span> <span class='ocrx_word' id='word_1_99' title='bbox 182 686 228 717; x_wconf 79' lang='grc' dir='ltr'>καὶ</span> <span class='ocrx_word' id='word_1_100' title='bbox 247 688 261 716; x_wconf 83' lang='grc' dir='ltr'>ὁ</span> <span class='ocrx_word' id='word_1_101' title='bbox 283 686 352 720; x_wconf 75' lang='grc' dir='ltr'>Θεὸς</span> <span class='ocrx_word' id='word_1_102' title='bbox 368 686 417 723; x_wconf 64' lang='grc' dir='ltr'>τὴν</span> <span class='ocrx_word' id='word_1_103' title='bbox 437 685 619 725; x_wconf 84' lang='grc' dir='ltr'>μακροθυμίαν</span> <span class='ocrx_word' id='word_1_104' title='bbox 634 683 829 721; x_wconf 81' lang='grc' dir='ltr'>ἐπιδεικνύηται</span> <span class='ocrx_word' id='word_1_105' title='bbox 842 683 891 720; x_wconf 66' lang='grc' dir='ltr'>τὴν</span> 
     </span>
     <span class='ocr_line' id='line_1_15' title="bbox 117 730 891 772; baseline -0.006 -8"><span class='ocrx_word' id='word_1_106' title='bbox 117 735 229 770; x_wconf 74' lang='grc' dir='ltr'>ἑαυτοῦ,</span> <span class='ocrx_word' id='word_1_107' title='bbox 250 733 295 763; x_wconf 83' lang='grc' dir='ltr'>καὶ</span> <span class='ocrx_word' id='word_1_108' title='bbox 309 732 391 772; x_wconf 84' lang='grc' dir='ltr'>μηδὲν</span> <span class='ocrx_word' id='word_1_109' title='bbox 402 733 519 762; x_wconf 77' lang='grc' dir='ltr'>ἐντεῦθεν</span> <span class='ocrx_word' id='word_1_110' title='bbox 534 733 628 761; x_wconf 80' lang='grc' dir='ltr'>ἐκεῖνοι</span> <span class='ocrx_word' id='word_1_111' title='bbox 639 730 767 770; x_wconf 75' lang='grc' dir='ltr'>γένωνται</span> <span class='ocrx_word' id='word_1_112' title='bbox 782 730 891 771; x_wconf 78' lang='grc' dir='ltr'>ῥᾳθυμό-</span> 
     </span>
     <span class='ocr_line' id='line_1_16' title="bbox 118 776 890 820; baseline -0.004 -12"><span class='ocrx_word' id='word_1_113' title='bbox 118 791 189 820; x_wconf 85' lang='grc' dir='ltr'>τεροι</span> <span class='ocrx_word' id='word_1_114' title='bbox 197 801 206 816; x_wconf 96' lang='grc'>,</span> <span class='ocrx_word' id='word_1_115' title='bbox 219 778 250 809; x_wconf 79' lang='grc' dir='ltr'>τὸ</span> <span class='ocrx_word' id='word_1_116' title='bbox 261 780 310 815; x_wconf 76' lang='grc' dir='ltr'>τῆς</span> <span class='ocrx_word' id='word_1_117' title='bbox 320 778 480 818; x_wconf 78' lang='grc' dir='ltr'>προφητείας</span> <span class='ocrx_word' id='word_1_118' title='bbox 488 776 681 811; x_wconf 77' lang='grc' dir='ltr'>κατασκευάζει</span> <span class='ocrx_word' id='word_1_119' title='bbox 693 776 832 817; x_wconf 80' lang='grc' dir='ltr'>φάρμακον</span> <span class='ocrx_word' id='word_1_120' title='bbox 842 797 850 811; x_wconf 87' lang='grc'>,</span> <span class='ocrx_word' id='word_1_121' title='bbox 860 777 890 805; x_wconf 75' lang='grc' dir='ltr'>οὐ</span> 
     </span>
     <span class='ocr_line' id='line_1_17' title="bbox 119 821 891 866; baseline -0.005 -11"><span class='ocrx_word' id='word_1_122' title='bbox 119 827 154 866; x_wconf 83' lang='grc' dir='ltr'>τῇ</span> <span class='ocrx_word' id='word_1_123' title='bbox 167 825 247 866; x_wconf 76' lang='grc' dir='ltr'>πείρᾳ</span> <span class='ocrx_word' id='word_1_124' title='bbox 255 826 308 854; x_wconf 79' lang='grc' dir='ltr'>τῶν</span> <span class='ocrx_word' id='word_1_125' title='bbox 318 824 466 861; x_wconf 76' lang='grc' dir='ltr'>κολάσεων,</span> <span class='ocrx_word' id='word_1_126' title='bbox 476 823 545 853; x_wconf 73' lang='grc' dir='ltr'>ἀλλὰ</span> <span class='ocrx_word' id='word_1_127' title='bbox 556 824 590 862; x_wconf 85' lang='grc' dir='ltr'>τῇ</span> <span class='ocrx_word' id='word_1_128' title='bbox 604 822 752 863; x_wconf 82' lang='grc' dir='ltr'>προγνώσει</span> <span class='ocrx_word' id='word_1_129' title='bbox 759 821 891 851; x_wconf 84' lang='grc' dir='ltr'>παιδεύων</span> 
     </span>
     <span class='ocr_line' id='line_1_18' title="bbox 118 867 890 912; baseline -0.006 -10"><span class='ocrx_word' id='word_1_130' title='bbox 118 871 180 906; x_wconf 72' lang='grc' dir='ltr'>τοὺς</span> <span class='ocrx_word' id='word_1_131' title='bbox 193 871 392 912; x_wconf 75' lang='grc' dir='ltr'>ἁμαρτάνοντας</span> <span class='ocrx_word' id='word_1_132' title='bbox 401 869 476 906; x_wconf 72' lang='grc' dir='ltr'>τέως,</span> <span class='ocrx_word' id='word_1_133' title='bbox 484 869 528 899; x_wconf 73' lang='grc' dir='ltr'>ἵνα</span> <span class='ocrx_word' id='word_1_134' title='bbox 540 869 571 899; x_wconf 78' lang='grc' dir='ltr'>ἂν</span> <span class='ocrx_word' id='word_1_135' title='bbox 582 869 630 908; x_wconf 74' lang='grc' dir='ltr'>μὲν</span> <span class='ocrx_word' id='word_1_136' title='bbox 639 868 757 909; x_wconf 81' lang='grc' dir='ltr'>βελτίους</span> <span class='ocrx_word' id='word_1_137' title='bbox 763 867 890 908; x_wconf 81' lang='grc' dir='ltr'>γένωνται</span> 
     </span>
     <span class='ocr_line' id='line_1_19' title="bbox 119 913 889 954; baseline -0.006 -6"><span class='ocrx_word' id='word_1_138' title='bbox 119 918 165 952; x_wconf 81' lang='grc' dir='ltr'>τὰς</span> <span class='ocrx_word' id='word_1_139' title='bbox 178 917 288 952; x_wconf 78' lang='grc' dir='ltr'>ἀπειλὰς</span> <span class='ocrx_word' id='word_1_140' title='bbox 301 917 456 954; x_wconf 78' lang='grc' dir='ltr'>ἀκούοντες,</span> <span class='ocrx_word' id='word_1_141' title='bbox 476 916 525 953; x_wconf 89' lang='grc' dir='ltr'>τὴν</span> <span class='ocrx_word' id='word_1_142' title='bbox 546 916 590 946; x_wconf 83' lang='grc' dir='ltr'>διὰ</span> <span class='ocrx_word' id='word_1_143' title='bbox 608 917 656 951; x_wconf 79' lang='grc' dir='ltr'>τῆς</span> <span class='ocrx_word' id='word_1_144' title='bbox 675 915 768 954; x_wconf 87' lang='grc' dir='ltr'>πείρας</span> <span class='ocrx_word' id='word_1_145' title='bbox 781 913 889 944; x_wconf 83' lang='grc' dir='ltr'>κόλασιν</span> 
     </span>
     <span class='ocr_line' id='line_1_20' title="bbox 119 962 887 1005; baseline -0.007 -11"><span class='ocrx_word' id='word_1_146' title='bbox 119 964 342 1005; x_wconf 83' lang='grc' dir='ltr'>διακρούσωνται·</span> <span class='ocrx_word' id='word_1_147' title='bbox 357 962 388 992; x_wconf 72' lang='grc' dir='ltr'>ἂν</span> <span class='ocrx_word' id='word_1_148' title='bbox 411 962 440 993; x_wconf 83' lang='grc' dir='ltr'>δὲ</span> <span class='ocrx_word' id='word_1_149' title='bbox 465 962 634 1002; x_wconf 74' lang='grc' dir='ltr'>ἔπιμείνωσιν</span> <span class='ocrx_word' id='word_1_150' title='bbox 652 963 887 998; x_wconf 74' lang='grc' dir='ltr'>ἀναισθητοῦντες,</span> 
     </span>
     <span class='ocr_line' id='line_1_21' title="bbox 117 1007 889 1049; baseline -0.004 -10"><span class='ocrx_word' id='word_1_151' title='bbox 117 1010 177 1039; x_wconf 85' lang='grc' dir='ltr'>τότε</span> <span class='ocrx_word' id='word_1_152' title='bbox 202 1010 233 1047; x_wconf 81' lang='grc' dir='ltr'>δὴ</span> <span class='ocrx_word' id='word_1_153' title='bbox 254 1009 300 1039; x_wconf 76' lang='grc' dir='ltr'>καὶ</span> <span class='ocrx_word' id='word_1_154' title='bbox 321 1009 370 1046; x_wconf 74' lang='grc' dir='ltr'>τὴν</span> <span class='ocrx_word' id='word_1_155' title='bbox 389 1008 518 1049; x_wconf 83' lang='grc' dir='ltr'>τιμωρίαν</span> <span class='ocrx_word' id='word_1_156' title='bbox 533 1010 621 1042; x_wconf 77' lang='grc' dir='ltr'>αὐτοῖς</span> <span class='ocrx_word' id='word_1_157' title='bbox 643 1007 775 1046; x_wconf 80' lang='grc' dir='ltr'>ἐπαγάγῃ.</span> <span class='ocrx_word' id='word_1_158' title='bbox 801 1008 889 1037; x_wconf 77' lang='grc' dir='ltr'>Τοῦτο</span> 
     </span>
     <span class='ocr_line' id='line_1_22' title="bbox 119 1052 888 1093; baseline -0.007 -8"><span class='ocrx_word' id='word_1_159' title='bbox 119 1055 228 1085; x_wconf 86' lang='grc' dir='ltr'>συνιδὼν</span> <span class='ocrx_word' id='word_1_160' title='bbox 251 1058 266 1085; x_wconf 84' lang='grc' dir='ltr'><strong>ὁ</strong></span> <span class='ocrx_word' id='word_1_161' title='bbox 290 1055 425 1092; x_wconf 74' lang='grc' dir='ltr'>διάὸολος,</span> <span class='ocrx_word' id='word_1_162' title='bbox 443 1054 532 1084; x_wconf 78' lang='grc' dir='ltr'>καὶτὸ</span> <span class='ocrx_word' id='word_1_163' title='bbox 544 1053 636 1093; x_wconf 75' lang='grc' dir='ltr'>κέρδος</span> <span class='ocrx_word' id='word_1_164' title='bbox 655 1052 747 1088; x_wconf 76' lang='grc' dir='ltr'>ἡλίκον</span> <span class='ocrx_word' id='word_1_165' title='bbox 761 1052 831 1082; x_wconf 83' lang='grc' dir='ltr'>ἐστὶν</span> <span class='ocrx_word' id='word_1_166' title='bbox 846 1054 888 1081; x_wconf 82' lang='grc' dir='ltr'>ἐν-</span> 
     </span>
     <span class='ocr_line' id='line_1_23' title="bbox 119 1097 889 1139; baseline -0.004 -10"><span class='ocrx_word' id='word_1_167' title='bbox 119 1102 198 1137; x_wconf 59' lang='grc' dir='ltr'>νοῶν,</span> <span class='ocrx_word' id='word_1_168' title='bbox 210 1099 271 1133; x_wconf 73' lang='grc' dir='ltr'>τοὺς</span> <span class='ocrx_word' id='word_1_169' title='bbox 283 1099 500 1139; x_wconf 81' lang='grc' dir='ltr'>ψευδοπροφήτας</span> <span class='ocrx_word' id='word_1_170' title='bbox 515 1101 625 1135; x_wconf 72' lang='grc' dir='ltr'>ἀνῆκεν,</span> <span class='ocrx_word' id='word_1_171' title='bbox 638 1098 663 1127; x_wconf 87' lang='grc' dir='ltr'>οἳ</span> <span class='ocrx_word' id='word_1_172' title='bbox 676 1102 730 1131; x_wconf 86' lang='grc' dir='ltr'>τοῖς</span> <span class='ocrx_word' id='word_1_173' title='bbox 743 1097 889 1138; x_wconf 73' lang='grc' dir='ltr'>προφήταις</span> 
     </span>
     <span class='ocr_line' id='line_1_24' title="bbox 120 1143 887 1184; baseline -0.004 -8"><span class='ocrx_word' id='word_1_174' title='bbox 120 1147 258 1176; x_wconf 74' lang='grc' dir='ltr'>ἀπειλοῦσι</span> <span class='ocrx_word' id='word_1_175' title='bbox 267 1144 360 1184; x_wconf 75' lang='grc' dir='ltr'>λιμοὺς</span> <span class='ocrx_word' id='word_1_176' title='bbox 367 1167 375 1181; x_wconf 92' lang='grc'>,</span> <span class='ocrx_word' id='word_1_177' title='bbox 386 1144 493 1184; x_wconf 80' lang='grc' dir='ltr'>λοιμοὺς</span> <span class='ocrx_word' id='word_1_178' title='bbox 501 1166 509 1180; x_wconf 98' lang='grc'>,</span> <span class='ocrx_word' id='word_1_179' title='bbox 517 1143 647 1183; x_wconf 82' lang='grc' dir='ltr'>πολέμους</span> <span class='ocrx_word' id='word_1_180' title='bbox 655 1166 662 1180; x_wconf 95' lang='grc'>,</span> <span class='ocrx_word' id='word_1_181' title='bbox 674 1144 814 1184; x_wconf 75' lang='grc' dir='ltr'>βαρὸάρων</span> <span class='ocrx_word' id='word_1_182' title='bbox 827 1144 887 1184; x_wconf 82' lang='grc' dir='ltr'>ἔφο-</span> 
     </span>
     <span class='ocr_line' id='line_1_25' title="bbox 121 1189 890 1231; baseline -0.004 -9"><span class='ocrx_word' id='word_1_183' title='bbox 121 1193 175 1228; x_wconf 82' lang='grc' dir='ltr'>δον,</span> <span class='ocrx_word' id='word_1_184' title='bbox 188 1191 327 1231; x_wconf 76' lang='grc' dir='ltr'>ἀντέλεγον</span> <span class='ocrx_word' id='word_1_185' title='bbox 338 1212 347 1227; x_wconf 89' lang='grc'>,</span> <span class='ocrx_word' id='word_1_186' title='bbox 364 1191 471 1231; x_wconf 81' lang='grc' dir='ltr'>χρηστὰ</span> <span class='ocrx_word' id='word_1_187' title='bbox 485 1189 701 1230; x_wconf 74' lang='grc' dir='ltr'>ἀπαγγέλλοντες.</span> <span class='ocrx_word' id='word_1_188' title='bbox 721 1189 827 1231; x_wconf 56' lang='grc' dir='ltr'>τὨσπερ</span> <span class='ocrx_word' id='word_1_189' title='bbox 838 1189 890 1230; x_wconf 80' lang='grc' dir='ltr'>γὰρ</span> 
     </span>
     <span class='ocr_line' id='line_1_26' title="bbox 119 1236 891 1279; baseline -0.003 -11"><span class='ocrx_word' id='word_1_190' title='bbox 119 1240 134 1268; x_wconf 83' lang='grc' dir='ltr'><strong>ὁ</strong></span> <span class='ocrx_word' id='word_1_191' title='bbox 144 1238 212 1271; x_wconf 82' lang='grc' dir='ltr'>Θεὸς</span> <span class='ocrx_word' id='word_1_192' title='bbox 231 1240 270 1279; x_wconf 76' lang='grc' dir='ltr'>τῷ</span> <span class='ocrx_word' id='word_1_193' title='bbox 283 1236 357 1278; x_wconf 75' lang='grc' dir='ltr'>φόὸῳ</span> <span class='ocrx_word' id='word_1_194' title='bbox 371 1239 423 1266; x_wconf 81' lang='grc' dir='ltr'>τῶν</span> <span class='ocrx_word' id='word_1_195' title='bbox 439 1236 564 1277; x_wconf 78' lang='grc' dir='ltr'>ῥημάτων</span> <span class='ocrx_word' id='word_1_196' title='bbox 578 1236 700 1266; x_wconf 73' lang='grc' dir='ltr'>ἐδούλετο</span> <span class='ocrx_word' id='word_1_197' title='bbox 713 1236 761 1272; x_wconf 85' lang='grc' dir='ltr'>τὴν</span> <span class='ocrx_word' id='word_1_198' title='bbox 782 1236 826 1266; x_wconf 79' lang='grc' dir='ltr'>διὰ</span> <span class='ocrx_word' id='word_1_199' title='bbox 842 1238 891 1271; x_wconf 73' lang='grc' dir='ltr'>τῆς</span> 
     </span>
     <span class='ocr_line' id='line_1_27' title="bbox 119 1281 891 1324; baseline -0.005 -9"><span class='ocrx_word' id='word_1_200' title='bbox 119 1284 214 1324; x_wconf 69' lang='grc' dir='ltr'>πείρας</span> <span class='ocrx_word' id='word_1_201' title='bbox 226 1283 418 1324; x_wconf 73' lang='grc' dir='ltr'>ἀποκρούεσθαι</span> <span class='ocrx_word' id='word_1_202' title='bbox 432 1281 562 1322; x_wconf 79' lang='grc' dir='ltr'>τιμωρίαν</span> <span class='ocrx_word' id='word_1_203' title='bbox 571 1304 580 1318; x_wconf 91' lang='grc'>,</span> <span class='ocrx_word' id='word_1_204' title='bbox 599 1283 668 1312; x_wconf 76' lang='grc' dir='ltr'>οὕτω</span> <span class='ocrx_word' id='word_1_205' title='bbox 682 1282 728 1312; x_wconf 75' lang='grc' dir='ltr'>καὶ</span> <span class='ocrx_word' id='word_1_206' title='bbox 743 1285 757 1312; x_wconf 87' lang='grc' dir='ltr'><strong>ὁ</strong></span> <span class='ocrx_word' id='word_1_207' title='bbox 771 1282 891 1316; x_wconf 75' lang='grc' dir='ltr'>διάὸολος</span> 
     </span>
     <span class='ocr_line' id='line_1_28' title="bbox 119 1328 890 1370; baseline -0.003 -10"><span class='ocrx_word' id='word_1_208' title='bbox 119 1330 268 1360; x_wconf 76' lang='grc' dir='ltr'>τούναντίον</span> <span class='ocrx_word' id='word_1_209' title='bbox 281 1329 431 1370; x_wconf 77' lang='grc' dir='ltr'>εἰργάζετο·</span> <span class='ocrx_word' id='word_1_210' title='bbox 452 1331 485 1369; x_wconf 80' lang='grc' dir='ltr'>τῇ</span> <span class='ocrx_word' id='word_1_211' title='bbox 498 1329 590 1369; x_wconf 87' lang='grc' dir='ltr'>χάριτι</span> <span class='ocrx_word' id='word_1_212' title='bbox 613 1328 672 1358; x_wconf 67' lang='grc' dir='ltr'>’τὸν</span> <span class='ocrx_word' id='word_1_213' title='bbox 691 1328 768 1368; x_wconf 89' lang='grc' dir='ltr'>λόγον</span> <span class='ocrx_word' id='word_1_214' title='bbox 790 1329 890 1359; x_wconf 76' lang='grc' dir='ltr'>ἐκλύων</span> 
     </span>
     <span class='ocr_line' id='line_1_29' title="bbox 119 1374 890 1416; baseline -0.001 -11"><span class='ocrx_word' id='word_1_215' title='bbox 119 1376 166 1405; x_wconf 78' lang='grc' dir='ltr'>καὶ</span> <span class='ocrx_word' id='word_1_216' title='bbox 185 1374 374 1416; x_wconf 71' lang='grc' dir='ltr'>ῥᾳθυμοτέρως</span> <span class='ocrx_word' id='word_1_217' title='bbox 386 1378 486 1413; x_wconf 79' lang='grc' dir='ltr'>ποιῶν,</span> <span class='ocrx_word' id='word_1_218' title='bbox 507 1377 544 1409; x_wconf 87' lang='grc' dir='ltr'>εἷς</span> <span class='ocrx_word' id='word_1_219' title='bbox 556 1374 672 1415; x_wconf 82' lang='grc' dir='ltr'>ἀνάγκην</span> <span class='ocrx_word' id='word_1_220' title='bbox 686 1375 827 1412; x_wconf 86' lang='grc' dir='ltr'>καθίστησι</span> <span class='ocrx_word' id='word_1_221' title='bbox 844 1378 890 1405; x_wconf 75' lang='grc' dir='ltr'>τοῦ</span> 
     </span>
     <span class='ocr_line' id='line_1_30' title="bbox 120 1416 890 1463; baseline -0.001 -11"><span class='ocrx_word' id='word_1_222' title='bbox 120 1422 168 1458; x_wconf 78' lang='grc' dir='ltr'>τὴν</span> <span class='ocrx_word' id='word_1_223' title='bbox 180 1423 223 1452; x_wconf 81' lang='grc' dir='ltr'>διὰ</span> <span class='ocrx_word' id='word_1_224' title='bbox 235 1425 288 1452; x_wconf 77' lang='grc' dir='ltr'>τῶν</span> <span class='ocrx_word' id='word_1_225' title='bbox 311 1422 475 1463; x_wconf 69' lang='grc' dir='ltr'>πραγμάτιον</span> <span class='ocrx_word' id='word_1_226' title='bbox 487 1424 627 1461; x_wconf 78' lang='grc' dir='ltr'>ὓπομεῖναι</span> <span class='ocrx_word' id='word_1_227' title='bbox 641 1421 779 1462; x_wconf 83' lang='grc' dir='ltr'>τιμωρίαν.</span> <span class='ocrx_word' id='word_1_228' title='bbox 806 1416 890 1458; x_wconf 72' lang='grc' dir='ltr'>Εἶτα,</span> 
     </span>
     <span class='ocr_line' id='line_1_31' title="bbox 120 1468 891 1509; baseline -0.001 -11"><span class='ocrx_word' id='word_1_229' title='bbox 120 1468 210 1505; x_wconf 78' lang='grc' dir='ltr'>ἐπειδὴ</span> <span class='ocrx_word' id='word_1_230' title='bbox 224 1469 292 1507; x_wconf 80' lang='grc' dir='ltr'>μετὰ</span> <span class='ocrx_word' id='word_1_231' title='bbox 311 1471 395 1499; x_wconf 77' lang='grc' dir='ltr'>ταῦτα</span> <span class='ocrx_word' id='word_1_232' title='bbox 407 1473 462 1503; x_wconf 83' lang='grc' dir='ltr'>τοῖς</span> <span class='ocrx_word' id='word_1_233' title='bbox 471 1468 699 1509; x_wconf 76' lang='grc' dir='ltr'>ψευδοπροφήταις</span> <span class='ocrx_word' id='word_1_234' title='bbox 708 1468 891 1505; x_wconf 82' lang='grc' dir='ltr'>πιστεύοντες,</span> 
     </span>
     <span class='ocr_line' id='line_1_32' title="bbox 119 1514 893 1555; baseline 0 -11"><span class='ocrx_word' id='word_1_235' title='bbox 119 1514 165 1544; x_wconf 74' lang='grc' dir='ltr'>καὶ</span> <span class='ocrx_word' id='word_1_236' title='bbox 177 1517 271 1555; x_wconf 77' lang='grc' dir='ltr'>ἀρετῆς</span> <span class='ocrx_word' id='word_1_237' title='bbox 291 1514 383 1544; x_wconf 76' lang='grc' dir='ltr'>οὐδένα</span> <span class='ocrx_word' id='word_1_238' title='bbox 395 1515 546 1554; x_wconf 71' lang='grc' dir='ltr'>ποιούμενοι</span> <span class='ocrx_word' id='word_1_239' title='bbox 559 1514 651 1554; x_wconf 82' lang='grc' dir='ltr'>λόγον,</span> <span class='ocrx_word' id='word_1_240' title='bbox 671 1514 810 1548; x_wconf 21' lang='grc' dir='ltr'>ἀλλὰίταῖς</span> <span class='ocrx_word' id='word_1_241' title='bbox 831 1516 893 1544; x_wconf 81' lang='grc' dir='ltr'>ἑαυ-</span> 
     </span>
     <span class='ocr_line' id='line_1_33' title="bbox 121 1560 890 1601; baseline 0 -11"><span class='ocrx_word' id='word_1_242' title='bbox 121 1563 173 1590; x_wconf 82' lang='grc' dir='ltr'>τῶν</span> <span class='ocrx_word' id='word_1_243' title='bbox 182 1560 323 1600; x_wconf 77' lang='grc' dir='ltr'>ἁμαρτίαις</span> <span class='ocrx_word' id='word_1_244' title='bbox 335 1561 492 1600; x_wconf 74' lang='grc' dir='ltr'>ἐμμένοντες</span> <span class='ocrx_word' id='word_1_245' title='bbox 506 1560 656 1601; x_wconf 75' lang='grc' dir='ltr'>ἐφείλκοντο</span> <span class='ocrx_word' id='word_1_246' title='bbox 666 1561 711 1590; x_wconf 78' lang='grc' dir='ltr'>καὶ</span> <span class='ocrx_word' id='word_1_247' title='bbox 734 1560 783 1597; x_wconf 78' lang='grc' dir='ltr'>τὴν</span> <span class='ocrx_word' id='word_1_248' title='bbox 807 1560 890 1590; x_wconf 85' lang='grc' dir='ltr'>κόλα-</span> 
     </span>
     <span class='ocr_line' id='line_1_34' title="bbox 122 1606 892 1646; baseline 0 -11"><span class='ocrx_word' id='word_1_249' title='bbox 122 1618 174 1642; x_wconf 89' lang='grc' dir='ltr'>σιν,</span> <span class='ocrx_word' id='word_1_250' title='bbox 186 1606 231 1636; x_wconf 79' lang='grc' dir='ltr'>καὶ</span> <span class='ocrx_word' id='word_1_251' title='bbox 245 1606 298 1636; x_wconf 79' lang='grc' dir='ltr'>ἀπὸ</span> <span class='ocrx_word' id='word_1_252' title='bbox 311 1609 356 1636; x_wconf 77' lang='grc' dir='ltr'>τοῦ</span> <span class='ocrx_word' id='word_1_253' title='bbox 373 1606 462 1641; x_wconf 79' lang='grc' dir='ltr'>τέλους</span> <span class='ocrx_word' id='word_1_254' title='bbox 474 1607 519 1636; x_wconf 78' lang='grc' dir='ltr'>καὶ</span> <span class='ocrx_word' id='word_1_255' title='bbox 534 1609 552 1642; x_wconf 83' lang='grc' dir='ltr'>ἡ</span> <span class='ocrx_word' id='word_1_256' title='bbox 565 1609 618 1637; x_wconf 76' lang='grc' dir='ltr'>τῶν</span> <span class='ocrx_word' id='word_1_257' title='bbox 627 1608 770 1646; x_wconf 74' lang='grc' dir='ltr'>προφητῶν</span> <span class='ocrx_word' id='word_1_258' title='bbox 782 1606 892 1643; x_wconf 83' lang='grc' dir='ltr'>ἀλήθεια</span> 
     </span>
     <span class='ocr_line' id='line_1_35' title="bbox 122 1651 892 1693; baseline 0.001 -13"><span class='ocrx_word' id='word_1_259' title='bbox 122 1651 269 1689; x_wconf 83' lang='grc' dir='ltr'>ἐδείκνυτο,</span> <span class='ocrx_word' id='word_1_260' title='bbox 283 1652 328 1681; x_wconf 75' lang='grc' dir='ltr'>καί</span> <span class='ocrx_word' id='word_1_261' title='bbox 341 1653 372 1682; x_wconf 80' lang='grc' dir='ltr'>τὸ</span> <span class='ocrx_word' id='word_1_262' title='bbox 382 1655 434 1682; x_wconf 82' lang='grc' dir='ltr'>τῶν</span> <span class='ocrx_word' id='word_1_263' title='bbox 451 1654 672 1692; x_wconf 64' lang='grc' dir='ltr'>ψευδοπροφητῶν</span> <span class='ocrx_word' id='word_1_264' title='bbox 685 1653 779 1693; x_wconf 80' lang='grc' dir='ltr'>ψεῦδος</span> <span class='ocrx_word' id='word_1_265' title='bbox 788 1652 892 1691; x_wconf 84' lang='grc' dir='ltr'>διηλέγ-</span> 
     </span>
     <span class='ocr_line' id='line_1_36' title="bbox 122 1697 893 1738; baseline -0.001 -11"><span class='ocrx_word' id='word_1_266' title='bbox 122 1709 185 1737; x_wconf 74' lang='grc' dir='ltr'>χετο</span> <span class='ocrx_word' id='word_1_267' title='bbox 194 1721 202 1734; x_wconf 95' lang='grc'>,</span> <span class='ocrx_word' id='word_1_268' title='bbox 229 1697 316 1737; x_wconf 84' lang='grc' dir='ltr'>ἕτερον</span> <span class='ocrx_word' id='word_1_269' title='bbox 341 1697 421 1727; x_wconf 82' lang='grc' dir='ltr'>πάλιν</span> <span class='ocrx_word' id='word_1_270' title='bbox 443 1698 632 1731; x_wconf 82' lang='grc' dir='ltr'>κατασκευάζει</span> <span class='ocrx_word' id='word_1_271' title='bbox 653 1698 802 1738; x_wconf 81' lang='grc' dir='ltr'>μηχάνημα</span> <span class='ocrx_word' id='word_1_272' title='bbox 828 1698 893 1737; x_wconf 84' lang='grc' dir='ltr'>πρὸς</span> 
     </span>
     <span class='ocr_line' id='line_1_37' title="bbox 123 1741 893 1782; baseline -0.003 -10"><span class='ocrx_word' id='word_1_273' title='bbox 123 1743 257 1773; x_wconf 85' lang='grc' dir='ltr'>ἀπώλειαν</span> <span class='ocrx_word' id='word_1_274' title='bbox 279 1744 331 1772; x_wconf 78' lang='grc' dir='ltr'>τῶν</span> <span class='ocrx_word' id='word_1_275' title='bbox 356 1743 547 1782; x_wconf 83' lang='grc' dir='ltr'>ἁλισκομένων.</span> <span class='ocrx_word' id='word_1_276' title='bbox 568 1743 699 1773; x_wconf 82' lang='grc' dir='ltr'>Ἀνέπειθε</span> <span class='ocrx_word' id='word_1_277' title='bbox 724 1742 776 1782; x_wconf 77' lang='grc' dir='ltr'>γὰρ</span> <span class='ocrx_word' id='word_1_278' title='bbox 799 1741 893 1775; x_wconf 78' lang='grc' dir='ltr'>αὐτοὺς</span> 
     </span>
     <span class='ocr_line' id='line_1_38' title="bbox 122 1788 892 1828; baseline -0.003 -8"><span class='ocrx_word' id='word_1_279' title='bbox 122 1789 330 1825; x_wconf 80' lang='grc' dir='ltr'>εὖεξαπατήτους</span> <span class='ocrx_word' id='word_1_280' title='bbox 340 1789 432 1825; x_wconf 85' lang='grc' dir='ltr'>ὄντας,</span> <span class='ocrx_word' id='word_1_281' title='bbox 453 1790 494 1819; x_wconf 65' lang='grc' dir='ltr'>ὅτι</span> <span class='ocrx_word' id='word_1_282' title='bbox 508 1789 539 1826; x_wconf 82' lang='grc' dir='ltr'>δὴ</span> <span class='ocrx_word' id='word_1_283' title='bbox 554 1792 639 1822; x_wconf 78' lang='grc' dir='ltr'>ταῦτα</span> <span class='ocrx_word' id='word_1_284' title='bbox 649 1789 683 1819; x_wconf 80' lang='grc' dir='ltr'>τὰ</span> <span class='ocrx_word' id='word_1_285' title='bbox 697 1789 768 1818; x_wconf 72' lang='grc' dir='ltr'>δεινὰ</span> <span class='ocrx_word' id='word_1_286' title='bbox 780 1788 815 1818; x_wconf 76' lang='grc' dir='ltr'>τὰ</span> <span class='ocrx_word' id='word_1_287' title='bbox 829 1800 892 1828; x_wconf 79' lang='grc' dir='ltr'>συμ·</span> 
     </span>
     <span class='ocr_line' id='line_1_39' title="bbox 123 1834 893 1875; baseline -0.004 -9"><span class='ocrx_word' id='word_1_288' title='bbox 123 1835 207 1866; x_wconf 62' lang='lat' dir='ltr'>&amp;dvm</span> <span class='ocrx_word' id='word_1_289' title='bbox 220 1835 273 1866; x_wconf 78' lang='grc' dir='ltr'>ἀπὸ</span> <span class='ocrx_word' id='word_1_290' title='bbox 285 1838 333 1871; x_wconf 79' lang='grc' dir='ltr'>τῆς</span> <span class='ocrx_word' id='word_1_291' title='bbox 345 1837 398 1865; x_wconf 81' lang='grc' dir='ltr'>τῶν</span> <span class='ocrx_word' id='word_1_292' title='bbox 411 1835 542 1874; x_wconf 86' lang='grc' dir='ltr'>δαιμόνων</span> <span class='ocrx_word' id='word_1_293' title='bbox 551 1836 631 1875; x_wconf 75' lang='grc' dir='ltr'>ὀργῆς</span> <span class='ocrx_word' id='word_1_294' title='bbox 645 1834 748 1875; x_wconf 80' lang='grc' dir='ltr'>ἐγένετο</span> <span class='ocrx_word' id='word_1_295' title='bbox 759 1858 767 1872; x_wconf 83' lang='grc'>,</span> <span class='ocrx_word' id='word_1_296' title='bbox 781 1835 893 1873; x_wconf 78' lang='grc' dir='ltr'>ἀμελου-</span> 
     </span>
     <span class='ocr_line' id='line_1_40' title="bbox 123 1880 892 1922; baseline 0 -12"><span class='ocrx_word' id='word_1_297' title='bbox 123 1881 208 1920; x_wconf 83' lang='grc' dir='ltr'>μένων</span> <span class='ocrx_word' id='word_1_298' title='bbox 222 1883 284 1922; x_wconf 87' lang='grc' dir='ltr'>παρ’</span> <span class='ocrx_word' id='word_1_299' title='bbox 301 1882 386 1910; x_wconf 82' lang='grc' dir='ltr'>αὐτῶν</span> <span class='ocrx_word' id='word_1_300' title='bbox 402 1882 447 1911; x_wconf 85' lang='grc' dir='ltr'>καὶ</span> <span class='ocrx_word' id='word_1_301' title='bbox 464 1881 724 1921; x_wconf 83' lang='grc' dir='ltr'>καταφρονουμένων.</span> <span class='ocrx_word' id='word_1_302' title='bbox 738 1882 826 1910; x_wconf 78' lang='grc' dir='ltr'>Τοῦτο</span> <span class='ocrx_word' id='word_1_303' title='bbox 839 1880 892 1910; x_wconf 80' lang='grc' dir='ltr'>τοί-</span> 
     </span>
     <span class='ocr_line' id='line_1_41' title="bbox 123 1927 892 1968; baseline -0.001 -11"><span class='ocrx_word' id='word_1_304' title='bbox 123 1939 168 1957; x_wconf 88' lang='grc' dir='ltr'>νυν</span> <span class='ocrx_word' id='word_1_305' title='bbox 191 1928 221 1957; x_wconf 83' lang='grc' dir='ltr'>τὸ</span> <span class='ocrx_word' id='word_1_306' title='bbox 241 1928 333 1968; x_wconf 82' lang='grc' dir='ltr'>δέλεαρ</span> <span class='ocrx_word' id='word_1_307' title='bbox 347 1929 460 1967; x_wconf 81' lang='grc' dir='ltr'>ἀναιρῶν</span> <span class='ocrx_word' id='word_1_308' title='bbox 474 1930 488 1957; x_wconf 81' lang='grc' dir='ltr'>ὁ</span> <span class='ocrx_word' id='word_1_309' title='bbox 501 1927 583 1963; x_wconf 81' lang='grc' dir='ltr'>Θεὸς,</span> <span class='ocrx_word' id='word_1_310' title='bbox 606 1927 658 1968; x_wconf 82' lang='grc' dir='ltr'>πρὸ</span> <span class='ocrx_word' id='word_1_311' title='bbox 670 1928 775 1957; x_wconf 83' lang='grc' dir='ltr'>πολλῶν</span> <span class='ocrx_word' id='word_1_312' title='bbox 794 1927 892 1956; x_wconf 80' lang='grc' dir='ltr'>ἄνωθεν</span> 
     </span>
     <span class='ocr_line' id='line_1_42' title="bbox 122 1973 891 2014; baseline 0.001 -11"><span class='ocrx_word' id='word_1_313' title='bbox 122 1974 224 2014; x_wconf 88' lang='grc' dir='ltr'>χρόνων</span> <span class='ocrx_word' id='word_1_314' title='bbox 236 1974 270 2004; x_wconf 78' lang='grc' dir='ltr'>τὰ</span> <span class='ocrx_word' id='word_1_315' title='bbox 283 1973 413 2013; x_wconf 82' lang='grc' dir='ltr'>μέλλοντα</span> <span class='ocrx_word' id='word_1_316' title='bbox 425 1973 438 1991; x_wconf 77' lang='lat'>¹²</span> <span class='ocrx_word' id='word_1_317' title='bbox 447 1975 535 2007; x_wconf 77' lang='grc' dir='ltr'>αὐτοῖς</span> <span class='ocrx_word' id='word_1_318' title='bbox 548 1974 701 2013; x_wconf 78' lang='grc' dir='ltr'>συμὸαίνειν</span> <span class='ocrx_word' id='word_1_319' title='bbox 711 1997 721 2009; x_wconf 95' lang='grc'>,</span> <span class='ocrx_word' id='word_1_320' title='bbox 743 1975 843 2013; x_wconf 84' lang='grc' dir='ltr'>μᾶλλον</span> <span class='ocrx_word' id='word_1_321' title='bbox 864 1974 891 2004; x_wconf 80' lang='grc' dir='ltr'>δὲ</span> 
     </span>
     <span class='ocr_line' id='line_1_43' title="bbox 123 2019 889 2060; baseline 0 -11"><span class='ocrx_word' id='word_1_322' title='bbox 123 2020 337 2060; x_wconf 77' lang='grc' dir='ltr'>καταλήψεσθαι,</span> <span class='ocrx_word' id='word_1_323' title='bbox 354 2019 426 2049; x_wconf 80' lang='grc' dir='ltr'>δεινὰ</span> <span class='ocrx_word' id='word_1_324' title='bbox 440 2019 577 2060; x_wconf 78' lang='grc' dir='ltr'>προλέγει,</span> <span class='ocrx_word' id='word_1_325' title='bbox 595 2020 639 2049; x_wconf 77' lang='grc' dir='ltr'>ἵνα</span> <span class='ocrx_word' id='word_1_326' title='bbox 651 2019 688 2059; x_wconf 81' lang='grc' dir='ltr'>μὴ</span> <span class='ocrx_word' id='word_1_327' title='bbox 703 2020 748 2060; x_wconf 77' lang='grc' dir='ltr'>ἐξῇ</span> <span class='ocrx_word' id='word_1_328' title='bbox 762 2025 815 2053; x_wconf 82' lang='grc' dir='ltr'>τοῖς</span> <span class='ocrx_word' id='word_1_329' title='bbox 829 2019 889 2054; x_wconf 81' lang='grc' dir='ltr'>ἐξα-</span> 
     </span>
    </p>
   </div>
   <div class='ocr_carea' id='block_1_9' title="bbox 123 2065 916 2107">
    <p class='ocr_par' dir='ltr' id='par_1_9' title="bbox 123 2065 916 2107">
     <span class='ocr_line' id='line_1_44' title="bbox 123 2065 916 2107; baseline 0.001 -13"><span class='ocrx_word' id='word_1_330' title='bbox 123 2068 241 2096; x_wconf 80' lang='grc' dir='ltr'>πατῶσιν</span> <span class='ocrx_word' id='word_1_331' title='bbox 256 2065 349 2099; x_wconf 75' lang='grc' dir='ltr'>αὔτοὺς</span> <span class='ocrx_word' id='word_1_332' title='bbox 364 2068 397 2105; x_wconf 82' lang='grc' dir='ltr'>τῇ</span> <span class='ocrx_word' id='word_1_333' title='bbox 409 2067 462 2095; x_wconf 81' lang='grc' dir='ltr'>τῶν</span> <span class='ocrx_word' id='word_1_334' title='bbox 474 2065 602 2105; x_wconf 85' lang='grc' dir='ltr'>δαιμόνων</span> <span class='ocrx_word' id='word_1_335' title='bbox 618 2068 682 2107; x_wconf 80' lang='grc' dir='ltr'>ὀργῇ</span> <span class='ocrx_word' id='word_1_336' title='bbox 700 2066 848 2106; x_wconf 79' lang='grc' dir='ltr'>λογίζεσθαι</span> <span class='ocrx_word' id='word_1_337' title='bbox 859 2066 892 2095; x_wconf 82' lang='grc' dir='ltr'>τὰ</span> <span class='ocrx_word' id='word_1_338' title='bbox 914 2080 916 2083; x_wconf 59' lang='grc'>’</span> 
     </span>
    </p>
   </div>
   <div class='ocr_carea' id='block_1_10' title="bbox 123 2111 893 2486">
    <p class='ocr_par' dir='ltr' id='par_1_10' title="bbox 123 2111 893 2486">
     <span class='ocr_line' id='line_1_45' title="bbox 123 2111 891 2152; baseline 0 -11"><span class='ocrx_word' id='word_1_339' title='bbox 123 2111 310 2150; x_wconf 75' lang='grc' dir='ltr'>συμὸαίνοντα.</span> <span class='ocrx_word' id='word_1_340' title='bbox 334 2111 388 2141; x_wconf 78' lang='grc' dir='ltr'>Καὶ</span> <span class='ocrx_word' id='word_1_341' title='bbox 401 2111 442 2141; x_wconf 78' lang='grc' dir='ltr'>ὅτι</span> <span class='ocrx_word' id='word_1_342' title='bbox 455 2112 485 2141; x_wconf 81' lang='grc' dir='ltr'>οὗ</span> <span class='ocrx_word' id='word_1_343' title='bbox 499 2111 690 2152; x_wconf 81' lang='grc' dir='ltr'>στοχαζόμενος</span> <span class='ocrx_word' id='word_1_344' title='bbox 707 2116 790 2141; x_wconf 77' lang='grc' dir='ltr'>ταῦτα</span> <span class='ocrx_word' id='word_1_345' title='bbox 804 2112 873 2151; x_wconf 82' lang='grc' dir='ltr'>λέγω</span> <span class='ocrx_word' id='word_1_346' title='bbox 883 2134 891 2148; x_wconf 89' lang='grc'>,</span> 
     </span>
     <span class='ocr_line' id='line_1_46' title="bbox 125 2153 891 2198; baseline 0 -12"><span class='ocrx_word' id='word_1_347' title='bbox 125 2157 236 2187; x_wconf 80' lang='grc' dir='ltr'>ἄκουσον</span> <span class='ocrx_word' id='word_1_348' title='bbox 247 2156 359 2187; x_wconf 82' lang='grc' dir='ltr'>Ἡσαΐου</span> <span class='ocrx_word' id='word_1_349' title='bbox 378 2157 497 2197; x_wconf 82' lang='grc' dir='ltr'>λέγοντος</span> <span class='ocrx_word' id='word_1_350' title='bbox 506 2170 512 2176; x_wconf 91' lang='grc'><em>·</em></span> <span class='ocrx_word' id='word_1_351' title='bbox 534 2157 638 2198; x_wconf 88' lang='grc' dir='ltr'>Ἔγνων</span> <span class='ocrx_word' id='word_1_352' title='bbox 652 2157 691 2187; x_wconf 76' lang='grc' dir='ltr'>ὅτι</span> <span class='ocrx_word' id='word_1_353' title='bbox 708 2158 821 2198; x_wconf 87' lang='grc' dir='ltr'>σκληρὸς</span> <span class='ocrx_word' id='word_1_354' title='bbox 844 2153 868 2187; x_wconf 73' lang='grc' dir='ltr'>εἶ</span> <span class='ocrx_word' id='word_1_355' title='bbox 883 2180 891 2195; x_wconf 85' lang='grc'>,</span> 
     </span>
     <span class='ocr_line' id='line_1_47' title="bbox 126 2201 892 2244; baseline 0.004 -14"><span class='ocrx_word' id='word_1_356' title='bbox 126 2201 171 2230; x_wconf 78' lang='grc' dir='ltr'>καὶ</span> <span class='ocrx_word' id='word_1_357' title='bbox 183 2203 378 2243; x_wconf 78' lang='grc' dir='ltr'>νευροσιδηροῢς</span> <span class='ocrx_word' id='word_1_358' title='bbox 393 2205 407 2233; x_wconf 83' lang='grc' dir='ltr'><strong>ὁ</strong></span> <span class='ocrx_word' id='word_1_359' title='bbox 424 2203 556 2244; x_wconf 80' lang='grc' dir='ltr'>τράχηλός</span> <span class='ocrx_word' id='word_1_360' title='bbox 573 2216 620 2234; x_wconf 89' lang='grc' dir='ltr'>σου</span> <span class='ocrx_word' id='word_1_361' title='bbox 629 2227 637 2241; x_wconf 89' lang='grc'>,</span> <span class='ocrx_word' id='word_1_362' title='bbox 661 2205 706 2233; x_wconf 84' lang='grc' dir='ltr'>καὶ</span> <span class='ocrx_word' id='word_1_363' title='bbox 719 2204 750 2233; x_wconf 75' lang='grc' dir='ltr'>τὸ</span> <span class='ocrx_word' id='word_1_364' title='bbox 771 2203 892 2243; x_wconf 77' lang='grc' dir='ltr'>μέτωπόν</span> 
     </span>
     <span class='ocr_line' id='line_1_48' title="bbox 126 2249 893 2291; baseline 0.004 -14"><span class='ocrx_word' id='word_1_365' title='bbox 126 2259 173 2277; x_wconf 89' lang='grc' dir='ltr'>σου</span> <span class='ocrx_word' id='word_1_366' title='bbox 191 2249 318 2288; x_wconf 75' lang='grc' dir='ltr'>χαλκοῦν.</span> <span class='ocrx_word' id='word_1_367' title='bbox 329 2249 380 2279; x_wconf 83' lang='grc' dir='ltr'>Διὰ</span> <span class='ocrx_word' id='word_1_368' title='bbox 392 2252 469 2280; x_wconf 81' lang='grc' dir='ltr'>τοῦτο</span> <span class='ocrx_word' id='word_1_369' title='bbox 485 2250 513 2285; x_wconf 82' lang='grc' dir='ltr'>ἐξ</span> <span class='ocrx_word' id='word_1_370' title='bbox 527 2252 612 2291; x_wconf 76' lang='grc' dir='ltr'>ἀρχῆς</span> <span class='ocrx_word' id='word_1_371' title='bbox 629 2250 748 2286; x_wconf 80' lang='grc' dir='ltr'>ἐλάλησά</span> <span class='ocrx_word' id='word_1_372' title='bbox 770 2262 828 2287; x_wconf 90' lang='grc' dir='ltr'>σοι,</span> <span class='ocrx_word' id='word_1_373' title='bbox 849 2250 893 2280; x_wconf 78' lang='grc' dir='ltr'>ἵνα</span> 
     </span>
     <span class='ocr_line' id='line_1_49' title="bbox 127 2293 891 2336; baseline 0.004 -13"><span class='ocrx_word' id='word_1_374' title='bbox 127 2293 165 2331; x_wconf 77' lang='grc' dir='ltr'>μὴ</span> <span class='ocrx_word' id='word_1_375' title='bbox 188 2293 262 2334; x_wconf 75' lang='grc' dir='ltr'>εἴπῃς</span> <span class='ocrx_word' id='word_1_376' title='bbox 272 2317 280 2331; x_wconf 92' lang='grc'>,</span> <span class='ocrx_word' id='word_1_377' title='bbox 302 2295 343 2325; x_wconf 77' lang='grc' dir='ltr'>ὅτι</span> <span class='ocrx_word' id='word_1_378' title='bbox 360 2295 394 2324; x_wconf 78' lang='grc' dir='ltr'>τὰ</span> <span class='ocrx_word' id='word_1_379' title='bbox 405 2295 501 2326; x_wconf 80' lang='grc' dir='ltr'>εἴδωλά</span> <span class='ocrx_word' id='word_1_380' title='bbox 515 2307 560 2335; x_wconf 90' lang='grc' dir='ltr'>μοι</span> <span class='ocrx_word' id='word_1_381' title='bbox 572 2296 696 2333; x_wconf 77' lang='grc' dir='ltr'>ἐποίησε,</span> <span class='ocrx_word' id='word_1_382' title='bbox 721 2297 765 2326; x_wconf 86' lang='grc' dir='ltr'>καὶ</span> <span class='ocrx_word' id='word_1_383' title='bbox 780 2296 814 2326; x_wconf 82' lang='grc' dir='ltr'>τὰ</span> <span class='ocrx_word' id='word_1_384' title='bbox 825 2297 891 2336; x_wconf 89' lang='grc' dir='ltr'>γλυ-</span> 
     </span>
     <span class='ocr_line' id='line_1_50' title="bbox 125 2339 893 2382; baseline 0.005 -14"><span class='ocrx_word' id='word_1_385' title='bbox 125 2339 195 2375; x_wconf 61' lang='lat' dir='ltr'>maz,</span> <span class='ocrx_word' id='word_1_386' title='bbox 214 2340 260 2369; x_wconf 82' lang='grc' dir='ltr'>καὶ</span> <span class='ocrx_word' id='word_1_387' title='bbox 277 2340 311 2370; x_wconf 79' lang='grc' dir='ltr'>τὰ</span> <span class='ocrx_word' id='word_1_388' title='bbox 334 2341 454 2382; x_wconf 85' lang='grc' dir='ltr'>χωνευτά</span> <span class='ocrx_word' id='word_1_389' title='bbox 467 2353 512 2381; x_wconf 88' lang='grc' dir='ltr'>μοι</span> <span class='ocrx_word' id='word_1_390' title='bbox 525 2342 659 2378; x_wconf 83' lang='grc' dir='ltr'>ἐποίησεν.</span> <span class='ocrx_word' id='word_1_391' title='bbox 683 2342 754 2372; x_wconf 83' lang='grc' dir='ltr'>Οὔτε</span> <span class='ocrx_word' id='word_1_392' title='bbox 767 2342 872 2378; x_wconf 85' lang='grc' dir='ltr'>ἠπίστω</span> <span class='ocrx_word' id='word_1_393' title='bbox 883 2365 893 2380; x_wconf 91' lang='grc'>,</span> 
     </span>
     <span class='ocr_line' id='line_1_51' title="bbox 126 2388 893 2433; baseline 0.005 -13"><span class='ocrx_word' id='word_1_394' title='bbox 126 2390 186 2420; x_wconf 79' lang='grc' dir='ltr'>οὔτε</span> <span class='ocrx_word' id='word_1_395' title='bbox 202 2391 318 2422; x_wconf 85' lang='grc' dir='ltr'>ἀκουστά</span> <span class='ocrx_word' id='word_1_396' title='bbox 331 2403 372 2422; x_wconf 83' lang='grc' dir='ltr'>σοι</span> <span class='ocrx_word' id='word_1_397' title='bbox 390 2392 502 2431; x_wconf 77' lang='grc' dir='ltr'>ἐγίνετο.</span> <span class='ocrx_word' id='word_1_398' title='bbox 517 2392 596 2423; x_wconf 78' lang='grc' dir='ltr'>Ἐπεὶ</span> <span class='ocrx_word' id='word_1_399' title='bbox 607 2388 651 2424; x_wconf 69' lang='grc' dir='ltr'>οὗν</span> <span class='ocrx_word' id='word_1_400' title='bbox 663 2416 671 2431; x_wconf 85' lang='grc'>,</span> <span class='ocrx_word' id='word_1_401' title='bbox 685 2393 750 2433; x_wconf 79' lang='grc' dir='ltr'>ὅπερ</span> <span class='ocrx_word' id='word_1_402' title='bbox 763 2393 828 2433; x_wconf 80' lang='grc' dir='ltr'>ἔφην</span> <span class='ocrx_word' id='word_1_403' title='bbox 837 2417 844 2431; x_wconf 87' lang='grc'>,</span> <span class='ocrx_word' id='word_1_404' title='bbox 857 2395 893 2428; x_wconf 81' lang='grc' dir='ltr'>ὡς</span> 
     </span>
     <span class='ocr_line' id='line_1_52' title="bbox 126 2440 893 2486; baseline 0.004 -16"><span class='ocrx_word' id='word_1_405' title='bbox 126 2440 172 2470; x_wconf 77' lang='grc' dir='ltr'>καὶ</span> <span class='ocrx_word' id='word_1_406' title='bbox 189 2443 221 2471; x_wconf 80' lang='grc' dir='ltr'>ἐκ</span> <span class='ocrx_word' id='word_1_407' title='bbox 234 2443 281 2478; x_wconf 77' lang='grc' dir='ltr'>τῆς</span> <span class='ocrx_word' id='word_1_408' title='bbox 295 2442 437 2482; x_wconf 82' lang='grc' dir='ltr'>μαρτυρίας</span> <span class='ocrx_word' id='word_1_409' title='bbox 451 2442 521 2472; x_wconf 73' lang='grc' dir='ltr'>ἐστὶν</span> <span class='ocrx_word' id='word_1_410' title='bbox 534 2443 611 2479; x_wconf 79' lang='grc' dir='ltr'>ἰδεῖν,</span> <span class='ocrx_word' id='word_1_411' title='bbox 624 2443 730 2477; x_wconf 83' lang='grc' dir='ltr'>ἐκείνοις</span> <span class='ocrx_word' id='word_1_412' title='bbox 740 2446 824 2486; x_wconf 73' lang='grc' dir='ltr'>ταῦτα</span> <span class='ocrx_word' id='word_1_413' title='bbox 835 2445 893 2474; x_wconf 87' lang='grc' dir='ltr'>ἀνε-</span> 
     </span>
    </p>
   </div>
   <div class='ocr_carea' id='block_1_11' title="bbox 161 2531 884 2607">
    <p class='ocr_par' dir='ltr' id='par_1_11' title="bbox 161 2531 884 2607">
     <span class='ocr_line' id='line_1_53' title="bbox 161 2531 590 2567; baseline 0.002 -10"><span class='ocrx_word' id='word_1_414' title='bbox 161 2540 172 2552; x_wconf 84' lang='grc'><em>·</em></span> <span class='ocrx_word' id='word_1_415' title='bbox 188 2531 333 2566; x_wconf 86' lang='lat' dir='ltr'>Legendum</span> <span class='ocrx_word' id='word_1_416' title='bbox 344 2532 443 2558; x_wconf 81' lang='lat' dir='ltr'>videtur</span> <span class='ocrx_word' id='word_1_417' title='bbox 454 2539 498 2560; x_wconf 79' lang='grc' dir='ltr'>τῶν</span> <span class='ocrx_word' id='word_1_418' title='bbox 511 2537 590 2567; x_wconf 71' lang='grc' dir='ltr'>λόγων,</span> 
     </span>
     <span class='ocr_line' id='line_1_54' title="bbox 164 2571 884 2607; baseline 0.006 -11"><span class='ocrx_word' id='word_1_419' title='bbox 164 2572 176 2591; x_wconf 82' lang='lat'>¹¹</span> <span class='ocrx_word' id='word_1_420' title='bbox 194 2571 235 2597; x_wconf 76' lang='lat' dir='ltr'>Sic</span> <span class='ocrx_word' id='word_1_421' title='bbox 248 2573 307 2605; x_wconf 72' lang='lat' dir='ltr'>neg.</span> <span class='ocrx_word' id='word_1_422' title='bbox 322 2578 346 2597; x_wconf 86' lang='lat' dir='ltr'>et</span> <span class='ocrx_word' id='word_1_423' title='bbox 363 2571 439 2597; x_wconf 69' lang='lat' dir='ltr'>savit,</span> <span class='ocrx_word' id='word_1_424' title='bbox 454 2573 485 2598; x_wconf 76' lang='lat' dir='ltr'>At</span> <span class='ocrx_word' id='word_1_425' title='bbox 495 2573 581 2598; x_wconf 78' lang='lat' dir='ltr'>Morel.</span> <span class='ocrx_word' id='word_1_426' title='bbox 595 2578 620 2598; x_wconf 88' lang='lat' dir='ltr'>et</span> <span class='ocrx_word' id='word_1_427' title='bbox 636 2572 769 2599; x_wconf 61' lang='lat' dir='ltr'>Bai-aricns</span> <span class='ocrx_word' id='word_1_428' title='bbox 780 2578 809 2601; x_wconf 70' lang='grc' dir='ltr'>τὰ</span> <span class='ocrx_word' id='word_1_429' title='bbox 825 2579 884 2607; x_wconf 69' lang='grc' dir='ltr'>μέ).-</span> 
     </span>
    </p>
   </div>
   <div class='ocr_carea' id='block_1_12' title="bbox 943 269 1731 1651">
    <p class='ocr_par' dir='ltr' id='par_1_12' title="bbox 943 269 1731 1651">
     <span class='ocr_line' id='line_1_55' title="bbox 944 269 1689 306; baseline -0.004 -6"><span class='ocrx_word' id='word_1_430' title='bbox 944 271 1024 306; x_wconf 86' lang='lat' dir='ltr'>verit,</span> <span class='ocrx_word' id='word_1_431' title='bbox 1044 270 1157 300; x_wconf 83' lang='lat' dir='ltr'>multam</span> <span class='ocrx_word' id='word_1_432' title='bbox 1174 269 1278 299; x_wconf 85' lang='lat' dir='ltr'>videbit</span> <span class='ocrx_word' id='word_1_433' title='bbox 1301 270 1328 298; x_wconf 92' lang='lat' dir='ltr'>in</span> <span class='ocrx_word' id='word_1_434' title='bbox 1348 280 1379 299; x_wconf 84' lang='lat' dir='ltr'>ea</span> <span class='ocrx_word' id='word_1_435' title='bbox 1401 280 1431 298; x_wconf 86' lang='lat' dir='ltr'>re</span> <span class='ocrx_word' id='word_1_436' title='bbox 1451 269 1649 298; x_wconf 75' lang='lat' dir='ltr'><strong>consonantiam</strong></span> <span class='ocrx_word' id='word_1_437' title='bbox 1663 275 1689 297; x_wconf 83' lang='lat' dir='ltr'>et</span> 
     </span>
     <span class='ocr_line' id='line_1_56' title="bbox 945 314 1689 357; baseline -0.005 -10"><span class='ocrx_word' id='word_1_438' title='bbox 945 328 1030 348; x_wconf 85' lang='lat' dir='ltr'>unum</span> <span class='ocrx_word' id='word_1_439' title='bbox 1039 328 1160 357; x_wconf 84' lang='lat' dir='ltr'>scopum.</span> <span class='ocrx_word' id='word_1_440' title='bbox 1171 316 1356 346; x_wconf 80' lang='lat' dir='ltr'>Necessarium</span> <span class='ocrx_word' id='word_1_441' title='bbox 1367 322 1454 345; x_wconf 82' lang='lat' dir='ltr'>autem</span> <span class='ocrx_word' id='word_1_442' title='bbox 1464 322 1504 344; x_wconf 86' lang='lat' dir='ltr'>est</span> <span class='ocrx_word' id='word_1_443' title='bbox 1513 314 1587 355; x_wconf 88' lang='lat' dir='ltr'>prius</span> <span class='ocrx_word' id='word_1_444' title='bbox 1601 314 1689 344; x_wconf 82' lang='lat' dir='ltr'>dicere</span> 
     </span>
     <span class='ocr_line' id='line_1_57' title="bbox 945 360 1690 404; baseline -0.004 -11"><span class='ocrx_word' id='word_1_445' title='bbox 945 375 994 394; x_wconf 90' lang='lat' dir='ltr'>cur</span> <span class='ocrx_word' id='word_1_446' title='bbox 1007 364 1148 404; x_wconf 81' lang='lat' dir='ltr'>prophetia</span> <span class='ocrx_word' id='word_1_447' title='bbox 1162 364 1188 393; x_wconf 91' lang='lat' dir='ltr'>in</span> <span class='ocrx_word' id='word_1_448' title='bbox 1203 363 1343 392; x_wconf 88' lang='lat' dir='ltr'>hominum</span> <span class='ocrx_word' id='word_1_449' title='bbox 1354 361 1439 391; x_wconf 81' lang='lat' dir='ltr'>vitam</span> <span class='ocrx_word' id='word_1_450' title='bbox 1452 360 1562 390; x_wconf 86' lang='lat' dir='ltr'>inducta</span> <span class='ocrx_word' id='word_1_451' title='bbox 1573 362 1618 391; x_wconf 89' lang='lat' dir='ltr'>sit.</span> <span class='ocrx_word' id='word_1_452' title='bbox 1633 362 1690 391; x_wconf 85' lang='lat' dir='ltr'>Cur</span> 
     </span>
     <span class='ocr_line' id='line_1_58' title="bbox 944 407 1690 450; baseline -0.005 -10"><span class='ocrx_word' id='word_1_453' title='bbox 944 420 1008 450; x_wconf 86' lang='lat' dir='ltr'>ergo</span> <span class='ocrx_word' id='word_1_454' title='bbox 1021 410 1126 440; x_wconf 86' lang='lat' dir='ltr'>invecta</span> <span class='ocrx_word' id='word_1_455' title='bbox 1139 410 1184 446; x_wconf 86' lang='lat' dir='ltr'>sit,</span> <span class='ocrx_word' id='word_1_456' title='bbox 1200 419 1304 439; x_wconf 86' lang='lat' dir='ltr'>necesse</span> <span class='ocrx_word' id='word_1_457' title='bbox 1318 415 1356 438; x_wconf 84' lang='lat' dir='ltr'>est</span> <span class='ocrx_word' id='word_1_458' title='bbox 1368 407 1468 438; x_wconf 83' lang='lat' dir='ltr'>dicere.</span> <span class='ocrx_word' id='word_1_459' title='bbox 1482 407 1556 437; x_wconf 89' lang='lat' dir='ltr'>Solet</span> <span class='ocrx_word' id='word_1_460' title='bbox 1568 408 1642 437; x_wconf 88' lang='lat' dir='ltr'>Deus</span> <span class='ocrx_word' id='word_1_461' title='bbox 1655 407 1690 437; x_wconf 84' lang='lat' dir='ltr'>ad</span> 
     </span>
     <span class='ocr_line' id='line_1_59' title="bbox 943 453 1688 496; baseline -0.004 -11"><span class='ocrx_word' id='word_1_462' title='bbox 943 466 1037 496; x_wconf 80' lang='lat' dir='ltr'>poenas</span> <span class='ocrx_word' id='word_1_463' title='bbox 1048 455 1220 496; x_wconf 77' lang='lat' dir='ltr'>peccantibus</span> <span class='ocrx_word' id='word_1_464' title='bbox 1239 454 1389 493; x_wconf 86' lang='lat' dir='ltr'>inserendas</span> <span class='ocrx_word' id='word_1_465' title='bbox 1402 453 1522 484; x_wconf 83' lang='lat' dir='ltr'>cunctari</span> <span class='ocrx_word' id='word_1_466' title='bbox 1535 460 1561 483; x_wconf 90' lang='lat' dir='ltr'>et</span> <span class='ocrx_word' id='word_1_467' title='bbox 1579 464 1688 494; x_wconf 86' lang='lat' dir='ltr'>procra-</span> 
     </span>
     <span class='ocr_line' id='line_1_60' title="bbox 944 499 1690 540; baseline -0.004 -9"><span class='ocrx_word' id='word_1_468' title='bbox 944 502 1054 538; x_wconf 85' lang='lat' dir='ltr'>stinare,</span> <span class='ocrx_word' id='word_1_469' title='bbox 1069 500 1296 540; x_wconf 78' lang='lat' dir='ltr'>quemadmodum</span> <span class='ocrx_word' id='word_1_470' title='bbox 1314 506 1436 540; x_wconf 89' lang='lat' dir='ltr'>promtus</span> <span class='ocrx_word' id='word_1_471' title='bbox 1455 499 1578 539; x_wconf 75' lang='lat' dir='ltr'>celetque</span> <span class='ocrx_word' id='word_1_472' title='bbox 1597 506 1637 528; x_wconf 88' lang='lat' dir='ltr'>est</span> <span class='ocrx_word' id='word_1_473' title='bbox 1655 499 1690 528; x_wconf 90' lang='lat' dir='ltr'>ad</span> 
     </span>
     <span class='ocr_line' id='line_1_61' title="bbox 943 545 1691 588; baseline -0.003 -11"><span class='ocrx_word' id='word_1_474' title='bbox 943 548 1072 578; x_wconf 85' lang='lat' dir='ltr'>beneficia</span> <span class='ocrx_word' id='word_1_475' title='bbox 1082 547 1166 588; x_wconf 81' lang='lat' dir='ltr'><strong>probe</strong></span> <span class='ocrx_word' id='word_1_476' title='bbox 1178 547 1333 577; x_wconf 88' lang='lat' dir='ltr'>viventibus</span> <span class='ocrx_word' id='word_1_477' title='bbox 1343 545 1502 587; x_wconf 81' lang='lat' dir='ltr'>praestanda.</span> <span class='ocrx_word' id='word_1_478' title='bbox 1517 547 1576 575; x_wconf 87' lang='lat' dir='ltr'>Hoc</span> <span class='ocrx_word' id='word_1_479' title='bbox 1594 545 1624 575; x_wconf 91' lang='lat' dir='ltr'>id</span> <span class='ocrx_word' id='word_1_480' title='bbox 1633 546 1691 575; x_wconf 69' lang='lat' dir='ltr'>‘effi-</span> 
     </span>
     <span class='ocr_line' id='line_1_62' title="bbox 945 592 1690 635; baseline -0.003 -11"><span class='ocrx_word' id='word_1_481' title='bbox 945 594 982 625; x_wconf 86' lang='lat' dir='ltr'>cit</span> <span class='ocrx_word' id='word_1_482' title='bbox 996 602 1026 624; x_wconf 86' lang='lat' dir='ltr'>ut</span> <span class='ocrx_word' id='word_1_483' title='bbox 1038 595 1172 635; x_wconf 81' lang='lat' dir='ltr'>segniores</span> <span class='ocrx_word' id='word_1_484' title='bbox 1185 593 1321 631; x_wconf 71' lang='lat' dir='ltr'>decidant,</span> <span class='ocrx_word' id='word_1_485' title='bbox 1337 604 1369 623; x_wconf 93' lang='lat' dir='ltr'>eo</span> <span class='ocrx_word' id='word_1_486' title='bbox 1382 592 1457 632; x_wconf 85' lang='lat' dir='ltr'>quod</span> <span class='ocrx_word' id='word_1_487' title='bbox 1477 592 1545 622; x_wconf 89' lang='lat' dir='ltr'>ultio</span> <span class='ocrx_word' id='word_1_488' title='bbox 1559 592 1690 622; x_wconf 86' lang='lat' dir='ltr'>scelernm</span> 
     </span>
     <span class='ocr_line' id='line_1_63' title="bbox 945 638 1691 680; baseline -0.001 -11"><span class='ocrx_word' id='word_1_489' title='bbox 945 650 999 670; x_wconf 89' lang='lat' dir='ltr'>non</span> <span class='ocrx_word' id='word_1_490' title='bbox 1012 651 1027 670; x_wconf 91' lang='lat' dir='ltr'>e</span> <span class='ocrx_word' id='word_1_491' title='bbox 1040 640 1152 680; x_wconf 80' lang='lat' dir='ltr'>vestigio</span> <span class='ocrx_word' id='word_1_492' title='bbox 1162 646 1300 679; x_wconf 88' lang='lat' dir='ltr'>sequatur.</span> <span class='ocrx_word' id='word_1_493' title='bbox 1314 640 1354 669; x_wconf 86' lang='lat' dir='ltr'>Ut</span> <span class='ocrx_word' id='word_1_494' title='bbox 1365 649 1429 679; x_wconf 83' lang='lat' dir='ltr'>ergo</span> <span class='ocrx_word' id='word_1_495' title='bbox 1447 640 1521 669; x_wconf 89' lang='lat' dir='ltr'>Deus</span> <span class='ocrx_word' id='word_1_496' title='bbox 1535 638 1691 680; x_wconf 82' lang='lat' dir='ltr'>patientiam</span> 
     </span>
     <span class='ocr_line' id='line_1_64' title="bbox 945 685 1731 725; baseline -0.003 -9"><span class='ocrx_word' id='word_1_497' title='bbox 945 698 1022 716; x_wconf 88' lang='lat' dir='ltr'>suam</span> <span class='ocrx_word' id='word_1_498' title='bbox 1042 687 1178 723; x_wconf 77' lang='lat' dir='ltr'>exhibeat,</span> <span class='ocrx_word' id='word_1_499' title='bbox 1202 697 1287 725; x_wconf 84' lang='lat' dir='ltr'>neque</span> <span class='ocrx_word' id='word_1_500' title='bbox 1308 692 1396 715; x_wconf 85' lang='lat' dir='ltr'>tamen</span> <span class='ocrx_word' id='word_1_501' title='bbox 1417 685 1460 715; x_wconf 89' lang='lat' dir='ltr'>illi</span> <span class='ocrx_word' id='word_1_502' title='bbox 1482 685 1546 715; x_wconf 92' lang='lat' dir='ltr'>hinc</span> <span class='ocrx_word' id='word_1_503' title='bbox 1556 685 1691 725; x_wconf 81' lang='lat' dir='ltr'>segniores</span> <span class='ocrx_word' id='word_1_504' title='bbox 1728 693 1731 695; x_wconf 83' lang='lat'>·</span> 
     </span>
     <span class='ocr_line' id='line_1_65' title="bbox 945 732 1690 773; baseline -0.003 -10"><span class='ocrx_word' id='word_1_505' title='bbox 945 732 1060 763; x_wconf 75' lang='lat' dir='ltr'>evadant</span> <span class='ocrx_word' id='word_1_506' title='bbox 1070 755 1078 770; x_wconf 92' lang='lat'>,</span> <span class='ocrx_word' id='word_1_507' title='bbox 1109 732 1257 773; x_wconf 85' lang='lat' dir='ltr'>prophetiae</span> <span class='ocrx_word' id='word_1_508' title='bbox 1280 732 1456 772; x_wconf 83' lang='lat' dir='ltr'><strong>pharmacum</strong></span> <span class='ocrx_word' id='word_1_509' title='bbox 1484 739 1610 773; x_wconf 89' lang='lat' dir='ltr'>apparat,</span> <span class='ocrx_word' id='word_1_510' title='bbox 1637 742 1690 762; x_wconf 90' lang='lat' dir='ltr'>non</span> 
     </span>
     <span class='ocr_line' id='line_1_66' title="bbox 946 777 1690 818; baseline -0.001 -10"><span class='ocrx_word' id='word_1_511' title='bbox 946 778 1144 818; x_wconf 83' lang='lat' dir='ltr'>suppliciorum</span> <span class='ocrx_word' id='word_1_512' title='bbox 1151 778 1344 818; x_wconf 84' lang='lat' dir='ltr'>experimento,</span> <span class='ocrx_word' id='word_1_513' title='bbox 1352 777 1399 807; x_wconf 90' lang='lat' dir='ltr'>sed</span> <span class='ocrx_word' id='word_1_514' title='bbox 1409 777 1516 807; x_wconf 90' lang='lat' dir='ltr'>interim</span> <span class='ocrx_word' id='word_1_515' title='bbox 1526 777 1690 817; x_wconf 86' lang='lat' dir='ltr'>praescientia</span> 
     </span>
     <span class='ocr_line' id='line_1_67' title="bbox 945 823 1691 865; baseline -0.001 -11"><span class='ocrx_word' id='word_1_516' title='bbox 945 824 1072 855; x_wconf 84' lang='lat' dir='ltr'>erudiens</span> <span class='ocrx_word' id='word_1_517' title='bbox 1081 831 1243 865; x_wconf 77' lang='lat' dir='ltr'>peccatores,</span> <span class='ocrx_word' id='word_1_518' title='bbox 1254 831 1284 854; x_wconf 91' lang='lat' dir='ltr'>ut</span> <span class='ocrx_word' id='word_1_519' title='bbox 1292 824 1315 854; x_wconf 90' lang='lat' dir='ltr'>si</span> <span class='ocrx_word' id='word_1_520' title='bbox 1325 824 1425 854; x_wconf 86' lang='lat' dir='ltr'>auditis</span> <span class='ocrx_word' id='word_1_521' title='bbox 1437 823 1691 854; x_wconf 68' lang='lat' dir='ltr'>comminationibus</span> 
     </span>
     <span class='ocr_line' id='line_1_68' title="bbox 946 870 1687 912; baseline -0.001 -12"><span class='ocrx_word' id='word_1_522' title='bbox 946 871 1070 901; x_wconf 86' lang='lat' dir='ltr'>meliores</span> <span class='ocrx_word' id='word_1_523' title='bbox 1080 871 1205 908; x_wconf 78' lang='lat' dir='ltr'>evadant,</span> <span class='ocrx_word' id='word_1_524' title='bbox 1217 882 1302 912; x_wconf 76' lang='lat' dir='ltr'>poenae</span> <span class='ocrx_word' id='word_1_525' title='bbox 1314 871 1527 912; x_wconf 84' lang='lat' dir='ltr'>experimentum</span> <span class='ocrx_word' id='word_1_526' title='bbox 1535 870 1687 911; x_wconf 85' lang='lat' dir='ltr'>depellant:</span> 
     </span>
     <span class='ocr_line' id='line_1_69' title="bbox 944 917 1689 957; baseline 0.001 -11"><span class='ocrx_word' id='word_1_527' title='bbox 944 917 986 946; x_wconf 91' lang='lat' dir='ltr'>sin</span> <span class='ocrx_word' id='word_1_528' title='bbox 995 928 1060 948; x_wconf 86' lang='lat' dir='ltr'>vero</span> <span class='ocrx_word' id='word_1_529' title='bbox 1072 917 1130 947; x_wconf 87' lang='lat' dir='ltr'>sine</span> <span class='ocrx_word' id='word_1_530' title='bbox 1140 927 1220 947; x_wconf 87' lang='lat' dir='ltr'>sensu</span> <span class='ocrx_word' id='word_1_531' title='bbox 1232 923 1363 952; x_wconf 89' lang='lat' dir='ltr'>maneant,</span> <span class='ocrx_word' id='word_1_532' title='bbox 1372 924 1436 946; x_wconf 84' lang='lat' dir='ltr'>tunc</span> <span class='ocrx_word' id='word_1_533' title='bbox 1449 917 1515 956; x_wconf 90' lang='lat' dir='ltr'>ipsis</span> <span class='ocrx_word' id='word_1_534' title='bbox 1525 917 1689 957; x_wconf 87' lang='lat' dir='ltr'>supplicium</span> 
     </span>
     <span class='ocr_line' id='line_1_70' title="bbox 945 962 1690 1003; baseline 0.001 -11"><span class='ocrx_word' id='word_1_535' title='bbox 945 963 1050 993; x_wconf 84' lang='lat' dir='ltr'>inserat.</span> <span class='ocrx_word' id='word_1_536' title='bbox 1073 964 1131 993; x_wconf 88' lang='lat' dir='ltr'>Hoc</span> <span class='ocrx_word' id='word_1_537' title='bbox 1156 963 1319 1003; x_wconf 83' lang='lat' dir='ltr'>perspiciens</span> <span class='ocrx_word' id='word_1_538' title='bbox 1343 962 1479 1000; x_wconf 89' lang='lat' dir='ltr'>diabolus,</span> <span class='ocrx_word' id='word_1_539' title='bbox 1507 970 1534 992; x_wconf 87' lang='lat' dir='ltr'>et</span> <span class='ocrx_word' id='word_1_540' title='bbox 1560 970 1690 1002; x_wconf 87' lang='lat' dir='ltr'>quantum</span> 
     </span>
     <span class='ocr_line' id='line_1_71' title="bbox 945 1009 1689 1050; baseline 0.001 -12"><span class='ocrx_word' id='word_1_541' title='bbox 945 1009 1009 1038; x_wconf 87' lang='lat' dir='ltr'>hinc</span> <span class='ocrx_word' id='word_1_542' title='bbox 1018 1009 1087 1038; x_wconf 89' lang='lat' dir='ltr'>lucri</span> <span class='ocrx_word' id='word_1_543' title='bbox 1096 1010 1164 1038; x_wconf 82' lang='lat' dir='ltr'>foret</span> <span class='ocrx_word' id='word_1_544' title='bbox 1171 1010 1301 1049; x_wconf 78' lang='lat' dir='ltr'>cogitans,</span> <span class='ocrx_word' id='word_1_545' title='bbox 1311 1009 1557 1050; x_wconf 82' lang='lat' dir='ltr'>pseudoprophetas</span> <span class='ocrx_word' id='word_1_546' title='bbox 1567 1009 1689 1047; x_wconf 87' lang='lat' dir='ltr'>immisit,</span> 
     </span>
     <span class='ocr_line' id='line_1_72' title="bbox 944 1055 1690 1096; baseline 0.004 -13"><span class='ocrx_word' id='word_1_547' title='bbox 944 1055 992 1093; x_wconf 89' lang='lat' dir='ltr'>qui</span> <span class='ocrx_word' id='word_1_548' title='bbox 1011 1055 1151 1095; x_wconf 82' lang='lat' dir='ltr'>prophetis</span> <span class='ocrx_word' id='word_1_549' title='bbox 1172 1055 1339 1085; x_wconf 82' lang='lat' dir='ltr'>minantibus</span> <span class='ocrx_word' id='word_1_550' title='bbox 1360 1055 1467 1092; x_wconf 80' lang='lat' dir='ltr'>famem,</span> <span class='ocrx_word' id='word_1_551' title='bbox 1482 1062 1595 1096; x_wconf 85' lang='lat' dir='ltr'>pestem,</span> <span class='ocrx_word' id='word_1_552' title='bbox 1609 1056 1690 1093; x_wconf 83' lang='lat' dir='ltr'>bella,</span> 
     </span>
     <span class='ocr_line' id='line_1_73' title="bbox 944 1100 1691 1140; baseline 0.003 -10"><span class='ocrx_word' id='word_1_553' title='bbox 944 1100 1121 1131; x_wconf 86' lang='lat' dir='ltr'>barbarorum</span> <span class='ocrx_word' id='word_1_554' title='bbox 1145 1101 1335 1136; x_wconf 87' lang='lat' dir='ltr'>incursionem,</span> <span class='ocrx_word' id='word_1_555' title='bbox 1356 1101 1583 1140; x_wconf 82' lang='lat' dir='ltr'>contradicebant,</span> <span class='ocrx_word' id='word_1_556' title='bbox 1605 1102 1691 1132; x_wconf 77' lang='lat' dir='ltr'>fausta</span> 
     </span>
     <span class='ocr_line' id='line_1_74' title="bbox 944 1147 1691 1185; baseline 0.003 -9"><span class='ocrx_word' id='word_1_557' title='bbox 944 1148 1140 1177; x_wconf 84' lang='lat' dir='ltr'>annuntiantes.</span> <span class='ocrx_word' id='word_1_558' title='bbox 1163 1147 1398 1185; x_wconf 83' lang='lat' dir='ltr'>Quemadmodum</span> <span class='ocrx_word' id='word_1_559' title='bbox 1425 1149 1496 1178; x_wconf 86' lang='lat' dir='ltr'>euim</span> <span class='ocrx_word' id='word_1_560' title='bbox 1520 1149 1594 1178; x_wconf 84' lang='lat' dir='ltr'>Deus</span> <span class='ocrx_word' id='word_1_561' title='bbox 1618 1156 1691 1178; x_wconf 88' lang='lat' dir='ltr'>metu</span> 
     </span>
     <span class='ocr_line' id='line_1_75' title="bbox 944 1193 1691 1236; baseline 0.004 -14"><span class='ocrx_word' id='word_1_562' title='bbox 944 1193 1090 1223; x_wconf 87' lang='lat' dir='ltr'>verborum</span> <span class='ocrx_word' id='word_1_563' title='bbox 1108 1193 1214 1223; x_wconf 87' lang='lat' dir='ltr'>volebat</span> <span class='ocrx_word' id='word_1_564' title='bbox 1228 1193 1356 1234; x_wconf 90' lang='lat' dir='ltr'>supplicii</span> <span class='ocrx_word' id='word_1_565' title='bbox 1369 1194 1584 1234; x_wconf 82' lang='lat' dir='ltr'>experimentum</span> <span class='ocrx_word' id='word_1_566' title='bbox 1596 1195 1691 1236; x_wconf 81' lang='lat' dir='ltr'>depel-</span> 
     </span>
     <span class='ocr_line' id='line_1_76' title="bbox 945 1239 1690 1281; baseline 0.004 -12"><span class='ocrx_word' id='word_1_567' title='bbox 945 1239 1010 1276; x_wconf 85' lang='lat' dir='ltr'>lere,</span> <span class='ocrx_word' id='word_1_568' title='bbox 1024 1239 1063 1269; x_wconf 87' lang='lat' dir='ltr'>sic</span> <span class='ocrx_word' id='word_1_569' title='bbox 1080 1247 1106 1269; x_wconf 83' lang='lat' dir='ltr'>et</span> <span class='ocrx_word' id='word_1_570' title='bbox 1122 1239 1248 1270; x_wconf 86' lang='lat' dir='ltr'>diabolus</span> <span class='ocrx_word' id='word_1_571' title='bbox 1259 1240 1423 1270; x_wconf 86' lang='lat' dir='ltr'>contrarium</span> <span class='ocrx_word' id='word_1_572' title='bbox 1437 1240 1608 1281; x_wconf 85' lang='lat' dir='ltr'>operabatur;</span> <span class='ocrx_word' id='word_1_573' title='bbox 1628 1253 1690 1272; x_wconf 89' lang='lat' dir='ltr'>ver-</span> 
     </span>
     <span class='ocr_line' id='line_1_77' title="bbox 945 1285 1690 1327; baseline 0.001 -12"><span class='ocrx_word' id='word_1_574' title='bbox 945 1285 1043 1315; x_wconf 86' lang='lat' dir='ltr'>borum</span> <span class='ocrx_word' id='word_1_575' title='bbox 1062 1285 1196 1316; x_wconf 86' lang='lat' dir='ltr'>illecebris</span> <span class='ocrx_word' id='word_1_576' title='bbox 1213 1296 1258 1316; x_wconf 88' lang='lat' dir='ltr'>eos</span> <span class='ocrx_word' id='word_1_577' title='bbox 1278 1286 1417 1315; x_wconf 88' lang='lat' dir='ltr'>emolliens</span> <span class='ocrx_word' id='word_1_578' title='bbox 1431 1293 1457 1316; x_wconf 88' lang='lat' dir='ltr'>et</span> <span class='ocrx_word' id='word_1_579' title='bbox 1475 1287 1607 1327; x_wconf 84' lang='lat' dir='ltr'>segniores</span> <span class='ocrx_word' id='word_1_580' title='bbox 1629 1288 1690 1317; x_wconf 88' lang='lat' dir='ltr'>red-</span> 
     </span>
     <span class='ocr_line' id='line_1_78' title="bbox 945 1331 1691 1374; baseline 0.004 -14"><span class='ocrx_word' id='word_1_581' title='bbox 945 1331 1022 1368; x_wconf 88' lang='lat' dir='ltr'>dens,</span> <span class='ocrx_word' id='word_1_582' title='bbox 1046 1332 1227 1362; x_wconf 84' lang='lat' dir='ltr'>necessitatem</span> <span class='ocrx_word' id='word_1_583' title='bbox 1251 1332 1378 1361; x_wconf 79' lang='lat' dir='ltr'>afferebat</span> <span class='ocrx_word' id='word_1_584' title='bbox 1400 1339 1432 1361; x_wconf 92' lang='lat' dir='ltr'>ut</span> <span class='ocrx_word' id='word_1_585' title='bbox 1457 1333 1590 1373; x_wconf 83' lang='lat' dir='ltr'>supplicia</span> <span class='ocrx_word' id='word_1_586' title='bbox 1603 1333 1691 1374; x_wconf 87' lang='lat' dir='ltr'>reipsa</span> 
     </span>
     <span class='ocr_line' id='line_1_79' title="bbox 946 1377 1692 1420; baseline 0.003 -13"><span class='ocrx_word' id='word_1_587' title='bbox 946 1377 1140 1418; x_wconf 85' lang='lat' dir='ltr'>experirentur.</span> <span class='ocrx_word' id='word_1_588' title='bbox 1154 1378 1235 1415; x_wconf 86' lang='lat' dir='ltr'>Hinc,</span> <span class='ocrx_word' id='word_1_589' title='bbox 1256 1378 1321 1417; x_wconf 86' lang='lat' dir='ltr'>quia</span> <span class='ocrx_word' id='word_1_590' title='bbox 1340 1384 1430 1418; x_wconf 86' lang='lat' dir='ltr'>postea</span> <span class='ocrx_word' id='word_1_591' title='bbox 1450 1378 1692 1420; x_wconf 88' lang='lat' dir='ltr'>pseudoprophetis</span> 
     </span>
     <span class='ocr_line' id='line_1_80' title="bbox 946 1423 1690 1461; baseline 0.003 -8"><span class='ocrx_word' id='word_1_592' title='bbox 946 1423 1028 1453; x_wconf 89' lang='lat' dir='ltr'>fidem</span> <span class='ocrx_word' id='word_1_593' title='bbox 1039 1423 1177 1461; x_wconf 85' lang='lat' dir='ltr'>habentes,</span> <span class='ocrx_word' id='word_1_594' title='bbox 1189 1434 1220 1453; x_wconf 85' lang='lat' dir='ltr'>ac</span> <span class='ocrx_word' id='word_1_595' title='bbox 1234 1423 1343 1453; x_wconf 83' lang='lat' dir='ltr'>virtutis</span> <span class='ocrx_word' id='word_1_596' title='bbox 1355 1424 1514 1453; x_wconf 85' lang='lat' dir='ltr'>exercitium</span> <span class='ocrx_word' id='word_1_597' title='bbox 1525 1431 1690 1455; x_wconf 81' lang='lat' dir='ltr'>contemnen-</span> 
     </span>
     <span class='ocr_line' id='line_1_81' title="bbox 945 1469 1688 1513; baseline 0.001 -14"><span class='ocrx_word' id='word_1_598' title='bbox 945 1476 995 1507; x_wconf 89' lang='lat' dir='ltr'>tes,</span> <span class='ocrx_word' id='word_1_599' title='bbox 1009 1469 1056 1499; x_wconf 85' lang='lat' dir='ltr'>sed</span> <span class='ocrx_word' id='word_1_600' title='bbox 1069 1469 1097 1499; x_wconf 88' lang='lat' dir='ltr'>in</span> <span class='ocrx_word' id='word_1_601' title='bbox 1110 1469 1225 1510; x_wconf 86' lang='lat' dir='ltr'>peccatis</span> <span class='ocrx_word' id='word_1_602' title='bbox 1238 1469 1295 1500; x_wconf 87' lang='lat' dir='ltr'>suis</span> <span class='ocrx_word' id='word_1_603' title='bbox 1306 1477 1502 1510; x_wconf 85' lang='lat' dir='ltr'>permanentes,</span> <span class='ocrx_word' id='word_1_604' title='bbox 1515 1470 1569 1500; x_wconf 86' lang='lat' dir='ltr'>sibi</span> <span class='ocrx_word' id='word_1_605' title='bbox 1581 1472 1688 1513; x_wconf 45' lang='lat' dir='ltr'>suppli*</span> 
     </span>
     <span class='ocr_line' id='line_1_82' title="bbox 945 1515 1690 1557; baseline 0.003 -12"><span class='ocrx_word' id='word_1_606' title='bbox 945 1515 1017 1545; x_wconf 91' lang='lat' dir='ltr'>cium</span> <span class='ocrx_word' id='word_1_607' title='bbox 1031 1516 1208 1553; x_wconf 82' lang='lat' dir='ltr'>attrahebant,</span> <span class='ocrx_word' id='word_1_608' title='bbox 1217 1526 1248 1546; x_wconf 91' lang='lat' dir='ltr'>ac</span> <span class='ocrx_word' id='word_1_609' title='bbox 1258 1527 1306 1556; x_wconf 86' lang='lat' dir='ltr'>per</span> <span class='ocrx_word' id='word_1_610' title='bbox 1319 1517 1433 1552; x_wconf 83' lang='lat' dir='ltr'>exitum,</span> <span class='ocrx_word' id='word_1_611' title='bbox 1441 1517 1634 1557; x_wconf 83' lang='lat' dir='ltr'>prophetarum</span> <span class='ocrx_word' id='word_1_612' title='bbox 1645 1529 1690 1548; x_wconf 87' lang='lat' dir='ltr'>vc-</span> 
     </span>
     <span class='ocr_line' id='line_1_83' title="bbox 946 1562 1689 1604; baseline 0.003 -12"><span class='ocrx_word' id='word_1_613' title='bbox 946 1564 1011 1593; x_wconf 86' lang='lat' dir='ltr'>ritas</span> <span class='ocrx_word' id='word_1_614' title='bbox 1022 1562 1220 1600; x_wconf 86' lang='lat' dir='ltr'>ostendebatur,</span> <span class='ocrx_word' id='word_1_615' title='bbox 1232 1570 1259 1592; x_wconf 90' lang='lat' dir='ltr'>et</span> <span class='ocrx_word' id='word_1_616' title='bbox 1271 1562 1567 1604; x_wconf 86' lang='lat' dir='ltr'>pseudoprophetarum</span> <span class='ocrx_word' id='word_1_617' title='bbox 1581 1564 1689 1594; x_wconf 82' lang='lat' dir='ltr'>menda-</span> 
     </span>
     <span class='ocr_line' id='line_1_84' title="bbox 946 1609 1690 1651; baseline 0.001 -12"><span class='ocrx_word' id='word_1_618' title='bbox 946 1610 1019 1639; x_wconf 88' lang='lat' dir='ltr'>cium</span> <span class='ocrx_word' id='word_1_619' title='bbox 1033 1609 1216 1648; x_wconf 86' lang='lat' dir='ltr'>detegebatur,</span> <span class='ocrx_word' id='word_1_620' title='bbox 1236 1609 1318 1639; x_wconf 84' lang='lat' dir='ltr'>aliam</span> <span class='ocrx_word' id='word_1_621' title='bbox 1337 1620 1431 1638; x_wconf 89' lang='lat' dir='ltr'>rursus</span> <span class='ocrx_word' id='word_1_622' title='bbox 1443 1610 1594 1640; x_wconf 81' lang='lat' dir='ltr'>machinam</span> <span class='ocrx_word' id='word_1_623' title='bbox 1607 1621 1690 1651; x_wconf 85' lang='lat' dir='ltr'>appa-</span> 
     </span>
    </p>
   </div>
   <div class='ocr_carea' id='block_1_13' title="bbox 921 1655 1688 1696">
    <p class='ocr_par' dir='ltr' id='par_1_13' title="bbox 921 1655 1688 1696">
     <span class='ocr_line' id='line_1_85' title="bbox 921 1655 1688 1696; baseline 0.003 -11"><span class='ocrx_word' id='word_1_624' title='bbox 921 1657 928 1678; x_wconf 74' lang='lat'><em>2</em></span> <span class='ocrx_word' id='word_1_625' title='bbox 947 1663 987 1685; x_wconf 87' lang='lat' dir='ltr'>rat</span> <span class='ocrx_word' id='word_1_626' title='bbox 1005 1656 1041 1685; x_wconf 89' lang='lat' dir='ltr'>ad</span> <span class='ocrx_word' id='word_1_627' title='bbox 1060 1666 1153 1686; x_wconf 85' lang='lat' dir='ltr'>eorum</span> <span class='ocrx_word' id='word_1_628' title='bbox 1165 1655 1312 1696; x_wconf 80' lang='lat' dir='ltr'>pernIciem</span> <span class='ocrx_word' id='word_1_629' title='bbox 1336 1655 1384 1694; x_wconf 86' lang='lat' dir='ltr'>qui</span> <span class='ocrx_word' id='word_1_630' title='bbox 1405 1666 1433 1685; x_wconf 85' lang='lat' dir='ltr'>se</span> <span class='ocrx_word' id='word_1_631' title='bbox 1445 1655 1568 1696; x_wconf 86' lang='lat' dir='ltr'>intercipi</span> <span class='ocrx_word' id='word_1_632' title='bbox 1586 1656 1688 1687; x_wconf 88' lang='lat' dir='ltr'>sinunt.</span> 
     </span>
    </p>
   </div>
   <div class='ocr_carea' id='block_1_14' title="bbox 946 1701 1690 2112">
    <p class='ocr_par' dir='ltr' id='par_1_14' title="bbox 946 1701 1690 2112">
     <span class='ocr_line' id='line_1_86' title="bbox 946 1701 1690 1741; baseline 0.001 -10"><span class='ocrx_word' id='word_1_633' title='bbox 946 1702 1036 1732; x_wconf 85' lang='lat' dir='ltr'>Suasit</span> <span class='ocrx_word' id='word_1_634' title='bbox 1048 1702 1119 1731; x_wconf 85' lang='lat' dir='ltr'>enim</span> <span class='ocrx_word' id='word_1_635' title='bbox 1132 1702 1210 1741; x_wconf 89' lang='lat' dir='ltr'>ipsis,</span> <span class='ocrx_word' id='word_1_636' title='bbox 1224 1702 1271 1740; x_wconf 89' lang='lat' dir='ltr'>qui</span> <span class='ocrx_word' id='word_1_637' title='bbox 1292 1701 1416 1741; x_wconf 84' lang='lat' dir='ltr'>deceptui</span> <span class='ocrx_word' id='word_1_638' title='bbox 1436 1702 1527 1731; x_wconf 79' lang='lat' dir='ltr'>faciles</span> <span class='ocrx_word' id='word_1_639' title='bbox 1541 1710 1626 1740; x_wconf 83' lang='lat' dir='ltr'>erant,</span> <span class='ocrx_word' id='word_1_640' title='bbox 1641 1703 1690 1732; x_wconf 84' lang='lat' dir='ltr'>has</span> 
     </span>
     <span class='ocr_line' id='line_1_87' title="bbox 946 1746 1689 1788; baseline 0 -11"><span class='ocrx_word' id='word_1_641' title='bbox 946 1759 1005 1786; x_wconf 81' lang='lat' dir='ltr'>quae</span> <span class='ocrx_word' id='word_1_642' title='bbox 1014 1747 1169 1777; x_wconf 85' lang='lat' dir='ltr'>accidebant</span> <span class='ocrx_word' id='word_1_643' title='bbox 1181 1747 1343 1776; x_wconf 81' lang='lat' dir='ltr'>calamitates</span> <span class='ocrx_word' id='word_1_644' title='bbox 1356 1758 1391 1776; x_wconf 83' lang='lat' dir='ltr'>ex</span> <span class='ocrx_word' id='word_1_645' title='bbox 1403 1746 1556 1776; x_wconf 79' lang='lat' dir='ltr'>daemonum</span> <span class='ocrx_word' id='word_1_646' title='bbox 1568 1748 1606 1777; x_wconf 83' lang='lat' dir='ltr'>ira</span> <span class='ocrx_word' id='word_1_647' title='bbox 1621 1759 1689 1788; x_wconf 78' lang='lat' dir='ltr'>pro·</span> 
     </span>
     <span class='ocr_line' id='line_1_88' title="bbox 947 1792 1689 1833; baseline 0.001 -10"><span class='ocrx_word' id='word_1_648' title='bbox 947 1794 1049 1828; x_wconf 84' lang='lat' dir='ltr'>venire,</span> <span class='ocrx_word' id='word_1_649' title='bbox 1063 1793 1136 1832; x_wconf 92' lang='lat' dir='ltr'>quod</span> <span class='ocrx_word' id='word_1_650' title='bbox 1150 1792 1183 1821; x_wconf 85' lang='lat' dir='ltr'>ab</span> <span class='ocrx_word' id='word_1_651' title='bbox 1203 1792 1270 1833; x_wconf 83' lang='lat' dir='ltr'>ipsis</span> <span class='ocrx_word' id='word_1_652' title='bbox 1293 1792 1490 1832; x_wconf 81' lang='lat' dir='ltr'>negligerentur</span> <span class='ocrx_word' id='word_1_653' title='bbox 1508 1804 1539 1822; x_wconf 85' lang='lat' dir='ltr'>ac</span> <span class='ocrx_word' id='word_1_654' title='bbox 1553 1793 1689 1833; x_wconf 86' lang='lat' dir='ltr'>despectui</span> 
     </span>
     <span class='ocr_line' id='line_1_89' title="bbox 947 1838 1690 1878; baseline 0.001 -10"><span class='ocrx_word' id='word_1_655' title='bbox 947 1839 1117 1869; x_wconf 83' lang='lat' dir='ltr'>haberentur.</span> <span class='ocrx_word' id='word_1_656' title='bbox 1141 1840 1216 1868; x_wconf 85' lang='lat' dir='ltr'>Hanc</span> <span class='ocrx_word' id='word_1_657' title='bbox 1248 1838 1331 1878; x_wconf 86' lang='lat' dir='ltr'>igitur</span> <span class='ocrx_word' id='word_1_658' title='bbox 1364 1838 1498 1868; x_wconf 80' lang='lat' dir='ltr'>fallaciam</span> <span class='ocrx_word' id='word_1_659' title='bbox 1533 1845 1562 1867; x_wconf 91' lang='lat' dir='ltr'>ut</span> <span class='ocrx_word' id='word_1_660' title='bbox 1585 1839 1690 1869; x_wconf 88' lang='lat' dir='ltr'>tolleret</span> 
     </span>
     <span class='ocr_line' id='line_1_90' title="bbox 948 1883 1687 1924; baseline 0 -9"><span class='ocrx_word' id='word_1_661' title='bbox 948 1887 1033 1923; x_wconf 88' lang='lat' dir='ltr'>Dens,</span> <span class='ocrx_word' id='word_1_662' title='bbox 1043 1893 1103 1915; x_wconf 85' lang='lat' dir='ltr'>ante</span> <span class='ocrx_word' id='word_1_663' title='bbox 1116 1885 1199 1914; x_wconf 86' lang='lat' dir='ltr'>multa</span> <span class='ocrx_word' id='word_1_664' title='bbox 1207 1891 1325 1924; x_wconf 85' lang='lat' dir='ltr'>tempora</span> <span class='ocrx_word' id='word_1_665' title='bbox 1332 1895 1391 1922; x_wconf 80' lang='lat' dir='ltr'>quac</span> <span class='ocrx_word' id='word_1_666' title='bbox 1401 1883 1457 1913; x_wconf 90' lang='lat' dir='ltr'>illis</span> <span class='ocrx_word' id='word_1_667' title='bbox 1467 1891 1592 1914; x_wconf 88' lang='lat' dir='ltr'>eventura</span> <span class='ocrx_word' id='word_1_668' title='bbox 1602 1893 1687 1921; x_wconf 88' lang='lat' dir='ltr'>erant,</span> 
     </span>
     <span class='ocr_line' id='line_1_91' title="bbox 948 1929 1688 1972; baseline 0 -11"><span class='ocrx_word' id='word_1_669' title='bbox 948 1932 1003 1961; x_wconf 91' lang='lat' dir='ltr'>imo</span> <span class='ocrx_word' id='word_1_670' title='bbox 1016 1932 1106 1972; x_wconf 85' lang='lat' dir='ltr'>potius</span> <span class='ocrx_word' id='word_1_671' title='bbox 1126 1942 1185 1971; x_wconf 80' lang='lat' dir='ltr'>quae</span> <span class='ocrx_word' id='word_1_672' title='bbox 1202 1931 1274 1971; x_wconf 86' lang='lat' dir='ltr'>ipsos</span> <span class='ocrx_word' id='word_1_673' title='bbox 1294 1929 1518 1970; x_wconf 85' lang='lat' dir='ltr'>comprehensura</span> <span class='ocrx_word' id='word_1_674' title='bbox 1530 1937 1605 1960; x_wconf 84' lang='lat' dir='ltr'>erant</span> <span class='ocrx_word' id='word_1_675' title='bbox 1619 1932 1688 1961; x_wconf 85' lang='lat' dir='ltr'>mala</span> 
     </span>
     <span class='ocr_line' id='line_1_92' title="bbox 947 1976 1689 2019; baseline -0.001 -11"><span class='ocrx_word' id='word_1_676' title='bbox 947 1979 1117 2019; x_wconf 81' lang='lat' dir='ltr'>praenuntiat,</span> <span class='ocrx_word' id='word_1_677' title='bbox 1132 1985 1163 2007; x_wconf 94' lang='lat' dir='ltr'>ut</span> <span class='ocrx_word' id='word_1_678' title='bbox 1182 1977 1229 2017; x_wconf 90' lang='lat' dir='ltr'>qui</span> <span class='ocrx_word' id='word_1_679' title='bbox 1251 1977 1313 2006; x_wconf 87' lang='lat' dir='ltr'>illos</span> <span class='ocrx_word' id='word_1_680' title='bbox 1326 1976 1495 2016; x_wconf 87' lang='lat' dir='ltr'>decipiebant</span> <span class='ocrx_word' id='word_1_681' title='bbox 1507 1987 1559 2006; x_wconf 89' lang='lat' dir='ltr'>non</span> <span class='ocrx_word' id='word_1_682' title='bbox 1583 1985 1689 2018; x_wconf 84' lang='lat' dir='ltr'>possent</span> 
     </span>
     <span class='ocr_line' id='line_1_93' title="bbox 947 2022 1689 2061; baseline -0.003 -6"><span class='ocrx_word' id='word_1_683' title='bbox 947 2026 995 2055; x_wconf 85' lang='lat' dir='ltr'>irae</span> <span class='ocrx_word' id='word_1_684' title='bbox 1012 2024 1164 2055; x_wconf 73' lang='lat' dir='ltr'>daemonum</span> <span class='ocrx_word' id='word_1_685' title='bbox 1185 2024 1235 2054; x_wconf 90' lang='lat' dir='ltr'>hos</span> <span class='ocrx_word' id='word_1_686' title='bbox 1249 2030 1359 2054; x_wconf 87' lang='lat' dir='ltr'>eventus</span> <span class='ocrx_word' id='word_1_687' title='bbox 1376 2022 1536 2053; x_wconf 77' lang='lat' dir='ltr'>adscribere.</span> <span class='ocrx_word' id='word_1_688' title='bbox 1548 2024 1630 2061; x_wconf 86' lang='lat' dir='ltr'>Quod</span> <span class='ocrx_word' id='word_1_689' title='bbox 1641 2036 1689 2053; x_wconf 87' lang='lat' dir='ltr'>au·</span> 
     </span>
     <span class='ocr_line' id='line_1_94' title="bbox 947 2069 1689 2112; baseline -0.001 -11"><span class='ocrx_word' id='word_1_690' title='bbox 947 2078 1002 2101; x_wconf 79' lang='lat' dir='ltr'>tem</span> <span class='ocrx_word' id='word_1_691' title='bbox 1013 2082 1065 2101; x_wconf 90' lang='lat' dir='ltr'>non</span> <span class='ocrx_word' id='word_1_692' title='bbox 1078 2082 1126 2112; x_wconf 82' lang='lat' dir='ltr'>per</span> <span class='ocrx_word' id='word_1_693' title='bbox 1138 2072 1317 2112; x_wconf 83' lang='lat' dir='ltr'>conjecturam</span> <span class='ocrx_word' id='word_1_694' title='bbox 1330 2070 1388 2099; x_wconf 83' lang='lat' dir='ltr'>haec</span> <span class='ocrx_word' id='word_1_695' title='bbox 1400 2069 1498 2108; x_wconf 79' lang='lat' dir='ltr'>dicam,</span> <span class='ocrx_word' id='word_1_696' title='bbox 1514 2070 1579 2100; x_wconf 87' lang='lat' dir='ltr'>audi</span> <span class='ocrx_word' id='word_1_697' title='bbox 1592 2071 1689 2100; x_wconf 84' lang='lat' dir='ltr'>Isaiam</span> 
     </span>
    </p>
   </div>
   <div class='ocr_carea' id='block_1_15' title="bbox 947 2116 1823 2180">
    <p class='ocr_par' dir='ltr' id='par_1_15' title="bbox 947 2116 1823 2180">
     <span class='ocr_line' id='line_1_95' title="bbox 947 2116 1823 2180; baseline -0.001 -32"><span class='ocrx_word' id='word_1_698' title='bbox 947 2119 1092 2149; x_wconf 80' lang='lat' dir='ltr'>dicentem:</span> <span class='ocrx_word' id='word_1_699' title='bbox 1105 2118 1170 2148; x_wconf 86' lang='lat' dir='ltr'>Scio</span> <span class='ocrx_word' id='word_1_700' title='bbox 1183 2119 1255 2158; x_wconf 80' lang='lat' dir='ltr'>quia</span> <span class='ocrx_word' id='word_1_701' title='bbox 1267 2118 1357 2146; x_wconf 80' lang='lat' dir='ltr'>durus</span> <span class='ocrx_word' id='word_1_702' title='bbox 1368 2126 1408 2153; x_wconf 78' lang='grc' dir='ltr'>ες,</span> <span class='ocrx_word' id='word_1_703' title='bbox 1421 2122 1449 2145; x_wconf 83' lang='grc' dir='ltr'>ει</span> <span class='ocrx_word' id='word_1_704' title='bbox 1463 2116 1688 2158; x_wconf 64' lang='lat' dir='ltr'>nervztsferrezcs</span> <span class='ocrx_word' id='word_1_705' title='bbox 1698 2127 1755 2180; x_wconf 53' lang='grc' dir='ltr'>ξιξ.</span> <span class='ocrx_word' id='word_1_706' title='bbox 1766 2125 1823 2155; x_wconf 52' lang='grc'>434</span> 
     </span>
    </p>
   </div>
   <div class='ocr_carea' id='block_1_16' title="bbox 948 2163 1690 2478">
    <p class='ocr_par' dir='ltr' id='par_1_16' title="bbox 948 2163 1690 2478">
     <span class='ocr_line' id='line_1_96' title="bbox 948 2163 1688 2205; baseline -0.003 -10"><span class='ocrx_word' id='word_1_707' title='bbox 948 2166 1056 2196; x_wconf 85' lang='lat' dir='ltr'>collum</span> <span class='ocrx_word' id='word_1_708' title='bbox 1068 2172 1159 2201; x_wconf 82' lang='lat' dir='ltr'>tuum,</span> <span class='ocrx_word' id='word_1_709' title='bbox 1172 2164 1291 2205; x_wconf 81' lang='lat' dir='ltr'>etfrons</span> <span class='ocrx_word' id='word_1_710' title='bbox 1307 2170 1358 2193; x_wconf 88' lang='lat' dir='ltr'>tua</span> <span class='ocrx_word' id='word_1_711' title='bbox 1367 2173 1459 2192; x_wconf 82' lang='lat' dir='ltr'>oenea.</span> <span class='ocrx_word' id='word_1_712' title='bbox 1472 2163 1544 2195; x_wconf 81' lang='lat' dir='ltr'>Ideo</span> <span class='ocrx_word' id='word_1_713' title='bbox 1555 2165 1592 2193; x_wconf 83' lang='lat' dir='ltr'>ab</span> <span class='ocrx_word' id='word_1_714' title='bbox 1604 2165 1688 2193; x_wconf 81' lang='lat' dir='ltr'>initio</span> 
     </span>
     <span class='ocr_line' id='line_1_97' title="bbox 950 2210 1689 2252; baseline -0.004 -10"><span class='ocrx_word' id='word_1_715' title='bbox 950 2212 1086 2252; x_wconf 81' lang='lat' dir='ltr'>loquutus</span> <span class='ocrx_word' id='word_1_716' title='bbox 1099 2222 1164 2241; x_wconf 80' lang='lat' dir='ltr'>sum</span> <span class='ocrx_word' id='word_1_717' title='bbox 1185 2212 1246 2246; x_wconf 83' lang='lat' dir='ltr'>tibi,</span> <span class='ocrx_word' id='word_1_718' title='bbox 1260 2221 1296 2239; x_wconf 83' lang='lat' dir='ltr'>ne</span> <span class='ocrx_word' id='word_1_719' title='bbox 1305 2211 1387 2239; x_wconf 82' lang='lat' dir='ltr'>dicas</span> <span class='ocrx_word' id='word_1_720' title='bbox 1398 2221 1406 2238; x_wconf 89' lang='lat'>:</span> <span class='ocrx_word' id='word_1_721' title='bbox 1419 2210 1507 2239; x_wconf 87' lang='lat' dir='ltr'>Idola</span> <span class='ocrx_word' id='word_1_722' title='bbox 1527 2211 1599 2239; x_wconf 82' lang='lat' dir='ltr'>mihi</span> <span class='ocrx_word' id='word_1_723' title='bbox 1602 2211 1689 2250; x_wconf 82' lang='lat' dir='ltr'>sece-</span> 
     </span>
     <span class='ocr_line' id='line_1_98' title="bbox 949 2256 1686 2299; baseline -0.007 -9"><span class='ocrx_word' id='word_1_724' title='bbox 949 2266 1026 2295; x_wconf 83' lang='lat' dir='ltr'>runt,</span> <span class='ocrx_word' id='word_1_725' title='bbox 1041 2266 1069 2288; x_wconf 80' lang='lat' dir='ltr'>et</span> <span class='ocrx_word' id='word_1_726' title='bbox 1080 2259 1230 2298; x_wconf 83' lang='lat' dir='ltr'>sculptilia</span> <span class='ocrx_word' id='word_1_727' title='bbox 1240 2263 1268 2287; x_wconf 81' lang='lat' dir='ltr'>et</span> <span class='ocrx_word' id='word_1_728' title='bbox 1279 2256 1443 2299; x_wconf 71' lang='lat' dir='ltr'>corfiatilia</span> <span class='ocrx_word' id='word_1_729' title='bbox 1461 2257 1686 2297; x_wconf 39' lang='lat' dir='ltr'>mibi-fecerunt.</span> 
     </span>
     <span class='ocr_line' id='line_1_99' title="bbox 948 2302 1688 2347; baseline -0.011 -9"><span class='ocrx_word' id='word_1_730' title='bbox 948 2307 1053 2347; x_wconf 79' lang='lat' dir='ltr'>Neque</span> <span class='ocrx_word' id='word_1_731' title='bbox 1072 2307 1159 2342; x_wconf 84' lang='lat' dir='ltr'>nosti,</span> <span class='ocrx_word' id='word_1_732' title='bbox 1187 2314 1281 2344; x_wconf 83' lang='lat' dir='ltr'>neque</span> <span class='ocrx_word' id='word_1_733' title='bbox 1304 2304 1408 2333; x_wconf 79' lang='lat' dir='ltr'>audita</span> <span class='ocrx_word' id='word_1_734' title='bbox 1430 2302 1521 2343; x_wconf 84' lang='lat' dir='ltr'>suere</span> <span class='ocrx_word' id='word_1_735' title='bbox 1539 2304 1601 2332; x_wconf 75' lang='lat' dir='ltr'>tibi.</span> <span class='ocrx_word' id='word_1_736' title='bbox 1617 2302 1688 2339; x_wconf 82' lang='lat' dir='ltr'>Quia</span> 
     </span>
     <span class='ocr_line' id='line_1_100' title="bbox 948 2347 1690 2393; baseline -0.008 -11"><span class='ocrx_word' id='word_1_737' title='bbox 948 2353 1042 2393; x_wconf 86' lang='lat' dir='ltr'>igitur,</span> <span class='ocrx_word' id='word_1_738' title='bbox 1069 2358 1099 2381; x_wconf 90' lang='lat' dir='ltr'>ut</span> <span class='ocrx_word' id='word_1_739' title='bbox 1118 2350 1251 2387; x_wconf 87' lang='lat' dir='ltr'>dicebam,</span> <span class='ocrx_word' id='word_1_740' title='bbox 1276 2356 1358 2388; x_wconf 87' lang='lat' dir='ltr'>utque</span> <span class='ocrx_word' id='word_1_741' title='bbox 1371 2359 1404 2378; x_wconf 86' lang='lat' dir='ltr'>ex</span> <span class='ocrx_word' id='word_1_742' title='bbox 1424 2347 1574 2377; x_wconf 87' lang='lat' dir='ltr'>testimonio</span> <span class='ocrx_word' id='word_1_743' title='bbox 1597 2347 1690 2377; x_wconf 85' lang='lat' dir='ltr'>videre</span> 
     </span>
     <span class='ocr_line' id='line_1_101' title="bbox 948 2393 1689 2436; baseline -0.011 -7"><span class='ocrx_word' id='word_1_744' title='bbox 948 2406 998 2436; x_wconf 89' lang='lat' dir='ltr'>est,</span> <span class='ocrx_word' id='word_1_745' title='bbox 1012 2397 1179 2428; x_wconf 77' lang='lat' dir='ltr'>daemonibus</span> <span class='ocrx_word' id='word_1_746' title='bbox 1191 2396 1238 2432; x_wconf 79' lang='lat' dir='ltr'>illa</span> <span class='ocrx_word' id='word_1_747' title='bbox 1244 2394 1441 2431; x_wconf 82' lang='lat' dir='ltr'>adscribebant,</span> <span class='ocrx_word' id='word_1_748' title='bbox 1462 2393 1535 2424; x_wconf 86' lang='lat' dir='ltr'>venit</span> <span class='ocrx_word' id='word_1_749' title='bbox 1549 2393 1689 2432; x_wconf 87' lang='lat' dir='ltr'>prophetia</span> 
     </span>
     <span class='ocr_line' id='line_1_102' title="bbox 948 2438 1689 2478; baseline -0.009 -4"><span class='ocrx_word' id='word_1_750' title='bbox 948 2445 1018 2474; x_wconf 88' lang='lat' dir='ltr'>hanc</span> <span class='ocrx_word' id='word_1_751' title='bbox 1042 2444 1138 2474; x_wconf 87' lang='lat' dir='ltr'>tollens</span> <span class='ocrx_word' id='word_1_752' title='bbox 1150 2441 1283 2478; x_wconf 82' lang='lat' dir='ltr'>fraudem,</span> <span class='ocrx_word' id='word_1_753' title='bbox 1304 2447 1330 2469; x_wconf 90' lang='lat' dir='ltr'>ct</span> <span class='ocrx_word' id='word_1_754' title='bbox 1343 2450 1372 2469; x_wconf 89' lang='lat' dir='ltr'>ea</span> <span class='ocrx_word' id='word_1_755' title='bbox 1392 2446 1452 2468; x_wconf 80' lang='lat' dir='ltr'>ante</span> <span class='ocrx_word' id='word_1_756' title='bbox 1463 2438 1548 2467; x_wconf 85' lang='lat' dir='ltr'>multa</span> <span class='ocrx_word' id='word_1_757' title='bbox 1572 2445 1689 2478; x_wconf 82' lang='lat' dir='ltr'>tempora</span> 
     </span>
    </p>
   </div>
   <div class='ocr_carea' id='block_1_17' title="bbox 935 2527 1558 2567">
    <p class='ocr_par' dir='ltr' id='par_1_17' title="bbox 935 2527 1558 2567">
     <span class='ocr_line' id='line_1_103' title="bbox 935 2527 1558 2567; baseline -0.019 -4"><span class='ocrx_word' id='word_1_758' title='bbox 935 2539 1001 2562; x_wconf 70' lang='grc' dir='ltr'>λοντα</span> <span class='ocrx_word' id='word_1_759' title='bbox 1015 2537 1093 2564; x_wconf 74' lang='grc' dir='ltr'>αὐτοὺς</span> <span class='ocrx_word' id='word_1_760' title='bbox 1106 2537 1285 2567; x_wconf 66' lang='grc' dir='ltr'>καταλήψεσθαι,</span> <span class='ocrx_word' id='word_1_761' title='bbox 1295 2530 1390 2556; x_wconf 84' lang='lat' dir='ltr'>omissis</span> <span class='ocrx_word' id='word_1_762' title='bbox 1400 2527 1558 2561; x_wconf 81' lang='lat' dir='ltr'>quibusdam.</span> 
     </span>
    </p>
   </div>
   <div class='ocr_carea' id='block_1_18' title="bbox 1511 2582 1545 2629">
    <p class='ocr_par' dir='ltr' id='par_1_18' title="bbox 1511 2582 1545 2629">
     <span class='ocr_line' id='line_1_104' title="bbox 1511 2582 1545 2629; baseline -0.029 0"><span class='ocrx_word' id='word_1_763' title='bbox 1511 2582 1545 2629; x_wconf 70' lang='lat' dir='ltr'>s.</span> 
     </span>
    </p>
   </div>
  </div>
 </body>
</html>
