1890 2826
569 199 612 223 DE
639 199 743 222 MUNDI
770 197 962 221 CRRA'HONB
988 199 1115 221 ORATIO
1142 199 1177 221 11.

83 265 159 295 αὐτὸν
174 262 368 304 παρασκευάζει
387 260 539 294 ἀποπτύσαι
561 261 605 290 τὸν
619 260 657 289 ἰόν
666 272 673 278 ·
687 254 745 288 εἶτα
757 258 846 298 παχὺν

82 312 144 340 ὄντα
157 309 295 344 λεπτύνει,
307 307 411 347 ἀμὸλὺν
431 307 494 337 ὄντα
511 305 595 340 ὀξύνει
605 328 613 342 ,
629 305 762 335 σκοτεινὸν
786 304 848 333 ὄντα

81 355 243 396 λαμπρύνει,
264 353 379 393 σμήχει,
402 352 552 393 φαιδρύνει,
573 351 666 386 ὄξύνει.
688 350 781 383 Οὕτως
803 345 848 378 οὖν
864 354 883 377 C

82 403 152 432 ἔστιν
166 403 180 430 ὁ
190 404 237 430 τοῦ
250 402 322 431 Θεοῦ
335 399 427 439 λόγος,
441 400 524 429 ποιῶν
535 398 584 434 τὴν
594 397 683 438 ψυχὴν
696 395 850 426 ἀποπτύσαι

82 447 126 477 τὸν
140 447 178 476 ἰὸν
193 449 242 482 τῆς
263 446 393 486 ἁμαρτίας
403 467 411 481 ,
423 445 552 484 dumetum
575 439 655 473 οὖσαν
669 442 775 479 ὀξύνων,
794 454 849 471 πα-

81 497 157 533 χεῖαν
169 488 249 522 οὖσαν
266 490 410 527 λεπτύνων,
425 489 566 527 ,σκοτεινὴν
581 485 661 519 οὖσαν
678 487 849 528 λαμπρύνων.

83 538 211 568 Βούλεται
233 537 261 567 δὲ
282 539 380 576 ἦμᾶςὸ
400 540 446 566 τοῦ
460 538 531 567 Θεοῦ
544 536 621 575 λόγος
643 534 781 574 λαμπροὺς
802 534 849 572 μὲν

83 579 150 612 εἶναι
162 583 232 613 κατὰ
244 582 294 619 τὴν
308 582 487 618 α’ποστολικὴν
499 585 511 598 “
521 581 635 611 διάθεσιν
648 581 697 616 τὴν
708 579 836 619 λέγουσαν
844 590 850 597 ·

83 629 142 660 Ἵνα
155 625 202 665 ἦτε
223 631 260 663 ὡς
282 630 421 669 φωστῆρες
434 629 462 658 ἐν
475 628 587 668 κόσμῳ,
600 627 676 666 λόγον
699 628 767 661 ζωῆς
791 625 852 655 ἐπέ-

82 687 181 716 χοντες.
201 675 269 705 Ἰδοὺ
281 678 299 710 ἡ
312 674 479 714 λαμπρότης.
495 674 624 704 Βούλεται
636 676 708 712 ἡμᾶς
726 667 794 701 εἶναι
812 671 850 710 μὴ

83 723 212 762 ἀμὸλεῖς,
227 722 285 751 ἀλλ’
306 721 372 755 ὀξεῖς
382 732 389 739 ·
404 722 464 750 Ζῶν
482 720 548 761 γὰρ,
564 719 657 762 φησὶν,
671 721 685 749 ὁ
706 718 782 757 λόγος
805 721 852 747 τοῦ

84 770 166 804 Θεοῦ,
176 767 222 797 καὶ
240 766 363 806 ἐνεργὴς,
377 766 422 796 καὶ
434 766 583 806 τομώτερος
597 764 664 805 ὑπὲρ
684 770 773 794 πᾶσαν
798 764 851 803 μά-

85 826 181 854 χαιραν
203 813 337 852 δίστομον.
350 811 479 842 Βούλεται
492 815 563 850 ἡμᾶς
585 814 681 851 παχεῖς
707 809 745 849 μὴ
770 805 853 846 εἶναι,

1574 186 1637 222 521

899 258 1020 298 biginem
1034 265 1142 299 respuat
1156 271 1162 287 :
1179 258 1277 288 deinde
1291 269 1410 288 crassum
1424 265 1560 296 extenuat,
1569 259 1645 288 obtu-

901 314 961 333 sum
982 304 1064 339 acuit,
1077 304 1223 334 obscurum
1235 304 1325 334 reddit
1335 304 1469 342 lucidum,
1483 305 1642 341 abstersum,

900 350 1028 386 nitidum,
1038 357 1160 380 acutum.
1173 351 1218 381 Sic
1231 361 1259 380 se
1272 351 1353 380 habet
1366 351 1417 380 Dei
1437 361 1524 380 sermo
1542 363 1548 379 z
1564 351 1645 380 efficit

901 403 931 425 ut
944 397 1033 425 anima
1052 396 1205 436 rubiginem
1222 396 1323 437 peccati
1336 403 1453 436 respuat,
1469 396 1593 425 obtusam
1608 396 1644 424 il-

901 444 956 473 lam
977 443 1060 479 acuit,
1089 454 1206 472 crassam
1228 443 1355 472 subtilem
1379 442 1484 477 reddit,
1504 442 1646 471 obscuram

900 489 1043 530 splendore
1054 489 1146 518 afficit.
1155 489 1227 519 Vult
1239 496 1329 518 autem
1339 488 1391 518 Dei
1402 498 1489 518 sermo
1501 498 1549 517 nos
1561 487 1648 527 splen-

900 537 981 567 didos
996 547 1054 566 esse
1066 536 1215 566 seeundum
1234 535 1349 576 apostoli
1363 536 1490 565 affectum
1507 534 1622 564 dicentis
1639 544 1646 561 =

905 585 944 613 Ut
951 585 1016 613 sitis
1026 585 1101 612 sicut
1110 582 1271 611 luminaria
1279 583 1311 610 ιἠ.
1322 582 1440 616 mundo,
1447 582 1569 610 verbum
1579 582 1650 609 vitoe
1661 587 1763 616 Philipp.
1777 593 1798 607 ιι,

901 631 1091 659 continentes.
1102 628 1173 659 Ecce
1185 627 1357 667 splendorem
1367 627 1374 656 l
1384 627 1455 657 Vult
1468 637 1517 655 nos
1529 636 1585 658 esse
1597 635 1648 654 non
1664 617 1699 640 ¹⁵¹
1714 619 1749 641 ’θ’

901 675 1010 705 obtusos
1022 697 1029 711 ‚
1054 674 1101 704 sed
1126 680 1218 703 acutos
1233 685 1239 701 ε
1255 683 1317 701 nam
1345 673 1436 702 Vivus
1445 695 1453 709 ,
1474 672 1564 710 inquit
1574 694 1581 708 ,
1608 678 1650 701 est
1662 681 1756 711 nem-,4
1765 688 1799 704 η,

902 731 994 750 sermo
1018 722 1085 757 Dei,
1098 727 1126 749 el
1151 719 1271 760 efficax,
1283 725 1312 748 et
1337 718 1549 757 penetrabilior
1573 720 1651 746 omni

902 767 1003 807 gladio
1021 769 1156 806 ancipiti.
1172 765 1243 796 Vult
1259 775 1308 794 nos
1327 775 1380 794 non
1398 775 1500 794 crassos
1519 774 1587 800 esse,
1605 765 1652 794 sed

902 813 1235 852 cogitationibusmemem
1245 811 1374 840 subtilem
1384 810 1505 840 reddere.
1513 810 1570 839 Ubi
1580 810 1651 838 enim

86 859 154 889 ἀλλὰ
162 859 300 889 λὶπτύνεῑ*
313 858 360 894 τὴν
375 858 489 887 διάνοιαν
503 862 557 891 τοῖς
567 857 691 896 νοήμασι·
704 856 792 886 εΌτῑτου
802 855 853 895 γὰρ
870 863 888 886 D
902 859 1035 889 crassities
1045 882 1053 895 ‚
1068 859 1107 888 ibi
1125 858 1212 887 aliena
1226 869 1241 886 a
1255 858 1306 887 Dei
1323 857 1410 887 verbo
1428 867 1505 885 mens
1525 863 1579 893 est;
1604 856 1651 885 ubi

86 906 226 946 παχύτης,
238 904 364 945 ἀλλοτρία
382 905 453 934 Θεοῦ
474 903 570 941 λόγου·
585 903 650 933 ὅπου
676 903 704 933 δὲ
725 904 855 941 λεπτομε-

88 952 134 991 ρὴς
146 951 260 988 διάνοια,
273 950 357 980 οἰκεία
371 951 442 980 Θεοῦ
457 949 548 989 νόμον.
562 949 615 979 Διὰ
635 952 713 978 τοῦτο
726 948 788 988 περὶ
801 950 854 977 τῶν

86 997 242 1038 παχυτέρων
255 997 328 1037 λέγει
340 999 358 1033 ἦ
377 996 472 1036 Γραφή
481 1008 487 1014 ·
500 995 554 1025 Καὶ
571 995 666 1035 ἔφαγεν
680 995 779 1025 Ἰακὼῧ
790 1018 797 1030 ,
810 995 856 1024 καὶ

87 1044 250 1080 ἐνεπλήσθη,
263 1043 391 1078 ἐλιπάνθη
402 1064 410 1078 ,
426 1041 561 1081 ἐπαχύνθη
570 1064 577 1077 ,
601 1040 763 1081 ἐπλατύνθη·
779 1042 857 1079 ἐγκα-

87 1090 177 1119 τέλιπε
190 1090 260 1119 Θεὸν
283 1089 329 1118 τὸν
347 1087 496 1123 ποιήσαντα
517 1086 603 1116 αὐτόν.
617 1085 691 1126 Φέρε
703 1085 789 1115 τοίνυν
811 1085 857 1115 καὶ

87 1137 164 1174 ἡμῶν
177 1138 192 1165 ὃ
203 1138 270 1168 θεῖος
287 1134 364 1173 λόγος
384 1132 583 1171 καταλαμπέτω
596 1131 645 1167 τὴν
668 1132 794 1167 διάνοιαν,
811 1131 857 1161 καὶ

89 1181 205 1220 μάλιστα
223 1183 271 1216 τῆς
285 1179 360 1218 ἁγίας
371 1178 469 1214 ταύτης
488 1177 663 1218 προκειμένης
683 1177 806 1213 νηστείας
815 1199 823 1213 ,
838 1177 856 1212 ἣ

89 1226 211 1256 λεπτύνει
223 1226 257 1255 τὰ
270 1225 384 1264 σώματα
395 1224 441 1254 καὶ
463 1223 546 1258 ὄξύνει
553 1222 588 1252 τὰ
601 1222 766 1263 φρονήματα.
777 1222 857 1252 Ἐστι

88 1273 139 1312 γὰρ
152 1272 198 1302 καὶ
209 1270 318 1307 νηστεία
331 1270 427 1303 παντὸς
442 1270 574 1308 ἁγιασμοῦ
587 1268 692 1309 τροφὸς,
705 1268 751 1298 καὶ
768 1268 858 1307 μήτ-ηρ

89 1318 210 1351 εὖσεὸοῧς
225 1316 350 1349 διανοίας.
363 1317 404 1345 Ob
419 1317 537 1351 ζητεῖται
547 1316 604 1348 πῶς
616 1314 802 1353 νηστεύσωμεν
813 1314 859 1352 μό-

89 1376 143 1399 νον,
157 1363 225 1393 ἀλλὰ
238 1364 294 1395 πῶς
306 1360 422 1394 εὖσεὸῶς
432 1356 629 1399 νηστεύσωμεν.
641 1359 742 1389 Πολλοὶ
755 1359 800 1389 καὶ
815 1359 859 1389 διὰ

903 912 994 934 autem
1007 905 1116 935 subtilis
1127 911 1178 940 est,
1187 910 1249 944 apta
1264 903 1316 943 legi
1331 903 1432 933 divinoe
1445 902 1570 931 efficitur.
1588 901 1652 931 Ideo

904 951 938 980 de
951 951 1128 981 crassioribus
1139 951 1207 980 dicit
1226 950 1366 989 Scriptura
1380 962 1388 978 .-
1404 950 1432 978 Ε
1435 955 1446 978 t
1460 949 1584 978 comedit
1598 949 1651 978 Ja-
1663 959 1731 980 Dent.
1749 958 1787 980 32,

904 999 969 1035 coh,
984 1005 1012 1027 et
1031 1004 1182 1028 saturatus
1204 1003 1258 1034 est,
1273 1003 1301 1025 et
1320 998 1530 1036 impinguatus,
1542 997 1653 1025 incras-
1667 988 1702 1012 ¹5·

905 1052 997 1083 satus,
1020 1045 1164 1075 dilatatus
1172 1050 1216 1073 est
1227 1055 1235 1071 .·
1243 1043 1399 1083 dereliquit
1408 1043 1504 1072 Deum
1501 1043 1654 1084 factorem

905 1103 997 1122 suum.
1015 1094 1071 1131 Age
1084 1102 1149 1131 ergo
1161 1097 1280 1120 nostram
1293 1100 1400 1129 quoque
1414 1090 1466 1119 Dei
1482 1100 1569 1119 sermo
1589 1089 1655 1119 illu-

905 1144 971 1168 stret
983 1144 1112 1174 mentem,
1121 1137 1238 1167 maxime
1251 1135 1390 1176 proposito
1396 1135 1594 1175 jejunio‚quod
1604 1146 1654 1165 ert-1

906 1190 997 1213 tenuat
1009 1189 1167 1222 corpora‚et
1179 1188 1296 1211 mentem
1310 1180 1428 1210 exacuit.
1445 1181 1493 1210 Est
1507 1180 1580 1210 enim
1591 1181 1654 1210 abs·
1687 1192 1804 1215 Abstine-1⁴

905 1228 1018 1258 tinentia
1038 1227 1136 1268 jejunii
1156 1227 1246 1256 omnis
1267 1226 1485 1256 sanctificationis
1509 1227 1613 1262 nutrix,
1629 1234 1656 1256 et
1666 1225 1694 1261 ΕΞ·
1737 1229 1808 1260 ‘⁰²¹5‘

907 1280 992 1303 mater
1006 1273 1058 1314 piae
1075 1273 1183 1302 mentis.
1199 1272 1267 1302 Non
1282 1271 1417 1311 quaeritur
1432 1272 1571 1311 quomodo
1581 1273 1654 1312 jeju·
1665 1263 1705 1285 ¹²¹oe
1718 1260 1806 1277 'mnus'

907 1329 1003 1350 nemus
1019 1325 1136 1355 tantum,
1150 1318 1197 1347 sed
1217 1328 1299 1357 quam
1321 1318 1367 1358 pie
1385 1318 1549 1358 jejunemus.
1570 1317 1651 1349 Multi

908 1366 944 1395 ob
958 1365 1071 1405 publiea
1082 1375 1175 1394 rerum
1189 1363 1293 1404 negotia
1304 1365 1439 1406 jejunant3
1453 1363 1499 1393 sed
1511 1374 1564 1393 non
1575 1375 1654 1404 repu-

89 1409 217 1449 δημοσίας
238 1408 330 1449 χροίας
354 1407 519 1447 πραγμάτων
539 1406 721 1442 νηστεύουσιν,
748 1407 806 1436 ἀλλ’
828 1408 857 1436 οὗ
874 1413 892 1435 E
907 1418 980 1441 tatur
990 1411 1030 1441 eis
1041 1411 1069 1439 in
1079 1410 1227 1450 jejunium.
1244 1411 1350 1450 Scopus
1358 1411 1429 1439 enim
1435 1410 1586 1450 judicatur,
1601 1421 1653 1440 non

89 1456 220 1496 λογίζεται
233 1456 320 1488 αὐτοῖς
334 1455 371 1487 εἷς
383 1452 515 1489 νηστείαν.
531 1452 566 1482 ‘0
580 1451 632 1492 γὰρ
647 1452 746 1486 σκοπὸς
769 1452 858 1492 κρίνε-

90 1503 211 1541 ται,οὖχ
224 1504 242 1537 ἡ
263 1501 366 1539 ἀνάγκη
389 1501 573 1539 στεφανοῦται.
589 1498 667 1528 Μετὰ
689 1498 788 1534 ταύτης
811 1500 859 1534 τῆς

90 1549 266 1588 ἇγιοπρεποῦς
284 1544 472 1577 καταπόσεως
492 1546 506 1573 ὁ
520 1544 649 1583 μακάριος
672 1545 791 1579 Μωϋσῆς
814 1543 858 1573 τὸν

91 1595 170 1632 νόμον
182 1591 334 1623 ἐπαιδεύετο
347 1592 375 1620 ἐν
391 1592 430 1630 τῷ
450 1590 522 1629 ὄρει,
542 1590 588 1619 καὶ
612 1589 661 1625 τὴν
687 1589 858 1628 δημιουργίαν

92 1639 252 1669 ἐδιδάσκετο.
267 1636 383 1676 Εἴρηται
394 1635 480 1665 τοίνυν
501 1637 566 1673 ἡμῖν
578 1637 612 1675 τῇ
627 1634 687 1675 χθὲς
700 1634 804 1674 ἡμέρᾳ,
818 1634 860 1663 ὅτι

90 1690 104 1716 ὃ
117 1685 186 1718 Θεὸς
200 1683 303 1723 μέλλων
315 1682 414 1711 διδόναι
428 1681 473 1710 τὸν
487 1681 565 1719 νόμον
577 1680 620 1710 διὰ
632 1679 767 1713 Μωῦσέως
775 1701 784 1715 ,
797 1679 860 1720 πρό-

907 1457 1051 1487 necessitas
1070 1463 1223 1486 coronatur.
1234 1457 1266 1485 In
1286 1456 1337 1485 hoc
1358 1462 1449 1486 sancto
1471 1463 1540 1485 statu
1561 1457 1654 1486 beatus

907 1504 1016 1543 Moyses
1027 1502 1055 1531 in
1063 1509 1152 1531 monte
1162 1508 1189 1530 et
1197 1501 1283 1541 legem
1294 1501 1442 1531 docebatur
1452 1509 1478 1531 et
1486 1502 1654 1532 ereationem.

907 1550 1037 1579 Diximus
1057 1559 1122 1588 ergo
1146 1548 1269 1577 hesterna
1297 1548 1341 1577 die
1359 1549 1465 1584 Deum,
1485 1559 1548 1577 cum
1568 1548 1655 1587 legem

909 1606 956 1635 per
978 1596 1102 1634 Moysem
1116 1594 1229 1623 daturus
1248 1599 1327 1629 esset,
1348 1593 1436 1632 primo
1456 1603 1484 1622 se
1502 1594 1655 1622 Creatorem

908 1640 1065 1676 ostendisse,
1080 1650 1111 1668 ae
1125 1638 1222 1668 deinde
1238 1638 1597 1677 Legislatorem.Quomodo
1610 1649 1656 1678 po-

907 1693 993 1716 terant
1006 1687 1023 1716 J
1026 1685 1095 1715 udaei
1107 1685 1227 1721 credere,
1243 1684 1333 1713 Deum
1346 1684 1440 1713 fecisse
1453 1685 1549 1714 coelum
1563 1692 1588 1714 et
1602 1691 1655 1714 ter-

92 1743 165 1771 τερον
182 1729 277 1763 ἔδειξεν
292 1728 383 1757 ἑαυτὸν
393 1726 561 1766 δημιουργὸν,
572 1725 618 1755 καὶ
629 1725 689 1755 τότε
702 1725 857 1764 νομοθέτην·
864 1753 900 1773 ¹04⁶
909 1744 968 1762 ram
981 1739 1009 1761 et
1020 1731 1109 1761 omnia
1120 1741 1180 1769 quae
1191 1730 1219 1759 in
1233 1729 1272 1759 eis
1284 1736 1358 1767 sunt,
1372 1730 1424 1759 nisi
1436 1730 1513 1770 prius
1527 1730 1657 1760 miracula

93 1778 176 1807 Πόθεν
197 1775 326 1812 ἠδύναντο
348 1774 373 1802 οἱ
386 1772 519 1802 ’1013δαῖομ
530 1774 672 1801 πιστεῦσαι
682 1793 691 1808 ,
711 1771 753 1800 ὅτι
763 1773 777 1800 ὃ
790 1770 859 1804 Θεὸς
874 1781 894 1803 Α
908 1778 1035 1808 edidisset
1049 1777 1077 1806 in
1098 1777 1231 1816 AEgypto,
1245 1779 1306 1814 quae
1316 1775 1405 1815 ipsum
1417 1786 1473 1805 esse
1486 1776 1560 1806 orbis
1574 1778 1657 1806 Crea-

92 1823 199 1859 ἐποίησε
212 1821 256 1851 τὸν
266 1819 374 1860 οὐρανὸν
386 1818 432 1848 καὶ
445 1817 494 1854 τὴν
505 1820 556 1856 γῆν
570 1817 616 1847 καὶ
629 1817 717 1847 πάντα
730 1817 763 1846 τὰ
775 1818 802 1846 ἐν
814 1819 861 1846 αὖ-

91 1874 158 1906 τοῖς,
176 1870 199 1898 εἷ
230 1867 267 1908 μὴ
294 1868 399 1906 πρῶτον
425 1865 532 1900 ἐποίησε
556 1863 591 1893 τὰ
614 1863 737 1903 θαύματα
765 1864 791 1892 ἐν
812 1865 861 1893 Αἷ-

92 1916 197 1956 γύπτῳ,
215 1913 352 1943 δεικνύντα
365 1911 444 1941 αὐτὸν
459 1909 618 1950 δημιουργὸν
632 1911 680 1944 τῆς
693 1909 860 1948 οἰκουμένης

92 1962 186 2001 Ἡμεῖς
199 1959 355 1998 διδάσκομεν
375 1957 419 1987 ἵνα
442 1956 575 1995 πείσωμεν
586 1967 592 1974 ·
608 1958 622 1985 ὁ
639 1955 708 1989 Θεὸς
721 1955 805 1984 πείθει
819 1955 861 1985 ἵνα

92 2007 194 2044 διδάξῃ.
209 2004 321 2040 Ἐπειδὴ
340 2003 435 2042 ἔμελλε
459 2003 578 2037 Μωῦσῆς
592 2000 738 2031 ἐκτίθεσθαι
757 2000 802 2030 καὶ
815 2000 862 2031 λέο

92 2066 158 2093 γειν,
171 2052 212 2083 ὅτι
225 2054 240 2081 δ
253 2050 323 2084 Θεὸς
337 2048 446 2085 ἐποίησε
473 2048 518 2077 τὸν
539 2047 662 2087 οὐρανὸν,
675 2047 721 2076 καὶ
740 2047 788 2083 τὴν
802 2049 861 2087 γῆν,

94 2099 138 2129 καὶ
151 2099 200 2135 τὴν
222 2097 368 2130 θάλασσαν,
381 2094 428 2124 καὶ
441 2094 529 2124 πάντα
551 2093 586 2123 τὰ
609 2094 637 2122 ἔν
660 2094 765 2130 αὐτοῖς,
780 2095 803 2123 εἶ
824 2093 861 2131 μὴ

94 2146 196 2184 πρῶτον
211 2142 319 2178 ἐποίησε
333 2141 367 2171 τὰ
381 2140 503 2179 θαύματα
524 2140 551 2168 ἐν
573 2138 717 2179 Αἰγύπτῳ,
731 2138 777 2168 καὶ
798 2138 863 2168 ἔδει·

95 2191 135 2225 ξεν
148 2189 188 2219 ὅτι
201 2189 307 2218 πάντων
321 2186 378 2216 ἐστὶ
390 2189 443 2215 τῶν
457 2185 610 2224 κτισμάτων
628 2184 801 2224 δημιουργὸς,
815 2186 863 2214 οὐκ

95 2236 126 2265 ἂν
138 2234 291 2265 ἐπίστευσεν
300 2235 315 2262 ὁ
327 2232 390 2265 λαὸς
398 2254 407 2268 ,
419 2230 460 2261 ὅτι
472 2233 487 2260 ὃ
501 2231 570 2264 Θεὸς
582 2230 690 2265 ἐποίησε
700 2230 744 2260 τὸν
755 2230 863 2270 οὐρανὸν
881 2244 883 2246 ·

95 2281 140 2311 καὶ
146 2281 195 2317 τὴν
202 2282 261 2319 γῆν.
272 2280 305 2308 Ei
314 2277 352 2316 μὴ
362 2276 471 2311 ἐξέτεινε
477 2277 581 2316 πρῶτον
591 2277 709 2311 Μωῢσῆς
716 2275 763 2309 τὰς
771 2279 863 2316 χεῖρας

95 2329 131 2361 εἷς
142 2327 187 2356 τὸν
198 2324 315 2366 οὐρανὸν,
326 2323 372 2353 καὶ
385 2321 532 2361 κατήνεγκε
546 2321 666 2362 χάλαζαν
681 2321 726 2351 καὶ
736 2324 801 2361 πῦρ,
814 2320 861 2350 καὶ

95 2376 190 2412 ἔμαθον
204 2373 228 2401 οἱ
246 2370 306 2400 λαοὶ
322 2368 365 2398 διὰ
380 2371 427 2398 τοῦ
441 2370 535 2397 πιστοῦ
549 2367 707 2408 θεράποντος
716 2390 724 2404 ,
736 2366 776 2396 ὅτι
795 2365 862 2403 αὕτη

96 2421 113 2454 ἢ
128 2418 210 2454 θνητὴ
224 2416 294 2451 δεξιὰ
304 2417 375 2455 λόγῳ
387 2415 458 2444 Θεοῦ
477 2415 612 2449 κινηθεῖσα
626 2412 670 2442 τὸν
683 2412 791 2452 οὐρανὸν
803 2412 862 2441 ἐτά-

98 2463 158 2503 ραξε
177 2463 222 2493 καὶ
237 2462 285 2498 τὴν
306 2459 478 2500 δημιουργίαν
492 2458 620 2488 ἰθόλωσεν
630 2469 636 2476 ·
651 2459 742 2497 πολλῷ
763 2458 863 2496 μᾶλλον

96 2519 114 2551 ἡ
128 2518 172 2544 τοῦ
191 2516 262 2544 Θεοῦ
289 2512 459 2544 κελεύσαντος
488 2510 559 2544 δεξιὰ
576 2510 676 2550 1ἤδραοέ
694 2509 738 2539 τὸν
756 2509 863 2549 οὐρανὸν

132 2604 141 2613 ··
154 2597 261 2620 motem,
276 2590 440 2618 Combefiaius
451 2588 582 2623 legendum
597 2594 668 2622 putat
679 2590 784 2620 διάταξιν.

909 1831 996 1855 torem
1016 1822 1245 1863 comprobarent?
1259 1823 1393 1851 Docemus
1416 1832 1464 1851 nos
1489 1830 1518 1852 ut
1542 1823 1656 1853 suadea-

910 1881 970 1900 mus
984 1880 990 1897 =
1015 1871 1090 1899 Deus
1124 1867 1234 1906 suadet,
1258 1875 1287 1897 ut
1312 1867 1406 1897 doceat
1444 1869 1516 1905 Quia
1546 1870 1658 1910 Moyses

910 1915 1084 1956 expositurus
1100 1914 1281 1953 dicturusque
1293 1921 1371 1951 erat,
1386 1916 1474 1944 Deum
1493 1916 1586 1945 fecisse
1605 1927 1656 1946 cae-

910 1963 980 1999 lum,
998 1968 1025 1991 et
1044 1968 1155 1998 terram,
1178 1967 1205 1990 et
1226 1958 1312 1997 mare,
1325 1967 1351 1989 et
1370 1960 1460 1990 omnia
1484 1972 1544 2000 quae
1568 1962 1596 1991 in
1619 1962 1657 1992 eis

910 2017 982 2046 sunt,
995 2009 1046 2038 nisi
1071 2009 1147 2049 prius
1172 2007 1308 2037 mirabilia
1329 2014 1459 2047 patrasset
1479 2009 1507 2037 in
1525 2009 1655 2050 AEgypto,

910 2063 936 2086 et
948 2055 1158 2085 demonstrasset
1170 2053 1262 2094 ipsum
1274 2064 1331 2083 esse
1344 2053 1465 2082 omnium
1480 2065 1570 2084 rerum
1583 2067 1657 2085 crea—

911 2109 1000 2132 tarum
1023 2100 1172 2140 Opificem,
1196 2109 1248 2128 non
1274 2098 1427 2129 crediturus
1451 2107 1507 2129 erat
1540 2102 1657 2142 populus

914 2151 1003 2178 Deum
1021 2146 1220 2177 fecismeaelum
1234 2152 1262 2175 et
1280 2152 1390 2175 terram.
1407 2146 1420 2162 *
1437 2146 1568 2177 Extendit
1581 2148 1657 2188 prius
1684 2166 1811 2187 ‚mosmo-

912 2197 1021 2235 Moyses
1034 2203 1129 2223 manus
1140 2202 1202 2222 suas
1217 2191 1245 2221 in
1259 2191 1365 2227 eaehum,
1378 2199 1404 2222 et
1417 2191 1525 2222 demisit
1546 2194 1657 2233 grandi·
1669 2198 1724 2233 [iani
1744 2197 1812 2226 1=¹¹mz

913 2251 974 2271 nem
985 2247 1012 2271 et
1024 2241 1124 2280 ignem,
1139 2238 1289 2277 didicitque
1299 2239 1415 2278 populus
1429 2249 1477 2278 per
1485 2238 1591 2268 fidelem
1601 2251 1658 2269 ser·
1668 2236 1761 2287 ζ’,ἱζηῗζζῗ
1775 2235 1808 2248 ⁵⁰*

915 2297 991 2324 vum,
1005 2286 1081 2316 illam
1093 2285 1233 2314 mortalem
1246 2283 1385 2313 dexteram
1393 2284 1476 2314 verbo
1489 2285 1538 2313 Dei
1548 2292 1656 2322 motam,
1668 2290 1719 2317 quia
1730 2296 1752 2309 sc
1760 2274 1810 2324 ‘ipse

914 2333 1010 2362 eaelum
1033 2331 1201 2366 turbavisse,
1226 2336 1252 2358 et
1272 2336 1420 2358 creaturam
1438 2329 1636 2359 commiscuisse
1650 2343 1655 2359 :
1669 2327 1712 2370 {¹2:³¹⁰
1734 2327 1807 2347 ³⁰‘¹'¹¹'

915 2376 1052 2415 multoque
1077 2374 1175 2415 potiori
1203 2372 1305 2403 ratione
1327 2372 1507 2413 Dcijubentis
1521 2372 1659 2402 dexteram

916 2420 1064 2450 firmavisse
1082 2419 1177 2448 coehum
1188 2425 1214 2447 et
1227 2417 1351 2446 fundasse
1363 2423 1473 2445 terram.
1490 2416 1573 2444 Nemo
1587 2417 1659 2445 enim

916 2471 1065 2495 creaturam
1078 2469 1167 2493 movet
1183 2461 1231 2500 qui
1248 2470 1299 2489 non
1314 2466 1406 2493 auctor
1424 2460 1482 2498 ejus
1497 2458 1541 2488 sit.
1557 2460 1661 2488 Osten-

916 2508 1036 2540 dendum
1053 2517 1116 2546 ergo
1129 2512 1186 2535 erat
1208 2506 1294 2533 Deum
1308 2503 1400 2531 secisse
1415 2509 1513 2531 terrain
1525 2514 1531 2531 :
1544 2502 1662 2532 extendit
