1890 2826
235 154 305 189 32ss

233 234 408 266 sexcentaque
421 226 548 256 miracula
562 226 841 267 patrata‚diversaeque
849 227 901 257 Dei
914 237 977 267 ope-

234 273 348 303 rationes
356 285 365 312 ;
378 279 488 314 propter
495 283 577 310 quam
584 282 632 301 nec
638 273 785 312 Unigenito
793 283 842 302 suo
848 273 976 314 pepercit.

233 319 327 359 Cogita
338 326 468 358 quantum
481 328 531 358 pro
550 328 604 358 uno
616 317 651 347 sit
667 318 785 359 pretium
795 319 913 355 solutum
922 342 930 356 ‚
945 330 976 348 ac

234 375 266 394 ne
280 365 458 405 parvipendas
476 366 533 405 ejus
547 364 670 398 salutem,
686 364 735 394 sed
745 364 884 395 discedens
899 366 977 395 nobis

233 411 315 440 reduc
339 411 435 448 illum,
451 411 534 440 suade
558 410 600 439 illi
625 421 659 440 ne
672 411 700 440 in
714 411 788 452 paria
816 411 934 449 incidat,
950 419 976 441 et

231 457 406 486 sufficientem
428 457 558 486 habemus
581 456 772 486 defensionem.
793 457 841 487 Sin
866 467 914 486 nee
927 468 976 487 nos

231 504 398 533 consulentes
408 526 415 540 ‚
439 514 488 533 nec
513 513 562 533 vos
586 503 721 533 hortantes
744 504 811 533 ferat
827 527 836 540 ,
849 511 977 544 potestate

231 547 340 579 demum
365 556 427 579 utar
439 560 469 579 ea
482 572 489 585 ‚
504 561 586 589 quam
599 551 673 579 Deus
693 550 771 580 nobis
783 550 858 580 dedit
872 561 924 580 non
940 551 975 580 ad

230 594 451 630 destructionem,
475 595 522 625 scd
546 595 581 625 ad
601 595 813 626 aedificationem.

269 729 299 756 4.
315 727 379 757 Ideo
393 727 510 768 praedico
521 750 529 765 ,
552 735 578 758 et
589 724 730 768 p'erspicua
750 738 815 759 voce
827 728 913 758 clamo
927 729 973 759 :Si

229 773 290 811 quis
301 781 360 813 post
373 775 442 804 hanc
452 774 663 804 cohortationem
674 781 754 813 atque
765 774 926 811 doctrinam,
939 774 974 804 ad

228 821 348 859 iniquam
382 821 546 852 theatrorum
572 821 717 862 perniciem
749 821 893 857 defecerit,
920 832 972 851 non

227 867 306 896 illum
320 867 388 898 intra
399 868 456 898 haec
466 875 540 908 septa
554 868 682 908 recipiam
691 891 699 905 ‚
715 879 768 898 non
781 869 974 899 administrabo

227 913 250 941 ci
274 914 419 953 mysteria,
446 924 499 944 non
523 915 675 955 permittam
689 921 719 944 ut
740 926 842 944 sacram
855 925 973 944 mensam

227 959 355 1000 attingam
369 961 416 990 scd
434 961 663 1000 quemadmodum
677 969 796 1002 pastores
809 972 873 992 oves
886 962 974 992 scabie

227 1006 318 1045 plenas
341 1018 355 1036 a
367 1007 438 1037 sanis
463 1014 645 1046 sequestrant,
674 1018 708 1037 ne
730 1007 832 1037 caeteris
848 1008 972 1038 morbum

227 1053 423 1083 communicent
439 1065 445 1081 ι
463 1054 500 1083 ita
514 1061 540 1084 et
550 1064 599 1094 ego
606 1054 712 1085 faciam.
724 1056 794 1084 Nam
805 1054 827 1084 si
835 1054 972 1094 quondam

227 1099 348 1138 leprosus
373 1107 448 1129 extra
479 1107 565 1130 castra
590 1100 682 1130 sedere
701 1101 848 1140 jubebatur
857 1123 866 1138 ‚
892 1108 973 1140 atque

226 1145 331 1174 etiamsi
353 1156 403 1175 rex
423 1153 511 1183 esset,
535 1157 599 1176 cum
619 1146 770 1176 diademate
793 1147 970 1187 ejiciebatur3

564 165 592 188 S.
621 165 763 188 JOANNIS
788 165 972 189 CHRYSOST.
1003 166 1157 189 ARCHIEP.
1184 166 1457 191 CONSTANTlNOP.

1029 228 1062 256 δι’
1077 228 1110 264 ἣν
1122 228 1214 267 νόμοι,
1227 228 1273 258 καὶ
1289 229 1474 269 ’3’τιμωρίαι,
1489 228 1534 258 καὶ
1553 229 1687 266 κολάσεις,
1702 229 1746 259 καὶ
1767 229 1801 259 τὰ

1030 273 1111 314 μυρία
1130 273 1266 312 θαύματα,
1292 275 1337 304 καὶ
1359 276 1386 304 αἱ
1400 275 1520 305 ποικίλαι
1532 278 1578 304 τοῦ
1590 277 1660 305 Θεοῦ
1675 287 1800 316 πραγμα-

1028 323 1110 348 τεῖαι·
1136 319 1171 348 δι’
1185 319 1218 355 ἣν
1231 320 1291 350 οὐδὲ
1303 323 1350 350 τοῦ
1373 322 1536 360 Μονογενοῦς
1553 321 1685 361 ἐφείσατο.
1705 321 1800 351 Ἐννό-

1027 376 1092 400 ησον
1103 364 1153 401 ὅση
1173 365 1238 404 τιμὴ
1262 366 1459 402 καταόέὸληται
1473 366 1518 396 καὶ
1531 366 1597 407 ὑπὲρ
1608 371 1654 397 τοῦ
1668 367 1739 402 ἑνὸς,
1755 367 1800 397 καὶ

1028 408 1065 447 μὴ
1089 409 1248 449 καταφρόνει
1260 412 1308 446 τῆς
1328 410 1461 450 σωτηρίας
1474 412 1570 446 αὐτοῦ,
1594 413 1654 441 ἀλλ’
1681 412 1800 441 ἀπελθὼν

1025 456 1091 493 ἡμῖν
1101 454 1250 495 ἐπανάγαγε
1258 477 1267 491 ,
1282 456 1328 485 καὶ
1339 460 1429 486 πεῖσον
1442 456 1538 495 μηκέτι
1550 461 1605 490 τοῖς
1626 454 1713 491 αὐτοῖς
1725 469 1800 497 περι-

1026 503 1116 529 πεσεῖν
1124 521 1132 535 ,
1159 500 1204 529 καὶ
1227 502 1359 541 ἀρκοῦσαν
1373 502 1469 542 ἔχομεν
1483 502 1636 542 ἀπολογίαν.
1662 504 1696 533 E}
1719 502 1746 533 δὲ
1761 502 1799 542 μὴ

1029 547 1063 565 ¹³²
1069 545 1201 586 ἀνέχοιτο,
1218 546 1286 586 μηδὲ
1297 549 1375 586 ἡμῶν
1389 548 1637 587 συμὸουλευόντων,
1648 548 1715 588 μηδὲ
1725 550 1800 588 ὑμῖν

1025 592 1221 631 παραινούντων
1229 614 1238 628 ,
1248 595 1281 632 τῇ
1294 588 1400 634 ἐξουσίᾳ7
1410 594 1546 634 χρήσομαι
1554 595 1646 624 λοιπὸν
1658 616 1666 630 ,
1678 591 1697 634 ᾗ
1708 596 1722 624 ὁ
1732 594 1801 628 θεὸς

991 642 1010 664 1)
1026 640 1090 676 ἡμῖν
1116 637 1212 668 ἔδωκεν
1230 640 1278 668 οὐκ
1301 641 1338 673 εἰς
1354 639 1563 680 133>ι.οιθιιίρεσιν,
1584 641 1643 670 ἀλλ’
1669 642 1706 674 εἰς
1731 642 1801 671 οἷκο-

1025 683 1119 722 δομήν.

1064 728 1116 758 Διὰ
1132 729 1159 758 δὲ
1172 732 1250 758 τοῦτο
1262 730 1397 770 προλέγω,
1415 730 1461 760 καὶ
1472 731 1585 771 λαμπρᾷ
1597 733 1652 771 βοῶ
1665 734 1698 772 τῇ
1709 733 1782 772 φωνῇ
1792 754 1799 767 ,

1023 775 1065 804 ὅτι
1077 774 1102 804 εἴ
1114 787 1153 808 τις
1169 775 1236 814 μετὰ
1251 775 1300 812 τὴν
1314 775 1469 816 παραίνεσιν
1483 776 1583 814 ταύτην
1606 777 1652 807 καὶ
1676 778 1800 807 διδασκα-

1023 821 1082 851 λίαν
1097 822 1140 851 ἐπὶ
1159 822 1208 857 τὴν
1227 825 1381 863 παράνομον
1399 826 1453 854 τῶν
1475 823 1590 864 Θεᾶτρων
1609 824 1800 864 αὐτομολήσειε

1023 867 1127 907 λύμην,
1140 870 1170 898 οὔ
1185 868 1293 907 δέξομαι
1316 870 1394 899 αὐτὸν
1406 869 1470 900 εἴσω
1486 870 1597 900 τουτωνὶ
1608 873 1662 901 τῶν
1678 871 1713 896 ¹³⁴
1722 882 1798 911 περι·
1837 886 1840 891 -

1023 913 1118 950 δόλων,
1128 915 1158 943 οὗ
1172 914 1318 953 μεταδώσω
1326 915 1488 956 μυστηρίων,
1499 917 1547 946 οὔκ
1561 916 1657 957 ἀφήσω
1667 919 1716 953 τῆς
1728 917 1800 956 ἱερᾶς

1023 958 1142 999 ἅψασθαι
1154 959 1301 1000 ,τραπέζης’
1316 961 1374 990 ἀλλ’
1388 961 1479 1002 ὥσπερ
1492 962 1517 991 οἱ
1530 962 1654 1001 ποιμένες
1662 962 1696 991 τὰ
1709 961 1800 1003 ψώρας

1023 1005 1236 1044 ἐμπεπλησμένα
1259 1005 1381 1046 πρόὸατα
1403 1008 1457 1036 τῶν
1476 1007 1646 1046 ὑγιαινόντων
1659 1007 1800 1048 ἀπείργω-

1025 1063 1083 1086 σιν,
1097 1051 1167 1082 ὥστε
1195 1051 1232 1091 μὴ
1261 1053 1421 1091 μεταδοῦναι
1438 1058 1492 1088 τοῖς
1515 1055 1617 1088 λοιποῖς
1636 1056 1684 1090 τῆς
1706 1054 1798 1084 νόσου·

1023 1097 1092 1127 οὕτω
1107 1097 1139 1134 δὴ
1154 1098 1302 1138 ἐργάσομαι
1320 1098 1404 1138 κάγώ.
1431 1100 1467 1129 Εἰ
1486 1099 1540 1140 γὰρ
1555 1100 1587 1130 τὸ
1606 1099 1719 1130 παλαιὸν
1731 1102 1747 1130 ὁ
1757 1101 1799 1129 λε-

1022 1143 1088 1184 πρὸς
1107 1143 1157 1177 ἔξω
1180 1145 1229 1180 τῆς
1245 1145 1417 1184 παρεμὸολῆς
1439 1146 1575 1176 ἐκελεύετο
1591 1148 1705 1184 κσᾶἥναι
1715 1169 1725 1184 ,
1750 1146 1798 1177 κᾶν

227 1191 312 1219 multo
325 1192 411 1231 magis
436 1201 484 1221 nos
497 1203 559 1221 eum
572 1192 619 1230 qui
643 1192 732 1221 anima
745 1193 868 1232 leprosus
885 1199 972 1223 estex
988 1199 1006 1222 E
1026 1190 1060 1209 ¹3⁵
1083 1188 1206 1228 βασιλεὺς
1230 1185 1276 1226 ἦν,
1299 1190 1455 1224 ἕξεὸἄλλετο
1468 1192 1536 1231 μετὰ
1556 1195 1603 1222 ’τοῦ
1624 1193 1799 1232 διαδήματος,

229 1236 272 1265 his
284 1237 366 1266 sacris
376 1237 469 1266 castris
477 1237 686 1266 eliminabimus.
695 1239 735 1267 Ut
743 1239 815 1267 enim
828 1239 917 1278 primo
922 1249 972 1268 co-

226 1282 375 1312 hortatione
386 1290 412 1312 ct
431 1283 543 1312 oonsilio
556 1294 621 1312 usus
644 1294 704 1312 sum
716 1295 723 1312 ε
738 1284 777 1314 sie
791 1290 817 1313 et
829 1294 901 1314 nunc
911 1291 972 1324 post

226 1335 326 1358 tantam
338 1329 551 1359 adhortationem
561 1336 587 1359 et
595 1329 745 1359 doctrinam
758 1340 864 1360 necesse
875 1338 914 1360 est
923 1331 971 1360 de-

227 1385 302 1404 mum
314 1376 456 1404 sectionem
469 1376 549 1404 etiam
559 1375 690 1415 infligete.
706 1376 815 1405 Etenim
823 1387 910 1406 annus
917 1383 973 1406 tan-

226 1420 288 1450 dem
301 1428 340 1451 est
351 1422 458 1462 elapsus
475 1431 509 1450 ex
523 1432 576 1460 quo
599 1422 627 1450 in
646 1429 762 1452 vestram
771 1422 907 1452 civitatem
920 1422 971 1452 ad-

227 1474 319 1497 vectus
332 1478 403 1505 sum,
417 1478 503 1507 neque
513 1468 614 1497 cessavi
625 1468 676 1498 hac
685 1468 719 1498 de
729 1479 759 1498 re
764 1479 813 1499 vos
819 1469 972 1507 frequenter

227 1513 373 1544 cohortari.
398 1514 469 1551 Quia
482 1513 567 1553 igitur
580 1513 691 1553 quidam
712 1514 740 1544 in
759 1514 810 1543 hac
823 1514 896 1544 sanie
908 1525 970 1555 per-

226 1567 398 1597 manserunt,
415 1570 462 1599 age
475 1559 585 1589 demum
599 1560 740 1589 sectionem
750 1560 904 1590 inferamus.
922 1561 987 1602 Et-²

1020 1236 1113 1274 πολλῷ
1135 1236 1236 1273 μᾶλλον
1255 1238 1333 1275 ἡμεῖς
1349 1236 1395 1266 τὸν
1419 1236 1470 1274 τὴν
1486 1238 1576 1278 ψυχὴν
1609 1238 1646 1259 ¹³⁶
1652 1240 1798 1279 λεπροῦπα

1020 1279 1119 1315 ταύτης
1128 1280 1291 1320 ἐκὸαλοῧμεν
1303 1284 1351 1317 τῆς
1363 1284 1434 1323 ἱερᾶς
1442 1284 1623 1324 παρεμὸολῆς.
1630 1284 1738 1325 Ὥσπερ
1746 1285 1798 1325 γὰρ

1023 1326 1057 1352 ¹³7
1065 1325 1113 1362 τὴν
1136 1326 1220 1366 ἀρχὴν
1235 1327 1390 1368 παραινέσει
1411 1329 1457 1359 καὶ
1479 1330 1601 1371 συμὸολῇ
1622 1330 1780 1372 ἐχρησάμην
1789 1353 1797 1367 ,

1020 1370 1090 1401 οὕτω
1103 1372 1148 1402 καὶ
1160 1375 1205 1402 νῦν
1219 1373 1288 1412 μετὰ
1305 1374 1436 1411 τοσαύτην
1447 1376 1602 1416 παραίνεσιν
1611 1377 1657 1407 καὶ
1673 1378 1798 1408 διδασκα-

1021 1417 1080 1447 λίαν
1091 1418 1194 1458 ἀνάγκη
1206 1419 1298 1449 λοιπὸν
1311 1420 1356 1450 καὶ
1367 1421 1452 1461 τομὴν
1463 1423 1617 1462 ἐπαγαγεῖν.
1634 1424 1671 1443 ¹³⁸
1679 1423 1735 1453 Καὶ
1744 1423 1798 1464 γὰρ

1021 1464 1139 1494 ἐνιαυτὸν
1159 1464 1214 1504 ἔχω
1237 1465 1329 1496 λοιπὸν
1350 1468 1398 1502 τῆς
1416 1466 1518 1501 πόλεως
1531 1468 1626 1502 ε’πιὸὰς
1643 1470 1692 1505 τῆς
1707 1469 1798 1507 ὑμετέ-

1022 1521 1084 1549 ρας,
1106 1510 1151 1539 καὶ
1164 1512 1193 1541 οὐ
1205 1511 1321 1542 διέλιπον
1340 1513 1469 1547 πολλάκις
1484 1514 1521 1541 ¹³9
1529 1514 1574 1544 καὶ
1585 1517 1702 1555 συνεχῶς
1712 1518 1798 1545 ταῦτα

1022 1557 1084 1594 ὑμῖν
1097 1558 1242 1596 παραινῶν.
1258 1557 1337 1587 Ἐπεὶ
1347 1554 1391 1587 οῧν
1402 1559 1576 1598 ἐναπέμεινάν
1583 1571 1651 1594 τινες
1659 1563 1694 1601 τῇ
1707 1561 1743 1586 ¹⁴⁰
1749 1573 1798 1597 ση-

225 1604 247 1633 si
269 1605 341 1633 enim
367 1604 467 1634 ferrum
487 1614 539 1634 non
558 1604 671 1633 habeam
683 1626 691 1641 ,
713 1611 741 1633 at
760 1605 872 1634 verbum
885 1604 970 1634 habeo
985 1612 1006 1636 Α
1021 1601 1187 1642 πεδόνῑ,φε’ρε
1197 1603 1289 1633 λοιπὸν
1298 1603 1347 1640 τὴν
1360 1603 1444 1643 τομὴν
1456 1605 1641 1645 ἓπαγάγωμεν.
1647 1607 1682 1636 Εἰ
1694 1606 1746 1647 γὰρ
1758 1607 1796 1646 μὴ

226 1648 298 1677 ferro
311 1648 433 1677 acutius:
449 1648 498 1677 etsi
512 1648 602 1687 iguem
618 1658 670 1677 non
683 1648 767 1678 feram
779 1671 787 1686 ‚
809 1655 836 1678 at
847 1648 969 1678 doctrina

226 1692 301 1721 adest
326 1692 395 1721 mihi
419 1692 481 1731 igne
503 1692 648 1722 ferventior
665 1714 673 1728 ,
698 1703 759 1731 quae
781 1693 965 1723 vehementius

261 1786 289 1800 ¹³¹
308 1783 427 1819 τιμωρίαι]
439 1784 509 1808 Loco
520 1783 625 1809 laudato
637 1783 690 1808 sola
700 1783 746 1808 Dei
757 1782 877 1809 beneficia
889 1792 985 1810 memo-

227 1829 275 1849 rat.
288 1822 339 1849 Sed
358 1831 403 1847 uec
415 1822 463 1847 hoc
474 1822 592 1847 alienum.
610 1823 745 1847 Poenarum
757 1823 824 1847 enim
838 1822 934 1849 mentio
946 1825 985 1849 in-

226 1862 289 1887 citat.
299 1861 426 1886 auditores
435 1880 441 1890 ,
454 1867 483 1885 ut.
494 1860 665 1885 misericordia
681 1861 732 1893 ejus
744 1867 905 1887 moveantur.

261 1902 291 1916 ¹³²
308 1903 411 1933 ἀνέχοιτο
421 1901 431 1932 ]
443 1903 455 1926 ὁ
466 1903 599 1931 πλανηθεὶς,
612 1902 625 1926 ὃ
634 1903 780 1934 ἡμαρτηκὼς.

261 1941 291 1955 13³
308 1943 435 1974 xaozlpwu·
445 1938 454 1973 ]
464 1947 495 1963 ex
506 1940 520 1963 2
531 1939 591 1964 Cor.
608 1939 646 1970 ¹0,
661 1939 686 1964 8.
699 1939 735 1963 Iis
745 1945 829 1963 antem
839 1959 846 1971 ,
859 1948 914 1972 quae
925 1949 985 1965 mox

227 1979 351 2012 leguntur,
364 1977 453 2002 similia
465 1977 543 2002 habet.
554 1983 574 2003 t.
583 1978 620 2008 11,
630 1986 656 2010 p.
667 1978 725 2009 206,
737 1979 765 2010 Α,
774 1982 878 2015 προλέγω
888 1983 926 2006 καὶ
937 1982 986 2007 δια-

228 2021 392 2053 μαρτύρομαι,
403 2021 440 2043 καὶ
451 2020 550 2052 λαμπρᾷ
558 2021 606 2051 βοῶ
619 2022 648 2051 τῇ
660 2023 730 2052 φωνῇ.

225 2056 227 2058 ’
262 2058 293 2077 ¹³⁵
311 2057 452 2092 περιὸὸλων]
466 2057 522 2081 Hoc
534 2055 595 2089 quid
606 2055 640 2081 sit
649 2075 655 2087 ,
668 2057 723 2089 ipse
733 2065 794 2082 mox
805 2057 915 2090 explicat
925 2067 931 2082 :
943 2058 984 2084 in-

228 2095 318 2130 telligit
335 2097 401 2121 enim
418 2096 502 2121 locum
522 2097 548 2120 in
566 2095 670 2121 ecclesia
683 2102 795 2128 septum,
809 2097 849 2122 vel
858 2097 902 2122 ubi
913 2104 985 2123 erant

227 2135 367 2166 auditores,
381 2134 420 2160 vel
432 2143 482 2167 quo
493 2133 623 2159 intrabant
641 2143 716 2159 sacrae
735 2144 814 2160 coeuae
828 2145 902 2161 causa
918 2145 923 2160 :
936 2148 984 2170 μυ-

228 2182 318 2211 στήριον
332 2175 400 2200 enim
417 2182 514 2199 sacram
535 2182 635 2198 coenam
651 2174 770 2206 appellat..
788 2175 984 2201 similitudinem

229 2216 346 2249 pastoris,
359 2222 413 2247 quae
423 2221 484 2238 mox
491 2212 591 2245 legitur,
604 2218 699 2238 tractat
709 2214 786 2238 etiam
796 2219 815 2239 t.
830 2215 875 2246 IV,
888 2224 914 2247 p.
923 2217 983 2246 769,

227 2256 256 2282 Δ.
270 2253 342 2279 Idem
354 2259 373 2278 t.
386 2253 443 2283 ΙΙΙ,
459 2261 485 2284 p.
504 2252 545 2282 50,
563 2252 591 2283 B,
610 2251 643 2276 de
654 2252 818 2278 multitudine
837 2253 985 2279 auditorum

227 2292 312 2324 habet,
326 2295 404 2323 μεστοὶ
415 2295 436 2318 οὶ
446 2293 569 2326 περὶὅολοι-
587 2290 655 2317 Ibid.
676 2300 701 2323 p.
723 2293 764 2324 60,
778 2291 808 2324 D,
822 2295 939 2327 περίθολος
948 2299 986 2319 cst

228 2332 260 2358 de
276 2338 330 2358 tota
342 2331 403 2364 aede,
415 2331 534 2356 nimirum
546 2329 578 2354 de
589 2330 758 2356 vetustissimo
768 2331 907 2357 Antiochiae
920 2339 986 2358 tcm-

229 2371 281 2405 plo.
293 2371 328 2396 Et.
340 2377 359 2397 t.
372 2370 404 2401 V,
424 2379 450 2403 p.
472 2369 530 2399 38⁴,
547 2369 578 2401 D,
597 2371 655 2395 οἶκον
671 2374 753 2404 Κυρίου
766 2378 826 2394 mox
841 2377 984 2404 permutat,

229 2411 316 2436 diceus
327 2417 372 2437 τῶν
383 2414 447 2446 ἱερῶν
461 2411 594 2444 περιδόλων.
607 2409 639 2433 Τ.
659 2409 692 2439 Χ,
714 2418 740 2441 p.
759 2410 816 2441 568,
827 2410 856 2442 C,
870 2409 902 2435 de
918 2419 944 2435 re
953 2413 986 2436 si-

230 2449 283 2475 mili
299 2455 338 2475 est
349 2451 450 2476 τὲπειδάν
461 2451 568 2483 εἵρξωμεν
581 2454 625 2474 τῶν
637 2451 700 2482 ἱερῶν
716 2451 840 2484 περιδόλων
851 2451 902 2479 τοὺς
913 2453 937 2476 οὐ
949 2453 986 2477 δυ-

230 2494 335 2522 ναμένους
345 2495 386 2518 τῆς
397 2491 458 2522 ίιρᾶς
468 2492 590 2520 μετασχεῖν
600 2491 724 2521 τραπέζης.

265 2529 295 2544 ¹³⁵
311 2526 434 2561 βασιλεὺς]
451 2524 570 2560 Notabile
592 2530 630 2550 est
652 2524 794 2557 exemplum
810 2526 886 2551 Oziae.
912 2527 988 2553 Para-

231 2567 274 2600 lip.
294 2568 331 2596 11,
346 2567 387 2597 26,
410 2563 533 2598 ⁴93'seq({.
556 2563 651 2598 [Coisl.
667 2573 680 2588 n
692 2565 773 2597 prima
795 2574 870 2591 manu
887 2570 923 2592 >ml
941 2572 966 2600 β.
977 2587 982 2596 ,

1022 1647 1138 1687 σιδήριον
1153 1648 1223 1688 ἔχω,
1236 1650 1294 1678 ἀλλ’
1309 1649 1364 1690 ἔχω
1379 1650 1413 1675 ¹4¹
1423 1650 1501 1691 λόγον
1512 1651 1621 1692 σιδήρου
1634 1652 1797 1693 τομώτερον·

1021 1695 1045 1722 εἷ
1058 1693 1104 1723 καὶ
1118 1693 1156 1733 μὴ
1178 1695 1213 1720 ¹4¹
1219 1698 1273 1735 πῦρ
1287 1696 1428 1736 βαστάζω,
1441 1697 1502 1727 ἀλλ’
1514 1697 1572 1727 ἔστι
1586 1709 1631 1737 μοι
1640 1698 1797 1729 διδασκαλία

1034 1790 1142 1810 correct.
1159 1789 1201 1812 κᾶν
1210 1791 1238 1819 β.
1251 1786 1262 1820 ]

1069 1824 1100 1840 ‘³⁸
1118 1826 1262 1860 ληροῦντα]
1278 1826 1351 1859 Apud
1374 1827 1443 1852 Lxx
1464 1828 1589 1861 reperitur
1616 1832 1708 1866 λιπράω
1719 1835 1745 1855 et
1757 1833 1794 1856 λε-

1033 1870 1106 1899 πρόω.
1117 1865 1280 1891 Intransitive
1288 1872 1327 1891 est.
1339 1866 1420 1893 Exod.
1433 1869 1457 1898 4,
1470 1869 1485 1892 6
1497 1880 1502 1894 :
1515 1871 1566 1903 χεὶρ
1578 1871 1693 1904 λιπρῶσα.
1701 1869 1797 1894 Trans-

1033 1904 1094 1929 itive
1107 1902 1185 1929 habet
1195 1904 1299 1938 Gregor.
1314 1906 1377 1932 Naz.
1396 1915 1421 1939 p.
1436 1907 1479 1932 ¹7¹
1494 1915 1499 1931 2
1513 1907 1578 1937 οὗτος
1588 1911 1626 1934 καὶ
1637 1913 1735 1944 Μαριὰμ
1747 1912 1797 1935 ἐλέ-

1034 1953 1121 1977 πρωθδ-

1069 1983 1100 2004 ¹³⁷
1117 1982 1169 2015 [τὴν
1180 1986 1254 2018 ἀρχήν
1272 1983 1388 2009 dedimus
1410 1992 1457 2017 pro
1478 1990 1507 2019 τῇ
1524 1988 1587 2021 ἀρχῇ
1607 1993 1621 2010 e
1637 1984 1714 2011 Coisl.
1732 1995 1792 2012 cor-

1035 2027 1105 2046 recto
1115 2030 1130 2046 a
1141 2021 1252 2047 secunda
1267 2030 1352 2047 manu.
1363 2023 1372 2055 ]

1067 2059 1099 2076 ¹³⁸
1116 2060 1441 2096 lvzaurvaChrysostomus
1459 2062 1485 2087 ἰιι
1503 2061 1650 2095 episcopum
1667 2063 1794 2090 Consum—

1034 2099 1229 2132 tinopolitanum
1248 2107 1382 2133 promotus
1399 2101 1481 2126 suerat
1493 2109 1561 2127 anno
1573 2102 1632 2133 398,
1645 2103 1737 2128 mensis
1748 2104 1796 2129 Fe-

1033 2136 1129 2163 bruarii
1140 2139 1181 2164 die
1193 2140 1234 2170 26,
1247 2145 1275 2164 ιιι
1285 2141 1321 2164 ait.
1329 2139 1447 2165 Socrates
1458 2140 1475 2165 l.
1489 2141 1515 2171 6,
1528 2149 1551 2165 c.
1565 2141 1590 2165 2.
1603 2141 1792 2175 Momefizlcon.

1068 2180 1099 2199 ¹³⁹
1115 2179 1125 2211 [
1135 2183 1174 2205 καί
1182 2178 1328 2204 addidimus
1339 2188 1353 2204 e
1362 2180 1439 2205 Coisl.
1454 2179 1463 2214 ]

1068 2218 1098 2238 ¹⁴⁰
1115 2221 1218 2248 σηπεδόνι
1226 2217 1236 2252 ]
1245 2219 1325 2244 Recte
1340 2219 1389 2245 hoc
1409 2218 1497 2252 utitur,
1517 2219 1575 2245 loco
1587 2227 1618 2256 τῇ·
1628 2226 1706 2255 umiqn-
1719 2222 1755 2246 De
1766 2230 1793 2247 se

1032 2257 1114 2289 enim,
1128 2263 1156 2282 ut
1164 2256 1196 2282 de
1213 2256 1321 2290 medico,
1335 2257 1456 2292 loquitur,
1466 2259 1510 2292 qui
1530 2259 1646 2286 membra
1660 2259 1793 2294 putredine

1034 2302 1149 2330 correpta
1170 2303 1293 2330 amputat.
1311 2299 1391 2332 Igitur
1408 2296 1448 2324 bis
1470 2298 1549 2324 etiam
1566 2306 1604 2326 est
1620 2307 1689 2334 τομή.
1707 2299 1794 2325 Placet.

1033 2336 1111 2360 etiam
1130 2341 1195 2366 τινές.
1211 2337 1265 2362 Nec
1284 2337 1351 2362 enim
1369 2346 1456 2363 omues
1473 2344 1585 2364 accusat.
1605 2338 1703 2373 ἐπάγειν
1720 2345 1794 2373 τομήν

1034 2374 1112 2400 habet
1128 2376 1204 2400 etiam
1217 2381 1237 2400 t.
1254 2376 1305 2408 111,
1320 2385 1346 2409 p.
1360 2377 1418 2408 260,
1429 2377 1457 2402 A.

1068 2414 1096 2434 ¹⁴¹
1117 2415 1203 2448 λόγον]
1221 2413 1304 2440 Verba
1320 2414 1407 2442 divina
1426 2415 1553 2450 intelligit.
1576 2415 1706 2449 Expressit
1723 2418 1791 2442 enim

1033 2451 1112 2478 Hebr.
1126 2455 1151 2486 4,
1163 2454 1203 2478 ⁴2.

1068 2492 1099 2512 ¹⁴²
1117 2491 1173 2528 πῦρ]
1181 2493 1247 2518 Nam
1259 2492 1359 2526 medici,
1370 2499 1423 2525 aut,
1437 2499 1465 2519 ut.
1476 2501 1523 2519 nos
1533 2492 1669 2527 loquimur,
1682 2493 1794 2528 chirurgi

1035 2536 1110 2555 ettam
1124 2537 1206 2556 urunt.
