<?xml version="1.0" encoding="UTF-8"?>
<!DOCTYPE html PUBLIC "-//W3C//DTD XHTML 1.0 Transitional//EN"
    "http://www.w3.org/TR/xhtml1/DTD/xhtml1-transitional.dtd">
<html xmlns="http://www.w3.org/1999/xhtml" xml:lang="en" lang="en">
 <head>
  <title>
</title>
<meta http-equiv="Content-Type" content="text/html;charset=utf-8" />
  <meta name='ocr-system' content='tesseract 3.04.00' />
  <meta name='ocr-capabilities' content='ocr_page ocr_carea ocr_par ocr_line ocrx_word'/>
</head>
<body>
  <div class='ocr_page' id='page_1' title='image "./operaomniaquaeex06johnuoft_0658.png"; bbox 0 0 1890 2826; ppageno 0'>
   <div class='ocr_carea' id='block_1_1' title="bbox 92 887 229 917">
    <p class='ocr_par' dir='ltr' id='par_1_1' title="bbox 92 887 229 917">
     <span class='ocr_line' id='line_1_1' title="bbox 92 887 229 917; baseline -0.015 -7"><span class='ocrx_word' id='word_1_1' title='bbox 92 889 148 910; x_wconf 85' lang='lat' dir='ltr'><strong>Gen.</strong></span> <span class='ocrx_word' id='word_1_2' title='bbox 162 887 185 910; x_wconf 84' lang='lat'><strong>3.</strong></span> <span class='ocrx_word' id='word_1_3' title='bbox 206 893 229 917; x_wconf 31' lang='lat'><strong>9*</strong></span> 
     </span>
    </p>
   </div>
   <div class='ocr_carea' id='block_1_2' title="bbox 235 175 309 212">
    <p class='ocr_par' dir='ltr' id='par_1_2' title="bbox 235 175 309 212">
     <span class='ocr_line' id='line_1_2' title="bbox 235 175 309 212; baseline 0.014 -1"><span class='ocrx_word' id='word_1_4' title='bbox 235 175 309 212; x_wconf 79' lang='lat'><strong>638</strong></span> 
     </span>
    </p>
   </div>
   <div class='ocr_carea' id='block_1_3' title="bbox 233 245 981 287">
    <p class='ocr_par' dir='ltr' id='par_1_3' title="bbox 233 245 981 287">
     <span class='ocr_line' id='line_1_3' title="bbox 233 245 981 287; baseline -0.004 -8"><span class='ocrx_word' id='word_1_5' title='bbox 233 249 315 286; x_wconf 81' lang='lat' dir='ltr'><strong>catio,</strong></span> <span class='ocrx_word' id='word_1_6' title='bbox 333 253 360 277; x_wconf 85' lang='lat' dir='ltr'><strong>et</strong></span> <span class='ocrx_word' id='word_1_7' title='bbox 380 256 439 277; x_wconf 80' lang='lat' dir='ltr'><strong>sese</strong></span> <span class='ocrx_word' id='word_1_8' title='bbox 459 245 597 276; x_wconf 71' lang='lat' dir='ltr'>occultant</span> <span class='ocrx_word' id='word_1_9' title='bbox 619 245 656 276; x_wconf 84' lang='lat' dir='ltr'><strong>ab</strong></span> <span class='ocrx_word' id='word_1_10' title='bbox 674 245 878 287; x_wconf 79' lang='lat' dir='ltr'><strong>Omnipotente.</strong></span> <span class='ocrx_word' id='word_1_11' title='bbox 899 245 981 276; x_wconf 69' lang='lat' dir='ltr'><strong>Tales</strong></span> 
     </span>
    </p>
   </div>
   <div class='ocr_carea' id='block_1_4' title="bbox 964 184 1094 208">
    <p class='ocr_par' dir='ltr' id='par_1_4' title="bbox 964 184 1094 208">
     <span class='ocr_line' id='line_1_4' title="bbox 964 184 1094 208; baseline 0 0"><span class='ocrx_word' id='word_1_12' title='bbox 964 184 1094 208; x_wconf 67' lang='lat' dir='ltr'><strong>smmu-</strong></span> 
     </span>
    </p>
   </div>
   <div class='ocr_carea' id='block_1_5' title="bbox 1038 241 1809 287">
    <p class='ocr_par' dir='ltr' id='par_1_5' title="bbox 1038 241 1809 287">
     <span class='ocr_line' id='line_1_5' title="bbox 1038 241 1809 287; baseline 0 -11"><span class='ocrx_word' id='word_1_13' title='bbox 1038 245 1087 282; x_wconf 81' lang='grc' dir='ltr'><strong>τὴν</strong></span> <span class='ocrx_word' id='word_1_14' title='bbox 1101 246 1202 276; x_wconf 63' lang='lat' dir='ltr'><strong>lauri-”w</strong></span> <span class='ocrx_word' id='word_1_15' title='bbox 1214 245 1349 287; x_wconf 74' lang='grc' dir='ltr'>γύμνωσιν</span> <span class='ocrx_word' id='word_1_16' title='bbox 1359 245 1410 286; x_wconf 77' lang='grc' dir='ltr'><strong>οὔχ</strong></span> <span class='ocrx_word' id='word_1_17' title='bbox 1418 244 1507 285; x_wconf 78' lang='grc' dir='ltr'>ἐώρων</span> <span class='ocrx_word' id='word_1_18' title='bbox 1517 256 1523 264; x_wconf 88' lang='grc'><em>·</em></span> <span class='ocrx_word' id='word_1_19' title='bbox 1537 244 1581 275; x_wconf 76' lang='grc' dir='ltr'><strong>ὅτι</strong></span> <span class='ocrx_word' id='word_1_20' title='bbox 1593 245 1620 275; x_wconf 73' lang='grc' dir='ltr'><strong>δὶ</strong></span> <span class='ocrx_word' id='word_1_21' title='bbox 1633 241 1712 283; x_wconf 68' lang='grc' dir='ltr'>ἦλθεν</span> <span class='ocrx_word' id='word_1_22' title='bbox 1724 247 1742 282; x_wconf 84' lang='grc' dir='ltr'>ἡ</span> <span class='ocrx_word' id='word_1_23' title='bbox 1755 256 1809 276; x_wconf 83' lang='grc' dir='ltr'><strong>πα-</strong></span> 
     </span>
    </p>
   </div>
   <div class='ocr_carea' id='block_1_6' title="bbox 233 285 1810 371">
    <p class='ocr_par' dir='ltr' id='par_1_6' title="bbox 233 285 1810 371">
     <span class='ocr_line' id='line_1_6' title="bbox 233 285 1810 326; baseline -0.002 -9"><span class='ocrx_word' id='word_1_24' title='bbox 233 294 297 318; x_wconf 81' lang='lat' dir='ltr'><strong>sunt</strong></span> <span class='ocrx_word' id='word_1_25' title='bbox 308 286 339 321; x_wconf 89' lang='lat' dir='ltr'><strong>ii,</strong></span> <span class='ocrx_word' id='word_1_26' title='bbox 355 286 403 325; x_wconf 87' lang='lat' dir='ltr'><strong>qui</strong></span> <span class='ocrx_word' id='word_1_27' title='bbox 423 286 539 326; x_wconf 75' lang='lat' dir='ltr'><strong>peccatis</strong></span> <span class='ocrx_word' id='word_1_28' title='bbox 558 292 622 316; x_wconf 86' lang='lat' dir='ltr'><strong>sunt</strong></span> <span class='ocrx_word' id='word_1_29' title='bbox 639 285 731 316; x_wconf 81' lang='lat' dir='ltr'><strong>onusti</strong></span> <span class='ocrx_word' id='word_1_30' title='bbox 746 292 774 316; x_wconf 85' lang='lat' dir='ltr'><strong>et</strong></span> <span class='ocrx_word' id='word_1_31' title='bbox 791 285 895 316; x_wconf 86' lang='lat' dir='ltr'><strong>obruti.</strong></span> <span class='ocrx_word' id='word_1_32' title='bbox 911 287 983 316; x_wconf 86' lang='lat' dir='ltr'><strong>Cum</strong></span> <span class='ocrx_word' id='word_1_33' title='bbox 1039 285 1162 325; x_wconf 72' lang='grc' dir='ltr'>ράὸασις,</span> <span class='ocrx_word' id='word_1_34' title='bbox 1175 285 1383 326; x_wconf 80' lang='grc' dir='ltr'>καὶ.ἀπηρτίσθη</span> <span class='ocrx_word' id='word_1_35' title='bbox 1396 285 1428 315; x_wconf 78' lang='grc' dir='ltr'>τὸ</span> <span class='ocrx_word' id='word_1_36' title='bbox 1438 285 1513 325; x_wconf 81' lang='grc' dir='ltr'>ἔργον</span> <span class='ocrx_word' id='word_1_37' title='bbox 1525 286 1573 320; x_wconf 77' lang='grc' dir='ltr'><strong>τῆς</strong></span> <span class='ocrx_word' id='word_1_38' title='bbox 1588 287 1734 326; x_wconf 69' lang='grc' dir='ltr'>παρακοῆς,</span> <span class='ocrx_word' id='word_1_39' title='bbox 1749 285 1810 315; x_wconf 70' lang='grc' dir='ltr'>τότε</span> 
     </span>
     <span class='ocr_line' id='line_1_7' title="bbox 233 321 1810 371; baseline -0.002 -14"><span class='ocrx_word' id='word_1_40' title='bbox 233 327 306 357; x_wconf 89' lang='lat' dir='ltr'><strong>enim</strong></span> <span class='ocrx_word' id='word_1_41' title='bbox 317 326 379 366; x_wconf 92' lang='lat' dir='ltr'><strong>quis</strong></span> <span class='ocrx_word' id='word_1_42' title='bbox 393 332 523 356; x_wconf 81' lang='lat' dir='ltr'><strong>scortatus</strong></span> <span class='ocrx_word' id='word_1_43' title='bbox 543 325 726 356; x_wconf 80' lang='lat' dir='ltr'><strong>moeehatusve</strong></span> <span class='ocrx_word' id='word_1_44' title='bbox 738 325 830 363; x_wconf 80' lang='lat' dir='ltr'><strong>tuerit,</strong></span> <span class='ocrx_word' id='word_1_45' title='bbox 843 335 982 371; x_wconf 74' lang='lat' dir='ltr'><strong>egressus·</strong></span> <span class='ocrx_word' id='word_1_46' title='bbox 1037 325 1179 355; x_wconf 79' lang='grc' dir='ltr'>ἐθεάσαντο</span> <span class='ocrx_word' id='word_1_47' title='bbox 1193 324 1241 363; x_wconf 81' lang='grc' dir='ltr'><strong>τὴν</strong></span> <span class='ocrx_word' id='word_1_48' title='bbox 1256 324 1448 366; x_wconf 78' lang='grc' dir='ltr'>ἀσχημοσύνην</span> <span class='ocrx_word' id='word_1_49' title='bbox 1461 326 1557 354; x_wconf 81' lang='grc' dir='ltr'>αὐτῶν.</span> <span class='ocrx_word' id='word_1_50' title='bbox 1573 321 1640 354; x_wconf 76' lang='grc' dir='ltr'>Εἶτα</span> <span class='ocrx_word' id='word_1_51' title='bbox 1658 324 1810 360; x_wconf 78' lang='grc' dir='ltr'>Ἤκουσαν,</span> 
     </span>
    </p>
   </div>
   <div class='ocr_carea' id='block_1_7' title="bbox 234 364 981 406">
    <p class='ocr_par' dir='ltr' id='par_1_7' title="bbox 234 364 981 406">
     <span class='ocr_line' id='line_1_8' title="bbox 234 364 981 406; baseline -0.003 -9"><span class='ocrx_word' id='word_1_52' title='bbox 234 377 293 406; x_wconf 77' lang='lat' dir='ltr'><strong>que</strong></span> <span class='ocrx_word' id='word_1_53' title='bbox 300 377 335 396; x_wconf 91' lang='lat' dir='ltr'><strong>ex</strong></span> <span class='ocrx_word' id='word_1_54' title='bbox 353 365 501 396; x_wconf 86' lang='lat' dir='ltr'><strong>meretricis</strong></span> <span class='ocrx_word' id='word_1_55' title='bbox 512 364 607 405; x_wconf 83' lang='lat' dir='ltr'><strong>janua,</strong></span> <span class='ocrx_word' id='word_1_56' title='bbox 621 364 755 396; x_wconf 77' lang='lat' dir='ltr'><strong>invenerit</strong></span> <span class='ocrx_word' id='word_1_57' title='bbox 771 365 863 396; x_wconf 86' lang='lat' dir='ltr'><strong>virum</strong></span> <span class='ocrx_word' id='word_1_58' title='bbox 881 365 981 395; x_wconf 78' lang='lat' dir='ltr'><strong>mulio·</strong></span> 
     </span>
    </p>
   </div>
   <div class='ocr_carea' id='block_1_8' title="bbox 1036 364 1810 405">
    <p class='ocr_par' dir='ltr' id='par_1_8' title="bbox 1036 364 1810 405">
     <span class='ocr_line' id='line_1_9' title="bbox 1036 364 1810 405; baseline 0 -11"><span class='ocrx_word' id='word_1_59' title='bbox 1036 365 1116 404; x_wconf 85' lang='grc' dir='ltr'>φησὶ,</span> <span class='ocrx_word' id='word_1_60' title='bbox 1140 367 1188 402; x_wconf 80' lang='grc' dir='ltr'><strong>τῆς</strong></span> <span class='ocrx_word' id='word_1_61' title='bbox 1252 367 1299 402; x_wconf 80' lang='grc' dir='ltr'><strong>νῆς</strong></span> <span class='ocrx_word' id='word_1_62' title='bbox 1316 367 1362 395; x_wconf 79' lang='grc' dir='ltr'><strong>τοῦ</strong></span> <span class='ocrx_word' id='word_1_63' title='bbox 1385 364 1483 405; x_wconf 80' lang='grc' dir='ltr'><strong>Κυρίου</strong></span> <span class='ocrx_word' id='word_1_64' title='bbox 1501 367 1707 404; x_wconf 77' lang='grc' dir='ltr'>περιπατοῦντος</span> <span class='ocrx_word' id='word_1_65' title='bbox 1729 365 1756 394; x_wconf 73' lang='grc' dir='ltr'><strong>ἐν</strong></span> <span class='ocrx_word' id='word_1_66' title='bbox 1771 366 1810 404; x_wconf 83' lang='grc' dir='ltr'>τῷ</span> 
     </span>
    </p>
   </div>
   <div class='ocr_carea' id='block_1_9' title="bbox 235 403 1811 450">
    <p class='ocr_par' dir='ltr' id='par_1_9' title="bbox 235 403 1811 450">
     <span class='ocr_line' id='line_1_10' title="bbox 235 403 1811 450; baseline -0.002 -14"><span class='ocrx_word' id='word_1_67' title='bbox 235 417 338 443; x_wconf 86' lang='lat' dir='ltr'><strong>remve,</strong></span> <span class='ocrx_word' id='word_1_68' title='bbox 355 405 403 445; x_wconf 85' lang='lat' dir='ltr'><strong>qui</strong></span> <span class='ocrx_word' id='word_1_69' title='bbox 422 415 564 435; x_wconf 88' lang='lat' dir='ltr'><strong>occursum</strong></span> <span class='ocrx_word' id='word_1_70' title='bbox 584 403 744 450; x_wconf 75' lang='lat' dir='ltr'><strong>liujusmodi</strong></span> <span class='ocrx_word' id='word_1_71' title='bbox 758 412 877 442; x_wconf 76' lang='lat' dir='ltr'><strong>narrent,</strong></span> <span class='ocrx_word' id='word_1_72' title='bbox 893 405 916 434; x_wconf 89' lang='lat' dir='ltr'><strong>is</strong></span> <span class='ocrx_word' id='word_1_73' title='bbox 929 404 983 450; x_wconf 35' lang='lat' dir='ltr'><strong>*qui</strong></span> <span class='ocrx_word' id='word_1_74' title='bbox 999 414 1019 438; x_wconf 84' lang='lat' dir='ltr'><strong>n</strong></span> <span class='ocrx_word' id='word_1_75' title='bbox 1035 405 1166 444; x_wconf 81' lang='grc' dir='ltr'>παραδιίσ</span> <span class='ocrx_word' id='word_1_76' title='bbox 1202 417 1217 434; x_wconf 87' lang='grc' dir='ltr'>τ</span> <span class='ocrx_word' id='word_1_77' title='bbox 1256 404 1382 442; x_wconf 81' lang='grc' dir='ltr'>δειλινὸν,</span> <span class='ocrx_word' id='word_1_78' title='bbox 1404 404 1450 434; x_wconf 76' lang='grc' dir='ltr'>καὶ</span> <span class='ocrx_word' id='word_1_79' title='bbox 1473 404 1623 444; x_wconf 77' lang='grc' dir='ltr'>ἐκρύὸησαν</span> <span class='ocrx_word' id='word_1_80' title='bbox 1648 404 1664 434; x_wconf 75' lang='grc' dir='ltr'><strong><em>ὅ</em></strong></span> <span class='ocrx_word' id='word_1_81' title='bbox 1684 416 1715 433; x_wconf 77' lang='grc' dir='ltr'><strong>τε</strong></span> <span class='ocrx_word' id='word_1_82' title='bbox 1726 404 1811 443; x_wconf 79' lang='grc' dir='ltr'>Ἀδὰμ</span> 
     </span>
    </p>
   </div>
   <div class='ocr_carea' id='block_1_10' title="bbox 235 444 986 1041">
    <p class='ocr_par' dir='ltr' id='par_1_10' title="bbox 235 444 986 1041">
     <span class='ocr_line' id='line_1_11' title="bbox 235 444 982 492; baseline -0.001 -16"><span class='ocrx_word' id='word_1_83' title='bbox 235 453 376 492; x_wconf 81' lang='lat' dir='ltr'><strong>peccatum</strong></span> <span class='ocrx_word' id='word_1_84' title='bbox 405 444 515 474; x_wconf 83' lang='lat' dir='ltr'>admisit</span> <span class='ocrx_word' id='word_1_85' title='bbox 546 452 684 475; x_wconf 77' lang='lat' dir='ltr'><strong>existimat</strong></span> <span class='ocrx_word' id='word_1_86' title='bbox 712 444 882 484; x_wconf 72' lang='lat' dir='ltr'><strong>colloquium</strong></span> <span class='ocrx_word' id='word_1_87' title='bbox 911 454 982 475; x_wconf 77' lang='lat' dir='ltr'><strong>circa</strong></span> 
     </span>
     <span class='ocr_line' id='line_1_12' title="bbox 236 484 982 530; baseline -0.003 -15"><span class='ocrx_word' id='word_1_88' title='bbox 236 496 328 526; x_wconf 82' lang='lat' dir='ltr'><strong>ipsum</strong></span> <span class='ocrx_word' id='word_1_89' title='bbox 350 484 463 522; x_wconf 88' lang='lat' dir='ltr'><strong>versari,</strong></span> <span class='ocrx_word' id='word_1_90' title='bbox 479 491 545 514; x_wconf 87' lang='lat' dir='ltr'><strong>tunc</strong></span> <span class='ocrx_word' id='word_1_91' title='bbox 564 484 671 530; x_wconf 78' lang='lat' dir='ltr'><strong>pudore</strong></span> <span class='ocrx_word' id='word_1_92' title='bbox 688 484 841 524; x_wconf 78' lang='lat' dir='ltr'><strong>roboreque</strong></span> <span class='ocrx_word' id='word_1_93' title='bbox 853 484 982 521; x_wconf 85' lang='lat' dir='ltr'><strong>afficitur,</strong></span> 
     </span>
     <span class='ocr_line' id='line_1_13' title="bbox 237 524 984 565; baseline -0.001 -10"><span class='ocrx_word' id='word_1_94' title='bbox 237 537 267 555; x_wconf 89' lang='lat' dir='ltr'><strong>ar</strong></span> <span class='ocrx_word' id='word_1_95' title='bbox 287 531 365 555; x_wconf 90' lang='lat' dir='ltr'><strong>uente</strong></span> <span class='ocrx_word' id='word_1_96' title='bbox 377 524 478 564; x_wconf 82' lang='lat' dir='ltr'><strong>peccati</strong></span> <span class='ocrx_word' id='word_1_97' title='bbox 486 524 659 554; x_wconf 72' lang='lat' dir='ltr'><strong>commentia.</strong></span> <span class='ocrx_word' id='word_1_98' title='bbox 669 524 794 565; x_wconf 87' lang='lat' dir='ltr'><strong>ldipsum</strong></span> <span class='ocrx_word' id='word_1_99' title='bbox 803 524 874 565; x_wconf 86' lang='lat' dir='ltr'><strong>passi</strong></span> <span class='ocrx_word' id='word_1_100' title='bbox 882 530 945 554; x_wconf 88' lang='lat' dir='ltr'><strong>sunt</strong></span> <span class='ocrx_word' id='word_1_101' title='bbox 957 530 984 553; x_wconf 88' lang='lat' dir='ltr'><strong>et</strong></span> 
     </span>
     <span class='ocr_line' id='line_1_14' title="bbox 238 564 981 604; baseline 0 -10"><span class='ocrx_word' id='word_1_102' title='bbox 238 568 262 595; x_wconf 88' lang='lat' dir='ltr'>A</span> <span class='ocrx_word' id='word_1_103' title='bbox 283 576 324 594; x_wconf 85' lang='lat' dir='ltr'><strong>am</strong></span> <span class='ocrx_word' id='word_1_104' title='bbox 334 571 360 595; x_wconf 84' lang='lat' dir='ltr'><strong>et</strong></span> <span class='ocrx_word' id='word_1_105' title='bbox 375 565 446 596; x_wconf 85' lang='lat' dir='ltr'><strong>Eva.</strong></span> <span class='ocrx_word' id='word_1_106' title='bbox 457 565 571 594; x_wconf 81' lang='lat' dir='ltr'><strong>Namsae</strong></span> <span class='ocrx_word' id='word_1_107' title='bbox 622 565 681 594; x_wconf 84' lang='lat' dir='ltr'><strong>Deo</strong></span> <span class='ocrx_word' id='word_1_108' title='bbox 697 565 725 594; x_wconf 91' lang='lat' dir='ltr'><strong>in</strong></span> <span class='ocrx_word' id='word_1_109' title='bbox 743 564 870 604; x_wconf 81' lang='lat' dir='ltr'><strong>paradiso</strong></span> <span class='ocrx_word' id='word_1_110' title='bbox 884 564 981 594; x_wconf 89' lang='lat' dir='ltr'><strong>ambu-</strong></span> 
     </span>
     <span class='ocr_line' id='line_1_15' title="bbox 238 603 983 644; baseline -0.003 -10"><span class='ocrx_word' id='word_1_111' title='bbox 238 605 320 642; x_wconf 86' lang='lat' dir='ltr'><strong>lante,</strong></span> <span class='ocrx_word' id='word_1_112' title='bbox 335 614 484 642; x_wconf 75' lang='lat' dir='ltr'><strong>numquam</strong></span> <span class='ocrx_word' id='word_1_113' title='bbox 497 603 570 644; x_wconf 87' lang='lat' dir='ltr'><strong>pude</strong></span> <span class='ocrx_word' id='word_1_114' title='bbox 581 604 632 634; x_wconf 89' lang='lat' dir='ltr'><strong>acti</strong></span> <span class='ocrx_word' id='word_1_115' title='bbox 642 603 678 633; x_wconf 82' lang='lat' dir='ltr'><strong>acl</strong></span> <span class='ocrx_word' id='word_1_116' title='bbox 694 605 754 644; x_wconf 86' lang='lat' dir='ltr'><strong>ejus</strong></span> <span class='ocrx_word' id='word_1_117' title='bbox 763 614 904 634; x_wconf 85' lang='lat' dir='ltr'><strong>occursum</strong></span> <span class='ocrx_word' id='word_1_118' title='bbox 921 603 983 633; x_wconf 87' lang='lat' dir='ltr'><strong>fue—</strong></span> 
     </span>
     <span class='ocr_line' id='line_1_16' title="bbox 238 643 984 689; baseline -0.003 -15"><span class='ocrx_word' id='word_1_119' title='bbox 238 651 298 674; x_wconf 80' lang='lat' dir='ltr'><strong>rant</strong></span> <span class='ocrx_word' id='word_1_120' title='bbox 316 656 323 672; x_wconf 71' lang='grc' dir='ltr'>ι</span> <span class='ocrx_word' id='word_1_121' title='bbox 342 643 391 674; x_wconf 86' lang='lat' dir='ltr'><strong>sed</strong></span> <span class='ocrx_word' id='word_1_122' title='bbox 409 650 471 683; x_wconf 86' lang='lat' dir='ltr'><strong>post</strong></span> <span class='ocrx_word' id='word_1_123' title='bbox 483 650 628 689; x_wconf 64' lang='lat' dir='ltr'><strong>peecatum</strong></span> <span class='ocrx_word' id='word_1_124' title='bbox 643 650 670 673; x_wconf 84' lang='lat' dir='ltr'><strong>et</strong></span> <span class='ocrx_word' id='word_1_125' title='bbox 683 643 912 683; x_wconf 83' lang='lat' dir='ltr'><strong>inobsequentiam</strong></span> <span class='ocrx_word' id='word_1_126' title='bbox 927 653 984 673; x_wconf 78' lang='lat' dir='ltr'><strong>sese</strong></span> 
     </span>
     <span class='ocr_line' id='line_1_17' title="bbox 238 682 984 723; baseline -0.001 -10"><span class='ocrx_word' id='word_1_127' title='bbox 238 683 406 713; x_wconf 83' lang='lat' dir='ltr'><strong>abscondunt</strong></span> <span class='ocrx_word' id='word_1_128' title='bbox 414 694 430 712; x_wconf 84' lang='lat' dir='ltr'><strong>a</strong></span> <span class='ocrx_word' id='word_1_129' title='bbox 440 683 507 713; x_wconf 76' lang='lat' dir='ltr'><strong>facie</strong></span> <span class='ocrx_word' id='word_1_130' title='bbox 517 683 568 713; x_wconf 87' lang='lat' dir='ltr'><strong>Dei</strong></span> <span class='ocrx_word' id='word_1_131' title='bbox 577 689 673 713; x_wconf 84' lang='lat' dir='ltr'><strong>cuneta</strong></span> <span class='ocrx_word' id='word_1_132' title='bbox 683 683 878 723; x_wconf 86' lang='lat' dir='ltr'><strong>perspicientis,</strong></span> <span class='ocrx_word' id='word_1_133' title='bbox 884 682 948 712; x_wconf 83' lang='lat' dir='ltr'><strong>hinc</strong></span> <span class='ocrx_word' id='word_1_134' title='bbox 955 693 984 712; x_wconf 84' lang='lat' dir='ltr'><strong>se</strong></span> 
     </span>
     <span class='ocr_line' id='line_1_18' title="bbox 238 721 983 769; baseline -0.001 -17"><span class='ocrx_word' id='word_1_135' title='bbox 238 723 309 753; x_wconf 87' lang='lat' dir='ltr'><strong>lucri</strong></span> <span class='ocrx_word' id='word_1_136' title='bbox 330 722 474 769; x_wconf 78' lang='lat' dir='ltr'><strong>quidpiam</strong></span> <span class='ocrx_word' id='word_1_137' title='bbox 491 730 675 763; x_wconf 77' lang='lat' dir='ltr'><strong>reportaturos</strong></span> <span class='ocrx_word' id='word_1_138' title='bbox 693 730 829 763; x_wconf 85' lang='lat' dir='ltr'><strong>sperantes</strong></span> <span class='ocrx_word' id='word_1_139' title='bbox 843 734 850 751; x_wconf 72' lang='grc' dir='ltr'>ε</span> <span class='ocrx_word' id='word_1_140' title='bbox 864 721 912 752; x_wconf 73' lang='lat' dir='ltr'><strong>§ed</strong></span> <span class='ocrx_word' id='word_1_141' title='bbox 925 722 983 751; x_wconf 71' lang='lat' dir='ltr'><strong>iru-</strong></span> 
     </span>
     <span class='ocr_line' id='line_1_19' title="bbox 238 761 984 803; baseline -0.001 -11"><span class='ocrx_word' id='word_1_142' title='bbox 238 769 292 792; x_wconf 82' lang='lat' dir='ltr'><strong>stra</strong></span> <span class='ocrx_word' id='word_1_143' title='bbox 305 763 384 793; x_wconf 84' lang='lat' dir='ltr'><strong>cessit</strong></span> <span class='ocrx_word' id='word_1_144' title='bbox 402 773 524 803; x_wconf 79' lang='lat' dir='ltr'><strong>ipsorum</strong></span> <span class='ocrx_word' id='word_1_145' title='bbox 559 762 695 792; x_wconf 80' lang='lat' dir='ltr'><strong>rudentia.</strong></span> <span class='ocrx_word' id='word_1_146' title='bbox 716 763 888 803; x_wconf 78' lang='lat' dir='ltr'><strong>Quapropter</strong></span> <span class='ocrx_word' id='word_1_147' title='bbox 906 761 984 801; x_wconf 85' lang='lat' dir='ltr'><strong>quasi</strong></span> 
     </span>
     <span class='ocr_line' id='line_1_20' title="bbox 239 801 984 833; baseline -0.001 -2"><span class='ocrx_word' id='word_1_148' title='bbox 239 803 344 832; x_wconf 81' lang='lat' dir='ltr'><strong>nullam</strong></span> <span class='ocrx_word' id='word_1_149' title='bbox 359 802 489 833; x_wconf 84' lang='lat' dir='ltr'><strong>haberent</strong></span> <span class='ocrx_word' id='word_1_150' title='bbox 503 802 538 832; x_wconf 89' lang='lat' dir='ltr'><strong>de</strong></span> <span class='ocrx_word' id='word_1_151' title='bbox 549 802 666 832; x_wconf 90' lang='lat' dir='ltr'><strong>ensionis</strong></span> <span class='ocrx_word' id='word_1_152' title='bbox 684 813 777 832; x_wconf 87' lang='lat' dir='ltr'><strong>ansam</strong></span> <span class='ocrx_word' id='word_1_153' title='bbox 795 808 842 832; x_wconf 83' lang='lat' dir='ltr'><strong>aut</strong></span> <span class='ocrx_word' id='word_1_154' title='bbox 855 801 984 831; x_wconf 82' lang='lat' dir='ltr'><strong>fiduciam</strong></span> 
     </span>
     <span class='ocr_line' id='line_1_21' title="bbox 239 840 982 882; baseline -0.003 -10"><span class='ocrx_word' id='word_1_155' title='bbox 239 853 301 881; x_wconf 84' lang='lat' dir='ltr'><strong>erga</strong></span> <span class='ocrx_word' id='word_1_156' title='bbox 321 843 490 872; x_wconf 86' lang='lat' dir='ltr'><strong>occultorum</strong></span> <span class='ocrx_word' id='word_1_157' title='bbox 511 842 684 881; x_wconf 82' lang='lat' dir='ltr'><strong>cognitorem,</strong></span> <span class='ocrx_word' id='word_1_158' title='bbox 707 842 766 882; x_wconf 89' lang='lat' dir='ltr'><strong>ipse</strong></span> <span class='ocrx_word' id='word_1_159' title='bbox 779 840 869 871; x_wconf 83' lang='lat' dir='ltr'><strong>cordis</strong></span> <span class='ocrx_word' id='word_1_160' title='bbox 891 847 918 870; x_wconf 88' lang='lat' dir='ltr'><strong>et</strong></span> <span class='ocrx_word' id='word_1_161' title='bbox 941 851 982 870; x_wconf 86' lang='lat' dir='ltr'><strong>re·</strong></span> 
     </span>
     <span class='ocr_line' id='line_1_22' title="bbox 240 881 984 916; baseline -0.001 -6"><span class='ocrx_word' id='word_1_162' title='bbox 240 892 306 911; x_wconf 89' lang='lat' dir='ltr'><strong>num</strong></span> <span class='ocrx_word' id='word_1_163' title='bbox 328 888 460 912; x_wconf 73' lang='lat' dir='ltr'><strong>scrutator</strong></span> <span class='ocrx_word' id='word_1_164' title='bbox 482 881 550 911; x_wconf 82' lang='lat' dir='ltr'><strong>dicit</strong></span> <span class='ocrx_word' id='word_1_165' title='bbox 571 881 675 911; x_wconf 80' lang='lat' dir='ltr'><strong>Adamo</strong></span> <span class='ocrx_word' id='word_1_166' title='bbox 698 894 706 910; x_wconf 88' lang='lat'>:</span> <span class='ocrx_word' id='word_1_167' title='bbox 728 882 842 916; x_wconf 83' lang='lat' dir='ltr'><strong>Adam,</strong></span> <span class='ocrx_word' id='word_1_168' title='bbox 860 881 913 910; x_wconf 83' lang='lat' dir='ltr'><strong>ubi</strong></span> <span class='ocrx_word' id='word_1_169' title='bbox 930 882 984 910; x_wconf 80' lang='lat' dir='ltr'><strong>es?</strong></span> 
     </span>
     <span class='ocr_line' id='line_1_23' title="bbox 240 921 984 962; baseline 0 -11"><span class='ocrx_word' id='word_1_170' title='bbox 240 921 403 952; x_wconf 80' lang='lat' dir='ltr'><strong>defensionis</strong></span> <span class='ocrx_word' id='word_1_171' title='bbox 427 932 520 951; x_wconf 87' lang='lat' dir='ltr'><strong>ansam</strong></span> <span class='ocrx_word' id='word_1_172' title='bbox 539 921 604 961; x_wconf 88' lang='lat' dir='ltr'><strong>ipsis</strong></span> <span class='ocrx_word' id='word_1_173' title='bbox 616 921 739 962; x_wconf 84' lang='lat' dir='ltr'><strong>praebens</strong></span> <span class='ocrx_word' id='word_1_174' title='bbox 754 934 762 951; x_wconf 71' lang='grc' dir='ltr'>ι</span> <span class='ocrx_word' id='word_1_175' title='bbox 782 922 839 951; x_wconf 82' lang='lat' dir='ltr'><strong>Ubi</strong></span> <span class='ocrx_word' id='word_1_176' title='bbox 857 923 910 950; x_wconf 84' lang='lat' dir='ltr'><strong>es?</strong></span> <span class='ocrx_word' id='word_1_177' title='bbox 923 921 984 951; x_wconf 87' lang='lat' dir='ltr'><strong>Jam</strong></span> 
     </span>
     <span class='ocr_line' id='line_1_24' title="bbox 240 960 983 1001; baseline -0.003 -10"><span class='ocrx_word' id='word_1_178' title='bbox 240 960 274 991; x_wconf 92' lang='lat' dir='ltr'><strong>de</strong></span> <span class='ocrx_word' id='word_1_179' title='bbox 288 961 362 1000; x_wconf 84' lang='lat' dir='ltr'><strong>ligno</strong></span> <span class='ocrx_word' id='word_1_180' title='bbox 380 960 531 997; x_wconf 78' lang='lat' dir='ltr'><strong>comedisti,</strong></span> <span class='ocrx_word' id='word_1_181' title='bbox 545 971 593 991; x_wconf 90' lang='lat' dir='ltr'><strong>nec</strong></span> <span class='ocrx_word' id='word_1_182' title='bbox 605 967 727 1001; x_wconf 87' lang='lat' dir='ltr'><strong>optatum</strong></span> <span class='ocrx_word' id='word_1_183' title='bbox 748 971 776 990; x_wconf 87' lang='lat' dir='ltr'><strong>es</strong></span> <span class='ocrx_word' id='word_1_184' title='bbox 801 966 961 998; x_wconf 77' lang='lat' dir='ltr'><strong>assequutus</strong></span> <span class='ocrx_word' id='word_1_185' title='bbox 975 972 983 989; x_wconf 74' lang='lat' dir='ltr'>z</span> 
     </span>
     <span class='ocr_line' id='line_1_25' title="bbox 236 998 986 1041; baseline -0.003 -11"><span class='ocrx_word' id='word_1_186' title='bbox 236 1002 293 1040; x_wconf 87' lang='lat' dir='ltr'><strong>jam</strong></span> <span class='ocrx_word' id='word_1_187' title='bbox 307 1001 335 1030; x_wconf 91' lang='lat' dir='ltr'><strong>in</strong></span> <span class='ocrx_word' id='word_1_188' title='bbox 347 1000 592 1041; x_wconf 66' lang='lat' dir='ltr'><strong>praevaricationem</strong></span> <span class='ocrx_word' id='word_1_189' title='bbox 603 1001 696 1040; x_wconf 83' lang='lat' dir='ltr'><strong>lapsus</strong></span> <span class='ocrx_word' id='word_1_190' title='bbox 711 1011 752 1037; x_wconf 84' lang='lat' dir='ltr'><strong>es,</strong></span> <span class='ocrx_word' id='word_1_191' title='bbox 767 1006 794 1030; x_wconf 91' lang='lat' dir='ltr'><strong>et</strong></span> <span class='ocrx_word' id='word_1_192' title='bbox 815 1010 831 1029; x_wconf 90' lang='lat' dir='ltr'><strong>a</strong></span> <span class='ocrx_word' id='word_1_193' title='bbox 844 998 986 1029; x_wconf 82' lang='lat' dir='ltr'><strong>divinitate</strong></span> 
     </span>
    </p>
   </div>
   <div class='ocr_carea' id='block_1_11' title="bbox 1035 443 1827 717">
    <p class='ocr_par' dir='ltr' id='par_1_11' title="bbox 1035 443 1827 717">
     <span class='ocr_line' id='line_1_26' title="bbox 1035 443 1809 484; baseline 0 -11"><span class='ocrx_word' id='word_1_194' title='bbox 1035 444 1110 480; x_wconf 81' lang='grc' dir='ltr'>καὶὴ</span> <span class='ocrx_word' id='word_1_195' title='bbox 1124 457 1156 484; x_wconf 90' lang='grc' dir='ltr'><strong>γυ</strong></span> <span class='ocrx_word' id='word_1_196' title='bbox 1204 447 1283 474; x_wconf 77' lang='grc' dir='ltr'>αὐτοῦ</span> <span class='ocrx_word' id='word_1_197' title='bbox 1304 444 1389 474; x_wconf 79' lang='grc' dir='ltr'>ἀπὸπ</span> <span class='ocrx_word' id='word_1_198' title='bbox 1437 444 1511 474; x_wconf 64' lang='grc' dir='ltr'>ἅπτου</span> <span class='ocrx_word' id='word_1_199' title='bbox 1532 443 1632 484; x_wconf 86' lang='grc' dir='ltr'><strong>Κυρίου</strong></span> <span class='ocrx_word' id='word_1_200' title='bbox 1653 446 1700 474; x_wconf 74' lang='grc' dir='ltr'><strong>τοῦ</strong></span> <span class='ocrx_word' id='word_1_201' title='bbox 1724 445 1809 474; x_wconf 70' lang='grc' dir='ltr'>Θεοῦ.</span> 
     </span>
     <span class='ocr_line' id='line_1_27' title="bbox 1035 479 1810 524; baseline -0.001 -11"><span class='ocrx_word' id='word_1_202' title='bbox 1035 484 1077 513; x_wconf 89' lang='grc' dir='ltr'>Πε</span> <span class='ocrx_word' id='word_1_203' title='bbox 1097 483 1189 520; x_wconf 81' lang='grc' dir='ltr'>ιεκόπη</span> <span class='ocrx_word' id='word_1_204' title='bbox 1212 487 1261 520; x_wconf 72' lang='grc' dir='ltr'><strong>τῆς</strong></span> <span class='ocrx_word' id='word_1_205' title='bbox 1278 485 1388 524; x_wconf 81' lang='grc' dir='ltr'>παῤῥησ</span> <span class='ocrx_word' id='word_1_206' title='bbox 1399 495 1430 517; x_wconf 86' lang='grc' dir='ltr'><strong>ας</strong></span> <span class='ocrx_word' id='word_1_207' title='bbox 1446 486 1465 519; x_wconf 81' lang='grc' dir='ltr'>ἡ</span> <span class='ocrx_word' id='word_1_208' title='bbox 1476 482 1620 524; x_wconf 80' lang='grc' dir='ltr'>πρόφασις·</span> <span class='ocrx_word' id='word_1_209' title='bbox 1634 479 1741 520; x_wconf 72' lang='grc' dir='ltr'>ἦλθενὴ</span> <span class='ocrx_word' id='word_1_210' title='bbox 1754 494 1810 512; x_wconf 81' lang='grc' dir='ltr'><strong>πα-</strong></span> 
     </span>
     <span class='ocr_line' id='line_1_28' title="bbox 1037 495 1808 563; baseline 0 -11"><span class='ocrx_word' id='word_1_211' title='bbox 1037 495 1147 563; x_wconf 54' lang='lat' dir='ltr'><strong>pegam&lt;</strong></span> <span class='ocrx_word' id='word_1_212' title='bbox 1156 547 1163 558; x_wconf 82' lang='grc'>,</span> <span class='ocrx_word' id='word_1_213' title='bbox 1183 523 1229 554; x_wconf 79' lang='grc' dir='ltr'>καὶ</span> <span class='ocrx_word' id='word_1_214' title='bbox 1249 523 1412 563; x_wconf 82' lang='grc' dir='ltr'>κρύπτονται</span> <span class='ocrx_word' id='word_1_215' title='bbox 1431 523 1485 553; x_wconf 75' lang='grc' dir='ltr'><strong>ἀπὸ</strong></span> <span class='ocrx_word' id='word_1_216' title='bbox 1507 526 1553 553; x_wconf 75' lang='grc' dir='ltr'><strong>τοῦ</strong></span> <span class='ocrx_word' id='word_1_217' title='bbox 1577 522 1808 563; x_wconf 70' lang='grc' dir='ltr'>Παντοκράτορος.</span> 
     </span>
     <span class='ocr_line' id='line_1_29' title="bbox 1036 561 1827 603; baseline -0.001 -11"><span class='ocrx_word' id='word_1_218' title='bbox 1036 563 1160 593; x_wconf 78' lang='grc' dir='ltr'>Τοιοῦτοί</span> <span class='ocrx_word' id='word_1_219' title='bbox 1172 565 1237 594; x_wconf 86' lang='grc' dir='ltr'>εἰσιν</span> <span class='ocrx_word' id='word_1_220' title='bbox 1247 564 1272 593; x_wconf 79' lang='grc' dir='ltr'><strong>οἱ</strong></span> <span class='ocrx_word' id='word_1_221' title='bbox 1283 565 1311 593; x_wconf 83' lang='grc' dir='ltr'><strong>ἐν</strong></span> <span class='ocrx_word' id='word_1_222' title='bbox 1324 562 1468 603; x_wconf 81' lang='grc' dir='ltr'>ἁμαρτίαις</span> <span class='ocrx_word' id='word_1_223' title='bbox 1478 561 1711 602; x_wconf 71' lang='grc' dir='ltr'>περιὸεὸλημένοι.</span> <span class='ocrx_word' id='word_1_224' title='bbox 1723 562 1811 592; x_wconf 84' lang='grc' dir='ltr'>Ὅταν</span> <span class='ocrx_word' id='word_1_225' title='bbox 1823 575 1827 579; x_wconf 46' lang='grc'><strong><em>“</em></strong></span> 
     </span>
     <span class='ocr_line' id='line_1_30' title="bbox 1035 601 1811 644; baseline 0 -12"><span class='ocrx_word' id='word_1_226' title='bbox 1035 602 1087 643; x_wconf 90' lang='grc' dir='ltr'><strong>γάρ</strong></span> <span class='ocrx_word' id='word_1_227' title='bbox 1101 615 1141 636; x_wconf 85' lang='grc' dir='ltr'><strong>τις</strong></span> <span class='ocrx_word' id='word_1_228' title='bbox 1154 603 1286 644; x_wconf 82' lang='grc' dir='ltr'>πορνεύσῃ</span> <span class='ocrx_word' id='word_1_229' title='bbox 1297 603 1315 639; x_wconf 80' lang='grc' dir='ltr'>ἢ</span> <span class='ocrx_word' id='word_1_230' title='bbox 1332 601 1473 643; x_wconf 82' lang='grc' dir='ltr'>μοιχεύσῃ,</span> <span class='ocrx_word' id='word_1_231' title='bbox 1495 601 1542 632; x_wconf 76' lang='grc' dir='ltr'>καὶ</span> <span class='ocrx_word' id='word_1_232' title='bbox 1553 601 1646 642; x_wconf 71' lang='grc' dir='ltr'>ἐξέλθῃ</span> <span class='ocrx_word' id='word_1_233' title='bbox 1660 602 1692 632; x_wconf 77' lang='grc' dir='ltr'><strong>ἐκ</strong></span> <span class='ocrx_word' id='word_1_234' title='bbox 1704 604 1752 638; x_wconf 74' lang='grc' dir='ltr'><strong>ἰῆς</strong></span> <span class='ocrx_word' id='word_1_235' title='bbox 1763 601 1811 632; x_wconf 81' lang='grc' dir='ltr'><strong>θύ-</strong></span> 
     </span>
     <span class='ocr_line' id='line_1_31' title="bbox 1036 641 1810 717; baseline 0 -46"><span class='ocrx_word' id='word_1_236' title='bbox 1036 653 1083 682; x_wconf 89' lang='grc' dir='ltr'><strong>ρας</strong></span> <span class='ocrx_word' id='word_1_237' title='bbox 1091 644 1139 678; x_wconf 80' lang='grc' dir='ltr'><strong>τῆς</strong></span> <span class='ocrx_word' id='word_1_238' title='bbox 1149 642 1256 683; x_wconf 83' lang='grc' dir='ltr'>πόρνης,</span> <span class='ocrx_word' id='word_1_239' title='bbox 1267 642 1313 672; x_wconf 83' lang='grc' dir='ltr'>καὶ</span> <span class='ocrx_word' id='word_1_240' title='bbox 1321 642 1466 680; x_wconf 74' lang='grc' dir='ltr'>ἀπαντήσῃ</span> <span class='ocrx_word' id='word_1_241' title='bbox 1471 641 1521 672; x_wconf 69' lang='grc' dir='ltr'><strong>κᾶν</strong></span> <span class='ocrx_word' id='word_1_242' title='bbox 1534 641 1617 681; x_wconf 85' lang='grc' dir='ltr'>ἄνδρα</span> <span class='ocrx_word' id='word_1_243' title='bbox 1627 641 1810 717; x_wconf 50' lang='grc' dir='ltr'>κᾶνῖυναῑκα,</span> 
     </span>
    </p>
   </div>
   <div class='ocr_carea' id='block_1_12' title="bbox 1029 680 1811 721">
    <p class='ocr_par' dir='ltr' id='par_1_12' title="bbox 1029 680 1811 721">
     <span class='ocr_line' id='line_1_32' title="bbox 1029 680 1811 721; baseline -0.003 -9"><span class='ocrx_word' id='word_1_244' title='bbox 1029 693 1114 719; x_wconf 45' lang='grc' dir='ltr'>,συντυ</span> <span class='ocrx_word' id='word_1_245' title='bbox 1138 682 1178 716; x_wconf 88' lang='grc' dir='ltr'><strong>ίας</strong></span> <span class='ocrx_word' id='word_1_246' title='bbox 1192 682 1259 716; x_wconf 84' lang='grc' dir='ltr'>ἰδίας</span> <span class='ocrx_word' id='word_1_247' title='bbox 1277 683 1377 712; x_wconf 81' lang='grc' dir='ltr'>ἑαυτῶν</span> <span class='ocrx_word' id='word_1_248' title='bbox 1393 681 1594 721; x_wconf 80' lang='grc' dir='ltr'>διηγουμένους,</span> <span class='ocrx_word' id='word_1_249' title='bbox 1608 683 1623 711; x_wconf 81' lang='grc' dir='ltr'>ὁ</span> <span class='ocrx_word' id='word_1_250' title='bbox 1636 692 1683 711; x_wconf 86' lang='grc' dir='ltr'><strong>ποι</strong></span> <span class='ocrx_word' id='word_1_251' title='bbox 1701 693 1750 715; x_wconf 84' lang='grc' dir='ltr'><strong>σας</strong></span> <span class='ocrx_word' id='word_1_252' title='bbox 1761 680 1811 717; x_wconf 67' lang='grc' dir='ltr'><strong>τὴν</strong></span> 
     </span>
    </p>
   </div>
   <div class='ocr_carea' id='block_1_13' title="bbox 1035 720 1813 1040">
    <p class='ocr_par' dir='ltr' id='par_1_13' title="bbox 1035 720 1813 1040">
     <span class='ocr_line' id='line_1_33' title="bbox 1035 720 1811 762; baseline -0.001 -11"><span class='ocrx_word' id='word_1_253' title='bbox 1035 722 1125 762; x_wconf 80' lang='grc' dir='ltr'>ἁμαρτ</span> <span class='ocrx_word' id='word_1_254' title='bbox 1136 734 1167 751; x_wconf 92' lang='grc' dir='ltr'><strong>αν</strong></span> <span class='ocrx_word' id='word_1_255' title='bbox 1187 722 1289 762; x_wconf 82' lang='grc' dir='ltr'>νομίζει</span> <span class='ocrx_word' id='word_1_256' title='bbox 1301 722 1342 752; x_wconf 78' lang='grc' dir='ltr'><strong>ὅτι</strong></span> <span class='ocrx_word' id='word_1_257' title='bbox 1355 724 1373 758; x_wconf 82' lang='grc' dir='ltr'>ἡ</span> <span class='ocrx_word' id='word_1_258' title='bbox 1387 721 1515 762; x_wconf 85' lang='grc' dir='ltr'>συντυχία</span> <span class='ocrx_word' id='word_1_259' title='bbox 1531 721 1565 750; x_wconf 84' lang='grc' dir='ltr'><strong>δι’</strong></span> <span class='ocrx_word' id='word_1_260' title='bbox 1582 720 1662 751; x_wconf 78' lang='grc' dir='ltr'>αὐτὸν</span> <span class='ocrx_word' id='word_1_261' title='bbox 1680 720 1811 750; x_wconf 71' lang='grc' dir='ltr'>καθίστα-</span> 
     </span>
     <span class='ocr_line' id='line_1_34' title="bbox 1035 759 1811 803; baseline 0 -13"><span class='ocrx_word' id='word_1_262' title='bbox 1035 773 1089 796; x_wconf 86' lang='grc' dir='ltr'>ται,</span> <span class='ocrx_word' id='word_1_263' title='bbox 1102 761 1148 791; x_wconf 66' lang='lat' dir='ltr'><strong>zat</strong></span> <span class='ocrx_word' id='word_1_264' title='bbox 1162 763 1270 803; x_wconf 70' lang='grc' dir='ltr'>ἐρυθριᾷ</span> <span class='ocrx_word' id='word_1_265' title='bbox 1280 761 1325 792; x_wconf 78' lang='grc' dir='ltr'>καὶ</span> <span class='ocrx_word' id='word_1_266' title='bbox 1339 760 1505 801; x_wconf 69' lang='grc' dir='ltr'>ἐντρέπεται,</span> <span class='ocrx_word' id='word_1_267' title='bbox 1520 762 1568 796; x_wconf 79' lang='grc' dir='ltr'><strong>τῆς</strong></span> <span class='ocrx_word' id='word_1_268' title='bbox 1585 759 1719 800; x_wconf 67' lang='grc' dir='ltr'>ἁμαρτίας</span> <span class='ocrx_word' id='word_1_269' title='bbox 1732 759 1811 790; x_wconf 63' lang='grc' dir='ltr'>ἀύτὸν</span> 
     </span>
     <span class='ocr_line' id='line_1_35' title="bbox 1036 799 1811 842; baseline -0.001 -12"><span class='ocrx_word' id='word_1_270' title='bbox 1036 800 1137 831; x_wconf 84' lang='grc' dir='ltr'>ἔνδοθεν</span> <span class='ocrx_word' id='word_1_271' title='bbox 1151 801 1348 842; x_wconf 76' lang='grc' dir='ltr'>διελεγχούσης.</span> <span class='ocrx_word' id='word_1_272' title='bbox 1361 802 1449 831; x_wconf 78' lang='grc' dir='ltr'>Τοῦτο</span> <span class='ocrx_word' id='word_1_273' title='bbox 1462 799 1592 830; x_wconf 80' lang='grc' dir='ltr'>πέπονθεν</span> <span class='ocrx_word' id='word_1_274' title='bbox 1604 802 1619 830; x_wconf 84' lang='grc' dir='ltr'><strong>ὁ</strong></span> <span class='ocrx_word' id='word_1_275' title='bbox 1637 799 1721 839; x_wconf 80' lang='grc' dir='ltr'>Ἀδὰμ</span> <span class='ocrx_word' id='word_1_276' title='bbox 1734 799 1780 830; x_wconf 71' lang='grc' dir='ltr'><strong>καὶ</strong></span> <span class='ocrx_word' id='word_1_277' title='bbox 1792 801 1811 835; x_wconf 83' lang='grc' dir='ltr'>ἡ</span> 
     </span>
     <span class='ocr_line' id='line_1_36' title="bbox 1036 839 1812 891; baseline -0.003 -21"><span class='ocrx_word' id='word_1_278' title='bbox 1036 841 1104 870; x_wconf 88' lang='grc' dir='ltr'>Εὔα.</span> <span class='ocrx_word' id='word_1_279' title='bbox 1118 841 1253 875; x_wconf 79' lang='grc' dir='ltr'>Πολλάκις</span> <span class='ocrx_word' id='word_1_280' title='bbox 1274 841 1326 891; x_wconf 83' lang='grc' dir='ltr'><strong>γὰρ</strong></span> <span class='ocrx_word' id='word_1_281' title='bbox 1339 843 1386 870; x_wconf 83' lang='grc' dir='ltr'><strong>τοῦ</strong></span> <span class='ocrx_word' id='word_1_282' title='bbox 1397 841 1479 871; x_wconf 78' lang='grc' dir='ltr'>-Θεοῢ</span> <span class='ocrx_word' id='word_1_283' title='bbox 1501 841 1709 879; x_wconf 79' lang='grc' dir='ltr'>περιπατοῦντος</span> <span class='ocrx_word' id='word_1_284' title='bbox 1726 840 1755 871; x_wconf 68' lang='grc' dir='ltr'><strong>ἐν</strong></span> <span class='ocrx_word' id='word_1_285' title='bbox 1773 839 1812 879; x_wconf 73' lang='grc' dir='ltr'>τῷ</span> 
     </span>
     <span class='ocr_line' id='line_1_37' title="bbox 1035 878 1812 920; baseline -0.001 -11"><span class='ocrx_word' id='word_1_286' title='bbox 1035 880 1167 920; x_wconf 83' lang='grc' dir='ltr'>παραδείσ</span> <span class='ocrx_word' id='word_1_287' title='bbox 1197 904 1205 917; x_wconf 89' lang='grc'>,</span> <span class='ocrx_word' id='word_1_288' title='bbox 1227 882 1353 911; x_wconf 81' lang='grc' dir='ltr'>οὐδεποτε</span> <span class='ocrx_word' id='word_1_289' title='bbox 1368 879 1446 910; x_wconf 78' lang='grc' dir='ltr'>αὐτὸν</span> <span class='ocrx_word' id='word_1_290' title='bbox 1467 880 1617 919; x_wconf 83' lang='grc' dir='ltr'>ᾐδέσθησαν</span> <span class='ocrx_word' id='word_1_291' title='bbox 1631 878 1649 915; x_wconf 78' lang='grc' dir='ltr'>ἢ</span> <span class='ocrx_word' id='word_1_292' title='bbox 1663 878 1812 919; x_wconf 66' lang='grc' dir='ltr'>ἐνετράπη-</span> 
     </span>
     <span class='ocr_line' id='line_1_38' title="bbox 1037 918 1813 970; baseline -0.001 -21"><span class='ocrx_word' id='word_1_293' title='bbox 1037 930 1086 969; x_wconf 54' lang='grc' dir='ltr'><strong>σξν</strong></span> <span class='ocrx_word' id='word_1_294' title='bbox 1098 932 1105 939; x_wconf 89' lang='grc'>·</span> <span class='ocrx_word' id='word_1_295' title='bbox 1120 921 1172 950; x_wconf 77' lang='grc' dir='ltr'><strong>ἄλλ</strong></span> <span class='ocrx_word' id='word_1_296' title='bbox 1191 920 1236 969; x_wconf 53' lang='grc' dir='ltr'>ὅτε</span> <span class='ocrx_word' id='word_1_297' title='bbox 1248 920 1412 970; x_wconf 60' lang='grc' dir='ltr'>ἀπετελέσθΙη</span> <span class='ocrx_word' id='word_1_298' title='bbox 1426 920 1457 949; x_wconf 86' lang='grc' dir='ltr'>τὸ</span> <span class='ocrx_word' id='word_1_299' title='bbox 1469 919 1546 960; x_wconf 80' lang='grc' dir='ltr'>ἔργον</span> <span class='ocrx_word' id='word_1_300' title='bbox 1561 921 1609 969; x_wconf 68' lang='grc' dir='ltr'><strong>τῇς</strong></span> <span class='ocrx_word' id='word_1_301' title='bbox 1621 918 1754 970; x_wconf 59' lang='grc' dir='ltr'>ἁμαρτίας</span> <span class='ocrx_word' id='word_1_302' title='bbox 1766 918 1813 968; x_wconf 49' lang='grc' dir='ltr'><strong>καὶ</strong></span> 
     </span>
     <span class='ocr_line' id='line_1_39' title="bbox 1036 960 1812 1040; baseline -0.004 -10"><span class='ocrx_word' id='word_1_303' title='bbox 1036 960 1589 1040; x_wconf 52' lang='grc' dir='ltr'><strong>ἕξοῖἶὲἕῖἳέξὲατὲξῖμξῖζῗζξῖἓαῗῖ</strong></span> <span class='ocrx_word' id='word_1_304' title='bbox 1600 969 1812 1038; x_wconf 53' lang='grc' dir='ltr'><strong>τ’ἷρζζὲᾞιᾶἶῖ</strong></span> 
     </span>
    </p>
   </div>
   <div class='ocr_carea' id='block_1_14' title="bbox 90 1037 1810 1079">
    <p class='ocr_par' dir='ltr' id='par_1_14' title="bbox 90 1037 1810 1079">
     <span class='ocr_line' id='line_1_40' title="bbox 90 1037 1810 1079; baseline 0 -13"><span class='ocrx_word' id='word_1_305' title='bbox 90 1045 182 1068; x_wconf 56' lang='lat' dir='ltr'><strong>Mida.</strong></span> <span class='ocrx_word' id='word_1_306' title='bbox 193 1051 229 1068; x_wconf 85' lang='grc' dir='ltr'><strong>ιο.</strong></span> <span class='ocrx_word' id='word_1_307' title='bbox 240 1040 375 1070; x_wconf 84' lang='lat' dir='ltr'><strong>excidisti.</strong></span> <span class='ocrx_word' id='word_1_308' title='bbox 400 1041 521 1076; x_wconf 83' lang='lat' dir='ltr'><strong>Adam,</strong></span> <span class='ocrx_word' id='word_1_309' title='bbox 546 1041 596 1069; x_wconf 82' lang='lat' dir='ltr'><strong>ubi</strong></span> <span class='ocrx_word' id='word_1_310' title='bbox 620 1042 673 1070; x_wconf 80' lang='lat' dir='ltr'><strong>es?</strong></span> <span class='ocrx_word' id='word_1_311' title='bbox 695 1039 747 1069; x_wconf 91' lang='lat' dir='ltr'><strong>Ille</strong></span> <span class='ocrx_word' id='word_1_312' title='bbox 760 1049 826 1070; x_wconf 87' lang='lat' dir='ltr'><strong>vero</strong></span> <span class='ocrx_word' id='word_1_313' title='bbox 848 1050 856 1068; x_wconf 85' lang='lat'>:</span> <span class='ocrx_word' id='word_1_314' title='bbox 879 1039 986 1069; x_wconf 80' lang='lat' dir='ltr'><strong>Vocem</strong></span> <span class='ocrx_word' id='word_1_315' title='bbox 1000 1054 1020 1078; x_wconf 80' lang='lat' dir='ltr'>E</span> <span class='ocrx_word' id='word_1_316' title='bbox 1037 1050 1095 1072; x_wconf 87' lang='grc' dir='ltr'>τες·</span> <span class='ocrx_word' id='word_1_317' title='bbox 1111 1038 1180 1068; x_wconf 78' lang='grc' dir='ltr'>ἀλλὰ</span> <span class='ocrx_word' id='word_1_318' title='bbox 1192 1039 1278 1078; x_wconf 81' lang='grc' dir='ltr'>μάτην</span> <span class='ocrx_word' id='word_1_319' title='bbox 1296 1040 1384 1073; x_wconf 80' lang='grc' dir='ltr'>αὐτοῖς</span> <span class='ocrx_word' id='word_1_320' title='bbox 1397 1038 1545 1075; x_wconf 72' lang='grc' dir='ltr'>καθέστηκε</span> <span class='ocrx_word' id='word_1_321' title='bbox 1558 1039 1576 1074; x_wconf 86' lang='grc' dir='ltr'>ἡ</span> <span class='ocrx_word' id='word_1_322' title='bbox 1594 1037 1718 1079; x_wconf 82' lang='grc' dir='ltr'>φρόνησις</span> <span class='ocrx_word' id='word_1_323' title='bbox 1730 1037 1810 1074; x_wconf 81' lang='grc' dir='ltr'>αὕτη.</span> 
     </span>
    </p>
   </div>
   <div class='ocr_carea' id='block_1_15' title="bbox 92 1285 231 1307">
    <p class='ocr_par' dir='ltr' id='par_1_15' title="bbox 92 1285 231 1307">
     <span class='ocr_line' id='line_1_41' title="bbox 92 1285 231 1307; baseline 0 -1"><span class='ocrx_word' id='word_1_324' title='bbox 92 1285 152 1307; x_wconf 81' lang='lat' dir='ltr'><strong>Ibid.</strong></span> <span class='ocrx_word' id='word_1_325' title='bbox 164 1293 185 1306; x_wconf 88' lang='lat' dir='ltr'><strong>v.</strong></span> <span class='ocrx_word' id='word_1_326' title='bbox 195 1290 231 1307; x_wconf 79' lang='grc' dir='ltr'><strong>ιι.</strong></span> 
     </span>
    </p>
   </div>
   <div class='ocr_carea' id='block_1_16' title="bbox 95 1558 231 1585">
    <p class='ocr_par' dir='ltr' id='par_1_16' title="bbox 95 1558 231 1585">
     <span class='ocr_line' id='line_1_42' title="bbox 95 1558 231 1585; baseline 0.015 -5"><span class='ocrx_word' id='word_1_327' title='bbox 95 1559 151 1585; x_wconf 78' lang='lat' dir='ltr'><strong>Gen,</strong></span> <span class='ocrx_word' id='word_1_328' title='bbox 162 1558 185 1581; x_wconf 80' lang='lat'><strong>3.</strong></span> <span class='ocrx_word' id='word_1_329' title='bbox 199 1567 231 1582; x_wconf 79' lang='lat'><strong>12.</strong></span> 
     </span>
    </p>
   </div>
   <div class='ocr_carea' id='block_1_17' title="bbox 99 2071 239 2134">
    <p class='ocr_par' dir='ltr' id='par_1_17' title="bbox 99 2071 239 2134">
     <span class='ocr_line' id='line_1_43' title="bbox 102 2071 239 2102; baseline -0.007 -8"><span class='ocrx_word' id='word_1_330' title='bbox 102 2074 159 2095; x_wconf 73' lang='lat' dir='ltr'><strong>Gen.</strong></span> <span class='ocrx_word' id='word_1_331' title='bbox 170 2071 184 2094; x_wconf 83' lang='lat'><strong>3</strong></span> <span class='ocrx_word' id='word_1_332' title='bbox 204 2077 239 2102; x_wconf 90' lang='lat'><strong>¹7·</strong></span> 
     </span>
     <span class='ocr_line' id='line_1_44' title="bbox 99 2110 171 2134; baseline 0 -9"><span class='ocrx_word' id='word_1_333' title='bbox 99 2110 171 2134; x_wconf 85' lang='lat'><strong>-¹9·</strong></span> 
     </span>
    </p>
   </div>
   <div class='ocr_carea' id='block_1_18' title="bbox 241 1080 987 1552">
    <p class='ocr_par' dir='ltr' id='par_1_18' title="bbox 241 1080 986 1119">
     <span class='ocr_line' id='line_1_45' title="bbox 241 1080 986 1119; baseline 0.001 -11"><span class='ocrx_word' id='word_1_334' title='bbox 241 1086 323 1109; x_wconf 80' lang='lat' dir='ltr'><strong>tuam</strong></span> <span class='ocrx_word' id='word_1_335' title='bbox 339 1081 441 1110; x_wconf 77' lang='lat' dir='ltr'><strong>audivi</strong></span> <span class='ocrx_word' id='word_1_336' title='bbox 450 1080 632 1109; x_wconf 75' lang='lat' dir='ltr'><strong>ambulantis</strong></span> <span class='ocrx_word' id='word_1_337' title='bbox 653 1081 686 1108; x_wconf 85' lang='lat' dir='ltr'><strong>in</strong></span> <span class='ocrx_word' id='word_1_338' title='bbox 690 1080 842 1119; x_wconf 81' lang='lat' dir='ltr'><strong>paradiso,</strong></span> <span class='ocrx_word' id='word_1_339' title='bbox 853 1085 882 1108; x_wconf 88' lang='lat' dir='ltr'><strong>et</strong></span> <span class='ocrx_word' id='word_1_340' title='bbox 892 1080 986 1115; x_wconf 81' lang='lat' dir='ltr'><strong>timui,</strong></span> 
     </span>
    </p>

    <p class='ocr_par' dir='ltr' id='par_1_19' title="bbox 241 1118 987 1552">
     <span class='ocr_line' id='line_1_46' title="bbox 262 1118 985 1158; baseline -0.001 -10"><span class='ocrx_word' id='word_1_341' title='bbox 262 1121 313 1149; x_wconf 84' lang='lat' dir='ltr'><strong>uia</strong></span> <span class='ocrx_word' id='word_1_342' title='bbox 332 1121 428 1149; x_wconf 79' lang='lat' dir='ltr'><strong>nudus</strong></span> <span class='ocrx_word' id='word_1_343' title='bbox 441 1130 517 1154; x_wconf 85' lang='lat' dir='ltr'><strong>sum,</strong></span> <span class='ocrx_word' id='word_1_344' title='bbox 530 1126 559 1148; x_wconf 88' lang='lat' dir='ltr'><strong>et</strong></span> <span class='ocrx_word' id='word_1_345' title='bbox 570 1130 616 1148; x_wconf 90' lang='lat' dir='ltr'><strong>me</strong></span> <span class='ocrx_word' id='word_1_346' title='bbox 633 1119 792 1148; x_wconf 77' lang='lat' dir='ltr'><strong>occultavi.</strong></span> <span class='ocrx_word' id='word_1_347' title='bbox 807 1118 910 1149; x_wconf 85' lang='lat' dir='ltr'><strong>Viden&#39;</strong></span> <span class='ocrx_word' id='word_1_348' title='bbox 933 1129 985 1158; x_wconf 89' lang='lat' dir='ltr'><strong>pu-</strong></span> 
     </span>
     <span class='ocr_line' id='line_1_47' title="bbox 241 1130 986 1198; baseline -0.001 -10"><span class='ocrx_word' id='word_1_349' title='bbox 241 1130 334 1188; x_wconf 62' lang='lat' dir='ltr'><strong>dorem</strong></span> <span class='ocrx_word' id='word_1_350' title='bbox 427 1159 470 1188; x_wconf 76' lang='lat' dir='ltr'><strong>ti?</strong></span> <span class='ocrx_word' id='word_1_351' title='bbox 484 1157 574 1189; x_wconf 83' lang='lat' dir='ltr'><strong>viden’</strong></span> <span class='ocrx_word' id='word_1_352' title='bbox 585 1158 687 1198; x_wconf 85' lang='lat' dir='ltr'><strong>peccati</strong></span> <span class='ocrx_word' id='word_1_353' title='bbox 706 1157 924 1198; x_wconf 80' lang='lat' dir='ltr'><strong>turpitudinem?</strong></span> <span class='ocrx_word' id='word_1_354' title='bbox 945 1157 986 1187; x_wconf 85' lang='lat' dir='ltr'><strong>vi-</strong></span> 
     </span>
     <span class='ocr_line' id='line_1_48' title="bbox 241 1197 986 1237; baseline -0.001 -10"><span class='ocrx_word' id='word_1_355' title='bbox 241 1197 303 1227; x_wconf 83' lang='lat' dir='ltr'><strong>den’</strong></span> <span class='ocrx_word' id='word_1_356' title='bbox 316 1198 348 1227; x_wconf 90' lang='lat' dir='ltr'><strong>tri</strong></span> <span class='ocrx_word' id='word_1_357' title='bbox 371 1198 434 1227; x_wconf 84' lang='lat' dir='ltr'><strong>unal</strong></span> <span class='ocrx_word' id='word_1_358' title='bbox 445 1199 515 1227; x_wconf 86' lang='lat' dir='ltr'><strong>intra</strong></span> <span class='ocrx_word' id='word_1_359' title='bbox 523 1197 657 1227; x_wconf 83' lang='lat' dir='ltr'><strong>Adamum</strong></span> <span class='ocrx_word' id='word_1_360' title='bbox 667 1198 797 1237; x_wconf 85' lang='lat' dir='ltr'><strong>positum,</strong></span> <span class='ocrx_word' id='word_1_361' title='bbox 809 1197 899 1237; x_wconf 89' lang='lat' dir='ltr'><strong>ipsum</strong></span> <span class='ocrx_word' id='word_1_362' title='bbox 909 1198 986 1227; x_wconf 88' lang='lat' dir='ltr'><strong>incu-</strong></span> 
     </span>
     <span class='ocr_line' id='line_1_49' title="bbox 241 1237 983 1276; baseline 0 -10"><span class='ocrx_word' id='word_1_363' title='bbox 241 1247 313 1272; x_wconf 84' lang='lat' dir='ltr'><strong>sans,</strong></span> <span class='ocrx_word' id='word_1_364' title='bbox 325 1237 398 1276; x_wconf 88' lang='lat' dir='ltr'><strong>quod</strong></span> <span class='ocrx_word' id='word_1_365' title='bbox 405 1248 420 1266; x_wconf 86' lang='lat' dir='ltr'><strong>a</strong></span> <span class='ocrx_word' id='word_1_366' title='bbox 429 1239 487 1267; x_wconf 91' lang='lat' dir='ltr'><strong>Deo</strong></span> <span class='ocrx_word' id='word_1_367' title='bbox 494 1247 522 1265; x_wconf 83' lang='lat' dir='ltr'><strong>se</strong></span> <span class='ocrx_word' id='word_1_368' title='bbox 532 1237 745 1267; x_wconf 77' lang='lat' dir='ltr'><strong>abalienaverit?</strong></span> <span class='ocrx_word' id='word_1_369' title='bbox 754 1237 883 1275; x_wconf 79' lang='lat' dir='ltr'><strong>Dixitque</strong></span> <span class='ocrx_word' id='word_1_370' title='bbox 891 1238 965 1266; x_wconf 90' lang='lat' dir='ltr'><strong>Deus</strong></span> <span class='ocrx_word' id='word_1_371' title='bbox 976 1249 983 1266; x_wconf 86' lang='lat'>:</span> 
     </span>
     <span class='ocr_line' id='line_1_50' title="bbox 246 1276 987 1315; baseline -0.001 -10"><span class='ocrx_word' id='word_1_372' title='bbox 246 1277 317 1315; x_wconf 86' lang='lat' dir='ltr'><strong>Quis</strong></span> <span class='ocrx_word' id='word_1_373' title='bbox 329 1278 382 1305; x_wconf 84' lang='lat' dir='ltr'><strong>tibi</strong></span> <span class='ocrx_word' id='word_1_374' title='bbox 392 1277 546 1312; x_wconf 81' lang='lat' dir='ltr'><strong>indicavit,</strong></span> <span class='ocrx_word' id='word_1_375' title='bbox 558 1276 638 1315; x_wconf 83' lang='lat' dir='ltr'><strong>quod</strong></span> <span class='ocrx_word' id='word_1_376' title='bbox 649 1277 746 1306; x_wconf 80' lang='lat' dir='ltr'><strong>nudus</strong></span> <span class='ocrx_word' id='word_1_377' title='bbox 752 1286 837 1312; x_wconf 85' lang='lat' dir='ltr'><strong>esses,</strong></span> <span class='ocrx_word' id='word_1_378' title='bbox 851 1277 908 1305; x_wconf 87' lang='lat' dir='ltr'><strong>nisi</strong></span> <span class='ocrx_word' id='word_1_379' title='bbox 915 1280 987 1315; x_wconf 79' lang='lat' dir='ltr'><strong>quia</strong></span> 
     </span>
     <span class='ocr_line' id='line_1_51' title="bbox 242 1315 985 1355; baseline -0.003 -10"><span class='ocrx_word' id='word_1_380' title='bbox 242 1327 279 1346; x_wconf 75' lang='lat' dir='ltr'><strong>ex</strong></span> <span class='ocrx_word' id='word_1_381' title='bbox 293 1316 429 1355; x_wconf 43' lang='lat' dir='ltr'><strong>lignozex</strong></span> <span class='ocrx_word' id='word_1_382' title='bbox 446 1326 505 1354; x_wconf 84' lang='lat' dir='ltr'><strong>quo</strong></span> <span class='ocrx_word' id='word_1_383' title='bbox 516 1316 579 1353; x_wconf 86' lang='lat' dir='ltr'><strong>solo</strong></span> <span class='ocrx_word' id='word_1_384' title='bbox 592 1325 784 1354; x_wconf 68' lang='lat' dir='ltr'><strong>praeceperam</strong></span> <span class='ocrx_word' id='word_1_385' title='bbox 796 1315 847 1344; x_wconf 76' lang='lat' dir='ltr'><strong>tibi</strong></span> <span class='ocrx_word' id='word_1_386' title='bbox 858 1325 894 1343; x_wconf 85' lang='lat' dir='ltr'><strong>ne</strong></span> <span class='ocrx_word' id='word_1_387' title='bbox 906 1325 985 1344; x_wconf 83' lang='lat' dir='ltr'><strong>com-</strong></span> 
     </span>
     <span class='ocr_line' id='line_1_52' title="bbox 243 1353 985 1392; baseline -0.003 -7"><span class='ocrx_word' id='word_1_388' title='bbox 243 1356 353 1392; x_wconf 80' lang='lat' dir='ltr'><strong>ederes,</strong></span> <span class='ocrx_word' id='word_1_389' title='bbox 365 1366 402 1384; x_wconf 79' lang='lat' dir='ltr'><strong>ex</strong></span> <span class='ocrx_word' id='word_1_390' title='bbox 421 1355 478 1384; x_wconf 78' lang='lat' dir='ltr'><strong>illo</strong></span> <span class='ocrx_word' id='word_1_391' title='bbox 501 1355 652 1384; x_wconf 81' lang='lat' dir='ltr'><strong>comedisti</strong></span> <span class='ocrx_word' id='word_1_392' title='bbox 659 1357 672 1382; x_wconf 85' lang='lat'>?</span> <span class='ocrx_word' id='word_1_393' title='bbox 697 1353 830 1383; x_wconf 87' lang='lat' dir='ltr'><strong>Dimisisti</strong></span> <span class='ocrx_word' id='word_1_394' title='bbox 853 1365 896 1383; x_wconf 91' lang='lat' dir='ltr'><strong>me</strong></span> <span class='ocrx_word' id='word_1_395' title='bbox 907 1355 985 1384; x_wconf 74' lang='lat' dir='ltr'><strong>Con-</strong></span> 
     </span>
     <span class='ocr_line' id='line_1_53' title="bbox 242 1393 986 1432; baseline -0.001 -8"><span class='ocrx_word' id='word_1_396' title='bbox 242 1395 369 1432; x_wconf 85' lang='lat' dir='ltr'><strong>ditorem,</strong></span> <span class='ocrx_word' id='word_1_397' title='bbox 385 1401 411 1424; x_wconf 91' lang='lat' dir='ltr'><strong>et</strong></span> <span class='ocrx_word' id='word_1_398' title='bbox 425 1394 460 1423; x_wconf 84' lang='lat' dir='ltr'><strong>ad</strong></span> <span class='ocrx_word' id='word_1_399' title='bbox 476 1394 616 1423; x_wconf 90' lang='lat' dir='ltr'><strong>inimicum</strong></span> <span class='ocrx_word' id='word_1_400' title='bbox 638 1393 759 1423; x_wconf 85' lang='lat' dir='ltr'><strong>defecisti</strong></span> <span class='ocrx_word' id='word_1_401' title='bbox 772 1405 779 1421; x_wconf 74' lang='lat'>2</span> <span class='ocrx_word' id='word_1_402' title='bbox 795 1393 929 1432; x_wconf 85' lang='lat' dir='ltr'><strong>reliquisti</strong></span> <span class='ocrx_word' id='word_1_403' title='bbox 943 1404 986 1423; x_wconf 91' lang='lat' dir='ltr'><strong>me</strong></span> 
     </span>
     <span class='ocr_line' id='line_1_54' title="bbox 242 1432 985 1472; baseline -0.003 -8"><span class='ocrx_word' id='word_1_404' title='bbox 242 1435 408 1471; x_wconf 84' lang='lat' dir='ltr'><strong>Creatorem,</strong></span> <span class='ocrx_word' id='word_1_405' title='bbox 424 1441 522 1464; x_wconf 89' lang='lat' dir='ltr'><strong>etcum</strong></span> <span class='ocrx_word' id='word_1_406' title='bbox 535 1433 675 1463; x_wconf 86' lang='lat' dir='ltr'><strong>seductore</strong></span> <span class='ocrx_word' id='word_1_407' title='bbox 684 1432 853 1463; x_wconf 86' lang='lat' dir='ltr'><strong>consensisti.</strong></span> <span class='ocrx_word' id='word_1_408' title='bbox 866 1433 925 1472; x_wconf 85' lang='lat' dir='ltr'><strong>Ego</strong></span> <span class='ocrx_word' id='word_1_409' title='bbox 936 1432 985 1462; x_wconf 88' lang='lat' dir='ltr'><strong>tibi</strong></span> 
     </span>
     <span class='ocr_line' id='line_1_55' title="bbox 243 1472 987 1514; baseline -0.003 -11"><span class='ocrx_word' id='word_1_410' title='bbox 243 1484 329 1514; x_wconf 79' lang='lat' dir='ltr'><strong>praece</strong></span> <span class='ocrx_word' id='word_1_411' title='bbox 348 1484 422 1503; x_wconf 84' lang='lat' dir='ltr'><strong>eram</strong></span> <span class='ocrx_word' id='word_1_412' title='bbox 440 1480 471 1503; x_wconf 89' lang='lat' dir='ltr'><strong>ut</strong></span> <span class='ocrx_word' id='word_1_413' title='bbox 491 1483 524 1502; x_wconf 90' lang='lat' dir='ltr'><strong>ne</strong></span> <span class='ocrx_word' id='word_1_414' title='bbox 537 1483 571 1502; x_wconf 83' lang='lat' dir='ltr'><strong>ex</strong></span> <span class='ocrx_word' id='word_1_415' title='bbox 584 1472 636 1502; x_wconf 86' lang='lat' dir='ltr'><strong>hoc</strong></span> <span class='ocrx_word' id='word_1_416' title='bbox 656 1472 714 1502; x_wconf 89' lang='lat' dir='ltr'><strong>solo</strong></span> <span class='ocrx_word' id='word_1_417' title='bbox 734 1472 897 1509; x_wconf 80' lang='lat' dir='ltr'><strong>comederes,</strong></span> <span class='ocrx_word' id='word_1_418' title='bbox 909 1479 936 1501; x_wconf 92' lang='lat' dir='ltr'><strong>et</strong></span> <span class='ocrx_word' id='word_1_419' title='bbox 956 1479 987 1501; x_wconf 90' lang='lat' dir='ltr'><strong>tu</strong></span> 
     </span>
     <span class='ocr_line' id='line_1_56' title="bbox 243 1485 985 1552; baseline -0.004 -9"><span class='ocrx_word' id='word_1_420' title='bbox 243 1524 306 1543; x_wconf 88' lang='lat' dir='ltr'><strong>cum</strong></span> <span class='ocrx_word' id='word_1_421' title='bbox 316 1485 426 1543; x_wconf 57' lang='lat' dir='ltr'><strong>diabolo</strong></span> <span class='ocrx_word' id='word_1_422' title='bbox 436 1510 582 1542; x_wconf 82' lang='lat' dir='ltr'><strong>&#39;consilium</strong></span> <span class='ocrx_word' id='word_1_423' title='bbox 596 1512 701 1542; x_wconf 80' lang='lat' dir='ltr'><strong>iniisti?</strong></span> <span class='ocrx_word' id='word_1_424' title='bbox 716 1511 866 1552; x_wconf 82' lang='lat' dir='ltr'><strong>Respondit</strong></span> <span class='ocrx_word' id='word_1_425' title='bbox 877 1511 965 1541; x_wconf 74' lang='lat' dir='ltr'><strong>Adam</strong></span> <span class='ocrx_word' id='word_1_426' title='bbox 978 1523 985 1539; x_wconf 88' lang='lat'><strong>:</strong></span> 
     </span>
    </p>
   </div>
   <div class='ocr_carea' id='block_1_19' title="bbox 1035 1076 1814 1554">
    <p class='ocr_par' dir='ltr' id='par_1_20' title="bbox 1035 1076 1814 1554">
     <span class='ocr_line' id='line_1_57' title="bbox 1037 1076 1812 1146; baseline -0.001 -38"><span class='ocrx_word' id='word_1_427' title='bbox 1037 1078 1086 1108; x_wconf 84' lang='grc' dir='ltr'><strong>Διὸ</strong></span> <span class='ocrx_word' id='word_1_428' title='bbox 1102 1080 1138 1112; x_wconf 82' lang='grc' dir='ltr'><strong>ὡς</strong></span> <span class='ocrx_word' id='word_1_429' title='bbox 1152 1079 1190 1118; x_wconf 79' lang='grc' dir='ltr'>μὴ</span> <span class='ocrx_word' id='word_1_430' title='bbox 1205 1079 1310 1119; x_wconf 83' lang='grc' dir='ltr'>ἔχοντες</span> <span class='ocrx_word' id='word_1_431' title='bbox 1329 1077 1472 1117; x_wconf 81' lang='grc' dir='ltr'>ἀπολογίαν</span> <span class='ocrx_word' id='word_1_432' title='bbox 1486 1077 1505 1114; x_wconf 83' lang='grc' dir='ltr'>ἢ</span> <span class='ocrx_word' id='word_1_433' title='bbox 1517 1077 1669 1146; x_wconf 58' lang='grc' dir='ltr'>παρἒσίαν</span> <span class='ocrx_word' id='word_1_434' title='bbox 1688 1076 1754 1117; x_wconf 76' lang='grc' dir='ltr'>πρὸς</span> <span class='ocrx_word' id='word_1_435' title='bbox 1767 1077 1812 1107; x_wconf 78' lang='grc' dir='ltr'><strong>τὸν</strong></span> 
     </span>
     <span class='ocr_line' id='line_1_58' title="bbox 1036 1115 1813 1159; baseline -0.003 -11"><span class='ocrx_word' id='word_1_436' title='bbox 1036 1117 1253 1159; x_wconf 74' lang='grc' dir='ltr'>κρυφιογνώστην</span> <span class='ocrx_word' id='word_1_437' title='bbox 1263 1141 1272 1156; x_wconf 84' lang='grc'>,</span> <span class='ocrx_word' id='word_1_438' title='bbox 1287 1118 1365 1152; x_wconf 75' lang='grc' dir='ltr'>αὐτὸς</span> <span class='ocrx_word' id='word_1_439' title='bbox 1378 1120 1392 1148; x_wconf 85' lang='grc' dir='ltr'><strong>ὁ</strong></span> <span class='ocrx_word' id='word_1_440' title='bbox 1405 1118 1504 1152; x_wconf 81' lang='grc' dir='ltr'>ἐτάζων</span> <span class='ocrx_word' id='word_1_441' title='bbox 1522 1129 1557 1147; x_wconf 70' lang='grc' dir='ltr'>κα</span> <span class='ocrx_word' id='word_1_442' title='bbox 1592 1116 1632 1151; x_wconf 78' lang='grc' dir='ltr'><strong>ίας</strong></span> <span class='ocrx_word' id='word_1_443' title='bbox 1646 1115 1692 1147; x_wconf 75' lang='grc' dir='ltr'><strong>καὶ</strong></span> <span class='ocrx_word' id='word_1_444' title='bbox 1704 1116 1813 1157; x_wconf 65' lang='grc' dir='ltr'>νεφρούς</span> 
     </span>
     <span class='ocr_line' id='line_1_59' title="bbox 1037 1156 1814 1208; baseline -0.003 -21"><span class='ocrx_word' id='word_1_445' title='bbox 1037 1170 1102 1199; x_wconf 87' lang='grc' dir='ltr'>φησι</span> <span class='ocrx_word' id='word_1_446' title='bbox 1115 1157 1181 1198; x_wconf 77' lang='grc' dir='ltr'>πρὸς</span> <span class='ocrx_word' id='word_1_447' title='bbox 1199 1158 1244 1188; x_wconf 84' lang='grc' dir='ltr'><strong>τὸν</strong></span> <span class='ocrx_word' id='word_1_448' title='bbox 1258 1158 1358 1197; x_wconf 78' lang='grc' dir='ltr'>Ἀδᾶμ-</span> <span class='ocrx_word' id='word_1_449' title='bbox 1371 1156 1466 1197; x_wconf 78' lang='grc' dir='ltr'>Ἀδὰμ,</span> <span class='ocrx_word' id='word_1_450' title='bbox 1480 1160 1532 1187; x_wconf 76' lang='grc' dir='ltr'><strong>ποῦ</strong></span> <span class='ocrx_word' id='word_1_451' title='bbox 1546 1169 1558 1187; x_wconf 89' lang='grc' dir='ltr'>ε</span> <span class='ocrx_word' id='word_1_452' title='bbox 1575 1169 1584 1193; x_wconf 89' lang='lat'>;</span> <span class='ocrx_word' id='word_1_453' title='bbox 1601 1156 1733 1208; x_wconf 87' lang='grc' dir='ltr'>πρόφασιν</span> <span class='ocrx_word' id='word_1_454' title='bbox 1747 1158 1814 1185; x_wconf 80' lang='grc' dir='ltr'>ἀπο-</span> 
     </span>
     <span class='ocr_line' id='line_1_60' title="bbox 1035 1191 1814 1238; baseline -0.003 -11"><span class='ocrx_word' id='word_1_455' title='bbox 1035 1197 1126 1237; x_wconf 84' lang='grc' dir='ltr'>λογίας</span> <span class='ocrx_word' id='word_1_456' title='bbox 1141 1199 1229 1232; x_wconf 85' lang='grc' dir='ltr'>αὖτοῑς</span> <span class='ocrx_word' id='word_1_457' title='bbox 1259 1197 1411 1238; x_wconf 86' lang='grc' dir='ltr'>αριζόμενος</span> <span class='ocrx_word' id='word_1_458' title='bbox 1421 1209 1428 1216; x_wconf 87' lang='grc'><em>·</em></span> <span class='ocrx_word' id='word_1_459' title='bbox 1444 1198 1502 1227; x_wconf 74' lang='grc' dir='ltr'><strong>Ποῦ</strong></span> <span class='ocrx_word' id='word_1_460' title='bbox 1516 1191 1556 1234; x_wconf 49' lang='lat' dir='ltr'><strong>sl}</strong></span> <span class='ocrx_word' id='word_1_461' title='bbox 1571 1197 1638 1227; x_wconf 86' lang='grc' dir='ltr'>Ἰδου</span> <span class='ocrx_word' id='word_1_462' title='bbox 1654 1195 1700 1226; x_wconf 72' lang='grc' dir='ltr'><strong>καὶ</strong></span> <span class='ocrx_word' id='word_1_463' title='bbox 1712 1199 1760 1226; x_wconf 74' lang='grc' dir='ltr'><strong>τοῦ</strong></span> <span class='ocrx_word' id='word_1_464' title='bbox 1771 1195 1814 1230; x_wconf 83' lang='grc' dir='ltr'><strong>ξύ-</strong></span> 
     </span>
     <span class='ocr_line' id='line_1_61' title="bbox 1037 1211 1814 1278; baseline -0.004 -11"><span class='ocrx_word' id='word_1_465' title='bbox 1037 1239 1083 1267; x_wconf 80' lang='grc' dir='ltr'><strong>λου</strong></span> <span class='ocrx_word' id='word_1_466' title='bbox 1098 1237 1201 1278; x_wconf 81' lang='grc' dir='ltr'>ἔφαγες,</span> <span class='ocrx_word' id='word_1_467' title='bbox 1216 1211 1262 1268; x_wconf 54' lang='lat' dir='ltr'><strong>agl</strong></span> <span class='ocrx_word' id='word_1_468' title='bbox 1273 1240 1320 1273; x_wconf 75' lang='grc' dir='ltr'><strong>τῆς</strong></span> <span class='ocrx_word' id='word_1_469' title='bbox 1332 1236 1473 1276; x_wconf 68' lang='grc' dir='ltr'>ἐπιθυμίας</span> <span class='ocrx_word' id='word_1_470' title='bbox 1486 1238 1535 1267; x_wconf 71' lang='grc' dir='ltr'><strong>οὐκ</strong></span> <span class='ocrx_word' id='word_1_471' title='bbox 1548 1236 1675 1276; x_wconf 70' lang='grc' dir='ltr'>ἐπέτυχες</span> <span class='ocrx_word' id='word_1_472' title='bbox 1683 1247 1690 1254; x_wconf 93' lang='grc'>·</span> <span class='ocrx_word' id='word_1_473' title='bbox 1700 1234 1756 1266; x_wconf 70' lang='grc' dir='ltr'>ἰδοὺ</span> <span class='ocrx_word' id='word_1_474' title='bbox 1767 1235 1814 1265; x_wconf 70' lang='grc' dir='ltr'><strong>καὶ</strong></span> 
     </span>
     <span class='ocr_line' id='line_1_62' title="bbox 1037 1275 1813 1316; baseline -0.003 -10"><span class='ocrx_word' id='word_1_475' title='bbox 1037 1276 1086 1313; x_wconf 68' lang='grc' dir='ltr'><strong>τὴν</strong></span> <span class='ocrx_word' id='word_1_476' title='bbox 1097 1277 1250 1316; x_wconf 72' lang='grc' dir='ltr'>παράὸασιν</span> <span class='ocrx_word' id='word_1_477' title='bbox 1271 1277 1411 1313; x_wconf 81' lang='grc' dir='ltr'>ἐποίησας,</span> <span class='ocrx_word' id='word_1_478' title='bbox 1425 1276 1471 1306; x_wconf 72' lang='grc' dir='ltr'><strong>καὶ</strong></span> <span class='ocrx_word' id='word_1_479' title='bbox 1491 1279 1539 1312; x_wconf 80' lang='grc' dir='ltr'><strong>τῆς</strong></span> <span class='ocrx_word' id='word_1_480' title='bbox 1551 1276 1669 1309; x_wconf 60' lang='lat' dir='ltr'><strong>estimem&lt;</strong></span> <span class='ocrx_word' id='word_1_481' title='bbox 1683 1275 1813 1310; x_wconf 65' lang='grc' dir='ltr'>ἕξέπεσες.</span> 
     </span>
     <span class='ocr_line' id='line_1_63' title="bbox 1038 1312 1813 1356; baseline -0.003 -10"><span class='ocrx_word' id='word_1_482' title='bbox 1038 1316 1136 1354; x_wconf 78' lang='grc' dir='ltr'>Ἀδὰμ,</span> <span class='ocrx_word' id='word_1_483' title='bbox 1152 1319 1203 1346; x_wconf 78' lang='grc' dir='ltr'><strong>ποῦ</strong></span> <span class='ocrx_word' id='word_1_484' title='bbox 1217 1312 1254 1354; x_wconf 69' lang='grc' dir='ltr'>εἶ,</span> <span class='ocrx_word' id='word_1_485' title='bbox 1269 1317 1303 1346; x_wconf 87' lang='grc' dir='ltr'>Ὁ</span> <span class='ocrx_word' id='word_1_486' title='bbox 1317 1317 1345 1346; x_wconf 81' lang='grc' dir='ltr'><strong>δὲ</strong></span> <span class='ocrx_word' id='word_1_487' title='bbox 1354 1339 1362 1352; x_wconf 89' lang='grc'>,</span> <span class='ocrx_word' id='word_1_488' title='bbox 1376 1318 1434 1351; x_wconf 79' lang='grc' dir='ltr'><strong>Τῆς</strong></span> <span class='ocrx_word' id='word_1_489' title='bbox 1455 1318 1542 1356; x_wconf 70' lang='grc' dir='ltr'>φωνῆς</span> <span class='ocrx_word' id='word_1_490' title='bbox 1555 1328 1602 1346; x_wconf 91' lang='grc' dir='ltr'><strong>σου</strong></span> <span class='ocrx_word' id='word_1_491' title='bbox 1621 1315 1724 1351; x_wconf 84' lang='grc' dir='ltr'>ἤκουσα</span> <span class='ocrx_word' id='word_1_492' title='bbox 1736 1326 1813 1354; x_wconf 77' lang='grc' dir='ltr'>περι-</span> 
     </span>
     <span class='ocr_line' id='line_1_64' title="bbox 1036 1353 1814 1395; baseline -0.001 -11"><span class='ocrx_word' id='word_1_493' title='bbox 1036 1359 1182 1389; x_wconf 81' lang='grc' dir='ltr'>πατοῦντος</span> <span class='ocrx_word' id='word_1_494' title='bbox 1207 1357 1233 1385; x_wconf 87' lang='grc' dir='ltr'><strong>ἐν</strong></span> <span class='ocrx_word' id='word_1_495' title='bbox 1260 1357 1299 1384; x_wconf 83' lang='grc' dir='ltr'>τῶ</span> <span class='ocrx_word' id='word_1_496' title='bbox 1327 1355 1480 1395; x_wconf 81' lang='grc' dir='ltr'>παραδείσῳ</span> <span class='ocrx_word' id='word_1_497' title='bbox 1490 1378 1498 1391; x_wconf 94' lang='grc'>,</span> <span class='ocrx_word' id='word_1_498' title='bbox 1527 1355 1573 1384; x_wconf 75' lang='grc' dir='ltr'>καὶ</span> <span class='ocrx_word' id='word_1_499' title='bbox 1603 1354 1733 1395; x_wconf 77' lang='grc' dir='ltr'>ἐφοόήθην</span> <span class='ocrx_word' id='word_1_500' title='bbox 1741 1376 1750 1390; x_wconf 84' lang='grc'>,</span> <span class='ocrx_word' id='word_1_501' title='bbox 1773 1353 1814 1383; x_wconf 77' lang='grc' dir='ltr'><strong>ὅτι</strong></span> 
     </span>
     <span class='ocr_line' id='line_1_65' title="bbox 1037 1384 1813 1435; baseline -0.003 -11"><span class='ocrx_word' id='word_1_502' title='bbox 1037 1394 1134 1434; x_wconf 87' lang='grc' dir='ltr'>γυμνός</span> <span class='ocrx_word' id='word_1_503' title='bbox 1144 1397 1211 1434; x_wconf 86' lang='grc' dir='ltr'>εἰμι,</span> <span class='ocrx_word' id='word_1_504' title='bbox 1222 1395 1267 1424; x_wconf 80' lang='grc' dir='ltr'>καὶ</span> <span class='ocrx_word' id='word_1_505' title='bbox 1276 1384 1400 1435; x_wconf 63' lang='grc' dir='ltr'>ἕκρύὸην.</span> <span class='ocrx_word' id='word_1_506' title='bbox 1409 1394 1492 1434; x_wconf 72' lang='grc' dir='ltr'>Ὁρᾷς</span> <span class='ocrx_word' id='word_1_507' title='bbox 1503 1396 1551 1430; x_wconf 74' lang='grc' dir='ltr'><strong>τῆς</strong></span> <span class='ocrx_word' id='word_1_508' title='bbox 1564 1393 1695 1434; x_wconf 79' lang='grc' dir='ltr'>ἁμαρτίας</span> <span class='ocrx_word' id='word_1_509' title='bbox 1707 1393 1756 1429; x_wconf 69' lang='grc' dir='ltr'>ἰ-λν</span> <span class='ocrx_word' id='word_1_510' title='bbox 1770 1394 1813 1422; x_wconf 78' lang='grc' dir='ltr'><strong>ἓν-</strong></span> 
     </span>
     <span class='ocr_line' id='line_1_66' title="bbox 1038 1433 1813 1474; baseline -0.003 -12"><span class='ocrx_word' id='word_1_511' title='bbox 1038 1434 1156 1474; x_wconf 78' lang='grc' dir='ltr'>τροπήν;</span> <span class='ocrx_word' id='word_1_512' title='bbox 1177 1437 1238 1474; x_wconf 80' lang='grc' dir='ltr'>ὁρᾷς</span> <span class='ocrx_word' id='word_1_513' title='bbox 1263 1436 1312 1470; x_wconf 83' lang='grc' dir='ltr'>τ’ἠς</span> <span class='ocrx_word' id='word_1_514' title='bbox 1333 1433 1510 1474; x_wconf 77' lang='grc' dir='ltr'>παραὸάσεως</span> <span class='ocrx_word' id='word_1_515' title='bbox 1532 1433 1581 1470; x_wconf 76' lang='grc' dir='ltr'><strong>τὴν</strong></span> <span class='ocrx_word' id='word_1_516' title='bbox 1605 1433 1813 1474; x_wconf 79' lang='grc' dir='ltr'>ἀσχημοσύνην;</span> 
     </span>
     <span class='ocr_line' id='line_1_67' title="bbox 1039 1472 1814 1514; baseline 0 -12"><span class='ocrx_word' id='word_1_517' title='bbox 1039 1475 1101 1514; x_wconf 75' lang='grc' dir='ltr'>ὁρᾷς</span> <span class='ocrx_word' id='word_1_518' title='bbox 1110 1474 1141 1504; x_wconf 86' lang='grc' dir='ltr'>τὸ</span> <span class='ocrx_word' id='word_1_519' title='bbox 1151 1474 1319 1514; x_wconf 75' lang='grc' dir='ltr'>δικαστήριον</span> <span class='ocrx_word' id='word_1_520' title='bbox 1330 1474 1360 1503; x_wconf 79' lang='grc' dir='ltr'>τὸ</span> <span class='ocrx_word' id='word_1_521' title='bbox 1369 1474 1470 1504; x_wconf 83' lang='grc' dir='ltr'>ἔνδοθεν</span> <span class='ocrx_word' id='word_1_522' title='bbox 1481 1472 1655 1512; x_wconf 82' lang='grc' dir='ltr'>γεγενημένον</span> <span class='ocrx_word' id='word_1_523' title='bbox 1664 1475 1703 1513; x_wconf 81' lang='grc' dir='ltr'>τῷ</span> <span class='ocrx_word' id='word_1_524' title='bbox 1715 1472 1798 1512; x_wconf 79' lang='grc' dir='ltr'>Ἀδὰμ</span> <span class='ocrx_word' id='word_1_525' title='bbox 1805 1495 1814 1510; x_wconf 96' lang='grc'>,</span> 
     </span>
     <span class='ocr_line' id='line_1_68' title="bbox 1040 1512 1814 1554; baseline -0.001 -11"><span class='ocrx_word' id='word_1_526' title='bbox 1040 1513 1085 1542; x_wconf 74' lang='grc' dir='ltr'>καὶ</span> <span class='ocrx_word' id='word_1_527' title='bbox 1096 1517 1260 1554; x_wconf 79' lang='grc' dir='ltr'>κατηγοροῦν</span> <span class='ocrx_word' id='word_1_528' title='bbox 1273 1513 1321 1550; x_wconf 71' lang='grc' dir='ltr'><strong>τὴν</strong></span> <span class='ocrx_word' id='word_1_529' title='bbox 1336 1515 1416 1543; x_wconf 79' lang='grc' dir='ltr'>αὐτοῦ</span> <span class='ocrx_word' id='word_1_530' title='bbox 1430 1514 1460 1543; x_wconf 78' lang='grc' dir='ltr'><strong>ἐκ</strong></span> <span class='ocrx_word' id='word_1_531' title='bbox 1473 1515 1519 1542; x_wconf 73' lang='grc' dir='ltr'><strong>τοῦ</strong></span> <span class='ocrx_word' id='word_1_532' title='bbox 1540 1514 1611 1543; x_wconf 75' lang='grc' dir='ltr'>Θεοῦ</span> <span class='ocrx_word' id='word_1_533' title='bbox 1626 1512 1814 1552; x_wconf 80' lang='grc' dir='ltr'>ἀλλοτρίωσιν;</span> 
     </span>
    </p>
   </div>
   <div class='ocr_carea' id='block_1_20' title="bbox 245 1547 1815 1603">
    <p class='ocr_par' dir='ltr' id='par_1_21' title="bbox 245 1547 1815 1603">
     <span class='ocr_line' id='line_1_69' title="bbox 245 1547 1815 1603; baseline -0.001 -21"><span class='ocrx_word' id='word_1_534' title='bbox 245 1553 365 1590; x_wconf 80' lang='lat' dir='ltr'><strong>Mulier,</strong></span> <span class='ocrx_word' id='word_1_535' title='bbox 377 1563 468 1592; x_wconf 85' lang='lat' dir='ltr'><strong>quam</strong></span> <span class='ocrx_word' id='word_1_536' title='bbox 481 1553 588 1581; x_wconf 84' lang='lat' dir='ltr'><strong>dedisti</strong></span> <span class='ocrx_word' id='word_1_537' title='bbox 601 1553 684 1587; x_wconf 77' lang='lat' dir='ltr'><strong>mihi,</strong></span> <span class='ocrx_word' id='word_1_538' title='bbox 697 1553 760 1591; x_wconf 84' lang='lat' dir='ltr'><strong>ipsa</strong></span> <span class='ocrx_word' id='word_1_539' title='bbox 768 1552 843 1580; x_wconf 79' lang='lat' dir='ltr'><strong>mihi</strong></span> <span class='ocrx_word' id='word_1_540' title='bbox 855 1552 936 1580; x_wconf 82' lang='lat' dir='ltr'><strong>dedit</strong></span> <span class='ocrx_word' id='word_1_541' title='bbox 951 1552 988 1580; x_wconf 80' lang='lat' dir='ltr'><strong>de</strong></span> <span class='ocrx_word' id='word_1_542' title='bbox 1041 1553 1094 1582; x_wconf 81' lang='grc' dir='ltr'>Καὶ</span> <span class='ocrx_word' id='word_1_543' title='bbox 1108 1549 1180 1583; x_wconf 75' lang='grc' dir='ltr'>εἶπεν</span> <span class='ocrx_word' id='word_1_544' title='bbox 1192 1556 1206 1583; x_wconf 85' lang='grc' dir='ltr'><strong>ὁ</strong></span> <span class='ocrx_word' id='word_1_545' title='bbox 1220 1553 1289 1586; x_wconf 87' lang='grc' dir='ltr'>Θεός</span> <span class='ocrx_word' id='word_1_546' title='bbox 1299 1565 1305 1571; x_wconf 94' lang='grc'><em>·</em></span> <span class='ocrx_word' id='word_1_547' title='bbox 1321 1552 1370 1586; x_wconf 81' lang='grc' dir='ltr'><strong>Τίς</strong></span> <span class='ocrx_word' id='word_1_548' title='bbox 1388 1552 1528 1592; x_wconf 70' lang='grc' dir='ltr'>ἀνήγγειλε</span> <span class='ocrx_word' id='word_1_549' title='bbox 1539 1565 1598 1589; x_wconf 90' lang='grc' dir='ltr'>σοι,</span> <span class='ocrx_word' id='word_1_550' title='bbox 1613 1552 1655 1582; x_wconf 81' lang='grc' dir='ltr'><strong>ὅτι</strong></span> <span class='ocrx_word' id='word_1_551' title='bbox 1664 1552 1762 1603; x_wconf 71' lang='grc' dir='ltr'>γυμνὸς</span> <span class='ocrx_word' id='word_1_552' title='bbox 1773 1547 1815 1602; x_wconf 56' lang='grc' dir='ltr'>εἴ,</span> 
     </span>
    </p>
   </div>
   <div class='ocr_carea' id='block_1_21' title="bbox 244 1589 985 1661">
    <p class='ocr_par' dir='ltr' id='par_1_22' title="bbox 244 1589 985 1661">
     <span class='ocr_line' id='line_1_70' title="bbox 244 1589 985 1661; baseline -0.001 -40"><span class='ocrx_word' id='word_1_553' title='bbox 244 1593 337 1661; x_wconf 53' lang='lat' dir='ltr'><strong>ligno,</strong></span> <span class='ocrx_word' id='word_1_554' title='bbox 352 1598 381 1621; x_wconf 84' lang='lat' dir='ltr'><strong>et</strong></span> <span class='ocrx_word' id='word_1_555' title='bbox 401 1592 525 1622; x_wconf 83' lang='lat' dir='ltr'><strong>comedi.</strong></span> <span class='ocrx_word' id='word_1_556' title='bbox 536 1592 561 1621; x_wconf 90' lang='grc' dir='ltr'>Ο</span> <span class='ocrx_word' id='word_1_557' title='bbox 572 1591 712 1620; x_wconf 89' lang='lat' dir='ltr'><strong>obtentum</strong></span> <span class='ocrx_word' id='word_1_558' title='bbox 733 1590 836 1620; x_wconf 90' lang='lat' dir='ltr'><strong>ratione</strong></span> <span class='ocrx_word' id='word_1_559' title='bbox 849 1601 966 1621; x_wconf 87' lang='lat' dir='ltr'><strong>vacuum</strong></span> <span class='ocrx_word' id='word_1_560' title='bbox 977 1589 985 1620; x_wconf 73' lang='grc' dir='ltr'>Ξ</span> 
     </span>
    </p>
   </div>
   <div class='ocr_carea' id='block_1_22' title="bbox 993 1618 1032 1638">
    <p class='ocr_par' dir='ltr' id='par_1_23' title="bbox 993 1618 1032 1638">
     <span class='ocr_line' id='line_1_71' title="bbox 993 1618 1032 1638; baseline 0 -1"><span class='ocrx_word' id='word_1_561' title='bbox 993 1618 1032 1638; x_wconf 72' lang='grc' dir='ltr'><strong>ΜΊ</strong></span> 
     </span>
    </p>
   </div>
   <div class='ocr_carea' id='block_1_23' title="bbox 1041 1588 1752 1631">
    <p class='ocr_par' dir='ltr' id='par_1_24' title="bbox 1041 1588 1752 1631">
     <span class='ocr_line' id='line_1_72' title="bbox 1041 1588 1752 1631; baseline -0.001 -9"><span class='ocrx_word' id='word_1_562' title='bbox 1041 1594 1064 1621; x_wconf 86' lang='grc' dir='ltr'>εἷ</span> <span class='ocrx_word' id='word_1_563' title='bbox 1077 1592 1116 1631; x_wconf 82' lang='grc' dir='ltr'>μὴ</span> <span class='ocrx_word' id='word_1_564' title='bbox 1132 1593 1185 1622; x_wconf 79' lang='grc' dir='ltr'><strong>ἀπὸ</strong></span> <span class='ocrx_word' id='word_1_565' title='bbox 1198 1595 1244 1622; x_wconf 78' lang='grc' dir='ltr'><strong>τοῦ</strong></span> <span class='ocrx_word' id='word_1_566' title='bbox 1259 1592 1350 1629; x_wconf 81' lang='grc' dir='ltr'>ξύλου,</span> <span class='ocrx_word' id='word_1_567' title='bbox 1364 1588 1394 1622; x_wconf 71' lang='grc' dir='ltr'><strong>οὗ</strong></span> <span class='ocrx_word' id='word_1_568' title='bbox 1406 1592 1580 1631; x_wconf 78' lang='grc' dir='ltr'>ἐνετειλάμην</span> <span class='ocrx_word' id='word_1_569' title='bbox 1589 1603 1646 1627; x_wconf 84' lang='grc' dir='ltr'>σοι,</span> <span class='ocrx_word' id='word_1_570' title='bbox 1658 1604 1752 1622; x_wconf 79' lang='grc' dir='ltr'>τουτου</span> 
     </span>
    </p>
   </div>
   <div class='ocr_carea' id='block_1_24' title="bbox 243 1627 1815 1672">
    <p class='ocr_par' dir='ltr' id='par_1_25' title="bbox 243 1627 1815 1672">
     <span class='ocr_line' id='line_1_73' title="bbox 243 1627 1815 1672; baseline -0.001 -10"><span class='ocrx_word' id='word_1_571' title='bbox 243 1643 259 1661; x_wconf 88' lang='lat' dir='ltr'><strong>o</strong></span> <span class='ocrx_word' id='word_1_572' title='bbox 290 1632 450 1662; x_wconf 81' lang='lat' dir='ltr'><strong>efensionem</strong></span> <span class='ocrx_word' id='word_1_573' title='bbox 461 1631 581 1670; x_wconf 87' lang='lat' dir='ltr'><strong>loquenti</strong></span> <span class='ocrx_word' id='word_1_574' title='bbox 593 1630 628 1660; x_wconf 86' lang='lat' dir='ltr'><strong>ad</strong></span> <span class='ocrx_word' id='word_1_575' title='bbox 641 1630 712 1659; x_wconf 88' lang='lat' dir='ltr'><strong>nihil</strong></span> <span class='ocrx_word' id='word_1_576' title='bbox 725 1629 836 1659; x_wconf 76' lang='lat' dir='ltr'><strong>utilem!</strong></span> <span class='ocrx_word' id='word_1_577' title='bbox 852 1641 868 1659; x_wconf 94' lang='lat' dir='ltr'><strong>o</strong></span> <span class='ocrx_word' id='word_1_578' title='bbox 881 1629 987 1660; x_wconf 84' lang='lat' dir='ltr'><strong>dictum</strong></span> <span class='ocrx_word' id='word_1_579' title='bbox 1003 1646 1025 1669; x_wconf 62' lang='grc' dir='ltr'><strong>Α</strong></span> <span class='ocrx_word' id='word_1_580' title='bbox 1040 1643 1084 1661; x_wconf 90' lang='grc' dir='ltr'><strong>νου</strong></span> <span class='ocrx_word' id='word_1_581' title='bbox 1100 1631 1138 1671; x_wconf 84' lang='grc' dir='ltr'>μὴ</span> <span class='ocrx_word' id='word_1_582' title='bbox 1155 1636 1264 1672; x_wconf 81' lang='grc' dir='ltr'>φαγεῖν,</span> <span class='ocrx_word' id='word_1_583' title='bbox 1283 1633 1330 1661; x_wconf 85' lang='grc' dir='ltr'><strong>ἀπ’</strong></span> <span class='ocrx_word' id='word_1_584' title='bbox 1344 1634 1424 1662; x_wconf 79' lang='grc' dir='ltr'>αὐτοῦ</span> <span class='ocrx_word' id='word_1_585' title='bbox 1439 1627 1551 1672; x_wconf 51' lang='grc' dir='ltr'>ἔφαγες</span> <span class='ocrx_word' id='word_1_586' title='bbox 1567 1632 1682 1672; x_wconf 81' lang='grc' dir='ltr'>Ἀφῆκας</span> <span class='ocrx_word' id='word_1_587' title='bbox 1701 1630 1749 1671; x_wconf 81' lang='grc' dir='ltr'>ἐμὲ</span> <span class='ocrx_word' id='word_1_588' title='bbox 1769 1631 1815 1661; x_wconf 75' lang='grc' dir='ltr'><strong>τὸν</strong></span> 
     </span>
    </p>
   </div>
   <div class='ocr_carea' id='block_1_25' title="bbox 243 1668 993 2144">
    <p class='ocr_par' dir='ltr' id='par_1_26' title="bbox 243 1668 993 2144">
     <span class='ocr_line' id='line_1_74' title="bbox 243 1668 988 1701; baseline -0.003 0"><span class='ocrx_word' id='word_1_589' title='bbox 243 1682 366 1701; x_wconf 85' lang='lat' dir='ltr'><strong>amarum</strong></span> <span class='ocrx_word' id='word_1_590' title='bbox 384 1671 484 1701; x_wconf 78' lang='lat' dir='ltr'><strong>dicenti</strong></span> <span class='ocrx_word' id='word_1_591' title='bbox 504 1680 557 1699; x_wconf 89' lang='lat' dir='ltr'><strong>non</strong></span> <span class='ocrx_word' id='word_1_592' title='bbox 571 1669 705 1699; x_wconf 82' lang='lat' dir='ltr'><strong>salutare!</strong></span> <span class='ocrx_word' id='word_1_593' title='bbox 718 1671 841 1700; x_wconf 81' lang='lat' dir='ltr'><strong>Uxorem</strong></span> <span class='ocrx_word' id='word_1_594' title='bbox 860 1668 924 1699; x_wconf 84' lang='lat' dir='ltr'><strong>dedi</strong></span> <span class='ocrx_word' id='word_1_595' title='bbox 938 1669 988 1699; x_wconf 91' lang='lat' dir='ltr'><strong>tibi</strong></span> 
     </span>
     <span class='ocr_line' id='line_1_75' title="bbox 244 1708 988 1752; baseline -0.004 -11"><span class='ocrx_word' id='word_1_596' title='bbox 244 1711 414 1752; x_wconf 78' lang='lat' dir='ltr'><strong>adjutricem,</strong></span> <span class='ocrx_word' id='word_1_597' title='bbox 437 1721 491 1740; x_wconf 87' lang='lat' dir='ltr'><strong>non</strong></span> <span class='ocrx_word' id='word_1_598' title='bbox 511 1710 603 1739; x_wconf 85' lang='lat' dir='ltr'><strong>heram</strong></span> <span class='ocrx_word' id='word_1_599' title='bbox 614 1722 622 1746; x_wconf 90' lang='lat'>;</span> <span class='ocrx_word' id='word_1_600' title='bbox 641 1716 802 1746; x_wconf 86' lang='lat' dir='ltr'><strong>consortem,</strong></span> <span class='ocrx_word' id='word_1_601' title='bbox 825 1719 879 1738; x_wconf 90' lang='lat' dir='ltr'><strong>non</strong></span> <span class='ocrx_word' id='word_1_602' title='bbox 896 1708 988 1739; x_wconf 79' lang='lat' dir='ltr'><strong>domi-</strong></span> 
     </span>
     <span class='ocr_line' id='line_1_76' title="bbox 244 1749 989 1794; baseline -0.004 -13"><span class='ocrx_word' id='word_1_603' title='bbox 244 1762 322 1789; x_wconf 85' lang='lat' dir='ltr'><strong>nam;</strong></span> <span class='ocrx_word' id='word_1_604' title='bbox 338 1758 369 1781; x_wconf 85' lang='lat' dir='ltr'><strong>ut</strong></span> <span class='ocrx_word' id='word_1_605' title='bbox 388 1749 559 1786; x_wconf 87' lang='lat' dir='ltr'><strong>consentiret,</strong></span> <span class='ocrx_word' id='word_1_606' title='bbox 572 1759 625 1778; x_wconf 92' lang='lat' dir='ltr'><strong>non</strong></span> <span class='ocrx_word' id='word_1_607' title='bbox 640 1756 670 1778; x_wconf 90' lang='lat' dir='ltr'><strong>ut</strong></span> <span class='ocrx_word' id='word_1_608' title='bbox 689 1749 812 1786; x_wconf 84' lang='lat' dir='ltr'><strong>doceret;</strong></span> <span class='ocrx_word' id='word_1_609' title='bbox 832 1749 989 1794; x_wconf 70' lang='lat' dir='ltr'><strong>conjugem,</strong></span> 
     </span>
     <span class='ocr_line' id='line_1_77' title="bbox 245 1788 987 1831; baseline -0.003 -12"><span class='ocrx_word' id='word_1_610' title='bbox 245 1801 297 1819; x_wconf 91' lang='lat' dir='ltr'><strong>non</strong></span> <span class='ocrx_word' id='word_1_611' title='bbox 320 1791 512 1831; x_wconf 77' lang='lat' dir='ltr'><strong>imperantem3</strong></span> <span class='ocrx_word' id='word_1_612' title='bbox 532 1788 669 1818; x_wconf 87' lang='lat' dir='ltr'><strong>subditam</strong></span> <span class='ocrx_word' id='word_1_613' title='bbox 678 1811 686 1824; x_wconf 90' lang='lat'>‚</span> <span class='ocrx_word' id='word_1_614' title='bbox 710 1799 763 1818; x_wconf 90' lang='lat' dir='ltr'><strong>non</strong></span> <span class='ocrx_word' id='word_1_615' title='bbox 784 1788 967 1818; x_wconf 77' lang='lat' dir='ltr'><strong>sublimiorem</strong></span> <span class='ocrx_word' id='word_1_616' title='bbox 976 1799 987 1827; x_wconf 70' lang='lat'>5</span> 
     </span>
     <span class='ocr_line' id='line_1_78' title="bbox 245 1827 990 1869; baseline -0.003 -11"><span class='ocrx_word' id='word_1_617' title='bbox 245 1829 297 1859; x_wconf 88' lang='lat' dir='ltr'><strong>tibi</strong></span> <span class='ocrx_word' id='word_1_618' title='bbox 313 1830 514 1869; x_wconf 76' lang='lat' dir='ltr'><strong>obsequentem,</strong></span> <span class='ocrx_word' id='word_1_619' title='bbox 533 1838 586 1857; x_wconf 87' lang='lat' dir='ltr'><strong>non</strong></span> <span class='ocrx_word' id='word_1_620' title='bbox 602 1835 628 1857; x_wconf 92' lang='lat' dir='ltr'><strong>te</strong></span> <span class='ocrx_word' id='word_1_621' title='bbox 639 1828 834 1866; x_wconf 79' lang='lat' dir='ltr'><strong>suh‘icientem.</strong></span> <span class='ocrx_word' id='word_1_622' title='bbox 850 1827 990 1865; x_wconf 85' lang='lat' dir='ltr'><strong>Quamob-</strong></span> 
     </span>
     <span class='ocr_line' id='line_1_79' title="bbox 246 1867 988 1909; baseline -0.001 -11"><span class='ocrx_word' id='word_1_623' title='bbox 246 1880 301 1899; x_wconf 81' lang='lat' dir='ltr'><strong>rem</strong></span> <span class='ocrx_word' id='word_1_624' title='bbox 317 1876 407 1909; x_wconf 86' lang='lat' dir='ltr'><strong>utpote</strong></span> <span class='ocrx_word' id='word_1_625' title='bbox 421 1869 468 1908; x_wconf 89' lang='lat' dir='ltr'><strong>qui</strong></span> <span class='ocrx_word' id='word_1_626' title='bbox 492 1867 634 1897; x_wconf 88' lang='lat' dir='ltr'><strong>inimicum</strong></span> <span class='ocrx_word' id='word_1_627' title='bbox 648 1878 681 1896; x_wconf 87' lang='lat' dir='ltr'><strong>au</strong></span> <span class='ocrx_word' id='word_1_628' title='bbox 704 1868 777 1904; x_wconf 88' lang='lat' dir='ltr'><strong>ieris,</strong></span> <span class='ocrx_word' id='word_1_629' title='bbox 792 1868 914 1906; x_wconf 88' lang='lat' dir='ltr'><strong>mihique</strong></span> <span class='ocrx_word' id='word_1_630' title='bbox 934 1878 988 1897; x_wconf 92' lang='lat' dir='ltr'><strong>non</strong></span> 
     </span>
     <span class='ocr_line' id='line_1_80' title="bbox 246 1906 988 1948; baseline -0.003 -10"><span class='ocrx_word' id='word_1_631' title='bbox 246 1908 483 1948; x_wconf 75' lang='lat' dir='ltr'><strong>obtnmperaverIs,</strong></span> <span class='ocrx_word' id='word_1_632' title='bbox 495 1907 586 1946; x_wconf 84' lang='lat' dir='ltr'><strong>accipe</strong></span> <span class='ocrx_word' id='word_1_633' title='bbox 603 1907 808 1946; x_wconf 83' lang='lat' dir='ltr'><strong>correptionem,</strong></span> <span class='ocrx_word' id='word_1_634' title='bbox 821 1918 903 1946; x_wconf 91' lang='lat' dir='ltr'><strong>quam</strong></span> <span class='ocrx_word' id='word_1_635' title='bbox 922 1906 988 1936; x_wconf 89' lang='lat' dir='ltr'><strong>diu-</strong></span> 
     </span>
     <span class='ocr_line' id='line_1_81' title="bbox 247 1946 988 1986; baseline -0.001 -9"><span class='ocrx_word' id='word_1_636' title='bbox 247 1955 327 1977; x_wconf 89' lang='lat' dir='ltr'><strong>turna</strong></span> <span class='ocrx_word' id='word_1_637' title='bbox 340 1948 437 1977; x_wconf 81' lang='lat' dir='ltr'><strong>saecula</strong></span> <span class='ocrx_word' id='word_1_638' title='bbox 449 1957 502 1976; x_wconf 88' lang='lat' dir='ltr'><strong>non</strong></span> <span class='ocrx_word' id='word_1_639' title='bbox 515 1946 668 1983; x_wconf 79' lang='lat' dir='ltr'><strong>mutabunt,</strong></span> <span class='ocrx_word' id='word_1_640' title='bbox 681 1946 759 1986; x_wconf 87' lang='lat' dir='ltr'><strong>cujus</strong></span> <span class='ocrx_word' id='word_1_641' title='bbox 772 1947 900 1976; x_wconf 87' lang='lat' dir='ltr'><strong>terminos</strong></span> <span class='ocrx_word' id='word_1_642' title='bbox 911 1957 988 1976; x_wconf 88' lang='lat' dir='ltr'><strong>nemo</strong></span> 
     </span>
     <span class='ocr_line' id='line_1_82' title="bbox 248 1984 990 2026; baseline -0.001 -10"><span class='ocrx_word' id='word_1_643' title='bbox 248 1986 469 2026; x_wconf 83' lang='lat' dir='ltr'><strong>transgredietur,</strong></span> <span class='ocrx_word' id='word_1_644' title='bbox 478 1984 554 2025; x_wconf 86' lang='lat' dir='ltr'><strong>quod</strong></span> <span class='ocrx_word' id='word_1_645' title='bbox 562 1985 672 2025; x_wconf 85' lang='lat' dir='ltr'><strong>pelagus</strong></span> <span class='ocrx_word' id='word_1_646' title='bbox 679 1996 732 2015; x_wconf 91' lang='lat' dir='ltr'><strong>non</strong></span> <span class='ocrx_word' id='word_1_647' title='bbox 743 1985 858 2026; x_wconf 85' lang='lat' dir='ltr'><strong>trajiciet</strong></span> <span class='ocrx_word' id='word_1_648' title='bbox 866 1986 990 2025; x_wconf 86' lang='lat' dir='ltr'><strong>quisquis</strong></span> 
     </span>
     <span class='ocr_line' id='line_1_83' title="bbox 248 2024 990 2065; baseline 0 -10"><span class='ocrx_word' id='word_1_649' title='bbox 248 2033 366 2056; x_wconf 85' lang='lat' dir='ltr'><strong>assumto</strong></span> <span class='ocrx_word' id='word_1_650' title='bbox 376 2036 488 2065; x_wconf 89' lang='lat' dir='ltr'><strong>corpore</strong></span> <span class='ocrx_word' id='word_1_651' title='bbox 498 2025 586 2055; x_wconf 87' lang='lat' dir='ltr'><strong>veniet</strong></span> <span class='ocrx_word' id='word_1_652' title='bbox 600 2024 627 2053; x_wconf 87' lang='lat' dir='ltr'><strong>in</strong></span> <span class='ocrx_word' id='word_1_653' title='bbox 639 2025 783 2054; x_wconf 89' lang='lat' dir='ltr'><strong>mundum.</strong></span> <span class='ocrx_word' id='word_1_654' title='bbox 795 2025 878 2062; x_wconf 86' lang='lat' dir='ltr'><strong>Vide,</strong></span> <span class='ocrx_word' id='word_1_655' title='bbox 890 2025 990 2061; x_wconf 81' lang='lat' dir='ltr'><strong>Adam,</strong></span> 
     </span>
     <span class='ocr_line' id='line_1_84' title="bbox 253 2066 993 2104; baseline 0 -10"><span class='ocrx_word' id='word_1_656' title='bbox 253 2066 330 2104; x_wconf 84' lang='lat' dir='ltr'><strong>Quia</strong></span> <span class='ocrx_word' id='word_1_657' title='bbox 338 2067 445 2095; x_wconf 75' lang='lat' dir='ltr'><strong>audisti</strong></span> <span class='ocrx_word' id='word_1_658' title='bbox 457 2074 560 2094; x_wconf 87' lang='lat' dir='ltr'><strong>vocem</strong></span> <span class='ocrx_word' id='word_1_659' title='bbox 568 2066 667 2093; x_wconf 74' lang='lat' dir='ltr'><strong>uxoris</strong></span> <span class='ocrx_word' id='word_1_660' title='bbox 680 2071 746 2099; x_wconf 74' lang='lat' dir='ltr'><strong>tuce,</strong></span> <span class='ocrx_word' id='word_1_661' title='bbox 756 2071 784 2094; x_wconf 91' lang='lat' dir='ltr'><strong>et</strong></span> <span class='ocrx_word' id='word_1_662' title='bbox 795 2066 944 2094; x_wconf 74' lang='lat' dir='ltr'><strong>comedisti</strong></span> <span class='ocrx_word' id='word_1_663' title='bbox 956 2066 993 2094; x_wconf 88' lang='lat' dir='ltr'><strong>de</strong></span> 
     </span>
     <span class='ocr_line' id='line_1_85' title="bbox 250 2105 383 2144; baseline -0.008 -10"><span class='ocrx_word' id='word_1_664' title='bbox 250 2105 332 2144; x_wconf 84' lang='lat' dir='ltr'><strong>ligno</strong></span> <span class='ocrx_word' id='word_1_665' title='bbox 346 2106 383 2134; x_wconf 89' lang='lat' dir='ltr'><strong>de</strong></span> 
     </span>
    </p>
   </div>
   <div class='ocr_carea' id='block_1_26' title="bbox 251 2104 993 2180">
    <p class='ocr_par' dir='ltr' id='par_1_27' title="bbox 251 2104 993 2180">
     <span class='ocr_line' id='line_1_86' title="bbox 392 2104 993 2173; baseline 0.002 -40"><span class='ocrx_word' id='word_1_666' title='bbox 392 2115 449 2173; x_wconf 54' lang='lat' dir='ltr'><strong>quo</strong></span> <span class='ocrx_word' id='word_1_667' title='bbox 459 2104 521 2133; x_wconf 89' lang='lat' dir='ltr'><strong>solo</strong></span> <span class='ocrx_word' id='word_1_668' title='bbox 531 2113 723 2143; x_wconf 85' lang='lat' dir='ltr'><strong>praeceperam</strong></span> <span class='ocrx_word' id='word_1_669' title='bbox 740 2106 792 2134; x_wconf 79' lang='lat' dir='ltr'><strong>tibi</strong></span> <span class='ocrx_word' id='word_1_670' title='bbox 807 2115 843 2134; x_wconf 87' lang='lat' dir='ltr'><strong>ne</strong></span> <span class='ocrx_word' id='word_1_671' title='bbox 856 2105 993 2134; x_wconf 87' lang='lat' dir='ltr'><strong>comede-</strong></span> 
     </span>
     <span class='ocr_line' id='line_1_87' title="bbox 251 2154 390 2180; baseline 0.007 -7"><span class='ocrx_word' id='word_1_672' title='bbox 251 2154 296 2174; x_wconf 86' lang='lat' dir='ltr'><strong>res</strong></span> <span class='ocrx_word' id='word_1_673' title='bbox 305 2166 314 2180; x_wconf 92' lang='lat'><strong>,</strong></span> <span class='ocrx_word' id='word_1_674' title='bbox 341 2155 390 2174; x_wconf 87' lang='lat' dir='ltr'><strong>ma</strong></span> 
     </span>
    </p>
   </div>
   <div class='ocr_carea' id='block_1_27' title="bbox 249 2145 995 2499">
    <p class='ocr_par' dir='ltr' id='par_1_28' title="bbox 249 2145 995 2499">
     <span class='ocr_line' id='line_1_88' title="bbox 403 2145 993 2183; baseline 0 -11"><span class='ocrx_word' id='word_1_675' title='bbox 403 2145 498 2173; x_wconf 84' lang='lat' dir='ltr'><strong>edicta</strong></span> <span class='ocrx_word' id='word_1_676' title='bbox 520 2145 650 2172; x_wconf 82' lang='lat' dir='ltr'><strong>terrain</strong></span> <span class='ocrx_word' id='word_1_677' title='bbox 681 2145 811 2183; x_wconf 84' lang='lat' dir='ltr'><strong>operibus</strong></span> <span class='ocrx_word' id='word_1_678' title='bbox 839 2146 897 2174; x_wconf 81' lang='lat' dir='ltr'><strong>tuis</strong></span> <span class='ocrx_word' id='word_1_679' title='bbox 920 2157 928 2173; x_wconf 87' lang='grc'><strong>.-</strong></span> <span class='ocrx_word' id='word_1_680' title='bbox 961 2147 993 2173; x_wconf 86' lang='grc' dir='ltr'><strong>ἰη</strong></span> 
     </span>
     <span class='ocr_line' id='line_1_89' title="bbox 251 2182 993 2213; baseline 0.001 -1"><span class='ocrx_word' id='word_1_681' title='bbox 251 2183 402 2213; x_wconf 85' lang='lat' dir='ltr'><strong>doloribus</strong></span> <span class='ocrx_word' id='word_1_682' title='bbox 419 2183 547 2212; x_wconf 86' lang='lat' dir='ltr'><strong>comedes</strong></span> <span class='ocrx_word' id='word_1_683' title='bbox 557 2182 641 2211; x_wconf 87' lang='lat' dir='ltr'><strong>illam</strong></span> <span class='ocrx_word' id='word_1_684' title='bbox 663 2184 796 2212; x_wconf 84' lang='lat' dir='ltr'><strong>omnibus</strong></span> <span class='ocrx_word' id='word_1_685' title='bbox 809 2184 910 2213; x_wconf 81' lang='lat' dir='ltr'><strong>diebus</strong></span> <span class='ocrx_word' id='word_1_686' title='bbox 921 2185 993 2213; x_wconf 82' lang='lat' dir='ltr'><strong>vitoe</strong></span> 
     </span>
     <span class='ocr_line' id='line_1_90' title="bbox 251 2221 992 2263; baseline -0.001 -10"><span class='ocrx_word' id='word_1_687' title='bbox 251 2229 319 2253; x_wconf 81' lang='lat' dir='ltr'><strong>tuoe.</strong></span> <span class='ocrx_word' id='word_1_688' title='bbox 338 2223 444 2263; x_wconf 84' lang='lat' dir='ltr'><strong>Spinas</strong></span> <span class='ocrx_word' id='word_1_689' title='bbox 468 2228 496 2251; x_wconf 84' lang='lat' dir='ltr'><strong>et</strong></span> <span class='ocrx_word' id='word_1_690' title='bbox 525 2221 647 2251; x_wconf 82' lang='lat' dir='ltr'><strong>tribulos</strong></span> <span class='ocrx_word' id='word_1_691' title='bbox 668 2224 843 2259; x_wconf 83' lang='lat' dir='ltr'><strong>germinabit</strong></span> <span class='ocrx_word' id='word_1_692' title='bbox 865 2224 919 2252; x_wconf 87' lang='lat' dir='ltr'><strong>tibi</strong></span> <span class='ocrx_word' id='word_1_693' title='bbox 930 2246 938 2259; x_wconf 91' lang='lat'><strong><em>‚</em></strong></span> <span class='ocrx_word' id='word_1_694' title='bbox 963 2229 992 2252; x_wconf 87' lang='lat' dir='ltr'><strong>et</strong></span> 
     </span>
     <span class='ocr_line' id='line_1_91' title="bbox 250 2262 995 2329; baseline 0.001 -38"><span class='ocrx_word' id='word_1_695' title='bbox 250 2264 383 2293; x_wconf 83' lang='lat' dir='ltr'><strong>comedes</strong></span> <span class='ocrx_word' id='word_1_696' title='bbox 392 2263 514 2304; x_wconf 82' lang='lat' dir='ltr'><strong>soenum</strong></span> <span class='ocrx_word' id='word_1_697' title='bbox 538 2262 613 2329; x_wconf 58' lang='lat' dir='ltr'><strong>affri.</strong></span> <span class='ocrx_word' id='word_1_698' title='bbox 634 2263 672 2290; x_wconf 89' lang='lat' dir='ltr'><strong>In</strong></span> <span class='ocrx_word' id='word_1_699' title='bbox 695 2263 800 2290; x_wconf 81' lang='lat' dir='ltr'><strong>sudore</strong></span> <span class='ocrx_word' id='word_1_700' title='bbox 827 2263 928 2292; x_wconf 80' lang='lat' dir='ltr'><strong>vultus</strong></span> <span class='ocrx_word' id='word_1_701' title='bbox 952 2264 995 2292; x_wconf 84' lang='lat' dir='ltr'><strong>tui</strong></span> 
     </span>
     <span class='ocr_line' id='line_1_92' title="bbox 249 2302 992 2342; baseline -0.003 -10"><span class='ocrx_word' id='word_1_702' title='bbox 249 2304 376 2332; x_wconf 83' lang='lat' dir='ltr'><strong>vesceris</strong></span> <span class='ocrx_word' id='word_1_703' title='bbox 382 2313 461 2342; x_wconf 85' lang='lat' dir='ltr'><strong>pane</strong></span> <span class='ocrx_word' id='word_1_704' title='bbox 481 2307 540 2336; x_wconf 84' lang='lat' dir='ltr'><strong>tuo,</strong></span> <span class='ocrx_word' id='word_1_705' title='bbox 570 2311 643 2330; x_wconf 83' lang='lat' dir='ltr'><strong>onec</strong></span> <span class='ocrx_word' id='word_1_706' title='bbox 658 2302 812 2330; x_wconf 79' lang='lat' dir='ltr'><strong>revertaris</strong></span> <span class='ocrx_word' id='word_1_707' title='bbox 825 2303 857 2329; x_wconf 88' lang='lat' dir='ltr'><strong>in</strong></span> <span class='ocrx_word' id='word_1_708' title='bbox 875 2309 992 2338; x_wconf 83' lang='lat' dir='ltr'><strong>terram,</strong></span> 
     </span>
     <span class='ocr_line' id='line_1_93' title="bbox 249 2341 990 2381; baseline 0 -11"><span class='ocrx_word' id='word_1_709' title='bbox 249 2341 285 2371; x_wconf 86' lang='lat' dir='ltr'><strong>de</strong></span> <span class='ocrx_word' id='word_1_710' title='bbox 298 2352 358 2381; x_wconf 85' lang='lat' dir='ltr'><strong>qua</strong></span> <span class='ocrx_word' id='word_1_711' title='bbox 370 2348 483 2372; x_wconf 81' lang='lat' dir='ltr'><strong>sumtus</strong></span> <span class='ocrx_word' id='word_1_712' title='bbox 491 2351 521 2370; x_wconf 88' lang='lat' dir='ltr'><strong>es</strong></span> <span class='ocrx_word' id='word_1_713' title='bbox 535 2353 544 2369; x_wconf 89' lang='lat'><strong>.·</strong></span> <span class='ocrx_word' id='word_1_714' title='bbox 556 2341 627 2380; x_wconf 82' lang='lat' dir='ltr'><strong>quia</strong></span> <span class='ocrx_word' id='word_1_715' title='bbox 639 2346 717 2370; x_wconf 78' lang='lat' dir='ltr'><strong>terra</strong></span> <span class='ocrx_word' id='word_1_716' title='bbox 734 2350 774 2377; x_wconf 85' lang='lat' dir='ltr'><strong>es,</strong></span> <span class='ocrx_word' id='word_1_717' title='bbox 789 2348 816 2369; x_wconf 86' lang='lat' dir='ltr'><strong>et</strong></span> <span class='ocrx_word' id='word_1_718' title='bbox 834 2342 867 2369; x_wconf 88' lang='lat' dir='ltr'><strong>in</strong></span> <span class='ocrx_word' id='word_1_719' title='bbox 882 2348 990 2371; x_wconf 84' lang='lat' dir='ltr'><strong>terram</strong></span> 
     </span>
     <span class='ocr_line' id='line_1_94' title="bbox 249 2379 991 2419; baseline 0 -9"><span class='ocrx_word' id='word_1_720' title='bbox 249 2383 354 2411; x_wconf 85' lang='lat' dir='ltr'><strong>abibis.</strong></span> <span class='ocrx_word' id='word_1_721' title='bbox 371 2383 396 2412; x_wconf 93' lang='grc' dir='ltr'>Ο</span> <span class='ocrx_word' id='word_1_722' title='bbox 408 2379 633 2416; x_wconf 83' lang='lat' dir='ltr'><strong>maledictionem,</strong></span> <span class='ocrx_word' id='word_1_723' title='bbox 655 2390 715 2419; x_wconf 92' lang='lat' dir='ltr'><strong>quae</strong></span> <span class='ocrx_word' id='word_1_724' title='bbox 737 2379 894 2410; x_wconf 87' lang='lat' dir='ltr'><strong>visibilibus</strong></span> <span class='ocrx_word' id='word_1_725' title='bbox 907 2388 933 2410; x_wconf 89' lang='lat' dir='ltr'><strong>et</strong></span> <span class='ocrx_word' id='word_1_726' title='bbox 946 2381 991 2410; x_wconf 91' lang='lat' dir='ltr'><strong>in-</strong></span> 
     </span>
     <span class='ocr_line' id='line_1_95' title="bbox 249 2419 991 2459; baseline -0.001 -8"><span class='ocrx_word' id='word_1_727' title='bbox 249 2421 404 2452; x_wconf 85' lang='lat' dir='ltr'><strong>visibilibus</strong></span> <span class='ocrx_word' id='word_1_728' title='bbox 418 2428 560 2451; x_wconf 73' lang='lat' dir='ltr'><strong>tremooem</strong></span> <span class='ocrx_word' id='word_1_729' title='bbox 574 2419 689 2449; x_wconf 74' lang='lat' dir='ltr'><strong>incutit!</strong></span> <span class='ocrx_word' id='word_1_730' title='bbox 704 2429 721 2449; x_wconf 92' lang='grc' dir='ltr'><strong>ο</strong></span> <span class='ocrx_word' id='word_1_731' title='bbox 732 2419 848 2457; x_wconf 86' lang='lat' dir='ltr'><strong>dictum,</strong></span> <span class='ocrx_word' id='word_1_732' title='bbox 862 2420 935 2459; x_wconf 91' lang='lat' dir='ltr'><strong>quod</strong></span> <span class='ocrx_word' id='word_1_733' title='bbox 950 2420 991 2450; x_wconf 91' lang='lat' dir='ltr'><strong>in-</strong></span> 
     </span>
     <span class='ocr_line' id='line_1_96' title="bbox 249 2458 994 2499; baseline -0.004 -8"><span class='ocrx_word' id='word_1_734' title='bbox 249 2461 324 2491; x_wconf 81' lang='lat' dir='ltr'><strong>finita</strong></span> <span class='ocrx_word' id='word_1_735' title='bbox 334 2461 431 2491; x_wconf 83' lang='lat' dir='ltr'><strong>saeeula</strong></span> <span class='ocrx_word' id='word_1_736' title='bbox 437 2470 491 2489; x_wconf 87' lang='lat' dir='ltr'><strong>non</strong></span> <span class='ocrx_word' id='word_1_737' title='bbox 500 2459 644 2489; x_wconf 84' lang='lat' dir='ltr'><strong>mutabunt</strong></span> <span class='ocrx_word' id='word_1_738' title='bbox 653 2458 661 2488; x_wconf 74' lang='lat' dir='ltr'><strong>l</strong></span> <span class='ocrx_word' id='word_1_739' title='bbox 670 2469 687 2489; x_wconf 90' lang='lat' dir='ltr'><strong>o</strong></span> <span class='ocrx_word' id='word_1_740' title='bbox 696 2459 902 2499; x_wconf 83' lang='lat' dir='ltr'><strong>correptionem,</strong></span> <span class='ocrx_word' id='word_1_741' title='bbox 913 2470 994 2498; x_wconf 85' lang='lat' dir='ltr'><strong>quam</strong></span> 
     </span>
    </p>
   </div>
   <div class='ocr_carea' id='block_1_28' title="bbox 1010 2354 1027 2377">
    <p class='ocr_par' dir='ltr' id='par_1_29' title="bbox 1010 2354 1027 2377">
     <span class='ocr_line' id='line_1_97' title="bbox 1010 2354 1027 2377; baseline 0 0"><span class='ocrx_word' id='word_1_742' title='bbox 1010 2354 1027 2377; x_wconf 89' lang='lat' dir='ltr'>B</span> 
     </span>
    </p>
   </div>
   <div class='ocr_carea' id='block_1_29' title="bbox 1040 1670 1819 2505">
    <p class='ocr_par' dir='ltr' id='par_1_30' title="bbox 1040 1670 1819 2505">
     <span class='ocr_line' id='line_1_98' title="bbox 1040 1670 1815 1712; baseline -0.003 -11"><span class='ocrx_word' id='word_1_743' title='bbox 1040 1671 1198 1709; x_wconf 82' lang='grc' dir='ltr'>πλάσαντοι,</span> <span class='ocrx_word' id='word_1_744' title='bbox 1218 1671 1264 1701; x_wconf 77' lang='grc' dir='ltr'>καὶ</span> <span class='ocrx_word' id='word_1_745' title='bbox 1290 1673 1329 1712; x_wconf 81' lang='grc' dir='ltr'>τῷ</span> <span class='ocrx_word' id='word_1_746' title='bbox 1354 1673 1443 1712; x_wconf 81' lang='grc' dir='ltr'>ἐχθρῷ</span> <span class='ocrx_word' id='word_1_747' title='bbox 1467 1672 1630 1711; x_wconf 76' lang='grc' dir='ltr'>προσῆλθες·</span> <span class='ocrx_word' id='word_1_748' title='bbox 1651 1671 1742 1705; x_wconf 80' lang='grc' dir='ltr'>εἴασας</span> <span class='ocrx_word' id='word_1_749' title='bbox 1767 1670 1815 1710; x_wconf 79' lang='grc' dir='ltr'>ἐμὲ</span> 
     </span>
     <span class='ocr_line' id='line_1_99' title="bbox 1040 1710 1815 1752; baseline 0 -12"><span class='ocrx_word' id='word_1_750' title='bbox 1040 1710 1085 1740; x_wconf 84' lang='grc' dir='ltr'><strong>τὸν</strong></span> <span class='ocrx_word' id='word_1_751' title='bbox 1113 1712 1144 1748; x_wconf 87' lang='grc' dir='ltr'>δη</span> <span class='ocrx_word' id='word_1_752' title='bbox 1148 1711 1362 1751; x_wconf 84' lang='grc' dir='ltr'>μιουργήσαντα,</span> <span class='ocrx_word' id='word_1_753' title='bbox 1384 1711 1430 1741; x_wconf 76' lang='grc' dir='ltr'>καὶ</span> <span class='ocrx_word' id='word_1_754' title='bbox 1461 1713 1500 1751; x_wconf 82' lang='grc' dir='ltr'>τῷ</span> <span class='ocrx_word' id='word_1_755' title='bbox 1526 1711 1620 1752; x_wconf 80' lang='grc' dir='ltr'>πλάνῳ</span> <span class='ocrx_word' id='word_1_756' title='bbox 1643 1710 1815 1751; x_wconf 76' lang='grc' dir='ltr'>συγκατέθου.</span> 
     </span>
     <span class='ocr_line' id='line_1_100' title="bbox 1041 1749 1816 1791; baseline -0.001 -11"><span class='ocrx_word' id='word_1_757' title='bbox 1041 1750 1114 1790; x_wconf 85' lang='grc' dir='ltr'><strong>Ἐγώ</strong></span> <span class='ocrx_word' id='word_1_758' title='bbox 1128 1763 1168 1781; x_wconf 90' lang='grc' dir='ltr'><strong>σοι</strong></span> <span class='ocrx_word' id='word_1_759' title='bbox 1183 1751 1355 1790; x_wconf 81' lang='grc' dir='ltr'>ἐνετειλάμην</span> <span class='ocrx_word' id='word_1_760' title='bbox 1374 1749 1467 1781; x_wconf 84' lang='grc' dir='ltr'>τούτου</span> <span class='ocrx_word' id='word_1_761' title='bbox 1487 1750 1567 1790; x_wconf 81' lang='grc' dir='ltr'>μόνου</span> <span class='ocrx_word' id='word_1_762' title='bbox 1586 1763 1606 1790; x_wconf 87' lang='grc' dir='ltr'>μ</span> <span class='ocrx_word' id='word_1_763' title='bbox 1647 1754 1751 1791; x_wconf 74' lang='grc' dir='ltr'>φαγεῖν,</span> <span class='ocrx_word' id='word_1_764' title='bbox 1769 1750 1816 1780; x_wconf 77' lang='grc' dir='ltr'>καὶ</span> 
     </span>
     <span class='ocr_line' id='line_1_101' title="bbox 1041 1789 1815 1831; baseline 0 -11"><span class='ocrx_word' id='word_1_765' title='bbox 1041 1789 1073 1820; x_wconf 84' lang='grc' dir='ltr'><strong>σὺ</strong></span> <span class='ocrx_word' id='word_1_766' title='bbox 1092 1793 1131 1831; x_wconf 78' lang='grc' dir='ltr'>τῷ</span> <span class='ocrx_word' id='word_1_767' title='bbox 1147 1790 1262 1831; x_wconf 80' lang='grc' dir='ltr'>διαὸόλῳ</span> <span class='ocrx_word' id='word_1_768' title='bbox 1284 1791 1432 1830; x_wconf 79' lang='grc' dir='ltr'>σύμὸουλος</span> <span class='ocrx_word' id='word_1_769' title='bbox 1445 1790 1568 1831; x_wconf 56' lang='grc' dir='ltr'>γέγονας</span> <span class='ocrx_word' id='word_1_770' title='bbox 1618 1802 1666 1820; x_wconf 80' lang='grc' dir='ltr'><strong>πεν</strong></span> <span class='ocrx_word' id='word_1_771' title='bbox 1683 1792 1698 1820; x_wconf 79' lang='grc' dir='ltr'>ὁ</span> <span class='ocrx_word' id='word_1_772' title='bbox 1717 1789 1815 1828; x_wconf 79' lang='grc' dir='ltr'>Ἀδάμ·</span> 
     </span>
     <span class='ocr_line' id='line_1_102' title="bbox 1040 1829 1816 1869; baseline -0.001 -10"><span class='ocrx_word' id='word_1_773' title='bbox 1040 1829 1075 1859; x_wconf 84' lang='grc' dir='ltr'><strong>Ἥ</strong></span> <span class='ocrx_word' id='word_1_774' title='bbox 1096 1831 1162 1869; x_wconf 84' lang='grc' dir='ltr'>γυνὴ</span> <span class='ocrx_word' id='word_1_775' title='bbox 1173 1853 1182 1866; x_wconf 91' lang='grc'>,</span> <span class='ocrx_word' id='word_1_776' title='bbox 1204 1831 1237 1866; x_wconf 85' lang='grc' dir='ltr'><strong>ἣν</strong></span> <span class='ocrx_word' id='word_1_777' title='bbox 1258 1830 1358 1863; x_wconf 79' lang='grc' dir='ltr'>ἔδωκας</span> <span class='ocrx_word' id='word_1_778' title='bbox 1384 1832 1442 1869; x_wconf 82' lang='grc' dir='ltr'>μετ’</span> <span class='ocrx_word' id='word_1_779' title='bbox 1464 1832 1529 1869; x_wconf 73' lang='grc' dir='ltr'>ἐμοῦ</span> <span class='ocrx_word' id='word_1_780' title='bbox 1538 1853 1548 1867; x_wconf 90' lang='grc'>,</span> <span class='ocrx_word' id='word_1_781' title='bbox 1562 1829 1630 1866; x_wconf 71' lang='grc' dir='ltr'>αὕτη</span> <span class='ocrx_word' id='word_1_782' title='bbox 1652 1841 1697 1869; x_wconf 88' lang='grc' dir='ltr'><strong>μοι</strong></span> <span class='ocrx_word' id='word_1_783' title='bbox 1719 1829 1816 1860; x_wconf 75' lang='grc' dir='ltr'>ἔδωκεν</span> 
     </span>
     <span class='ocr_line' id='line_1_103' title="bbox 1040 1869 1816 1911; baseline -0.001 -12"><span class='ocrx_word' id='word_1_784' title='bbox 1040 1869 1094 1899; x_wconf 83' lang='grc' dir='ltr'><strong>ἀπὸ</strong></span> <span class='ocrx_word' id='word_1_785' title='bbox 1105 1873 1151 1899; x_wconf 78' lang='grc' dir='ltr'><strong>τοῦ</strong></span> <span class='ocrx_word' id='word_1_786' title='bbox 1172 1870 1264 1906; x_wconf 85' lang='grc' dir='ltr'>ξύλου,</span> <span class='ocrx_word' id='word_1_787' title='bbox 1278 1869 1324 1900; x_wconf 82' lang='grc' dir='ltr'>καὶ</span> <span class='ocrx_word' id='word_1_788' title='bbox 1342 1869 1448 1911; x_wconf 86' lang='grc' dir='ltr'>ἔφαγον.</span> <span class='ocrx_word' id='word_1_789' title='bbox 1461 1869 1499 1900; x_wconf 83' lang='grc' dir='ltr'>Ὦ</span> <span class='ocrx_word' id='word_1_790' title='bbox 1513 1870 1644 1910; x_wconf 86' lang='grc' dir='ltr'>πρόφασις</span> <span class='ocrx_word' id='word_1_791' title='bbox 1658 1869 1764 1909; x_wconf 77' lang='grc' dir='ltr'>εὔλογον</span> <span class='ocrx_word' id='word_1_792' title='bbox 1778 1869 1816 1907; x_wconf 76' lang='grc' dir='ltr'>μὴ</span> 
     </span>
     <span class='ocr_line' id='line_1_104' title="bbox 1041 1909 1815 1950; baseline -0.001 -11"><span class='ocrx_word' id='word_1_793' title='bbox 1041 1909 1055 1938; x_wconf 85' lang='grc' dir='ltr'>ἔ</span> <span class='ocrx_word' id='word_1_794' title='bbox 1073 1921 1140 1938; x_wconf 89' lang='grc' dir='ltr'>ουσα</span> <span class='ocrx_word' id='word_1_795' title='bbox 1148 1921 1155 1928; x_wconf 90' lang='lat'><strong>·</strong></span> <span class='ocrx_word' id='word_1_796' title='bbox 1175 1909 1197 1939; x_wconf 79' lang='grc' dir='ltr'>ὢ</span> <span class='ocrx_word' id='word_1_797' title='bbox 1219 1909 1348 1948; x_wconf 85' lang='grc' dir='ltr'>ἀπολογία</span> <span class='ocrx_word' id='word_1_798' title='bbox 1374 1909 1412 1948; x_wconf 77' lang='grc' dir='ltr'>μὴ</span> <span class='ocrx_word' id='word_1_799' title='bbox 1440 1911 1578 1950; x_wconf 83' lang='grc' dir='ltr'>ὠφελοῦσα</span> <span class='ocrx_word' id='word_1_800' title='bbox 1598 1909 1644 1939; x_wconf 77' lang='grc' dir='ltr'><strong>τὸν</strong></span> <span class='ocrx_word' id='word_1_801' title='bbox 1667 1910 1800 1938; x_wconf 76' lang='grc' dir='ltr'>λαλοῦντα</span> <span class='ocrx_word' id='word_1_802' title='bbox 1808 1920 1815 1927; x_wconf 92' lang='grc'><em>·</em></span> 
     </span>
     <span class='ocr_line' id='line_1_105' title="bbox 1041 1922 1815 1988; baseline 0 -10"><span class='ocrx_word' id='word_1_803' title='bbox 1041 1922 1074 1978; x_wconf 46' lang='grc' dir='ltr'>ιζ’</span> <span class='ocrx_word' id='word_1_804' title='bbox 1087 1949 1156 1983; x_wconf 82' lang='grc' dir='ltr'>λέξις</span> <span class='ocrx_word' id='word_1_805' title='bbox 1176 1948 1275 1988; x_wconf 76' lang='grc' dir='ltr'>πικρὰ,</span> <span class='ocrx_word' id='word_1_806' title='bbox 1300 1949 1337 1988; x_wconf 82' lang='grc' dir='ltr'>μὴ</span> <span class='ocrx_word' id='word_1_807' title='bbox 1367 1948 1531 1983; x_wconf 73' lang='grc' dir='ltr'>διασώζουσαι</span> <span class='ocrx_word' id='word_1_808' title='bbox 1551 1949 1596 1979; x_wconf 79' lang='grc' dir='ltr'><strong>τὸν</strong></span> <span class='ocrx_word' id='word_1_809' title='bbox 1618 1947 1738 1988; x_wconf 76' lang='grc' dir='ltr'>λέγοντα.</span> <span class='ocrx_word' id='word_1_810' title='bbox 1757 1948 1815 1984; x_wconf 84' lang='grc' dir='ltr'><strong>Τὴν</strong></span> 
     </span>
     <span class='ocr_line' id='line_1_106' title="bbox 1041 1988 1817 2028; baseline 0 -10"><span class='ocrx_word' id='word_1_811' title='bbox 1041 1988 1154 2028; x_wconf 84' lang='grc' dir='ltr'>γυναῖκά</span> <span class='ocrx_word' id='word_1_812' title='bbox 1166 2001 1210 2018; x_wconf 89' lang='grc' dir='ltr'><strong>σοι</strong></span> <span class='ocrx_word' id='word_1_813' title='bbox 1228 1988 1331 2018; x_wconf 81' lang='grc' dir='ltr'>δέδωκα</span> <span class='ocrx_word' id='word_1_814' title='bbox 1344 1989 1439 2028; x_wconf 83' lang='grc' dir='ltr'>βοηθὸν</span> <span class='ocrx_word' id='word_1_815' title='bbox 1448 2011 1456 2024; x_wconf 89' lang='grc'>,</span> <span class='ocrx_word' id='word_1_816' title='bbox 1470 1990 1518 2018; x_wconf 79' lang='grc' dir='ltr'><strong>οὔκ</strong></span> <span class='ocrx_word' id='word_1_817' title='bbox 1532 1990 1722 2018; x_wconf 62' lang='grc' dir='ltr'>αὖθεντοῦἶταν·</span> <span class='ocrx_word' id='word_1_818' title='bbox 1737 1988 1817 2023; x_wconf 81' lang='grc' dir='ltr'>συνή-</span> 
     </span>
     <span class='ocr_line' id='line_1_107' title="bbox 1042 2027 1816 2067; baseline -0.001 -10"><span class='ocrx_word' id='word_1_819' title='bbox 1042 2039 1134 2067; x_wconf 90' lang='grc' dir='ltr'>γορον,</span> <span class='ocrx_word' id='word_1_820' title='bbox 1156 2030 1186 2058; x_wconf 85' lang='grc' dir='ltr'><strong>οὗ</strong></span> <span class='ocrx_word' id='word_1_821' title='bbox 1207 2027 1360 2057; x_wconf 82' lang='grc' dir='ltr'>δέσποιναν·</span> <span class='ocrx_word' id='word_1_822' title='bbox 1380 2027 1571 2067; x_wconf 83' lang='grc' dir='ltr'>ὁμογνώμονα,</span> <span class='ocrx_word' id='word_1_823' title='bbox 1593 2030 1623 2058; x_wconf 81' lang='grc' dir='ltr'><strong>οὐ</strong></span> <span class='ocrx_word' id='word_1_824' title='bbox 1647 2027 1799 2066; x_wconf 78' lang='grc' dir='ltr'>διδάκτριαν</span> <span class='ocrx_word' id='word_1_825' title='bbox 1809 2039 1816 2046; x_wconf 90' lang='grc'><em>·</em></span> 
     </span>
     <span class='ocr_line' id='line_1_108' title="bbox 1044 2066 1817 2107; baseline -0.001 -10"><span class='ocrx_word' id='word_1_826' title='bbox 1044 2067 1154 2106; x_wconf 84' lang='grc' dir='ltr'>σύζυγον</span> <span class='ocrx_word' id='word_1_827' title='bbox 1165 2090 1172 2104; x_wconf 97' lang='grc'>,</span> <span class='ocrx_word' id='word_1_828' title='bbox 1195 2069 1243 2097; x_wconf 76' lang='grc' dir='ltr'><strong>οὐκ</strong></span> <span class='ocrx_word' id='word_1_829' title='bbox 1265 2068 1412 2107; x_wconf 42' lang='grc' dir='ltr'>ἄρχουσαν·</span> <span class='ocrx_word' id='word_1_830' title='bbox 1437 2067 1598 2107; x_wconf 83' lang='grc' dir='ltr'>ὑποχείριον,</span> <span class='ocrx_word' id='word_1_831' title='bbox 1611 2068 1662 2107; x_wconf 81' lang='grc' dir='ltr'><strong>οὐχ</strong></span> <span class='ocrx_word' id='word_1_832' title='bbox 1685 2066 1817 2107; x_wconf 79' lang='grc' dir='ltr'>ὑψηλοτέ-</span> 
     </span>
     <span class='ocr_line' id='line_1_109' title="bbox 1045 2105 1818 2147; baseline -0.001 -11"><span class='ocrx_word' id='word_1_833' title='bbox 1045 2119 1093 2147; x_wconf 77' lang='grc' dir='ltr'><strong>ραν</strong></span> <span class='ocrx_word' id='word_1_834' title='bbox 1102 2119 1109 2125; x_wconf 95' lang='grc'><em>·</em></span> <span class='ocrx_word' id='word_1_835' title='bbox 1119 2106 1320 2147; x_wconf 75' lang='grc' dir='ltr'>συγκύπτουσάν</span> <span class='ocrx_word' id='word_1_836' title='bbox 1331 2119 1381 2143; x_wconf 88' lang='grc' dir='ltr'>σοι,</span> <span class='ocrx_word' id='word_1_837' title='bbox 1396 2108 1426 2137; x_wconf 82' lang='grc' dir='ltr'><strong>οὗ</strong></span> <span class='ocrx_word' id='word_1_838' title='bbox 1437 2107 1656 2147; x_wconf 76' lang='grc' dir='ltr'>κατακρατοῧοάν</span> <span class='ocrx_word' id='word_1_839' title='bbox 1666 2118 1722 2136; x_wconf 87' lang='grc' dir='ltr'>σου.</span> <span class='ocrx_word' id='word_1_840' title='bbox 1735 2105 1818 2136; x_wconf 80' lang='grc' dir='ltr'>Ὅθεν</span> 
     </span>
     <span class='ocr_line' id='line_1_110' title="bbox 1044 2145 1818 2187; baseline -0.003 -10"><span class='ocrx_word' id='word_1_841' title='bbox 1044 2149 1080 2180; x_wconf 80' lang='grc' dir='ltr'><strong>ὥς</strong></span> <span class='ocrx_word' id='word_1_842' title='bbox 1089 2149 1128 2187; x_wconf 80' lang='grc' dir='ltr'>τῷ</span> <span class='ocrx_word' id='word_1_843' title='bbox 1140 2148 1228 2187; x_wconf 77' lang='grc' dir='ltr'>ἐχθρῷ</span> <span class='ocrx_word' id='word_1_844' title='bbox 1243 2146 1363 2187; x_wconf 78' lang='grc' dir='ltr'>ἀκροασά</span> <span class='ocrx_word' id='word_1_845' title='bbox 1399 2158 1456 2183; x_wconf 83' lang='grc' dir='ltr'>νος,</span> <span class='ocrx_word' id='word_1_846' title='bbox 1469 2149 1557 2186; x_wconf 77' lang='grc' dir='ltr'>κάμοῦ</span> <span class='ocrx_word' id='word_1_847' title='bbox 1571 2145 1741 2187; x_wconf 78' lang='grc' dir='ltr'>παρακούσας</span> <span class='ocrx_word' id='word_1_848' title='bbox 1749 2169 1758 2183; x_wconf 90' lang='lat'><strong>,</strong></span> <span class='ocrx_word' id='word_1_849' title='bbox 1772 2145 1818 2175; x_wconf 80' lang='grc' dir='ltr'><strong>δέ-</strong></span> 
     </span>
     <span class='ocr_line' id='line_1_111' title="bbox 1044 2158 1818 2229; baseline 0 -13"><span class='ocrx_word' id='word_1_850' title='bbox 1044 2198 1092 2227; x_wconf 89' lang='grc' dir='ltr'><strong>χου</strong></span> <span class='ocrx_word' id='word_1_851' title='bbox 1106 2187 1209 2216; x_wconf 80' lang='grc' dir='ltr'>τελείαν</span> <span class='ocrx_word' id='word_1_852' title='bbox 1230 2185 1279 2222; x_wconf 80' lang='grc' dir='ltr'><strong>τὴν</strong></span> <span class='ocrx_word' id='word_1_853' title='bbox 1299 2158 1467 2226; x_wconf 57' lang='grc' dir='ltr'>ἐπιτίμεησιν,</span> <span class='ocrx_word' id='word_1_854' title='bbox 1481 2186 1514 2222; x_wconf 85' lang='grc' dir='ltr'><strong>ἣν</strong></span> <span class='ocrx_word' id='word_1_855' title='bbox 1533 2187 1563 2216; x_wconf 80' lang='grc' dir='ltr'><strong>οὗ</strong></span> <span class='ocrx_word' id='word_1_856' title='bbox 1585 2185 1818 2229; x_wconf 75' lang='grc' dir='ltr'>παρασαλεύσωσι</span> 
     </span>
     <span class='ocr_line' id='line_1_112' title="bbox 1047 2225 1819 2266; baseline 0 -11"><span class='ocrx_word' id='word_1_857' title='bbox 1047 2226 1144 2266; x_wconf 76' lang='grc' dir='ltr'>μακροὶ</span> <span class='ocrx_word' id='word_1_858' title='bbox 1167 2227 1276 2262; x_wconf 81' lang='grc' dir='ltr'>αἰῶνες,</span> <span class='ocrx_word' id='word_1_859' title='bbox 1290 2229 1301 2242; x_wconf 80' lang='lat'><strong>³</strong></span> <span class='ocrx_word' id='word_1_860' title='bbox 1310 2226 1344 2262; x_wconf 80' lang='grc' dir='ltr'><strong>ἢν</strong></span> <span class='ocrx_word' id='word_1_861' title='bbox 1362 2226 1444 2260; x_wconf 81' lang='grc' dir='ltr'>οὐδεὶς</span> <span class='ocrx_word' id='word_1_862' title='bbox 1464 2225 1646 2266; x_wconf 68' lang='grc' dir='ltr'>ὖπερὸήσεται</span> <span class='ocrx_word' id='word_1_863' title='bbox 1657 2226 1750 2256; x_wconf 83' lang='grc' dir='ltr'>τούτου</span> <span class='ocrx_word' id='word_1_864' title='bbox 1763 2230 1819 2259; x_wconf 78' lang='grc' dir='ltr'>τοῖς</span> 
     </span>
     <span class='ocr_line' id='line_1_113' title="bbox 1046 2265 1817 2306; baseline -0.001 -11"><span class='ocrx_word' id='word_1_865' title='bbox 1046 2266 1127 2306; x_wconf 83' lang='grc' dir='ltr'>ὅροις,</span> <span class='ocrx_word' id='word_1_866' title='bbox 1141 2265 1175 2301; x_wconf 83' lang='grc' dir='ltr'><strong>ἣν</strong></span> <span class='ocrx_word' id='word_1_867' title='bbox 1187 2267 1201 2295; x_wconf 85' lang='grc' dir='ltr'>ὁ</span> <span class='ocrx_word' id='word_1_868' title='bbox 1212 2267 1290 2304; x_wconf 81' lang='grc' dir='ltr'>σῶμα</span> <span class='ocrx_word' id='word_1_869' title='bbox 1304 2268 1390 2306; x_wconf 83' lang='grc' dir='ltr'>φορῶν</span> <span class='ocrx_word' id='word_1_870' title='bbox 1401 2265 1446 2295; x_wconf 78' lang='grc' dir='ltr'>καὶ</span> <span class='ocrx_word' id='word_1_871' title='bbox 1458 2265 1541 2296; x_wconf 83' lang='grc' dir='ltr'>ἐλθὼν</span> <span class='ocrx_word' id='word_1_872' title='bbox 1554 2267 1592 2300; x_wconf 86' lang='grc' dir='ltr'><strong>εἷς</strong></span> <span class='ocrx_word' id='word_1_873' title='bbox 1602 2266 1647 2296; x_wconf 76' lang='grc' dir='ltr'><strong>τὸν</strong></span> <span class='ocrx_word' id='word_1_874' title='bbox 1660 2265 1774 2305; x_wconf 76' lang='grc' dir='ltr'>κόσμον,</span> <span class='ocrx_word' id='word_1_875' title='bbox 1787 2267 1817 2295; x_wconf 84' lang='grc' dir='ltr'><strong>οὐ</strong></span> 
     </span>
     <span class='ocr_line' id='line_1_114' title="bbox 1046 2305 1819 2355; baseline -0.001 -20"><span class='ocrx_word' id='word_1_876' title='bbox 1046 2306 1156 2346; x_wconf 86' lang='grc' dir='ltr'>περάσει</span> <span class='ocrx_word' id='word_1_877' title='bbox 1167 2308 1245 2335; x_wconf 78' lang='grc' dir='ltr'>τοῦτο</span> <span class='ocrx_word' id='word_1_878' title='bbox 1254 2305 1284 2335; x_wconf 84' lang='grc' dir='ltr'>τὸ</span> <span class='ocrx_word' id='word_1_879' title='bbox 1295 2305 1418 2355; x_wconf 83' lang='grc' dir='ltr'>πέλαγος.</span> <span class='ocrx_word' id='word_1_880' title='bbox 1429 2305 1511 2345; x_wconf 92' lang='grc' dir='ltr'>Ὄρα,</span> <span class='ocrx_word' id='word_1_881' title='bbox 1520 2305 1616 2345; x_wconf 81' lang='grc' dir='ltr'>Ἀδὰμ,</span> <span class='ocrx_word' id='word_1_882' title='bbox 1625 2305 1690 2336; x_wconf 85' lang='grc' dir='ltr'><strong>Ὅτι</strong></span> <span class='ocrx_word' id='word_1_883' title='bbox 1703 2305 1819 2341; x_wconf 76' lang='grc' dir='ltr'>ἤκουσας</span> 
     </span>
     <span class='ocr_line' id='line_1_115' title="bbox 1047 2344 1818 2397; baseline -0.003 -22"><span class='ocrx_word' id='word_1_884' title='bbox 1047 2347 1094 2381; x_wconf 76' lang='grc' dir='ltr'><strong>τῆς</strong></span> <span class='ocrx_word' id='word_1_885' title='bbox 1109 2347 1196 2386; x_wconf 77' lang='grc' dir='ltr'>φωνῆς</span> <span class='ocrx_word' id='word_1_886' title='bbox 1209 2347 1256 2381; x_wconf 80' lang='grc' dir='ltr'><strong>τῆς</strong></span> <span class='ocrx_word' id='word_1_887' title='bbox 1269 2357 1392 2397; x_wconf 79' lang='grc' dir='ltr'>γυναικος</span> <span class='ocrx_word' id='word_1_888' title='bbox 1405 2357 1469 2382; x_wconf 85' lang='grc' dir='ltr'>σου,</span> <span class='ocrx_word' id='word_1_889' title='bbox 1483 2346 1529 2375; x_wconf 76' lang='grc' dir='ltr'>καὶ</span> <span class='ocrx_word' id='word_1_890' title='bbox 1540 2345 1634 2385; x_wconf 82' lang='grc' dir='ltr'>ἔφαγες</span> <span class='ocrx_word' id='word_1_891' title='bbox 1649 2344 1702 2374; x_wconf 80' lang='grc' dir='ltr'>ἀπὸ</span> <span class='ocrx_word' id='word_1_892' title='bbox 1714 2348 1761 2374; x_wconf 77' lang='grc' dir='ltr'><strong>τοῦ</strong></span> <span class='ocrx_word' id='word_1_893' title='bbox 1774 2344 1818 2378; x_wconf 83' lang='grc' dir='ltr'><strong>ξύ-</strong></span> 
     </span>
     <span class='ocr_line' id='line_1_116' title="bbox 1046 2382 1817 2424; baseline -0.001 -10"><span class='ocrx_word' id='word_1_894' title='bbox 1046 2387 1105 2422; x_wconf 89' lang='grc' dir='ltr'>λου,</span> <span class='ocrx_word' id='word_1_895' title='bbox 1121 2382 1150 2415; x_wconf 74' lang='grc' dir='ltr'><strong>οῧ</strong></span> <span class='ocrx_word' id='word_1_896' title='bbox 1165 2386 1335 2424; x_wconf 76' lang='grc' dir='ltr'>ἐνετειλαμην</span> <span class='ocrx_word' id='word_1_897' title='bbox 1347 2397 1398 2421; x_wconf 86' lang='grc' dir='ltr'>σοι,</span> <span class='ocrx_word' id='word_1_898' title='bbox 1411 2385 1506 2414; x_wconf 81' lang='grc' dir='ltr'>τούτου</span> <span class='ocrx_word' id='word_1_899' title='bbox 1520 2385 1599 2424; x_wconf 83' lang='grc' dir='ltr'>μόνου</span> <span class='ocrx_word' id='word_1_900' title='bbox 1615 2383 1652 2424; x_wconf 81' lang='grc' dir='ltr'>μὴ</span> <span class='ocrx_word' id='word_1_901' title='bbox 1663 2389 1756 2424; x_wconf 83' lang='grc' dir='ltr'>φαγεῖν</span> <span class='ocrx_word' id='word_1_902' title='bbox 1770 2385 1817 2413; x_wconf 81' lang='grc' dir='ltr'><strong>ἀπ’</strong></span> 
     </span>
     <span class='ocr_line' id='line_1_117' title="bbox 1048 2423 1814 2465; baseline -0.003 -11"><span class='ocrx_word' id='word_1_903' title='bbox 1048 2427 1142 2461; x_wconf 74' lang='grc' dir='ltr'>αὐτοῦ,</span> <span class='ocrx_word' id='word_1_904' title='bbox 1164 2427 1260 2455; x_wconf 83' lang='grc' dir='ltr'>ἐπικατ</span> <span class='ocrx_word' id='word_1_905' title='bbox 1269 2425 1277 2436; x_wconf 89' lang='grc'><em>’</em></span> <span class='ocrx_word' id='word_1_906' title='bbox 1296 2437 1356 2458; x_wconf 83' lang='grc' dir='ltr'>ατος</span> <span class='ocrx_word' id='word_1_907' title='bbox 1367 2428 1385 2461; x_wconf 85' lang='grc' dir='ltr'>ἡ</span> <span class='ocrx_word' id='word_1_908' title='bbox 1397 2427 1432 2465; x_wconf 77' lang='grc' dir='ltr'><strong>γῆ</strong></span> <span class='ocrx_word' id='word_1_909' title='bbox 1446 2426 1474 2454; x_wconf 82' lang='grc' dir='ltr'><strong>ἐν</strong></span> <span class='ocrx_word' id='word_1_910' title='bbox 1487 2429 1541 2457; x_wconf 88' lang='grc' dir='ltr'>τοῖς</span> <span class='ocrx_word' id='word_1_911' title='bbox 1553 2423 1639 2464; x_wconf 85' lang='grc' dir='ltr'>ἔργοις</span> <span class='ocrx_word' id='word_1_912' title='bbox 1650 2435 1696 2453; x_wconf 85' lang='grc' dir='ltr'><strong>σου</strong></span> <span class='ocrx_word' id='word_1_913' title='bbox 1707 2436 1714 2442; x_wconf 92' lang='grc'><em>·</em></span> <span class='ocrx_word' id='word_1_914' title='bbox 1731 2425 1759 2453; x_wconf 74' lang='grc' dir='ltr'><strong>ἐν</strong></span> <span class='ocrx_word' id='word_1_915' title='bbox 1770 2423 1814 2453; x_wconf 87' lang='grc' dir='ltr'><strong>λύ-</strong></span> 
     </span>
     <span class='ocr_line' id='line_1_118' title="bbox 1047 2437 1816 2505; baseline -0.003 -11"><span class='ocrx_word' id='word_1_916' title='bbox 1047 2476 1110 2498; x_wconf 87' lang='grc' dir='ltr'>παις</span> <span class='ocrx_word' id='word_1_917' title='bbox 1133 2465 1204 2505; x_wconf 85' lang='grc' dir='ltr'>φάγῃ</span> <span class='ocrx_word' id='word_1_918' title='bbox 1227 2437 1309 2501; x_wconf 52' lang='grc' dir='ltr'>αὖῗ-Ξν</span> <span class='ocrx_word' id='word_1_919' title='bbox 1331 2465 1420 2498; x_wconf 88' lang='grc' dir='ltr'>πάσας</span> <span class='ocrx_word' id='word_1_920' title='bbox 1436 2462 1483 2497; x_wconf 79' lang='grc' dir='ltr'><strong>τὰς</strong></span> <span class='ocrx_word' id='word_1_921' title='bbox 1496 2463 1597 2503; x_wconf 80' lang='grc' dir='ltr'>ἡμέρας·</span> <span class='ocrx_word' id='word_1_922' title='bbox 1614 2466 1662 2499; x_wconf 76' lang='grc' dir='ltr'><strong>τῆς</strong></span> <span class='ocrx_word' id='word_1_923' title='bbox 1675 2464 1743 2499; x_wconf 80' lang='grc' dir='ltr'>ζωῆς</span> <span class='ocrx_word' id='word_1_924' title='bbox 1758 2475 1816 2493; x_wconf 90' lang='grc' dir='ltr'>σου.</span> 
     </span>
    </p>
   </div>
   <div class='ocr_carea' id='block_1_30' title="bbox 248 2496 1819 2545">
    <p class='ocr_par' dir='ltr' id='par_1_31' title="bbox 248 2496 1819 2545">
     <span class='ocr_line' id='line_1_119' title="bbox 248 2496 1819 2545; baseline -0.003 -14"><span class='ocrx_word' id='word_1_925' title='bbox 248 2501 343 2531; x_wconf 85' lang='lat' dir='ltr'><strong>mundi</strong></span> <span class='ocrx_word' id='word_1_926' title='bbox 354 2499 520 2531; x_wconf 86' lang='lat' dir='ltr'><strong>diuturnitas</strong></span> <span class='ocrx_word' id='word_1_927' title='bbox 527 2508 581 2529; x_wconf 89' lang='lat' dir='ltr'><strong>non</strong></span> <span class='ocrx_word' id='word_1_928' title='bbox 592 2496 760 2538; x_wconf 79' lang='lat' dir='ltr'><strong>antiquavit!</strong></span> <span class='ocrx_word' id='word_1_929' title='bbox 775 2509 792 2529; x_wconf 90' lang='grc' dir='ltr'><strong>ο</strong></span> <span class='ocrx_word' id='word_1_930' title='bbox 802 2498 908 2529; x_wconf 87' lang='lat' dir='ltr'><strong>dictum</strong></span> <span class='ocrx_word' id='word_1_931' title='bbox 921 2498 996 2538; x_wconf 87' lang='lat' dir='ltr'><strong>quod</strong></span> <span class='ocrx_word' id='word_1_932' title='bbox 1049 2504 1174 2538; x_wconf 63' lang='grc' dir='ltr'>Ἀχάνοας</span> <span class='ocrx_word' id='word_1_933' title='bbox 1195 2504 1239 2534; x_wconf 64' lang='grc' dir='ltr'><strong>καὶ</strong></span> <span class='ocrx_word' id='word_1_934' title='bbox 1254 2504 1389 2545; x_wconf 62' lang='grc' dir='ltr'>τριςόλους</span> <span class='ocrx_word' id='word_1_935' title='bbox 1407 2505 1529 2535; x_wconf 52' lang='grc' dir='ltr'>ἀναπλεῖ</span> <span class='ocrx_word' id='word_1_936' title='bbox 1547 2514 1605 2542; x_wconf 67' lang='lat'><strong>⁶02,</strong></span> <span class='ocrx_word' id='word_1_937' title='bbox 1625 2503 1671 2534; x_wconf 65' lang='grc' dir='ltr'><strong>καὶ</strong></span> <span class='ocrx_word' id='word_1_938' title='bbox 1685 2503 1757 2545; x_wconf 68' lang='grc' dir='ltr'>φάγῃ</span> <span class='ocrx_word' id='word_1_939' title='bbox 1773 2502 1819 2534; x_wconf 61' lang='grc' dir='ltr'><strong>τὸν</strong></span> 
     </span>
    </p>
   </div>
   <div class='ocr_carea' id='block_1_31' title="bbox 278 2591 993 2625">
    <p class='ocr_par' dir='ltr' id='par_1_32' title="bbox 278 2591 993 2625">
     <span class='ocr_line' id='line_1_120' title="bbox 278 2591 993 2625; baseline -0.003 -8"><span class='ocrx_word' id='word_1_940' title='bbox 278 2591 377 2624; x_wconf 66' lang='lat' dir='ltr'><strong>={Savil.</strong></span> <span class='ocrx_word' id='word_1_941' title='bbox 386 2596 413 2617; x_wconf 76' lang='grc' dir='ltr'><strong>ὶά,</strong></span> <span class='ocrx_word' id='word_1_942' title='bbox 426 2593 450 2621; x_wconf 75' lang='grc' dir='ltr'><strong>ἧς</strong></span> <span class='ocrx_word' id='word_1_943' title='bbox 457 2593 522 2621; x_wconf 60' lang='grc' dir='ltr'>οὐδεὶς</span> <span class='ocrx_word' id='word_1_944' title='bbox 532 2593 609 2624; x_wconf 59' lang='grc' dir='ltr'>ὺπερίὲ.</span> <span class='ocrx_word' id='word_1_945' title='bbox 620 2592 710 2620; x_wconf 75' lang='grc' dir='ltr'>τούτους</span> <span class='ocrx_word' id='word_1_946' title='bbox 718 2592 765 2619; x_wconf 71' lang='grc' dir='ltr'>τοὺς</span> <span class='ocrx_word' id='word_1_947' title='bbox 775 2593 845 2625; x_wconf 75' lang='grc' dir='ltr'>ὅρους·</span> <span class='ocrx_word' id='word_1_948' title='bbox 854 2591 896 2619; x_wconf 76' lang='grc' dir='ltr'><strong>ἦςὸ</strong></span> <span class='ocrx_word' id='word_1_949' title='bbox 906 2591 993 2623; x_wconf 65' lang='grc' dir='ltr'>σῶμα]</span> 
     </span>
    </p>
   </div>
  </div>
 </body>
</html>
