1890 2826
588 169 622 192 ΙΝ
649 169 761 201 ILLUD,
794 168 828 190 ΙΝ
855 168 922 198 QUA
949 167 1156 201 POTESTATE,
1178 169 1255 193 E'rc.

121 233 262 273 διακρίνει,
282 233 327 262 ἐὰν
342 233 370 263 δὲ
387 232 486 266 καπνὸς
506 231 662 271 ἐπεισέλθῃ,
677 231 722 261 καὶ
739 229 891 269 λυμήνηται

119 279 153 309 τὰ
166 280 252 315 κάλλη
270 281 318 314 τῆς
333 279 416 319 ὄψεως
426 301 434 315 ,
449 278 468 315 ἢ
481 278 613 319 κονιορτὸς
626 277 729 317 ἐμπέσῃ
738 299 746 312 ,
761 275 890 316 ἀμὸλύνει

119 325 168 361 τὴν
181 325 250 366 ὄψιν,
268 325 314 355 καὶ
325 326 355 355 οὗ
370 324 463 365 βλέπει
475 325 576 360 καλῶς,
590 326 626 357 ὡς
638 323 690 363 πρὸ
703 322 796 352 τούτου
810 321 889 351 ἔὸλε-

117 382 166 400 ττεν
176 372 258 411 ὀρθῶς
269 384 276 390 ·
287 372 370 406 οὕτως
381 371 426 401 καὶ
437 373 483 400 νῦν
493 372 546 400 τῶν
560 370 697 410 ἀκροατῶν
709 368 827 402 ἕκαστος,
841 366 891 400 ἕως

117 417 230 457 καθαρὸν
249 416 305 458 ἔχει
327 417 442 450 πίστεως
463 417 554 456 ὄμμα,
569 415 683 455 καθαρὸν
698 414 803 453 ἀγάπης
826 411 888 453 βλέ-

117 475 211 503 φαρον,
225 464 307 503 ὀρθῶς
328 464 374 493 καὶ
386 465 508 503 καθαρῶς
522 464 572 503 ὁρᾷ
582 474 588 480 ·
604 461 648 491 ἐὰν
663 461 690 491 δὲ
704 459 802 493 καπνὸς
819 460 886 500 βλα-

119 508 236 549 σφημίας
253 509 392 549 ἐπεισέλθῃ
406 514 460 543 τοῖς
472 508 623 549 λεγομένοις
634 531 642 543 ,
657 507 675 543 ἢ
689 506 821 547 κονιορτὸς
836 508 888 546 βα-

1622 157 1690 204 507

943 229 1018 259 visus
1041 230 1219 268 labefactarit,
1235 237 1281 260 aut
1297 231 1321 260 si
1334 230 1427 271 pulvis
1444 230 1579 268 inciderit,
1594 230 1692 260 obtun-

943 274 985 304 dit
998 275 1106 315 visum;
1123 287 1209 315 neque
1231 284 1302 307 recte
1318 277 1391 308 videt
1413 284 1443 308 ut
1464 285 1525 307 ante
1539 290 1546 307 :
1561 278 1598 308 ita
1620 288 1691 307 nunc

943 331 1052 360 quoque
1073 322 1209 353 auditores
1230 323 1350 364 singuli',
1365 324 1450 354 donec
1469 334 1570 364 purum
1592 324 1691 353 habent

944 366 1008 397 fidei
1034 368 1163 406 oculum,
1177 381 1274 410 puram
1295 370 1413 400 caritatis
1434 370 1607 411 palpebram,
1622 378 1691 401 recte

944 422 1068 452 pureque
1088 413 1181 444 vident
1188 425 1198 453 ;
1214 421 1242 444 at
1264 416 1287 445 si
1310 415 1401 445 sumus
1422 414 1596 455 blasphemiae
1618 415 1690 445 dicta

942 458 1086 495 invaserit,
1108 466 1155 489 aut
1174 461 1284 490 invidiae
1307 462 1398 502 pulvis
1418 462 1539 491 animum
1560 461 1688 498 subierit,

939 504 1031 534 turbat
1049 505 1192 543 intuitum,
1213 508 1362 546 mentisque
1383 508 1528 548 puritatem
1547 507 1640 546 tollit;
1657 519 1688 537 ac

120 556 229 589 σκανίας
249 555 298 592 τὴν
320 555 408 597 ψυχὴν
430 555 570 595 ὑποδρᾶμῃ
581 577 589 591 ,
608 556 679 584 θολοῖ
699 553 748 589 τὴν
761 554 831 593 ὄψιν,
845 551 890 582 καὶ
905 556 924 580 G
940 560 999 589 quae
1020 561 1074 580 non
1088 551 1211 588 audivit,
1224 552 1361 583 audivisse
1374 561 1462 594 putat,
1479 564 1592 593 quaeque
1607 553 1686 583 audi-

119 601 238 642 ἀφανίζει
251 601 281 631 τὸ
294 602 407 642 καθαρὸν
419 604 467 637 τῆς
481 601 594 635 διανοίας
603 623 612 636 ,
625 600 671 630 καὶ
684 600 702 629 ἃ
713 599 751 639 μὴ
765 599 887 635 ἤκουσεν,

119 648 241 684 ἤκουσεν,
262 648 307 678 καὶ
330 649 347 678 ἃ
368 648 491 684 ἤκουσεν,
511 649 540 678 οὐ
563 649 650 680 καλῶς
676 646 791 682 ἐνόησεν.
808 644 888 674 εΌθεν

118 695 254 734 προειδυῖα
268 696 286 730 ἡ
301 694 358 724 θεία
371 694 464 736 Γραφὴ
486 693 520 724 τὰ
532 693 728 734 προσκόμματα
747 693 799 722 τῶν
821 692 888 730 μελ-

118 739 217 769 λόντων
230 742 264 780 τῇ
276 741 376 781 διανοίᾳ
387 740 563 781 προσκόπτειν
574 743 629 773 τοῖς
639 741 718 779 ἱεροῖς
731 738 886 778 γράμμασι,

119 786 166 816 καί
190 787 242 817 πού
264 798 304 820 τις
326 788 379 816 τῶν
400 788 541 827 προφητῶν
566 785 630 815 ἐθόα
639 807 648 820 ,
673 784 740 824 μετὰ
762 784 793 813 τὸ
817 785 888 820 πλη-

121 834 204 873 ρῶσαι
225 834 256 864 τὸ
277 836 345 863 θεῖον
367 833 493 873 κήρυγμα
504 845 510 851 ·
533 832 583 867 Τίς
596 832 689 872 σοφὸς,
712 831 758 861 καὶ
782 830 889 866 συνήσει

119 881 218 915 ‘taff-tm
229 879 275 909 καὶ
288 879 354 919 ἀνὴρ
366 879 502 920 φρόνιμος,
514 879 560 909 καὶ
569 878 700 918 γνώσεται
713 880 812 912 ταῦτα;
822 876 888 906 Ὅτι

119 927 217 955 εὐθεῖαι
227 927 252 955 οἱ
265 926 320 955 ὁδοὶ
330 925 438 966 Κυρίου,
453 924 549 955 δίκαιοι
561 924 734 965 πορεύσονται
750 925 776 952 ἐν
789 924 889 957 αὐταῖς.

119 971 168 1008 Μὴ
180 971 277 1008 τοίνυν,
288 972 384 1012 ἀδελφὲ
392 994 400 1008 ,
417 971 566 1011 μεθάρπαζε
583 971 690 1011 ῥήματα
702 973 738 1003 εἷς
751 968 891 1010 προσκόμ-

120 1030 202 1057 ματα.
220 1018 322 1057 Γυμνὸς
341 1020 355 1047 ὁ
377 1017 471 1057 λόγος,
490 1016 577 1057 γυμνὴ
592 1019 610 1053 ἡ
625 1016 745 1052 ἀλήθεια.
762 1017 824 1055 Οὐχ
837 1011 873 1048 εἷς
883 1036 891 1050 ,

119 1065 150 1093 οὐ
169 1063 286 1104 δεύτερος
295 1085 304 1099 ,
319 1065 349 1093 οὗ
363 1064 487 1100 δέκατος,
507 1064 558 1103 οὐχ
571 1063 710 1095 ἐκατοστὸς
725 1064 738 1091 ὃ
758 1061 872 1094 ἀκούσας
882 1082 890 1096 ,

119 1111 239 1146 ’πλῆθός
252 1112 323 1140 ἐστιν
344 1110 461 1150 ἄπειρον,
479 1111 579 1145 πλῆθος
600 1109 787 1149 ἀναρίθμητον.
801 1108 891 1137 Πέλα-

119 1157 165 1196 γός
177 1158 248 1186 ἐστιν
261 1156 394 1190 εὖσεὸείας
405 1159 422 1192 ἡ
436 1156 594 1193 Ἐκκλησία,
608 1157 638 1186 οὐ
651 1155 776 1194 κυμάτων
790 1156 891 1190 πεπλη-

121 1203 246 1243 ρωμένον,
261 1202 330 1232 ἀλλὰ
344 1203 457 1236 πίστεως
466 1201 557 1242 γέμον.
569 1203 610 1232 Οὖ
623 1206 732 1241 ναυαγεῖ
745 1203 808 1241 παρ’
826 1203 890 1240 ἡμῖν

119 1249 151 1278 τὸ
166 1251 215 1285 τῆς
229 1248 398 1282 διδασκαλίας
411 1248 525 1288 σκάφος,
539 1249 569 1277 οὐ
589 1247 732 1283 τύπτεται,
747 1248 776 1276 οὔ
790 1246 891 1286 ταράτ-

119 1307 211 1332 τεται,
224 1297 253 1324 οὐ
266 1295 423 1335 χειμάζεται
435 1306 442 1313 ·
458 1295 517 1323 ἀλλ’
531 1296 567 1328 ὣς
579 1294 664 1324 εὕδιον
675 1293 771 1333 λιμένα
791 1295 827 1327 εἷς
843 1292 891 1326 τὰς

119 1342 207 1382 ψυχὰς
225 1343 278 1371 τῶν
291 1342 336 1371 τὸν
350 1341 446 1381 Κύριον
469 1340 633 1380 ἀγαπώντων
652 1340 795 1380 ὁρμίζεται.
810 1338 890 1369 Ἀλλὰ

118 1391 204 1417 ταῦτα
216 1388 264 1427 μὲν
286 1389 324 1421 εἰς
340 1390 473 1417 τοσοῦτον.
487 1386 591 1416 Ἐκεῖνο
612 1386 640 1416 δὲ
665 1387 703 1415 δεῖ
717 1390 833 1422 σκοπεῖν,
849 1385 889 1415 ὅτι

118 1435 143 1464 οῖ
166 1434 236 1474 ἅγιοι
255 1437 302 1464 τοῦ
315 1435 386 1464 Θεοῦ
404 1432 582 1463 ὑποπίπτουσι
596 1431 790 1472 συκοφαντίαις.
807 1431 843 1461 Τί
860 1431 889 1461 τὸ

119 1480 279 1520 θαυμαστὸν,
293 1482 317 1509 εἰ
330 1483 407 1519 ἡμεῖς
421 1481 445 1508 οἱ
459 1480 570 1512 εὐτελεῖς
578 1502 586 1515 ,
597 1478 642 1508 καὶ
654 1478 788 1512 ταπεινοὶ,
803 1478 889 1508 καὶτὸ

120 1527 213 1566 μηδὲν.
235 1529 270 1560 ὥς
293 1528 387 1562 εἰπεῖν,
408 1525 494 1561 ὄντες,
516 1523 749 1565 συκοφαντούμεθα
760 1535 767 1560 ;
781 1523 819 1553 Ἦ
841 1525 889 1553 οὐκ

120 1572 235 1608 ἤκουσας
247 1574 304 1605 πῶς
317 1573 331 1601 ὁ
345 1571 429 1601 Δαυίδ
448 1582 514 1610 φησι
524 1582 531 1588 ·
544 1569 558 1587 ¹'
568 1570 663 1600 ‘Noai
684 1581 718 1609 με
738 1569 790 1599 ἀπὸ
808 1581 889 1599 συκο-

121 1618 229 1658 φαντίας
249 1617 393 1658 ἀνθρώπων
404 1616 696 1656 5-Ἒσυκοφαντήθησαν
714 1615 760 1645 καὶ
773 1618 797 1645 οἱ
819 1615 888 1655 ἅγιοι

120 1667 166 1693 τοῦ
190 1665 314 1703 Σωτῆρος
332 1662 490 1698 ἀπόστολοι,
505 1664 541 1695 ὡς
565 1661 638 1701 ἔλεγε
659 1661 704 1690 καὶ
724 1664 738 1690 ὃ
762 1661 889 1702 μακάριος

122 1711 240 1743 Παῦλος·
255 1709 308 1739 Καὶ
321 1709 358 1748 μὴ
367 1733 374 1746 ,
386 1708 472 1742 καθὼς
486 1707 728 1748 βλασφημούμεθα,
744 1707 790 1736 καὶ
803 1707 889 1741 καθώς

121 1757 185 1797 φασί
197 1768 266 1790 τινες
278 1758 350 1794 ἡμᾶς
362 1755 457 1794 λέγειν,
478 1754 519 1783 ὅτι
531 1753 686 1792 ποιήσωμεν
699 1753 733 1783 τὰ
746 1753 815 1783 κακὰ
825 1776 833 1790 ,
847 1752 889 1783 ἵνα

120 1803 183 1842 ἔλθῃ
195 1802 229 1831 τὰ
242 1801 336 1841 ἀγαθά.
349 1803 389 1831 Οὔ
402 1802 536 1838 λυποῦμαι
554 1799 621 1839 μετὰ
642 1801 694 1828 τῶν
714 1799 795 1838 ἁγίων
807 1811 889 1829 συκο-

120 1847 312 1890 φαντούμενος,
332 1849 356 1876 εἰ
377 1846 423 1876 καὶ
441 1845 544 1879 ἀνάξιός
562 1847 618 1884 εἶμι
637 1847 690 1874 τῶν
704 1845 796 1884 ἁγίων.
811 1845 888 1886 Ἔχω

120 1895 221 1927 πάντας
234 1895 303 1932 ὑμᾶς
315 1892 422 1932 κριτὰς,
439 1891 485 1921 καὶ
504 1891 556 1931 πρὸ
569 1891 674 1920 πάντων
688 1893 762 1930 ὑμῶν
775 1891 820 1921 τὸν
834 1904 889 1921 κοι-

122 1984 269 2019 ὃικάζοντα.
291 1980 371 2014 Οἶδεν
393 1986 469 2023 ἡμῶν
492 1983 526 2013 τὰ
548 1982 684 2021 νοήματα,
703 1984 823 2024 γνωρίζει
845 1984 890 2013 καὶ

122 2031 156 2061 τὰ
176 2031 299 2071 ῥήματα,
320 2030 360 2060 ὅτι
378 2030 404 2064 ἐξ
424 2031 502 2059 αὐτοῦ
521 2029 711 2068 ἐπαιδεύθημεν
722 2033 814 2059 ταῦτα.
837 2031 891 2060 Ἀν-

124 2077 283 2116 nemausis
308 2077 372 2117 πρὸς
398 2078 486 2115 ὑμᾶς,
511 2077 534 2105 εἰ
557 2075 714 2105 ’ἐπέλειπτο
741 2078 793 2105 τῶν
817 2078 892 2116 εἴρη-

126 2122 221 2162 isim,
232 2124 370 2163 διορθῶσαι
386 2121 420 2151 τὰ
431 2121 557 2161 εἰρημένα
568 2133 575 2140 ·
588 2122 646 2150 ἀλλ’
662 2123 712 2162 οὐχ
733 2121 890 2151 ὑπελάὸετο.

160 2222 171 2233 ²
190 2218 277 2244 Πλῆθος
294 2219 395 2249 ἄπειρον.
407 2214 482 2239 nunc
494 2213 528 2239 ad
538 2222 622 2238 sacras
631 2213 763 2239 conciones
774 2221 882 2238 concur—

127 2263 191 2284 sum,
204 2252 348 2278 auditorum
362 2257 467 2286 ὠθισμὸν,
487 2256 566 2287 θλίψιν,
581 2257 738 2288 στενοχωρίαν,
756 2261 821 2284 Saepe
833 2260 884 2276 me-

128 2297 229 2317 morant
242 2297 341 2323 patres,
354 2292 477 2324 praecipue
489 2297 591 2323 noster3
604 2300 682 2324 eoque
697 2290 728 2316 de
745 2299 814 2316 more
826 2299 884 2316 cum

128 2331 272 2358 Christiano
283 2331 356 2363 Lupo
375 2331 472 2362 accipio
487 2329 564 2355 verba
575 2330 684 2355 Nestorii
695 2339 700 2354 z
711 2330 797 2355 Pareo
810 2332 884 2361 enim,

129 2373 248 2405 quoniam
268 2374 292 2394 el
315 2377 361 2403 ego
379 2369 458 2393 valde
468 2378 522 2393 sum
533 2368 665 2403 fin'gatus
685 2375 708 2393 et
728 2378 774 2393 vos
785 2370 887 2394 omnino

130 2412 269 2442 consu-icu'5
278 2418 320 2434 seu
328 2417 358 2434 ex
367 2408 416 2433 alia
427 2407 539 2433 versione
547 2429 554 2440 ,
564 2410 743 2441 constipatione
753 2409 884 2438 laboratis,

130 2457 208 2482 graece
219 2447 388 2482 proculdubio
401 2453 550 2481 σφιγγόμενα.
564 2448 595 2472 In
606 2447 714 2473 Humilia
726 2447 796 2473 Pauli
815 2449 884 2473 Emi-

131 2489 347 2522 Βεῠὶῑοτινοχωρέα
364 2494 409 2513 τῶν
420 2491 537 2522 ἡμετίρων
555 2489 655 2522 ἀδελφῶν
677 2491 754 2518 ἐξῶσῑν
771 2491 832 2521 ἡμᾶς
843 2494 887 2514 τῶν

133 2532 286 2560 σκαμμάτωνι
297 2527 339 2552 cui
347 2525 456 2551 adsonat
473 2526 608 2558 Gregorius
620 2527 748 2560 Nyssenus
759 2527 888 2552 Orationi-

133 2565 179 2592 bus
190 2567 216 2591 in
227 2567 260 2591 40
269 2571 400 2599 martyres.
410 2564 512 2591 Contuli
520 2572 620 2598 quoque
633 2564 706 2590 velim
719 2565 887 2592 Sozomenum

939 597 991 634 vit,
1006 608 1059 628 non
1079 599 1165 639 probe
1186 599 1330 630 intellexit.
1356 602 1530 641 Quapropter
1542 611 1606 630 cum
1618 612 1687 641 prae-

939 643 1044 674 videret
1053 644 1148 675 divina
1160 645 1300 686 Scriptura
1314 646 1477 676 offendicula
1490 657 1583 676 eorum
1603 647 1688 686 quiin

940 690 1022 719 sacris
1037 691 1121 720 literis
1134 691 1295 731 cogitatione
1307 693 1460 722 oberraturi
1474 699 1560 730 erant,
1575 693 1687 732 quidam

940 747 976 766 ex
997 737 1136 777 prophetis
1158 738 1286 768 clamavit
1317 746 1378 779 post
1403 739 1540 779 impletam
1565 739 1689 770 divinam

940 782 1160 822 praedicationem
1172 797 1180 814 ι
1194 785 1266 823 Quis
1277 787 1406 825 sapiens,
1415 792 1444 815 et
1459 786 1603 826 intelliget
1613 788 1689 816 hoec?
1702 796 1795 824 05254.
1804 801 1840 818 10.

940 834 968 857 et
981 830 1031 858 vir
1041 830 1182 869 prudens,
1194 838 1224 861 et
1243 838 1398 871 cognoscet
1412 833 1495 861 haec?
1512 833 1591 870 Quia
1604 841 1690 863 νει-ιιι»

941 877 1000 905 vioe
1017 876 1151 915 Domini,
1155 879 1231 917 justi
1252 879 1449 908 ambulabunt
1465 882 1496 908 in
1517 882 1568 909 eis.
1584 881 1625 909 Ne
1639 882 1689 910 ita-

940 932 1004 960 que,
1019 922 1116 959 frater,
1130 924 1211 952 verba
1236 932 1375 954 convertas
1389 925 1417 955 in
1440 925 1613 955 offendicula.
1630 928 1689 956 Nu-

942 967 994 997 dus
1005 979 1103 1006 sermo,
1115 969 1188 999 nuda
1198 970 1307 1000 veritas.
1323 972 1383 1000 Non
1398 982 1479 1008 unus,
1495 983 1548 1001 non
1562 972 1627 1008 duo,
1637 984 1689 1003 non

942 1012 1035 1043 decem
1045 1037 1053 1051 ‚
1077 1025 1130 1044 non
1157 1023 1264 1045 centum
1289 1017 1450 1054 audierunt,
1476 1018 1624 1049 multitudo
1651 1028 1691 1050 est

944 1059 1075 1089 immensa
1089 1068 1115 1090 et
1136 1061 1286 1092 innumera.
1296 1063 1411 1102 Pelagus
1425 1064 1530 1104 pietatis
1544 1072 1583 1095 est
1597 1066 1690 1096 Eccle-

909 1120 928 1142 D
943 1105 999 1142 sia,
1022 1117 1075 1136 non
1101 1107 1229 1138 fluctibus
1255 1109 1462 1149 agitatum,sed
1486 1111 1541 1141 fide
1567 1112 1688 1152 plenum.

943 1152 1027 1193 Apud
1039 1164 1088 1183 nos
1109 1165 1162 1184 non
1177 1156 1279 1195 patitur
1293 1157 1463 1197 naufragium
1477 1159 1575 1198 scapha
1588 1159 1690 1189 doctri—

942 1209 994 1236 nae,
1013 1210 1066 1229 non
1085 1201 1209 1240 pellitur,
1226 1204 1278 1231 non
1301 1203 1437 1240 turbatur,
1453 1214 1506 1234 non
1527 1207 1691 1246 tempestati-

941 1245 994 1274 bus
1012 1245 1148 1285 agitatur;
1165 1247 1214 1276 sed
1229 1254 1258 1277 ut
1275 1247 1309 1278 ad
1334 1249 1512 1288 tranquillum
1537 1258 1647 1292 portum
1660 1253 1688 1282 in

941 1291 1043 1321 animas
1070 1292 1241 1333 diligentium
1263 1295 1349 1324 Deum
1377 1297 1501 1336 appellit.
1524 1298 1613 1337 Atque
1630 1298 1687 1328 haec

941 1337 1079 1368 hactenus.
1113 1340 1246 1370 Caeterum
1273 1341 1345 1371 illud
1367 1343 1536 1374 considerare
1560 1352 1683 1386 oportet,

941 1391 1045 1414 sanctos
1065 1386 1116 1415 Dei
1128 1386 1156 1415 in
1177 1387 1326 1418 calumnias
1346 1389 1476 1420 incidere.
1497 1391 1573 1428 Quid
1586 1393 1687 1422 mirum

941 1430 964 1460 si
986 1441 1035 1461 nos
1050 1432 1127 1468 viles,
1140 1433 1269 1471 humiles,
1281 1435 1329 1474 qui
1348 1436 1417 1465 nihil
1431 1448 1535 1475 sumus,
1549 1446 1579 1468 ut
1592 1439 1628 1469 ita
1642 1440 1686 1469 di-

940 1488 1010 1515 cam,
1027 1479 1169 1509 calumniis
1187 1480 1365 1520 impetimur?
1378 1484 1475 1512 Annon
1488 1484 1588 1514 audisti
1602 1487 1686 1516 Davi-

939 1522 984 1552 dis
1007 1524 1087 1553 verba
1098 1546 1105 1559 ,
1119 1527 1210 1563 Eripe
1232 1537 1278 1555 me
1297 1538 1316 1556 a
1332 1529 1490 1558 calumniis
1511 1532 1684 1561 hominum?
1696 1531 1762 1555 Psal,
1784 1534 1835 1557 ’18-

941 1568 1113 1599 calumniam
1144 1572 1216 1611 passi
1241 1580 1303 1602 sunt
1325 1574 1406 1603 etiam
1430 1576 1515 1605 sancti
1536 1578 1685 1608 Scrvaioris
1699 1563 1749 1594 '34'

940 1615 1064 1655 apostoli,
1081 1623 1110 1645 ut
1132 1618 1169 1646 ait
1187 1625 1212 1648 et
1234 1619 1327 1648 beatus
1347 1621 1467 1651 Paulus:
1482 1622 1592 1653 Ειιιοιι
1612 1628 1687 1656 sicut
1698 1629 1833 1654 Rom.3.8.

942 1661 1190 1701 blasphemamur,
1200 1671 1229 1693 et
1247 1666 1322 1694 sicut
1335 1668 1421 1696 aiunt
1441 1671 1561 1708 quidam
1576 1683 1627 1701 nos
1637 1674 1683 1702 di-

941 1718 1014 1745 cere,
1022 1709 1177 1749 faciamus
1201 1712 1300 1748 mala,
1316 1719 1348 1742 ut
1371 1717 1497 1745 veniant
1513 1719 1598 1749 bona.
1622 1722 1684 1750 Non

940 1764 1052 1791 moereo,
1067 1765 1128 1784 cum
1148 1757 1246 1786 sanctis
1259 1757 1394 1789 calumnia
1407 1762 1518 1793 affectus
1526 1776 1535 1803 ς
1551 1766 1600 1795 etsi
1614 1767 1685 1797 indi-

941 1810 1011 1839 gnus
1021 1800 1073 1829 sim
1083 1808 1237 1831 sanctorum
1246 1805 1390 1834 consortio.
1409 1808 1427 1837 J
1429 1807 1521 1838 udices
1529 1821 1578 1840 vos
1592 1822 1684 1842 omnes

940 1845 1037 1883 habeo,
1051 1853 1131 1886 atque
1153 1854 1213 1877 ante
1225 1859 1273 1878 vos
1293 1860 1385 1881 omnes
1398 1863 1566 1886 communem
1581 1865 1683 1898 patrem

898 1916 934 1937 4³4
941 1899 1072 1929 nostrum,
1086 1893 1134 1931 qui
1147 1904 1199 1923 non
1213 1905 1247 1924 ex
1262 1897 1434 1936 praejudicata
1449 1901 1585 1940 opinione,
1596 1904 1643 1934 sed
1655 1916 1684 1935 re

120 1939 163 1969 νὺν
177 1941 254 1978 ἡμῶν
264 1938 367 1977 πατέρα
376 1960 384 1974 ‚
396 1939 425 1967 οὐ
439 1937 571 1978 προλήψει
583 1937 718 1976 κρίνοντα,
732 1938 791 1967 ἀλλ’
804 1938 890 1978 ἐννοίᾳ
908 1944 927 1966 Α
942 1939 1047 1979 cognita
1070 1938 1186 1983 judicat.
1208 1942 1292 1972 Novit
1315 1944 1487 1983 cogitationes
1507 1957 1622 1987 nostras,

1638 1962 1685 1981 co—

942 1985 1045 2025 gnoscit
1055 1992 1081 2014 et
1093 1987 1187 2024 verba,
1199 1988 1272 2026 quod
1287 1989 1322 2019 ab
1343 1990 1402 2030 ipso
1416 1992 1472 2023 haec
1493 1994 1580 2025 edocti
1600 1998 1684 2027 fueri-

944 2043 1014 2062 mus.
1024 2033 1194 2064 Postulamus
1202 2045 1217 2064 a
1226 2036 1304 2066 vobis
1316 2048 1381 2067 num
1389 2041 1591 2080 reprehenderit
1601 2044 1685 2082 dicta,

944 2089 1027 2118 eaque
1037 2080 1182 2109 correxerit
1190 2091 1197 2109 z
1205 2092 1300 2111 verum
1312 2083 1382 2113 nihil
1391 2086 1540 2125 suspicatus
1550 2096 1600 2118 est.
1608 2091 1686 2119 Certe

945 2123 968 2152 si
988 2124 1167 2163 emendasset,
1183 2136 1235 2156 non
1260 2128 1333 2166 odio,
1348 2130 1398 2159 scd
1419 2132 1529 2162 caritate
1548 2142 1637 2165 motus
1657 2136 1686 2165 id

931 2213 976 2239 lib.
992 2215 1016 2245 8,
1035 2223 1092 2248 cap.
1113 2217 1137 2246 5,
1150 2222 1176 2241 et
1187 2218 1272 2242 Vitam
1284 2218 1459 2254 Chrysostomi
1470 2232 1514 2255 per
1526 2225 1687 2259 Anonymum

933 2261 958 2277 n.
973 2254 1013 2278 86.
1026 2254 1150 2279 Caeterum
1169 2255 1337 2283 differentiam
1353 2260 1470 2286 Ecclesioe
1485 2269 1510 2287 et
1520 2264 1687 2290 Ecclesiarum

932 2291 1012 2317 tradit
1023 2292 1175 2326 Philoponus
1197 2300 1227 2325 εἰς
1247 2302 1288 2327 τὴν
1307 2304 1417 2329 Μωϋσέως
1437 2307 1581 2334 κοσμογονίαν
1601 2303 1647 2330 lib.
1661 2307 1686 2335 4,

934 2339 991 2364 cap.
1005 2333 1030 2363 6,
1042 2332 1120 2358 modo
1133 2334 1268 2359 commode
1292 2336 1388 2369 legatur
1407 2339 1450 2369 sic,
1470 2344 1582 2370 ἐκκλησίαι
1602 2345 1640 2374 δὲ,
1663 2349 1689 2370 τὸ

934 2373 1019 2400 πλῆθος
1037 2375 1110 2398 αὐτῶν
1128 2377 1155 2399 τὸ
1175 2378 1301 2408 πανταχοῦ.
1315 2375 1378 2401 Vide
1397 2377 1488 2402 locum.
1503 2380 1550 2404 Res
1562 2380 1629 2405 clara
1642 2389 1687 2407 est.

935 2409 1039 2435 Cotem.

968 2450 982 2469 Ι)
1000 2453 1066 2476 Ρῦσαί
1076 2461 1107 2483 με
1117 2455 1162 2477 ἀπὸ
1174 2456 1320 2485 συκοφαντίας
1334 2457 1465 2488 ἀνθρώπων.
1479 2456 1519 2480 Itu
1531 2465 1630 2490 quoque
1646 2460 1692 2484 Ni-

935 2488 973 2513 lus
990 2489 1028 2513 De
1044 2488 1149 2516 diversis
1168 2490 1283 2523 malignis
1302 2492 1496 2525 cogitationibus
1512 2504 1567 2528 cap.
1593 2497 1691 2525 ultimo.

938 2527 1043 2553 coteler.

971 2576 980 2585 1·
999 2565 1124 2600 [Cotelcr.
1135 2567 1198 2599 conj.
1210 2570 1337 2595 ἐπείληπτο.
1348 2567 1356 2601 ]
