1904 2840
23 2187 25 2194 ,
68 2169 115 2187 ⁰¹0
126 2165 262 2204 vituperas
275 2170 301 2192 et
312 2163 401 2193 dicis:

623 166 656 188 IN
683 165 890 189 MATTuAEUM.

920 166 1037 189 notun„
1061 167 1141 191 XLV.

1594 161 1660 209 931

128 234 326 268 persequuntur
337 237 392 264 eos,
405 226 453 265 qni
464 225 544 255 fidem
558 226 870 271 eorumdemprophcta-
886 230 907 252 Α
925 233 970 272 est·
981 228 1174 267 reprehendere
1191 236 1288 275 potest,
1309 237 1335 260 et
1356 230 1458 261 honum
1472 231 1600 262 laudare:
1615 234 1663 263 sed

128 278 190 297 rum
202 274 228 296 et
240 273 388 306 martyrum
401 266 581 295 confitentur?
593 265 721 295 Pharisaei
735 276 798 304 ergo
812 265 870 310 hag-

128 307 204 336 retie‘t
218 313 292 342 sunt,
306 306 354 344 qui
369 316 384 335 a
399 306 463 334 vera
476 305 530 334 fide
544 305 648 344 praecisi
666 305 759 344 sunt.]
772 305 872 334 Phan-

128 346 174 375 saei
187 346 260 375 euim
271 345 380 385 praecise
399 344 589 383 intelliguntur
610 344 673 383 ipsi,
688 344 735 383 qui
746 344 870 384 sepulcra

128 385 262 414 aedificant
273 385 476 424 prophetarum,
494 391 522 413 et
541 390 692 424 martyrum
706 385 816 412 nomina
826 393 873 412 co-

128 425 200 462 lunt,
214 432 240 454 et
253 431 383 464 praecepta
395 423 583 463 blasphemant
595 436 601 452 ε
617 423 774 452 memoriam
787 423 872 452 hono-

129 471 199 500 rant,
219 471 246 494 et
265 463 346 494 fidem
366 470 550 493 contemnunt.
577 463 628 492 50.
650 464 691 492 Ει
710 463 827 493 dicitis.-
841 462 871 491 Si

122 503 284 544 fuissemus
302 505 335 532 in
358 504 459 532 diebus
476 509 594 542 patrum
617 509 791 537 nostrorum,
813 512 872 531 non

121 543 284 583 fuissemus
289 546 360 572 socii
366 553 465 572 eorum
472 544 504 570 in
509 543 651 582 sanguine
655 542 858 581 prophetarum
865 562 873 569 .

129 584 245 622 Semper
261 582 350 613 Judaei
368 582 564 622 praeteritorum
587 588 739 611 sanctorum
750 581 872 625 'cultores

129 622 247 659 fuerunt,
263 629 289 651 et
305 622 476 662 praesentium
487 628 771 666 contemtores,.magis
783 627 872 666 autem

129 669 156 691 et
172 669 385 701 persequutores,
404 668 430 691 et
452 661 554 690 inimici
576 667 737 705 viventium,
753 666 872 705 etam1c1

130 708 310 731 mortuorum.
331 702 393 731 Non
414 701 486 730 enim
507 701 665 730 sustinentes
678 706 871 739 increpationes

130 752 182 781 pro
202 741 322 771 betarum
337 751 459 776 suorum,
474 741 700 780 persequebantur
711 749 756 768 eos
779 746 804 768 et
823 750 872 769 oc-

130 780 190 810 cide
226 788 265 810 nt.
293 782 363 810 Nam
386 780 540 810 volentibus
558 780 628 808 male
646 779 749 815 vivere,
768 790 873 819 semper

130 821 262 850 contraria
270 820 380 850 videtur
386 830 442 850 esse
448 819 591 858 correptio,
601 818 705 848 dicente
712 818 853 848 Salomone
862 831 869 847 2
887 826 906 849 B

114 884 120 889 .
132 860 239 900 Argue
258 862 429 898 sapientem,
452 866 481 888 et
501 860 612 888 amabit
634 865 675 887 te:
688 859 872 898 insipientem

132 910 212 935 vero,
227 906 255 928 et
269 901 346 929 odiet
361 906 400 928 te.
413 900 506 928 Postea
516 904 606 927 autem
620 904 754 927 nascentes
766 898 818 927 filii
833 898 873 927 in-

130 939 286 978 telligebant
299 939 393 978 culpas
410 945 515 978 patrum
532 948 655 973 suorum,
674 944 700 966 et
723 937 782 967 ideo
795 937 873 976 quasi

130 976 164 1008 de
190 985 275 1008 morte
303 978 485 1008 innocentium
517 977 715 1021 prophetarum·
734 977 870 1014 dolentes,

129 1018 296 1048 edificabant
322 1024 493 1047 monumenta
516 1027 627 1052 eorum,
654 1023 680 1045 et
706 1027 715 1044 1
736 1017 758 1046 si
783 1023 870 1046 tamen

129 1058 253 1088 similiter
275 1057 513 1097 persequebantur,
539 1063 565 1085 et
592 1055 720 1085 interfieie
739 1063 784 1085 ant
808 1066 871 1085 suos

129 1097 284 1138 pmphetas,
300 1097 374 1126 incre
393 1103 466 1125 antes
487 1106 532 1125 eos
546 1102 653 1136 propter
666 1103 783 1135 peccata.
801 1097 871 1126 Nam

128 1138 196 1166 alter
209 1137 319 1166 alterius
333 1147 366 1166 cu
381 1146 442 1176 pam
461 1135 514 1164 cito
534 1135 672 1174 intelligit,
692 1145 770 1164 suam
782 1142 871 1165 autem

127 1176 239 1206 difficile
249 1189 255 1206 ι
265 1177 328 1215 quia
343 1176 423 1205 homo
437 1175 467 1204 in
477 1185 555 1204 causa
569 1175 680 1204 alterius
693 1175 871 1213 tranquillum

128 1227 174 1246 cor
196 1217 286 1251 habet,
306 1216 335 1245 in
355 1226 403 1245 sua
416 1222 504 1244 autem
525 1214 673 1244 turbatum.
704 1215 870 1245 perturbatio

127 1263 218 1285 autem
228 1255 318 1286 cordis
331 1265 384 1284 non
417 1254 539 1290 ermittit‚
554 1254 690 1283 hominem
703 1254 871 1285 considerare

127 1295 202 1334 quod
213 1296 314 1325 bonum
331 1302 378 1324 est.
413 1295 436 1323 ic
454 1302 517 1333 ergo
530 1304 578 1333 per
592 1294 711 1332 singulas
725 1294 870 1333 generatio-

128 1345 174 1365 nes
182 1336 201 1366 J
203 1335 272 1364 udaei
283 1335 406 1364 colebant
416 1334 478 1363 illos
490 1333 566 1372 quasi
577 1340 692 1369 sanctos,
704 1344 772 1372 quos
782 1340 870 1380 patres

126 1385 220 1404 eorum
233 1374 310 1413 quasi
323 1374 409 1403 malos
422 1372 585 1402 occiderant.
601 1374 659 1402 Hoc
670 1380 759 1402 autem
778 1373 868 1408 tiebat,

126 1424 179 1444 non
199 1421 231 1443 ut
249 1412 572 1458 unaquaeqnegeneratio
593 1422 669 1441 suam
693 1412 870 1442 innocentiam
885 1415 904 1439 C

126 1453 288 1489 ostenderet,
308 1452 356 1482 sed
373 1459 403 1481 ut
420 1462 534 1481 invicem
549 1462 577 1480 se
589 1451 736 1481 domestico
750 1452 870 1481 filiorum

122 1492 228 1533 judicio
242 1492 458 1522 condemnarent.
474 1491 542 1528 Quis
555 1491 627 1520 enim
641 1491 796 1520 existimare
815 1502 870 1530 po-

125 1540 176 1563 test
188 1533 350 1566 innocentes,
363 1531 410 1569 qui
424 1541 439 1560 a
453 1530 519 1559 filiis
532 1530 589 1559 suis
601 1530 676 1569 quasi
691 1531 729 1559 rei
742 1530 871 1559 damnan-

125 1572 193 1601 tur?
206 1572 252 1602 Sic
264 1578 290 1600 et
299 1572 315 1601 J
320 1570 388 1599 ndoei
401 1570 448 1608 qui
462 1570 571 1598 suerunt
584 1569 611 1598 in
622 1576 741 1609 tempore
754 1570 867 1607 Christi,

125 1622 176 1652 pro
195 1612 270 1640 hetas
291 1609 402 1648 quidem
416 1609 549 1643 colebant,
567 1615 593 1638 et
614 1609 760 1638 Dominum
777 1619 864 1648 perse-

125 1623 294 1690 quebantur:
310 1659 400 1679 servos
413 1648 589 1685 honorabant,
604 1655 630 1677 et
642 1649 788 1678 Dominum
802 1659 867 1678 con-

125 1691 287 1720 temnebant.
316 1688 473 1719 Naturalem
499 1687 719 1717 consuetudinem
747 1688 867 1717 omnium

126 1730 260 1759 malorum
269 1729 410 1758 hominum
423 1728 548 1758 Christus
562 1727 684 1767 exponit.
698 1728 766 1756 Nam
780 1727 869 1758 Jndaei

125 1770 197 1799 corti
218 1770 310 1798 iuntur
322 1779 338 1797 a
352 1769 369 1798 J
372 1767 455 1796 udaeis
465 1779 471 1796 :
483 1766 529 1796 sed
543 1777 610 1806 pene
630 1767 659 1795 iu
676 1767 800 1796 omnibus
814 1767 867 1796 ho-

125 1781 246 1838 minitius
266 1808 368 1837 malum
389 1807 440 1836 hoc
459 1806 606 1842 invenitur,
629 1813 657 1835 ut
671 1806 739 1835 alios
757 1806 868 1845 quidem

125 1849 235 1888 culpent
242 1854 369 1883 errantes,
381 1854 407 1876 et
419 1847 426 1875 i
447 1846 506 1875 siin
518 1844 624 1874 eosdem
635 1852 743 1875 currant
752 1856 864 1876 errores.

124 1889 195 1918 Ecce
213 1888 236 1917 si
256 1894 286 1916 tu
299 1886 394 1916 audias
412 1857 528 1924 aliquem
551 1884 585 1914 de
598 1885 715 1924 antiquis
734 1885 867 1926 episcopis

123 1927 210 1966 loqui,
223 1927 287 1966 quia
299 1926 345 1955 ille
357 1926 462 1963 (nescio
480 1925 541 1963 quis
555 1927 604 1960 sit)
620 1932 770 1969 peccantem
781 1935 866 1965 popu-

125 1967 183 1996 lum
197 1967 281 1996 libere
297 1966 467 2005 increpabat:
481 1965 520 1994 sic
533 1974 658 2004 personas
680 1964 797 1993 divitum
812 1975 865 1995 non

125 2017 153 2036 as
174 2006 281 2042 iciebat,
303 2004 348 2035 sed
371 2004 515 2043 unicuique
526 2014 622 2033 verum
634 2003 759 2033 dicebat:
776 2004 863 2033 statim
880 2013 899 2035 1)

124 2018 262 2076 collaudas
281 2055 353 2080 eum,
367 2051 393 2074 et
405 2043 552 2080 beatificas,
575 2050 601 2071 et
621 2042 701 2080 dicis,
722 2044 785 2082 quia
804 2044 865 2074 talis

123 2085 203 2115 debet
224 2095 281 2115 esse
294 2085 320 2113 in
336 2084 438 2124 populo
457 2083 558 2112 doctor.
578 2083 614 2112 Et
634 2083 658 2112 si
680 2083 784 2119 audias,
800 2085 864 2127 quia

124 2125 224 2164 aliquis
243 2124 346 2154 exstitit
365 2125 526 2163 increpatus,
542 2129 567 2151 et
579 2122 641 2151 fecit
663 2122 705 2151 illi
723 2123 863 2168 injuriam,

419 2164 509 2200 Quare
525 2161 604 2190 illum
615 2172 667 2190 non
681 2169 808 2191 sustinuit
819 2173 864 2191 ln-

123 2203 296 2244 crepantem?
312 2203 369 2242 Ego
381 2203 405 2232 si
417 2213 513 2236 essem,
536 2208 563 2239 et
580 2211 623 2230 me
633 2202 732 2239 aliquis
744 2212 793 2241 pro
806 2212 863 2231 mea

121 2243 202 2283 culpa
220 2242 376 2282 corriperet,
399 2252 452 2270 non
473 2241 561 2270 solum
583 2251 635 2269 non
654 2241 790 2275 irascerer,
814 2241 861 2269 scd.

121 2283 205 2322 magis
218 2281 372 2321 gauderem.
389 2282 465 2311 Sicut
477 2280 549 2309 enim
562 2280 663 2308 familia
682 2280 739 2308 sinc
753 2280 860 2319 flagello

121 2332 173 2352 non
192 2322 306 2360 regitur,
321 2321 361 2350 sic
381 2327 407 2350 et
428 2319 547 2360 populus
560 2318 617 2348 sine
635 2319 707 2348 incre
728 2319 861 2349 ationibus

120 2371 173 2391 non
187 2362 361 2401 gubernatur.
379 2361 448 2389 Ecce
462 2360 483 2388 si
496 2358 557 2396 quis
579 2358 613 2387 de
637 2359 691 2387 tuis
724 2359 860 2388 octoribus

119 2401 237 2430 voluerit
257 2407 282 2430 te
295 2401 432 2439 increpare
445 2404 554 2438 propter
568 2404 705 2442 peccatum
725 2404 813 2442 tuum,
835 2405 861 2427 et

119 2438 208 2470 dicere
226 2440 276 2469 tibi
297 2439 371 2478 quod
392 2449 486 2467 verum
503 2444 553 2472 cst,
568 2443 657 2465 statim
678 2447 810 2471 irasceris,
834 2444 860 2466 et

120 2478 290 2518 blasphemas
303 2491 310 2507 ε
324 2479 363 2508 sic
375 2484 400 2507 et
413 2479 429 2508 J
433 2477 501 2506 udaei
516 2486 578 2505 suos
591 2475 700 2514 quidem
714 2476 860 2515 prophetas

120 2528 172 2547 non
197 2517 372 2553 sustinebant,
401 2517 524 2555 antiquos
548 2521 635 2543 autem
657 2515 733 2559 quasi
757 2522 860 2545 sanctos

120 2557 251 2589 colebant.
263 2557 320 2587 Nou
327 2566 391 2595 ergo
403 2556 449 2585 ille
460 2563 497 2584 est
512 2555 606 2590 bonus,
618 2565 665 2592 qui
677 2554 749 2595 quod
761 2555 860 2585 malum

924 276 971 303 qu·
991 267 1166 305 reprehensus
1191 279 1217 298 1n
1244 269 1325 307 malo,
1347 270 1419 299 bono
1440 271 1529 301 animo
1553 273 1665 314 suscipit

926 306 1170 345 reprehensionem.
1181 309 1213 337 In
1228 308 1337 338 alterius
1345 320 1424 339 causa
1434 311 1512 340 facile
1522 322 1664 351 possumus

926 354 1016 373 omnes
1027 346 1094 385 justi
1105 346 1211 386 judices
1226 358 1296 376 esse:
1310 348 1357 377 ille
1373 356 1462 379 autem
1484 361 1546 380 vere
1565 351 1664 386 bonus,

923 390 949 412 et
957 385 1047 423 justus
1063 407 1070 421 ,
1094 392 1120 414 et
1135 387 1239 425 sapiens
1259 394 1308 423 est,
1322 389 1369 426 qui
1382 388 1488 434 sibiipsi
1507 389 1591 429 judex
1605 391 1664 421 fieri

923 429 1018 462 potest.
1034 425 1104 453 Cum
1115 425 1232 456 audieris
1243 427 1362 466 aliquem
1383 428 1576 459 beatificantem
1590 431 1665 461 anti—

922 472 989 500 quos
1003 462 1134 500 doctores,
1148 466 1231 504 proba
1250 466 1330 495 illum
1348 467 1436 505 qualis
1453 475 1491 497 est
1511 469 1581 499 circa
1601 480 1664 500 suos

923 501 1054 531 doctores.
1070 504 1100 533 Si
1119 505 1189 533 enim
1212 505 1273 534 illos
1288 505 1409 543 sustinet,
1431 514 1457 536 et
1476 507 1588 538 honorat
1602 520 1664 540 cum

926 541 1025 579 quihus
1037 542 1117 578 vivit,
1128 543 1185 572 sine
1199 543 1284 573 dubio
1297 551 1323 573 et
1335 544 1398 575 illos
1412 546 1589 578 honoraturus
1602 550 1664 578 fue-

926 586 978 617 rat,
993 581 1087 610 sicum
1098 581 1155 611 illis
1164 583 1286 613 vixisset.
1298 583 1327 613 Si
1336 591 1424 614 autem
1435 596 1498 615 suos
1510 589 1662 626 contemnit,

925 630 988 648 vere
1006 627 1032 649 et
1051 620 1113 650 illos
1126 629 1307 652 contemturus
1320 623 1416 660 suerat,
1433 625 1456 653 si
1478 626 1606 657 cumillis
1619 629 1664 657 vi-

925 658 1018 688 xisset.
1040 661 1109 689 Nam
1130 662 1216 691 omnis
1238 662 1366 691 correctio
1387 664 1484 692 similis
1506 672 1544 694 est
1565 667 1665 697 caeteris

926 698 1128 728 tentationibus.
1147 701 1223 730 Sicut
1244 712 1308 741 ergo
1332 703 1418 731 omnis
1442 705 1551 734 tentatio
1571 706 1665 736 fideles

926 738 1036 776 quidem
1056 738 1171 768 aedificat
1190 741 1286 780 magis,
1302 741 1423 771 infideles
1443 750 1531 772 autem
1550 743 1665 775 destruit

926 778 1060 817 amplius:
1074 778 1112 808 sic
1125 786 1151 808 et
1163 780 1250 809 omnis
1264 780 1409 820 increpatio
1429 781 1580 822 disciplinae
1599 785 1664 814 reli-

925 817 1031 854 giosum
1053 817 1200 856 hominem,
1216 826 1242 848 et
1259 821 1348 849 Deum
1364 821 1511 858 timentem,
1526 824 1664 854 meliorem

925 856 990 886 facit
1002 869 1009 885 τ
1025 857 1205 897 irreligiosum
1216 865 1306 888 autem
1319 866 1343 889 et
1357 861 1458 890 malum
1471 863 1623 900 conturbat,
1640 871 1667 893 et

926 895 961 924 ad
981 895 1099 926 deterius
1116 897 1155 926 ire
1179 899 1326 938 compellit.
1351 900 1427 930 Sicut
1446 911 1509 940 ergo
1528 913 1575 932 vas
1588 903 1666 943 figuli

926 935 987 974 igne
1000 936 1140 976 probatur,
1163 938 1200 967 sic
1213 945 1239 967 et
1251 938 1354 968 bonum
1367 950 1413 969 cor
1424 941 1603 980 increpatione
1618 953 1665 972 co-

926 977 1073 1014 gnoscitur.
1089 977 1130 1005 Et
1144 978 1259 1007 dicitis:
1275 978 1306 1007 Si
1318 979 1350 1006 in
1364 980 1465 1008 diebus
1477 987 1594 1019 patrum
1618 993 1666 1011 no-

925 1021 1050 1044 strorum
1056 1016 1230 1055 fuissemus,
1244 1028 1303 1046 non
1308 1018 1469 1058 fuissemus
1482 1022 1555 1049 socii
1567 1032 1666 1051 eorum

925 1055 1108 1094 insanguine
1119 1058 1335 1096 prophetarum.
1352 1059 1411 1087 Non
1427 1059 1489 1098 quia
1503 1060 1590 1090 Judaei
1604 1072 1666 1102 spe-

925 1093 1029 1123 cialiter
1042 1095 1150 1124 omnino
1164 1097 1228 1126 talia
1245 1096 1434 1135 loquebantur,
1457 1098 1504 1128 sed
1517 1101 1580 1140 quia
1600 1101 1665 1130 talia

925 1133 1077 1172 cogitabant
1098 1141 1124 1163 et
1142 1136 1284 1172 faciebant,
1308 1137 1513 1176 cogitationibus
1533 1140 1588 1170 suis
1609 1141 1666 1170 haec

925 1171 1103 1212 loquebantur
1117 1181 1143 1203 et
1161 1175 1246 1205 factis.
1263 1176 1378 1213 Quando
1392 1178 1463 1206 enim
1477 1178 1598 1209 colebant
1614 1180 1666 1209 filii

924 1222 992 1250 quos
1013 1220 1101 1257 patres
1123 1214 1284 1252 occiderant,
1309 1215 1485 1246 condemnare
1505 1219 1665 1249 videbantur

924 1251 1070 1282 homicidia
1082 1260 1190 1293 patrum
1204 1265 1324 1291 suorum,
1341 1262 1367 1285 et
1383 1267 1411 1285 se
1424 1256 1459 1285 ab
1472 1256 1583 1288 illorum
1597 1269 1664 1288 con-

923 1292 1006 1320 sortio
1019 1302 1150 1332 separare.
1161 1294 1206 1323 Sic
1217 1301 1243 1323 et
1253 1295 1372 1324 haeretici
1381 1295 1488 1334 quando
1498 1298 1590 1327 colunt
1603 1309 1665 1338 pro-

923 1331 1026 1370 phetas,
1043 1339 1070 1361 et
1085 1333 1230 1372 apostolos,
1252 1340 1278 1363 et
1294 1341 1436 1374 martyres,
1451 1335 1498 1374 qui
1512 1348 1526 1366 a
1541 1338 1665 1377 patribus

924 1380 1028 1408 eorum,
1048 1371 1077 1400 id
1095 1379 1135 1401 est
1151 1383 1166 1401 a
1187 1373 1204 1402 J
1208 1372 1301 1408 udaeis‚
1319 1373 1363 1404 vel
1377 1385 1391 1403 a
1406 1375 1551 1414 gentilibus
1575 1388 1665 1419 perse-

923 1410 1079 1448 quutionem
1096 1412 1166 1451 passi
1181 1419 1254 1449 sunt,
1273 1419 1299 1442 et
1320 1414 1410 1448 occisi,
1425 1414 1600 1446 condemnare
1619 1417 1664 1446 vi-

922 1449 1021 1479 dentur
1040 1458 1098 1479 acta
1119 1458 1226 1491 patrum
1243 1462 1365 1488 suorum,
1384 1453 1414 1482 id
1434 1461 1473 1483 est
1493 1455 1661 1492 Judaeomm,

922 1495 1002 1526 atque
1013 1490 1175 1528 gentilium:
1193 1497 1218 1519 et
1236 1490 1335 1528 dicere,
1359 1492 1422 1530 quia
1435 1493 1465 1523 Si
1480 1494 1620 1524 fuissemus
1634 1496 1662 1524 in

922 1527 1018 1557 diebus
1030 1529 1150 1565 illorum,
1164 1539 1216 1559 non
1230 1530 1373 1559 fuissemus
1382 1532 1448 1561 socii
1457 1543 1550 1562 corum
1562 1535 1590 1563 in
1603 1545 1663 1564 san-

921 1567 1002 1605 guine
1017 1569 1219 1607 prophetarum,
1233 1570 1427 1609 apostolorum,
1452 1579 1478 1601 et
1498 1580 1658 1615 martyrum.

921 1607 970 1635 51.
991 1609 1098 1646 Itaque
1116 1611 1312 1638 testimonium
1330 1610 1451 1639 redditis
1470 1614 1565 1648 vobis,
1590 1615 1661 1652 quia

915 1645 976 1684 filii
996 1648 1063 1675 estis
1091 1647 1210 1677 illorum
1231 1650 1283 1688 qui
1306 1650 1471 1680 occiderunt
1492 1653 1659 1697 prophetas.

919 1686 1028 1714 Naturae
1049 1687 1140 1725 regula
1159 1687 1236 1723 dicit,
1251 1687 1315 1726 quia
1328 1699 1379 1718 non
1396 1697 1478 1728 potest
1492 1691 1562 1727 fieri,
1584 1699 1612 1721 ut
1627 1692 1661 1721 de

920 1724 998 1754 honis
1017 1726 1172 1764 parentibus
1192 1727 1255 1756 mali
1278 1735 1437 1758 nascantur:
1453 1737 1499 1759 aut
1519 1731 1554 1759 de
1570 1731 1659 1768 malis,

919 1764 983 1793 boni
996 1776 1003 1792 z
1019 1764 1067 1794 sed
1087 1765 1178 1804 quales
1195 1767 1302 1795 suerunt
1319 1775 1448 1807 parentes,
1468 1769 1533 1799 tales
1547 1778 1624 1800 erunt
1635 1778 1661 1800 et

920 1804 986 1832 nati.
1002 1804 1074 1840 Quia
1093 1807 1163 1834 sicut
1179 1806 1259 1835 arbor
1280 1807 1306 1835 in
1327 1807 1414 1836 fructu
1433 1810 1613 1848 cognoscitur,
1634 1818 1660 1840 et

918 1843 1022 1872 fructus
1041 1854 1089 1883 per
1110 1845 1232 1874 arborem
1254 1845 1467 1877 demonstratur:
1483 1849 1521 1877 sic
1538 1856 1659 1887 parentes

918 1890 1114 1922 cognoscuntur
1126 1884 1152 1912 in
1168 1885 1244 1921 filiis,
1259 1892 1285 1914 ct
1298 1886 1347 1914 filii
1361 1897 1408 1926 per
1439 1895 1549 1917 arentes.
1564 1890 1659 1918 Nonne

919 1921 970 1951 hoc
983 1929 1043 1952 ante
1056 1923 1195 1952 Christum
1217 1925 1345 1965 propheta
1360 1936 1413 1965 prae
1435 1927 1494 1964 ixit,
1513 1929 1657 1967 Quoniam
1666 1941 1733 1963 Psal.
1744 1943 1810 1966 13.6-

919 1962 1000 1990 Deus
1011 1964 1042 1990 in
1051 1966 1236 2001 generatione
1241 1966 1322 2003 justa
1336 1968 1400 1994 est?
1411 1967 1486 2003 Item²
1501 1968 1656 1998 Generatio
1667 1984 1733 2006 Psal.
1757 1988 1806 2003 ιη,

918 2008 1060 2030 rectorum
1075 2004 1268 2034 benedicetur.
1286 2005 1325 2034 Er
1343 2015 1359 2033 o
1372 2005 1437 2034 dant
1455 2007 1603 2037 testimonia
1624 2008 1657 2038 de
1668 2022 1690 2036 2.

918 2041 983 2070 filiis
996 2052 1083 2071 mores
1113 2050 1243 2074 arentum.
1259 2015 1343 2081 Quod
1351 2045 1373 2073 si
1385 2051 1460 2084 pater
1469 2046 1550 2076 suerit
1561 2047 1657 2084 bonus,

917 2088 944 2110 ct
954 2087 1038 2110 mater
1052 2092 1094 2111 ma
1106 2092 1138 2110 a:
1154 2089 1201 2111 aut
1217 2083 1241 2112 si
1254 2090 1337 2112 mater
1350 2085 1432 2113 fuerit
1445 2086 1526 2121 bona,
1543 2094 1569 2115 et
1583 2094 1658 2127 pater

918 2120 1019 2152 malus:
1034 2120 1169 2150 interdum
1179 2122 1230 2151 filii
1240 2130 1342 2162 patrem
1351 2131 1508 2163 sequuntur,
1522 2125 1656 2156 interdum

917 2167 1046 2197 matrem;
1063 2160 1198 2190 interdum
1217 2172 1307 2192 omnes
1326 2163 1376 2192 filii
1390 2171 1503 2203 patrem,
1522 2165 1656 2194 interdum

917 2210 1007 2231 omnes
1016 2207 1145 2230 matrem=
1160 2207 1246 2230 tamen
1260 2203 1423 2240 frequentius
1434 2211 1484 2239 est,
1500 2211 1528 2233 ut
1541 2204 1593 2233 nati
1623 2215 1655 2233 a·-

917 2246 983 2268 trem
997 2247 1151 2278 sequantur.
1169 2241 1199 2270 Si
1213 2248 1302 2271 autem
1323 2243 1400 2272 ambo
1418 2243 1515 2272 suerint
1528 2254 1601 2281 aequa
1613 2253 1651 2279 es,

916 2278 1060 2317 aliquando
1072 2279 1113 2315 fit,
1135 2287 1165 2309 ut
1178 2280 1212 2309 de
1225 2281 1302 2310 bonis
1317 2282 1470 2320 parentibus
1482 2282 1545 2310 mali
1559 2289 1653 2311 exeant

915 2318 978 2354 filii,
993 2325 1039 2347 aut
1055 2318 1089 2348 de
1103 2319 1181 2348 malis
1203 2320 1278 2357 honi,
1293 2321 1339 2349 sed
1358 2331 1429 2349 raro.
1445 2321 1513 2349 Ecce
1526 2321 1596 2349 enim
1610 2331 1652 2349 re·

915 2358 979 2396 gula
989 2365 1029 2387 cst
1038 2358 1161 2387 humanae
1174 2367 1286 2395 naturae,
1303 2367 1332 2388 ut
1343 2360 1428 2388 omnis
1442 2359 1520 2387 homo
1530 2366 1653 2388 nascatur

915 2397 984 2426 duos
997 2398 1089 2427 oculos
1102 2399 1213 2433 habens,
1227 2405 1253 2426 et
1270 2399 1365 2435 quinos
1376 2398 1473 2436 digitos
1485 2410 1491 2426 ε
1508 2398 1652 2436 aliquando

916 2444 1021 2474 tamen‚·
1037 2439 1075 2466 Ut
1096 2439 1321 2478 manifestentur
1343 2447 1428 2475 opera
1448 2437 1513 2471 Dei,
1535 2437 1652 2466 nascitur
1662 2453 1729 2474 Joan.
1743 2459 1766 2483 9,
1778 2452 1802 2474 3.

916 2477 996 2505 homo
1009 2483 1055 2505 aut
1068 2487 1115 2506 sex
1129 2476 1228 2515 digitos
1242 2477 1353 2509 habens,
1369 2483 1415 2504 aut
1432 2476 1523 2504 oculos
1544 2477 1652 2506 omnino

916 2526 968 2544 non
982 2516 1082 2545 hahens
1096 2528 1102 2543 :
1118 2516 1187 2544 sicut
1202 2516 1228 2543 in
1243 2515 1379 2553 evangelio
1390 2515 1520 2554 scriptum
1532 2522 1580 2544 est.
1594 2516 1652 2546 Sic-

917 2562 945 2584 ut
959 2566 1022 2594 ergo
1035 2562 1109 2584 extra
1124 2555 1242 2593 regulam
1257 2561 1356 2583 naturae
1375 2564 1435 2583 rai-o
1454 2554 1550 2590 evenit,
1566 2561 1593 2584 ut
1606 2555 1652 2585 de-
