1890 2826
71 1099 126 1120 Gen.
143 1099 207 1128 ¹75.

72 1372 208 1393 Gen.1a.t.

82 2595 138 2614 Gen,
156 2593 214 2616 181.

216 191 288 227 656

218 264 375 304 proponitur
386 263 478 292 beatus
490 259 603 299 Joseph,
618 259 666 298 qui
679 259 707 288 in
718 258 958 298 juvenili'corporc

216 303 343 333 castiwtis
356 303 452 332 canitie
463 300 567 336 ssoruit,
586 306 612 328 ot
624 299 653 328 in
671 298 763 328 servili
783 298 876 327 habitu
891 305 958 327 stre-

216 354 286 372 nuus
296 343 383 372 carnis
393 342 562 381 voluptatum
570 337 843 407 dominffipamit.
854 339 958 368 Verum
973 344 991 367 B

217 383 245 411 hi
258 382 329 412 beati
345 382 397 412 viri
411 379 561 420 peculiares
574 379 642 408 forte
654 388 673 416 q
750 388 778 407 m
791 385 854 419 sung
870 377 956 407 bono-

216 433 277 451 rum
299 421 444 461 imagines5
465 419 513 449 sed
535 418 617 447 unius
638 417 692 447 viri
711 417 874 448 mentionem
895 417 958 446 facit

217 461 332 491 Abrahae
352 458 542 501 progenitoris,
562 458 591 487 in
613 467 667 486 una
689 467 802 497 persona
826 456 874 486 toti
898 456 957 486 orbi

215 502 326 540 cippum
339 500 454 540 erigens,
466 498 554 528 omnis
567 497 676 528 virtutis
686 497 830 536 specimen,
843 496 879 526 ad
892 496 956 525 imi-

215 541 351 570 tationem.
364 541 434 570 Sanc
440 538 508 579 justi
521 547 624 574 omnes,
637 536 722 566 sancti
735 546 837 574 omnes,
849 535 957 565 fidelem

216 580 399 609 Abrahamum
431 585 516 608 atrom
528 588 557 607 se
569 577 667 606 habere
678 576 838 615 gloriantur,
850 582 877 605 et
888 575 958 604 hanc

215 620 399 658 cognationem
432 617 508 648 onori
523 617 575 646 sibi
593 615 706 645 ducum.
726 617 778 645 Per
801 616 873 645 hunc
885 617 957 644 enim

215 658 342 688 fidelibus
349 658 422 688 zelus
436 657 499 687 fidei
511 657 590 694 inest;
607 654 785 695 hospitalibus
797 655 855 695 ipse
865 654 957 700 hospi-

215 698 325 727 talitatis
336 697 430 727 doctor
449 703 500 734 est,
519 695 602 735 idque
620 695 758 735 operibus,
780 705 835 724 non
849 695 955 731 verbrs3

216 737 353 777 religionis
373 737 479 767 athletae
500 741 678 771 coronantur,
699 735 758 780 ejus
772 733 957 764 fortitudinem

217 777 349 807 imitantes
355 789 364 815 ;
379 777 462 816 hujus
482 776 591 815 archety
601 775 621 803 ,j
640 775 770 813 imagines
791 780 855 803 sunt
866 784 958 802 omnes

217 817 380 856 magnanimi
392 827 401 854 ;
416 817 475 861 ejus
489 815 581 844 imitan
604 815 612 843 i
625 813 746 843 studium
763 820 860 843 tantam
872 814 958 854 justo-

218 867 278 885 rum
302 856 503 885 multitudinem
541 854 643 894 eperit;
663 864 698 882 cx
715 852 767 882 hac
785 852 836 882 Dei
855 858 959 881 amante

217 896 317 932 radice,
335 905 426 925 omnes
445 865 617 934 pullularunt
636 893 686 922 Dei
701 899 830 922 amantes.
856 892 892 921 Et
911 902 960 922 cur

217 936 323 975 singula
344 934 513 975 persequor?
528 935 629 964 Omnes
648 932 738 967 enim,
758 938 789 961 ut
802 932 838 961 ita
858 931 958 966 dicam,

217 985 332 1013 quorum
352 974 403 1004 lux
425 974 509 1013 fulget
529 983 620 1003 coram
639 971 811 1008 hominibus,
826 981 861 1000 ex
886 970 960 1000 fideli
975 974 994 998 C

218 1014 395 1054 progenitoris
418 1015 527 1043 lucerna
549 1012 652 1042 accensi
675 1012 783 1041 fuerunt
793 1033 800 1047 ‚
823 1017 963 1050 tantosque

218 1054 241 1082 ei
266 1054 365 1094 probos
389 1054 461 1083 filios
483 1052 523 1092 pii
548 1063 635 1081 mores
655 1057 828 1090 pepererunt.
850 1050 963 1080 Mentiri

218 1094 290 1122 enim
303 1103 355 1122 non
369 1099 456 1133 potest
467 1093 490 1122 is
501 1092 548 1130 qui
562 1091 641 1128 dicit,
662 1091 783 1120 Patrem
803 1090 962 1120 multarum

218 1135 347 1172 gentium
368 1134 451 1172 posui
465 1138 502 1160 te.
519 1133 544 1161 Ο
564 1131 647 1160 beata
658 1130 758 1166 anima,
781 1140 840 1169 qua:
861 1136 963 1159 tantam

218 1172 409 1211 praeolarorum
427 1182 540 1212 operum
559 1170 664 1210 copiam
681 1170 709 1198 in
732 1178 817 1198 unum
837 1168 961 1209 collegit!

218 1212 263 1240 Tu
273 1210 452 1253 feracissiuw·
467 1221 529 1240 vere
541 1221 614 1249 ager,
627 1217 657 1238 tu
671 1209 797 1248 planities
806 1209 963 1238 fructuosis-

219 1251 287 1279 sima
301 1250 409 1295 piorum
421 1260 544 1289 operum,
559 1256 588 1278 tu
610 1255 717 1288 pratum
736 1247 864 1277 floridum
874 1248 963 1277 omni-

220 1290 295 1328 genis
303 1289 415 1329 justitiae
424 1288 537 1318 floribus
543 1298 659 1318 vernans
668 1299 676 1324 ;
685 1294 714 1315 tu
725 1297 821 1316 corona
833 1287 963 1327 specIosa,

221 1328 336 1358 mediam
349 1328 487 1358 continens
497 1338 609 1366 eamque
619 1326 765 1365 fulgentem
779 1325 843 1355 fidei
857 1336 964 1365 marga-

221 1368 311 1398 ritam.
327 1367 455 1407 Praecepit
467 1368 541 1396 Deus
557 1379 565 1395 :
588 1367 734 1406 Egredere
751 1366 788 1394 de
801 1372 879 1395 terra
890 1372 943 1394 tua
954 1378 962 1394 .-

222 1414 250 1437 tu
264 1418 329 1438 vero
340 1417 393 1436 non
407 1406 561 1446 neglexisti,
576 1406 623 1435 sed
638 1405 686 1434 iter
699 1404 876 1445 capessivisti,
891 1411 965 1434 ante-

220 1457 301 1485 quam
332 1445 487 1475 mandatum
515 1445 704 1485 compleretur.
734 1443 848 1474 Addidit
876 1444 964 1480 dicto,

220 1487 367 1526 Egredere
377 1486 414 1515 de
428 1491 579 1519 terrama,
593 1483 676 1520 illud,
689 1485 731 1513 Et
744 1484 781 1512 de
794 1485 966 1523 cognatione

222 1532 274 1554 tua
288 1538 299 1554 .·
312 1532 341 1554 tu
360 1535 424 1555 vero
437 1535 489 1554 non
507 1524 645 1554 emollitus
661 1534 689 1552 es
702 1534 737 1552 ex
758 1534 849 1552 amore
861 1524 966 1563 generis

222 1565 274 1600 tui,
291 1564 380 1604 generi
397 1565 456 1603 ejus
468 1570 603 1593 auctorem
616 1563 775 1592 anteferens.
788 1562 866 1592 Dixit
879 1564 963 1600 Deus,
982 1565 1001 1588 D

222 1605 370 1644 Egredere
385 1604 422 1632 de
440 1610 518 1632 term
529 1610 582 1632 tua
601 1610 630 1632 et
649 1603 687 1631 de
705 1603 880 1641 cognatione
901 1609 965 1638 tua,

221 1643 348 1682 quodque
361 1643 404 1672 his
414 1643 522 1682 gravius
535 1649 585 1679 est,
598 1643 640 1672 Ee
653 1642 691 1671 de
702 1642 789 1671 domo
800 1643 893 1680 patris
907 1644 949 1671 tui
956 1655 963 1671 :

221 1683 269 1712 scd
291 1694 326 1712 ex
345 1683 396 1719 iis,
421 1693 480 1721 qua!
506 1683 579 1711 Deus
602 1682 729 1721 praecepit
739 1704 747 1717 ,
773 1679 843 1710 hihil
865 1681 967 1711 durum

222 1722 391 1754 existimasti.
412 1723 473 1751 Non
484 1721 606 1751 cohibuit
627 1721 712 1750 animi
741 1720 781 1749 tui
803 1721 968 1751 alacritatem

223 1762 308 1791 honor
323 1762 415 1801 patris,
430 1771 482 1790 non
499 1771 574 1790 amor
592 1760 695 1796 matris,
711 1770 762 1789 non
783 1760 893 1791 affectus
906 1771 967 1800 erga

223 1808 360 1840 cognatos.
371 1802 430 1830 Non
440 1800 560 1839 cogitasti
570 1807 636 1838 quot
646 1800 778 1839 lacrymas
786 1800 877 1829 vetula
885 1807 969 1830 mater

222 1841 257 1870 ob
272 1848 297 1870 te
311 1840 414 1876 fundet,
427 1850 480 1869 non
489 1847 557 1878 quot
565 1846 591 1869 te
603 1839 711 1869 fletibus
721 1850 802 1869 senex
815 1846 892 1879 pater
903 1851 969 1880 pro-

222 1887 385 1919 sequuturus
397 1880 442 1908 sit.
458 1880 518 1909 Non
534 1879 606 1909 enim
623 1879 724 1919 putasti
744 1886 770 1908 te
783 1879 968 1909 humaniorem

224 1919 272 1949 illo
290 1930 346 1948 esse
362 1918 476 1953 debere,
491 1919 539 1957 qui
559 1926 584 1948 te
603 1918 722 1948 vocavit.
738 1920 804 1948 Erat
823 1919 874 1948 tibi
893 1926 969 1959 pater

224 1958 403 1991 venerandus.
425 1958 473 1987 sod
495 1968 547 1987 non
567 1965 698 1997 quantum
718 1958 839 1988 omnium
857 1960 935 1988 Pater
956 1971 964 1988 ι

224 1998 332 2026 amabas
346 2004 468 2032 matrem,
482 1997 530 2026 sed
541 1998 625 2037 magis
636 1997 687 2026 Dei
700 1998 815 2027 cultum.
827 1999 967 2028 Paternam

224 2036 347 2071 domum,
357 2043 383 2064 et
395 2036 505 2066 divitias
519 2036 696 2076 progenitoris
707 2037 841 2077 sprevisti.
859 2038 968 2068 Sciebas

225 2076 296 2105 enim
309 2075 378 2104 solas
386 2075 449 2104 fidei
460 2076 569 2105 divitias
583 2076 676 2105 animae
687 2083 846 2116 competere,
856 2077 967 2108 immor-

226 2115 308 2144 talem
326 2115 530 2154 possessionem,
553 2115 708 2144 thesaurum
723 2126 870 2155 numquam
888 2117 969 2158 expi-

226 2154 347 2183 landum.
361 2155 386 2183 0
400 2154 488 2191 qualis
501 2154 589 2190 stella,
605 2154 728 2183 Lucifero
741 2156 920 2195 splendidior,
934 2168 968 2186 ex
985 2162 1004 2186 Ε

226 2194 327 2223 oriente
351 2193 380 2221 in
407 2193 575 2222 Palaestinam
597 2193 720 2222 effulsisti
735 2193 743 2223 l
769 2196 801 2224 In
830 2197 969 2226 tenebroso

226 2233 374 2263 multorum
385 2232 496 2261 deorum
511 2232 617 2268 saeculo,
632 2232 705 2261 laetos
716 2234 826 2263 emisisti
841 2235 891 2274 piae
904 2236 970 2265 reli-

227 2273 313 2312 gionis
324 2271 424 2302 radios.
439 2273 479 2301 Te
490 2274 564 2302 Deus
575 2271 674 2300 bonum
686 2272 791 2311 pietatis
801 2274 932 2304 ferculum
942 2275 971 2305 in

227 2312 350 2342 acerbam
365 2311 580 2340 Chananaeorum
589 2317 694 2349 gentem
705 2311 826 2341 immisit.
842 2314 884 2342 Tu
900 2322 969 2344 tam-

228 2362 309 2390 quam
318 2351 359 2381 sal
369 2350 551 2391 benignitatis,
562 2350 689 2390 improbae
700 2350 759 2379 vitae
770 2351 970 2383 condimentum

228 2391 313 2422 fuisti.
323 2392 367 2420 Tu
378 2390 541 2429 tranquillus
551 2389 699 2429 apparuisti
709 2389 898 2429 hospitalitatis
907 2403 970 2432 por-

228 2438 272 2461 tus
284 2431 311 2460 in
325 2430 414 2476 medio
431 2431 601 2470 tempestatis,
615 2429 643 2458 in
654 2428 742 2459 media
760 2429 970 2470 alienigenarum

229 2477 402 2500 immanitate.

269 2512 298 2539 5.
321 2509 475 2547 Quomodo,
490 2519 507 2538 o
521 2508 564 2538 vir
575 2508 666 2545 beate,
681 2508 826 2547 benignum
838 2516 913 2540 tuum
926 2511 971 2541 de-

230 2550 345 2579 scribam
369 2548 594 2579 tabernaculum?
617 2547 753 2587 quomodo
776 2559 827 2578 non
852 2550 970 2580 mirabor

230 2600 357 2627 quercum
375 2589 509 2626 Mambre,
532 2599 612 2626 quam
628 2595 657 2618 tu
677 2588 754 2618 bonis
777 2589 896 2618 moribus
918 2591 970 2619 tuis

928 196 1058 220 spuma.

1014 269 1082 296 ριος,
1095 257 1123 286 ἐν
1136 256 1186 296 νέῳ
1200 256 1306 294 σώματι
1323 256 1420 293 λευκὴν
1433 257 1537 297 ἁγνείας
1551 258 1666 294 ἀνθήσας
1679 257 1784 292 πολιὰν,

1011 297 1056 326 καὶ
1064 297 1189 364 σίχήματι,
1196 296 1291 335 δουλίῳ
1300 296 1397 335 σαρκὸς
1407 297 1508 333 ἡδονῶν
1518 297 1648 333 δεσπότης
1659 297 1785 337 γενναίως

1030 347 1075 366 ανε
1088 348 1108 369 ς.
1120 336 1190 365 Ἀλλ’
1201 332 1273 366 οὗτοι
1284 335 1332 373 μὲν
1346 337 1370 365 οἱ
1383 337 1510 377 μακάριοι
1523 337 1630 378 μερικαί
1641 349 1710 371 τινες
1723 337 1785 370 ἴσως

1010 378 1115 415 αγαθῶν
1133 375 1215 424 ἔργων
1235 376 1333 409 εἰκόνες
1346 375 1421 406 εἰσίν
1443 376 1498 410 ἑνὸς
1512 377 1539 406 δὲ
1553 377 1698 413 πεποίηται
1717 377 1784 416 μνή-

1010 428 1064 454 μην
1082 416 1188 455 ἀνδρος,
1211 414 1331 456 Ἀὅραὰμ
1347 418 1394 446 τοῦ
1415 416 1635 457 προπάτορος,ἐν
1655 416 1692 446 ἑνὶ
1713 416 1785 456 μόνῳ

1009 454 1145 496 προσώπῳ
1158 454 1238 484 παντὶ
1251 457 1291 496 τῷ
1311 455 1405 496 κόσμῳ
1426 455 1527 493 στήλην
1537 456 1649 525 ,by-'mac
1667 456 1784 495 πανάρε-

1009 507 1054 524 τον
1072 494 1138 534 πρὸς
1154 494 1277 533 μίμησιν.
1291 495 1439 535 Τοιγαροῦν
1451 495 1548 530 πάντες
1577 495 1673 533 ίκαιοι,
1689 495 1786 529 πάντες

1009 534 1076 564 ὅσιοι
1094 534 1138 564 τὸν
1152 534 1245 563 πιστὸν
1260 534 1380 575 Ἀδραὰμ
1393 537 1505 575 αὖχοῦσι
1518 536 1637 576 πατέρα,
1651 535 1696 565 καὶ
1709 535 1784 568 κλέος

1009 574 1167 614 περίσεμνον
1180 573 1295 604 τίθενται
1313 574 1362 611 τὴν
1375 575 1441 615 πρὸς
1454 575 1533 605 αὐτὸν
1553 575 1712 612 οἰκειότητα.
1732 576 1785 604 Πι-

1010 618 1081 647 στοῑς
1101 613 1148 652 μὲν
1163 613 1214 664 γὰρ
1235 613 1278 643 διὰ
1297 617 1388 644 τοῦτον
1410 617 1424 644 ὁ
1443 615 1520 650 {moe
1538 615 1654 656 ὑπάρχει
1671 617 1720 651 τῆς
1738 614 1785 644 πί-

1010 665 1091 687 στεως
1099 665 1105 671 ·
1116 653 1257 693 φιλοξενοις
1270 650 1346 688 οὗτος
1359 654 1503 694 φιλοξενίας
1517 655 1680 694 καθηγητὴς,
1689 654 1785 694 ἔργοις,

1009 695 1038 722 οὗ
1056 693 1142 732 λόγοις
1156 693 1186 722 τὸ
1199 694 1329 733 πρακτέον
1344 694 1453 728 δεικνύς·
1467 695 1492 724 οἱ
1505 694 1655 730 θεοσεὸείας
1671 693 1786 729 ἀθληταὶ

1009 735 1251 773 στεφανηφοροῧσι,
1265 733 1314 770 τὴν
1327 734 1448 774 ἀνδρείαν
1463 734 1512 770 τὴν
1532 733 1626 763 τούτου
1648 733 1784 770 ζηλώσαν-

1009 784 1066 805 τες·
1076 775 1122 801 τοῦ
1136 772 1286 812 ἀρχετύπου
1299 773 1392 802 τούτου
1409 776 1532 814 ἐμφερεῖς
1546 774 1642 807 εἰκόνες
1653 773 1749 806 πάντες
1762 775 1787 802 οἱ

1011 811 1213 852 [.ι.εγαλό”,ῐιυχοι·γ
1227 814 1245 847 ἡ
1262 812 1328 852 πρὸς
1346 815 1438 843 τοῦτον
1461 813 1561 852 ἅμιλλα
1582 815 1636 843 τῶν
1655 813 1790 842 τοσούτων

1011 851 1119 881 δικαίων
1129 853 1229 887 πλῆθος
1241 851 1364 891 ἤνεγκεν·
1374 854 1405 882 ἐκ
1414 853 1514 888 ταύτης
1524 854 1572 888 τ’ῆς
1582 851 1704 893 φιλοθέου
1716 852 1787 892 ῥίζης

1010 891 1107 924 πάντες
1127 890 1296 927 ἐὸλάστησαν
1317 893 1341 922 οἱ
1383 892 1537 933 ιλόχριστοι.
1555 893 1609 922 Καὶ
1623 892 1651 921 τί
1668 892 1700 922 τὸ
1720 893 1789 922 κατὰ

1014 926 1080 964 εἶδος
1093 931 1310 980 ἀπαριθμοῦμαις
1326 933 1429 965 Παντες
1442 932 1504 972 γὰρ,
1517 934 1553 966 ὡς
1568 932 1630 965 ἔπος
1644 933 1738 968 εἰπεῖν,
1752 927 1790 961 ὧν

1013 969 1114 1009 λάμπει
1133 981 1164 999 το
1185 971 1241 1010 φῶς
1260 970 1407 1011 ἔμπροσθεν
1430 974 1484 1001 τῶν
1508 974 1556 1002 ἀνθ
1573 971 1664 1008 ώπων,
1687 973 1717 1001 ἐκ
1741 973 1789 1006 τῆς

1013 1012 1110 1046 πιστῆς
1123 1012 1170 1039 τοῦ
1183 1010 1350 1051 προπάτορος
1363 1011 1502 1050 λαμπάδος
1515 1013 1547 1041 ἄν
1568 1015 1685 1052 φθησαν·
1699 1011 1790 1040 τοσού-

1013 1061 1073 1083 τους
1093 1050 1165 1089 αὖτῷ
1182 1050 1279 1083 παῖδας
1301 1049 1414 1090 ἀγαθοὺς
1426 1053 1441 1080 ὁ
1459 1053 1519 1081 κατ’
1537 1051 1672 1081 εὐσέὸειαν
1693 1050 1790 1091 τρόπος

1014 1089 1151 1129 ἕφόρησιν.
1168 1089 1293 1129 Ἀψευδὴς
1309 1090 1361 1130 γὰρ
1375 1093 1390 1120 ὁ
1401 1090 1493 1126 εἰπὼν,
1506 1090 1547 1120 ὅτι
1559 1090 1669 1131 Πατέρα
1677 1092 1788 1120 ’πολλῶν

1015 1130 1096 1159 ἐθνῶν
1115 1128 1221 1158 τέθεικά
1241 1140 1282 1159 σε.
1297 1124 1335 1159 Ὦ
1351 1130 1470 1171 μακαρία
1543 1130 1571 1167 ἡ,
1582 1133 1706 1161 τοσοῦτον
1719 1132 1789 1166 πλῆ-

1016 1171 1058 1202 θος
1071 1168 1285 1208 κατορθωμάτων
1308 1171 1323 1198 ὓ
1345 1171 1352 1181 ’
1373 1169 1401 1199 ἓν
1420 1181 1579 1210 χωρησασα.
1592 1169 1632 1199 Σὺ
1652 1170 1790 1220 πάμφορος

1017 1209 1121 1244 ἀληθῶς
1141 1207 1228 1248 χώρα,
1239 1208 1271 1237 σὺ
1287 1221 1320 1238 πε
1339 1208 1378 1239 ίον
1396 1210 1554 1250 πάγκαρπον
1570 1211 1623 1239 τῶν
1638 1221 1691 1239 κατ
1719 1210 1792 1239 εὗσέ-

1017 1248 1091 1277 6ειαν
1104 1248 1201 1287 ἔργων,
1216 1247 1248 1277 σὺ
1267 1248 1366 1288 λειμὼν
1382 1249 1491 1286 εὐανθὴς
1505 1249 1638 1283 παντοίοις
1655 1249 1791 1279 δικαιοσύ-

1017 1299 1063 1323 νης
1080 1287 1171 1317 ἄνθεσι
1184 1287 1282 1354 ἕῇρύων,
1296 1288 1328 1317 σὺ
1346 1288 1391 1317 καὶ
1408 1288 1533 1328 στέφανος
1554 1288 1696 1329 εὐπρεπὴς,
1712 1288 1792 1328 μέσον

1017 1326 1087 1366 ἔχων
1100 1329 1149 1362 τῆς
1161 1338 1181 1354 π
1193 1338 1275 1360 στεως
1290 1328 1457 1367 μαργαρίτην
1469 1328 1670 1368 προλάμποντα.
1686 1330 1712 1358 n
1763 1328 1793 1357 ε’-

1017 1377 1112 1395 ταττεν
1133 1368 1147 1395 ὃ
1160 1365 1238 1399 Θεός·
1253 1366 1363 1401 Ἔξελθε
1383 1368 1414 1396 ἔκ
1432 1369 1480 1403 τῆς
1497 1369 1547 1407 γῆς
1564 1379 1623 1397 σου·
1647 1367 1679 1397 σὺ
1744 1370 1793 1398 οὐκ

1017 1405 1166 1444 ἠμέλησας,
1187 1405 1246 1434 ἀλλ’
1260 1406 1333 1446 εἴχου
1352 1408 1400 1442 τῆς
1420 1407 1496 1443 ὁδοῦ,
1510 1406 1572 1447 πρὶν
1588 1408 1743 1443 τελεσθῆναι
1762 1408 1795 1437 τὸ

1017 1444 1429 1523 ἶὲόὲἷῖἕᾍγῗῖἶῗὶέθὲυῗῗί
1438 1446 1792 1516 δῗξὲἷέοὲκιῖἷὲἱγῗὲτῖΨ

1018 1505 1140 1593 aar
1153 1525 1625 1600 &mnarum
1637 1538 1667 1595 ‚z‘
1681 1498 1793 1601 ἶμὲῗ

1076 1586 1088 1592 -
1225 1585 1232 1599 2
1781 1579 1793 1600 ς

1019 1602 1170 1642 συγγενείας
1183 1614 1241 1639 σου,
1253 1604 1298 1633 καὶ
1312 1604 1343 1634 τὸ
1356 1603 1456 1634 τούτων
1471 1577 1624 1645 βέρηύτεροιί,
1635 1605 1689 1634 Καὶ
1702 1606 1733 1635 ἐκ
1746 1609 1793 1635 τοῦ

1019 1642 1092 1672 οἴκου
1111 1645 1157 1672 τοῦ
1175 1643 1275 1683 πατρός
1296 1655 1357 1673 σου·
1372 1645 1431 1674 ἀλλ’
1453 1645 1527 1674 οὐδὲν
1548 1645 1642 1684 ἡγήσω
1663 1644 1742 1685 βαρὺ,
1756 1641 1795 1674 ὧν

1019 1681 1502 1758 ῗυῗῗῖῗῖἶεζῗῖιόῗιῖῗκὸῗπῖἷῆῗόῖἶυ
1513 1686 1660 1753 &ermae
1668 1685 1717 1736 ‚³⁷³⁹
1731 1697 1794 1725 ψ

1020 1749 1163 1800 συγγενῶν.
1181 1734 1240 1791 Οιίῖικ
1255 1735 1392 1798 §naevii-11⁶2<
1403 1759 1446 1792 οἶα
1461 1736 1506 1793 ἐπςὶ
1516 1735 1560 1793 σροΊὶ1
1567 1735 1794 1804 θῗηςιίήέϊιῗήτηρ

1058 1800 1147 1840 ραλέα,
1158 1797 1200 1831 οἶα
1213 1801 1258 1830 ἐπὶ
1269 1802 1311 1831 σοὶ
1325 1802 1470 1832 κλαύσεται
1483 1803 1635 1843 πρεσὸύτης
1647 1804 1793 1844 πατήρ.οὐ

1019 1840 1071 1880 γὰρ
1084 1840 1174 1880 ᾠήθης
1187 1841 1240 1892 δεῖν
1251 1836 1318 1870 εἶναι
1330 1843 1573 1883 φιλανθρωπότερος
1583 1846 1629 1873 τοῦ
1640 1843 1689 1879 τὴν
1700 1845 1794 1879 κλῆσιν

1020 1879 1171 1918 ἐπάγοντος.
1205 1882 1244 1910 Ην
1260 1892 1303 1910 σοι
1323 1881 1413 1922 πατὴρ
1433 1882 1584 1921 αἰδέσιμος,
1606 1883 1665 1912 ἀλλ’
1686 1885 1723 1913 οὔ·
1758 1885 1794 1917 ὣς

1020 1919 1125 1948 πάντων
1150 1919 1256 1960 Πατήρ·
1280 1921 1381 1954 ἐπόθεις
1403 1921 1506 1961 μητέρα
1517 1945 1526 1959 ,
1551 1922 1621 1952 ἀλλὰ
1645 1925 1705 1952 θεοσ
1737 1935 1794 1952 ειαν

1022 1960 1130 1998 μᾶλλον.
1144 1959 1228 2007 Oj'xou
1239 1961 1441 2012 ’κατεφρόνησας
1462 1965 1592 2001 πατρικοῦ
1601 1984 1608 1998 ,
1621 1962 1666 1991 καὶ
1680 1962 1794 1992 πλούτου

1021 2009 1190 2071 {mm}
1202 2000 1369 2075 ἷῗέἕῖονῖῗὸ
1379 2001 1795 2079 Ξῗὲῗαῗνῗὲἷῖρῖἵῗὲυἶὲἶ

1021 2077 1160 2117 θησαυρόν.
1177 2077 1215 2107 Ὦ
1234 2074 1286 2111 οἷος
1306 2079 1402 2119 ἀστὴρ,
1417 2078 1550 2119 ἑωσφόρου
1571 2080 1754 2121 φαιδρότερος,
1768 2082 1795 2115 ἐξ

1021 2117 1155 2146 ἀνατολῶν
1178 2119 1215 2150 εἰς
1236 2118 1419 2154 Παλαιστίνην
1446 2118 1595 2159 ἐξέλαμψας
1604 2141 1612 2154 ,
1634 2121 1661 2149 ἐν
1686 2123 1796 2160 ἀφεγγεὶ

1022 2155 1160 2189 πολυθεΐας
1172 2157 1222 2197 βίῳ
1236 2157 1347 2197 φαιδρὰς
1358 2158 1496 2198 ἐκλάμψας
1510 2159 1658 2193 θεοσεὸείας
1671 2161 1796 2196 ἀκτῖνας

1023 2196 1060 2226 Σὲ
1074 2195 1142 2229 Θεὸς
1157 2196 1252 2235 ἀγαθὸν
1272 2197 1418 2231 θεοσεὸείας
1434 2197 1576 2237 γλύκασμα
1594 2202 1627 2234 τῆ
1647 2205 1731 2240 πικρᾶ
1749 2200 1796 2229 καὶ

1023 2235 1179 2265 Χαναναίων
1197 2235 1306 2266 ἐνέὸαλε
1325 2237 1455 2277 πολιτείᾳ.
1469 2237 1519 2272 Σὺ,
1537 2231 1656 2278 καθάπερ
1670 2230 1735 2273 ἅλας
1748 2251 1794 2279 φι-

1022 2275 1202 2315 λανθρωπίας,
1223 2275 1332 2315 γέγονας
1351 2280 1466 2317 πονηροῦ
1509 2277 1547 2307 ίου
1569 2278 1741 2318 παράρτυμα.
1756 2279 1796 2308 Σὺ

1022 2315 1135 2354 γαληνὸς
1147 2314 1265 2354 πέφηνας
1277 2315 1421 2355 φιλοξενίας
1434 2317 1483 2355 λιμ
1502 2329 1516 2346 ν
1527 2318 1554 2346 ἐν
1565 2317 1639 2357 μέσῳ
1652 2318 1795 2348 κλυδωνίου

1023 2357 1056 2394 τῇ
1070 2356 1123 2384 τῶν
1138 2354 1292 2395 ἀλλοφύλων
1307 2356 1504 2396 μισανθρωπία.

1064 2515 1128 2547 Πῶς
1152 2526 1214 2550 σου,
1231 2515 1360 2555 μακάριε,
1381 2515 1428 2551 τὴν
1453 2515 1636 2556 φιλάνθρωπον
1659 2516 1797 2556 δια-γράψω

1024 2553 1138 2590 σκν,νήν;
1151 2557 1206 2587 πῶς
1221 2555 1250 2583 οὔ
1272 2555 1399 2593 θαυμάσω
1413 2554 1462 2591 τὴν
1481 2556 1542 2595 δρῦν
1561 2555 1610 2591 τὴν
1629 2556 1794 2595 καλουμένην

1024 2593 1156 2632 Μαμῑίρῆ,
1171 2595 1203 2628 ἣν
1216 2594 1246 2623 σὺ
1261 2599 1313 2627 τοῖς
1329 2596 1434 2634 ἀγαθοῖς
1448 2595 1552 2635 τρόποις
1565 2595 1720 2635 ἡμέρι·)σας;
1733 2597 1795 2625 Κοι-
