1890 2826
638 150 1203 289 SPURIA.

1695 570 1731 590 532

709 574 1116 640 MONITUM
1153 632 1156 633 γ

535 734 583 769 ΙΝ
608 733 729 770 DUAS
754 732 975 768 HOMILIAS
1001 733 1290 781 SEQUENTES.

155 862 240 892 Hasce
253 858 378 890 h'omilias
391 859 510 901 ejusdem
524 860 640 890 auctoris
662 870 718 890 esse
731 870 783 889 non
807 866 845 889 est
859 859 931 898 quod
955 859 1120 896 dubitemus,
1135 861 1170 890 ita
1184 861 1254 901 stylo
1267 868 1292 892 ct
1303 861 1420 892 dictione
1440 863 1539 892 similes
1559 871 1620 893 sunt
1637 878 1642 893 ς
1659 876 1684 898 ct

112 908 274 948 alioquinin
287 907 403 937 secunda
424 914 611 947 argumentum
625 906 718 947 primm
737 906 771 936 ab
789 905 866 935 initio
889 906 1071 945 prosequitur.
1103 907 1165 935 Non
1181 916 1238 936 esse
1262 914 1351 937 autem
1379 907 1579 947 Chrysostomi,
1594 910 1683 948 quivis

111 961 240 985 emimetae
267 953 340 983 uaris
366 953 455 983 statim
481 953 621 993 percipiat.
647 953 701 984 Sed
727 953 856 982 libentius
879 952 986 981 credam
1013 963 1069 982 csse
1102 952 1254 993 cujuspiam
1281 964 1315 983 cx
1346 954 1510 995 presbyteris
1535 955 1678 986 Antioche-

110 1001 163 1037 nis,
176 1001 223 1040 qui
236 1000 420 1041 Chrysostomi
432 1007 552 1040 tempore
565 999 674 1029 alternis
686 999 794 1029 vicibus
806 1009 896 1028 coram
912 998 1045 1029 Flaviano
1058 999 1184 1038 episcopo
1196 999 1344 1030 Antiochiae
1358 1001 1595 1031 concionabantur.
1611 1002 1681 1032 Hinc

110 1047 232 1086 estquod
243 1048 270 1076 in
283 1047 362 1076 finem
373 1046 467 1086 primae
479 1045 608 1081 homiliae,
619 1048 666 1075 τοῦ
679 1047 766 1074 κοινοῦ
778 1045 885 1084 πατρὸς,
898 1045 1059 1073 communis
1071 1046 1177 1083 patris,
1205 1045 1304 1075 mentio
1330 1045 1454 1084 hahetur,
1462 1052 1598 1085 tamquam
1608 1057 1679 1086 prze-

109 1094 201 1123 sentis.
214 1093 296 1131 Quod
308 1094 375 1124 forte
386 1093 520 1133 judicium
542 1093 683 1122 serendum
696 1098 735 1121 est
747 1091 782 1121 de
794 1091 855 1121 aliis
878 1091 1004 1131 plurimis
1029 1091 1208 1128 orationibus,
1221 1092 1249 1120 in
1271 1092 1350 1131 queis
1371 1093 1419 1122 ille
1441 1094 1592 1123 communis
1605 1101 1679 1133 pater

109 1150 224 1179 praeseus
235 1146 470 1170 commemoratur.
486 1140 561 1169 Hanc
573 1146 675 1175 autem,
689 1145 719 1168 ut
731 1145 757 1168 et
770 1137 924 1167 innumeras
937 1137 1003 1166 alias
1017 1136 1208 1178 chrysostomo
1222 1138 1370 1177 adscriptas
1383 1139 1543 1179 reperimus,
1570 1139 1627 1169 sive
1640 1139 1677 1168 li-

107 1185 204 1215 brariis
216 1193 333 1225 quaestus
348 1197 428 1216 causa
441 1186 503 1215 illas
516 1192 571 1215 tam
582 1184 682 1215 oelehri
698 1183 804 1213 nomine
817 1183 1035 1223 insignieutihus,
1047 1183 1078 1213 id
1088 1183 1162 1223 quod
1175 1184 1322 1224 saepissime
1343 1185 1450 1222 accidit,
1463 1185 1520 1215 sive
1533 1184 1594 1214 aliis
1608 1186 1674 1215 scri-

107 1231 229 1270 ptoribus
240 1231 380 1261 temerario
395 1242 464 1260 ausu
485 1231 564 1261 foetus
584 1240 647 1260 suos
670 1236 746 1260 tauto
760 1229 865 1258 doctori
888 1228 1112 1265 adscribentibus,
1126 1236 1155 1260 ut
1177 1229 1336 1260 melioribus
1350 1231 1477 1271 auspiciis
1492 1230 1519 1259 in
1535 1230 1674 1270 publicum

105 1275 253 1316 prodirent.
267 1275 454 1316 Interpretatio
465 1275 605 1314 utriusque
617 1275 747 1304 sermonis
759 1280 798 1304 aet
811 1273 955 1304 Frontonis
966 1274 1071 1304 Ducaei.

102 1484 184 1523 Λόγος
197 1485 234 1516 εἷς
247 1483 287 1520 τὸ,
302 1478 379 1512 Εἷδεν
402 1484 417 1511 ὃ
430 1482 498 1515 Θεὸς
512 1481 600 1510 πάντα
619 1481 669 1510 ὅσα
691 1480 798 1515 ἐποίησε
807 1492 814 1498 ·
826 1479 871 1509 καὶ

141 1529 195 1559 ἰδοὺ
209 1529 278 1558 καλὰ
301 1528 373 1558 λίαν·
387 1527 432 1557 καὶ
445 1528 486 1557 ὅτι
510 1527 543 1556 τὰ
557 1530 614 1556 θεῖα
626 1526 704 1565 λόγια
725 1525 870 1564 τιμιώτερα

139 1575 244 1604 πάντων
257 1574 351 1610 ἡδέων.

139 1665 245 1696 ’Καλοὶ
264 1666 312 1700 τῆς
325 1663 458 1696 εὗσεὸείας
478 1663 503 1692 οἱ
519 1663 662 1701 λειμῶνες,
685 1663 714 1691 οὐ
736 1661 865 1701 προσκαί-

100 1718 153 1745 ροις
161 1709 268 1755 1χροιαῖς
281 1705 430 1742 κομῶντες,
444 1703 502 1732 ἀλλ’
524 1701 652 1741 οὐρανίοις
666 1701 755 1730 ἄνθεσι
772 1700 863 1739 βρύον-

98 1757 148 1779 τες.
168 1746 239 1780 Ανθη
251 1745 279 1773 δέ
291 1745 343 1772 εἰσι
356 1745 404 1778 τῆς
417 1742 559 1776 εὖσεὸείας,
573 1742 598 1770 οἱ
611 1740 708 1780 καρποὶ
721 1742 768 1776 τῆς
777 1739 864 1769 ἐνθέου

98 1784 239 1817 πολιτείας.
255 1785 289 1812 Αἱ
298 1782 349 1822 γὰρ
361 1782 453 1821 ἀρεταὶ
466 1782 607 1821 ἀνάγουσιν
621 1783 692 1819 ἡμᾶς
705 1781 742 1813 εἷς
756 1779 786 1809 τὸ
799 1782 863 1808 θαυ-

97 1824 197 1861 μαστὸν
206 1824 252 1853 καὶ
265 1835 287 1852 π
389 1832 438 1850 πον
451 1822 536 1851 ἐκεῖνο
549 1820 645 1853 κᾶλλος
658 1820 689 1849 τὸ
700 1821 759 1849 κατ’
775 1819 863 1848 εἰκόνα

95 1866 166 1893 Θεοῦ
179 1862 354 1903 γεγενημένον
366 1861 412 1891 καὶ
426 1862 485 1890 καθ’
502 1859 636 1899 ὁμοίωσιν.
651 1859 726 1895 Αὕτη
747 1858 833 1888 τοίνυν
844 1861 861 1894 ἡ

94 1905 152 1932 κατ’
166 1902 264 1943 ἀρετὴν
275 1901 400 1940 ὁμοίωσις
420 1900 501 1929 ἵππον
522 1899 580 1930 ἀντὶ
607 1898 744 1939 ἀνθρώπου
765 1899 812 1928 οὐκ
831 1899 862 1938 ἐᾷ

93 1943 227 1982 λέγεσθαι.
242 1941 351 1976 Ταύτην
366 1935 411 1970 οὖν
432 1939 495 1969 ὅταν
519 1938 734 1979 μεταδιώκωμεν,
751 1938 799 1967 οὔκ
822 1937 862 1967 ἔτι

92 1982 169 2016 λύκος
177 1981 223 2011 καὶ
231 1982 336 2021 δράκων
348 1980 393 2009 καὶ
406 1979 464 2019 ὄφις
474 1979 519 2008 καὶ
528 1978 651 2018 σκορπίος
665 1977 858 2027 ὀνομαζόμξθα,

90 2022 155 2060 πρὸς
175 2021 224 2057 τὴν
245 2022 299 2050 τῶν
322 2019 425 2058 ἀλόγων
448 2019 523 2087 ὕὸἵιν
550 2017 774 2067 καταφερόμενοι·
797 2018 876 2046 αλλ”

89 2061 166 2090 εἰκὼν
192 2062 263 2090 Θεοῦ
286 2058 426 2098 θαυμαστὴ
451 2070 485 2087 κα
517 2057 609 2097 τιμία,
635 2068 666 2086 το
685 2056 856 2096 πρωτότυπον

89 2100 184 2133 κᾶλλος
195 2102 241 2133 τῶ
252 2101 419 2139 χαρακτῆρος
429 2098 549 2132 σώζουσα
556 2120 564 2134 ,
572 2097 617 2126 καὶ
631 2095 721 2135 ἐσμὲν,
730 2096 775 2126 καὶ
785 2096 854 2135 λεγό-

89 2142 157 2177 μεθα
165 2161 173 2175 ,
183 2138 228 2167 καὶ
241 2138 427 2176 πιστωόμεθα.
434 2136 572 2172 Δεσπότης
582 2135 670 2175 ἐγένου
679 2138 732 2165 τῶν
742 2135 853 2174 ἀλόγων·

88 2178 126 2216 μὴ
147 2180 228 2217 μιμοῦ
239 2179 292 2206 τῶν
303 2179 411 2206 οἰκετῶν
424 2176 459 2205 τὰ
471 2176 536 2211 ἤθη·
551 2177 599 2205 οὐκ
613 2174 704 2210 ἐπειδὴ
719 2176 807 2214 φαῦλα
820 2174 853 2204 τὰ

88 2219 179 2257 ἄλογα·
189 2217 262 2246 οὐδὲν
275 2216 326 2255 γὰρ
337 2215 411 2255 παρὰ
421 2218 466 2244 τοῦ
481 2217 578 2254 ἀγαθοῦ
589 2214 669 2244 κακὸν
679 2214 796 2249 ἐκτίσθη.
805 2213 852 2249 Μὴ

86 2257 137 2297 γάρ
150 2269 190 2290 τις
199 2255 328 2294 νομιζέτω
350 2256 377 2283 ἐν
390 2253 467 2294 χώρᾳ
486 2254 580 2286 κακίας
601 2253 636 2283 τὰ
654 2254 737 2292 ἄλογα
757 2253 852 2282 τάττε-

87 2299 161 2333 σθαι,
175 2296 219 2325 διὰ
237 2294 268 2324 τὸ
287 2294 375 2324 εἰκόνα
389 2293 483 2326 κακίας
497 2295 633 2332 παρῆχθαι
652 2294 704 2332 ζτῶν
732 2292 769 2330 μὴ
790 2294 849 2321 κατ’

85 2336 182 2375 ἀρετὴν
192 2334 326 2375 βιούντων.
343 2334 378 2363 Εἰ
389 2332 441 2372 γὰρ
454 2334 547 2368 τοῦτο,
561 2334 618 2364 πῶς
632 2327 703 2361 εἶπεν
714 2334 732 2367 ἡ
747 2331 850 2371 Γραφὴ,

91 2375 143 2404 Καὶ
155 2371 221 2404 εἶδεν
236 2376 250 2403 ὁ
262 2374 330 2406 Θεὸς
343 2372 431 2402 πάντα
442 2371 492 2400 ὅσα
506 2370 613 2407 ἐποίησε
624 2393 632 2406 ,
645 2370 689 2400 καὶ
705 2369 758 2400 ἰδοὺ
768 2370 852 2407 καλὰ,

84 2414 129 2443 καὶ
145 2415 192 2453 οὐχ
216 2411 307 2446 afim<
323 2411 406 2447 καλὰ,
418 2410 488 2441 ἀλλὰ
505 2410 549 2439 καὶ
564 2409 641 2440 Καλὰ
662 2409 737 2446 λίαν;
751 2409 849 2440 Ὁπότε

84 2449 129 2482 οὖν
141 2453 175 2482 τὰ
185 2448 310 2491 γεγονότα
323 2453 359 2485 εἰς
373 2451 460 2480 εἰκόνα
471 2449 564 2482 κακίας
573 2449 747 2489 παρήχθησαν
761 2450 771 2489 (
777 2452 790 2479 ὁ
798 2449 849 2490 γὰρ

116 2540 124 2551 ³
144 2530 241 2557 Cottam
254 2539 311 2556 cum
324 2529 387 2556 Cod.
401 2530 460 2562 Reg.
474 2530 547 2554 2342.

887 1482 906 1504 Δ
922 1480 1019 1509 Sermo
1030 1482 1062 1509 iu
1076 1480 1164 1514 illud,
1177 1479 1255 1510 Vidit
1275 1481 1350 1509 Deus
1369 1488 1463 1510 cuncta
1476 1492 1536 1520 quae
1547 1483 1642 1512 fecerat
1657 1496 1662 1512 ι
1680 1490 1736 1512 Gen.
1750 1496 1769 1512 1.
1779 1491 1814 1514 31.

960 1532 986 1554 et
996 1536 1056 1555 ecce
1068 1525 1147 1555 valde
1157 1525 1245 1563 bona;
1256 1532 1283 1554 et
1297 1527 1334 1554 de
1344 1537 1388 1562 ev,
1399 1528 1480 1566 quod
1490 1528 1593 1556 divinia
1604 1529 1664 1558 elo-

959 1573 1031 1610 quia
1040 1571 1180 1611 jucundis
1195 1572 1357 1610 quibusque
1371 1574 1456 1601 rebus
1470 1574 1659 1603 antecellunt.

959 1664 987 1691 1.
1010 1662 1126 1692 Pulchra
1144 1672 1207 1691 sane
1227 1669 1290 1692 sunt
1303 1662 1407 1702 pietatis
1429 1670 1504 1703 prata
1514 1686 1521 1698 ‚
1534 1675 1593 1703 quae
1606 1676 1658 1696 non

917 1701 1085 1741 temporariis
1100 1701 1238 1731 coloribus
1254 1701 1347 1737 nitent,
1358 1701 1406 1731 scd
1420 1703 1569 1733 caelestibus
1582 1705 1656 1734 ssori-

915 1742 966 1771 bus
977 1740 1138 1770 redundant.
1150 1741 1244 1770 Flores
1255 1748 1344 1771 antem
1355 1742 1461 1781 pietatis
1472 1750 1543 1778 sunt,
1555 1743 1656 1774 divini-

914 1788 957 1810 tus
966 1781 1100 1820 inspiratae
1109 1780 1317 1810 conversationis
1327 1781 1440 1810 fructus.
1449 1781 1573 1812 Virtutes
1583 1783 1654 1813 enim

912 1821 947 1850 ad
958 1819 1144 1849 admirabilem
1155 1819 1231 1849 illam
1241 1827 1267 1849 et
1279 1820 1464 1860 primigeniam
1476 1821 1643 1861 pulchritud'

912 1870 973 1889 nem
991 1870 1039 1889 nos
1054 1858 1202 1896 reducunt,
1214 1870 1273 1898 quae
1286 1859 1320 1889 ad
1334 1859 1476 1899 imaginem
1486 1868 1511 1890 et
1523 1861 1652 1892 similit..-

910 1899 1003 1928 dinem
1014 1898 1063 1928 Dei
1079 1905 1165 1928 creata
1175 1905 1241 1928 crat.
1255 1900 1318 1928 Haec
1334 1899 1424 1938 itaque
1436 1900 1582 1930 secundum
1595 1902 1650 1931 vir-

910 1945 992 1968 tutem
1001 1937 1263 1977 similitudo,equum
1272 1949 1322 1978 pro
1332 1938 1440 1968 homine
1448 1939 1502 1969 dici
1515 1950 1566 1969 non
1576 1940 1648 1971 sinit.

875 1979 893 2003 B
909 1979 984 2008 Hanc
996 1978 1088 2016 utique
1099 1977 1123 2006 si
1134 1984 1275 2014 sectemur,
1286 1988 1338 2007 non
1346 1978 1403 2018 jam
1415 1978 1506 2018 lupus,
1516 1978 1597 2009 draco
1605 1982 1647 2010 vel

907 2028 1016 2057 serpens
1025 2017 1205 2057 appellamur,
1213 2017 1248 2046 ad
1255 2017 1398 2047 brutorum
1406 2025 1529 2047 naturam
1540 2018 1646 2059 dejecti,

906 2057 953 2086 sed
975 2057 1062 2095 imago
1079 2056 1130 2086 Dei
1151 2056 1283 2096 stupenda
1306 2063 1332 2086 at
1353 2067 1385 2086 ue
1406 2057 1555 2087 veneranda
1565 2081 1572 2094 ,
1588 2069 1647 2097 quw

905 2096 1092 2136 primigeniam
1104 2095 1179 2125 illam
1190 2068 1420 2136 pulchritudinem
1436 2097 1528 2126 sormae
1539 2098 1644 2133 retinet,

903 2143 929 2165 et
941 2146 1045 2172 sumus,
1057 2134 1214 2171 etdieimur,
1224 2142 1303 2174 atque
1313 2135 1380 2165 adeo
1391 2135 1535 2166 credimur.
1549 2137 1571 2165 F
1572 2144 1646 2166 actus

903 2186 931 2204 es
949 2174 1075 2204 dominus
1084 2174 1246 2213 bestiarum;
1258 2175 1313 2204 noli
1327 2185 1467 2204 servorum
1479 2186 1564 2204 mores
1580 2176 1643 2206 imi-

903 2214 954 2243 tari
969 2225 975 2242 :
989 2224 1040 2244 non
1061 2213 1135 2253 quod
1148 2213 1219 2243 mala
1240 2214 1294 2244 sint
1313 2214 1392 2243 bruta
1412 2214 1539 2243 animalia
1553 2226 1558 2242 :
1575 2215 1642 2243 nihil

902 2253 973 2282 enim
986 2253 1051 2283 mali
1061 2264 1077 2283 a
1086 2254 1158 2283 bono
1167 2260 1286 2283 creatum
1297 2260 1345 2282 est.
1359 2254 1452 2291 Neque
1466 2254 1537 2282 enim
1550 2253 1642 2282 existi-

902 2300 954 2322 met
964 2293 1104 2332 quisquam
1114 2293 1142 2323 in
1155 2293 1215 2323 vitii
1228 2292 1286 2322 loco
1295 2292 1459 2332 reponendas
1468 2302 1523 2321 esse
1533 2292 1639 2327 bestias,

921 2332 975 2362 uod
985 2338 1120 2371 tamquam
1133 2332 1261 2371 imagines
1273 2331 1395 2370 quaedam
1407 2331 1534 2360 vitiorum
1546 2330 1572 2358 in
1587 2341 1642 2359 me-

900 2342 977 2402 ilium
991 2372 1170 2411 proferantur,
1182 2381 1241 2409 quae
1255 2371 1282 2399 in
1297 2370 1330 2399 iis
1341 2376 1450 2408 regnant
1459 2392 1466 2406 ‚
1481 2369 1528 2406 qui
1542 2379 1592 2397 non
1607 2379 1640 2398 ex

902 2412 1055 2451 praescripto
1063 2410 1172 2441 virtutis
1183 2411 1266 2440 vitam
1279 2409 1392 2447 degunt.
1402 2409 1470 2438 Nam
1481 2408 1503 2436 si
1516 2409 1549 2436 ita
1561 2415 1638 2443 esset,

901 2461 951 2480 cur
967 2450 1080 2480 dixisset
1100 2449 1252 2489 Scriptura,
1269 2448 1407 2487 Viditque
1430 2448 1510 2476 Deus
1534 2453 1641 2476 cuncta
1654 2459 1709 2480 cani
1722 2459 1792 2484 1.31‚
