1890 2826
660 141 704 165 DE
730 143 900 166 PERFECTA

97 206 127 238 δὲ
140 212 197 242 ταῖς
213 208 343 248 γλώσσαις
362 207 415 236 τῶν
429 205 572 246 ἀνθρώπων
589 206 663 235 λαλῶ
684 205 728 234 καὶ
749 206 802 234 τῶν
825 205 871 243 ἀγ-

97 253 194 292 γέλων,
217 253 322 292 ἀγάπην
335 252 364 281 δὲ
382 251 419 291 μὴ
433 251 503 292 ἔχω,
527 251 622 291 γέγονα
638 250 738 290 χαλκὸς
750 252 838 290 ἠχῶν,
852 250 870 285 ἢ

98 299 234 338 κύμὸαλον
244 298 390 332 ἀλαλάζον·
414 297 460 327 καὶ
482 297 527 327 ἐὰν
550 297 604 337 ἔχω
617 296 779 336 προφητείαν
791 318 799 333 ,
823 296 868 326 καὶ

98 346 159 375 εἰδῶ
169 344 204 374 τὰ
214 344 349 385 μυστήρια
366 344 468 381 πάντα,
486 344 532 374 καὶ
545 342 590 373 ἐὰν
603 343 659 383 ἔχω
671 343 778 380 πίστιν,
798 342 868 372 ὥστε

95 390 145 430 ὄρη
159 390 340 429 μεθιστάνειν,
353 390 459 430 ἀγάπην
479 389 507 419 δὲ
522 389 559 429 μὴ
572 389 636 430 ἔχω,
647 389 722 418 οὐδέν
737 390 800 427 εἶμι.
815 388 869 419 Καὶ

927 144 1093 167 CARITATE
1100 159 1106 167 .

1596 137 1658 181 341

923 204 993 234 nihil
1006 215 1088 244 supra
1099 206 1234 236 caritatem
1250 219 1256 236 :
1269 208 1443 246 quamobrem
1454 209 1529 238 illam
1541 209 1666 239 omnibus

923 250 980 290 ipse
993 252 1108 291 praestrt,
1122 252 1164 282 his
1173 253 1264 283 verbis
1276 266 1284 282 ι
1294 254 1325 283 Si
1339 254 1447 294 linguis
1460 255 1610 284 hominum
1624 256 1666 285 lo·
1680 262 1757 284 neor.
1771 262 1806 285 13.

923 308 999 336 quar
1010 304 1039 327 et
1052 299 1235 336 angelorum,
1250 303 1404 330 caritatem
1425 308 1523 331 autem
1537 313 1596 331 non
1614 304 1666 332 ha·
1680 302 1699 315 ¹·
1718 300 1741 316 ²·

922 343 1127 384 beam,sactus
1136 356 1200 375 sum
1209 347 1293 376 velut
1303 357 1342 377 ωε
1350 357 1470 384 sonans,
1482 354 1535 378 aut
1545 351 1664 386 cymba-

922 389 984 418 lum
996 392 1124 421 tinniens
1132 403 1143 420 .·
1152 399 1180 421 et
1188 396 1214 422 si
1222 393 1350 423 habuero
1357 395 1550 434 prophetiam,
1561 397 1665 425 sciam-

97 435 156 465 οὐδὲ
170 436 250 477 μέχρι
259 436 358 466 τούτων
373 436 446 472 ἔστη,
460 435 529 466 ἀλλὰ
542 435 587 466 καὶ
602 435 647 465 τὸν
660 434 726 475 ὓπὲρ
736 435 870 468 εὖσεὸείας
886 440 906 463 D
922 446 979 475 que
989 446 1101 466 arcana
1114 440 1222 475 omnia,
1236 445 1265 467 et
1278 441 1303 468 si
1321 440 1450 469 habuero
1454 440 1562 480 fidem,
1578 442 1621 469 ita
1634 449 1666 470 ut

97 481 207 512 Θάνατον
221 482 294 512 οὐδὲν
307 482 378 522 ἔχειν
391 481 563 522 ἀποφαίνεται
575 481 665 522 κέρδος
673 503 681 517 ,
705 480 742 520 μὴ
753 480 868 521 προσού-

97 526 146 561 ⁶ss
159 527 273 567 ἀγάπης.
293 529 334 557 Οὐ
348 528 434 566 μάτην
449 527 477 557 δὲ
491 530 606 557 τοσαῦτα
620 527 681 567 περὶ
694 528 776 563 αὐτῆς
794 526 869 567 εἴρη-

97 585 155 603 κεν·
164 573 223 613 ᾔδει
233 573 299 614 γὰρ,
309 573 367 613 ᾔδει
381 575 470 614 σαφῶς
480 595 488 609 ,
503 573 550 603 ἅτε
561 572 675 613 γεωργὸς
692 575 745 602 τῶν
757 573 868 602 ἐντολῶν

96 621 142 648 τοῦ
156 620 226 649 Θεοῦ
236 641 244 656 ,
259 619 314 656 ὅτι,
333 619 432 655 ταύτης
444 618 619 660 ἐῤῥιζωμένης
637 620 775 659 ἀσφαλῶς,
789 621 802 648 ὁ
816 621 869 648 τῶν

96 666 200 704 ἀγαθῶν
218 665 340 695 ἁπάντων
369 665 511 704 βλαστάνει
529 665 648 705 καρπός.
672 664 712 695 Τὸ
735 665 803 705 γὰρ,
827 666 868 695 Οὐ

97 710 260 751 μοιχεύσεις,
274 712 304 740 οὖ
316 710 449 751 φονεύσεις
460 732 469 749 ,
485 712 515 741 οὗ
528 710 632 751 κλέψεις
641 732 649 746 ,
673 712 703 740 οὗ
717 711 868 751 ψευδομαρ-

95 756 232 796 τυρήσεις,
245 756 291 786 καὶ
303 756 378 790 εἴτις
389 756 467 797 ἑτέρα
479 756 587 793 ἐντολὴ,
609 758 637 787 ἐν
650 756 736 797 τούτῳ
746 758 785 796 τῷ
797 757 869 797 λόγῳ

97 803 348 843 ἀνακεφαλαιοῦται,
363 804 391 832 ἐν
401 805 454 843 τῷ,
466 803 624 843 Ἀγαπήσεις
636 802 680 833 τὸν
693 803 805 838 πλησίον
821 815 867 838 σου

94 850 132 881 ὡς
144 848 260 888 σεαυτύν.
275 849 330 879 Καὶ
342 848 369 878 τί
381 849 434 890 χρὴ
456 849 491 879 τὰ
505 849 588 890 μικρὰ
604 849 704 889 λέγειν,
717 848 751 878 τὰ
765 849 869 888 μεγάλα

95 897 265 932 σιωπῶντας
276 896 319 924 Δι’
332 895 439 935 ἀγάπην
451 897 566 932 κατῆλθε
578 895 644 936 πρὸς
665 897 737 934 ἡμᾶς
760 897 775 924 ὃ
800 897 866 935 ἀγα,

95 939 178 975 πητὸς
187 941 303 975 Υἱὸςτοῦ
317 943 405 978 Θεοῦ,
429 942 475 972 καὶ
497 942 643 981 ὁμόσκηνος
656 942 701 971 καὶ
720 941 868 980 ὁμοδίαιτος

94 990 150 1020 τοῖς
158 986 306 1027 ἀνθρώποις
317 987 436 1027 γέγονεν,
456 988 499 1017 ἵνα
511 987 560 1024 τὴν
574 987 701 1017 πολύθεον
716 987 868 1020 καταλύσας

95 1032 196 1068 πλάνην
206 1055 215 1069 ,
245 1033 290 1062 καὶ
310 1033 359 1070 τὴν
381 1035 466 1069 ἀληθῆ
487 1033 663 1073 καταγγείλας
687 1033 846 1072 θεογνωσίαν
859 1056 866 1070 ,

93 1078 142 1115 τὴν
166 1078 232 1119 πρὸς
255 1079 385 1115 ἀλλήλους
401 1080 506 1119 ἀγάπην
521 1079 610 1119 διδάξῃ
624 1078 684 1112 τοὺς
700 1078 850 1119 ἀνθρώπους
860 1101 867 1113 ,

95 1125 180 1158 καθὼς
194 1124 317 1162 Ἰωάννης
331 1129 458 1165 μαρτυρεῖ
474 1124 558 1164 λέγων
569 1136 575 1143 ·
594 1125 687 1159 Οὕτως
701 1125 840 1164 ἠγάπησεν
854 1129 868 1155 δ

93 1170 163 1204 Θεὸς
173 1171 217 1200 τὸν
230 1171 328 1210 κόσμον
341 1187 349 1208 ,’
371 1170 412 1200 ὅτι
425 1173 469 1201 τὸν
482 1172 546 1201 Υἱὸν
568 1173 648 1201 αὐτοῦ
672 1171 716 1201 τὸν
740 1174 867 1211 μονογενῆ

93 1216 207 1252 ἔδωκεν,
225 1216 268 1246 ἵνα
278 1221 332 1251 πᾶς
342 1218 357 1246 ὁ
366 1217 499 1247 πιστεύων
515 1219 552 1251 εἷς
571 1217 648 1247 αι’ντὸν
664 1217 701 1256 μὴ
716 1217 849 1253 ἀπόληται
859 1241 866 1254 ,

93 1263 152 1291 ἀλλ’
167 1263 217 1302 ἔχῃ
232 1262 300 1298 ζωὴν
321 1262 435 1293 αἰώνιον.
454 1262 524 1293 (Υπὸ
543 1262 641 1300 ταύτης
665 1263 833 1303 ἐκκαιόμενος
854 1266 868 1293 ὁ

94 1309 200 1342 Παῦλος
213 1307 262 1345 τὴν
275 1309 394 1349 οὐράνιον
405 1310 491 1349 ἀφῆκε
506 1308 594 1349 φωνὴν
603 1332 611 1346 ,
629 1309 679 1342 Τίς
691 1312 762 1348 ἡμᾶς
783 1309 866 1349 χωρί-

922 488 1034 512 montes
1052 484 1241 524 transferam,
1255 486 1406 514 caritatem
1427 491 1524 515 autem
1540 497 1598 515 non
1613 488 1666 515 Ιια·

922 529 1021 565 buero,
1040 529 1116 558 nihil
1134 539 1210 558 sum.
1229 530 1323 568 Neque
1342 531 1389 560 hic
1406 532 1494 568 stetit,
1515 531 1570 561 imo
1587 532 1667 561 etiam

920 580 1033 603 mortem
1046 584 1095 614 pro
1108 574 1153 614 pia
1172 574 1303 614 religione
1316 576 1387 605 nihil
1400 576 1470 606 lucri
1485 576 1585 606 habere
1604 588 1667 617 pro-

921 620 1036 656 nuntiat,
1055 620 1108 650 nisi
1128 620 1198 650 adsit
1216 621 1322 651 maritas.
1338 623 1432 660 Neque
1449 622 1506 651 sine
1520 633 1600 653 causa
1610 623 1667 653 haec

919 665 954 695 de
965 667 1075 697 caritate
1088 666 1160 696 dixit
1176 680 1182 695 ε
1199 667 1300 696 sciehat
1313 668 1396 704 enim,
1411 668 1491 708 plane
1503 668 1614 705 sciebat,
1628 676 1667 699 ut-

919 719 982 752 pote
994 720 1190 753 praeceptorum
1209 714 1261 743 Dei
1274 714 1373 750 cultor,
1386 713 1437 743 hac
1451 714 1542 744 firmas
1562 714 1665 745 radices

919 766 1046 798 ponente,
1067 759 1188 788 omnium
1207 759 1340 789 bonorum
1356 760 1460 789 fructus
1477 761 1572 790 emitti.
1592 761 1666 791 Illud

919 805 1001 842 enim,
1022 806 1092 836 Non
1114 806 1312 841 maechaberis,
1325 816 1386 835 non
1407 808 1529 843 occides,
1543 818 1602 837 non
1606 809 1662 849 fu·
1676 820 1753 842 Ena.
1766 828 1805 842 20,

918 854 1041 889 raberis,
1061 862 1120 881 non
1131 852 1252 892 salsum
1271 854 1467 882 testimonium
1483 853 1576 891 dices,
1597 861 1623 883 et
1641 854 1664 884 si
1679 851 1754 874 ¹3·*
1766 852 1800 874 ¹⁶·

918 908 971 936 qua
994 897 1047 927 alia
1071 904 1214 938 praecepta,
1240 898 1268 927 in
1294 899 1345 927 hoc
1367 908 1439 935 uno,
1461 909 1510 927 ceu
1533 899 1559 927 in
1579 900 1666 939 capite

918 943 1193 983 comprehenduntur,
1208 944 1322 984 Diliges
1339 946 1506 983 proximum
1522 952 1602 975 tuum
1624 948 1664 975 si—
1677 952 1727 974 Leo.
1738 952 1813 980 ¹9³?-

919 996 967 1018 cut
991 991 1122 1028 teipsum.
1147 989 1256 1028 Ecquid
1283 1000 1351 1029 opus
1369 997 1408 1019 est
1433 989 1490 1019 haec
1517 1001 1600 1030 parva
1621 992 1664 1021 di·
1675 983 1763 1006 ⁶“¹·⁵'
1779 986 1814 1012 ¹4·

919 1043 989 1068 cere,
1018 1043 1171 1072 magnaque
1195 1033 1300 1063 tacere?
1328 1034 1441 1073 Propter
1470 1035 1605 1065 caritatem
1629 1036 1661 1065 ad

919 1090 967 1108 nos
990 1079 1127 1109 descendit
1152 1079 1270 1109 dilectus
1294 1080 1342 1109 Dei
1368 1080 1476 1117 Filius,
1502 1081 1549 1120 qui
1573 1082 1664 1112 nobis-

919 1135 982 1154 cum
996 1125 1149 1155 hominibus
1163 1132 1284 1155 versatus
1303 1132 1341 1155 est
1353 1133 1379 1154 et
1387 1125 1529 1164 habitavit,
1546 1135 1575 1157 ut
1589 1128 1663 1157 mul—

918 1170 1054 1210 tiplicium
1067 1170 1178 1200 deorum
1190 1180 1283 1200 errore
1293 1171 1410 1209 sublato,
1425 1170 1540 1211 vera'que
1553 1183 1661 1203 annun-

918 1217 982 1246 tiata
989 1217 1129 1256 religione,
1138 1223 1261 1246 mutuam
1266 1217 1402 1247 caritatem
1411 1219 1533 1248 homines
1544 1220 1661 1258 doceret,

918 1261 1146 1300 quemadmodum
1167 1263 1283 1293 Joannes
1306 1263 1462 1293 testificatur
1484 1264 1593 1294 dicens:
1616 1266 1811 1299 SicJoan.3.1r·.

919 1309 999 1337 Deus
1012 1309 1117 1338 dilexit
1126 1309 1280 1346 mundum,
1293 1315 1325 1338 ut
1345 1310 1456 1339 Filium
1467 1320 1551 1340 suum
1565 1314 1664 1352 unige-

93 1366 136 1384 σει
147 1354 201 1384 ἀπὸ
212 1357 260 1391 τῆς
279 1355 384 1394 ἀγάπης
397 1358 443 1385 τοῦ
457 1357 590 1395 xpm-:053
608 1354 708 1394 λέγων·
724 1355 811 1395 Θλίψις
822 1378 829 1392 ,
845 1355 863 1391 ἢ
873 1366 909 1386 239
919 1356 1012 1383 nilum
1021 1355 1116 1392 daret,
1128 1361 1159 1384 ut
1170 1357 1265 1384 omnis
1277 1356 1328 1394 qui
1350 1356 1440 1384 credit
1452 1357 1483 1384 in
1495 1358 1588 1395 ipsum
1603 1369 1663 1388 non

93 1401 272 1441 στενοχωρία,
290 1401 308 1436 ἢ
333 1401 463 1440 διωγμὸς,
486 1400 504 1436 ἢ
522 1401 616 1440 λιμὸς,
638 1401 656 1436 ἢ
678 1401 823 1440 γυμνότης,
847 1401 865 1436 ἢ
882 1395 902 1416 A

94 1446 225 1484 κίνδυνος,
247 1446 265 1482 ἢ
287 1446 422 1487 μάχαιρα;
447 1447 655 1487 Καταφρονήσας
672 1447 699 1476 δὲ
713 1447 812 1476 τούτων
830 1449 866 1480 ὥς

94 1493 220 1529 εὐτελῶν,
235 1493 324 1522 καὶτὰ
342 1494 433 1533 πολλῷ
445 1492 545 1522 τούτων
554 1493 660 1532 μείζονα
672 1493 772 1522 τέθεικε
780 1505 787 1511 ·
802 1494 865 1534 φησὶ

93 1537 154 1578 γὰρ,
166 1538 231 1568 Ὅτι
253 1538 312 1568 οὔτε
332 1538 458 1575 θάνατος,
479 1539 539 1568 οὔτε
553 1538 605 1575 ζωὴ
615 1560 623 1574 ,
644 1539 703 1568 οὔτε
717 1541 864 1576 ἐνεστῶτα,

93 1583 153 1613 οὔτε
172 1583 317 1623 μέλλοντα,
337 1584 396 1614 οὔτε
410 1584 523 1624 ὕψωμα,
547 1584 607 1614 οὔτε
629 1585 726 1624 βάθος,
753 1585 812 1615 οὔτε
826 1597 866 1619 τις

93 1628 177 1662 κτίσις
190 1629 267 1670 ἑτέρα
280 1629 420 1666 δυνήσεται
433 1633 504 1669 ἡμᾶς
515 1630 630 1670 χωρίσαι
654 1631 706 1660 ἀπὸ
726 1632 773 1666 τῆς
797 1631 863 1670 ἀγά-

92 1686 145 1710 πης
155 1677 200 1704 τοῦ
212 1676 283 1705 Θεοῦ
295 1677 343 1710 τῆς
355 1677 381 1704 ἐν
391 1676 500 1715 Χριστῷ
512 1677 600 1711 Ἰησοῦ
610 1677 649 1715 τῷ
658 1675 862 1716 Κυρίῳ”ἡμῶν.

93 1722 228 1750 Ἐντεῦθεν
241 1720 315 1750 οὐδὲν
323 1720 437 1756 ἠδύνατο
447 1720 561 1760 χωρίσαι
569 1721 613 1750 τὀν
628 1722 756 1761 μακάριον
767 1723 864 1751 ἐκεῖνον

92 1767 144 1796 ὑπὸ
157 1769 204 1803 τῆς
216 1766 322 1806 ἀγάπης
335 1766 548 1807 πυρπολούμενον
557 1790 564 1804 ,
579 1768 627 1796 οὐκ
641 1768 763 1808 οὐρανὸς,
777 1770 806 1798 οὔ
819 1771 864 1807 γῆ,

93 1814 122 1842 οὗ
134 1814 254 1843 θάλασσα
264 1835 272 1849 ,
282 1814 322 1842 ὀὐ
336 1812 369 1842 τὰ
383 1814 410 1842 ἐν
421 1817 476 1846 τοῖς
493 1814 611 1853 οὐρανοῖς
625 1813 762 1852 βασίλεια,
786 1816 815 1844 οὗ
829 1814 863 1843 τὰ

93 1861 120 1888 ἐν
141 1859 203 1899 ᾅδου
221 1859 397 1899 κολαστήρια·
412 1858 518 1888 πάντων
534 1858 585 1898 γὰρ
606 1859 743 1900 ὑπερεώρα
763 1860 806 1890 διὰ
819 1861 863 1890 τὸν

914 1407 1026 1438 pereat,
1035 1401 1087 1430 sed
1104 1402 1213 1430 habeat
1224 1404 1320 1430 vitam
1334 1407 1484 1431 aeternam.
1496 1403 1554 1433 Hac
1566 1403 1662 1433 ardens

916 1446 1017 1476 Paulus
1039 1446 1109 1476 hanc
1129 1447 1260 1476 caelestem
1279 1447 1368 1476 emisit
1386 1458 1499 1476 vocem:
1517 1449 1588 1487 Quis
1610 1460 1662 1479 nos
1672 1464 1807 1486 R‹›m.8.3'..

915 1493 1062 1532 separabit
1080 1503 1099 1522 a
1114 1495 1237 1522 caritate
1253 1493 1376 1522 Christi?
1386 1493 1547 1531 tribulatio,
1557 1504 1596 1522 an
1609 1505 1661 1524 an-

914 1539 1022 1577 gustia,
1041 1549 1076 1568 ac
1085 1540 1280 1578 persequutio,
1304 1549 1344 1568 an
1356 1540 1470 1579 fames,
1485 1550 1526 1568 an
1543 1542 1660 1570 nuditas

915 1594 955 1612 an
966 1584 1140 1623 periculum,
1156 1594 1196 1613 an
1211 1584 1333 1623 gladius
1343 1587 1356 1612 P
1374 1585 1424 1614 His
1438 1596 1519 1624 porro
1532 1586 1609 1624 quasi
1622 1586 1659 1615 vi—

914 1630 1029 1659 lioribus
1040 1629 1182 1670 despectis,
1193 1631 1227 1660 iis
1238 1631 1323 1660 multo
1333 1631 1434 1670 majora
1447 1631 1544 1672 adjecit
1556 1645 1563 1662 :
1582 1637 1659 1671 Quia
1669 1645 1728 1667 lbra.
1736 1654 1758 1667 v.
1770 1646 1807 1668 33.

914 1687 1007 1717 neque
1015 1687 1101 1714 mors,
1111 1676 1209 1715 inquit,
1218 1687 1312 1716 neque
1318 1679 1392 1714 vita,
1402 1689 1496 1717 neque
1502 1680 1656 1718 instantia,
1669 1676 1705 1707 39.

914 1733 1008 1762 neque
1012 1722 1122 1764 sutura
1131 1745 1139 1760 ‚
1155 1733 1248 1762 neque
1269 1723 1414 1759 altitudo,
1429 1734 1524 1764 neque
1533 1727 1658 1767 prosun-

913 1769 994 1805 dum,
1010 1778 1104 1808 neque
1115 1774 1249 1798 creatura
1262 1768 1325 1797 alia
1333 1771 1440 1808 poterit
1455 1780 1507 1799 nos
1520 1781 1656 1811 separare

913 1825 932 1843 a
945 1816 1067 1844 caritate
1077 1815 1146 1851 Dei,
1160 1825 1225 1854 quoe
1232 1817 1314 1844 estin
1322 1815 1437 1845 Christo
1445 1818 1517 1846 Jesu
1527 1818 1655 1849 Domino

914 1868 1021 1891 nostro.
1037 1862 1108 1892 Hinc
1126 1861 1195 1891 nihil
1211 1870 1333 1902 separare
1352 1863 1440 1902 potuit
1452 1863 1560 1893 beatum
1573 1865 1654 1895 illum

94 1903 219 1943 Χριστόν.
240 1904 274 1933 Εἰ
288 1903 369 1932 δὲκαὶ
382 1903 443 1936 τοὺς
464 1903 558 1936 ἄλλους
571 1903 740 1942 ἐξετάσωμεν
754 1905 861 1950 ἁγίους,
879 1904 897 1927 Β
912 1908 1020 1937 caritate
1038 1907 1192 1944 ardentem,
1215 1918 1268 1937 non
1288 1908 1399 1946 caelum,
1419 1919 1473 1938 non
1492 1916 1580 1947 terra,
1601 1921 1653 1940 non

91 1948 192 1982 πάντας
205 1947 351 1987 εὑρήσομεν
363 1948 396 1976 δι’
412 1947 518 1986 ἀγάπην
532 1948 767 1987 εὖαρεστῆσαντας.

130 2184 164 2215 Ἥ
178 2185 268 2225 ἀγάπη
279 2185 394 2216 δείκνυσί
410 2197 451 2215 σοι
467 2185 512 2215 τὸν
537 2186 649 2221 πλησίον
674 2187 709 2218 ὡς
731 2186 839 2215 σεαυτὸν
850 2209 857 2222 ,

913 1965 1001 1990 mare,
1023 1964 1075 1984 non
1098 1964 1212 1994 regnum
1231 1954 1370 1991 caelorum,
1385 1965 1439 1984 non
1462 1955 1558 1985 inferni
1585 1968 1653 1997 sup·

913 2001 993 2040 plicia
1008 2012 1014 2028 :
1028 2000 1117 2030 omnia
1129 2001 1231 2040 quippe
1244 2007 1353 2040 propter
1363 2000 1501 2031 Christum
1518 2001 1653 2043 despicie-

911 2047 967 2075 bat.
987 2046 1067 2083 Quod
1085 2046 1108 2076 si
1125 2046 1193 2076 alios
1207 2056 1316 2085 quoque
1336 2053 1440 2076 sanctos
1461 2047 1632 2087 exploremus
1643 2073 1650 2086 ,

910 2103 1001 2123 omnes
1034 2092 1263 2133 deprehendemus
1291 2093 1326 2122 ob
1357 2094 1493 2123 caritatem
1520 2095 1651 2134 placuisse

895 2142 978 2170 Deo.
1575 2156 1577 2158 ¹

947 2188 977 2219 2.
999 2185 1102 2216 Caritas
1114 2185 1270 2225 proximum
1284 2185 1333 2214 tibi
1347 2185 1457 2215 exhibet
1470 2187 1538 2216 sicut
1560 2195 1648 2217 temet·
1715 2199 1798 2219 Carinas

90 2231 135 2261 καὶ
147 2231 249 2272 χαίρειν
263 2243 292 2261 σε
309 2232 425 2261 διδάσκει
439 2231 482 2260 ἐπὶ
496 2235 549 2264 τοῖς
563 2231 661 2261 ἐκείνου
674 2233 777 2266 καλοῖς,
802 2231 858 2260 ὥσ-
907 2233 1007 2272 ipsum,
1026 2238 1106 2270 teque
1126 2230 1161 2260 de
1179 2230 1253 2260 illius
1276 2231 1365 2267 bouis,
1384 2231 1495 2270 perinde
1516 2240 1595 2271 atque
1613 2233 1647 2262 de
1657 2237 1706 2257 ’ἔτεα
1718 2237 1795 2257 prum«

90 2288 141 2318 περ
151 2277 195 2307 ἐπὶ
205 2282 260 2311 τοῖς
272 2281 342 2313 σοῖς,
356 2277 401 2307 καὶ
415 2276 501 2317 φέρειν
513 2277 592 2306 αὐτοῦ
612 2276 646 2306 τὰ
664 2276 856 2314 ἐλαττώματα,

907 2278 961 2308 tuis
984 2277 1101 2318 gaudere
1127 2277 1219 2314 docet,
1241 2277 1370 2315 illiusque
1389 2277 1486 2306 damna
1505 2278 1580 2316 quasi
1600 2285 1645 2307 tua

1657 2268 1717 2281 mun}
1728 2269 1782 2288 quam

90 2323 178 2364 ὥσπερ
189 2323 235 2353 καὶ
243 2323 278 2353 τὰ
289 2323 334 2353 σά.
355 2323 391 2353 Ἡ
405 2323 496 2363 ἀγάπη
523 2322 550 2352 ἓν
571 2325 650 2361 σῶμα
666 2322 726 2355 τοὺς
746 2323 857 2356 πολλοὺς
906 2325 986 2354 ferre.
996 2324 1099 2354 Caritas
1112 2323 1212 2353 multos
1219 2333 1303 2352 unum
1312 2333 1410 2362 corpus
1421 2322 1512 2359 efficit,
1525 2323 1646 2352 illorum-

91 2369 280 2410 ἀπεργάζεται,
307 2371 352 2399 καὶ
373 2369 528 2408 Πνεύματος
546 2368 620 2408 ἁγίου
634 2370 724 2407 δοχεῖα
738 2370 784 2401 τὰς
797 2370 857 2398 τού-

89 2426 142 2444 των
153 2415 337 2449 κετασκευάζει
350 2415 437 2455 ψυχάς
447 2427 453 2434 ·
479 2417 507 2444 οὔ
522 2414 573 2455 γὰρ
587 2415 754 2454 διῃρημένοις
775 2415 856 2451 ἀλλή-

123 2520 133 2531 ·
150 2511 222 2538 Colb.
237 2516 308 2541 ἡμῶν.
322 2516 359 2538 καὶ
371 2515 431 2538 οὐδὲν
439 2514 542 2541 ἠδύνατο.

210 2567 282 2586 ΤΟΜ.
307 2568 349 2586 Vl.

907 2381 959 2410 que
968 2370 1069 2400 animas
1085 2369 1203 2410 Spiritus
1215 2368 1298 2398 sancti
1312 2368 1462 2397 habitacula
1472 2367 1576 2396 reddit:
1593 2378 1645 2396 non

908 2416 978 2445 enim
993 2416 1020 2444 in
1033 2415 1147 2453 divisos,
1160 2414 1207 2444 sed
1222 2414 1248 2442 in
1260 2415 1413 2453 conjunctos
1426 2413 1514 2440 animo
1528 2412 1645 2450 Spiritus

1471 2554 1506 2582 23
