1904 2840
622 188 655 210 IN
685 187 896 212 MATTREUM.
924 186 1042 210 uoluit„
1071 187 1131 210 XV.

1612 178 1652 218 81
1663 177 1684 214 5

143 254 189 284 Sic
198 259 224 283 et
236 252 370 298 jejunium
388 249 528 291 corporale
541 255 592 286 est,
607 255 634 279 et
645 248 794 294 spirituale.
814 249 882 278 Cor·
901 250 918 273 Δ
935 247 1073 279 scientiam
1086 258 1162 278 suam
1181 248 1309 288 lacrymis
1321 249 1484 289 poenitentias
1499 250 1578 288 lavit,
1593 258 1684 292 postea

210 293 235 322 le
253 291 387 333 jejunium
407 297 447 320 est
469 289 627 320 abstine-rea
640 289 718 325 cibis,
743 286 884 328 spirituale

139 331 274 372 jejunium
289 338 329 361 est
341 330 472 360 abstinere
482 341 497 359 a
509 329 634 370 peccatis.
656 329 726 358 Nam
739 328 809 357 sicut
820 337 884 356 caro

143 371 293 401 delectatur
308 369 503 406 manducando,
524 369 563 398 sie
575 368 687 408 spiritus
704 368 791 398 carnis
811 366 883 396 dele-

143 418 231 442 ctatur
249 412 393 452 peccando.
413 409 495 441 Unde
506 409 638 449 sapientes
655 417 733 437 omne
746 413 884 447 peccatum

144 450 286 481 libidinem
301 457 405 485 vocant,
416 449 479 488 quia
492 459 571 479 omne
583 454 721 488 peccatum
734 457 795 477 cum
809 445 883 475 dele·

145 491 259 520 etatione
284 489 486 520 committimus.
509 489 574 522 Ideo
597 494 623 517 et
643 486 884 517 circumcidebatur

144 529 268 560 libidinis
290 529 452 565 membrum,
478 536 508 559 ut
528 529 556 557 in
577 527 704 595 mpsterio
729 525 886 566 generaliter

145 570 266 600 omnium
280 569 413 599 malorum
427 568 567 598 delectatio
580 574 608 598 to
620 567 730 603 leretur,
742 576 802 605 quae
814 564 884 609 mala

144 610 246 640 faciunt
257 609 376 639 animum
389 609 504 645 tristem,
517 608 545 637 id
558 614 608 642 est,
622 606 815 646 desperantem.
829 606 884 641 Qui

145 650 217 679 enim
227 660 243 679 a
255 649 324 679 cibis
337 648 452 688 jejunat,
466 658 519 677 non
533 648 567 677 ab
580 646 708 687 operibus
726 645 815 681 malis,
838 644 886 674 ille

146 696 257 728 apparet
270 689 399 728 'ejunare,
414 697 467 717 non
487 694 575 717 autem
586 686 707 727 jejunat:
721 686 784 724 quia
803 694 886 723 quan-

146 735 204 759 tum
218 728 253 757 ad
285 727 387 758 omines
402 726 518 767 jejunat,
543 733 672 766 quantum
686 724 720 754 ad
732 726 820 754 Deum
837 734 885 752 au-

146 774 200 797 tem
210 767 325 807 pessime
337 767 463 807 epulatur
483 766 572 796 malis.
590 766 690 795 Amen
710 766 776 809 dico
787 764 884 800 vobis,

146 814 314 846 receperunt
325 807 484 836 mercedem
496 816 590 836 suam.
606 804 752 836 Delectatio
762 803 810 833 illa
825 803 885 832 lau-

146 846 191 876 dis
204 846 306 876 tamdiu
320 846 447 882 sentitur,
465 845 596 884 quamdiu
615 844 725 874 auditur
737 856 743 873 =
758 854 823 873 mox
835 854 886 872 au-

148 892 201 917 tem
216 893 245 916 ut
253 897 331 916 aures
342 885 485 921 transierit,
497 885 591 915 transit
599 891 625 914 et
635 883 775 914 delectatio
785 882 885 912 laudis.

149 926 245 961 17.Τα
254 933 351 956 autem
361 935 426 954 cum
434 926 562 965 jejunas,
569 935 645 964 unge
658 930 746 963 caput
760 929 887 959 tuum‚et

138 966 254 1006 faeiem
263 971 344 997 traam
353 965 480 995 lava.Tu
488 964 534 1003 qui
543 964 694 994 misericors
704 963 793 1002 es,qui
803 962 887 1002 magis

145 1004 253 1045 jejunas
263 1004 343 1035 corde
358 1015 440 1043 quam
450 1014 572 1044 corpore,
583 1003 632 1042 qui
645 1003 731 1042 magis
743 1002 859 1032 abstines
872 1012 887 1030 a

227 1051 255 1074 to
269 1055 349 1084 quam
359 1055 374 1073 a
388 1044 448 1074 cibo
462 1050 508 1074 :et
519 1043 580 1074 ideo
593 1053 646 1074 non
660 1042 827 1078 hominibus,
841 1041 888 1071 sed

174 1095 205 1113 eo
219 1084 336 1124 jejunas.
353 1083 490 1121 Quienim
510 1090 646 1122 peccantes
662 1083 791 1122 jejunant,
798 1081 887 1110 homi-

148 1123 230 1153 nibus
247 1124 380 1164 jejunant,
393 1133 445 1152 non
460 1124 556 1159 Deo,et
573 1122 632 1152 ideo
647 1122 795 1162 bypocritae
805 1127 885 1150 sunt:

149 1163 197 1201 qui
212 1170 301 1194 autem
323 1173 385 1192 vere
403 1164 459 1192 Deo
476 1163 615 1202 jejunant,
627 1172 678 1191 non
704 1168 806 1191 tantum
818 1172 834 1190 a
849 1161 888 1190 ci·

148 1203 192 1232 bis
205 1213 234 1232 se
247 1203 389 1238 abstinent,
403 1209 534 1241 quantum
553 1202 587 1231 ab
608 1201 682 1231 omni
694 1207 755 1230 actu
772 1200 865 1240 iniquo
879 1213 886 1230 ε

150 1244 276 1280 quoniam
292 1243 362 1272 sicut
379 1241 456 1271 cibus
477 1252 584 1271 earnem
599 1241 730 1277 delectat,
748 1241 786 1270 sic
810 1251 889 1270 omne

19 1284 23 1296 ¹
64 1293 140 1309 uxxi
150 1282 252 1313 malum
259 1282 372 1313 delectat
381 1281 506 1325 spiritum
516 1281 613 1311 carnis.
624 1280 700 1317 Quid
709 1281 792 1319 ergo?
800 1281 891 1317 Quanss

47 1956 136 1980 ι’,ι.ι6.

148 1321 185 1351 do
190 1322 356 1362 jejunamus,
368 1331 391 1349 si
404 1320 577 1350 infundamus
587 1320 677 1350 oleum
690 1320 772 1359 capiti
786 1326 888 1357 nostro,

147 1371 210 1391 vere
219 1371 318 1392 vanum
331 1367 371 1390 est
382 1372 390 1390 =
405 1367 432 1390 et
442 1361 464 1390 si
478 1360 597 1390 lavemus
607 1360 686 1390 facies
695 1367 798 1389 nostras
808 1370 888 1399 aqua.

147 1400 185 1431 Et
197 1400 258 1440 quis
270 1401 337 1430 facie
349 1405 401 1429 no'n
413 1398 506 1444 lavate.
514 1399 656 1440 procedit?
667 1399 756 1444 Magis
764 1399 851 1444 enim,
868 1400 891 1429 si

147 1439 199 1470 hoe
209 1441 331 1475 facimus,
340 1439 417 1478 quasi
428 1450 477 1480 per
485 1449 560 1485 signa
574 1439 631 1468 baec
641 1439 784 1469 lavationis
799 1446 826 1469 et
845 1450 891 1469 un-
906 1445 924 1468 C

147 1480 243 1510 ctionis
257 1480 426 1520 publicamus
438 1489 486 1509 nos
495 1479 626 1518 jejunare.
638 1478 714 1516 Quid
724 1479 807 1518 ergo?
817 1480 890 1509 Sim-

147 1516 212 1559 plex
224 1518 404 1559 interpretatio
416 1519 498 1558 hujus
510 1518 563 1547 loci
572 1519 628 1548 baec
640 1525 689 1554 est,
703 1518 831 1556 quoniam
844 1530 892 1558 per

147 1559 343 1598 aggerationem
366 1557 540 1597 intelligenda
558 1564 621 1587 sunt
641 1557 702 1593 ista,
717 1557 787 1586 sicut
800 1564 825 1586 et
840 1569 890 1587 cac-

148 1603 204 1628 tera
223 1605 284 1627 ante
302 1598 386 1633 dieta,
399 1603 535 1635 tamquam
554 1597 576 1625 si
594 1596 683 1625 dieat:
699 1597 744 1626 sie
765 1597 844 1642 longe
865 1604 891 1627 te

148 1637 235 1667 heere
244 1636 326 1666 debes
339 1637 374 1666 ab
386 1636 559 1666 ostentatione
569 1635 665 1682 jejunii
682 1636 733 1671 tui,
749 1642 779 1665 ut
796 1647 819 1665 si
839 1647 888 1676 po-

149 1682 200 1707 test
210 1676 279 1712 fleri,
294 1675 370 1715 quod
382 1685 435 1705 non
448 1675 532 1711 decet,
543 1682 623 1704 etiam
635 1685 665 1704 ea
678 1676 769 1711 facias,
782 1686 842 1714 quae
855 1687 889 1706 ex

149 1715 257 1747 diverso
277 1715 393 1746 luxuriae
406 1722 432 1744 et
445 1714 606 1755 epulationis
626 1714 753 1744 videmur
770 1725 826 1744 esse
845 1716 888 1745 in-

149 1754 232 1785 dicia.
247 1756 430 1795 Spiritualiter
442 1762 530 1784 autem
544 1755 594 1789 sic,
609 1754 678 1784 sieut
690 1765 724 1784 ex
741 1755 888 1794 superiori-

149 1794 201 1824 bus
213 1802 296 1835 patet,
311 1795 374 1834 quia
387 1794 467 1824 facies
479 1795 574 1824 animae
588 1794 748 1823 conscientia
763 1794 893 1835 intelligi-

147 1840 193 1869 tur
208 1847 215 1863 τ
228 1835 334 1875 Projice
346 1845 409 1873 ergo
422 1834 470 1864 abs
481 1841 507 1863 te
517 1834 636 1863 avaritiae
654 1833 755 1870 sordes,
777 1835 889 1874 perjurii

147 1881 274 1909 stercora,
284 1873 445 1913 malitiaeque
453 1873 622 1914 putredinem
630 1878 639 1911 ζ
648 1880 674 1903 et
681 1874 775 1903 lavasti
785 1874 888 1914 faciem,

147 1914 175 1943 id
185 1921 235 1950 cst,
250 1914 438 1944 conscientiam
452 1920 523 1942 tuam
535 1924 606 1952 aqua
614 1913 780 1954 prophetica,
790 1913 824 1942 de
837 1925 889 1953 qua

146 1953 214 1984 dicit
224 1954 331 1984 Esaias:
340 1955 505 1989 Lavamini‚
515 1959 543 1982 et
553 1954 655 1982 mundi
665 1960 762 1989 estole,
776 1954 890 1993 auferte

147 1996 308 2038 nequitiam
321 1995 358 2022 ab
373 1994 528 2022 animabus
542 1994 658 2022 vestris.
672 1992 700 2022 Si
711 1993 781 2022 enim
797 1993 887 2024 abstu-
903 1991 929 2022 n'

146 2033 211 2063 ieris
224 2033 370 2071 nequitiam
383 2033 418 2062 ab
425 2033 512 2062 anima
524 2039 581 2069 tua,
595 2032 690 2061 lavasti
701 2033 888 2064 conscientiam

145 2079 231 2109 tuam,
244 2079 270 2102 et
282 2073 350 2102 bene
359 2072 476 2113 jejunas.
491 2073 559 2101 Item
570 2078 651 2112 caput
670 2078 747 2101 tuum
765 2072 889 2103 Christus

146 2118 195 2141 est.
217 2112 355 2142 Sitientem
377 2119 458 2152 pota,
476 2111 635 2141 esurientem
658 2111 735 2144 ciba.
758 2112 888 2151 algentem

146 2151 232 2186 vesti,
246 2151 324 2180 etsie
343 2151 534 2191 pretiosissima
557 2151 683 2192 myrrha,
701 2151 729 2181 id
751 2158 807 2187 est,
830 2153 889 2182 oleo

147 2189 336 2220 misericordia:
344 2191 445 2219 unxisti
454 2198 534 2230 caput
543 2197 631 2226 tuum,
640 2190 669 2219 id
678 2198 727 2227 est,
738 2191 886 2227 Christum,

146 2229 194 2267 qui
206 2230 302 2258 clamat
319 2229 346 2258 in
366 2230 513 2268 evangelio,
529 2229 630 2265 dicens,
645 2230 709 2268 quia
732 2231 817 2268 Quod
837 2233 889 2260 uni

148 2279 185 2297 et
199 2270 261 2298 istis
271 2268 406 2308 fecistis,
421 2270 494 2298 mihi
503 2269 632 2309 fecistis.
647 2270 781 2306 Quoniam
800 2276 888 2299 autem

147 2308 234 2338 omnis
244 2307 349 2347 justitia
368 2308 395 2336 in
410 2307 453 2336 his
474 2307 581 2337 duobus
602 2309 722 2337 consistit
736 2320 743 2337 ε
758 2309 887 2348 primum,

147 2354 178 2376 ut
191 2357 224 2377 ne
235 2347 316 2377 facias
327 2347 428 2376 malum
438 2358 445 2384 3
457 2347 615 2383 secundum,
633 2354 662 2376 ut
674 2348 755 2377 facias
766 2348 866 2377 bonum
879 2361 886 2378 t

147 2386 182 2416 ad
195 2387 235 2423 id,
250 2386 323 2425 quod
344 2387 456 2426 pertinet
471 2386 504 2415 ad
521 2387 548 2415 fu
569 2386 650 2415 ienda
668 2393 785 2426 peccata,
804 2386 887 2423 dixit,

146 2426 352 2465 Lavasaciem
370 2432 450 2455 tuam
463 2438 471 2455 .-
484 2425 518 2454 ad
531 2426 550 2455 il
565 2425 602 2455 ud
614 2432 714 2462 autem,
729 2426 804 2465 quod
823 2437 886 2467 per-

146 2464 213 2494 tinet
223 2464 257 2494 ad
271 2465 391 2494 facienda
405 2465 473 2494 bona
487 2475 579 2505 opera,
597 2466 680 2505 Unge
694 2472 779 2505 caput
794 2472 886 2502 tuum,

145 2510 169 2532 et
190 2514 218 2532 cs
238 2504 361 2533 amabilis
379 2504 447 2534 sicut
467 2505 564 2541 Maria,
578 2515 637 2543 quae
659 2511 799 2545 postquam
820 2516 887 2536 con—

178 2602 187 2613 ·
206 2593 286 2619 iidem
299 2596 324 2619 in
339 2603 418 2628 marg.
431 2604 492 2628 opus
508 2596 575 2620 omni
588 2595 739 2621 Christiano.

936 286 1036 317 infudit
1051 288 1141 317 oleum
1155 299 1236 328 super
1257 295 1337 328 caput
1357 289 1469 327 Christi,
1484 297 1510 320 et
1523 290 1633 331 impleta
1646 299 1686 322 est

937 326 1034 356 domus
1046 327 1129 356 odore
1142 340 1148 356 ε
1163 327 1199 357 ita
1210 334 1236 357 et
1246 334 1353 358 tuorum
1367 339 1479 369 operum
1492 330 1573 367 fama,
1588 331 1611 360 si
1624 332 1685 362 sue—

937 366 976 396 ris
997 367 1059 396 talis
1069 390 1076 402 ,
1098 373 1180 396 totam
1205 367 1329 407 implebit
1356 369 1516 399 Ecclesiam.
1543 371 1580 400 Et
1603 382 1686 410 qnam

941 407 1051 446 proprie
1063 406 1145 441 dixit,
1157 407 1250 436 faciem
1261 407 1370 446 quidem
1383 408 1492 438 lavare:
1504 417 1585 450 caput
1593 418 1686 440 autem

940 455 993 475 non
1005 446 1105 482 lavare,
1118 446 1166 477 sed
1180 457 1288 486 ungere.
1304 447 1442 484 Quamdiu
1459 449 1530 479 enim
1544 460 1638 480 sumus
1656 451 1685 480 in

937 495 1066 525 corpore,
1081 486 1242 517 conscientia
1269 493 1357 516 nostra
1383 498 1488 528 semper
1516 489 1625 519 sordida
1645 497 1685 520 est

939 524 966 553 in
981 526 1104 565 peccatis.
1122 528 1210 566 Caput
1231 532 1320 555 autem
1333 533 1455 556 nostrum
1471 528 1595 560 Christus
1607 530 1685 560 lava·-

938 564 1037 594 tionem
1049 566 1223 597 necessariam
1237 575 1290 595 non
1300 565 1393 599 habet,
1408 566 1456 596 sed
1474 568 1558 598 solam
1577 570 1684 600 unctio-

938 614 999 633 nem
1009 616 1016 633 :
1028 605 1093 642 quia
1114 606 1274 634 Peccatum
1289 616 1349 635 non
1356 606 1446 646 fecit,
1462 617 1515 636 nec
1538 609 1623 638 dolus
1637 611 1682 638 in·
1697 617 1834 648 Esai.53.9.

938 650 1044 674 ventus
1055 646 1138 674 estin
1154 655 1203 674 ore
1216 647 1289 685 ejus.
1307 647 1356 676 19.
1372 646 1472 676 Nolite
1486 648 1685 679 thesaurizare

938 685 1025 714 vobis
1039 685 1190 716 thesauros
1203 695 1288 724 super·
1308 692 1425 716 terram.
1448 687 1566 716 Praesens
1578 689 1685 728 eapitu-

940 722 998 753 lum
1011 723 1046 753 ad
1059 724 1210 769 praecedens
1223 734 1276 754 non
1301 725 1379 755 habet
1393 728 1588 764 consequentiae
1602 728 1685 757 ratio-

939 772 1011 799 nem,
1022 775 1086 802 quia
1094 764 1164 793 illud
1170 764 1204 793 de
1212 764 1317 804 jejunio
1325 764 1427 794 dictum
1437 773 1485 801 est,
1495 766 1546 795 boe
1554 774 1643 798 autem
1651 767 1686 797 de

939 802 1124 843 eleemosynis.
1138 804 1211 841 Quid
1229 814 1293 844 ergo
1307 805 1367 834 est?
1378 805 1408 835 Si
1432 816 1562 835 memores
1579 818 1684 844 sumus,

939 842 1008 871 nibil
1018 843 1052 873 de
1061 843 1238 884 eleemosyna,
1249 844 1293 873 vol
1301 844 1335 874 de
1345 845 1475 880 oratione,
1486 845 1530 874 vel
1541 845 1575 875 de
1582 846 1686 886 jejunio

939 882 1071 913 Dominus
1084 883 1178 913 docuit
1200 894 1282 923 supra
1296 896 1302 913 z
1319 884 1366 914 sed
1379 884 1577 914 simulationem
1592 896 1687 916 eorum

939 923 1102 962 compescuit
1109 929 1223 957 tantum,
1234 929 1263 952 ut
1273 933 1320 953 nec
1328 934 1417 953 coram
1427 924 1582 954 hominibus
1588 925 1687 955 faciant

939 971 981 997 ea,
995 968 1025 990 ut
1038 962 1182 992 videantur
1194 964 1228 992 ab
1242 963 1280 992 eis
1294 975 1301 993 z
1314 973 1367 993 non
1378 963 1440 1002 quia
1454 964 1584 1004 possibile
1596 972 1635 995 est
1646 966 1686 995 sic

940 1011 969 1029 ea
980 1011 1068 1040 agere,
1076 1010 1105 1032 ut
1116 1012 1169 1031 non
1184 1013 1213 1032 ea
1223 1002 1331 1034 videant
1344 1003 1474 1039 homines,
1482 1003 1552 1033 sicut
1564 1004 1685 1035 diximus

940 1050 1021 1080 supra
1032 1053 1041 1079 ς
1055 1041 1102 1072 sed
1115 1042 1261 1072 sollicitum
1275 1043 1336 1072 feeit
1348 1042 1495 1080 hominem,
1509 1050 1540 1073 ut
1553 1051 1685 1082 quantum

940 1079 975 1108 ad
992 1091 1020 1110 se
1039 1081 1077 1111 sie
1095 1081 1199 1111 festinet
1218 1092 1296 1122 agere
1318 1093 1360 1118 ea,
1375 1089 1405 1111 ut
1427 1093 1480 1112 non
1502 1082 1643 1113 videatur:
1655 1091 1685 1114 ut

941 1119 1030 1158 ipsum
1051 1121 1171 1150 bonum*
1182 1132 1251 1161 opus
1265 1122 1367 1151 homini
1384 1122 1536 1152 Christiano
1555 1124 1641 1163 magis
1655 1124 1684 1154 in

941 1159 1037 1189 all'ectu
1059 1160 1108 1196 sit,
1123 1171 1203 1200 quam
1218 1161 1246 1191 in
1266 1169 1338 1191 actu.
1354 1162 1389 1192 Et
1402 1161 1603 1199 convenienter,
1616 1174 1685 1202 quo.-

941 1198 1013 1228 niam
1035 1206 1062 1230 et
1081 1211 1162 1240 supra
1184 1201 1250 1240 legis
1269 1201 1378 1240 quidem
1398 1201 1521 1231 mandata
1544 1203 1631 1242 magis
1649 1202 1685 1232 ad

941 1248 1009 1277 opus
1018 1240 1207 1279 respiciebant,
1219 1251 1300 1279 quam
1311 1240 1347 1270 ad
1357 1241 1483 1270 affectum
1495 1253 1503 1270 ε
1517 1240 1545 1270 id
1551 1249 1604 1278 est,
1616 1243 1685 1272 Non

941 1280 1068 1315 occides,
1082 1290 1140 1309 non
1151 1281 1344 1317 adulterabis,
1355 1287 1406 1310 etc.
1422 1292 1429 1309 :
1440 1280 1565 1310 Christus
1576 1281 1610 1310 ad
1619 1293 1685 1322 sup-

942 1317 1105 1356 plementum
1123 1330 1216 1350 eorum
1236 1320 1417 1360 spiritualiora
1437 1319 1588 1350 introduxit
1606 1332 1686 1352 man—

941 1356 1015 1394 data,
1036 1357 1069 1387 ad
1093 1359 1218 1389 affectum
1239 1360 1324 1398 magis
1343 1359 1523 1400 respicientia,
1547 1371 1627 1399 quam
1650 1362 1685 1391 ad

942 1403 1030 1427 actum
1047 1410 1054 1426 .·
1068 1399 1133 1439 Ego
1147 1406 1243 1429 autem
1258 1401 1334 1435 dico,
1346 1400 1388 1429 Ne
1401 1401 1548 1436 irascaris,
1564 1412 1601 1430 ne
1614 1412 1684 1430 con-

943 1439 1085 1475 cupiscas,
1100 1445 1150 1468 etc.
1165 1440 1210 1469 Sic
1233 1445 1259 1468 et
1283 1440 1339 1475 hie,
1360 1438 1374 1455 ι’
1387 1446 1416 1469 ut
1430 1439 1493 1469 boni
1515 1440 1686 1472 simulatione

942 1477 1068 1515 praecisa‚
1083 1488 1164 1518 opera
1179 1489 1273 1508 eorum
1286 1479 1356 1508 bona
1370 1478 1405 1508 ad
1425 1489 1472 1508 cor
1493 1481 1578 1519 magis
1597 1481 1684 1520 respi-

942 1516 1024 1551 ciant,
1044 1527 1124 1555 quam
1142 1518 1177 1547 ad
1195 1529 1224 1547 as
1245 1525 1342 1547 ectum.
1363 1517 1498 1554 Quoniam
1519 1529 1600 1557 ergo,
1615 1521 1685 1549 sieut

942 1556 1130 1594 exposuimus,
1140 1557 1212 1588 nihil
1239 1562 1347 1586 ocucrat
1357 1557 1481 1586 Christus
1492 1557 1526 1587 de
1534 1558 1600 1595 illis,
1613 1569 1676 1589 num

941 1594 1089 1624 secundum
1104 1602 1156 1626 tres
1170 1596 1337 1642 supradictas
1350 1596 1479 1635 justitias,
1498 1598 1683 1638 eleemosynae,

942 1634 1071 1664 orationis
1083 1642 1108 1665 et
1126 1636 1233 1676 jejunii,
1248 1643 1302 1665 tres
1314 1636 1514 1674 consequentias
1535 1638 1685 1668 introduxit

941 1672 1068 1703 doctrinae
1079 1686 1086 1703 :
1097 1686 1176 1704 unam
1189 1675 1223 1705 ad
1232 1676 1438 1716 eleemosynam,
1454 1677 1565 1707 alteram
1579 1678 1614 1708 ad
1627 1688 1685 1708 ora·

942 1713 1051 1749 tionem,
1066 1715 1171 1744 tertiam
1192 1715 1226 1744 ad
1237 1715 1382 1756 jejunium.
1398 1717 1439 1745 De
1456 1717 1554 1755 quibus
1569 1718 1684 1758 singulis

941 1752 1185 1784 demonstrabimus
1201 1755 1227 1784 in
1246 1755 1356 1795 proprio
1371 1755 1440 1785 loco.
1458 1757 1492 1786 Et
1513 1757 1547 1787 ad
1567 1758 1682 1788 eleemo-

941 1802 1034 1832 synam
1045 1793 1167 1824 doctrina
1181 1795 1345 1834 subsequens
1357 1795 1413 1824 haee
1427 1803 1465 1825 est
1482 1809 1490 1827 ε
1505 1798 1607 1827 Nolite
1619 1800 1682 1828 the-

941 1834 1089 1863 saurizare
1097 1836 1183 1865 ‘nobis
1193 1835 1340 1864 thesauros
1351 1843 1566 1874 superterram,
1580 1845 1609 1867 nt
1621 1838 1684 1868 talis

941 1871 1008 1900 ordo
1019 1873 1054 1902 sit
1066 1873 1223 1903 narrationis
1239 1887 1246 1903 :
1265 1875 1286 1904 C
1288 1885 1337 1903 um
1342 1876 1426 1916 sacis
1447 1876 1663 1915 eleemosynam
1673 1901 1683 1915 ,

942 1911 1004 1940 noli
1025 1915 1096 1942 tuba
1109 1923 1212 1943 canere
1227 1921 1296 1943 ante
1317 1921 1355 1952 te,
1371 1916 1444 1944 sicut
1458 1916 1682 1958 hypocritoefa·

942 1953 1023 1981 ciunt
1036 1954 1068 1981 in
1080 1955 1251 1994 synagogis,
1262 1962 1289 1983 et
1298 1956 1330 1983 in
1339 1957 1426 1990 vicis,
1440 1962 1472 1984 ut
1485 1957 1689 1996 glonficentut‘

942 1992 978 2019 ab
993 1992 1169 2022 hominibus.
1186 1996 1288 2023 Amen·
1300 1994 1365 2023 dico
1378 1996 1474 2031 vobis,
1494 2004 1685 2036 perceperunt

941 2033 1100 2061 mercedem
1111 2043 1206 2063 suam.
1225 2034 1263 2063 Te
1276 2035 1512 2076 autemsaciente
1525 2036 1686 2076 eleemosy—⁴

942 2082 1022 2108 nam,
1039 2074 1148 2101 nesciat
1162 2074 1282 2103 sinistra
1296 2080 1347 2102 tua
1359 2075 1431 2113 quid
1434 2075 1539 2122 saciat
1560 2077 1686 2107 dextera

942 2117 1011 2140 tua:
1029 2118 1060 2141 ut
1084 2113 1122 2140 sit
1143 2112 1329 2151 eleemosyna
1350 2119 1401 2142 tua
1430 2125 1461 2143 m
1485 2117 1654 2145 abscondito
1670 2139 1677 2151 ‚

941 2157 969 2179 et
988 2152 1081 2180 Pater
1095 2157 1175 2188 tuus,
1220 2156 1250 2182 ui
1263 2154 1346 2182 videt
1365 2155 1397 2182 in
1413 2155 1594 2189 abscendito,
1618 2156 1684 2185 red«

941 2191 990 2220 det
1002 2192 1054 2219 tibi
1067 2192 1099 2219 in
1112 2163 1278 2232 manifesto.
1290 2193 1391 2222 Nolite
1414 2195 1612 2224 thesaurizare
1624 2205 1685 2223 ‘110->

943 2231 988 2259 bis
1002 2231 1151 2260 thesauros
1175 2242 1261 2272 snper
1280 2240 1396 2262 terram.
1417 2235 1452 2263 Et
1465 2234 1510 2262 bic
1529 2233 1575 2262 dat
1591 2233 1682 2263 consi«

942 2269 1009 2298 lium
1020 2292 1028 2302 .
1042 2277 1072 2299 ut
1094 2270 1259 2312 eleemosyna
1273 2272 1319 2301 fiat
1331 2284 1338 2299 ι
1353 2273 1379 2301 in
1394 2272 1511 2302 secundo
1524 2273 1582 2301 loco
1594 2279 1666 2301 osten

941 2309 1000 2345 dit,
1020 2320 1079 2349 quae
1101 2310 1203 2340 utilitas
1227 2318 1267 2340 est
1292 2312 1319 2340 in
1347 2311 1512 2351 eleemosyna
1531 2311 1674 2340 facienda:

942 2349 970 2378 in
984 2350 1061 2378 tertio
1084 2349 1160 2386 loco,
1174 2357 1205 2380 ut
1226 2361 1311 2389 neque
1331 2350 1412 2380 timor
1434 2350 1529 2389 inopiae
1554 2350 1678 2379 acciden-

941 2389 976 2418 tis
997 2388 1125 2429 impediat
1151 2390 1316 2419 voluntatem
1347 2389 1519 2428 eleemosynae
1543 2388 1678 2419 faciendae.

942 2429 1046 2458 Nolite
1057 2430 1254 2458 thesaurizare
1274 2429 1359 2457 vobis
1374 2429 1523 2457 thesauros
1542 2429 1574 2456 in
1588 2434 1677 2463 terra,

941 2468 1004 2507 quia
1014 2478 1067 2497 non
1078 2468 1141 2498 estis
1152 2468 1186 2497 de
1202 2475 1280 2502 terra,
1289 2477 1338 2496 nec
1348 2467 1382 2495 de
1404 2473 1472 2495 terra
1493 2467 1617 2504 venistis,
1631 2467 1679 2497 sed

942 2518 992 2547 pro
1012 2514 1130 2547 tempore
1149 2506 1183 2536 de
1204 2513 1273 2536 terra
1291 2505 1444 2545 suscepistis
1464 2512 1572 2544 terram,
1587 2513 1617 2536 ut
1631 2517 1679 2547 per

956 2599 969 2618 ¹³
987 2597 1066 2623 Iidem
1078 2598 1103 2622 in
1114 2601 1192 2630 marg.
1207 2602 1233 2621 ul
1244 2598 1311 2621 omm'
1322 2596 1489 2622 simulatione.
