1890 2826
84 2072 224 2095 J's11l.5025.
235 2055 268 2084 de
299 2061 417 2095 peccatu,
438 2054 508 2084 sicut
526 2053 618 2083 David
637 2053 702 2083 dicit
725 2066 733 2082 .-

238 180 304 215 56]

235 254 325 288 laci-is,
340 253 384 284 cui
398 263 448 292 ego
459 262 508 282 nec
527 250 748 281 resurrectionem
761 261 777 279 a
791 249 917 285 mortuis,
931 259 980 278 nec

234 299 402 340 paradisum,
417 309 466 328 nec
484 298 612 332 caelorum
633 306 714 337 regna
734 296 922 337 promiseram,
936 295 982 325 hic

235 345 287 375 filii
304 345 405 375 nobilis
428 345 534 385 sapiens
547 343 622 373 unici
637 350 750 373 mortem
763 353 811 373 nec
832 342 922 372 doluit
935 352 982 371 nec

236 393 378 431 ingemuit,
399 402 447 421 nec
471 391 519 420 tali
540 390 637 420 nuntio
659 400 719 420 mea
741 399 816 419 sacra
838 388 980 418 deseruit:

235 440 275 468 tui
291 446 381 469 autem
400 437 558 475 Christiani,
574 437 614 467 tui
629 436 734 472 fideles,
747 446 797 477 pro
810 436 912 475 quibus
922 435 984 465 ideo

235 486 381 516 crucifixus
400 492 426 515 et
439 492 562 514 mortuus
581 495 620 519 es,
633 491 664 514 ut
677 490 790 514 mortem
808 483 861 523 ipsi
881 492 934 512 non
949 482 983 511 ti-

236 538 350 568 merent,
368 531 416 561 sed
433 537 520 560 essent
542 530 576 560 de
595 529 787 560 resurrectione
810 529 909 566 securi,
930 537 984 557 non

235 579 323 607 solum
336 578 428 618 lugent
435 584 556 607 mortuos
569 583 595 607 et
606 587 672 607 voce
683 583 710 606 et
722 576 831 612 habitu,
846 575 894 605 sed
905 575 984 604 etiam

235 624 270 654 ad
289 625 428 654 ecclesiam
447 624 591 665 procedere
616 622 820 653 confunduntur
831 645 839 660 ‚
854 621 985 661 aliquanti

235 671 314 700 etiam
327 671 379 711 ipsi
390 670 482 700 clerici
494 670 535 700 tui
546 677 572 700 et
585 676 704 710 pastores
713 668 894 699 ministerium
904 679 934 697 su
939 679 984 697 um

235 717 431 753 intermittunt,
452 722 575 746 vacantes
599 716 705 752 luctui,
725 714 806 754 quasi
827 714 985 744 insultantes

235 771 286 792 tuae
299 763 452 794 voluntati?
462 762 573 800 Quare?
585 761 658 800 Quia
670 772 738 801 quos
751 760 875 797 voluisti,
889 760 923 790 de
934 770 983 790 sae-

234 810 290 839 culi
311 809 426 849 caligine
447 809 483 838 ad
502 815 529 839 te
542 808 653 838 vocasti.
670 807 744 845 Quid
761 806 796 836 ad
810 807 867 836 haec
878 816 985 846 respon-

233 855 297 885 dere
311 856 470 896 poterimus,
486 854 603 884 fratres?
617 855 714 885 Nonne
733 852 856 884 confusio
870 863 918 882 nos
931 863 983 893 ap-

232 902 390 942 prehendet,
404 913 470 931 cum.
486 902 514 931 in
536 901 587 930 hac
607 908 684 942 parte
704 900 844 930 inferiores
858 900 982 940 gentibus

233 948 409 978 invenimur?
421 948 457 978 Et
481 947 572 986 utique
591 947 685 986 lugere
695 946 776 976 debet
790 957 920 986 paganus,
934 945 983 985 qui

233 995 353 1024 nesciens
362 995 462 1028 Deum,
478 1004 543 1023 mox
558 999 588 1022 ut
598 993 725 1028 moritur,
740 999 812 1022 recto
825 1003 906 1022 cursu
918 1003 982 1032 per-

103 1057 224 1085 Plangendi
234 1041 272 1081 git
285 1041 320 1070 ad
333 1051 452 1081 poenam.
466 1040 561 1079 Plangi
580 1039 660 1069 debet
669 1038 792 1076 Judaeus,
807 1039 855 1078 qui
874 1038 983 1071 Christo

82 1088 174 1141 32:⁰¹2
185 1088 287 1140 {gnon
299 1087 420 1123 credens,
435 1086 553 1116 animam
570 1096 647 1115 suam
665 1085 811 1126 perditioni
828 1084 982 1125 deputavit.

126 1135 131 1144 1
195 1137 198 1140 ·
214 1132 224 1136 “

83 1150 209 1172 teclmmeni

83 1183 211 1218 morientes,
234 1190 283 1208 sua
304 1178 503 1216 incredulitate,
528 1185 575 1207 aut
594 1177 757 1218 negligentia
782 1178 982 1218 proximorum,

151 1212 178 1233 ω
197 1217 226 1234 ““”
235 1225 292 1254 sine
311 1225 446 1265 baptismo
467 1224 579 1253 salutari
606 1224 772 1253 recesserint.
791 1224 926 1253 Caeterum
936 1223 984 1262 qui

235 1133 389 1162 Dolendum
402 1139 442 1162 est
450 1132 531 1172 plane
537 1131 571 1161 de
579 1131 777 1161 catechumenis
783 1131 893 1167 nostris,
902 1131 925 1160 si
935 1137 983 1160 aut

234 1271 413 1300 sanctificatus
429 1270 526 1310 gratia,
550 1270 671 1310 signatus
697 1269 761 1303 fide,
783 1269 984 1300 conversatione

234 1317 373 1356 probatus,
395 1317 439 1347 vel
460 1315 610 1345 innocentia
629 1326 750 1351 securus,
764 1315 798 1344 de
816 1315 868 1344 hoc
883 1315 984 1345 mundo

233 1362 347 1397 recedit,
359 1361 555 1391 beatificandus
574 1367 621 1397 est,
637 1371 690 1390 non
712 1360 859 1400 lugendus,
877 1361 983 1391 deside-

233 1408 345 1446 randus,
361 1418 413 1438 non
434 1406 622 1448 plangendus;
637 1407 684 1437 sed
703 1407 898 1437 desiderandus
919 1418 983 1438 cum

233 1455 425 1490 moderatione,
441 1464 503 1483 cum
529 1453 646 1483 sciamus
667 1464 716 1483 nos
737 1454 810 1493 ipsos
832 1453 983 1483 accedenti-

232 1502 284 1530 bus
304 1500 470 1541 temporibus
487 1506 660 1539 sequuturos.

272 1546 303 1576 8.
320 1548 407 1587 Terge
427 1547 511 1587 igitur
529 1546 673 1586 lacrymas,
696 1545 842 1575 intermitte
854 1546 983 1586 suspiria,

232 1603 371 1633 compesce
394 1593 522 1633 gemitus,
543 1602 559 1621 ο
579 1591 680 1629 fidelis,
701 1598 728 1620 et
741 1602 791 1631 pro
805 1591 857 1621 hac
877 1592 983 1622 tristitia

123 1656 224 1679 1353,an
233 1640 377 1669 salutarem
403 1640 479 1668 illam
502 1638 586 1668 indue
613 1638 764 1674 tristitiam,
789 1638 883 1677 utique
902 1649 984 1677 quam

82 1688 183 1746 ῗιίιῐὲὲὶᾞ
233 1688 326 1717 beatus
346 1687 484 1727 apostolus
503 1685 653 1715 secundum
673 1686 763 1714 Deum
775 1696 832 1715 esse
847 1697 982 1716 memora—

84 1757 106 1770 ιτ.
122 1750 174 1772 Cor.
185 1758 207 1780 7.

234 1733 284 1770 vit,
306 1744 364 1772 quae
388 1733 500 1762 salutem
523 1731 647 1761 stabilem
668 1732 735 1761 solet
747 1732 869 1771 operari;
892 1734 985 1771 utique

235 1779 416 1818 poenitentiam
446 1779 595 1808 facinorum
618 1778 833 1808 commissorum.
861 1782 985 1809 Scrutare

235 1832 327 1864 pectus
349 1832 438 1861 tuum,
449 1824 590 1865 propriam
604 1823 772 1863 interrogans
784 1825 985 1863 conscientiam,

234 1878 260 1899 et
273 1872 296 1899 si
316 1871 437 1901 invenias
458 1869 563 1908 aliquid
581 1869 765 1909 poenitendum
780 1870 918 1906 (invenIes
940 1882 986 1901 au-

234 1924 288 1946 tem
301 1929 363 1946 cum
377 1918 413 1946 sis
426 1916 532 1956 homo),
546 1916 623 1945 trahe
636 1916 753 1955 suspiria
769 1917 796 1945 in
810 1918 984 1956 confessione,

235 1962 320 1992 funde
349 1963 481 2003 lacrymas
504 1962 532 1991 in
557 1961 687 1998 oratione,
712 1969 768 1991 esto
797 1962 931 1993 sollicitus
951 1963 987 1994 de

237 2016 321 2038 morte
345 2009 393 2037 illa
417 2019 491 2044 vera,
513 2008 547 2037 de
566 2018 644 2047 poena
658 2007 765 2045 animae,
786 2015 841 2037 esto
855 2009 987 2039 sollicitus

762 2055 905 2093 Quoniam
929 2058 984 2084 ini-

235 2103 377 2140 quitatem
390 2110 484 2129 meam
496 2102 697 2139 pronuntio,et
710 2099 860 2130 sollicitus
875 2111 923 2130 ero
932 2112 985 2140 pro

231 2154 351 2186 peccato
379 2157 443 2175 meo
467 2159 476 2174 .·
490 2153 517 2175 et
547 2155 601 2174 non
630 2144 665 2174 de
690 2146 811 2185 corporis
838 2146 920 2187 hujus
941 2158 984 2177 so-

232 2193 334 2223 lutione
353 2192 505 2229 terreberis,
526 2191 601 2230 quod
614 2201 663 2220 suo
686 2198 806 2230 tempore
827 2192 855 2221 in
873 2194 981 2231 melius,

231 2241 289 2269 Deo
307 2240 430 2280 jubente,
453 2237 632 2278 reparabitur.
656 2237 730 2269 Vide
753 2239 981 2276 quemadmodum

232 2293 375 2323 utrumque
394 2283 523 2314 sententia
536 2283 630 2313 divina
643 2283 784 2323 complexa
805 2291 855 2321 est,
877 2285 979 2323 dicens,

81 2352 218 2376 .loan.5.28.
233 2333 319 2361 Venit
338 2332 422 2366 hora,
443 2340 509 2359 cum
531 2330 648 2365 mortui,
672 2330 804 2368 quisunt
822 2331 854 2358 in
875 2341 979 2361 monu-

231 2379 345 2415 mentis,
360 2382 520 2416 resurgent.
543 2376 612 2405 Ecce
633 2376 772 2412 securitas,
786 2386 846 2405 ecce
862 2384 980 2408 contem-

81 2432 139 2453 lmd.
151 2432 274 2463 v.29.tus
294 2423 398 2454 mortis.
415 2422 468 2453 Sed
482 2422 550 2462 quid
569 2421 711 2461 sequitur?
729 2423 787 2461 Qui
807 2424 886 2452 bona
897 2425 977 2463 fece-

230 2478 309 2508 runt,
324 2472 355 2499 in
365 2470 604 2499 resurrectionem
618 2470 706 2504 vitae;
721 2469 772 2507 qui
786 2475 884 2498 autem
899 2471 978 2500 mala

279 2566 432 2591 addendum
456 2571 512 2598 post
525 2566 606 2589 'nortis
628 2565 777 2593 communis.
792 2563 830 2590 vel
849 2570 925 2595 sorte,
951 2564 987 2588 iel

230 2607 383 2630 conditione.

575 189 605 212 S.
632 188 768 212 JOANle
793 186 978 210 CHRYSOST-
1007 185 1162 210 Alterum>-
1190 186 1463 210 CONSTANTINOP-

1032 254 1163 289 egerunt,
1176 251 1210 279 in
1223 251 1461 279 resurrectionem
1474 249 1591 289 judieii.
1608 249 1678 279 Ecce
1690 248 1779 278 diver-

1034 296 1098 325 sitas
1117 296 1325 336 resurgentium.
1348 297 1464 326 Omnem
1484 294 1603 334 quidem
1617 305 1724 324 necesse
1741 301 1781 323 est

1034 353 1142 372 carnem
1163 353 1300 383 resurgere
1320 342 1460 372 dumtaxat
1479 342 1624 371 humanam
1639 354 1647 370 :
1661 341 1709 371 sed
1730 341 1779 371 bo-

1034 398 1086 418 nus
1099 396 1219 430 resurget
1229 389 1264 418 ad
1275 389 1370 425 vitam,
1385 388 1474 418 malus
1485 395 1606 428 resurget
1615 387 1651 418 ad
1659 398 1765 428 poenam
1772 410 1779 422 ‚

1034 435 1105 464 sicut
1129 436 1334 476 scriptumest:
1356 436 1426 465 Ideo
1450 445 1510 465 non
1530 442 1677 475 resurgent
1699 436 1781 475 impii
1793 441 1851 463 Psi-1
1873 448 1890 462 ι.

1035 479 1070 511 in'
1085 483 1207 522 judicio,
1228 493 1321 523 neque
1341 488 1508 522 peccatores
1531 482 1564 510 in
1588 481 1713 511 concilio
1730 483 1781 521 ju-

1036 535 1156 558 storum.
1175 529 1215 559 Ut
1235 539 1300 568 ergo
1320 538 1374 558 non
1392 528 1420 557 in
1439 527 1576 568 judicium
1597 537 1780 566 resurgamus,

1036 573 1187 604 intermissa
1195 574 1290 605 mortis
1299 574 1408 604 tristitia
1419 574 1492 604 illam
1503 573 1685 613 poenitentiam
1697 581 1724 603 et
1735 574 1783 603 tri-

1036 620 1135 650 stitiam
1152 631 1301 658 sumamus,
1312 628 1338 651 et
1354 631 1447 651 curam
1469 621 1604 650 bonorum
1620 630 1732 660 operum
1751 631 1783 650 ac

1036 667 1099 697 vitae
1110 667 1229 698 melioris
1242 668 1429 705 habeamus,et
1437 666 1473 697 ad
1484 667 1579 698 hocsit
1591 667 1670 697 nobis
1685 667 1783 707 cogita-

1035 716 1073 745 tio
1084 715 1167 756 hujus
1179 715 1281 744 funeris
1293 721 1320 744 et
1331 714 1478 750 cadaveris,
1487 721 1517 744 ut
1530 724 1580 753 nos
1593 714 1719 744 mortales
1726 724 1784 743 esse

1035 761 1199 795 noverimus,
1232 768 1259 790 et
1282 771 1332 801 per
1357 760 1429 789 hanc
1453 760 1642 800 cogitationem
1670 759 1783 792 salutem

1034 814 1163 843 nostram,
1176 807 1244 837 dum
1262 813 1369 847 tempus
1383 813 1433 841 est,
1446 805 1513 835 dum
1526 806 1600 843 lieet,
1613 804 1725 836 minime
1735 815 1783 836 ne-

1034 854 1169 894 gligamus
1194 866 1200 883 :
1223 853 1327 883 scilicet
1346 858 1394 882 aut
1415 852 1605 882 fructificantes
1624 852 1653 882 in
1673 852 1783 889 melius,

1033 907 1081 930 aut
1103 899 1286 936 emendantes,
1299 899 1322 928 si
1341 899 1494 939 ignorantes
1508 898 1659 929 erravimus
1670 911 1678 928 :
1690 908 1723 929 ne
1742 909 1784 928 su-

1032 947 1090 978 bito
1104 946 1283 987 praeoccupati
1307 945 1352 976 die
1373 945 1479 982 mortis,
1492 956 1646 985 quaeramus
1666 946 1784 987 spatium

1033 993 1205 1033 poenitentiae,
1221 999 1248 1022 et
1260 1003 1314 1022 non
1329 992 1453 1023 invenire
1469 992 1615 1032 possimus,
1631 1002 1784 1031 quaeramus

1034 1039 1216 1079 eleemosynas
1237 1048 1360 1077 erogare,
1378 1045 1405 1068 et
1425 1038 1575 1068 satisfacere
1594 1048 1644 1078 pro
1664 1037 1782 1076 delictis,

1036 1095 1083 1115 nec
1097 1085 1172 1124 quod
1185 1085 1312 1115 volumus
1330 1083 1504 1114 concedatur.·

1075 1133 1105 1162 9.
1122 1133 1236 1163 Ostensa
1250 1131 1346 1171 igitur‚
1367 1131 1475 1168 fratres,
1487 1129 1501 1147 ¹’
1514 1129 1609 1160 mortis
1622 1130 1783 1168 communis,
1815 1133 1889 1170 neap

1035 1186 1138 1209 ostensa
1158 1179 1341 1219 laerymarum
1361 1176 1560 1214 interdictione,
1574 1184 1720 1207 monstrata
1738 1187 1784 1207 ve·
1792 1165 1890 1218 3¹:⁰2ss

1035 1233 1122 1255 terum
1134 1225 1225 1255 adhuc
1238 1225 1383 1264 fragilitate
1395 1231 1422 1254 et
1432 1234 1485 1254 non
1497 1223 1715 1254 Christianitatis
1727 1224 1786 1254 vir·
1793 1235 1846 1256 ‹1²¹⁸-

1035 1278 1100 1309 tute,
1123 1278 1269 1302 monstrato
1290 1270 1401 1300 Domini
1422 1276 1587 1300 sacramento
1606 1276 1633 1300 et
1651 1269 1786 1310 apostolo-

1033 1328 1096 1347 rum
1116 1317 1150 1347 de
1169 1317 1362 1347 resurrectione
1379 1316 1552 1352 documento,
1571 1315 1787 1347 mmmmm-atis

1034 1364 1219 1404 apostolorum
1243 1362 1360 1401 actibus,
1382 1369 1410 1392 et
1429 1369 1581 1403 martyrum
1601 1362 1784 1403 passionibus,

1034 1417 1139 1440 ostenso
1158 1416 1285 1450 praeterea
1299 1409 1390 1439 David
1412 1409 1548 1449 exemplo,
1561 1415 1589 1438 et
1601 1408 1709 1448 gentilis
1729 1409 1783 1439 ho-

1033 1457 1114 1486 minis
1133 1456 1245 1497 insuper
1261 1456 1342 1494 facto,
1364 1455 1400 1485 ad
1414 1455 1543 1485 ultimum
1561 1454 1684 1495 exposita
1697 1462 1724 1484 et
1737 1466 1785 1485 no-

1033 1502 1078 1532 xia
1092 1509 1118 1532 et
1136 1502 1199 1532 utili
1211 1501 1333 1538 tristitia,
1348 1502 1397 1531 illa
1415 1512 1476 1541 quae
1490 1508 1577 1538 nocet,
1598 1501 1649 1531 ista
1663 1511 1723 1540 quae
1737 1512 1786 1542 per

1033 1548 1216 1589 poenitentiam
1240 1547 1327 1578 salvat
1350 1560 1358 1576 z
1385 1547 1429 1576 his
1450 1546 1577 1576 omnibus
1596 1546 1636 1576 sie
1659 1547 1783 1584 ostensis,

1033 1593 1102 1633 quid
1122 1604 1171 1623 nos
1184 1594 1271 1623 facero
1287 1594 1345 1634 jam
1359 1592 1436 1622 aliud
1453 1598 1569 1633 oportet,
1583 1592 1688 1630 fratres,
1703 1603 1786 1632 quam

1033 1640 1132 1679 gratias
1148 1647 1256 1680 agentes
1269 1641 1327 1669 Deo
1344 1639 1418 1669 Patri
1430 1638 1531 1676 dicere,
1556 1638 1628 1668 Fiat
1644 1639 1786 1671 voluntas
1795 1647 1881 1669 Mauh.

1035 1694 1086 1716 tua
1098 1689 1174 1717 sicut
1186 1689 1218 1716 in
1233 1686 1306 1716 coelo
1320 1692 1348 1715 et
1366 1688 1400 1715 in
1411 1692 1490 1715 terra
1497 1697 1511 1723 ;
1522 1692 1553 1716 tu
1568 1684 1668 1715 dedisti
1686 1685 1783 1724 vitam,
1798 1684 1832 1699 ¹⁰·

1033 1740 1065 1762 tu
1079 1733 1243 1763 constituisti
1253 1739 1383 1771 mortem;
1397 1738 1429 1761 tu
1441 1731 1548 1770 inducis
1559 1731 1588 1760 in
1600 1731 1741 1769 saeculum,
1753 1739 1783 1762 tu

1034 1779 1125 1809 educis
1149 1779 1184 1809 de
1205 1779 1320 1815 saeculo,
1334 1786 1360 1809 et
1381 1789 1445 1808 cum
1466 1777 1605 1815 eduxeris,
1620 1789 1726 1817 εει-νᾶες
1742 1778 1782 1808 ni·

1035 1826 1076 1855 hil
1089 1827 1162 1856 enim
1180 1825 1285 1866 deperit
1305 1832 1425 1861 tuorum,
1441 1824 1488 1864 qui
1502 1835 1551 1855 nec
1564 1825 1694 1865 capillum
1711 1825 1784 1866 capi·
1794 1838 1890 1867 Lan-„4

1034 1872 1070 1901 tis
1084 1883 1177 1902 eorum
1187 1871 1276 1912 perire
1289 1871 1402 1903 dixisth
1417 1870 1549 1912 Auferes
1562 1871 1783 1911 enim'spiritum
1793 1894 1841 1915 ΡΜ
1845 1894 1853 1914 1
1881 1873 1890 1919 2

1036 1928 1135 1947 eorum
1155 1924 1185 1947 et
1204 1918 1350 1957 deficient,
1370 1923 1400 1945 et
1414 1918 1447 1945 in
1464 1924 1571 1945 terram
1583 1926 1669 1946 suam
1686 1926 1783 1946 rever·-
1793 1910 1875 1954 2933.

1038 1971 1153 1999 teritur,-
1164 1963 1212 1993 sed
1230 1965 1343 1992 emittes
1362 1964 1497 2001 spiritum
1509 1968 1590 1991 tuum
1604 1968 1633 1991 et
1643 1964 1784 1992 creabun-

1037 2018 1095 2048 tur,
1109 2017 1138 2039 et
1149 2011 1304 2040 renovabis
1309 2010 1425 2050 faciem
1439 2011 1533 2038 terroe'.
1547 2009 1612 2038 Haec
1624 2008 1718 2046 verba,
1730 2009 1785 2039 tra-

1036 2064 1100 2094 tres,
1124 2056 1206 2096 digna
1226 2055 1364 2091 fidelibus,
1385 2055 1445 2084 haec
1472 2053 1606 2083 medicina
1626 2054 1752 2084 salutaris
1774 2067 1782 2084 :

1035 2104 1086 2133 hac
1110 2102 1222 2143 spongia
1249 2101 1437 2132 consolationis
1463 2100 1584 2131 detersus
1604 2101 1709 2139 oculus,
1733 2102 1784 2132 hoc

1035 2150 1140 2180 infusus
1158 2148 1274 2189 collyrio
1287 2147 1409 2185 rationis,
1424 2157 1478 2176 non
1496 2147 1577 2177 modo
1591 2147 1736 2177 caecitatem
1749 2158 1784 2178 ex

1034 2195 1221 2235 desperatione
1242 2204 1294 2223 non
1308 2193 1415 2231 sentiet,
1427 2193 1475 2223 sed
1494 2203 1543 2223 nec
1557 2196 1569 2210 ⁶
1577 2193 1666 2234 lippes
1678 2193 1784 2232 aliquas

1034 2241 1149 2271 tristitiae
1171 2240 1324 2276 sustinebit,
1337 2239 1403 2279 quin
1417 2239 1507 2279 potius
1527 2239 1613 2268 oculis
1626 2239 1715 2269 cordis
1737 2239 1782 2269 lu-

1034 2288 1094 2317 cida
1117 2294 1212 2317 cuncta
1237 2286 1392 2327 respiciens,
1415 2285 1487 2314 dicet
1507 2285 1657 2315 secundum
1676 2286 1781 2326 patien-

1033 2333 1168 2364 tissimum
1186 2333 1265 2362 illum
1279 2332 1343 2369 Joh,
1360 2333 1507 2362 Dominus
1528 2331 1621 2368 dedit,
1635 2337 1665 2360 et
1684 2334 1782 2361 Domi·
1791 2341 1844 2363 Job.
1861 2347 1879 2362 ι.

1033 2390 1089 2409 nus
1109 2379 1243 2416 abstulit,
1267 2380 1343 2407 sicut
1373 2379 1503 2407 Domino
1535 2379 1633 2407 visum
1647 2384 1715 2414 -est‚
1739 2380 1782 2408 ita
1886 2381 1890 2429 i

1028 2425 1146 2464 factum
1167 2431 1211 2455 est
1231 2437 1239 2454 .-
1260 2426 1299 2454 sit
1322 2434 1428 2454 nomen
1451 2424 1573 2453 Domini
1597 2424 1780 2455 benedictum

1030 2472 1058 2500 iu
1072 2472 1169 2502 saecula
1183 2471 1355 2501 saeculorum.
1370 2472 1466 2500 Amen.

1052 2574 1060 2582 ¹·
1074 2564 1159 2598 [Fon.
1175 2564 1345 2598 lippitudines.
1362 2562 1369 2596 ]
