1890 2826
575 182 610 204 IN
639 182 755 213 ILLUD,
785 182 855 205 VIDI
885 182 1060 214 ooanNUM,
1091 182 1214 205 Homn-
1244 183 1268 205 Ι.

136 241 205 272 Ἀλλ’
221 241 251 271 ἐκ
262 241 360 271 τούτων
370 242 418 281 μὲν
430 242 491 282 οὐχί
500 254 506 261 ·
521 243 552 272 ἐκ
563 242 590 272 δὲ
603 245 654 272 τιῖιν
665 243 786 272 ἀτάκτων
800 243 905 278 πάντως

136 289 236 328 φακῶν,
247 286 293 316 καὶ
302 288 351 322 τῆς
362 287 466 326 ἀσήμου
481 290 553 327 βοῆς,
565 288 669 324 καὶτῆς
682 289 778 322 κόνεως
786 291 834 325 τῆς
844 290 905 319 ἀνα-

134 332 318 372 πεμπομένης,
332 333 378 362 καὶ
391 335 444 362 τῶν
457 334 602 370 ὠθούντων,
613 334 659 363 καὶ
674 334 845 374 βιαζομένων,
859 335 904 364 καὶ

134 380 186 408 τῶν
195 378 372 418 ἀκκιζομένων
384 379 523 409 κατέναντι
535 381 666 420 γυναικῶν
678 380 712 409 τὰ
721 382 768 416 τῆς
776 380 904 421 ὠφελείας

134 423 282 463 συλλέγεις
293 424 347 453 Καὶ
360 426 471 455 ἐνταῦθα
485 426 533 465 μὲν
548 425 626 455 αὐτὸν
640 425 684 455 τὸν
698 426 837 461 Δεσπότην
850 422 904 456 τῶν

134 469 252 509 ἀγγέλων
269 473 402 511 προφῆται
414 471 512 505 πάντες
524 471 569 502 καὶ
583 472 736 502 διδάσκαλοι
755 472 799 501 ἐπὶ
814 472 903 513 θρόνου

134 516 235 555 ὑψηλοῦ
249 516 294 545 καὶ
308 517 456 557 ἐπηρμένου
471 518 618 557 καθήμενον
630 518 844 555 ὑποδεικνύουσι,
858 519 904 548 καὶ

133 565 188 595 τοῖς
202 561 250 601 μὲν
269 562 349 597 ἀξίοις
365 563 398 593 τὰ
421 564 532 603 βραδεῖα
546 564 591 594 καὶ
603 563 664 598 τοὺς
678 564 821 605 στεφάνους
835 566 903 594 ἀπο-

132 607 261 647 νέμοντα,
280 613 335 643 τοῖς
354 609 383 639 δὲ
402 609 515 644 ἀναξίοις
532 610 639 650 γέενναν
652 611 698 640 καὶ
714 614 767 651 πῦρ
782 612 905 648 ἀποκλη-

133 657 228 693 ροῦντα
242 666 249 672 ·
275 654 320 684 καὶ
345 655 422 689 αὐτὸς
442 656 470 685 δὲ
491 658 506 686 ὁ
530 655 627 696 Κύριος
647 659 725 686 τοῦτο
747 656 902 687 διαὸεὸαιοῖ.

132 694 201 728 Εἶτα
214 699 312 730 τούτων
324 700 372 740 μὲν
385 706 570 743 καταφρονεῖς,
584 703 613 731 ἐν
625 698 662 735 οἷς
671 701 716 732 καὶ
729 703 743 731 ὁ
757 706 803 732 τοῦ
817 714 903 732 συνει·

132 744 205 779 δότος
217 745 309 786 effac,
321 746 366 776 καὶ
380 749 394 776 ὁ
411 750 464 777 τῶν
478 747 671 788 πεπραγμένων
690 747 811 788 ἔλεγχος,
825 748 871 778 καὶ
884 751 901 784 ἡ

130 792 184 820 τῶν
197 793 309 821 εὐθυνῶν
325 792 442 832 ἀγωνία,
457 793 503 823 καὶ
522 794 552 823 τὸ
564 795 612 829 τῆς
636 793 768 827 κολάσεως
787 794 902 834 ἀπαραί-

130 847 226 872 τητον·
249 837 294 867 ἵνα
314 838 342 868 δὲ
359 838 490 879 πρόφασιν
506 839 602 879 ἄλογον
619 837 692 868 ὴτῶν
713 841 766 869 σῶν
791 839 902 880 ἐφεύρῃς

131 886 329 923 μετεωρισμῶν,
342 885 500 925 ὠφελεῖσθαι
518 884 604 924 λέγεις
613 908 620 922 ,
641 887 668 914 ἐν
681 881 719 918 οἷς
732 885 781 922 τὴν
796 887 901 925 ἀπαρα-

131 927 247 967 μύθητον
258 929 398 969 ,ὑπομένεις
410 930 519 970 ζημίαν;
530 930 587 967 Μὴ,
601 930 694 970 δέομαι
703 931 748 960 καὶ
760 931 900 969 ἀντιὸολῶ,

131 972 169 1012 μὴ
183 975 405 1014 προφασιζώμεθα
425 976 569 1016 προφάσεις
589 977 617 1006 ἐν
631 977 788 1016 ἇμαρτίαις·
803 978 900 1017 σκῆψις

130 1018 182 1059 γὰρ
205 1023 304 1058 ταῦτα,
329 1021 374 1051 καὶ
401 1022 491 1058 ἀπάτη
513 1025 578 1061 ἡμῖν
601 1023 688 1055 αὐτοῖς
710 1022 740 1051 τὸ
760 1022 898 1061 ἐπιζήμιον

129 1066 298 1105 προξενοῦσα.
321 1067 400 1098 Ἀλλὰ
422 1068 484 1109 περὶ
502 1068 595 1097 τούτου
616 1068 663 1106 μὲν
683 1071 800 1097 τοσαῦτα
815 1079 821 1086 ·
842 1067 899 1108 ὥρα

1640 185 1702 217 117

956 243 1010 280 liis,
1022 243 1163 280 conviciis,
1182 243 1436 282 scommatibusque,
1449 244 1549 283 quibus
1569 251 1700 285 spectato-

955 298 998 316 res
1019 287 1152 328 ejusmodi
1164 299 1254 318 rerum
1268 298 1296 317 se
1305 294 1400 317 mutuo
1426 289 1630 328 conspergunt?
1647 290 1703 320 Ve-

955 342 1017 360 rum
1028 342 1062 361 ex
1076 331 1120 360 his
1133 332 1203 361 nihil
1214 331 1336 361 utilitatis
1346 331 1381 360 ad
1395 338 1420 360 te
1431 331 1501 361 redit
1513 345 1519 360 :
1533 343 1568 362 an
1580 343 1644 362 vero
1660 333 1701 362 ul·

955 374 1010 403 lam
1028 375 1138 404 omnino
1150 386 1184 404 ex
1199 375 1382 415 incompositis
1394 376 1518 412 vocibus,
1540 383 1567 405 ct
1580 377 1649 406 nihil
1664 378 1701 406 si-

955 419 1097 458 gnificante
1110 419 1238 456 clamore,
1260 430 1328 458 eque
1351 419 1466 459 pulvere
1479 420 1527 458 qui
1555 420 1698 455 emittitur,

953 469 1013 492 tum
1026 474 1060 492 ex
1073 463 1105 492 iis
1118 463 1166 501 qui
1181 463 1335 503 impellunt,
1345 464 1394 502 qui
1403 464 1459 494 vim
1469 464 1580 501 faciunt,
1595 465 1642 503 qui
1652 475 1700 494 coa

954 517 1012 535 ram
1026 507 1187 536 mulieribus
1201 507 1311 536 delicias
1333 507 1445 545 faciunt,
1460 507 1603 536 utilitatem
1617 509 1700 537 colli-

953 550 1015 590 gis?
1029 550 1113 590 Atqui
1126 551 1171 580 hic
1185 551 1296 590 quidem
1317 551 1408 591 ipsum
1421 552 1568 581 Dominum
1592 553 1700 591 angelo-

953 605 1015 623 rum
1027 605 1119 624 omnes
1140 595 1277 635 prophetae
1307 595 1483 635 doctoresque
1506 606 1588 635 super
1600 597 1698 626 solium

919 661 937 685 c
952 637 1090 667 excelsum
1103 645 1129 668 et
1142 638 1277 669 elevatum
1290 639 1447 676 ostendunt,
1462 639 1550 678 iisque
1561 640 1610 679 qui
1621 640 1700 680 digni

952 689 1015 711 suut
1026 682 1122 712 bravia
1147 689 1173 712 et
1199 693 1310 712 coronas
1336 682 1554 721 distribuentem,
1580 683 1700 724 indignis

951 736 1016 756 vero
1036 726 1184 766 gehennam
1208 734 1234 756 et
1261 727 1350 766 ignem
1370 727 1548 767 assignantem
1555 740 1566 767 5
1592 735 1617 757 et
1643 728 1700 768 ipse

950 770 1032 800 etiam
1053 770 1186 800 Dominus
1207 771 1259 801 hoc
1287 771 1438 801 coufirmat.
1478 772 1620 811 Numquid
1642 773 1700 802 haec

951 813 1063 854 quidem
1084 816 1241 853 contemnis,
1265 816 1293 845 in
1313 816 1413 855 quibus
1427 817 1508 846 etiam
1529 816 1698 846 conscientiae

951 864 1039 887 terror
1056 865 1106 896 est,
1134 866 1160 888 et
1177 859 1307 888 factorum
1327 859 1482 899 redargutio
1510 860 1699 899 rationumque

949 901 1148 932 reddendarum
1160 902 1290 939 anxietas,
1303 910 1327 932 et
1338 904 1505 943 supplicium
1518 904 1675 934 inevitabile
1689 917 1696 933 ε

949 951 979 975 ut
989 952 1079 975 autem
1091 946 1237 976 absurdam
1254 947 1375 977 invenias
1400 948 1624 987 spectaculorum,
1637 948 1700 987 qui-

947 988 1000 1019 bus
1017 1000 1162 1029 suspensus
1183 990 1282 1028 inhias,
1298 991 1507 1028 excusationem,
1524 991 1595 1021 dicis
1607 998 1633 1021 te
1643 993 1699 1021 uti-

947 1032 1050 1062 litatem
1063 1038 1158 1073 capere
1170 1043 1205 1062 ex
1217 1033 1271 1070 his,
1288 1044 1323 1063 ex
1337 1034 1436 1072 quibus
1451 1035 1586 1074 jacturam
1600 1036 1699 1076 pateris

948 1075 1168 1105 inconsolabilem
1175 1076 1189 1105 ἰ’
1199 1078 1276 1116 Rogo
1283 1077 1364 1106 etiam
1374 1084 1454 1116 atque
1463 1078 1542 1108 etiam
1553 1091 1561 1108 ε
1575 1079 1698 1109 obsecro-

129 1111 158 1140 δὲ
171 1112 264 1142 λοιπὸν
285 1115 322 1147 εἷς
334 1114 383 1150 τὴν
403 1114 532 1154 προτέραν
554 1114 714 1154 ἀναδραμεῖν
728 1114 881 1154 παραίνεσιν
890 1136 899 1150 ,
915 1122 934 1145 D
949 1129 1013 1158 que,
1032 1130 1065 1149 ne
1078 1120 1262 1150 excusationes
1271 1131 1429 1150 excusemus
1439 1122 1588 1162 inpeccatis
1604 1134 1611 1151 τ
1627 1133 1696 1163 prae-

129 1157 176 1186 καὶ
190 1158 293 1198 βραχέα
304 1159 366 1199 περὶ
379 1159 476 1195 ταύτης
489 1159 606 1196 εἰπόντα,
613 1162 746 1199 προσῆκον
760 1159 834 1193 τέλος
844 1161 901 1189 ἐπι-

129 1204 212 1232 θεῖναι
226 1206 263 1244 τῷ
277 1204 356 1244 λόγῳ.
370 1205 423 1234 Καὶ
436 1205 486 1246 γὰρ
501 1207 529 1235 οὐ
542 1205 620 1244 μόνον
634 1205 667 1234 τὰ
681 1207 729 1241 τῆς
742 1205 849 1239 ἀταξίας
863 1207 901 1235 έν-

129 1252 222 1285 ταῦθα,
237 1250 305 1279 ἀλλὰ
322 1251 367 1280 καὶ
389 1251 477 1292 ἕτερόν
490 1263 517 1281 τι
530 1255 541 1268 ⁶
555 1252 672 1292 χαλεπὸν
690 1256 838 1292 περινοστεῖ
856 1251 899 1281 νό-

128 1306 212 1333 σημα.
226 1296 307 1325 Ποῖον
325 1295 357 1332 δὴ
379 1299 471 1334 τοῦτο,
485 1297 525 1327 Τὸ
539 1297 604 1337 πρὸς
625 1297 693 1327 Θεὸν
715 1297 763 1334 τὴν
785 1297 896 1331 διάλεξιν

128 1343 260 1370 ποιεῖσθαι
283 1341 458 1382 προθεμένους
467 1366 475 1380 ,
501 1343 547 1373 καὶ
573 1345 645 1384 αὐτῷ
672 1343 722 1379 τὴν
748 1343 896 1383 δοξολογίαν

127 1386 344 1426 ἀναπέμποντας,
354 1384 411 1419 εἶτα
423 1389 534 1430 ἀφέντας
546 1393 646 1427 τοῦτον,
659 1390 704 1419 τὸν
714 1390 825 1427 πλησίον
836 1390 897 1420 ἔκα-

129 1443 190 1466 στος
202 1435 356 1471 ammoneatur,
374 1435 464 1465 καὶτὰ
476 1437 535 1465 κατ’
547 1431 617 1466 οἷκον
631 1436 807 1474 διατίθεσθαι,
821 1436 856 1466 τὰ
869 1438 896 1466 ἐν

128 1483 186 1512 ταῖς
206 1480 326 1520 ἀγοραῖς,
340 1481 379 1517 τὰ,
391 1483 417 1511 ἐν
437 1484 476 1523 τῷ
489 1482 566 1523 δήμῳ
576 1505 584 1519 ,
599 1482 633 1512 τὰ
647 1484 673 1512 ἐν
691 1487 746 1516 τοῖς
759 1482 878 1523 θεάτροις
889 1504 897 1518 ,

128 1523 163 1553 τὰ
176 1525 203 1554 ἐν
215 1527 254 1566 τῷ
266 1529 385 1568 στρατῷ,
401 1527 446 1557 καὶ
460 1530 516 1562 πῶς
529 1528 578 1567 μὲν
590 1532 674 1558 ταῦτα
693 1529 810 1569 διῳκήθη
819 1552 828 1566 ,
840 1531 898 1562 πῶς

950 1169 1038 1193 textus
1056 1164 1129 1193 enim
1148 1163 1198 1193 ista
1213 1171 1275 1194 sunt
1293 1175 1324 1194 ac
1344 1164 1478 1205 deceptio,
1504 1166 1604 1205 quibus
1617 1167 1697 1196 nobis

948 1206 1016 1246 ipsis
1025 1207 1154 1237 damnum
1163 1208 1338 1246 accersimus.
1355 1210 1461 1239 Verum
1481 1209 1515 1238 de
1530 1210 1572 1239 his
1583 1209 1698 1249 quidem

947 1249 1096 1280 hactenus:
1117 1257 1222 1291 tempus
1244 1257 1333 1280 autem
1353 1258 1392 1281 est
1414 1253 1508 1292 utjam
1528 1253 1563 1282 ad
1577 1254 1697 1294 priorem

945 1304 1117 1324 recurramus
1130 1295 1350 1333 admonitionem,
1363 1293 1443 1335 atque
1464 1303 1494 1326 ut
1517 1298 1609 1337 paucis
1618 1298 1652 1327 de
1666 1309 1698 1327 ea

945 1337 1051 1377 loquuti
1061 1338 1184 1369 debitum
1196 1338 1311 1368 orationi
1337 1339 1422 1370 finem
1443 1340 1623 1380 imponamus.
1639 1344 1699 1372 Ne-

946 1392 999 1420 que
1011 1382 1083 1412 enim
1097 1382 1148 1412 hoc
1159 1383 1248 1412 solum
1258 1389 1394 1424 peccatur,
1416 1384 1489 1423 quod
1499 1395 1558 1424 quae
1571 1386 1616 1415 hic
1629 1386 1698 1416 fiunt

945 1436 1045 1465 parum
1066 1437 1116 1467 pro
1137 1426 1268 1467 dignitate
1290 1434 1467 1467 peraguntur,
1492 1440 1588 1460 verum
1614 1432 1696 1461 etiam

945 1469 1017 1500 alius
1039 1470 1151 1510 quidam
1176 1471 1268 1512 gravis
1295 1471 1453 1502 obambulat
1478 1473 1599 1504 morbus.
1629 1476 1697 1513 Quis

946 1513 1054 1544 tandem
1076 1515 1144 1544 iste?
1159 1515 1243 1553 Quod
1265 1515 1314 1555 qui
1342 1524 1542 1556 proposuerunt
1563 1529 1626 1548 cum
1637 1519 1697 1550 Deo

129 1570 156 1599 δὲ
178 1572 265 1602 ἐκεῖνα
278 1574 435 1614 παρεωράθη
446 1596 455 1611 ,
474 1574 521 1603 καὶ
535 1574 561 1603 τί
582 1574 612 1605 τὸ
629 1575 771 1609 πλεονάζον
792 1576 819 1604 ἐν
839 1580 897 1609 ταῖς
911 1582 930 1606 E
946 1558 1074 1598 colloqui,
1092 1559 1170 1598 eique
1180 1559 1300 1599 gloriam
1314 1560 1442 1599 referunt,
1456 1572 1521 1591 mox
1538 1561 1590 1592 hoc
1597 1564 1698 1593 omisso

127 1619 330 1657 πραγματείαις,
339 1619 366 1649 τί
377 1619 445 1649 δὲτὸ
455 1621 588 1650 ἐλλεῖπον·
601 1621 646 1651 καὶ
660 1622 751 1654 ἁπλῶς
756 1620 819 1661 περὶ
830 1621 896 1651 πάν-

128 1674 180 1692 των
193 1666 246 1693 τῶν
259 1668 352 1695 κοινῶν
366 1666 411 1695 καὶ
429 1666 500 1695 ἰδίων
517 1668 627 1696 ἐνταῦθα
650 1667 822 1706 διαλέγονται.
841 1668 895 1697 Καὶ

128 1709 205 1743 ποίας
217 1712 301 1739 ταῦτα
310 1710 466 1750 συγγνώμης
476 1711 536 1745 ἄξια
543 1723 552 1748 ;
568 1712 621 1741 Καὶ
633 1713 737 1751 βασιλεῖ
749 1711 796 1751 μέν
806 1725 844 1745 τις
856 1714 895 1752 τῷ

128 1755 236 1796 ἐπιγείῳ
256 1756 454 1796 διαλεγόμενος,
476 1757 538 1797 περὶ
560 1757 665 1787 ἐκείνων
681 1758 766 1796 μόνων
781 1763 895 1788 ποιεῖται

127 1801 172 1831 τὸν
196 1801 282 1841 λόγον,
309 1802 369 1843 περὶ
382 1798 419 1832 ὧν
440 1802 472 1832 ἂν
492 1804 588 1837 ἐκεῖνος
616 1803 771 1843 βουληθείη,
795 1804 840 1833 καὶ
858 1799 894 1833 ὧν

126 1846 140 1864 ⁶
149 1849 280 1888 προτείνει
297 1848 344 1882 τὰς
363 1849 504 1889 ἐρωτήσεις
514 1861 521 1868 ·
536 1851 559 1878 εἷ
580 1849 607 1878 δὲ
622 1849 666 1879 καὶ
680 1849 768 1889 ἕτερόν
780 1861 807 1878 τι
822 1848 896 1889 παρὰ

126 1893 175 1930 τὴν
186 1894 285 1924 ἐκείνου
293 1894 401 1934 γνώμην
414 1895 555 1925 ὓποὸαλεῖν
562 1895 712 1934 τολμήσειε,
722 1894 770 1931 τὴν
779 1895 896 1935 ἐσχάτην

127 1940 256 1980 τιμωρίαν
270 1941 460 1977 ὑποστήσεται·
480 1941 512 1970 σὺ
529 1941 556 1970 δὲ
574 1943 612 1981 τῷ
632 1942 736 1981 βασιλεῖ
749 1942 801 1970 τῶν
818 1944 896 1981 βασι-

127 1986 255 2016 λευόντων
274 1989 442 2026 προσομιλῶν
456 2011 464 2025 ,
489 1984 511 2028 ᾧ
531 1987 680 2028 φρίττοντες
701 1988 895 2027 λειτουργοῦσιν

129 2032 235 2072 ἄγγελοι
240 2055 248 2069 ,
261 2034 334 2073 ἀφεὶς
347 2034 395 2070 τὴν
409 2034 473 2074 πρὸς
491 2034 567 2063 αὐτὸν
581 2033 693 2067 διάλεξιν
702 2057 710 2070 ,
725 2034 786 2073 περὶ
799 2034 895 2070 πηλοῦ,

128 2078 174 2107 καὶ
187 2078 295 2116 κόνεως,
318 2079 364 2109 καὶ
386 2079 503 2119 ἀράχνης
525 2079 652 2119 διαλέγῃ;
667 2081 761 2109 Ταῦτα
775 2079 825 2119 γάρ
839 2081 896 2109 ἐστι

129 2124 163 2154 τὰ
175 2125 292 2165 παρόντα
303 2126 456 2166 πράγματα.
467 2125 520 2155 Καὶ
530 2127 586 2159 πῶς
598 2125 678 2159 οἴσεις
690 2126 738 2161 τὴν
752 2128 800 2161 τῆς
813 2137 895 2155 κατα-

130 2170 277 2210 φρονήσεως
289 2171 378 2209 δίκην,
389 2171 428 2205 τίς
443 2171 471 2201 δέ
485 2183 513 2201 σε
532 2174 578 2207 τῆς
592 2171 714 2208 τοιαύτης
727 2171 895 2211 ἐξαιρήσεται

130 2216 273 2255 τψωρίας;
297 2217 376 2247 Ἀλλὰ
397 2220 485 2252 κακῶς
494 2240 503 2254 ,
529 2219 609 2258 φησὶ,
632 2218 666 2247 τὰ
693 2219 744 2247 τῶν
767 2217 894 2257 πραγμά-

130 2273 192 2299 των,
216 2263 262 2292 καὶ
283 2263 318 2293 τὰ
342 2265 390 2299 τῆς
413 2265 546 2298 πολιτείας
567 2265 726 2300 διάκεινται,
741 2264 786 2294 καὶ
812 2263 894 2298 πολὺς

130 2309 194 2345 ἡμῖν
216 2307 276 2347 περὶ
289 2308 380 2338 τούτου
394 2311 408 2339 ὁ
420 2310 508 2349 λόγος’,
530 2309 611 2344 πολὺς
624 2313 638 2340 ὁ
653 2310 732 2350 ἀγών.
753 2310 806 2339 Καὶ
823 2309 862 2343 τίς
875 2311 892 2346 ἡ

131 2352 218 2389 αἰτία,
233 2353 269 2383 Ἡ
296 2356 347 2384 τῶν
369 2355 550 2395 κρατούντων,
570 2357 658 2397 φησὶν,
686 2355 806 2386 ἀὸουλία.
832 2357 894 2396 Οὐχ

130 2401 147 2434 ἡ
162 2402 214 2429 τῶν
234 2399 398 2439 κρατούντων
420 2401 539 2439 ἀὸουλία,
555 2402 623 2432 ἀλλὰ
635 2405 652 2438 ἡ
667 2405 743 2441 ἡμῶν
759 2401 892 2442 ἁμαρτία,

163 2490 177 2509 ¹¹
195 2490 265 2516 Unus
274 2498 319 2517 τῶν
331 2497 372 2517 σῶν
385 2495 437 2526 ἔχῃς
443 2501 613 2529 μετιωρισμῶν.
622 2493 700 2519 Paulo
711 2499 768 2527 post
776 2494 884 2528 quinque

130 2537 204 2555 sexve
219 2531 276 2555 ms.
295 2530 331 2562 [ct
343 2530 432 2563 savit]
444 2538 510 2557 recte
522 2535 610 2565 tropat.
622 2531 708 2558 Editio
719 2532 806 2561 Mon-el.
819 2533 885 2560 mate

131 2572 243 2603 δεόμεθα,
256 2576 283 2595 ut
295 2570 406 2602 arguitur
417 2579 447 2595 ex
457 2575 565 2599 ἀντιδολῶ
574 2573 694 2606 sequenti.

290 2613 363 2633 rou.
388 2614 430 2634 vi.

945 1612 1025 1632 suum
1051 1603 1167 1643 quisque
1201 1603 1323 1634 vicinum
1347 1604 1492 1644 arripiunt,
1520 1605 1698 1647 ordinantque

944 1657 987 1676 res
1009 1646 1179 1684 domesticas,
1203 1659 1317 1688 quaequc
1339 1649 1409 1678 fiunt
1430 1650 1458 1679 in
1482 1651 1556 1688 foro,
1582 1662 1642 1690 quae
1667 1652 1696 1682 in

944 1691 1057 1730 populo,
1072 1701 1132 1730 quae
1145 1691 1172 1720 in
1187 1691 1308 1728 theatris,
1320 1703 1379 1731 quae
1393 1692 1421 1721 in
1434 1694 1565 1732 exercitu,
1582 1702 1608 1724 et
1626 1707 1696 1735 quo·

943 1733 1024 1763 modo
1037 1735 1090 1763 alia
1113 1735 1223 1773 quidem
1242 1742 1305 1764 sunt
1329 1736 1524 1776 administrata,
1551 1739 1604 1768 alia
1627 1751 1691 1769 rur-

943 1787 989 1806 sus
1011 1778 1147 1817 neglecta,
1181 1785 1207 1808 et
1231 1778 1298 1818 quid
1320 1779 1349 1808 in
1379 1780 1501 1819 gerendis
1524 1783 1606 1812 rebus
1629 1783 1693 1823 plus

944 1821 1009 1850 satis
1022 1822 1104 1851 fuerit
1115 1844 1124 1859 ,
1144 1822 1212 1862 quid
1225 1823 1392 1854 diminutum
1406 1835 1413 1852 ε
1429 1824 1456 1853 in
1469 1836 1585 1864 summa,
1599 1826 1633 1856 de
1652 1838 1695 1857 re-

945 1865 997 1895 bus
1008 1866 1135 1895 omnibus
1146 1866 1189 1897 vel
1203 1867 1331 1907 publiciS,
1345 1867 1389 1898 vel
1404 1869 1528 1908 privatis,
1543 1871 1589 1900 hic
1603 1871 1693 1901 collo-

946 1917 1078 1948 quuntur.
1094 1910 1130 1940 Et
1155 1921 1208 1950 qua
1230 1911 1339 1940 tandem
1360 1912 1438 1942 venia
1451 1912 1530 1953 digua
1545 1922 1608 1944 sunt
1626 1916 1694 1945 ista?

904 1965 939 1984 ωε
951 1954 1034 1993 Atqui
1046 1954 1070 1984 is
1079 1955 1199 1994 quicum
1212 1965 1274 1995 rege
1287 1962 1394 1985 terreno
1414 1957 1590 1996 colloquitur,
1605 1959 1639 1989 de
1651 1959 1694 1989 his

915 1993 932 2016 A
950 2005 1054 2028 tantum
1066 1999 1150 2029 verba
1162 1999 1226 2029 facit
1233 1999 1267 2028 de
1280 1999 1380 2039 quibus
1393 1999 1440 2029 ille
1452 2001 1568 2031 voluerit
1586 2003 1692 2041 audire,

946 2050 973 2072 et
991 2043 1026 2072 de
1043 2043 1144 2083 quibus
1173 2054 1222 2074 rex
1237 2044 1318 2073 suerit
1350 2052 1537 2085 percontatus3
1568 2048 1642 2086 quod
1669 2048 1694 2077 si

946 2088 1008 2127 quis
1021 2087 1090 2117 ausit
1100 2087 1205 2127 aliquid
1226 2088 1336 2128 injicere
1359 2099 1438 2119 secus
1454 2100 1536 2129 quam
1555 2091 1603 2120 ille
1616 2092 1692 2128 velit,

945 2138 1066 2161 extremo
1079 2132 1214 2172 supplicio
1228 2132 1359 2162 afficietur
1375 2145 1382 2162 :
1404 2140 1435 2163 tu
1450 2144 1513 2164 vero
1534 2145 1596 2164 cum
1618 2136 1693 2175 Rege

945 2185 1039 2216 regum
1066 2176 1234 2215 colloquens,
1257 2176 1302 2206 cui
1330 2187 1392 2206 cum
1420 2184 1537 2208 tremore
1571 2179 1694 2209 serviunt

943 2221 1043 2260 angeli,
1066 2221 1165 2250 omisso
1184 2231 1247 2251 cum
1268 2221 1317 2250 illo
1330 2228 1416 2261 coepto
1430 2232 1559 2258 sermone,
1578 2222 1612 2251 de
1623 2223 1692 2259 luto,

944 2265 978 2296 de
1003 2265 1123 2306 pulvere,
1145 2265 1179 2294 de
1197 2265 1258 2294 telis
1280 2275 1437 2294 aranearum
1460 2266 1602 2304 loqueris?
1616 2267 1693 2296 Nihil

943 2310 1015 2340 enim
1038 2309 1114 2339 aliud
1125 2316 1187 2338 sunt
1199 2309 1280 2349 hujus
1303 2309 1365 2339 vitae
1378 2309 1492 2348 negotia.
1509 2311 1544 2339 Et
1558 2311 1693 2349 quomodo

945 2355 1088 2386 sustinebis
1097 2355 1175 2384 istius
1190 2353 1338 2384 contemtus
1345 2354 1471 2394 poeuam?
1494 2355 1555 2393 quis
1565 2362 1654 2384 autem
1667 2363 1692 2386 te

946 2401 981 2431 ab
989 2401 1039 2430 hac
1047 2400 1167 2431 vindicta
1178 2399 1322 2428 liberabit?
1333 2400 1438 2431 Verum
1447 2399 1520 2427 haud
1534 2405 1604 2428 recte
1612 2410 1639 2428 se
1645 2399 1694 2428 ha-

965 2501 975 2514 e
993 2492 1060 2518 Alius
1077 2495 1178 2525 χαλεπὴ
1196 2497 1335 2527 arnapa-ret
1354 2496 1449 2523 νόσημα.
1463 2489 1540 2515 Paulo
1551 2495 1609 2523 post
1627 2490 1690 2516 alius

933 2537 970 2560 καὶ
982 2536 1042 2566 αὐτῷ
1052 2537 1094 2562 τὴν
1104 2534 1255 2564 δουλαγωγίαν
1268 2535 1450 2563 ἀναπέμποντας.

966 2572 976 2588 ‘¹
994 2572 1050 2598 Duo
1061 2574 1175 2606 προτείνῃ.

1554 2611 1573 2639 9
