1890 2826
35 915 128 967 siupplsc'
124 946 154 959 ιι

37 970 112 991 ham

184 151 233 198 46

185 223 353 254 accusatione
373 230 400 253 et
418 222 616 263 increpatione,
627 222 718 253 dicens
730 235 737 252 z
749 223 800 253 Voe
821 224 927 252 animoe

185 281 284 299 eorum
289 281 303 306 ‚·
311 269 386 309 quod
397 269 519 309 sequitur
528 280 590 299 cum
603 270 688 299 multa
698 269 839 310 prudentia
850 268 929 298 addi-

185 326 240 354 tur,
255 318 333 356 Quia
342 319 471 347 inierunt
484 316 639 347 consilium
651 316 814 357 malignum
827 322 930 346 contra

184 367 360 405 semetipsos.
382 365 465 404 Atqui
488 376 518 394 ea
537 375 598 404 quae
621 364 690 394 facta
714 371 787 402 sunt,
801 363 930 394 videntur

185 419 277 442 contra
286 412 392 452 justum
406 418 528 451 suscepta
543 422 599 440 esse
612 423 620 440 ι
632 410 680 441 sed
693 410 717 439 si
731 410 793 451 quis
805 417 930 440 accurate

184 457 383 498 exploraverit,
396 467 449 486 nou
470 464 562 486 contra
585 457 748 497 patientem,
766 455 815 486 sed
837 463 935 488 eontra¹

184 514 230 533 eos
239 503 287 543 qui
299 502 329 532 id
339 502 565 543 aggrediebantur
582 502 727 533 consilium
738 502 862 534 vertitur.
878 501 930 532 Hie

183 549 315 580 discimus
328 549 420 580 virum
438 550 566 589 probum,
578 549 628 579 etsi
647 556 771 580 sexcenta
787 549 858 579 mala
878 559 929 589 pa·-

184 596 278 634 tiatur‚
291 595 318 624 in
332 595 409 625 nullo
428 596 463 625 nb
481 595 515 625 iis
536 595 584 635 qui
605 606 634 625 se
654 595 815 625 adoriuntur
827 595 928 625 laeden-

184 641 253 671 dum
270 652 341 675 esse;
352 641 400 671 sed
411 652 457 671 eos
476 643 524 681 qui
544 641 596 681 ipsi
617 641 780 671 insidiantur
796 642 887 682 potius
901 642 928 671 in

185 687 286 728 seipsos
306 687 430 727 gladium
448 687 615 728 impulsuros
628 698 700 723 esse;
715 694 746 717 ut
759 694 785 717 et
798 687 828 717 hi
849 688 929 717 sacie-

184 734 260 763 bant.
279 735 389 764 ,Iustum
409 733 482 763 enim
500 733 570 762 nihil
588 733 738 769 laedebant,
751 744 813 763 cum
833 733 929 773 a'lliga-

184 787 252 817 rent,
267 779 315 809 sed
335 780 438 820 seipsos
455 779 483 808 in
501 779 595 820 majori
610 778 725 819 caligine
740 786 767 810 et
783 779 930 810 solitudine

185 826 392 862 constituebant,
407 825 474 855 dum
493 826 629 855 lucernam
648 825 683 854 ab
704 836 732 854 se
752 832 928 856 removerent.

945 602 963 626 0

37 909 42 913 η
73 876 145 905 Nequ'
139 877 178 897 ¹¹¹³
187 873 412 914 Igitur-fructus
425 883 542 912 operum
563 883 682 902 suorum
700 873 861 902 comedent.
874 874 931 902 Ta—

36 916 59 928 ln

119 915 177 959 Ε”,μ
162 920 222 959 lis
246 920 348 960 quippe
374 925 414 948 est
437 918 583 957 nequitia:
601 919 629 947 in
652 919 739 959 seipsa
765 919 930 959 supplicium

188 966 280 995 habet.
296 964 378 1002 Quod
404 971 494 994 autem
522 963 566 993 hic
589 963 671 1002 dicit,
694 965 747 994 hoc
769 965 822 994 sihi
843 965 930 995 vult.

188 1012 334 1042 Fructibus
355 1011 411 1041 suis
442 1010 633 1048 donabuntur,
658 1010 685 1040 in
711 1011 807 1051 majori
832 1022 861 1040 se
885 1022 930 1042 so-

187 1057 305 1087 litudine
331 1057 536 1093 constituentes,
558 1055 697 1095 multaque
723 1056 776 1086 sibi
807 1057 932 1097 praecipi-

187 1105 225 1134 tia
256 1104 427 1134 adornantes.
460 1105 509 1133 11.
537 1104 589 1133 Voe
610 1104 711 1143 iniquo
729 1104 835 1133 :mala
855 1105 934 1134 enim

189 1154 358 1191 contingent
370 1152 397 1179 ei
408 1151 569 1180 secundum
591 1159 679 1189 opera
701 1161 840 1179 manuum
856 1151 930 1191 ejus.
949 1159 968 1182 D

189 1197 290 1228 Viden’
305 1208 320 1226 a
334 1197 412 1226 nobis
431 1207 537 1236 semper
557 1207 711 1225 mensuram
733 1203 758 1225 et
779 1197 855 1226 initia
869 1208 933 1237 sup-

189 1244 216 1284 pl
223 1244 267 1273 icii
280 1242 366 1272 oriri?
381 1242 446 1272 Ideo
459 1242 590 1283 propheta
612 1252 721 1271 rursum
735 1242 819 1281 luget,
833 1242 932 1271 lamen-

190 1296 263 1319 tatur
283 1299 392 1328 seseque
414 1295 545 1325 macerat,
562 1288 624 1327 quia
647 1287 735 1318 Judaei
760 1288 934 1329 sibimetipsis

190 1335 404 1372 insidiabantur,
427 1341 454 1364 et
472 1333 589 1363 atrocius
610 1344 691 1373 quam
709 1334 825 1373 quilibet
847 1335 935 1365 hostis

191 1381 305 1411 salutem
318 1390 394 1410 suam
413 1379 635 1420 pessumdabant‚
648 1390 702 1419 quo
720 1379 787 1418 quid
798 1381 936 1410 miserabi-

190 1429 244 1457 lius
266 1427 365 1456 suerit?
382 1429 427 1456 12.
457 1426 572 1465 Popule
593 1428 649 1463 mi,
672 1433 821 1457 exactores
843 1429 936 1456 vestri

190 1477 338 1503 demetunt
353 1483 418 1503 vos.
434 1471 539 1513 Optimi
553 1472 670 1502 doctoris
681 1479 735 1510 est,
748 1473 879 1502 sermonis
890 1484 937 1503 va-

191 1521 313 1551 rietatem
327 1521 437 1556 afferre,
449 1529 535 1558 neque
550 1529 708 1560 exasperare
721 1526 837 1556 tantum,
851 1530 937 1559 neque

190 1568 272 1597 etiam
293 1577 398 1607 semper
418 1572 586 1595 mansuetum
606 1565 735 1602 reddere3
749 1565 795 1595 sed
810 1576 882 1595 nunc
903 1566 936 1595 il·

191 1615 258 1653 lud,
274 1625 346 1644 nunc
363 1612 440 1643 aliud
465 1619 578 1642 tractare
596 1612 723 1652 loquendi
740 1624 840 1653 genus,
857 1621 886 1643 ut
900 1624 935 1644 ex

191 1661 242 1691 hac
254 1660 388 1691 mixtione
401 1659 486 1688 multa
499 1665 625 1698 exsurgat
638 1659 750 1688 utilitas.
763 1658 868 1689 Idcirco
878 1671 936 1700 pro-

192 1708 272 1747 pheta
292 1717 345 1736 non
364 1705 444 1735 modo
458 1705 578 1741 incusat,
593 1704 641 1734 sed
660 1705 739 1734 etiam
758 1705 848 1746 luget,
862 1706 937 1745 quod

193 1753 303 1793 gravius
313 1759 353 1782 est
373 1752 430 1792 ipsa
449 1751 649 1788 criminatione,
662 1751 709 1781 sed
723 1751 854 1782 minorem
867 1752 938 1793 parit

192 1797 468 1837 dulorem2quodque
487 1797 611 1827 mirabile
628 1803 676 1834 est,
691 1797 717 1826 in
733 1798 856 1837 graviore
869 1798 937 1828 inci-

191 1846 268 1876 sione
287 1844 450 1874 moderatior
466 1851 505 1874 cst
519 1844 609 1873 dolor.
624 1845 718 1883 Neque
738 1844 827 1873 solum
849 1845 935 1884 luget,

192 1891 238 1921 sed
251 1891 331 1920 etiam
346 1897 431 1927 sanat,
445 1890 583 1929 aliumque
598 1900 707 1919 rursum
720 1889 871 1920 mirabilem
885 1891 936 1920 do-

192 1939 285 1968 ctrinae
301 1938 398 1977 ingerit
415 1936 536 1966 modum.
552 1936 621 1973 Quis
639 1936 686 1965 ille
703 1936 763 1965 est?
782 1937 864 1975 Quod
885 1948 936 1967 non

193 1986 277 2015 simul
287 1995 378 2014 omnes
390 1985 519 2023 increpet,
534 1983 582 2012 sed
596 1983 729 2023 populum
743 1994 757 2013 a
769 1985 939 2025 principibus

194 2031 317 2067 dividat,
333 2038 359 2060 et
376 2031 404 2059 in
418 2030 530 2059 illorum
549 2037 631 2070 caput
653 2030 766 2059 crimina
786 2039 935 2061 convertat.
954 2044 974 2067 Α

194 2079 312 2108 Tantum
324 2077 396 2107 enim
412 2083 451 2106 est
465 2075 493 2105 in
507 2075 558 2105 hac
571 2076 700 2116 arguendi
718 2077 806 2117 specie
817 2078 937 2116 lucrum,

195 2132 226 2154 ιιι
237 2125 267 2154 id
287 2126 396 2164 Moyses
416 2122 532 2152 maxime
544 2122 728 2161 frequentarit.
750 2124 777 2152 Is
790 2124 862 2154 enim
876 2135 939 2154 cum

195 2181 287 2202 omnes
308 2177 393 2200 essent
416 2169 574 2199 criminibus
594 2169 722 2204 obnoxii,
745 2169 780 2199 ad
804 2171 953 2212 principes,

196 2227 345 2248 sermonem
366 2215 471 2245 vertit:
488 2215 546 2255 ipse
568 2225 632 2244 vero
654 2217 763 2256 Moyses
785 2226 848 2246 cum
872 2218 942 2247 vidit

196 2264 330 2307 populum
355 2262 473 2292 maxime
493 2261 721 2302 praevaricationis
743 2262 824 2292 fuisse
847 2271 942 2294 aucto-

197 2321 264 2347 rem,
287 2311 420 2340 Aaronem
446 2318 509 2338 vero
535 2318 589 2336 non
607 2314 679 2338 tanta
700 2308 879 2349 increpatione
896 2310 941 2340 di-

199 2368 283 2398 gnum
302 2368 369 2394 esse,
382 2355 501 2385 dimissis
520 2355 555 2384 iis
564 2354 612 2393 qui
633 2355 781 2385 admodum
799 2357 837 2386 rei
854 2365 941 2395 erant,

199 2404 234 2434 ad
247 2404 340 2434 minus>
355 2413 431 2432 reum
452 2401 647 2431 accusationem
659 2402 740 2431 vertit
749 2413 818 2442 ,per
829 2403 943 2433 crimina

200 2448 253 2488 ipsi
271 2448 375 2486 objecta
395 2444 560 2476 conscientiae
580 2444 702 2485 ipsorum
721 2446 887 2486 relinquens,
913 2455 942 2478 ιιι

200 2503 229 2521 se
263 2493 364 2532 majore
398 2489 534 2531 supplicio
565 2489 661 2529 dignos
686 2490 857 2529 judicarent:
869 2492 943 2530 quod

200 2536 281 2565 etiam
294 2535 392 2565 evenit.
412 2536 506 2574 Neque
519 2534 590 2563 enim
601 2545 669 2574 opus
683 2534 779 2563 habuit
795 2535 854 2564 aliis
865 2536 942 2565 dein·
959 2543 976 2566 B

201 2590 263 2620 ceps
278 2590 319 2609 sei
320 2579 445 2609 monibus
458 2578 590 2619 populum
610 2578 727 2617 alloqui,
740 2578 788 2608 sed
802 2579 866 2609 satis
880 2580 942 2610 fue-

520 163 549 186 S·
577 161 720 186 JOANMS
745 161 929 185 cuRYSOST.
957 160 1113 187 ARCHIEP.
1140 162 1412 186 CONSTAN'nNoP.

982 222 1094 262 ἄρχεται
1105 223 1195 259 πάλιν,
1209 225 1256 254 οὐκ
1270 224 1324 254 ἀπὸ
1334 223 1494 264 κατηγορίας
1506 223 1552 253 καὶ
1565 224 1749 263 ἐγκλημάτων,

981 268 1066 307 λέγων
1075 280 1082 288 ·
1094 269 1164 299 Οὐαὶ
1181 272 1215 310 τῇ
1229 272 1302 311 ψυχῇ
1314 273 1399 301 αὐτῶν
1410 283 1415 289 ’
1430 270 1475 300 καὶ
1486 270 1516 299 τὸ
1534 269 1594 306 ἑξῆς
1607 270 1673 309 μετὰ
1687 270 1752 298 πολ-

983 316 1031 350 λῆς
1053 315 1197 350 συνέσεως·
1217 317 1280 348 ’Ότι
1306 317 1490 357 βεὸούλευνται
1515 315 1612 356 βουλὴν
1633 315 1751 356 πονηρὰν

983 363 1042 391 καθ’
1055 364 1162 393 ἑαυτῶν.
1180 363 1275 393 Καίτοι
1287 364 1321 394 τὰ
1341 363 1468 404 γενόμενα
1483 364 1554 393 δοκεῖ
1566 361 1635 392 κατὰ
1648 365 1694 392 τοῦ
1710 363 1751 391 δι-

982 407 1058 438 καίου
1071 410 1232 448 τολμᾶσθαι·
1254 411 1312 441 ἀλλ’
1327 411 1353 440 εἴ
1364 423 1403 444 τις
1419 410 1533 451 ἀκριὸῶς
1551 408 1707 444 ἐξετάσειεν,
1721 410 1751 438 οὐ

983 454 1052 484 κατὰ
1064 458 1110 485 τοῦ
1128 455 1292 496 πάσχοντος,
1315 457 1384 486 ἀλλὰ
1407 458 1459 486 τῶν
1479 454 1623 485 ποιούντων
1634 457 1652 490 ἠ
1668 454 1750 495 βουλὴ

982 500 1116 541 τρέπεται.
1131 502 1263 532 Ἐνταῦθα
1286 503 1464 542 μανθάνομεν,
1486 502 1527 531 ὅτι
1548 504 1562 531 ὁ
1583 502 1631 540 μὲν
1653 500 1752 535 καλὸς,

982 547 1031 577 κᾶν
1046 547 1127 588 μυρία
1139 548 1232 588 πάσχῃ
1248 549 1334 586 δεινὰ,
1350 548 1423 578 οὐδὲν
1438 548 1599 588 βεὸλάψεται
1612 546 1686 588 παρὰ
1698 549 1751 577 τῶν

982 593 1139 625 ποιούντων·
1155 595 1179 625 οἱ
1198 594 1226 623 δὲ
1237 595 1449 629 ἐπιδουλεύοντες
1459 618 1467 632 ,
1482 591 1552 624 οὗτοι
1572 594 1672 633 μᾶλλόν
1686 595 1752 624 εἰσιν

983 644 1007 672 οἷ
1020 645 1078 673 καθ’
1092 645 1191 673 ἑαυτῶν
1202 644 1233 673 τὸ
1246 642 1315 683 ξίφος
1328 643 1453 675 ὠθοῦντες
1464 664 1471 677 ,
1486 641 1605 681 καθάπερ
1614 637 1664 670 καῖ
1671 636 1751 670 οὗτοι.

983 690 1037 719 Τὸν
1061 690 1108 729 μὲν
1127 689 1179 730 γὰρ
1203 689 1303 719 δίκαιον
1325 688 1399 718 οὐδὲν
1421 688 1551 718 ἔὸλαπτον
1576 688 1732 726 δεσμοῧντες
1743 709 1751 723 ,

983 734 1090 769 ἑαυτοὺς
1105 735 1133 765 δὲ
1147 737 1174 765 ἐν
1185 734 1287 764 πλείονι
1297 734 1367 774 ζόφῳ
1382 733 1428 763 καὶ
1445 733 1542 773 ἐρημίᾳ
1555 733 1696 770 καθίστων,
1707 733 1752 762 τὸν

981 780 1077 821 λύχνον
1094 780 1211 810 ἐκποδὼν
1233 780 1403 821 ἁρπάζοντες.
1426 780 1522 809 Τοίνυν
1543 779 1577 809 τὰ
1599 779 1752 819 γεννήματα

983 827 1035 855 τῶν
1054 826 1136 867 ἔργων
1157 826 1242 856 αὐτῶν
1263 826 1399 867 φάγονται.
1418 826 1543 855 Τοιοῦτον
1557 825 1608 865 γὰρ
1622 828 1639 861 ἡ
1654 825 1734 855 κακία
1745 837 1752 843 ·

984 872 1050 908 αὐτὴ
1064 873 1090 902 ἐν
1103 875 1183 912 ἑαυτῇ
1192 872 1241 909 τὴν
1251 871 1380 912 τιμωρίαν
1391 871 1454 912 ἔχει.
1468 871 1521 901 Καὶ
1532 870 1546 900 ὃ
1558 871 1669 901 ἐνταῦθά
1678 883 1753 911 φησι,

983 920 1054 948 τοῦτ’
1080 918 1164 948 ἔστιν·
1189 917 1381 948 ἀπολαύσονται
1405 920 1458 947 τῶν
1479 920 1588 957 καρπῶν
1609 919 1704 953 αὐτῶν,
1725 919 1752 946 ἐν

983 964 1085 994 πλείονι
1097 965 1271 997 καθιστῶντις
1290 963 1382 997 αὐτοὺς
1395 964 1502 1004 ἐρημίᾳ,
1517 964 1563 993 καὶ
1575 963 1686 997 πολλοὺς
1701 976 1753 993 κα-

984 1010 1188 1044 τασκευάζοντες
1209 1011 1269 1043 τοὺς
1281 1009 1420 1050 κρημνούς.
1441 1010 1508 1040 Οὐαὶ
1523 1012 1562 1050 τῷ
1579 1010 1670 1049 ἀνόμῳ
1681 1022 1688 1028 ·
1702 1021 1753 1039 πο-

986 1056 1052 1096 νηρὰ
1066 1055 1118 1096 γὰρ
1130 1055 1296 1095 συμὸήσεται
1304 1057 1376 1096 αὐτῷ
1388 1056 1457 1085 κατὰ
1466 1055 1500 1084 τὰ
1514 1056 1579 1095 ἔργα
1591 1059 1643 1085 τῶν
1657 1059 1753 1096 χειρῶν

987 1105 1077 1132 αὐτοῦ.
1093 1102 1176 1143 Ορᾷς
1191 1103 1254 1142 παρ’
1269 1103 1345 1159 ἡμων
1359 1101 1394 1131 τὰ
1407 1101 1491 1142 μέτρα
1503 1104 1551 1138 τῆς
1564 1102 1692 1142 τιμωρίας
1712 1102 1754 1131 ἀεὶ

987 1148 1032 1179 καὶ
1044 1149 1121 1183 τὰς’
1106 1149 1190 1189 αρχὰς
1204 1148 1355 1188 γινομέναςς
1367 1147 1419 1178 Διὰ
1429 1147 1461 1184 δὴ
1474 1160 1551 1177 τουτο
1564 1149 1643 1178 πάλιν
1658 1151 1671 1178 ὁ
1684 1160 1753 1188 προ-

987 1195 1072 1236 φήτης
1084 1197 1172 1235 θρηνεῖ
1191 1194 1236 1224 καὶ
1246 1193 1367 1234 ὀδύρεται
1378 1193 1423 1223 καὶ
1437 1194 1614 1230 διακόπτεται,
1628 1194 1668 1224 ὅτι
1680 1195 1754 1224 αὐτοι

987 1241 1094 1275 ἑαυτους
1106 1241 1287 1271 ἑπεὸούλευον
1291 1243 1315 1271 οἱ
1329 1241 1458 1276 Ὶωδαῖοι,
1478 1241 1524 1270 καὶ
1542 1241 1669 1280 πολεμίου
1684 1254 1754 1271 παν-

987 1288 1031 1321 τὸς
1045 1287 1229 1328 χαλεπώτερον
1244 1287 1292 1323 τὴν
1306 1289 1405 1317 ἑαυτῶν
1420 1286 1583 1326 ἐλυμήναντο
1604 1288 1735 1327 σωτηρίαν
1748 1299 1755 1305 ·

988 1329 1017 1363 οὗ
1027 1333 1054 1363 τί
1067 1333 1162 1373 γένοιτ’
1175 1333 1207 1362 ἂν
1221 1332 1395 1374 ἄθλιώτερον;
1410 1333 1480 1366 Λαός
1493 1345 1553 1372 μου,
1567 1335 1591 1362 οἱ
1610 1334 1755 1373 πράκτορες

988 1382 1062 1419 ὑμῶν
1081 1381 1253 1419 καλαμῶνται
1267 1381 1346 1419 ὑμᾶς.
1364 1381 1450 1409 Τοῦτο
1465 1378 1572 1419 ἀρίστου
1588 1380 1755 1416 διδασκάλου,

988 1426 1134 1455 ποικίλλειν
1157 1426 1202 1455 τὸν
1223 1425 1310 1466 λόγον,
1336 1426 1381 1455 καὶ
1407 1426 1475 1465 μήτε
1495 1426 1633 1466 τραχύνειν
1658 1426 1734 1465 μόνον
1747 1449 1755 1462 ,

989 1472 1057 1512 μήτε
1079 1473 1199 1512 προσηνῆ
1224 1476 1318 1509 ποιεῖν,
1342 1471 1410 1501 ἀλλὰ
1432 1474 1476 1501 νῦν
1492 1471 1539 1510 μὲν
1552 1476 1644 1507 τοῦτο,
1663 1476 1707 1502 νῦν
1729 1473 1757 1502 δὲ

988 1521 1072 1549 ἐκεῖνο
1092 1518 1283 1559 μεταχειρίζειν
1304 1518 1334 1548 τὸ
1355 1513 1438 1556 εἶδος,
1453 1518 1522 1548 ὥστε
1543 1519 1643 1555 πολλὴν
1658 1521 1689 1549 ἐκ
1709 1522 1757 1555 τῆς
1779 1511 1788 1518 ⁹

990 1564 1084 1605 μίξεως
1106 1564 1225 1601 γενέσθαι
1246 1564 1293 1601 τὴν
1314 1564 1451 1604 ὠφέλειαν.
1474 1565 1526 1594 Διὰ
1541 1565 1572 1601 δὴ
1593 1568 1670 1595 τοῦτο
1684 1566 1729 1596 καὶ
1742 1569 1756 1596 ὁ

989 1610 1126 1651 προφήτης
1138 1611 1186 1640 οὐκ
1199 1611 1303 1650 ἐγκαλεῖ
1317 1610 1405 1649 μόνον,
1420 1611 1488 1640 ἀλλὰ
1501 1611 1546 1640 καὶ
1562 1614 1666 1651 θρηνεῖ,
1682 1612 1696 1641 ὃ
1711 1614 1757 1651 βα-

991 1658 1096 1698 ρύτερον
1110 1657 1158 1696 μέν
1170 1658 1227 1686 ἔστι
1240 1658 1292 1686 τῶν
1303 1656 1487 1696 ἐγκλημάτων,
1498 1657 1624 1686 ἐλάττονα
1635 1657 1663 1687 δὲ
1675 1659 1756 1699 παρέ-

989 1716 1033 1745 χει
1045 1703 1094 1739 τὴν
1107 1703 1200 1739 ὀδύνην
1211 1715 1218 1723 ·
1233 1702 1278 1733 καὶ
1296 1703 1327 1732 τὸ
1338 1702 1488 1741 Θαυμαστὸν
1501 1705 1586 1739 τοῦτο,
1608 1704 1647 1733 ὅτι
1664 1705 1690 1733 ἐν
1706 1706 1758 1744 βα-

991 1749 1086 1790 θυτέρᾳ
1106 1752 1140 1790 τῇ
1162 1751 1230 1789 τομῇ
1245 1748 1441 1789 προσηνεστέρα
1455 1750 1472 1784 ἡ
1494 1749 1624 1788 ἀλγηδών.
1650 1750 1701 1779 Καὶ
1726 1751 1756 1779 οὐ

991 1800 1079 1837 θρηνεῖ
1093 1795 1179 1836 μόνον,
1202 1795 1270 1825 ἀλλὰ
1283 1795 1328 1825 καὶ
1341 1794 1494 1834 θεραπεύει,
1514 1795 1558 1824 καὶ
1577 1796 1664 1835 ἕτερον
1677 1796 1757 1826 πάλιν

991 1841 1140 1881 Θαυμαστὸν
1160 1841 1329 1875 διδασκαλίας
1353 1843 1468 1870 ἀνακινεῖ
1491 1841 1598 1880 τρόπον.
1623 1844 1703 1872 Ποῖον
1725 1843 1757 1879 δὴ

991 1892 1100 1926 το’ὗτον;
1115 1888 1155 1917 Τὸ
1170 1887 1207 1927 μὴ
1222 1893 1302 1917 πᾶσιν
1317 1889 1360 1927 ὑφ’
1375 1886 1402 1916 ἓν
1416 1888 1550 1927 ἐπιτιμᾷν,
1564 1888 1632 1918 ἀλλὰ
1646 1889 1759 1929 ἀποσχί-

991 1947 1037 1965 σαι
1057 1934 1103 1964 τὸν
1125 1934 1208 1972 δῆμον
1230 1935 1284 1963 τῶν
1305 1932 1449 1973 ἀρχόντων,
1469 1935 1514 1962 καὶ
1534 1936 1571 1968 εἷς
1590 1935 1639 1971 τὴν
1654 1935 1758 1964 ἐκείνων

951 2016 976 2037 ω
992 1979 1130 2020 ἐπιτρέψαι
1142 1978 1258 2019 κεφαλὴν
1271 1978 1306 2008 τὰ
1317 1979 1481 2018 ἐγκλήματα.
1496 1980 1628 2010 Τοσοῦτον
1639 1981 1690 2021 γάρ
1703 1982 1760 2010 ἐστι

990 2026 1083 2056 τούτου
1096 2028 1142 2056 τοῦ
1155 2025 1238 2058 εἴδους
1250 2024 1281 2054 τὸ
1294 2024 1392 2064 κέρδος,
1401 2026 1436 2058 ὡς
1445 2025 1489 2054 τὸν
1504 2027 1621 2055 Μωϋσέα
1634 2026 1679 2056 καὶ
1693 2026 1761 2065 μετὰ

991 2072 1110 2106 πλείονος
1120 2071 1184 2102 αὐτὸ
1193 2073 1304 2106 ποιῆσαι
1313 2072 1361 2106 τῆς
1372 2070 1527 2111 ὓπερὸολῆς.
1539 2069 1624 2106 Οῧτος
1640 2072 1687 2111 μὲν
1698 2072 1761 2113 γὰρ,

992 2118 1098 2148 πάντων
1111 2117 1192 2147 ὄντων
1211 2116 1360 2147 ὑπευθύνων
1383 2122 1436 2151 τοῖς
1449 2118 1622 2157 ἐγκλήμασιν,
1637 2119 1681 2148 ἐπὶ
1701 2118 1762 2152 τοὺς

994 2164 1123 2205 ἄρχοντας
1135 2163 1226 2204 τρέπει
1238 2163 1283 2193 τὸν
1295 2163 1372 2203 λόγον
1384 2175 1390 2181 ·
1411 2165 1425 2192 ὁ
1445 2164 1473 2193 δὲ
1487 2165 1605 2199 Μωϋσῆς
1624 2164 1706 2204 εὑρὼν
1717 2165 1761 2194 τὸν

995 2213 1079 2250 δῆμον
1091 2210 1151 2240 τότε
1172 2209 1287 2248 μάλιστα
1299 2209 1362 2239 ὄντα
1374 2209 1419 2239 τὸν
1432 2209 1480 2246 τὴν
1499 2210 1666 2250 παρανομίαν
1681 2212 1762 2251 ἐργα-

996 2256 1108 2295 σάμενον
1130 2255 1240 2291 ἐκείνην,
1261 2255 1307 2284 τὸν
1329 2255 1356 2285 δὲ
1377 2255 1476 2296 Ἀαρὼν
1497 2257 1527 2285 οὔ
1549 2256 1680 2292 τοσαύτης
1700 2256 1763 2286 ὄντα

995 2301 1154 2342 κατηγορίας
1165 2301 1245 2336 ἄξιον,
1258 2301 1331 2341 ἀφεὶς
1344 2301 1404 2335 τοὺς
1414 2302 1515 2342 σφόδρα
1529 2302 1686 2336 ὑπευθύνους
1697 2324 1705 2338 ,
1720 2303 1764 2332 ἐπὶ

996 2349 1040 2378 τὸν
1053 2351 1104 2388 οὐχ
1116 2348 1197 2381 οὕτως
1208 2347 1349 2377 ὑπεύθυνον
1361 2347 1453 2387 τρέπει
1465 2348 1514 2384 τὴν
1527 2348 1697 2389 κατηγορίαν,
1711 2353 1765 2381 τοῖς

997 2395 1147 2435 ἐγκλήμασι
1160 2398 1213 2428 τοῖς
1226 2395 1285 2424 κατ’
1301 2394 1400 2424 ἐκείνου
1415 2394 1499 2428 διδοὺς
1510 2397 1548 2435 τῷ
1560 2394 1689 2424 συνειδότι
1701 2394 1764 2425 τού-

996 2453 1048 2470 των
1065 2441 1170 2479 μείζονα
1183 2441 1281 2470 ἑαυτῶν
1294 2440 1529 2480 καταψηφίσασθαι
1542 2440 1670 2481 τιμωρίαν
1685 2452 1691 2458 ·
1703 2439 1717 2469 ὃ
1732 2440 1765 2477 δὴ

996 2487 1041 2517 καὶ
1061 2486 1172 2526 ἐγένετο.
1192 2487 1232 2516 Οὔ
1252 2485 1303 2526 γὰρ
1321 2486 1414 2522 ἐδεήθη
1436 2486 1528 2516 λοιπὸν
1539 2486 1624 2526 λόγων
1642 2486 1707 2526 πρὸς
1720 2486 1766 2515 τὸν

996 2535 1028 2563 δ”
1011 2545 1078 2573 μον
1093 2533 1136 2563 ἑτέ
1124 2545 1198 2573 σρων,
1210 2533 1269 2562 ἀλλ’
1281 2532 1377 2570 ἤρκεσε
1390 2532 1423 2562 τὰ
1436 2532 1502 2573 ψιλὰ
1515 2534 1602 2562 ἐκεῖνα
1615 2531 1720 2571 ῥήματα
1731 2532 1764 2561 τὰ

996 2592 1060 2620 προς
1071 2580 1114 2610 τὸν
1127 2578 1225 2619 Ἀαρὼν
1239 2578 1365 2619 εἰρημένα
1379 2579 1500 2618 χιλιάδας
1514 2577 1657 2615 τοσαύτας,
1670 2591 1705 2611 ως
1719 2578 1764 2608 ἐ’να
