1904 2840
0 1217 69 1242 Num.
88 1219 125 1247 24.

1 1254 38 1279 17.

0 1455 142 1523 ’13ζῷιεί
149 1451 260 1481 orientis
282 1451 362 1492 juxta
387 1453 525 1497 Oceanum
538 1476 545 1489 ,
568 1452 732 1499 apud-qnos

0 1515 60 1550 fiae
76 1517 138 1540 Seth.

667 208 700 230 ΙΝ
728 206 937 230 MATTHAEUM.
967 206 1086 229 nomin.
1117 207 1152 229 ll.

1630 198 1699 247 759

155 269 261 309 aliquid
279 276 371 300 oontra
390 270 531 306 orientem,
544 268 695 299 ¹¹divinatio
717 267 783 297 mali
806 274 894 297 osten·
913 271 932 294 Α
951 266 1030 296 illum
1054 267 1242 304 victorialem,
1258 268 1358 298 habens
1379 270 1405 299 in
1429 279 1457 299 se
1480 269 1595 299 formam
1619 272 1699 309 quasi

153 309 230 339 ditur
249 312 340 339 eontra
356 309 440 338 bon'os
453 320 460 338 :
473 308 584 348 quando
597 308 631 337 ab
653 309 755 337 oriente
775 307 895 336 nascitur

152 348 258 387 aliquid
269 355 361 378 contra
373 348 547 384 occidentem,
561 347 693 377 divinatio
714 347 780 376 boni
806 353 894 375 osten-

151 387 228 417 ditur
240 395 330 418 contra
343 388 439 417 malos.
455 387 592 425 Quoniam
604 398 668 427 ergo
681 387 709 415 in
727 386 894 432 temporibus

150 427 253 457 Christi
265 427 369 467 justitia
382 428 558 468 subjugatura
580 427 666 456 fuerat
679 426 848 466 injustitiam,
867 431 894 454 et

151 466 220 496 fides
239 466 431 504 infidelitatem,
447 467 508 496 ideo
521 467 556 496 ab
568 466 671 496 oriente
688 472 819 495 venerunt
833 465 892 504 pri-

151 506 233 535 mitiae
242 505 316 536 fidei.
329 507 462 536 Vidimus
470 506 548 535 eni'm
558 506 676 535 stellam
686 507 748 545 ejus
757 507 788 534 in
800 506 891 534 orien-

152 551 190 581 te,
205 551 233 574 et
246 547 380 575 venimus
398 546 524 575 adorare
540 556 617 575 eum.
631 543 772 584 Numquid
793 543 891 573 nescie-

150 584 216 614 bant
230 586 292 624 quia
311 585 339 614 in
352 586 503 618 Jerusalem
516 585 644 630 regnabat
656 584 796 614 Herodes?
810 593 889 612 num-

150 624 218 662 quid
230 635 282 654 non
296 624 479 664 intelligebant
493 625 625 665 justitiam
647 624 726 664 legis,
747 623 812 662 quia
830 622 891 661 qni-

150 673 266 702 cumque
280 674 341 703 rege
358 665 465 694 vivente
486 664 602 694 alterum
617 673 706 704 regem
722 662 890 708 pronuntiat,

150 709 176 731 et
185 702 290 740 adorat,
307 703 383 742 quasi
397 703 518 733 minister
537 704 643 744 tyranni
663 710 775 744 punitur
788 702 815 731 in
829 711 889 731 san-

150 742 251 781 guine?
263 742 319 773 Sed·
339 743 404 772 dum
418 743 620 772 considerabant
640 743 730 772 rffem
753 742 887 778 futurum,

149 791 203 810 non
220 781 353 811 timebant
369 793 456 822 regern
480 789 646 823 praesentem.
697 781 813 819 nmquid
834 791 888 810 nou

149 820 284 851 habebant
293 823 348 862 'prae
367 822 453 851 oculis
472 822 529 852 suis
544 822 700 863 periculum
721 821 826 857 mortis,
841 821 890 860 qui

149 860 229 889 talem
250 871 306 890 rem
327 861 449 890 illicitam
471 861 661 901 usurpabant?
675 861 728 891 Sed
741 871 794 890 non
807 871 887 890 cura-

148 900 214 929 bant
223 899 259 929 de
271 907 365 930 morte.
376 901 500 931 Siautem
510 907 647 930 curassent
658 900 692 930 de
705 907 799 935 morte,
812 909 889 929 num-

149 949 230 978 quam
241 939 278 969 ad
290 939 342 969 hoc
351 940 412 969 ansi
431 941 554 970 fuissent.
570 940 668 970 Adhuc
689 950 743 970 non
767 939 889 969 viderant

148 977 298 1015 Christum,
312 985 338 1008 et
359 980 416 1019 jam
437 980 524 1020 parati
550 987 624 1009 erant
645 980 714 1008 mori
758 990 787 1008 ro
808 989 850 1008 eo.
863 980 889 1009 Ο

147 1018 217 1047 beati
231 1019 314 1058 magi,
329 1019 376 1058 qui
395 1026 455 1048 ante
467 1026 637 1060 conspectum
651 990 831 1048 crudelissimi
844 1029 890 1047 re-

147 1057 200 1097 gis,
210 1064 352 1097 antequam
359 1058 496 1088 Christum
506 1065 703 1098 cognoscerent,
714 1058 815 1088 Christi
828 1057 890 1087 facti

147 1103 210 1126 sunt
222 1098 385 1126 confessores
395 1097 403 1126 l
414 1098 478 1143 Legi
491 1097 565 1138 apud
574 1098 706 1136 aliquem,
720 1108 813 1137 magos
826 1097 890 1126 istos

148 1147 183 1166 ex
202 1136 283 1171 libris
304 1136 414 1166 Balaam
438 1136 597 1167 divinatoris
621 1148 655 1176 ap
675 1137 782 1166 ariturae
805 1137 890 1177 hujus

149 1176 232 1206 stellae
247 1175 385 1205 scientiam
398 1177 543 1216 accepisse,
559 1176 637 1216 cujus
672 1176 781 1206 'vinatio
823 1177 890 1206 osita

149 1221 189 1245 est
201 1222 230 1245 et
240 1216 268 1244 in
291 1215 384 1245 Veteri
404 1216 572 1245 Testamento
587 1227 594 1244 ε
609 1217 727 1245 On'etur·
745 1215 801 1245 stel
814 1226 834 1244 a
854 1225 890 1245 ex

150 1255 256 1291 Jacob,
269 1261 299 1283 et
305 1261 438 1295 exsurget
452 1256 538 1284 bomo
550 1265 587 1284 ea:
598 1256 705 1292 Israel,
719 1262 748 1284 et
758 1255 888 1285 domina-

150 1295 228 1323 bitur·
240 1295 369 1324 omnium
378 1296 519 1334 gentium.
534 1294 637 1324 Audivi
649 1294 755 1334 aliquos
776 1296 891 1324 reseren-

149 1339 189 1362 tes
206 1333 242 1363 de
259 1333 375 1372 quadam
396 1334 539 1374 scriptura,
555 1334 603 1364 etsi
625 1344 678 1363 non
701 1341 784 1371 certa,
801 1341 889 1364 tamen

149 1382 202 1402 non
216 1372 371 1403 destruente
378 1373 475 1411 fidem,
488 1373 536 1403 sed
549 1374 639 1415 potius
650 1373 806 1409 delectante,
820 1383 888 1413 quo*-

149 1412 234 1442 niam‘
244 1419 300 1442 erat
320 1412 529 1453 quadamxgens
551 1413 600 1443 sita
620 1413 648 1442 in
672 1413 731 1453 ipso
754 1412 890 1481 principio

765 1452 890 1482 erebatur

150 1491 271 1530 qnaedam
285 1492 428 1532 scriptura,
444 1492 570 1532 inscripta
580 1503 690 1525 nomine
704 1492 780 1529 Seth,
793 1491 827 1521 de
840 1502 888 1532 ap-

170 1530 269 1560 aritura
278 1531 328 1560 hac
340 1531 426 1567 stella,
437 1538 464 1560 et
475 1532 632 1560 muneribus
647 1532 671 1560 ei
682 1530 839 1571 hujusmodi
853 1532 891 1560 of-

148 1541 276 1605 ssrendis,
285 1580 347 1608 quiae
353 1580 400 1609 per
411 1571 590 1609 generationes
606 1570 787 1599 studiosorum
801 1570 892 1599 homi-

149 1618 226 1645 num,
237 1609 358 1648 patribus
367 1609 540 1638 referentibus
548 1609 684 1644 filiissnis,
694 1609 841 1637 habebatur
848 1608 891 1637 de-

150 1646 241 1676 ducta.
251 1648 344 1686 Itaque
350 1647 487 1686 elegerunt
498 1648 599 1687 seipsos
610 1650 624 1664 *
631 1648 773 1677 duodecim
779 1647 891 1686 quidam

150 1696 186 1716 ex
198 1686 263 1726 ipsis
283 1685 474 1723 studiosiores,
501 1694 527 1716 et
553 1694 682 1716 amatores
702 1686 891 1727 mysteriorum

151 1725 306 1761 caelestium,
316 1732 343 1755 et
351 1732 498 1766 posuerunt
509 1726 610 1765 seipsos
622 1725 657 1755 ad
667 1726 891 1766 exspectationem

152 1764 235 1793 stellae
257 1764 344 1793 illius.
362 1765 398 1794 Et
409 1765 432 1794 si
448 1765 509 1810 quis
521 1765 684 1795 moriebatur
701 1776 735 1795 ex
748 1767 797 1800 eis,
817 1765 892 1794 filius

152 1803 222 1842 ejus,
229 1810 275 1832 aut
281 1804 379 1842 aliquis
387 1814 610 1849 propinquorum,
616 1805 663 1843 qui
673 1804 792 1844 ejusdem
798 1804 892 1834 volun-

153 1843 214 1872 tatis
227 1843 423 1879 inveniebatur,
435 1854 463 1872 111
475 1844 532 1873 loco
539 1844 750 1873 constituebatur
760 1843 888 1872 defuncti.

153 1882 317 1912 Dicebantur
327 1889 416 1912 autem
433 1883 504 1922 magi
516 1882 608 1922 lingna
620 1894 724 1920 eorum,
737 1883 801 1922 quia
815 1883 842 1911 in
852 1882 892 1912 'si-

153 1921 236 1952 lentio
249 1929 275 1951 et
289 1932 354 1951 voce
367 1921 444 1951 tacita
458 1923 545 1951 Deum
569 1921 765 1962 glorificabant.
780 1921 815 1951 Hi
828 1932 892 1961 ergo

154 1971 201 2001 per
225 1961 347 2000 singulos
366 1970 460 1998 annos,
475 1969 537 2001 post
555 1972 666 1991 messem
689 1961 892 1998 trituratoriam,
915 1977 917 1979 >

155 2000 331 2030 ascendebant
343 2000 371 2029 in
385 2007 501 2030 montem
522 2000 639 2039 aliquem
652 2000 769 2041 positum
783 2001 832 2037 ibi,
846 2000 893 2039 qui

36 2048 147 2071 uonsvi-
156 2039 403 2079 vocabatur-lingua
415 2049 509 2069 eorum
523 2042 602 2070 Mons
615 2039 781 2076 victorialis,
794 2040 894 2069 habens

1 2081 112 2107 smmis..

156 2078 184 2108 in
205 2090 232 2109 se
245 2078 389 2118 qnamdam
413 2079 567 2119 speluncam
583 2080 609 2109 in
629 2090 704 2116 saxo,
726 2079 854 2116 fontibus,
870 2086 895 2108 et

157 2118 248 2147 electis
261 2118 403 2154 arboribus
422 2119 616 2148 amoenissimus
631 2131 638 2147 ε
656 2119 682 2148 in
703 2129 784 2157 quem
804 2128 895 2148 ascen-

157 2156 259 2192 dentes,
280 2164 306 2186 et
319 2157 438 2187 lavantes
456 2168 493 2194 se,
513 2157 645 2188 ¹²orabant
661 2165 688 2187 et
700 2157 846 2187 laudabant
869 2157 896 2185 in

159 2195 265 2225 silentio
284 2197 372 2225 Deum
384 2197 472 2226 tribus
483 2197 590 2234 diebus,
606 2204 631 2226 et
647 2197 685 2226 sic
698 2197 827 2226 faciebant
848 2206 898 2236 per

160 2234 279 2273 singulas
303 2235 494 2274 generationes,
518 2243 698 2276 exspectantes
722 2246 841 2275 semper,
866 2245 899 2263 ne

161 2274 228 2302 forte
239 2273 266 2302 in
274 2273 440 2313 generatione
447 2285 494 2303 sua
501 2274 577 2304 stella
585 2275 632 2304 illa
639 2274 811 2304 beatitudinis
821 2275 899 2303 orire-

162 2319 217 2350 tur,
229 2312 314 2342 donec
327 2313 452 2352 apparuit
465 2313 504 2342 eis
514 2313 675 2343 descendens
686 2323 767 2353 super
781 2315 900 2343 Montem

950 306 1027 345 pueri
1041 307 1161 346 parvuli,
1176 314 1202 336 et
1220 318 1342 347 superse
1362 308 1567 338 similitudinem
1582 307 1670 339 crucis
1687 324 1694 339 :

949 352 975 374 et
994 345 1105 384 loquuta
1120 353 1159 375 est
1173 346 1222 383 eis,
1237 354 1262 375 et
1285 347 1377 377 docuit
1396 359 1451 385 eos,
1464 355 1490 377 et
1506 359 1591 388 praece
1611 349 1632 378 it
1645 350 1694 386 eis,

950 391 979 413 ut
986 385 1219 424 proficiscerentur
1231 386 1258 415 in
1266 387 1283 417 J
1286 387 1398 416 udaeam.
1407 360 1640 418 Proficiscentilius
1647 400 1694 418 au-

950 430 1003 452 tem
1016 424 1055 453 eis
1069 435 1117 464 per
1127 425 1266 455 biennium
1279 426 1444 465 praecedebat
1457 427 1546 464 stella,
1561 435 1586 457 et
1608 438 1694 466 neque

947 473 1019 499 esca,
1033 473 1119 502 neque
1137 471 1216 504 potus
1228 465 1325 494 defecit
1339 467 1366 495 in
1381 467 1453 505 peris
1465 477 1569 496 eornm.
1589 468 1693 497 Caetera

948 509 1037 532 autem
1057 513 1117 541 quae
1135 510 1207 542 gesta
1221 505 1374 534 referuntur
1393 506 1428 534 ab
1445 505 1484 534 eis
1507 506 1533 535 in
1553 506 1692 545 cvangelio

948 542 1136 581 compendiose
1148 543 1234 582 posita
1248 551 1320 573 sunt.
1334 545 1434 574 Tamen
1447 556 1508 574 cum
1518 546 1616 575 reversi
1628 546 1692 575 fuis-

948 587 1015 616 sent,
1040 589 1193 612 manserunt
1221 583 1335 613 colentes
1358 591 1384 612 et
1403 584 1583 622 glorificantes
1605 586 1691 614 Deum

947 619 1096 649 studiosius
1109 622 1206 661 magis,
1222 633 1303 661 quam
1327 622 1457 663 primum,
1473 630 1499 652 et
1511 624 1691 663 praedicarunt

946 659 1072 689 omnibus
1092 660 1121 689 in
1149 671 1243 700 genere
1266 672 1326 696 suo,
1346 669 1371 691 et
1394 662 1495 692 multos
1520 663 1687 693 erudierunt.

946 699 1069 737 Denique
1081 709 1144 729 cum
1163 707 1224 740 post
1245 702 1466 731 resurrectionem
1489 702 1600 731 Domini
1615 703 1689 732 Tho-

945 749 1002 768 mas
1020 739 1158 784 apostolns
1172 740 1235 769 isset
1248 740 1275 770 in
1290 740 1458 780 provinciam
1469 741 1556 777 illam,
1569 741 1689 781 adjuncti

945 784 1008 819 sunt
1026 788 1067 815 el,
1082 785 1110 808 et
1122 779 1248 818 baptizati
1267 780 1302 809 ab
1322 791 1373 818 eo,
1383 780 1446 809 facti
1470 787 1533 809 sunt
1552 780 1688 821 adjutores

944 823 1141 863 praedicationis
1164 823 1252 864 illius.
1277 826 1322 855 Ex
1347 836 1378 855 co
1404 833 1494 856 antem
1526 826 1599 865 quod
1622 826 1690 856 dicit

944 862 1094 902 Scriptura,
1107 864 1239 893 Vidimus
1247 865 1364 894 stellam
1374 867 1436 905 ejus
1444 867 1475 894 in
1485 867 1604 903 oriente,
1614 866 1689 895 vidc-

946 909 990 931 tur
1002 902 1167 931 occasionem
1188 903 1252 933 dare
1274 904 1430 933 infidelibus
1443 905 1477 933 de
1490 905 1643 944 astrologia,
1661 912 1689 934 nt

945 951 1164 980 unumquemque
1208 949 1282 972 ntent
1307 953 1361 972 snae
1381 944 1464 972 stellae
1484 950 1558 973 motu
1577 950 1602 972 et
1616 944 1688 973 nasci

945 987 971 1009 et
983 980 1075 1010 vivere
1089 991 1096 1008 ε
1110 981 1171 1010 ideo
1219 992 1284 1011 num
1302 989 1342 1012 est
1353 983 1472 1012 breviter
1485 983 1518 1012 de
1533 982 1576 1011 his
1590 983 1688 1013 inferrc

944 1029 1103 1049 sermonem.
1119 1020 1150 1049 Si
1164 1020 1236 1049 enim
1249 1021 1331 1050 stella:
1345 1028 1394 1058 est,
1408 1021 1481 1060 quod
1495 1028 1541 1050 aut
1564 1022 1627 1051 boni
1639 1033 1686 1052 su-

1744 1027 1798 1049 Nom
1811 1028 1838 1048 de

945 1069 1017 1096 mus,
1028 1065 1075 1088 aut
1086 1059 1151 1088 mali
1167 1072 1173 1088 :
1189 1070 1251 1099 ergo
1265 1070 1313 1089 nec
1324 1061 1427 1090 bonum
1440 1068 1562 1090 nostrum
1575 1061 1688 1090 laudan·
1697 1063 1819 1090 astrologi·-

944 1098 1012 1127 dnm
1025 1104 1073 1133 est,
1093 1108 1142 1127 nec
1157 1099 1258 1128 malum
1271 1099 1491 1140 vituperandum,
1505 1101 1567 1139 quia
1582 1111 1630 1130 nec
1640 1108 1689 1130 ·est

945 1138 973 1166 in
995 1137 1074 1166 nobis
1097 1137 1265 1168 voluntarius
1287 1146 1371 1174 actus.
1387 1139 1426 1169 Ut
1443 1139 1511 1178 quid
1530 1140 1602 1169 enim
1624 1140 1688 1169 boni

945 1176 998 1206 mei
1010 1176 1117 1206 laudem
1135 1187 1248 1215 merear,
1269 1178 1342 1216 quod
1356 1188 1408 1207 non
1429 1189 1488 1207 meo
1501 1179 1624 1215 arbitrio,
1639 1179 1688 1209 sed

945 1216 1116 1245 motu‘stellae
1128 1217 1197 1246 facio
1206 1229 1213 1245 ε
1222 1224 1268 1246 aut
1276 1218 1340 1246 mali
1353 1218 1404 1247 mei
1415 1228 1519 1257 paenam
1528 1218 1685 1257 suscipiam,

944 1255 1018 1294 quod
1043 1265 1096 1285 non
1117 1255 1267 1293 voluntate,
1293 1256 1340 1286 sed
1365 1257 1519 1286 necessitate
1543 1257 1687 1286 commisi?

943 1295 1013 1324 Nam
1024 1304 1073 1324 nec
1083 1304 1192 1339 possum
1206 1296 1297 1335 fugere
1311 1296 1423 1333 malum,
1438 1296 1518 1325 etiam
1532 1296 1554 1325 si
1574 1297 1648 1332 volo,
1664 1297 1687 1326 si

943 1344 987 1362 me
1006 1334 1153 1364 nativitatis
1176 1345 1242 1364 meae
1259 1335 1336 1365 stella
1356 1335 1493 1375 compellit
1516 1335 1551 1364 ad
1573 1336 1686 1373 malum.

944 1372 974 1403 Si
993 1372 1101 1402 adulter
1115 1380 1142 1402 et
1163 1373 1298 1403 homicida
1321 1374 1390 1404 fiunt
1407 1385 1455 1414 per
1473 1375 1588 1411 stellam,
1610 1382 1636 1404 ct
1660 1376 1687 1404 in

945 1412 1057 1442 crimine
1081 1412 1158 1442 stella
1175 1413 1238 1442 facit
1257 1424 1302 1443 eos
1323 1414 1450 1451 interfici,
1465 1424 1560 1453 magna
1575 1421 1614 1443 est
1626 1414 1688 1443 illa-

946 1462 1006 1480 rum
1027 1451 1156 1490 iniquitas
1176 1452 1314 1482 stellarum
1327 1475 1334 1490 ,
1349 1453 1433 1493 magis
1447 1460 1536 1482 autem
1551 1453 1626 1483 illius
1639 1454 1687 1491 qui

945 1491 1036 1520 stellas
1059 1490 1095 1520 ad
1115 1492 1166 1520 hoc
1190 1492 1301 1521 creavit.
1323 1493 1521 1531 Interrogamus
1543 1503 1606 1531 ergo
1621 1515 1628 1528 ,
1644 1494 1687 1522 Ex

945 1540 974 1559 se
995 1531 1064 1559 facta
1090 1537 1129 1559 est
1153 1537 1284 1567 creatura,
1308 1541 1340 1560 an
1363 1531 1397 1559 ab
1423 1531 1500 1559 alio?
1519 1531 1548 1560 Si
1577 1530 1687 1569 quidem

945 1569 1076 1603 dixerint,
1089 1569 1135 1598 Ex
1158 1579 1196 1606 se,
1217 1569 1328 1598 audiant
1348 1579 1362 1597 a
1376 1570 1453 1598 nohis
1468 1581 1474 1598 t
1489 1571 1615 1607 quoniam
1637 1570 1688 1599 im-

945 1607 1073 1647 possibile
1092 1614 1141 1642 est,
1175 1607 1228 1636 uod
1242 1619 1256 1637 a
1270 1618 1298 1637 se
1314 1608 1426 1643 exstitit,
1439 1614 1465 1636 et
1475 1615 1570 1637 eventu
1586 1608 1684 1647 agitur,

946 1653 976 1674 ut
989 1646 1105 1683 aliquem
1118 1618 1238 1675 ordinem
1257 1646 1353 1680 habeat
1366 1654 1478 1676 certum.
1493 1647 1523 1677 Si
1536 1654 1625 1676 autem
1639 1648 1685 1676 di-

946 1691 1020 1722 cunt,
1031 1685 1074 1714 Ab
1086 1685 1151 1723 alio,
1161 1695 1225 1725 ergo
1238 1684 1348 1724 iniquus
1360 1692 1398 1715 est
1408 1685 1455 1724 qui
1466 1687 1535 1715 fecit.
1544 1687 1613 1715 Nam
1625 1697 1686 1716 cnm

946 1724 981 1753 sit
993 1724 1119 1763 praescius
1131 1724 1284 1754 futurorum
1296 1726 1379 1761 Deus,
1394 1724 1467 1764 quod
1477 1732 1548 1754 tanta
1561 1725 1686 1764 iniquitas

947 1764 1036 1792 futura
1054 1770 1112 1792 erat
1135 1763 1302 1803 per'stellas,
1316 1765 1339 1793 si
1360 1764 1447 1794 noluit
1467 1764 1618 1801 emendare,
1633 1775 1685 1794 non

947 1809 986 1831 est
1005 1803 1110 1831 honus:
1125 1804 1147 1831 si
1161 1809 1250 1832 autem
1272 1804 1359 1832 voluit
1373 1811 1398 1832 et
1413 1813 1464 1832 non
1479 1804 1578 1843 potnit,
1599 1805 1685 1843 impo-

947 1849 1004 1871 tens
1017 1848 1066 1871 est.
1081 1841 1134 1871 Sed
1148 1842 1227 1871 et'iam
1251 1842 1367 1882 injustus
1381 1850 1429 1878 est,
1446 1845 1510 1881 qnia
1523 1854 1554 1871 cx
1571 1843 1685 1872 necessi-

948 1888 999 1910 tate
1008 1881 1145 1910 stellarum
1156 1889 1292 1921 peccantes
1306 1882 1341 1911 ita
1352 1883 1440 1921 punit,
1451 1882 1527 1920 qnasi
1541 1892 1574 1911 ex
1590 1883 1686 1911 volun·

948 1927 1000 1949 tate
1009 1926 1155 1960 peccantes.
1168 1921 1230 1960 Ipsa
1241 1920 1355 1959 denique
1368 1921 1492 1950 mandata
1501 1921 1561 1958 Dei,
1578 1932 1610 1950 ne
1621 1932 1686 1960 pec-

948 1966 1018 1996 cent,
1030 1966 1075 1988 aut
1088 1959 1264 1996 hortamenta,
1286 1967 1316 1989 ut
1329 1960 1424 1989 faciant
1438 1961 1550 1996 bonum,
1560 1971 1608 2000 per
1619 1961 1687 1990 hanc

949 1998 1130 2039 insipientiam
1149 2009 1238 2028 nonne
1255 1998 1418 2029 destruunt?
1438 2000 1508 2036 Quis
1529 2001 1599 2028 enim
1622 1999 1687 2028 hor-

914 2047 932 2071 ι)
950 2045 1021 2067 tetur
1047 2038 1175 2076 aliquem,
1200 2048 1233 2067 ne
1255 2038 1332 2067 faciat
1342 2038 1456 2075 malum,
1471 2038 1544 2077 qnod
1567 2049 1619 2068 non
1638 2049 1686 2078 po—

950 2084 1000 2107 test
1021 2077 1155 2106 declinare
1174 2089 1181 2106 :
1203 2084 1249 2107 aut
1268 2084 1297 2106 nt
1314 2078 1393 2107 saciat
1418 2078 1519 2107 bonum
1529 2100 1539 2114 ,
1558 2077 1592 2106 ad
1614 2077 1688 2116 quod
1698 2089 1757 2105 xxix

952 2127 1004 2146 non
1032 2122 1118 2156 potest
1141 2117 1279 2156 pervenire
1294 2116 1308 2146 ἱ)
1335 2117 1438 2146 Deinde
1465 2117 1658 2157 interrogamus
1679 2130 1686 2145 z

953 2156 983 2186 Si
1002 2155 1074 2185 idem
1087 2165 1190 2195 semper
1206 2162 1246 2185 est
1267 2166 1362 2185 cursus
1381 2156 1529 2191 stellarum,
1541 2167 1623 2195 qnare
1638 2166 1689 2185 non

954 2205 1058 2234 semper
1073 2193 1143 2224 idem
1163 2201 1202 2224 est
1216 2202 1243 2224 et
1265 2195 1404 2224 hominum
1419 2195 1522 2225 status?
1535 2196 1564 2225 Si
1586 2195 1689 2229 dicunt,

956 2235 1009 2263 Per
1020 2240 1105 2263 certos
1114 2243 1196 2263 annos
1206 2234 1238 2263 {it
1251 2235 1391 2264 stellarum
1404 2234 1560 2263 restauratio
1571 2244 1577 2261 ε
1588 2243 1692 2262 necesso

956 2279 995 2302 est
1003 2283 1067 2313 ergo
1079 2273 1128 2314 qui
1141 2274 1228 2307 sciunt
1240 2274 1426 2313 astrologicam
1439 2273 1620 2312 disciplinam,
1631 2271 1694 2308 quia

956 2323 1004 2352 per
1017 2319 1102 2342 certos
1113 2322 1194 2342 annos
1209 2314 1386 2342 restituuntur
1399 2312 1493 2348 stell-⁷2,
1508 2312 1591 2340 sciant
1604 2317 1629 2338 et
1647 2320 1695 2348 per

196 2411 207 2423 ¹
225 2405 257 2429 ln
268 2412 347 2437 marg.
363 2394 431 2429 tidini
447 2403 542 2429 habent
561 2404 700 2428 dominatio
720 2403 795 2435 mali,
810 2409 836 2428 et
853 2402 917 2429 infra
943 2403 1024 2435 natae,
1039 2404 1115 2434 ⁴834,
1138 2413 1164 2437 p.
1180 2405 1219 2435 10,
1241 2409 1295 2429 not.
1312 2404 1353 2434 45,
1370 2401 1534 2432 eumdemque
1555 2401 1635 2424 virum
1650 2399 1699 2424 do-

165 2443 301 2467 dominam
310 2442 381 2472 boni,
392 2447 418 2467 et
428 2441 463 2467 sic
475 2441 539 2468 cod.
553 2441 584 2467 V.
597 2442 629 2466 D.
642 2440 680 2466 bis
692 2442 718 2467 'm
729 2447 807 2468 textu.

943 2443 1082 2468 crimmum
1099 2443 1133 2468 ad
1143 2441 1206 2468 eod.
1221 2440 1361 2474 apocryph.
1373 2441 1406 2464 N.
1420 2438 1552 2463 ⁷1'.'1·om.⁴
1567 2446 1607 2470 ,p.
1621 2438 1697 2467 XCV,

199 2481 212 2495 ¹*
230 2481 286 2513 [De
303 2489 407 2506 numero
423 2489 553 2513 magorum
574 2479 620 2505 cfr.
634 2481 657 2505 J·
671 2481 700 2505 C.
722 2479 797 2505 Thilo
814 2481 839 2505 in
855 2480 919 2505 Pro·
945 2487 970 2507 et
983 2491 1008 2514 p.
1035 2483 1134 2512 389,et
1155 2480 1187 2506 de
1212 2479 1288 2505 simili
1299 2477 1456 2504 orientalium
1479 2476 1613 2501 traditione
1636 2476 1697 2501 ibid.

166 2525 305 2551 grammate
317 2518 351 2543 ad
367 2527 436 2544 sacra
455 2517 548 2544 Christi
562 2517 681 2544 Natalitin
698 2518 846 2544 celebranda
859 2519 919 2545 scri·
944 2529 971 2553 p,
983 2521 1084 2545 xxxn
1091 2520 1143 2552 sq.]

169 2557 269 2589 pimeni
287 2557 351 2583 inat
366 2557 467 2582 Eusebii
482 2556 641 2582 Alexandrini
657 2558 739 2582 oratio
751 2561 802 2593 περὶ
813 2562 923 2593 ἀστρονό-

982 2561 995 2579 h
1015 2559 1134 2585 Orabam
1146 2570 1150 2584 ς
1165 2557 1200 2581 sic
1212 2555 1282 2580 Editi
1292 2555 1317 2578 in
1330 2561 1408 2585 marg.
1422 2558 1448 2577 et
1459 2553 1488 2577 V.
1503 2553 1534 2577 D.
1548 2552 1572 2576 in
1586 2556 1664 2584 textu,
1678 2559 1702 2577 ct

169 2607 226 2627 μων,
252 2596 375 2628 praemissa
392 2595 424 2620 de
442 2596 519 2629 magia
546 2601 571 2620 et
592 2595 662 2621 stella
685 2597 828 2629 quastione,
856 2596 925 2623 edito
951 2597 1003 2622 hoec
1020 2597 1180 2624 videturesse
1192 2601 1248 2619 vern
1262 2592 1343 2617 lectio.
1357 2590 1425 2616 Editi
1436 2590 1571 2623 «asserebat,
1585 2591 1611 2615 iu
1624 2596 1701 2616 textu.

1534 2625 1582 2660 49-
