1890 2826
532 189 565 212 IN
590 187 702 219 lubun,
731 186 799 209 vm!
825 184 997 216 Domuum,
1026 184 1146 209 HOMIL.
1175 186 1210 209 V.

99 256 163 288 Ἐὰν
178 256 214 296 μὴ
227 255 326 294 ἀκούσῃ
338 265 385 284 σου
394 276 402 290 ,
416 253 485 283 ἔστω
495 262 538 281 σοι
549 251 586 283 ὥς
598 251 612 279 ὁ
626 248 725 282 ἐθνικὸς
736 246 782 277 καὶ
794 248 808 275 ὁ
821 257 863 275 τε-

85 298 91 303 ’
99 303 197 338 λώνης·
207 304 222 332 ὁ
231 301 259 331 δὲ
273 300 342 334 Θεὸς
351 297 534 341 φιλανθρωπίᾳ
545 296 606 329 τοὺς
615 294 726 327 οἰκείως
736 292 866 332 ὓπερὸαί-

99 360 149 378 νων
159 348 254 388 νόμως
262 370 271 385 ,
295 346 355 377 οὐδὲ
371 345 453 378 οὕτως
466 343 544 374 αὐτὸν
564 342 699 382 ἐξέκοψεν,
725 339 794 369 ἀλλὰ
814 350 867 368 πα-

99 394 263 434 ρακούσαντα
271 391 325 422 Ικαὶ
336 390 556 431 ἀγανακτήσαντα
565 389 613 418 οὔκ
627 386 770 427 ἀπέρριψεν
777 407 786 420 ,
797 384 866 414 ἀλλὰ

98 440 178 470 πάλιν
202 438 340 479 προσίεται
348 460 356 474 ,
389 437 434 467 καὶ
464 434 583 466 παιδεύει
611 433 702 474 τρόπῳ
729 431 865 471 διόρθωσιν

97 486 184 526 ἔχοντι
199 486 299 525 μᾶλλον
311 484 329 520 ἢ
343 483 482 523 τιμωρίαν.
505 480 576 512 Οὐδὲ
593 480 645 520 γὰρ
664 477 782 527 σκηπτὸὲ
800 479 866 517 ᾱφῆ-
881 477 901 502 G

98 543 143 561 κεν
154 531 261 566 ἄνωθεν,
267 530 326 560 οὐδὲ
340 527 481 569 κατέφλεξε
492 527 541 564 τὴν
551 526 724 566 ἀναίσχυντον
738 522 866 564 κεφαλὴν,

99 576 211 616 ἀλλὰτῇ
224 577 309 616 λέπρᾳ
322 575 399 615 μόνον
428 573 575 604 ἐπαίδευσε.
601 571 655 601 Καὶ
677 570 711 600 τὰ
730 569 777 609 μὲν
796 567 866 598 κατὰ

97 623 141 652 τὸν
156 622 248 656 ἕΟζίαν
269 624 396 652 τοιαῦτα·
407 647 410 651 ,
422 619 475 659 ἐγὼ
496 619 523 649 δὲ
541 618 568 648 ἓν
587 617 627 646 ἔτι
653 616 730 656 μόνον
744 614 867 655 προσθεὶς

97 667 261 698 καταπαύσω
273 667 317 697 τὸν
328 667 414 707 λόγον.
437 666 473 695 Τί
487 665 515 695 δὲ
533 663 611 694 τοῦτό
623 664 693 692 ἐστιν
704 674 712 698 ;
730 662 769 691 Ὃ
782 661 867 690 πάλαι

98 714 142 743 καὶ
153 713 181 748 ἐξ
199 715 284 754 ἀρχῆς
301 713 474 752 ἐζητήσαμεν·
503 710 572 744 τίνος
593 710 679 740 ἕνεκεν
698 709 724 738 ἐν
742 711 796 740 τοῖς
817 705 866 740 ἔξω

98 759 251 799 πράγμασι,
264 759 310 789 καὶ
322 760 349 788 ἐν
359 763 417 792 ταῖς
437 756 625 798 προφητείαις,
638 754 762 784 ἁπάντων
775 752 864 782 εἰωθό-

98 817 150 834 των
161 807 209 841 τῆς
220 807 287 841 ζειιῆς
300 806 352 834 τῶν
368 803 498 844 βασιλέων
510 802 571 836 τοὺς
588 801 698 842 χρόνους
718 797 864 837 ἐπισημαί-

96 854 201 889 νεσθαι,
227 847 300 885 οὗτος
311 854 389 881 τοῦτο
401 850 491 890 ἀφεὶς,
505 852 550 879 τοῦ
563 847 658 889 χρόνου
675 848 723 882 τῆς
741 846 865 880 τελευτῆς

97 897 230 936 μέμνηται
244 900 289 926 τοῦ
304 897 404 934 Ὀζίου,
421 895 517 926 οὑτωσὶ
531 894 630 934 λέγων·
643 892 696 923 Καὶ
709 891 811 931 ἐγένετο
818 893 870 926 τοῦ,

96 945 225 979 ἐνιαυτοῦ,
245 938 274 972 οὗ
290 942 418 972 ἀπέθανεν
438 941 529 975 Ὀζίας
542 943 556 970 ὁ
571 939 703 980 βασιλεύς.
723 937 818 968 Καίτοι
833 949 863 976 γε

95 990 156 1024 ἐνῆν
173 989 217 1019 τὸν
231 992 277 1019 τοῦ
290 987 471 1028 βασιλεύοντος
483 986 576 1027 χρόνον
590 987 672 1015 εἰπεῖν
682 1007 690 1021 ,
705 984 795 1024 ὥσπερ
808 983 864 1016 ἔθος
879 993 898 1015 l)

95 1035 180 1064 ἅπασι
198 1039 253 1069 τοῖς
265 1035 412 1075 προφήταις
435 1030 468 1070 ἦν
482 1045 489 1052 ·
517 1034 575 1062 ἀλλ’
595 1033 643 1061 οὐκ
656 1030 765 1066 ἐποίησε
777 1031 862 1058 τοῦτο.

94 1082 173 1117 Τίνος
186 1078 230 1114 οὖν
241 1083 328 1113 ἕνεκεν
341 1084 390 1112 οὐκ
403 1082 525 1119 ἔποίησες
547 1080 636 1118 Νόμος
650 1075 682 1115 ἧν
696 1077 807 1109 παλαιὸς
819 1077 863 1106 τὸν

94 1131 192 1170 λεπρὸν
206 1134 255 1167 τῆς
271 1131 372 1164 πόλεως
388 1130 568 1165 ἐξελαύνεσθαι
578 1150 586 1164 ,
609 1128 678 1158 ὥστε
691 1126 736 1157 καὶ
753 1126 813 1159 τοὺς
837 1126 863 1154 ἐν

96 1183 129 1220 τῇ
142 1181 219 1211 πόλει
241 1181 358 1220 βελτίους
377 1180 514 1219 γενέσθαι,
538 1179 584 1208 καὶ
603 1178 680 1208 αὐτὸν
698 1178 735 1217 μὴ
755 1180 864 1216 προκεῖ-

97 1235 158 1261 σθαι
170 1236 224 1265 τοῖς
232 1231 398 1271 βουλομένοις
405 1230 517 1271 ῧὸρίζειν
529 1229 698 1269 σκωμμάτων
712 1227 758 1258 καὶ
767 1228 865 1267 χλευα-

96 1282 155 1316 σίας
172 1281 303 1322 ἀφορμὴν,
318 1283 376 1311 ἀλλ’
395 1276 444 1316 ἔξω
456 1283 504 1316 τῆς
514 1281 615 1314 πόλεως
630 1279 755 1319 μένοντα,
779 1289 864 1318 παρα-

95 1333 221 1372 πέτασμα
245 1334 294 1368 ἰ-’ἤς
320 1336 455 1373 συμφορᾶς
470 1331 539 1372 ἔχειν
560 1331 609 1367 τὴν
629 1329 750 1371 ἐρημίαν.
777 1329 865 1358 Τοῦτο

95 1384 140 1413 καὶ
160 1384 204 1413 τὸν
227 1383 338 1423 βασιλέα
362 1386 454 1413 τοῦτον
467 1382 606 1422 ὑπομένειν
632 1383 713 1422 ἐχρῆν
736 1381 803 1420 μετὰ
816 1380 863 1416 τὴν

95 1433 194 1474 λε’πραν
203 1446 210 1453 ·
228 1435 287 1464 ἀλλ’
302 1436 351 1475 οὐχ
363 1434 487 1474 ὑπέμεινε
497 1458 505 1472 ,
519 1436 572 1464 τῶν
585 1435 612 1463 ἐν
623 1435 657 1473 τῇ
671 1432 747 1462 πόλει
761 1432 803 1462 διὰ
816 1431 865 1468 τὴν
881 1438 899 1462 E

95 1485 181 1525 ἀρχὴν
197 1485 274 1515 αὐτὸν
288 1485 476 1522 αἷδεσθέντων,
495 1486 554 1515 ἀλλ’
576 1484 667 1524 ἔμενεν
694 1485 721 1513 ἐν
740 1485 778 1521 τῷ
798 1483 866 1523 οἴκῳ

97 1536 174 1564 αὐτοῦ
186 1535 309 1576 κρυφίως.
327 1537 414 1565 Τοῦτο
425 1535 561 1576 παρώξυνε
577 1535 620 1564 τὸν
633 1534 712 1572 Θεὸν,
727 1536 804 1563 τοῦτο
816 1533 865 1569 τὴν

96 1586 260 1626 προφητείαν
273 1586 389 1616 ἐκώλυσε
399 1599 406 1605 ·
425 1586 470 1616 καὶ
484 1586 548 1626 ὅπερ
562 1586 606 1616 ἐπὶ
619 1588 665 1615 τοῦ
685 1585 749 1615 Ἠλὶ
761 1584 866 1625 γέγονε,

97 1635 190 1674 Ῥῆμα
212 1635 298 1674 τίμιον
318 1632 368 1672 ἧν,-
391 1635 438 1666 ml
450 1638 498 1665 οὐκ
510 1631 543 1672 ἧν
560 1636 649 1675 ὅρασις
668 1635 866 1664 διαστέλλουσα.

98 1683 137 1713 Σὺ
156 1684 185 1713 δέ
206 1685 307 1723 μοικαὶ
326 1686 438 1715 ἐνταῦθα
461 1686 555 1716 σκόπει
574 1688 619 1715 τοῦ
632 1687 703 1716 Θεοῦ
716 1685 765 1721 τὴν
779 1686 868 1725 φιλαν-

97 1734 223 1774 θρωπίαν.
237 1736 278 1764 Οὐ
291 1734 343 1774 γὰρ
363 1735 487 1776 ἀνέτρεψε
499 1735 547 1772 τὴν
562 1735 638 1765 πόλιν
647 1756 654 1770 ,
674 1735 732 1765 οὐδὲ
746 1734 868 1764 ἀπώλεσε

97 1782 158 1816 τοὺς
170 1784 332 1818 ἐνοικοῦντας
342 1796 349 1803 ·
375 1785 433 1814 ἀλλ’
448 1785 514 1824 ὅπερ
530 1785 601 1825 φίλοι
615 1786 725 1814 ποιοῦσι·
733 1783 797 1824 πρὸς
809 1782 869 1816 τοὺς

97 1835 239 1874 ὁμοτίμους
251 1837 303 1864 τῶν
318 1836 413 1876 φίλων,
428 1836 533 1866 ἐπειδὰν
546 1835 628 1876 ἔχωσί
637 1848 663 1865 τι
678 1830 777 1865 δίκαιον
791 1835 869 1874 ἔγκα-

98 1887 169 1922 λεῖν,
191 1888 218 1916 ἐν
237 1879 442 1926 παρασιωπήσει
456 1885 592 1924 μένοντες·
611 1888 688 1915 τοῦτο
706 1885 752 1915 καὶ
772 1887 786 1914 ὁ
800 1875 868 1917 Θεὸς

97 1936 161 1978 πρὸς
174 1937 204 1966 τὸ
215 1936 284 1971 ἔθνος
299 1936 406 1972 ἐποίησε
427 1936 542 1976 μείζονος
556 1937 583 1966 ὂν
596 1936 666 1970 ἄξιον
678 1935 809 1968 κολάσεως
823 1933 867 1964 καὶ

97 2038 183 2077 ἱεροῦ,
205 2039 280 2076 ὑμεῖς
291 2037 320 2067 δὲ
333 2037 393 2067 οὐδὲ
406 2038 454 2072 τῆς
471 2037 572 2070 πόλεως
582 2049 588 2055 ·
610 2036 663 2076 ἐγὼ
687 2036 769 2072 δήσας
791 2036 868 2065 αὐτὸν

98 2086 141 2116 διὰ
151 2088 199 2121 τῆς
209 2087 322 2127 λέπρας,
332 2086 439 2124 ἰδιώτην
450 2087 601 2127 παρέδωκα,
613 2088 687 2126 ὑμεῖς
695 2086 722 2116 δὲ
734 2085 793 2116 οὐδὲ
801 2085 869 2115 οὕτω

97 2134 290 2175 περιεγένεσθε,
305 2135 374 2165 ἀλλὰ
386 2135 429 2164 τὸν
443 2137 488 2164 ὕπ’
504 2136 567 2174 ἐμοῦ
581 2134 807 2164 καταδικασθέντα
821 2135 869 2163 οὐκ

97 2183 222 2224 ἠνέχεσθε
243 2187 292 2220 τῆς
317 2185 418 2218 πόλεως
441 2184 573 2214 ἔκὸαλεὶν.
614 2184 710 2214 Καίτοι
740 2188 813 2217 ποῖος
837 2183 869 2212 ἂν

97 2237 174 2263 τοῦτο
188 2234 308 2273 βασιλεὺς
323 2235 413 2276 πράως
431 2235 556 2275 ἤνεγκεν,
577 2236 635 2264 ἀλλ’
655 2235 703 2263 οὐκ
723 2234 754 2263 ἂν
769 2235 798 2263 ἐκ
817 2233 868 2273 βοί-

98 2288 166 2324 θρων
178 2284 227 2320 τὴν
239 2285 316 2315 πόλιν
330 2286 454 2326 ἀνέτρεψε
463 2308 472 2322 ,
497 2286 542 2315 τὸν
557 2288 592 2319 εἷς
605 2285 653 2322 τὴν
667 2285 807 2325 ὑπερορίαν
820 2296 867 2323 με-

97 2336 260 2370 τοικισθῆναι
287 2336 458 2365 κελευσθέντα
469 2358 477 2372 ,
513 2336 709 2376 ἔνδιατρίὸοντα
734 2338 767 2375 τῇ
791 2335 867 2365 πόλει

97 2386 179 2424 ὁριῗιν;
199 2386 269 2415 Ἀλλ’
284 2386 334 2425 οὐχ
343 2387 358 2414 ὀ
372 2385 440 2419 Θεὸς
452 2389 529 2416 τοῦτο
541 2386 650 2423 ἐποίησε
659 2398 665 2405 ·
676 2386 749 2428 ἱΘεὸς
760 2385 811 2426 γὰρ
824 2381 867 2422 ἦν,

97 2435 141 2465 καὶ
164 2438 212 2466 οὐκ
233 2437 379 2476 ἄνθρωπος.
395 2437 505 2473 Ἐπειδὴ
529 2437 556 2466 δὲ
579 2437 747 2474 ἐτελεύτησε,
764 2440 797 2478 τῇ
813 2439 866 2477 ζωῇ

95 2486 188 2517 τούτου
199 2487 244 2516 καὶ
258 2487 306 2523 τὴν
321 2487 385 2527 πρὸς
399 2486 511 2521 ἐκείνως
526 2487 607 2527 ὀργὴν
621 2487 814 2527 συγκατέλυσε,
823 2489 868 2517 καὶ

1594 173 1656 217 157

918 246 954 276 Et
971 246 1095 277 Clu-istus
1118 246 1228 285 quidem
1247 246 1314 276 dicit
1327 259 1334 275 :
1347 246 1378 275 Si
1398 252 1425 275 te
1438 257 1497 275 non
1519 247 1656 283 audierit,
1671 249 1732 271 lma.
1743 258 1762 270 v·
1777 248 1810 270 16-

918 294 956 322 sit
975 293 1026 322 tibi
1044 293 1129 322 velut
1142 294 1273 323 ethnicus
1287 299 1315 322 et
1333 293 1507 332 publicanus
1522 303 1529 320 :
1544 299 1570 322 at
1586 294 1658 323 Deus
1671 286 1707 310 ¹7'

918 338 1057 368 clementia
1078 339 1200 379 proprias
1220 339 1425 380 supergrediens
1450 340 1532 379 leges,
1547 350 1595 370 nec
1620 340 1659 370 sic

918 385 1026 425 quidem
1037 384 1117 415 illum
1129 386 1253 423 resecuit,
1268 397 1317 416 nec
1334 386 1429 416 audire
1446 387 1580 416 nolentem
1590 386 1660 416 indi-

919 440 1096 473 gnantemque
1109 434 1214 474 dejecit,
1229 433 1276 463 sed
1291 433 1387 464 iterum
1405 433 1562 473 aggreditur
1579 434 1660 463 casti-

918 488 1016 520 gatque
1034 480 1116 510 modo
1135 480 1324 510 correctionem
1342 480 1457 510 habente
1477 480 1567 519 potius
1580 491 1660 519 quam

918 527 1058 556 ultionem.
1066 527 1159 565 Neque
1171 527 1243 557 enim
1255 527 1357 556 fulmen
1375 526 1496 556 vibravit
1508 537 1523 555 e
1536 526 1659 562 sublimi,

917 583 1003 612 neque
1015 573 1118 603 exussit
1129 573 1271 613 impudens
1285 572 1376 613 caput,
1390 572 1438 602 sed
1458 579 1563 602 tantum
1585 573 1660 612 lepra

918 619 1066 658 castigavit.
1076 621 1164 658 Atque
1176 631 1206 649 ea
1214 620 1325 658 quidem
1338 630 1397 658 quae
1409 619 1482 649 Oziae
1493 618 1660 660 acciderunt,

916 666 956 696 sic
968 666 1139 706 habenuego
1149 677 1214 696 vero
1233 667 1256 696 si
1265 677 1349 695 unum
1364 664 1495 705 quiddam
1515 664 1606 694 adhuc
1617 664 1660 694 ad-

917 712 1024 750 didero,
1039 713 1147 743 dicendi
1167 714 1250 742 finem
1271 713 1378 742 faciam.
1403 711 1478 749 Quid
1499 718 1587 741 autem
1610 711 1662 740 hoc

917 759 977 790 est?
991 759 1074 797 Quod
1086 759 1191 799 pridem
1202 759 1236 788 ab
1249 758 1325 787 initio
1334 757 1528 797 quaerehamus,
1536 767 1586 786 cur
1597 767 1660 786 cum

916 807 944 836 in
959 807 1039 836 rebus
1052 806 1169 836 externis
1184 806 1266 844 inque
1278 804 1439 845 prophetiis,
1455 813 1546 833 omnes
1559 803 1661 833 soleant

916 853 1060 892 designare
1080 859 1200 892 tempora
1224 852 1288 881 vitae
1309 861 1414 891 regum,
1428 849 1473 880 hic
1498 860 1530 879 eo
1553 854 1660 889 praeter-

917 900 1009 935 misso,
1024 907 1130 940 tempus
1147 906 1234 937 sumat
1250 909 1304 938 quo
1323 905 1448 927 mortuus
1462 897 1496 926 sit
1520 896 1608 931 Ozias,
1624 895 1659 924 ad

916 947 988 976 hunc
1001 946 1113 985 loquens
1121 945 1231 975 modum
1244 957 1250 974 :
1262 946 1304 974 Et
1306 946 1429 986 factum
1442 949 1486 973 est
1499 953 1590 980 anno,
1600 953 1658 982 quo
1667 958 1724 981 lsai.
1738 958 1760 981 6,
1780 966 1798 982 ¹,

918 1000 1047 1022 mortuus
1061 998 1104 1021 est
1119 993 1206 1021 Ozias
1225 1001 1289 1020 rex.
1304 991 1340 1020 Et
1360 997 1446 1019 tamen
1465 996 1569 1030 poterat
1587 989 1659 1029 regis

916 1046 975 1068 tum
990 1038 1124 1077 regnantis
1137 1044 1242 1078 tempus
1255 1036 1415 1076 exprimere,
1432 1035 1659 1075 quemadmodum

916 1084 1042 1114 omnibus
1055 1083 1192 1123 prophetis
1203 1093 1260 1112 mos
1273 1085 1328 1111 erat
1344 1094 1351 1111 ε
1366 1093 1463 1111 verum
1476 1081 1504 1111 id
1518 1091 1569 1111 non
1583 1080 1655 1117 fecit.

917 1132 1005 1168 Quam
1016 1130 1052 1159 ob
1065 1125 1171 1159 causam
1185 1129 1268 1169 igitur
1281 1139 1335 1159 non
1344 1128 1426 1158 fecit?
1438 1130 1499 1159 Mos
1513 1135 1569 1169 erat
1581 1134 1658 1159 vetus

916 1177 1053 1216 leprosum
1067 1187 1082 1205 e
1094 1175 1202 1205 civitate
1214 1175 1358 1215 expellere,
1366 1181 1397 1204 ut
1409 1181 1435 1204 et
1446 1174 1476 1203 hi
1489 1174 1536 1214 qui
1549 1174 1576 1204 in
1591 1173 1658 1204 civi-

916 1229 969 1252 tate
979 1221 1105 1252 vivebant
1113 1221 1210 1250 melius
1219 1221 1358 1255 haberent,
1367 1226 1393 1249 et
1404 1220 1461 1260 ipse
1471 1220 1595 1260 leprosus
1604 1230 1658 1249 non

915 1275 984 1298 esset
996 1268 1029 1297 iis
1042 1267 1088 1306 qui
1103 1267 1293 1297 contumeliam
1308 1266 1406 1296 inferre
1417 1265 1519 1296 vellent
1533 1276 1660 1296 scomma-

916 1320 974 1343 tum
988 1324 1018 1343 ac
1031 1313 1175 1343 derisionis
1200 1312 1314 1349 occasio,
1329 1312 1376 1342 sed
1390 1318 1420 1342 ut
1433 1319 1508 1342 extra
1523 1312 1658 1342 civitatem

916 1370 1096 1396 commorans,
1112 1359 1285 1389 solitudinem
1297 1358 1352 1388 veli
1367 1358 1426 1388 loco
1440 1358 1550 1388 haberet
1562 1357 1658 1388 obten-

916 1413 971 1435 tam
982 1406 1111 1436 adversus
1129 1405 1257 1445 injuriam
1277 1404 1445 1434 calamitatis.
1461 1405 1519 1435 Hoc
1531 1411 1558 1434 ct
1570 1415 1658 1444 regem

919 1452 991 1482 hune.
1005 1452 1107 1492 perpeti
1122 1451 1242 1491 oportuit
1260 1457 1321 1491 post
1333 1450 1452 1490 lepramj
1466 1450 1514 1479 sed
1530 1460 1583 1479 non
1598 1460 1659 1490 per-

919 1508 1011 1537 pessus
1022 1504 1071 1532 est,
1085 1497 1118 1526 iis
1129 1496 1176 1535 qui
1190 1496 1217 1525 in
1231 1495 1340 1526 civitate
1352 1502 1427 1525 erant
1440 1495 1520 1524 illum
1535 1496 1569 1525 ob
1583 1495 1660 1535 prin-

916 1544 1035 1584 cipatum
1058 1542 1252 1579 reverentibus,
1267 1552 1362 1571 verum
1382 1542 1504 1571 manebat
1518 1541 1592 1571 domi
1606 1552 1661 1571 suae

916 1590 1079 1620 clanculum.
1092 1590 1150 1619 Hoc
1162 1588 1197 1618 ad
1211 1587 1378 1617 iracundiam
1393 1587 1550 1627 provocavit
1561 1589 1659 1623 Deum,

916 1635 968 1665 hoc
988 1634 1157 1675 prophetiam
1170 1633 1290 1663 inhibuit
1302 1645 1309 1662 ε
1320 1633 1447 1672 quodque
1461 1640 1580 1673 tempore
1588 1633 1660 1664 Reli

917 1681 1016 1710 factum
1040 1687 1090 1717 est,
1107 1681 1234 1709 Verbum
1253 1681 1410 1719 pretiosum
1432 1685 1504 1715 erat,
1525 1689 1578 1708 nec
1599 1686 1663 1709 erat

917 1728 993 1755 visio
1006 1727 1196 1765 distinguens.
1210 1725 1254 1754 Tu
1266 1734 1331 1754 vero
1345 1724 1412 1753 mihi
1425 1724 1470 1753 hic
1484 1735 1590 1763 quoqne
1603 1735 1662 1754 con-

918 1771 1006 1801 sidera
1014 1771 1064 1801 Dei
1077 1770 1280 1799 humanitatem.
1288 1770 1349 1799 Non
1363 1769 1434 1798 enim
1448 1769 1581 1799 subvertit
1592 1770 1662 1800 civi-

918 1825 1098 1856 tatem‚ueque
1106 1816 1224 1856 perdidit
1234 1815 1411 1845 inhabitantes
1420 1827 1428 1853 ;
1442 1815 1489 1845 sed
1502 1816 1576 1855 quod
1584 1816 1663 1847 amici

918 1864 1020 1894 faciunt
1027 1873 1088 1902 erga
1097 1862 1212 1901 aequa'les
1222 1862 1332 1898 amicos,
1338 1862 1442 1901 quoties
1450 1862 1548 1892 habent
1558 1862 1664 1902 aliquid

919 1908 994 1948 quod
1015 1908 1111 1938 merito
1135 1907 1316 1948 expostulent,
1337 1907 1424 1937 obiter
1444 1908 1551 1938 silentio
1574 1909 1664 1938 ferunt

97 1987 233 2027 τιμωρίας.
255 1986 328 2026 Ἐγὼ
348 1986 395 2026 μὲν
410 1986 461 2026 γὰρ
475 1986 596 2020 ἐξέὸαλον
613 1985 705 2021 αὐτὸν,
719 1985 799 2025 φησὶ,
822 1996 867 2013 του
874 1966 910 2018 ιίη
920 1961 1100 1995 exspectantes
1116 1966 1123 1983 ε
1140 1954 1190 1983 hoc
1203 1960 1229 1983 et
1241 1955 1315 1983 Deus
1328 1964 1390 1993 erga
1405 1960 1509 1992 gentem
1526 1954 1590 1984 facit
1603 1965 1664 1984 ma·-

917 2002 977 2041 jore
987 2010 1065 2041 poena
1075 1999 1265 2040 supplicioque
1277 1999 1305 2028 di
1309 2009 1396 2038 gnam.
1406 2000 1475 2029 Nam
1485 2010 1534 2039 ego
1543 2000 1664 2038 quidem,

920 2047 1019 2085 inquit,
1040 2047 1104 2086 ejeci
1119 2045 1200 2074 illum
1212 2055 1226 2074 e
1239 2045 1350 2085 templo,
1366 2055 1415 2074 vos
1424 2052 1511 2074 autem
1526 2055 1560 2075 ne
1573 2057 1588 2075 e
1601 2046 1664 2076 civi-

920 2101 974 2123 tate
985 2093 1094 2132 quidem
1110 2103 1117 2120 :
1134 2102 1181 2129 ego
1195 2091 1274 2121 illum
1287 2091 1410 2121 vinctum
1424 2091 1510 2131 lepra,
1527 2092 1562 2121 ita
1576 2093 1665 2132 priva-

920 2147 979 2169 tum
990 2138 1108 2174 reddidi,
1127 2148 1176 2168 vos
1194 2145 1281 2167 autem
1296 2148 1329 2167 ne
1343 2137 1383 2167 sic
1397 2137 1507 2176 quidem
1518 2138 1664 2172 validiores

921 2185 1051 2222 evasistis,
1064 2183 1111 2214 sed
1124 2194 1139 2213 a
1153 2194 1196 2213 me
1218 2183 1424 2213 condemnatum
1437 2194 1490 2213 non
1500 2184 1665 2214 sustinuistis

920 2242 936 2260 e
948 2231 1056 2262 civitate
1079 2229 1239 2270 propellere.
1262 2228 1380 2258 Tametsi
1403 2229 1465 2268 quis
1491 2240 1540 2259 rex
1564 2230 1665 2260 factum

921 2279 972 2308 hoc
993 2278 1125 2318 patienter
1145 2276 1260 2313 tulisset,
1278 2286 1364 2314 neque
1384 2276 1520 2305 civitatem
1542 2276 1664 2306 funditus

921 2323 1106 2359 subvertisset,
1125 2333 1187 2352 cum
1201 2321 1304 2351 videret
1327 2332 1400 2358 eum,
1421 2322 1470 2360 qui
1489 2322 1517 2350 in
1537 2322 1664 2351 exsilium

921 2371 962 2400 ire
976 2371 1069 2411 jussus
1090 2375 1168 2404 esset,
1182 2368 1210 2397 in
1235 2367 1343 2397 civitate
1366 2367 1546 2396 commorari?
1560 2368 1664 2396 Verum

922 2417 995 2446 Deus
1007 2415 1059 2444 hoc
1071 2424 1123 2443 non
1145 2413 1222 2448 secit3
1238 2413 1311 2441 Deus
1326 2413 1397 2441 enim
1418 2418 1484 2446 erat,
1498 2422 1549 2440 non
1571 2412 1661 2441 homo.

922 2459 979 2490 Ubi
993 2469 1057 2488 vero
1070 2458 1146 2487 finita
1159 2464 1199 2486 est
1218 2456 1300 2496 hujus
1314 2456 1378 2491 vita,
1393 2455 1473 2484 simul
1495 2462 1520 2483 ct
1534 2455 1601 2484 iram
1615 2455 1664 2484 ad-

924 2513 1017 2533 versus
1038 2502 1100 2532 illos
1118 2500 1253 2541 deposuit,
1263 2499 1463 2539 prophetiaeque
1471 2498 1540 2528 fores
1548 2498 1664 2537 aperuit,

96 2539 142 2572 τῆς
158 2537 317 2578 npozpnzaiaq
331 2537 378 2570 τὰς
392 2537 470 2577 θύρας
478 2537 587 2576 ἀνέῳξεν
599 2538 644 2567 καὶ
653 2538 732 2568 πάλιν
745 2538 810 2578 πρὸς
820 2540 869 2568 αὖ·
888 2551 905 2574 Β
926 2557 956 2576 ac
968 2557 1061 2576 rursus
1074 2545 1108 2574 ad
1119 2555 1163 2574 eos
1177 2543 1267 2573 rediit.
1284 2544 1327 2572 Tu
1342 2552 1407 2571 vero
1420 2552 1453 2570 cx
1469 2542 1666 2572 reconciliatio-

96 2586 154 2620 τοὺς
166 2588 303 2623 ἐπανῆλθε.
327 2587 408 2639 Σὺύδὲ
423 2588 452 2617 ἐκ
471 2590 515 2617 τοῦ
530 2589 626 2627 τρόπου
641 2590 687 2624 τῆς
701 2590 868 2628 καταλλαγῆς

928 2590 968 2619 uis
993 2589 1072 2620 modo
1093 2587 1230 2618 considera
1252 2586 1302 2615 Dei
1326 2584 1528 2623 indulgentiam.
1551 2587 1619 2615 Nam
1643 2586 1666 2615 si

1676 1690 1812 1719 nnrgfi...
