1904 2840
11 572 71 601 ‘1¹1'm.
88 577 113 607 4.
124 582 205 611 quem
216 571 374 608 manducas,
390 572 460 602 sicut
477 572 516 601 ait
529 571 648 601 Paulus:

617 191 652 214 nt
677 190 883 214 MATTuAEtm.
912 190 1032 214 nonin.
1060 183 1159 215 x'vni.

1597 156 1601 172 Ῐ
1639 171 1652 182 v

1596 185 1665 218 823

121 255 229 295 dalinati
241 255 392 294 depereant.
405 253 470 284 Ideo
481 256 588 294 jussum
601 263 655 285 non
669 259 721 297 est,
746 251 810 291 quia
825 251 864 297 in-
884 254 902 276 Α
919 252 986 281 dum
997 263 1089 291 cursu,
1103 244 1170 283 alios
1190 255 1305 284 armavit
1326 249 1473 301 unguibus,
1487 257 1555 287 alios
1568 257 1666 287 veloci—

68 297 86 318 ’«
102 296 104 299 ”
118 297 224 338 justum
233 300 274 323 est
285 306 293 322 :
314 294 426 324 vetitum
439 301 529 324 autem
542 303 594 322 non
609 299 659 329 est,
674 303 739 331 qula
752 291 866 322 infirmi-

123 334 171 363 tati
188 334 276 364 fuerat
293 333 496 373 ignoscendum.
511 333 564 364 Sed
574 332 640 371 quia
654 331 688 361 de
701 331 800 361 sanctis
813 342 866 361 cce-

122 373 213 414 pimus
232 372 331 411 dicere,
345 376 397 402 non
415 380 455 403 est
473 372 627 410 tacendum,
642 371 769 411 quoniam
791 371 868 400 aliud

122 420 162 443 est
172 412 357 449 sanctificatio,
371 413 448 443 aliud
466 412 671 443 sanctificatum.
686 411 873 441 Sanctificatio·

123 452 195 482 enim
207 459 257 488 est,
271 452 347 491 quod
358 452 474 483 alterum
489 452 637 483 sanctificat
650 463 656 479 :
672 451 867 480 sanctificatum

123 495 214 522 autem
234 492 349 522 alterum
371 492 538 522 sanctificare
557 502 611 520 non
623 497 724 531 potest,
745 490 868 529 quamvis

123 531 215 572 ipsum
227 533 261 562 sit
273 539 404 562 sanctum.
421 533 537 573 Utputa,
558 531 648 570 signas
719 540 762 559 em
776 537 866 566 tuum,

704 570 870 609 notificatur

118 613 204 647 ‚enim
211 621 266 651 per·
277 613 400 641 verbum
413 612 472 641 Dei
482 618 510 641 et
523 611 685 640 oracionem
694 621 703 639 ε
718 609 867 639 sanctifica—

123 650 159 680 sti
171 661 245 688 eum,
263 661 316 680 non
331 651 415 680 fecisti
428 650 671 682 sanctificationem.
685 648 766 687 Quod
779 656 868 678 autem

124 690 249 720 sacerdos
261 690 296 720 de
309 701 391 720 manu
403 701 452 721 sua
464 690 522 726 dat,
541 700 595 720 non
612 690 700 720 solum
717 688 868 718 sanctifica-

125 735 184 759 tum
197 736 248 768 est,
266 729 315 760 sed
326 730 408 760 etiam
420 730 594 760 sanctificatio
605 736 664 760 est:
677 728 803 768 quoniam
817 728 869 758 hoc

125 778 180 798 non
198 769 288 800 solum
303 769 395 806 datur,
409 770 484 809 quod
495 770 615 806 videtur,
635 768 682 805 sed
694 768 774 798 etiam
788 767 869 803 illud,

126 809 200 848 quod
221 807 393 849 intelligitur.
413 811 455 839 De
471 809 636 840 sanctificato
648 818 712 848 ergo
761 818 793 837 ne
806 807 869 837 licet

918 292 971 321 hus
983 293 1089 332 pennis,
1099 293 1172 331 ,alios
1185 293 1322 331 dentibus,
1336 295 1403 324 ahos
1415 296 1557 327 cornibus:
1573 297 1664 327 homi-

919 342 980 361 nem
1003 339 1093 361 autem
1115 334 1202 363 solum
1217 334 1256 363 sic
1266 334 1411 378 disposuit,
1435 335 1466 370 itt
1486 336 1576 366 virtus
1589 337 1666 367 illius

919 371 954 401 sit
975 371 983 400 i
1005 382 1042 401 se.
1057 374 1101 402 'Et
1121 373 1149 402 in
1173 384 1204 403 eo
1230 374 1304 413 quod
1328 374 1504 405 infirmiorem
1524 387 1586 405 eum
1605 377 1666 407 fecit

919 421 991 441 omni
1014 422 1057 448 us,
1077 412 1104 441 in
1119 413 1178 453 ipso
1190 413 1328 444 fortiorem
1342 425 1404 444 eum
1416 415 1504 445 voluit
1517 426 1573 445 esse
1583 416 1612 445 in
1625 427 1661 446 se.

919 453 989 481 Nam
1003 451 1087 482 sciens
1098 453 1182 489 Deus,
1198 453 1262 492 quia
1273 464 1430 493 cognoscere
1439 462 1465 484 et
1474 454 1561 485 colere
1578 457 1666 486 Deum

919 491 975 521 vita
989 498 1086 520 aeterna
1107 496 1157 527 est,
1177 493 1415 533 ignorare'autem,
1439 501 1464 523 et
1483 501 1665 532 contemnere,

920 530 1037 570 perditio
1056 531 1228 572 sempiterna,
1250 543 1298 562 nec
1313 533 1350 562 ita
1365 532 1502 563 infirmum
1511 545 1575 565 eum
1588 546 1664 565 crea—

920 570 971 606 vit,
988 577 1018 599 ut
1031 571 1140 601 omnino
1153 571 1224 601 nihil
1237 571 1302 601 boni
1323 572 1409 601 facere
1421 579 1520 613 posset,
1539 584 1572 603 ne
1585 585 1665 613 quem

919 620 1001 650 super
1024 611 1124 646 omnia,
1148 617 1174 640 et
1196 618 1306 651 propter
1330 622 1411 650 quem
1435 613 1524 642 omnia
1551 614 1663 651 fecerat,

920 649 1046 679 omnibus
1060 649 1226 680 inveniretur
1239 661 1295 681 esse
1307 651 1424 681 deterior
1435 664 1441 680 :
1458 662 1506 681 nec
1522 652 1559 682 ita
1572 660 1664 693 poten-

919 696 974 718 tem
985 699 1048 718 eum
1061 690 1172 726 creavit,
1186 697 1216 719 ut
1228 690 1306 720 etiam
1318 690 1376 720 sine
1395 691 1446 720 Dei
1459 692 1564 721 auxilio
1577 703 1612 721 ex
1622 703 1666 723 se-

921 729 979 768 ipso
993 730 1080 758 facere
1092 736 1181 770 posset
1199 730 1273 769 quod
1285 731 1358 766 vult,
1381 737 1411 759 ut
1431 730 1596 761 infirmitatis
1611 743 1666 762 suae

920 768 1074 798 necessitate
1093 776 1219 805 coactus,
1242 780 1346 810 semper
1368 770 1547 800 necessarium
1571 771 1667 801 habeat

920 808 1068 838 Dominum
1089 815 1179 838 suum.
1202 809 1238 841 Et
1257 820 1320 843 vere
1338 809 1487 850 justissima
1509 822 1550 840 res
1571 818 1620 847 est,
1636 819 1667 842 ut

126 855 153 878 et
173 848 336 879 animalibus
355 850 466 888 jactare,
487 855 514 878 et
534 845 690 878 infidelibus
730 858 792 877 are:
806 847 869 886 quia
886 852 905 875 B
920 848 1024 892 factura
1049 848 1226 878 necessarium
1250 848 1347 882 babeat
1369 860 1448 879 suum
1472 850 1610 879 factorem.
1636 852 1666 881 Si

126 898 180 918 non
202 888 348 918 sanctificat
361 888 543 929 accipientem.
567 888 598 918 Si
612 894 700 918 autem
719 887 774 916 tale
790 894 869 922 esset,

105 946 111 955 .
126 927 201 967 quod
222 927 259 958 de
275 938 357 958 manu
378 927 524 958 sacerdotis
545 927 688 967 accipitur,
716 927 796 965 quale
818 933 869 963 est,

126 965 201 1005 quod
225 967 255 997 in
279 977 370 997 mensa
392 967 590 997 manducatur:
605 977 697 996 omnes
720 966 755 995 de
781 976 871 995 mensa

127 1005 328 1043 manducarent,
342 1014 369 1037 et
379 1018 456 1037 nemo
470 1006 504 1037 de
518 1017 598 1036 manu
611 1006 755 1036 sacerdotis
765 1005 872 1050 accipe-

80 1065 85 1071 ·
127 1052 178 1076 ret.
190 1045 271 1076 Unde
283 1053 310 1076 et
319 1047 453 1076 Dominus
466 1046 495 1075 in
508 1047 551 1076 via
566 1056 619 1075 non
632 1046 721 1075 solum
734 1044 873 1075 benedixit

127 1096 234 1125 panem,
249 1085 298 1116 sed
309 1086 345 1115 de
361 1097 442 1116 manu
460 1097 509 1115 sua
521 1085 597 1115 dedit
609 1085 747 1125 Cleophae,
760 1091 787 1114 et
800 1084 872 1114 socio

128 1125 196 1165 ejus.
219 1126 256 1156 Et
274 1125 376 1156 Paulus
395 1125 525 1165 navigans
548 1135 603 1154 non
622 1125 711 1154 solum
734 1123 873 1154 benedixit

74 1185 80 1191 .
128 1175 236 1204 panem,
261 1165 309 1194 sed
322 1165 357 1194 de
370 1176 450 1195 manu
464 1175 514 1194 sua
531 1165 652 1205 porrexit
665 1166 755 1201 Lucae,
775 1171 801 1193 et
821 1174 872 1193 cze-

120 1203 195 1233 wis
205 1203 347 1245 discipulis
363 1204 429 1234 suis.
446 1204 529 1242 Quod
541 1210 629 1234 autem
640 1203 675 1233 de
691 1214 773 1234 manu
783 1204 874 1243 porri-

129 1243 215 1282 gitur,
227 1253 275 1273 nec
287 1244 450 1274 animalibus
462 1243 583 1274 dandum
593 1250 643 1280 est,
659 1254 707 1273 nec
718 1243 875 1273 infidelibus

128 1282 319 1322 porrigendum
332 1295 339 1313 :
354 1284 418 1323 quia
431 1294 484 1314 non
498 1283 587 1313 solum
605 1284 812 1319 sanctificatum,
824 1282 874 1312 sed

129 1322 210 1352 etiam
230 1323 404 1354 sanctificatio
421 1331 473 1362 est,
488 1330 514 1352 et
526 1322 672 1353 sanctificat
686 1323 871 1363 accipientem.

921 897 993 916 emm
1012 887 1098 917 omnis
1117 887 1205 917 virtus
1224 887 1343 919 hominis
1357 889 1386 918 in
1399 890 1456 918 Deo
1475 896 1525 927 est,
1541 896 1667 920 ettamen
1712 906 1716 911 ·

921 926 1066 956 contemnit
1087 927 1207 956 omnium
1227 927 1360 957 b'onorum
1381 939 1491 958 suorum
1511 937 1664 959 auctorem:

922 973 1022 1004 quanto
1035 967 1122 1005 magis
1136 966 1281 1006 negligeret
1302 969 1399 1003 Deum,
1423 968 1446 997 si
1488 969 1586 998 otentia
1608 971 1667 1009 ejus

924 1013 993 1035 esset
1012 1006 1040 1035 in
1062 1006 1144 1045 ipso?
1167 1008 1222 1035 Aut
1241 1006 1296 1035 ita:
1312 1007 1439 1045 quoniam
1452 979 1488 1036 ad
1501 1009 1667 1042 sanctifican-

923 1044 991 1079 dam¹
1004 1045 1149 1085 orationem
1170 1045 1293 1084 quaedam
1308 1046 1418 1075 dederat
1437 1046 1476 1077 eis
1495 1047 1668 1078 observandae

923 1084 1050 1114 bonitatis
1071 1084 1339 1121 mandata,-dicens:
1354 1086 1457 1116 Nolite
1477 1087 1613 1124 'udin-are,
1636 1095 1669 1118 ut

924 1134 984 1153 non
990 1124 1166 1162 judicemini
1178 1136 1186 1152 .·
1202 1132 1382 1164 competenter
1391 1098 1507 1161 addidit,
1522 1127 1629 1165 Petite,
1640 1135 1668 1160 et

924 1164 1044 1193 dabitur
1056 1166 1145 1195 ‘vobis
1158 1176 1168 1204 v.-
1182 1170 1319 1203 tamquam
1330 1165 1352 1194 si
1366 1164 1456 1194 dicat:
1476 1166 1505 1196 Si
1523 1166 1591 1196 hanc
1615 1167 1669 1197 cle-

923 1203 1050 1233 mentiam
1064 1203 1236 1234 servaveritis
1246 1203 1281 1233 ad
1298 1204 1432 1241 inimicos,
1468 1212 1528 1235 uam
1543 1206 1670 1237 mandavi

924 1243 1002 1272 vobis
1014 1254 1021 1271 ε
1035 1243 1099 1282 quic
1120 1242 1167 1272 uid
1178 1243 1272 1282 vultis,
1289 1243 1380 1283 petite,
1401 1251 1428 1273 et
1483 1245 1558 1275 bitur
1570 1246 1667 1277 vobis:

924 1289 950 1311 et
962 1282 1092 1322 quicquid
1125 1281 1263 1312 esideratis
1275 1283 1408 1318 invenire,
1422 1284 1543 1322 quaerite,
1557 1292 1583 1315 et
1595 1286 1670 1315 inve-

925 1321 1022 1351 nietis:
1036 1328 1063 1351 et
1075 1321 1204 1361 quicquid
1220 1322 1341 1352 clausum
1352 1323 1430 1352 vobis
1443 1323 1561 1361 videtur,
1577 1325 1669 1364 pulsa-
1685 1343 1688 1348 ν

874 1375 876 1378 >
925 1367 961 1396 te,
971 1368 996 1390 et
1006 1361 1142 1400 aperietur
1149 1361 1235 1391 vobis.
1247 1362 1341 1391 Gratia
1355 1373 1403 1392 vos
1417 1370 1602 1402 persequente,
1618 1376 1669 1406 pe-

244 1446 247 1471 3
288 1427 423 1457 Humilia
433 1428 517 1467 xviij.
531 1437 567 1456 ex
576 1436 639 1467 cap.
651 1428 709 1467 vij.

171 1521 200 1549 ’1.
224 1520 332 1557 Petite,
343 1527 372 1549 et
380 1520 501 1548 dabitur
509 1520 595 1548 vobis
605 1530 612 1547 :
629 1520 749 1556 quaerite
759 1525 786 1547 et
796 1520 874 1548 inve-

133 1561 235 1589 nietis.-
249 1560 369 1598 pulsate·
384 1565 413 1587 et
433 1560 581 1596 aperietur
600 1558 696 1588 vobis.
718 1557 875 1587 Transitum

132 1605 336 1637 consequentem
349 1598 384 1627 de
400 1597 520 1637 capitulo
541 1596 576 1627 ad
588 1596 738 1636 capitulum
755 1596 876 1626 invenire

132 1637 244 1668 difficile
256 1644 305 1667 est.
327 1636 392 1667 Ideo
405 1636 512 1666 diversa
529 1635 706 1676 proponimus
726 1635 875 1666 secundum

132 1677 254 1707 diversas
267 1676 453 1707 aestimationes
465 1676 653 1716 interpretum.
673 1675 765 1705 Sciens
778 1676 874 1705 Domi-

132 1727 193 1752 nus,
207 1716 334 1755 quoniam
346 1726 521 1755 quaecumque
534 1714 704 1744 mandaverat
715 1725 808 1755 supra,
822 1715 874 1744 ho-

132 1756 252 1786 minibus
275 1754 454 1796 impossibilia
473 1762 566 1784 erant:
582 1761 608 1783 et
620 1761 751 1793 quantum
771 1754 806 1783 ad
825 1765 874 1784 na·-

133 1803 220 1825 turam
233 1796 389 1831 humanam,
403 1805 485 1836 supra
498 1801 629 1824 naturam.
643 1794 711 1823 Nam
725 1793 771 1832 qui
782 1804 810 1822 se
822 1804 875 1823 non

132 1835 246 1865 abstinet
258 1846 274 1864 a
289 1834 419 1871 cadihus,
455 1834 571 1864 uomodo
588 1840 676 1874 potest
694 1833 827 1862 abstinere
849 1844 877 1863 se

133 1875 168 1904 ab
180 1875 239 1904 ira?
252 1874 307 1912 Qui
322 1884 375 1903 non
388 1884 415 1903 se
428 1845 543 1904 aibstinet
565 1885 580 1903 a
600 1872 786 1909 fornicatione,
802 1881 876 1911 quo-

133 1914 214 1944 modo
235 1925 264 1944 se
286 1913 426 1943 abstineta
439 1912 672 1953 concupiscentia?
697 1912 753 1949 Qui
776 1920 828 1941 non
848 1923 876 1942 se

95 1990 97 1992 ι
133 1954 248 1983 abstinet
259 1964 275 1983 a
286 1952 419 1993 perjurio,
434 1953 568 1992 quomodo
586 1963 613 1982 se
633 1951 764 1986 abstineat
775 1963 789 1980 a
804 1951 876 1982 ‘ura-

120 1993 244 2023 ‘mento?
258 1993 314 2031 Qui
334 1989 402 2022 alios
415 1993 495 2023 ferire
511 2003 564 2022 non
578 1998 671 2027 cessat,
690 2002 772 2030 quom
809 2001 825 2019 o
848 2002 876 2021 se

925 1401 973 1430 tite
1003 1401 1109 1430 recibus
1122 1400 1167 1430 die
1178 1411 1208 1430 ac
1218 1408 1294 1430 nocte
1306 1409 1422 1431 orantes.
1435 1403 1516 1439 Quod
1529 1404 1552 1432 si
1563 1404 1669 1433 miseri-
1679 1409 1772 1427 ¹³¹¹st

891 1446 910 1469 C
927 1451 973 1469 cor
994 1440 1047 1469 iam
1057 1451 1133 1470 suam
1144 1441 1305 1480 protraxerit
1316 1443 1390 1470 Deus
1403 1441 1439 1471 ad
1449 1449 1565 1482 tempus,
1576 1444 1670 1474 volens

926 1486 1027 1509 tentare
1049 1479 1223 1509 constantiam
1244 1479 1306 1509 fidei
1329 1487 1392 1517 tuae,
1407 1488 1437 1510 tu
1457 1491 1472 1510 a
1497 1482 1670 1521 petitionibus

926 1518 981 1547 tuis
991 1529 1045 1547 non
1059 1518 1174 1548 recedas.
1190 1518 1267 1548 Sicut
1277 1519 1347 1548 enim
1362 1520 1408 1558 qui
1419 1530 1482 1550 vere
1495 1520 1589 1558 esurit,
1603 1528 1668 1551 tam-

927 1557 1056 1601 diu-petit
1068 1558 1170 1593 cibum,
1183 1557 1268 1586 donec
1285 1558 1394 1597 impleat
1417 1562 1595 1590 necessitatem
1609 1571 1669 1590 cor-

927 1607 1001 1635 poris
1013 1597 1066 1634 sui,
1075 1607 1123 1631 nec
1132 1603 1216 1635 potest
1226 1607 1338 1633 cessare,
1350 1599 1490 1628 necessitas
1500 1598 1571 1628 enim
1580 1607 1666 1639 urget,

949 1635 993 1664 uia
1012 1635 1069 1665 sine
1085 1635 1147 1665 cibo
1162 1636 1253 1666 vivere
1271 1643 1424 1676 non-potest
1439 1650 1446 1666 t
1463 1637 1498 1666 ita
1511 1639 1593 1677 etqui
1607 1650 1669 1670 vere

927 1647 1062 1704 desiderat
1083 1675 1196 1714 gratiam
1217 1674 1280 1711 Dei,
1295 1686 1396 1705 cessare
1414 1678 1467 1706 non
1488 1684 1572 1717 potest
1587 1689 1603 1707 a
1621 1690 1668 1719 pe-

927 1714 1019 1750 tendo,
1032 1714 1117 1744 sciens
1126 1714 1188 1753 quia
1202 1714 1293 1744 salvus
1305 1715 1363 1744 fieri
1377 1726 1428 1744 non
1444 1723 1529 1755 potest
1542 1718 1598 1747 sine
1611 1729 1670 1758 grav

927 1754 962 1783 tia
980 1754 1040 1783 Dei.
1057 1753 1156 1783 Adhuc
1175 1754 1296 1792 quaerite,
1311 1754 1503 1794 interrogantes
1520 1759 1668 1788 sacerdotes

928 1798 1088 1832 caeterosque
1100 1793 1227 1823 babentes
1244 1793 1380 1823 scientiam
1400 1795 1581 1835 spiritualium
1592 1798 1668 1828 Scri-

928 1840 1080 1873 pturarum,
1091 1833 1160 1863 sicut
1174 1833 1300 1873 praecepit
1313 1833 1358 1864 lex
1372 1845 1379 1862 ε
1392 1836 1546 1876 Interroga
1557 1844 1668 1875 patrem
1681 1847 1816 1881 Beue-3272

929 1879 1021 1908 tuum,
1034 1878 1063 1901 et
1075 1873 1152 1901 dicet
1163 1874 1215 1901 tibi
1226 1875 1372 1902 :seniores
1383 1880 1457 1910 tuos,
1470 1881 1498 1904 et
1510 1879 1669 1906 annuntia-

929 1914 1001 1941 bunt
1012 1913 1074 1940 tibi.
1089 1908 1207 1948 Quaerite
1219 1912 1308 1945 studio
1319 1919 1344 1941 et
1354 1913 1455 1950 labore,
1468 1914 1583 1953 legentes
1593 1917 1667 1946 Scri-

927 1957 1020 1993 pturas
1039 1950 1108 1990 legis
1123 1958 1150 1980 et
1170 1951 1373 1991 prophetarum.
1390 1954 1459 1982 Nam
1472 1955 1544 1984 Deus
1563 1955 1600 1984 ita
1621 1966 1669 1987 nos

927 1990 1062 2030 disposuit
1073 2000 1138 2026 esse,
1149 1997 1178 2019 ut
1191 2001 1239 2020 nec
1252 1991 1387 2026 studentes
1400 1999 1425 2021 et
1436 1992 1585 2023 laborantes
1598 1995 1669 2026 circa

132 2033 250 2074 praebeat
266 2031 436 2065 feriendum?
448 2032 502 2069 Qui
521 2043 570 2062 nec
585 2031 702 2060 amicum
719 2041 798 2060 suum
817 2031 877 2060 sin·
893 2037 913 2060 n
928 2030 1081 2069 Scripturas
1097 2030 1266 2068 aequiramus
1278 2031 1391 2061 salutem
1411 2032 1528 2062 scientim
1541 2034 1596 2063 sine
1609 2045 1668 2074 gra-

133 2083 192 2103 cere
217 2071 319 2112 diligit,
339 2071 474 2110 quomodo
497 2072 593 2111 diligat
616 2070 778 2100 inimicum?
801 2070 877 2107 Quid

134 2118 222 2141 autem
236 2111 275 2141 sic
288 2111 454 2151 impossibile
470 2119 520 2147 est,
540 2110 677 2150 quomodo
697 2109 877 2149 eleemosynas

134 2151 230 2187 facere,
246 2150 290 2180 vel
303 2161 390 2187 orare,
404 2151 452 2180 vel
466 2151 600 2191 jejunare,
619 2157 647 2179 et
664 2149 737 2178 nolle
757 2149 876 2179 hominia

134 2190 186 2220 bus
204 2200 238 2229 ap
274 2190 350 2219 rere?
364 2189 440 2227 Quid
461 2197 550 2220 autem
568 2189 708 2219 difficilius
726 2195 773 2224 est,
795 2199 878 2226 quam

135 2238 188 2258 non
199 2229 230 2268 ju
253 2228 322 2257 'care
334 2235 486 2268 peccantem
504 2229 531 2258 in
545 2239 584 2265 se,
599 2235 646 2257 aut
665 2228 735 2256 nihil
756 2234 876 2257 sanctum

135 2267 179 2299 vel
198 2274 329 2297 secretum
349 2267 439 2297 dicere
458 2267 504 2297 aut
525 2267 590 2297 dare
609 2267 746 2306 indignis?
766 2269 878 2296 Necesse

134 2314 174 2338 est
187 2307 259 2345 enim
279 2313 347 2336 utet
359 2307 459 2336 multos
478 2307 531 2338 sibi
552 2307 631 2336 faciat
651 2306 783 2336 inimicos.
799 2307 877 2342 Quo-

136 2347 208 2376 niam
230 2356 293 2385 ergo
314 2348 414 2386 majora
433 2353 508 2376 erant
527 2344 662 2382 mandata,
686 2355 767 2383 quam
789 2345 878 2375 virtus

136 2386 253 2416 humana
266 2393 316 2422 est,
332 2386 488 2415 transmittit
500 2395 544 2414 eos
562 2383 597 2413 ad
616 2385 714 2418 Deum,
728 2385 805 2424 cujus
816 2389 877 2423 gra-

136 2426 180 2454 tiae
191 2425 356 2465 impossibile
370 2425 439 2455 nihil
453 2432 502 2460 est,
515 2424 606 2454 dicens
618 2435 624 2452 ε
639 2424 747 2460 Petite,
767 2430 796 2452 et
820 2424 877 2453 da-

138 2465 215 2493 bitur
224 2466 325 2494 vobisc
335 2471 366 2494 ut
378 2464 452 2504 quod
459 2475 494 2494 ex
505 2464 582 2494 vobis
593 2461 748 2496 hominihus
758 2473 879 2492 consum-

138 2503 205 2532 mari
228 2513 280 2535 non
294 2511 396 2544 potest,
414 2515 463 2544 per
476 2503 589 2543 gratiam
614 2501 665 2531 Dei
687 2498 890 2542 adimpleatur.'

138 2543 271 2579 Quoniam
283 2547 432 2574 creaturam
450 2542 602 2573 sensibilem
616 2542 689 2570 Dens
708 2548 837 2572 armatam
854 2549 880 2572 et

138 2582 269 2612 munitam
281 2583 389 2614 creavit.
414 2582 489 2613 Alios
509 2582 578 2612 enim
601 2580 716 2611 munivit
730 2581 815 2612 veloci
833 2592 880 2622 pe—

929 2070 964 2099 tia
975 2069 1037 2106 Dei,
1050 2076 1079 2098 ut
1092 2079 1125 2098 ne
1138 2069 1215 2099 nobis
1228 2070 1391 2110 imputemus
1405 2071 1479 2110 quod
1492 2073 1591 2103 scimus
1604 2087 1610 2102 :
1622 2085 1669 2104 nec

926 2109 1016 2139 iamen
1038 2108 1150 2148 gratiam
1173 2110 1353 2148 acquiramus,
1368 2111 1420 2141 nisi
1440 2112 1622 2142 studuerimus
1644 2122 1670 2143 et

929 2148 1140 2178 laboraverimus
1160 2148 1231 2178 circa
1253 2150 1416 2190 Scripturas,
1440 2162 1474 2180 ne
1495 2151 1598 2181 donum
1619 2154 1669 2182 Dei

928 2188 1008 2217 detur
1027 2187 1098 2226 negli
1118 2187 1233 2219 entibus.
1248 2189 1343 2219 Gratia
1362 2190 1433 2220 enim
1454 2190 1617 2230 adjutorium
1631 2199 1670 2221 est

929 2226 1093 2256 infirmitatis
1126 2238 1229 2257 umanae
1244 2239 1251 2256 :
1268 2228 1432 2272 adjutorium
1444 2238 1533 2259 autem
1547 2241 1598 2259 non
1610 2231 1670 2260 dor-

929 2266 1075 2296 mientibus
1087 2266 1177 2304 datur,
1193 2267 1238 2296 sed
1253 2269 1450 2305 festinantibus,
1459 2277 1484 2298 et
1495 2270 1516 2307 ’ξ-
1526 2271 1670 2308 praevalcn-
1711 2280 1723 2306 †
1737 2277 1765 2300 al.
1777 2285 1819 2298 nan

929 2305 1010 2335 tibus.
1024 2305 1100 2346 Sicut
1113 2307 1184 2336 enim
1200 2306 1227 2336 in
1240 2307 1312 2336 bello
1327 2318 1378 2336 non
1393 2309 1489 2352 omnis,
1497 2308 1543 2346 qui
1555 2307 1666 2347 pugnat,
1677 2309 1821 2339 W'oeffll‘ssst‘

928 2345 1024 2380 vincit,
1039 2355 1116 2375 nemo
1129 2353 1217 2375 tamen
1231 2346 1336 2376 vincere
1368 2354 1443 2382 otest,
1462 2347 1511 2376 nisi
1530 2357 1668 2386 pugnave-
1680 2341 1731 2365 ⁶¹¹³·

930 2385 966 2414 rit
981 2395 987 2412 :
1002 2384 1040 2414 sic
1054 2395 1107 2417 nnn
1121 2396 1222 2422 omnes,
1237 2386 1284 2424 qui
1298 2392 1339 2415 stu
1361 2393 1404 2414 ent
1416 2393 1442 2415 et
1456 2386 1557 2423 legunt,
1573 2386 1670 2424 acqui-

930 2430 993 2454 runt
1004 2423 1141 2454 scientiam
1151 2425 1329 2464 spiritualem,
1343 2435 1420 2453 nemo
1434 2427 1520 2453 tamen
1535 2426 1671 2462 acquirere

931 2470 1027 2504 potest,
1040 2463 1091 2493 nisi
1106 2464 1153 2502 qui
1167 2470 1213 2492 aut
1225 2464 1362 2492 studiosus
1376 2464 1456 2493 suerit
1469 2463 1502 2491 ad
1517 2464 1670 2502 legendum,

932 2510 979 2532 aut
989 2502 1113 2532 assiduus
1126 2502 1158 2531 ad
1175 2501 1351 2531 audiendum.
1368 2502 1403 2531 Et
1416 2502 1536 2532 infideles
1549 2504 1672 2541 quidem,

933 2549 958 2571 ct
972 2552 1024 2571 non
1034 2543 1155 2570 timentes
1168 2542 1253 2570 Deum
1265 2541 1403 2578 inveniunt
1415 2541 1550 2571 scientiam
1563 2542 1675 2582 legendo

934 2589 960 2611 ct
975 2580 1118 2618 studendo,
1133 2579 1178 2609 scd
1199 2590 1251 2609 non
1275 2580 1348 2609 illam
1360 2591 1418 2618 quae
1433 2590 1467 2610 ex
1481 2582 1538 2635 1200
1553 2589 1602 2620 cst,
1617 2594 1675 2624 qum
