1904 2840
630 223 663 245 lu
691 223 895 246 MATTRAEUM.
924 222 1040 245 noMtL.
1068 223 1178 246 xxvii.

131 285 236 316 toribus

127 327 174 364 pit
183 325 278 354 dicere
288 324 330 353 ad
344 325 443 353 turbas
459 324 496 352 de
510 324 640 353 Joanne.
651 325 740 361 Quam
753 325 821 353 bene
832 334 877 352 re-

131 363 288 393 cedentibus
295 363 439 403 discipulis
452 364 532 403 coepit
543 363 654 392 laudare
662 365 792 393 ,Ioannem
802 362 809 392 ῐ
823 373 876 392 non

129 404 203 432 sicut
219 402 331 441 quidam
351 401 516 432 blanditores
536 403 673 435 homines.
697 403 745 441 qui
763 403 877 432 libenter

131 443 268 472 hominem
277 443 305 471 in
312 443 380 472 facie
389 441 510 478 laudant,
518 449 563 471 aut
577 442 686 481 quando
698 442 791 472 vident
798 442 875 471 emi-

129 493 178 512 cos
187 482 246 522 ejus
258 482 363 519 fideles,
373 488 420 511 aut
433 481 594 511 domesticos
603 483 674 521 ejus,
686 493 754 521 quos
764 481 877 512 eredunt

131 522 196 560 quia
209 522 356 551 nuntiaturi
369 528 433 551 sunt
445 521 488 550 illi
500 522 632 560 quicquid
645 522 789 551 audierim.
805 522 873 551 Nam

131 561 262 601 insipiens
279 568 330 605 est,
345 562 393 600 qui
415 560 514 600 gaudet
535 561 659 591 laudatus
678 561 706 590 in
720 561 805 590 facie.
822 556 875 591 V‘n·
902 564 903 567 ’

130 608 220 630 autem
234 611 339 641 sapiens
351 601 459 639 quando
474 600 601 630 laudatur
617 601 646 630 in
662 601 738 637 facie,
751 600 873 640 flagella—

131 647 176 670 tur
189 641 217 669 in
230 639 320 670 corde.
337 642 449 680 Propter
463 639 532 669 duas
544 650 608 679 ergo
627 651 719 670 causas
738 641 874 669 bominem

130 680 159 708 in
172 680 240 709 facie
254 679 363 709 laudare
386 690 438 709 nou
452 679 543 717 debes«
558 680 679 709 Primum
691 680 714 709 si
728 680 874 720 sapientem

131 719 211 748 illum
256 726 324 754 utas,
342 720 460 758 graviter
478 726 651 759 suscepturus
668 726 720 750 est.
736 720 774 749 Et
791 730 874 758 quare

132 759 174 788 illi
188 730 316 788 laudibus
334 758 389 788 tuis
402 759 550 788 molestiam
564 758 649 795 facis?
661 759 692 788 Si
704 759 874 799 insipientem

131 798 212 827 illum
229 799 376 832 existimas,
389 797 558 827 extollendus
573 809 626 828 non
637 805 685 828 est.
695 801 792 836 Quare
805 798 875 828 insi-

131 838 260 878 pientiam
272 839 331 877 ejus
345 837 474 867 laudibus
490 837 543 867 tuis
556 838 661 868 nutris?
674 838 814 877 Numquid
828 838 872 867 di-

131 876 229 914 cimus,
241 877 372 917 Insipiens
393 884 432 906 cst
455 877 504 916 qui
532 877 559 906 in
577 877 644 907 facie
663 878 725 908 vult
750 877 874 907 laudari?

83 936 86 938 >
131 918 232 947 Omnes
250 926 322 946 enim
339 917 459 946 homines
480 916 606 947 volumus
626 918 741 947 laudari.
758 919 794 947 Et
815 917 874 946 ideo

0 1003 85 1033 ιιι-πῃ.
97 1004 119 1032 4.

132 956 234 986 bouum
251 956 391 991 faciamus,
405 963 434 985 ut
453 955 561 986 laudem
575 968 769 996 consequamur
781 968 815 987 ex
827 968 871 994 eo,

132 994 236 1026 dicente
247 996 368 1036 apostolo
377 1008 386 1025 a
397 996 592 1035 Quoecumque
602 1004 670 1026 sunt
683 997 790 1032 laudis,
798 1008 874 1036 quoe-

131 1037 357 1075 cumquebonoe
379 1037 565 1074 operationis,
581 1037 643 1065 koec
669 1037 831 1072 sectamini,
845 1043 874 1065 et

131 1075 213 1104 Deus
231 1075 313 1115 pacis
325 1077 380 1104 erit
398 1076 562 1104 vobiscum.
579 1076 648 1104 Nam
670 1076 718 1114 qui
732 1076 792 1106 vult
813 1076 874 1105 lau-

129 1114 190 1144 dari
204 1121 314 1154 propter
327 1114 449 1143 homines
462 1114 558 1148 malos,
572 1125 658 1144 vanus
677 1122 716 1145 est
733 1127 739 1144 :
761 1115 808 1154 qui
821 1126 871 1145 au-

130 1161 184 1184 tem
194 1164 284 1184 coram
297 1154 448 1184 domesticis
466 1154 524 1193 ejus
538 1154 673 1183 hominem
696 1154 799 1190 laudat,
819 1165 872 1184 non

130 1201 171 1223 est
179 1194 260 1233 culpa
274 1193 386 1229 laudati,
401 1192 448 1222 sed
462 1193 604 1223 laudantis.
620 1193 684 1224 Ideo
699 1195 771 1224 enirn
783 1205 873 1224 coram

130 1233 187 1263 illis
205 1232 298 1262 laudat
307 1243 380 1269 eum,
397 1242 450 1262 non
470 1239 500 1261 ut
521 1233 674 1273 opinionem
693 1237 752 1274 ejus
775 1235 872 1264 bonam

131 1273 299 1310 commendet
317 1273 482 1308 hominibus,
495 1272 542 1301 sed
563 1279 594 1302 ut
615 1273 707 1303 audiat
729 1274 793 1310 ille,
809 1274 873 1312 quia

133 1312 255 1342 laudavit
266 1323 340 1341 eum.
353 1312 432 1349 Quid
440 1313 540 1341 existis
554 1314 586 1341 in
597 1313 742 1343 desertum
752 1316 873 1343 videre?

132 1354 193 1382 Non
203 1353 276 1381 enim
285 1351 439 1381 exierantin
452 1352 589 1381 desertum
597 1351 631 1381 ad
642 1353 704 1388 boc,
715 1360 744 1382 ut
753 1354 874 1384 viderent

132 1392 262 1422 Joannem
277 1403 284 1420 :
298 1401 346 1420 nec
368 1391 439 1420 euim
458 1397 515 1420 erat
528 1398 592 1420 tunc
613 1392 641 1421 in
656 1392 771 1430 deserto,
784 1394 831 1423 sed
844 1394 871 1422 in

132 1441 246 1460 carcere.
262 1430 316 1460 Sed
339 1431 502 1471 praeteritum
527 1431 617 1468 refert,
638 1433 703 1469 quia
722 1433 873 1472 frequenter

115 1593 121 1604 '
133 1597 185 1618 tem
198 1602 206 1618 ι
222 1596 248 1618 et
264 1589 325 1618 ideo
342 1588 474 1627 qualisvis
493 1596 589 1618 ventus
602 1600 684 1629 super
697 1601 768 1627 eum,
782 1591 836 1620 huc
849 1597 876 1619 et

1607 210 1676 245 853

248 283 354 324 plenus.
368 285 398 313 ⁷.
418 283 602 313 Abeuntibus
624 290 720 314 autem
732 273 805 320 illis,
817 295 874 313 coe-
894 288 914 311 Δ
929 283 1475 323 ejussuspicionemlevitatistollatabeo,
1495 286 1622 316 rationem
1630 298 1677 316 au-

929 329 982 352 tem
996 323 1214 352 transmissorum
1227 324 1424 364 discipulorum
1445 333 1536 365 postea
1554 325 1629 366 digni
1649 335 1674 357 et
1684 339 1751 357 cxvu

929 362 1023 391 fideles
1041 362 1201 402 intelligant,
1221 364 1268 402 qui
1282 365 1413 404 Spiritum
1431 365 1481 394 Dei
1499 366 1598 395 habere
1615 377 1674 395 me-

928 408 1051 441 ruerunt,
1059 409 1206 432 scrutantes
1214 403 1294 432 etiam
1302 404 1472 434 altitudinem
1480 405 1540 435 Dei.
1554 405 1584 435 8.
1597 403 1675 444 Qud

928 443 1028 471 existis
1041 444 1073 470 in
1086 443 1241 479 desertum,
1254 444 1354 473 videre
1374 445 1519 474 hominem
1532 445 1673 475 ‘mollibus

928 482 1064 510 vestitum
1073 484 1086 509 P
1100 482 1132 511 Id
1146 489 1196 518 est,
1212 482 1329 511 amicum
1339 484 1441 519 soeculi,
1456 485 1504 523 qui
1515 484 1615 515 fruitur
1626 486 1672 515 bo-

929 520 971 549 nis
986 521 1055 560 ejus.
1071 522 1132 550 Non
1145 521 1252 551 vidistis
1265 522 1329 560 quia
1343 524 1530 553 vestimentum
1545 523 1604 563 ejus
1616 533 1672 554 erat

929 560 963 589 de
989 561 1053 599 pilis
1075 561 1182 596 cameli,
1205 568 1231 590 et
1257 571 1321 590 zona
1343 562 1454 602 pellicea
1475 564 1546 592 circa
1565 564 1674 594 lumbos

928 600 1008 644 ejus?
1022 600 1091 630 Esca
1110 607 1199 630 autem
1216 601 1276 640 ejus
1290 601 1410 639 locustae,
1429 610 1455 632 et
1468 603 1521 632 mel
1537 603 1669 640 silvestre,

929 646 959 668 ut
972 650 1031 679 ipso
1044 640 1253 670 conversationis
1263 651 1318 669 suae
1329 642 1481 671 testimonio
1494 649 1672 673 contemneret

927 678 1060 708 mundum
1079 690 1141 709 cum
1154 679 1232 709 bonis
1245 680 1303 719 ejus
1319 694 1325 710 :
1341 681 1414 710 stetit
1427 681 1500 710 enim
1512 682 1539 711 in
1555 683 1668 712 mundo.

926 718 1008 755 Quod
1020 727 1110 749 autem
1123 719 1234 749 intravit
1254 720 1281 748 in
1302 721 1444 757 mundum,
1469 721 1529 750 ideo
1548 722 1669 759 intravit,

925 768 979 787 non
994 764 1021 787 ut
1034 759 1091 799 ipse
1106 766 1251 788 remaneret
1263 759 1292 788 in
1305 760 1418 797 mundo,
1441 761 1488 790 sed
1503 769 1531 790 ut
1545 762 1671 801 spoliaret

927 797 1077 828 muudum:
1090 798 1120 828 id
1131 806 1181 835 est,
1194 805 1272 828 natus
1282 799 1393 838 quidem
1404 807 1443 830 est
1456 801 1483 830 in
1498 802 1611 837 mundo,
1625 802 1670 831 sed

926 847 980 867 non
997 845 1037 868 est
1052 839 1187 878 ingressus
1207 838 1241 867 ad
1262 839 1352 878 aliqua
1370 840 1453 879 hujus
1475 841 1570 870 mundi
1589 842 1669 870 hona.

893 886 909 909 n
929 877 1012 914 Quod
1029 886 1119 908 autem
1138 876 1216 907 natus
1230 878 1257 907 in
1272 878 1384 915 mundo,
1405 890 1458 909 non
1480 880 1539 920 ipse
1559 891 1670 921 peccans

927 917 1054 947 remansit
1067 918 1095 947 in
1107 917 1220 954 mundo,
1236 918 1283 947 sed
1296 926 1445 958 peccatores
1465 927 1620 950 convertens
1635 922 1670 951 ad

924 957 1070 996 justitiam,
1087 957 1211 987 liberavit
1230 957 1264 986 de
1278 958 1389 988 mundo.
1406 959 1494 988 Multa
1508 960 1579 989 enim
1592 960 1669 991 delc-

927 1002 1057 1026 ctamenta
1076 996 1192 1026 mundus
1216 997 1265 1026 iste
1291 996 1326 1026 ad
1353 998 1534 1028 seductionem
1555 1001 1669 1030 ostendit

927 1035 1093 1066 hominibus.
1111 1037 1187 1066 Sicut
1200 1037 1280 1065 homo
1297 1037 1444 1077 malignus,
1462 1039 1485 1067 si
1505 1039 1603 1069 viderit
1615 1041 1668 1070 ali-

926 1085 1007 1143 quem
1032 1076 1184 1116 orphanum
1204 1076 1302 1106 habere
1322 1077 1496 1107 substantiam
1519 1086 1667 1118 paternam,

948 1116 1002 1144 ucit
1011 1127 1073 1145 eum
1084 1117 1236 1154 frequenter
1252 1115 1285 1145 ad
1304 1116 1460 1156 prandium,
1477 1117 1559 1147 donat
1573 1119 1614 1148 illi
1628 1121 1670 1149 in-

926 1154 1032 1184 terdum
1045 1155 1157 1194 aliquod
1168 1155 1318 1194 speciosum
1332 1158 1531 1194 vestimentum,
1550 1158 1670 1197 loquitur

926 1194 969 1224 illi
982 1194 1076 1225 dulces
1092 1205 1236 1231 sermones,
1251 1195 1335 1224 donec
1348 1196 1425 1225 tollat
1438 1197 1576 1227 facultates
1590 1200 1666 1239 ejus:

926 1234 965 1263 sic
978 1242 1004 1264 et
1017 1235 1142 1264 diabolus
1163 1234 1258 1263 videns
1280 1235 1415 1265 hominem
1429 1236 1569 1271 habentem
1595 1238 1621 1267 in
1641 1250 1669 1268 se

925 1274 1083 1304 thesaurum
1095 1276 1235 1309 caelestem,
1249 1273 1275 1303 id
1292 1281 1342 1311 est,
1360 1275 1476 1304 animam
1490 1276 1669 1307 immortalem

925 1324 941 1342 a
956 1315 1012 1344 Deo
1028 1321 1155 1350 creatam,
1174 1314 1331 1353 sapientiam
1350 1315 1480 1344 caelestem
1494 1315 1522 1344 in
1534 1327 1594 1346 arca
1616 1324 1668 1347 ter-

925 1362 988 1382 rena
996 1354 1121 1394 positam,
1133 1353 1193 1382 ideo
1201 1353 1316 1382 ostendit
1323 1353 1364 1382 illi
1373 1365 1470 1383 aurum
1480 1362 1506 1384 et
1515 1363 1665 1395 argentum,

925 1399 951 1421 et
964 1393 1186 1434 concupiscibilia
1200 1400 1367 1429 ornamenta,
1387 1394 1502 1423 ostendit
1521 1395 1563 1424 illi
1581 1404 1668 1426 vestes

926 1433 1066 1472 pretiosas,
1076 1440 1103 1462 et
1112 1432 1253 1462 deliciosos
1262 1433 1347 1466 cibos,
1359 1440 1385 1462 et
1395 1433 1525 1473 gloriosos
1538 1435 1666 1470 honores;

131 1470 223 1500 exibat
269 1470 351 1510 pulus
364 1470 392 1499 in
405 1470 540 1500 desertum
553 1470 645 1501 videre
658 1473 800 1510 Joannem‚
811 1484 873 1503 cum
891 1482 909 1506 c
927 1480 956 1502 ut
971 1484 1018 1513 per
1031 1474 1082 1502 hoc
1096 1473 1243 1512 subjugans
1255 1483 1315 1501 eum
1334 1473 1518 1512 voluptatibus
1539 1476 1604 1511 suis,
1620 1487 1668 1505 au-

39 1529 53 1543 o
70 1529 120 1543 eae·
131 1516 199 1540 esset
211 1521 225 1539 a
268 1520 300 1540 uc
313 1510 340 1539 in
358 1509 474 1541 deserto.
490 1509 646 1540 Calamam
668 1521 687 1540 a
702 1519 792 1541 vento
813 1523 872 1541 mo-
926 1513 991 1541 ferat
1004 1513 1118 1541 salutem
1135 1513 1230 1540 :mimae
1248 1512 1318 1550 ejus,
1341 1519 1367 1541 et
1384 1520 1538 1552 corrumpat
1558 1515 1669 1553 gratiam

17 1553 71 1604 ’ὠσί
86 1560 120 1605 εὖ·
133 1551 211 1579 veri?
224 1550 350 1580 Calamus
362 1555 403 1578 cst
415 1559 526 1584 vacuus,
538 1556 565 1578 et
578 1551 681 1579 nullam
695 1551 776 1581 habet
789 1552 875 1581 virtu·
927 1551 1015 1580 cordis
1040 1551 1134 1590 ipsius.
1152 1552 1181 1580 9.
1202 1551 1282 1588 Quid
1294 1553 1394 1580 existis
1411 1553 1442 1579 in
1465 1553 1607 1582 desertum
1623 1556 1668 1582 vi-

927 1591 1013 1619 dere?
1025 1591 1217 1629 prophetam?
1231 1590 1329 1619 Amen
1351 1591 1417 1619 dico
1439 1593 1534 1627 vobis,
1554 1600 1581 1621 et
1600 1594 1667 1632 plus

15 1619 122 1667 ,3¹:⁶22ss
132 1629 190 1658 illic
206 1628 290 1658 flectit
306 1628 398 1657 illum.
413 1627 459 1657 Sic
474 1634 500 1656 et
511 1628 591 1657 homo
601 1629 717 1659 carnalis
729 1630 875 1659 et‘saecula-
927 1640 1016 1668 quam
1027 1630 1207 1668 prophetam.
1223 1628 1363 1668 Prophetae
1376 1630 1446 1658 enim
1462 1638 1500 1660 cst
1514 1631 1547 1660 de
1559 1632 1667 1662 Christo

17 1676 121 1698 secutur.
133 1668 182 1704 ris,
195 1668 222 1697 in
235 1677 290 1707 quo
313 1667 378 1696 fidei
391 1666 468 1695 nulla
487 1674 527 1696 est
540 1667 671 1705 medulla,
686 1676 711 1698 et
723 1671 810 1699 virtus
830 1680 875 1699 ve-
926 1669 1084 1709 praedicare.
1101 1668 1241 1713 Numquid
1262 1669 1399 1708 prophetae
1415 1670 1478 1706 suit,
1494 1678 1523 1699 ut
1545 1671 1571 1699 in
1592 1679 1667 1701 utero

40 1877 80 1909 40.
87 1877 122 1900 16.

133 1708 219 1737 ritatis
234 1717 286 1737 non
300 1706 436 1736 invenitur
447 1707 475 1735 in
495 1717 538 1741 eo,
552 1707 755 1747 qualiscumque
766 1709 875 1738 tentatio

133 1748 235 1777 venerit
247 1757 329 1787 super
341 1756 414 1782 eum,
427 1752 522 1775 curvat
530 1757 604 1776 eum.
613 1748 682 1776 Nam
693 1749 765 1782 Deus
781 1748 874 1779 volens

131 1787 268 1816 ostendere
281 1787 350 1823 Job,
365 1786 393 1814 in
413 1785 512 1824 quibus
525 1785 680 1816 hominibus
691 1787 815 1817 diabolus
830 1799 874 1817 re-

131 1827 260 1865 quiescit,
276 1825 424 1856 introducit
431 1823 574 1854 draconem
588 1827 615 1854 in
627 1826 712 1866 figura
725 1827 839 1863 diaboli,
849 1834 874 1857 et

133 1876 195 1895 cum
204 1866 289 1896 multa
302 1865 415 1902 dixisset
427 1863 461 1892 de
473 1874 516 1902 eo,
532 1865 601 1894 iuter
614 1872 706 1895 caetera
718 1867 772 1896 ait:
786 1867 874 1896 secus

134 1907 282 1935 calamum
294 1910 322 1934 et
328 1914 474 1945 papyrum
482 1906 646 1943 requiescit.
662 1906 790 1935 Calamus
802 1907 874 1936 enim

132 1951 173 1974 est
186 1955 297 1982 vacuus,
313 1954 432 1986 papyrus
441 1950 530 1972 autem
546 1944 659 1974 nimium
674 1946 752 1982 levis,
768 1953 793 1975 et
805 1946 874 1975 mol-

134 1984 178 2014 lis.
194 1985 240 2015 Sic
263 1985 350 2014 omnis
369 1985 448 2013 homo
461 1983 587 2021 carnalis,
600 1994 701 2014 vacuus
722 1985 750 2014 in
773 1985 837 2022 fide,
849 1992 875 2014 et

135 2024 203 2054 levis
216 2025 244 2054 in
257 2035 348 2061 sensu,
362 2030 389 2052 et
400 2022 491 2052 mollis
511 2023 538 2052 in
560 2024 740 2063 passionibus,
756 2025 875 2055 calamus

926 1709 1096 1744 constitutus,
1109 1710 1196 1738 Deum
1211 1718 1238 1736 ln
1253 1714 1329 1737 utero
1341 1710 1530 1748 cognosceret?
1543 1712 1667 1750 Prophe-

925 1755 958 1777 tae
973 1755 1022 1784 est,
1037 1758 1086 1788 pro
1099 1748 1193 1777 merito
1209 1748 1417 1777 conversationis
1431 1756 1456 1778 et
1470 1749 1534 1779 fidei
1547 1752 1664 1790 propbe-

926 1788 991 1817 tiam
1004 1788 1134 1827 accipere.
1151 1786 1291 1825 Numquid
1310 1787 1447 1827 prophetae
1465 1789 1526 1826 fuit,
1543 1797 1572 1819 ut
1590 1791 1666 1830 prius

926 1828 1001 1857 fieret
1014 1827 1158 1866 propbeta,
1170 1837 1252 1866 quam
1266 1826 1357 1860 homo,
1373 1834 1399 1856 et
1419 1835 1479 1857 ante
1493 1829 1605 1868 gratiam
1622 1841 1665 1859 ac-

925 1867 1043 1906 ciperet?
1058 1867 1195 1906 l'rophetae
1207 1873 1256 1902 est,
1272 1866 1432 1896 beneficium
1442 1878 1457 1896 a
1466 1869 1522 1897 Deo
1534 1869 1664 1909 accipere.

925 1908 998 1936 Num
1020 1905 1066 1935 uid
1088 1906 1224 1946 prophetae
1245 1912 1292 1942 est,
1322 1906 1479 1936 beneficium
1502 1908 1668 1948 baptismatis

927 1948 983 1975 Deo
1017 1946 1120 1975 enare?
1135 1945 1273 1985 Prophetae
1286 1952 1336 1981 est,
1351 1946 1465 1975 verbum
1483 1954 1543 1976 ante
1564 1955 1669 1988 tempus

927 1985 1077 2025 significare
1095 1984 1129 2014 de
1148 1985 1267 2015 Christo.
1294 1986 1434 2024 Numquid
1450 1997 1504 2026 Xpro
1525 1987 1591 2017 hetae
1616 1995 1666 2024 est,

926 2026 993 2054 facie
1005 2024 1146 2054 adfaciem
1164 2023 1248 2063 digito
1268 2022 1406 2054 Christum
1426 1998 1582 2056 ostendere?
1604 2029 1670 2057 Pro-

135 2070 174 2094 est
185 2071 210 2094 et
223 2073 353 2109 papyrus.
362 2062 497 2100 Quoniam
507 2073 591 2101 usque
599 2070 663 2094 tunc
675 2065 791 2095 ,loannes
802 2064 876 2093 mul-

136 2105 171 2134 tis
189 2105 276 2135 modis
299 2103 377 2144 plura
390 2102 542 2131 testimonia
560 2102 587 2131 in
608 2104 709 2144 populo
723 2103 830 2136 dederat
843 2103 877 2133 dc

137 2145 255 2181 Christo,
269 2144 338 2173 sicut
358 2142 471 2181 legimus
484 2141 511 2171 in
530 2141 614 2181 princi
637 2144 662 2172 io
675 2144 786 2173 Joannis
797 2152 877 2173 evan-

138 2185 239 2229 getistae
255 2194 262 2212 =
279 2188 369 2222 postea
383 2188 472 2211 autem
489 2181 576 2211 missis
589 2153 635 2211 adp
647 2193 709 2212 eum
723 2182 875 2222 discipulis,

139 2223 318 2261 interrogabat
327 2231 401 2257 eum,
416 2220 507 2250 dicens
524 2232 530 2248 :
548 2221 588 2250 Tu
603 2232 632 2250 es
650 2245 656 2257 ‚
671 2224 723 2261 qui
735 2229 878 2251 venturus

139 2273 180 2299 es,
195 2272 236 2291 an
249 2261 343 2290 alium
351 2266 549 2299 exspectamus
559 2262 572 2287 Ρ
586 2260 694 2290 forsitan
705 2261 778 2300 apud
791 2261 879 2290 bomi-

140 2313 186 2332 nes
206 2308 270 2330 tunc
284 2299 321 2329 ihi
336 2299 492 2328 constitutos
503 2299 625 2328 mirabile
636 2300 790 2334 videbatur,
805 2307 831 2329 et
844 2300 879 2328 le-

140 2341 242 2372 vissimi
266 2338 383 2368 hominis
406 2338 511 2376 signum
521 2359 529 2374 ‚
546 2345 575 2367 ut
596 2339 672 2378 prius
695 2339 770 2377 quasi
795 2339 879 2368 sciens

140 2381 266 2410 omnibus
273 2377 521 2418 praedioeret‚modo
528 2379 604 2415 quasi
614 2378 731 2408 nesciens
739 2379 881 2417 interroga-

141 2427 192 2456 ret,
202 2421 225 2449 si
240 2420 298 2459 ipse
305 2424 383 2454 esset,
392 2427 425 2446 an
437 2417 517 2446 alius.
530 2418 672 2456 Propterea
686 2417 818 2447 Dominus
830 2417 881 2447 hoc

142 2458 299 2494 introducit,
309 2463 335 2486 et
345 2457 422 2492 dicit,
433 2463 462 2485 ut
472 2466 524 2485 non
533 2462 627 2495 putent
635 2456 685 2485 boc
693 2456 782 2496 ipsum
791 2457 883 2487 levita-

142 2498 178 2528 tis
190 2499 250 2538 ejus
266 2497 359 2532 fuisse,
369 2502 395 2525 et
404 2506 456 2525 non
471 2495 582 2525 rationis
593 2495 708 2535 alicujus
717 2496 881 2526 occultioris.

144 2539 287 2577 Propterea
305 2534 434 2565 rationem
449 2534 559 2574 quidem
573 2535 632 2574 ejus
642 2545 694 2564 non
706 2537 825 2575 exponit,
837 2535 884 2565 sed

144 2577 172 2606 di
194 2577 312 2611 nitatem,
324 2581 350 2604 et
359 2574 471 2614 gratiam
479 2575 538 2614 ejus
550 2574 704 2604 annuntiat:
713 2575 776 2614 quia
786 2575 847 2605 talis
860 2582 887 2604 et

145 2587 207 2645 taiis
223 2622 262 2645 est
279 2614 406 2650 Joannes,
421 2620 449 2643 ut
466 2613 621 2654 praedicatio
636 2614 746 2653 quidem
762 2614 886 2655 dignitati

313 2663 384 2682 rou.
402 2663 444 2683 vi.

895 2070 913 2093 D
930 2064 1014 2104 phetae
1030 2070 1080 2101 est,
1101 2071 1131 2093 ut
1152 2063 1209 2103 ipse
1226 2063 1260 2093 de
1280 2065 1336 2093 Deo
1356 2065 1506 2105 prophetet.
1529 2067 1669 2106 Numquid

930 2104 1065 2144 prophetae
1079 2110 1129 2138 est,
1145 2110 1174 2132 ut
1188 2104 1260 2132 Deus
1279 2103 1313 2133 de
1332 2104 1380 2133 illo
1393 2106 1544 2145 prophetet,
1559 2106 1666 2136 dicens:

930 2145 1008 2172 Ecce
1027 2154 1079 2183 ego
1094 2144 1176 2172 mitto
1197 2143 1334 2183 angelum
1355 2154 1450 2173 meum
1469 2152 1539 2174 ante
1554 2146 1668 2186 faciem
1680 2148 1734 2168 1⁴⁸¹*-
1747 2155 1768 2176 7·
1782 2155 1819 2177 27·

931 2185 1033 2212 tuam?
1049 2183 1097 2212 10.
1112 2184 1168 2211 Hic
1177 2188 1231 2219 est,
1246 2183 1282 2211 de
1295 2194 1353 2223 quo
1365 2185 1474 2213 dictum
1488 2191 1529 2213 est
1539 2196 1593 2224 per
1603 2197 1668 2224 pro-

928 2223 1061 2261 phetam:
1075 2222 1153 2251 Ecce
1168 2232 1220 2262 ego
1238 2224 1320 2251 mitto
1335 2224 1471 2262 angelum
1493 2234 1586 2253 meum
1602 2232 1670 2254 ante
1684 2231 1784 2252 ιῐΙιιΙιιι-Ιι.
1798 2231 1820 2252 3.

929 2262 1038 2300 faciem
1060 2267 1150 2290 tuam.
1171 2262 1232 2291 Jam
1253 2271 1324 2291 nunc
1348 2263 1442 2302 incipit
1465 2262 1554 2291 dicere
1577 2274 1670 2293 causas
1685 2268 1703 2282 ¹·

922 2296 1040 2342 'propter
1052 2311 1118 2339 quas
1131 2301 1247 2340 amplius
1266 2308 1322 2330 erat
1343 2313 1422 2340 quam
1436 2302 1565 2341 propheta
1578 2302 1671 2331 beatus

930 2341 1057 2378 Joannes;
1071 2340 1118 2379 qni
1132 2340 1212 2369 talem
1224 2341 1321 2369 meruit
1333 2341 1431 2370 habere
1443 2341 1619 2369 laudatorem.
1635 2343 1671 2371 Et

930 2380 1046 2410 Joannes
1059 2379 1169 2418 quidem
1183 2380 1336 2409 testificatus
1349 2386 1403 2408 erat
1414 2379 1447 2408 dc
1461 2379 1579 2415 Christo,
1594 2382 1671 2409 Ecce
1680 2391 1749 2411 4ΙηηιιΔ
1760 2394 1818 2416 ¹³9·

932 2428 1026 2459 agnus
1043 2420 1112 2450 Dei:
1124 2418 1172 2448 sed
1184 2419 1301 2458 amplius
1320 2419 1419 2457 reecpit
1433 2429 1446 2446 a
1467 2418 1573 2446 Christo
1590 2429 1670 2457 quam

933 2459 1066 2497 praestitit.
1079 2460 1194 2489 Joannes
1209 2459 1280 2487 enim
1293 2457 1429 2486 Christum
1443 2457 1604 2495 glorificans,
1617 2459 1670 2488 lm-
1708 2488 1710 2491 ,

934 2507 1038 2528 menam
1051 2498 1092 2528 illi
1103 2497 1217 2527 contulit
1226 2496 1348 2526 laudem:
1361 2495 1484 2524 Christus
1492 2502 1580 2524 autem
1587 2498 1673 2527 Joan-

935 2537 962 2565 ni
990 2538 1110 2567 divinam
1135 2536 1247 2565 contulit
1271 2535 1394 2573 gloriam.
1427 2535 1496 2563 Nam
1520 2534 1567 2563 iste
1595 2536 1674 2566 illum

936 2587 1035 2617 agnum
1046 2575 1170 2611 ostendit,
1184 2575 1230 2603 ille
1243 2581 1330 2602 autem
1343 2574 1422 2602 istum
1437 2573 1561 2613 angelum
1576 2577 1676 2615 praedi-

939 2617 1020 2646 cavit.
1035 2617 1088 2646 Iste
1102 2614 1190 2644 minus
1204 2613 1324 2643 laudavit
1345 2613 1371 2642 in
1391 2612 1500 2642 Christo
1514 2623 1594 2651 quam
1609 2623 1674 2646 erat.

1499 2654 1538 2681 53

549 2750 586 2775 Ο
