1904 2840
244 183 314 219 828

838 191 923 215 OPUS
947 189 1184 214 lMPEnFEc'rUM

240 257 296 287 losa
310 264 352 286 res
370 260 418 292 est,
433 253 479 284 scd
493 254 570 284 utilis
588 254 679 285 valde.
693 241 847 285 Periculosa
859 253 980 293 quidem,
1001 255 1021 279 Α
1038 253 1128 298 ipsum
1141 253 1231 282 lumen
1241 252 1352 293 justitiae
1363 260 1424 283 ante
1437 252 1532 283 oculos
1542 259 1646 283 nostros
1658 253 1780 294 adaperit

240 296 304 335 quia
317 295 396 324 mu-lti
407 293 572 324 seducuntur
581 305 630 334 per
643 305 710 329 eam,
723 301 750 323 et
762 299 873 334 pereunt
887 305 894 322 t
908 293 983 322 utilis

240 342 329 364 autem
342 341 391 371 est,
406 334 471 372 quia
484 340 618 363 tentantur
631 334 724 364 fideles
738 343 786 374 per
810 342 869 362 eam
879 354 887 369 ,
899 339 926 362 et
949 333 983 361 ab

241 374 397 404 infidelibus
418 380 599 418 segregantur.
610 374 666 411 Qui
686 379 836 402 murmurat
856 372 891 401 de
914 372 984 417 peri-

242 414 303 443 culo
315 413 479 450 tentationis,
494 420 644 443 murmuret
657 423 762 442 necesse
774 420 813 442 est
826 411 861 441 de
873 421 984 451 praemio

242 453 418 499 probationis.
433 454 465 482 ln
479 452 555 482 nullo
575 452 646 482 enim
659 452 767 491 negotio
780 457 866 492 potest
879 450 985 489 requies

241 493 367 527 inveniri,
383 492 436 521 nisi
451 492 614 533 praecesserit
627 492 705 521 labor
720 503 728 520 ε
743 497 843 530 quanto
858 491 943 536 magis
956 490 984 519 in

242 532 429 572 spiritualibus
447 532 540 568 rebus,
555 532 607 561 nisi
620 531 783 572 praecesserit
795 537 915 567 tentatio,
931 540 984 559 nou

243 579 328 612 potest
340 582 396 601 esse
409 571 552 611 probatio?
565 571 721 601 Attendite
734 571 853 612 ajalsc's
862 570 987 610 prophe-

244 614 291 641 tis.
308 611 431 641 Primum
443 611 510 640 scire
523 617 638 651 oportet,
653 611 716 649 quia
730 617 793 640 sunt
805 610 912 640 omnino
925 609 985 638 falsi

244 651 400 681 Christiani.
413 651 483 680 Nam
495 651 571 680 nulla
582 661 625 680 res
635 649 724 690 perdit
734 650 807 680 viros
819 649 985 680 Christianos

243 691 329 731 magis
342 701 422 729 quam
435 690 493 719 haec
507 703 513 719 :
528 692 591 730 quia
599 698 788 729 -quoscumque
802 689 918 719 viderint
931 688 985 718 dici

244 730 420 767 Christianos,
426 730 501 769 quasi
509 730 674 759 Christianos
681 739 725 758 eos
731 729 869 759 aestimant.
876 728 944 758 Sien
949 728 985 757 im

245 776 347 799 constat
362 769 425 808 quia
434 776 496 798 sunt
505 769 563 798 falsi
574 769 731 806 Christiani,
739 776 786 798 aut
795 769 842 798 ille
851 775 890 798 est
902 768 985 797 falsus

245 809 424 843 Christianus,
432 816 478 838 aut
487 816 516 838 tu
528 820 534 837 :
547 809 570 839 si
581 819 632 838 non
642 816 681 844 tu,
689 808 736 838 ille
748 821 754 837 :
765 808 788 838 si
800 815 841 844 tu,
852 818 905 837 non
917 808 965 836 ille
976 820 983 836 t

247 849 270 877 si
281 849 338 883 ille,
349 855 380 877 ut
392 847 459 887 quid
470 848 549 877 illum
558 848 743 878 Christianum
753 848 879 883 aestimas,
889 847 923 876 de
932 857 986 886 quo

246 888 296 916 tibi
305 888 432 917 Christus
444 887 603 918 mandavit?
611 887 683 925 Quia
691 887 861 917 Christianus
871 897 923 916 non
935 893 984 923 est,

246 938 326 965 quem
339 927 414 957 Deus
426 938 506 956 suum
529 938 581 957 non
595 927 737 957 confitetur
750 927 837 956 filium
853 938 860 955 τ
875 933 903 956 tu
919 937 987 965 quo-

247 966 327 996 modo
349 967 400 996 tihi
425 967 562 996 existimas
583 967 691 996 fratrem
699 967 713 995 ἶ)
733 966 787 1008 Sed
810 967 877 1000 forte
900 965 969 995 dicis
977 989 984 1002 ‚

247 1006 389 1042 Quomodo
403 1006 492 1036 dicere
504 1006 582 1035 illum
594 1017 705 1046 possum
717 1017 770 1036 non
784 1016 840 1035 esse
853 1006 986 1036 Christia-

249 1056 324 1082 num,
342 1057 421 1084 quem
443 1045 523 1076 video
547 1046 684 1076 Christum
708 1046 890 1082 confitentem,
905 1045 989 1075 altare

101 1083 113 1106 †
126 1082 153 1102 ³¹-
166 1084 238 1103 ⁸¹¹⁸*
249 1085 389 1114 habentem
398 1108 405 1122 ,
420 1086 442 1123 †
455 1086 617 1115 sacrificium
629 1086 705 1125 panis
716 1093 741 1115 et
754 1085 812 1115 vini
823 1085 986 1122 offerentem,

92 1111 178 1138 ,ficium
189 1120 200 1133 c
218 1121 230 1132 r

99 1147 161 1170 poris

201 1121 214 1133 ⁰
219 1125 240 1164 ε]
250 1124 443 1163 baptizantem,
472 1125 624 1164 Scripturas
654 1132 806 1155 sanctorum
837 1124 987 1164 legentem,

100 1174 220 1200 sam-,umis
251 1174 356 1192 omnem
364 1164 485 1192 ordinem
493 1164 633 1193 sacerdotii
642 1164 802 1194 habentem?
812 1164 866 1195 Vir
874 1164 988 1204 sapiens,

103 1204 189 1226 clu-nn*
196 1206 240 1232 oss·
252 1202 274 1230 si
285 1211 336 1231 non
346 1203 486 1232 confitetur
494 1203 646 1238 Christum,
659 1211 684 1233 et
697 1204 835 1233 manifesta
848 1211 915 1233 esset
925 1214 989 1249 gen-

251 1241 333 1270 tilitas
348 1242 433 1278 illius,
449 1249 475 1271 et
498 1243 520 1271 si
544 1242 712 1272 seducebaris
737 1253 785 1282 per
803 1254 873 1279 eam,
889 1244 989 1272 insama

251 1287 318 1316 erat,
332 1291 384 1318 qua
397 1281 567 1310 seducebaris
583 1293 589 1309 :
603 1291 673 1310 nunc
686 1289 773 1311 autem
786 1282 833 1320 qui
851 1283 991 1311 confitetur

252 1319 401 1356 Christum,
417 1319 463 1348 sed
476 1330 528 1348 non
549 1320 597 1356 sic,
613 1320 840 1358 quemadmodum
853 1321 990 1351 mandavit

253 1358 387 1395 Christus,
402 1359 567 1398 negligentia}
579 1365 631 1388 tuae
644 1366 694 1396 est,
709 1360 731 1388 si
745 1360 780 1388 ab
793 1370 824 1389 eo
843 1359 985 1389 seduceris.

254 1397 309 1434 Qui
320 1398 428 1426 enimin
440 1398 570 1427 occultam
585 1399 687 1427 foveam
700 1398 771 1428 cadit
785 1399 920 1438 negligens
934 1410 990 1429 esse

253 1437 364 1473 dicitur,
379 1437 442 1476 quia
455 1447 506 1466 non
534 1444 610 1466 caute
621 1438 760 1477 prospexit
777 1450 783 1466 :
798 1438 846 1477 qui
859 1446 947 1468 autem
962 1439 988 1468 in

253 1477 418 1505 manifestam
439 1477 543 1507 foveam
564 1476 646 1512 cadit,
661 1487 714 1506 non
726 1478 862 1516 negligens
878 1477 988 1516 dicitur,

252 1515 298 1544 sed
312 1515 429 1545 insanus.
446 1517 513 1552 Quae
526 1523 614 1545 autem
626 1516 661 1545 dc
674 1517 851 1546 similitudine
863 1517 990 1547 ecclesia—

252 1554 379 1584 sticorum
391 1555 579 1599 mysteriorum
601 1555 711 1591 dixisti,
727 1556 778 1585 hoc
791 1556 855 1586 audi
877 1567 990 1596 respon-

252 1605 323 1623 sum.
340 1596 474 1631 Quoniam
489 1602 514 1624 et
530 1595 607 1624 simia
629 1595 745 1624 hominis
764 1596 844 1625 habet
858 1596 988 1634 membra,

253 1640 278 1663 et
291 1644 339 1673 per
359 1634 445 1663 omnia
469 1634 604 1663 hominem
626 1634 759 1669 imitatur,
776 1635 908 1674 numquid
922 1647 988 1676 pro-

272 1680 342 1702 terea
361 1673 474 1702 dicenda
493 1681 532 1702 est
553 1674 653 1703 homo?
676 1675 721 1704 Sic
735 1682 760 1703 et
772 1675 880 1704 haeresis
898 1676 988 1707 omnia

253 1683 378 1742 lilcclesiae
392 1713 471 1741 habet
482 1720 508 1742 et
518 1713 638 1743 imitatur
649 1714 785 1753 mysteria,
800 1714 847 1743 sed
861 1724 913 1743 non
927 1723 989 1745 sunt

254 1752 390 1782 Ecclesiae.
406 1752 508 1782 Deinde
519 1753 604 1782 sciens
616 1753 758 1788 Dominus,
771 1754 834 1792 quia
848 1764 901 1783 non
914 1763 989 1785 crant

254 1792 385 1820 manifesti
412 1792 521 1831 gentiles
530 1815 538 1827 ,
564 1792 611 1821 sed
633 1793 781 1822 absconditi
806 1794 857 1822 suh
882 1794 989 1824 nomine

255 1831 427 1860 Christiano:
443 1831 502 1860 ideo
523 1842 576 1860 non
596 1831 682 1867 dixit,
699 1833 816 1872 Aspicite
832 1846 838 1861 :
855 1833 917 1870 sed,
931 1833 989 1864 At-

256 1871 382 1899 tendite:
396 1871 519 1910 Aspicere
541 1871 612 1900 enim
634 1878 673 1900 est
693 1872 849 1911 simpliciter
872 1873 987 1903 videre:

256 1909 389 1939 attendere
402 1918 500 1945 autem,
515 1917 555 1939 est
564 1918 640 1940 caute
653 1911 829 1941 considerare.
847 1913 904 1942 Ubi
918 1913 990 1943 enim

255 1956 327 1978 certa
343 1960 385 1978 res
397 1956 435 1978 est
453 1956 478 1978 et
498 1949 700 1987 indubitabilis,
716 1951 843 1990 aspicitur
858 1964 864 1980 :
878 1952 926 1981 uhi
940 1964 990 1982 au-

257 1995 309 2016 tem
322 1989 420 2017 incerta
431 1995 456 2018 et
467 1988 626 2018 dubitabilis
634 2012 641 2025 ,
655 1990 808 2020 attenditur.
825 1992 915 2021 Sciens
927 2003 991 2033 ergo

257 2027 391 2062 Christus,
405 2028 470 2066 quia
483 2035 521 2057 est
538 2028 565 2057 in
586 2028 640 2057 illis
661 2029 773 2068 aliquid,
786 2031 858 2069 quod
870 2031 930 2061 aliis
942 2043 990 2072 pro

257 2066 310 2095 alio
324 2067 476 2103 videbatur,
487 2067 522 2095 nli
527 2067 562 2096 ud
572 2068 684 2108 desuper
695 2070 822 2109 positum,
831 2071 908 2101 aliud
916 2071 990 2101 intus

248 2104 391 2135 ‘inclusum
407 2118 414 2134 ε
429 2106 488 2135 ideo
511 2107 596 2143 dixit,
611 2109 774 2146 Attendite,
793 2117 821 2139 ut
834 2111 912 2146 scias,
927 2111 991 2150 qula

256 2155 310 2174 non
323 2146 455 2185 corporali
469 2153 575 2186 aspectu
589 2147 777 2177 attendendum
791 2157 843 2185 est,
858 2150 906 2180 sed
920 2151 990 2190 vigi-

257 2184 339 2214 lantia
351 2185 495 2225 spirituali.
511 2186 540 2216 Si
558 2187 629 2216 enim
642 2189 816 2228 corporaliter
834 2190 896 2219 illos
916 2191 990 2230 aspi-

258 2224 322 2260 cias,
337 2235 492 2269 cognoscere
507 2236 558 2254 non
581 2233 661 2265 potes,
675 2228 737 2266 quia
758 2229 889 2259 schemata
908 2230 990 2260 Chri„

258 2264 398 2293 stianitatis
431 2264 538 2294 habent.
571 2267 638 2295 Nam
649 2289 656 2302 ,
681 2267 802 2297 homines
834 2269 972 2308 passibiles
982 2292 990 2306 ,

258 2303 392 2341 quomodo
410 2305 517 2343 potestis
531 2304 622 2334 videre
640 2307 776 2336 mendacia
790 2309 908 2337 veritatis
918 2309 993 2338 vela-

258 2343 328 2371 mine
350 2344 497 2382 cooperta?
511 2346 628 2374 Primum
654 2356 716 2386 ergo
741 2347 931 2376 attendendum
953 2356 991 2378 est

259 2392 306 2420 per
319 2393 397 2422 opera
419 2383 498 2412 bona.
515 2384 544 2413 Si
557 2385 627 2413 enim
646 2396 725 2424 opera
744 2386 855 2425 justitiae
869 2387 990 2424 facimus,

259 2428 284 2449 et
295 2432 309 2449 a
326 2422 401 2450 nullo
414 2433 502 2451 errore
516 2423 675 2463 decipimur,
688 2432 713 2454 et
727 2425 779 2464 ipsi
793 2436 897 2455 omnem
908 2428 992 2456 senti*

260 2470 319 2489 mus
328 2471 453 2490 errorem.
467 2463 534 2491 Nam
549 2463 605 2502 ipsa
620 2475 660 2492 res
673 2464 736 2494 fucit
747 2475 843 2501 errare,
858 2476 917 2504 quae
931 2466 993 2495 facit

258 2499 368 2529 alterius
387 2511 501 2529 errorem
524 2512 576 2530 non
597 2513 762 2541 cognoscere.
778 2506 847 2534 Nam
870 2505 917 2543 qui
939 2516 991 2535 non

258 2540 391 2577 cognoscit
403 2540 566 2569 mendacium
579 2542 697 2578 alterius,
708 2554 784 2573 suam
798 2554 849 2573 non
865 2544 992 2584 intelligit

256 2578 402 2608 veritatem.
420 2580 491 2618 Ergo
512 2581 639 2623 quamdiu
666 2582 732 2612 bona
761 2594 840 2623 opera
866 2584 989 2622 facimus,

1038 299 1187 321 veritatem.
1203 293 1247 323 Sic
1259 292 1403 333 et'peccata
1415 293 1583 333 peccantium
1597 303 1690 323 sensus
1701 301 1779 323 tene-

1036 331 1157 361 brescere
1172 332 1283 367 faciunt,
1299 339 1328 361 ut
1341 342 1394 362 non
1405 332 1526 362 videntes
1539 332 1720 369 mendacium,
1734 343 1780 363 αι·

1037 370 1102 399 daut
1123 371 1151 399 in
1166 371 1247 400 illud.
1262 371 1337 403 Vide
1357 372 1431 402 enim
1443 372 1479 401 ab
1491 371 1582 407 initio,
1595 383 1629 402 ex
1643 383 1698 412 quo
1710 372 1781 403 inter

1037 409 1159 439 homines
1171 411 1316 441 seminatus
1335 417 1375 441 est
1394 422 1470 441 error
1482 411 1558 448 fidei,
1570 422 1624 441 nou
1635 422 1710 442 error
1719 411 1779 442 dia-

1037 449 1143 478 holicus
1162 450 1223 479 fecit
1245 450 1367 480 homines
1389 451 1486 488 malos,
1509 450 1557 480 sed
1570 451 1692 481 homines
1712 452 1779 481 mali

1039 487 1202 518 diabolicum
1222 489 1274 518 sibi
1293 490 1412 520 fecerunt
1435 500 1563 520 errorem.
1590 491 1620 521 Si
1643 494 1719 521 erro‘r
1739 491 1778 520 fe-

1040 528 1118 557 cisset
1138 529 1260 558 homines
1277 529 1372 567 malos,
1386 530 1467 570 culpa
1486 535 1542 560 erat
1565 531 1628 568 Dei,
1641 531 1688 570 qui
1713 530 1780 560 tales

1041 567 1162 598 homiues
1191 568 1267 604 fecit,
1306 575 1337 598 ut
1367 569 1401 598 ab
1430 569 1567 599 erroribus
1594 569 1758 600 seducantur
1770 582 1777 599 :

1041 617 1112 636 nunc
1123 614 1212 637 autem
1222 608 1303 648 culpa
1313 615 1353 638 est
1363 608 1492 646 hominis,
1503 609 1551 648 qui
1563 610 1714 640 voluntarie
1723 609 1779 639 ele-

1043 646 1081 686 git
1098 657 1216 676 errorem
1228 660 1235 677 :
1249 648 1313 686 quia
1326 658 1379 677 non
1393 655 1506 689 possunt
1518 659 1622 679 errores
1635 648 1782 689 praevalere

1041 688 1070 715 in
1084 686 1213 722 homines,
1224 687 1276 716 nisi
1290 695 1395 727 pecoeta
1409 688 1601 728 praecesserint.
1617 689 1696 718 Prius
1709 688 1782 718 enim

1041 727 1156 765 peccatis
1167 727 1290 766 plurimis
1308 734 1456 758 excaecatur
1468 728 1560 764 homo,
1574 734 1601 757 et
1621 728 1659 757 sic
1679 727 1783 758 diaboli

1041 765 1194 795 seductione
1207 766 1343 796 seducitur
1352 790 1359 803 ,
1374 774 1400 797 et
1413 767 1485 797 cadit
1498 767 1526 796 in
1539 774 1662 797 mortem.
1678 768 1782 805 Quem-

1043 804 1188 834 admodum
1204 807 1275 835 enim
1289 807 1345 836 sole
1356 814 1478 836 manente
1497 817 1551 836 non
1564 807 1693 848 praevalet
1713 816 1782 846 nox,

1042 855 1102 874 cum
1126 852 1216 875 autem
1241 846 1381 876 accesserit
1394 846 1428 885 ad
1442 857 1576 882 occasum,
1593 853 1656 877 tunc
1669 854 1783 892 occupat

1042 884 1174 914 mundum
1190 897 1200 914 ι
1214 885 1252 915 sic
1264 886 1394 924 quamdiu
1407 886 1498 916 lumen
1507 887 1619 926 justitiae
1632 887 1660 916 in
1674 886 1783 916 homme

1042 923 1133 961 suerit,
1143 925 1250 954 tenebra
1262 925 1361 955 erroris
1371 936 1432 955 eum
1443 936 1496 955 non
1507 926 1694 966 apprehendit.
1709 927 1783 966 Ergo

1042 962 1120 992 honis
1127 965 1254 1003 operibus
1260 964 1429 1005 vigilandum
1436 972 1486 1001 est,
1494 966 1557 1004 quia
1563 975 1616 995 non
1625 976 1701 995 error
1708 975 1783 1006 gene-

1043 1009 1084 1031 rat
1091 1010 1207 1042 peccata,
1216 1003 1263 1033 sed
1288 1011 1375 1034 eccata
1382 1015 1511 1035 errorem.
1517 1005 1594 1036 Sicut
1603 1005 1782 1045 dicitsapien-

1044 1042 1091 1079 tia,
1104 1044 1144 1072 Im
1166 1043 1229 1073 ietas
1234 1050 1273 1073 tra
1295 1044 1316 1073 it
1324 1043 1499 1074 homin'emad
1506 1045 1780 1083 errorem.Attendite,
1792 1044 1904 1069 Νῦν-13-

1044 1082 1113 1110 sicut
1124 1093 1138 1111 a
1159 1090 1258 1119 monet,
1273 1083 1411 1121 attendite,
1425 1085 1503 1123 quasi
1515 1085 1572 1114 Deo
1589 1084 1675 1114 invito
1687 1084 1784 1116 diabo-

1044 1121 1088 1150 lus
1101 1122 1213 1153 haereses
1228 1123 1394 1153 introducat:
1410 1133 1464 1153 non
1479 1126 1535 1154 Deo
1549 1124 1645 1162 invito,
1657 1123 1704 1154 sed
1718 1135 1783 1164 per-

1045 1161 1174 1191 mittente.
1185 1163 1215 1192 Si
1227 1163 1299 1192 enim
1309 1170 1398 1202 gentes
1410 1173 1462 1192 non
1476 1163 1650 1194 credidissent
1663 1164 1691 1194 in
1704 1165 1785 1194 Chri-

1045 1207 1127 1238 stum,
1142 1202 1358 1242 intelligebamus
1371 1203 1499 1233 virtutem
1515 1203 1597 1233 fuisse
1609 1203 1723 1241 diaboli,
1735 1205 1784 1243 qui
1826 1210 1829 1212 '

1045 1247 1135 1278 gentes
1153 1241 1259 1271 credere
1292 1252 1344 1271 non
1367 1243 1499 1282 permisit.
1524 1244 1595 1273 Nam
1614 1244 1636 1274 si
1658 1243 1784 1274 diabotus

1045 1279 1150 1317 aliquid
1163 1282 1308 1320 potuisset,
1320 1282 1354 1311 ab
1368 1282 1445 1312 initio
1457 1283 1565 1313 credere
1579 1293 1631 1313 non
1645 1283 1783 1323 permisis-

1045 1325 1085 1346 set
1097 1330 1105 1347 :
1121 1329 1192 1348 nunc
1205 1327 1293 1349 autem
1305 1331 1340 1350 ex
1352 1331 1383 1350 eo
1400 1322 1474 1358 quod
1486 1333 1577 1352 omnes
1590 1329 1680 1363 gentes
1692 1322 1784 1352 credi-

1045 1356 1159 1394 derunt,
1173 1359 1220 1388 sed
1234 1366 1325 1399 postea
1338 1370 1373 1389 ex
1385 1361 1554 1391 credentibus
1566 1362 1640 1391 sactae
1653 1369 1716 1391 suut
1726 1362 1784 1392 hae-

1046 1406 1125 1432 reses,
1137 1398 1304 1428 manifestum
1317 1406 1355 1428 est
1368 1400 1431 1438 quia
1445 1410 1498 1429 non
1509 1402 1560 1430 fuit
1572 1401 1659 1430 virtus
1670 1401 1785 1437 diaboli,

1046 1435 1092 1464 sed
1111 1437 1252 1476 permissio
1271 1438 1332 1467 Dei.
1347 1439 1383 1468 Et
1395 1449 1478 1478 quare
1498 1441 1538 1470 sic
1555 1440 1694 1476 admouet,
1708 1441 1784 1479 quasi

1045 1475 1092 1513 qui
1117 1476 1233 1506 noluerit
1257 1477 1314 1506 fieri
1323 1478 1337 1507 Ξ)
1351 1479 1422 1515 Quia
1444 1489 1498 1508 non
1522 1480 1579 1509 sine
1600 1479 1704 1520 judicio
1725 1480 1785 1510 vult

1046 1524 1138 1544 servos
1150 1526 1213 1545 suos
1227 1517 1335 1553 habere,
1347 1517 1408 1547 ideo
1422 1518 1496 1548 misit
1509 1518 1691 1549 tentationem.
1706 1521 1784 1557 Quo·

1045 1554 1117 1583 niam
1131 1562 1218 1584 autem
1231 1566 1285 1586 non
1298 1556 1358 1586 vult
1370 1568 1418 1597 per
1430 1557 1608 1597 ignorantiam
1626 1569 1672 1588 eos
1684 1559 1783 1598 perire,

1045 1592 1106 1622 ideo
1132 1594 1267 1625 admonet.
1284 1595 1351 1625 Ideo
1373 1598 1544 1627 tentationem
1569 1598 1650 1628 mittit
1674 1608 1708 1627 ne
1721 1599 1786 1628 mali

1044 1643 1107 1662 cum
1121 1633 1199 1663 bonis
1221 1642 1381 1665 coronentur
1397 1648 1404 1665 ε
1425 1636 1486 1666 ideo
1499 1645 1589 1667 autem
1601 1637 1736 1675 admonet,
1751 1649 1787 1669 ne

1045 1671 1110 1701 boni
1121 1683 1183 1702 cum
1194 1674 1272 1705 malis
1283 1683 1400 1715 pereant.
1409 1676 1566 1707 Attendite
1573 1679 1658 1707 vobis
1668 1687 1688 1706 a
1691 1677 1786 1718 falsis·

1043 1714 1199 1751 prophetis.
1214 1715 1352 1755 Scriptum
1362 1723 1412 1750 est,
1427 1717 1528 1746 Omnis
1539 1718 1588 1747 lez·
1601 1723 1629 1747 et
1637 1718 1786 1757 prophetoe
1796 1730 1880 1753 araus,
1896 1735 1904 1754 ι

1045 1761 1136 1792 usque
1149 1754 1190 1782 ad
1200 1755 1348 1783 Joarmem
1365 1767 1373 1784 .·
1389 1765 1443 1785 non
1456 1756 1520 1796 quia
1539 1756 1626 1786 futuri
1638 1766 1692 1786 non
1711 1764 1785 1788 erant
1797 1762 1833 1784 13-

1043 1798 1104 1830 post
1116 1793 1246 1822 Joaunem
1261 1807 1267 1823 :
1283 1794 1392 1825 fuerunt
1413 1796 1485 1825 euim
1498 1803 1525 1826 et
1539 1797 1648 1835 Agabus
1669 1803 1696 1826 et
1715 1797 1785 1827 Silas

1044 1837 1070 1859 et
1083 1832 1174 1870 multi;
1189 1833 1236 1862 sed
1255 1835 1318 1873 qnia
1330 1835 1470 1875 prophetia
1493 1835 1528 1865 de
1541 1836 1650 1866 Christo
1662 1846 1716 1872 non
1729 1843 1786 1866 erat

1044 1878 1156 1901 ventura
1191 1879 1232 1902 ost
1244 1884 1317 1902 eum.
1337 1874 1410 1915 Ergo
1422 1882 1483 1915 post
1501 1876 1632 1906 ,Ioannem
1643 1875 1785 1916 prophetia

1044 1910 1155 1948 quidem
1182 1923 1196 1940 e
1205 1913 1312 1942 Christo
1317 1913 1408 1944 futuro
1417 1915 1541 1952 cessavit,
1552 1915 1689 1955 prophetat
1697 1922 1786 1945 autem

1045 1956 1071 1978 et
1083 1950 1192 1980 suerunt
1205 1959 1231 1981 et
1243 1959 1326 1982 sunt:
1341 1954 1389 1983 sed
1407 1964 1461 1983 nou
1480 1955 1528 1993 qui
1548 1954 1739 1995 prophetarent
1751 1954 1786 1984 de

1046 1989 1164 2028 Christo,
1174 1991 1220 2020 sed
1231 1993 1278 2030 qui
1290 1993 1528 2033 interpretarentur
1538 2005 1579 2031 ea,
1610 2005 1650 2023 uae
1662 1994 1697 2024 de
1705 1994 1786 2024 Chri-

1046 2035 1086 2057 sto
1099 2030 1134 2058 ab
1146 2031 1263 2069 antiquis
1276 2034 1378 2062 fuerant
1393 2034 1550 2073 prophetata
1563 2046 1570 2062 ε
1583 2033 1592 2061 i
1625 2040 1676 2070 est,
1691 2033 1782 2063 docto-

1046 2078 1088 2097 res
1110 2070 1303 2101 Ecclesiarum.
1317 2072 1368 2102 Sed
1390 2079 1416 2102 et
1434 2083 1525 2102 omnes
1548 2072 1694 2102 Christiani
1719 2083 1786 2112 pro-

1046 2107 1132 2146 phetae
1151 2110 1290 2148 dicuntur,
1303 2111 1389 2151 quiin
1403 2122 1515 2151 regnum
1528 2112 1593 2141 etin
1608 2111 1786 2142 sacerdotium

1046 2153 1072 2176 et
1086 2147 1113 2176 in
1128 2149 1297 2189 prophetiam
1310 2158 1456 2192 unguntur.
1470 2152 1526 2181 Nec
1538 2151 1610 2180 enim
1626 2158 1711 2192 potest
1724 2151 1787 2190 quis

1045 2189 1214 2229 propheticos
1221 2190 1387 2232 interpretari
1393 2190 1551 2228 sensus,nisi
1561 2191 1655 2221 habeat
1660 2191 1785 2231 spiritum

1046 2228 1202 2269 prophetiae·
1225 2231 1287 2260 Haec
1305 2238 1394 2260 autem
1411 2231 1543 2267 diximus,
1564 2237 1594 2260 ut
1606 2231 1785 2267 ostendamus,

1046 2268 1110 2307 quia
1125 2269 1270 2309 prophetae,
1282 2270 1317 2300 de
1330 2271 1428 2309 quibus
1442 2271 1563 2310 loquitur
1583 2270 1719 2308 Christus,
1734 2270 1785 2300 do-

1045 2316 1131 2338 ctores
1155 2309 1293 2339 dicuntur.
1320 2311 1412 2340 Sciens
1437 2321 1501 2350 ergo
1524 2309 1657 2340 Dominus
1680 2310 1787 2339 futuros

1045 2359 1101 2377 esse
1114 2349 1195 2378 falsos
1214 2349 1336 2379 doctores
1359 2350 1491 2380 haeresum
1507 2350 1683 2385 diversarum,
1694 2355 1786 2378 eontra

1046 2398 1122 2417 veros
1129 2388 1268 2434 doctores,
1283 2390 1330 2428 qui
1342 2390 1496 2430 Scripturas
1508 2388 1676 2429 propheticas
1685 2395 1712 2418 et
1724 2399 1739 2417 a
1759 2398 1787 2418 0-

1046 2428 1151 2457 stolicas
1162 2439 1286 2468 perversa
1297 2429 1514 2468 interpretatione
1520 2426 1733 2465 confunderent,i
1755 2438 1786 2457 eo

1045 2477 1093 2505 per
1106 2468 1239 2506 apostolos
1253 2479 1315 2498 suos
1328 2468 1449 2498 omnium
1466 2467 1651 2497 Ecclesiarum
1663 2466 1786 2497 doctores

1044 2506 1169 2536 admonet
1182 2507 1273 2537 dicens
1289 2521 1296 2537 z
1312 2507 1469 2538 Attendite
1482 2509 1571 2536 vobis·
1581 2517 1601 2536 a
1605 2506 1700 2552 ¹falsis
1713 2517 1787 2547 pro-

1042 2547 1147 2584 phetis.
1161 2547 1196 2576 Et
1207 2557 1240 2576 ne
1252 2548 1319 2577 forte
1329 2547 1402 2577 dicat
1415 2546 1514 2585 aliquis
1529 2546 1667 2575 haereticus
1680 2545 1783 2583 doctor,

1045 2585 1108 2622 quia
1125 2596 1176 2615 non
1188 2586 1259 2616 dixit
1270 2597 1317 2616 nos
1331 2586 1411 2616 salsos
1420 2586 1574 2626 prophetas,
1585 2585 1634 2615 sed
1646 2585 1785 2625 gentilium
