1890 2826
683 169 719 191 nv
743 167 870 198 ιεΛιΑΜ,
899 168 972 191 cm».
1000 170 1034 192 ιι.
1619 160 1660 194 25

97 233 145 267 τ’ἥς
157 231 292 271 στρατείας
303 233 348 260 τοῦ
361 231 493 270 βαρὸάρου
506 242 511 248 ·
532 230 574 260 διὰ
589 229 616 259 δὲ
631 232 676 259 τοῦ
691 229 819 267 Σιλωὰμ,
837 229 867 257 τὸ

97 282 180 317 πρᾶον
194 276 238 306 καὶ
249 275 360 309 ἐπιεικὲς
373 278 419 305 τοῦ
429 275 488 305 τότε
509 276 633 316 ἄρχοντος
644 297 652 311 ,
672 278 717 304 τοῦ
731 276 783 303 τῶν
798 274 862 303 Ἴου--

97 321 175 350 δαίων
190 320 326 360 βασιλέως.
340 320 392 350 Καὶ
405 320 487 354 οὐδεὶς
500 321 559 349 οὐδὲ
572 322 624 349 τῶν
636 319 735 360 σφόδρα
749 319 866 354 ἀνοήτων

95 365 159 407 πρὸς
171 370 256 397 ταῦτα
269 369 333 406 ἡμῖν
348 368 458 406 ἀντερεῖ.
471 366 575 406 Ὥσπερ
585 366 636 406 γὰρ
650 361 694 396 οὖν
708 367 794 395 ἐκεῖνα
808 365 867 394 ἑτέ-

97 422 150 451 ροις
163 411 273 450 ὀνόμασι
287 410 461 450 παρεδηλώθη
473 433 481 447 ,
502 410 571 440 οὕτω
584 410 629 440 καὶ
643 412 691 445 τῆς
705 409 867 444 Ἐκκλησίας

94 458 125 487 τὸ
146 457 270 497 στερῤὸν,
283 457 332 486 ΙΙτὸ
343 456 465 492 ἀκίνητον
477 479 485 492 ,
499 457 530 486 τὸ
543 456 659 496 ὑψηλὸν,
673 455 704 485 τὸ
720 455 865 495 ἀχείρωτον

95 503 138 533 διὰ
149 505 197 538 τῆς
204 507 250 532 τοῦ
260 503 333 543 ὄρους
343 502 448 541 ᾐνίξατο
457 502 642 543 προσηγορίας.
653 502 706 531 Καὶ
713 501 765 541 γὰρ
779 502 867 541 ἕτερος

94 549 231 590 προφήτης
249 548 310 582 τοὺς
330 547 487 582 πεποιθότας
506 548 549 577 ἐπὶ
564 548 608 577 τὸν
620 547 689 577 Θεὸν
708 547 763 587 ὄρει
776 559 864 586 παρα-

94 595 187 624 δᾶλλει
196 618 204 631 ,
217 594 248 624 τὸ
261 594 474 632 ἀκαταγώνιστον
488 595 574 623 αὐτῶν
585 593 788 632 ἐνδεικνύμενος.
799 594 866 632 Ἐμ-

93 641 181 681 φανές.
197 642 284 670 Τοῦτο
297 640 356 670 οὗδὲ
373 642 420 675 τῆς
441 640 492 669 ἀπὸ
514 643 559 669 τοῦ
581 640 659 679 λόγου
673 639 764 669 λοιπὸν
779 641 864 679 ἑρμη-

93 686 163 720 νείας
191 688 285 716 δεῖται.
311 686 404 720 Οὕτως
429 686 496 722 αὐτὴ
511 688 563 715 τῶν
578 686 742 726 πραγμάτων
759 688 776 721 ἡ
789 685 865 726 φύσις

93 733 237 773 σάλπιγγος
249 733 436 773 λαμπροτέραν
453 732 541 773 φωνὴν
555 732 664 772 ἀφίησι,
684 731 714 761 τὸ
725 732 865 772 περιφανὲς

92 780 275 819 ἓνδεικνυμένη
288 781 335 815 τῆς
354 779 524 816 Ἐκκλησίας.
537 813 540 815 Α
551 780 591 809 Οὐ
618 778 669 818 γὰρ
691 778 773 812 οὕτως
791 778 866 814 ἥλιος

92 825 185 864 φανὸς,
199 825 257 856 οὖδὲ
270 826 301 855 τὸ
314 827 345 855 ἐκ
367 825 458 854 τούτου
480 827 534 865 φῶς
547 847 555 859 ,
574 826 610 857 ὥς
629 826 676 860 τῆς
702 824 866 860 Ἐκκλησίας

92 871 126 900 τὰ
139 871 295 912 πράγματα.
311 871 364 901 Καὶ
378 871 429 911 γὰρ
442 873 456 900 ὁ
470 865 540 904 οἶκος
560 873 606 900 τοῦ
621 871 692 900 Θεοῦ
715 872 755 900 ἐπ’
777 870 866 911 ἄκρων

93 918 147 946 τῶν
160 916 249 957 ὀρέων.

132 968 195 1001 Πῶς
213 968 244 997 ἂν
260 971 337 998 τοῦτο
359 968 542 1008 ἑρμηνεύσειεν
558 970 573 997 ὃ
590 969 727 1005 Ἰουδαῖος;
739 969 865 1007 Οὖδαμοῧ
883 970 901 993 C

91 1013 142 1053 γὰρ
154 1015 196 1043 ἐπ’
213 1014 300 1053 ἄκρων
314 1016 366 1044 τῶν
379 1015 461 1054 ὀρέων
472 1016 486 1043 ὁ
499 1014 560 1048 ναός
575 1015 647 1044 ἐστιν
657 1026 663 1033 ·
684 1016 701 1049 ἡ
717 1013 807 1052 μέντοι
820 1016 867 1049 τ’ἤς

92 1059 255 1096 Ἐκκλησίας
269 1059 379 1098 δύναμις
392 1060 479 1089 αὗτῶν
492 1059 581 1099 ἥψατο
597 1062 651 1089 τῶν
662 1060 788 1099 οὐρανῶν.
814 1059 867 1088 Καὶ

94 1106 190 1135 ὡσανεὶ
208 1101 278 1139 οἶκος
290 1105 357 1145 ὑπὲρ
370 1107 486 1145 κορυφῆς
500 1107 568 1145 ὀρῶν
583 1105 701 1144 κείμενος
715 1104 795 1134 πᾶσίν
810 1106 867 1133 ἐστι

91 1151 254 1187 κατάδηλος,
280 1150 349 1181 οὕτω
362 1151 408 1180 καὶ
422 1152 515 1188 πολλῷ
537 1151 616 1180 πλέον
641 1150 707 1186 αὗτὴ
721 1149 867 1189 περιφανὴς

89 1202 170 1227 πᾶσιν
194 1196 339 1236 ἀνθρώποις
362 1196 461 1236 γέγονε.
486 1197 540 1226 Καὶ
553 1196 721 1236 ὑψωθήσεται
744 1195 866 1235 ὑπεράνω

90 1245 142 1272 τῶν
159 1245 268 1282 βουνῶν.
281 1242 322 1271 Τὸ
337 1243 400 1272 αὐτὸ
412 1244 489 1271 τοῦτο
503 1241 583 1271 πάλιν
603 1241 786 1281 ὴρμήνευσεν,
801 1241 865 1281 ὅπερ

87 1288 132 1318 ἐπὶ
158 1292 205 1318 τοῦ
220 1290 282 1317 ναοῦ
302 1288 426 1318 οὐδέποτε
445 1287 542 1323 συνέὸη
551 1309 559 1324 ,
585 1287 644 1317 οὐδὲ
666 1286 744 1322 ἡνίκα
771 1286 866 1326 ἄριστα

89 1334 214 1374 πράττειν
225 1333 319 1363 ἐδόκει.
332 1335 397 1367 Πῶς
408 1334 469 1374 γὰρ,
480 1334 545 1363 ὅπου
554 1345 585 1373 γε
598 1333 644 1363 καὶ
655 1335 699 1362 ὑπ’
711 1333 798 1362 αὐτῶν
811 1335 863 1361 τῶν

88 1379 221 1410 Ἰουδαίων
240 1381 367 1413 πολλάκις
381 1379 541 1418 ἧτιμᾶζετο,
557 1378 602 1408 καὶ
622 1378 673 1407 ὑπὸ
696 1378 865 1418 βαρὸαρικῶν

88 1426 226 1466 ἠφανίζετο
238 1427 351 1466 χειρῶνς
373 1425 409 1455 Ἥ
424 1425 452 1455 δὲ
466 1427 514 1460 τῆς
526 1423 687 1460 Έκκλησίας
708 1423 783 1463 ἰσχὺς
803 1425 865 1452 ἐπο-

88 1471 192 1510 λεμήθη
207 1469 254 1510 μὲν
268 1471 369 1500 ἐκείνου
391 1470 579 1511 χαλεπώτερον
592 1469 638 1499 καὶ
649 1468 729 1498 πλέον
739 1481 746 1487 ·
769 1464 820 1503 εἶξε
836 1468 863 1498 δὲ

86 1518 211 1548 οὐδέποτε
235 1521 294 1550 ταῖς
306 1519 357 1546 τῶν
372 1516 564 1555 πωλεμούντων
577 1515 677 1555 χερσὶν,
693 1516 751 1544 ἀλλ’
766 1515 865 1554 ὑψηλο-

86 1564 151 1603 τέρα
173 1563 218 1593 nal
240 1563 449 1603 περιφανεστέρα
464 1561 581 1601 μάλιστα
595 1561 646 1590 ὑπὸ
658 1562 711 1590 τῶν
730 1560 863 1599 πολεμίων

87 1610 194 1649 ἐγίνετο.
209 1608 279 1638 Τότε
293 1612 354 1649 γοῦν
369 1610 422 1638 τῶν
438 1607 577 1648 μαρτύρων
593 1608 617 1637 οἱ
631 1608 726 1645 δῆμοι,
741 1607 800 1636 τότε
810 1609 862 1636 τῶν

86 1658 256 1695 ὁμολογητῶν
269 1655 304 1684 τὰ
316 1654 421 1690 πλήθη,
441 1654 501 1691 τότε
513 1655 540 1682 αἱ
561 1653 668 1692 σιδήρου
693 1652 863 1692 στερῤότεραι

85 1701 271 1732 ἀπεδείκνυντο
283 1695 384 1741 ψυχαὶ,
405 1700 450 1730 καὶ
471 1702 524 1729 τῶν
538 1699 656 1739 ἀστέρων
671 1700 756 1728 αὐτῶν
781 1700 859 1737 ἀκρι-

86 1748 208 1788 ὅέστερον
220 1747 339 1786 ἔλαμπον
348 1767 357 1781 ,
370 1747 422 1774 τῶν
436 1745 483 1784 μὲν
494 1745 624 1783 σωμάτων
640 1746 727 1776 αὐτοῖς
740 1755 857 1773 κατακο-

85 1793 236 1833 πτομένων,
258 1795 305 1828 τῆς
319 1791 426 1832 γνώμης
442 1790 470 1820 δὲ
483 1792 512 1820 οὗ
527 1790 674 1829 νικωμένης
685 1811 693 1824 ,
715 1789 782 1818 ἀλλὰ
796 1801 860 1828 κρα-

84 1838 180 1874 τούσης
200 1838 245 1868 καὶ
276 1836 498 1877 στεφανουμένης.
528 1835 578 1869 Τίς
601 1832 653 1865 ε’ἶδε
666 1857 674 1871 ,
697 1835 737 1868 τίς
763 1835 861 1871 ἤκουσε

83 1884 159 1924 φόνον
170 1884 295 1924 στέφανον
307 1882 420 1922 φέροντα
429 1903 437 1917 ,
451 1882 496 1911 καὶ
510 1882 613 1922 σφαγὴν
627 1882 702 1917 νίκην
717 1880 860 1921 ἐργαζομέ-

922 236 964 258 ῑιιι·
989 230 1036 259 illa
1058 231 1119 261 aliis
1140 239 1201 262 sunt
1226 243 1350 272 expressa
1374 233 1542 270 nominihus,
1556 233 1594 262 sic
1615 233 1662 262 ille

921 276 1047 305 Ecclesiae
1067 278 1235 314 firmitatem,
1257 278 1490 315 immobilitatem,
1509 279 1660 308 sublimita-

918 328 982 354 tem,
994 322 1206 362 inexpugnabile
1222 323 1316 360 robur,
1332 324 1430 353 montis
1446 324 1554 354 nomine
1565 324 1659 354 subin-

885 370 902 392 B
918 367 1029 397 dicavit.
1046 369 1082 398 Et
1101 369 1171 398 alius
1189 369 1320 409 propheta
1339 369 1401 398 illos
1414 369 1461 408 qui
1481 369 1619 399 confidunt
1633 370 1660 399 in
1671 375 1735 397 Psal.
1750 374 1799 405 124.

918 413 1034 443 Domino
1048 414 1131 443 monti
1147 422 1293 454 comparat,
1305 414 1432 445 invictam
1445 412 1540 444 eorum
1554 415 1659 444 fortitu·
1675 413 1695 427 ¹·

918 459 1010 489 dinem
1032 460 1183 490 ostendens.
1212 461 1399 502 Manifestus.
1426 460 1459 490 ld
1483 461 1557 490 nulla
1580 461 1658 491 dein—

918 516 980 546 ceps
994 506 1210 547 interpretatione
1232 507 1345 547 indiget.
1361 507 1406 537 Sic
1426 507 1484 547 ipsa
1507 518 1597 536 rerum
1609 518 1659 537 na-

918 559 978 582 tura
999 553 1063 582 tuba
1085 554 1226 583 clariorem
1249 554 1347 584 emittit
1367 564 1475 589 vocem,
1490 553 1660 593 splendorem

917 599 1058 629 ostendens
1076 600 1213 630 Ecclesiae.
1235 600 1342 630 Etenim
1360 610 1445 638 neque
1459 600 1498 629 sol
1519 601 1555 629 ita
1567 601 1659 640 splen—

917 645 1013 682 didus,
1034 656 1119 684 neque
1136 646 1193 686 ejus
1209 647 1259 676 lux
1276 647 1311 676 ita
1332 646 1402 676 clara
1419 653 1473 682 est,
1491 653 1519 675 ut
1539 653 1601 675 sunt
1618 657 1660 675 res

916 690 950 719 ad
963 691 1109 720 Ecclesiam
1124 699 1281 732 spectantes.
1295 694 1363 723 Nam
1379 692 1491 721 Domus
1504 693 1561 721 Dei
1572 702 1659 730 supra

917 739 1058 767 verticem
1070 740 1221 768 montium.

956 967 983 995 5.
1005 965 1148 1003 Quomodo
1162 965 1218 994 haec
1233 967 1419 1004 interpretatus
1432 963 1513 993 fuerit
1527 965 1544 994 J
1548 964 1639 994 udaeus
1648 964 1662 993 .⁹

917 1011 1061 1050 Templum
1075 1011 1146 1040 enim
1157 1021 1209 1040 non
1222 1017 1262 1040 est
1275 1021 1355 1050 supra
1370 1009 1497 1040 verticem
1510 1011 1640 1039 montium
1654 1023 1660 1039 ι

918 1057 1045 1086 Ecclesiae
1064 1064 1153 1086 autem
1175 1063 1292 1097 potestas
1307 1057 1380 1096 ipsos
1399 1056 1506 1097 attingit
1522 1057 1610 1086 caelos.
1627 1057 1662 1086 Et

917 1103 993 1141 quasi
1002 1102 1099 1132 domus
1110 1114 1191 1142 supra
1202 1102 1330 1132 verticem
1338 1102 1472 1132 montium
1482 1102 1567 1141 posita
1577 1102 1662 1131 omni-

916 1148 968 1177 bus
991 1154 1031 1177 est
1051 1148 1199 1185 manifesta,
1213 1149 1252 1177 sic
1273 1154 1300 1177 et
1322 1148 1408 1178 multo
1428 1148 1514 1187 magis
1536 1147 1662 1176 omnibus

917 1194 1061 1233 conspicua
1078 1193 1235 1223 hominibus
1255 1193 1302 1222 illa
1316 1193 1409 1223 evasit.
1427 1194 1469 1222 Ec
1483 1193 1664 1222 exaltabitur

917 1249 1004 1277 super
1015 1239 1115 1268 colles.
1129 1239 1187 1268 Hoc
1196 1239 1287 1279 ipsum
1301 1249 1396 1268 rursus
1409 1238 1598 1278 interpretatus
1609 1245 1660 1276 est,
1678 1267 1688 1273 ,

917 1284 991 1323 quod
1005 1285 1105 1325 templo
1126 1280 1175 1314 sslo
1194 1295 1341 1324 numquam
1357 1279 1480 1324 contigit,
1494 1294 1580 1323 neque
1599 1295 1661 1314 cum

917 1330 1034 1360 maxime
1043 1330 1138 1360 florere
1146 1331 1294 1364 videretur.
1310 1330 1453 1367 Quomodo
1464 1330 1537 1359 enim
1548 1329 1583 1359 de
1595 1337 1661 1359 tem-

917 1375 963 1416 plo
977 1376 1181 1416 intelligeretur,
1197 1376 1271 1415 quod
1284 1377 1319 1405 ab
1334 1375 1401 1416 ipsis
1415 1377 1433 1406 J
1435 1376 1518 1408 udaeis
1536 1386 1605 1415 saepe
1616 1375 1659 1404 in-

882 1434 901 1456 1)
917 1421 1114 1459 honorabatur,
1135 1422 1366 1461 barbarorumque
1389 1421 1514 1450 manibus
1531 1420 1660 1450 dirueba-

915 1468 978 1497 tur?
988 1468 1115 1498 Ecclesiae
1125 1475 1213 1498 autem
1222 1468 1351 1497 fortitudo
1358 1467 1542 1498 vehementIus
1549 1467 1659 1506 saepius-

917 1525 970 1554 que
997 1525 1079 1553 quam
1102 1515 1234 1554 templum
1256 1515 1411 1555 impugnata
1430 1513 1657 1551 fuittnumquam

916 1571 981 1591 vero
1004 1561 1083 1590 cessit
1104 1571 1131 1590 se
1149 1561 1363 1601 oppugnantium
1389 1560 1529 1596 manibus,
1543 1559 1590 1588 sed
1609 1570 1657 1588 ex-

914 1607 1010 1637 celsior
1036 1607 1223 1644 illustriorque
1249 1607 1366 1636 maxime
1387 1607 1421 1635 ab
1442 1606 1564 1635 hostibus
1588 1606 1657 1635 facta

913 1661 959 1683 cst.
987 1655 1064 1683 Tunc
1087 1661 1238 1694 martyrum
1262 1661 1362 1688 eoetus,
1384 1661 1449 1683 tunc
1475 1653 1668 1682 consessorum‘

912 1699 1076 1737 multitudo,
1100 1707 1164 1729 tunc
1184 1700 1255 1728 ferro
1284 1699 1417 1729 firmiores
1442 1699 1538 1728 animae
1562 1705 1654 1727 osten-

911 1744 1060 1782 debantur,
1087 1745 1208 1785 ipsisque
1236 1745 1321 1774 stellis
1347 1744 1544 1784 splendidiores
1569 1751 1654 1779 erant,

912 1791 1026 1820 concisis
1047 1791 1223 1830 corporibus,
1248 1790 1345 1820 animis
1364 1790 1475 1819 minime
1496 1790 1592 1825 victis,
1608 1789 1655 1818 scd

910 1836 1081 1866 vincentibus
1102 1843 1128 1866 ct
1148 1836 1289 1870 coronatis,
1316 1836 1386 1873 Quis
1410 1835 1497 1873 vidit,
1519 1835 1580 1874 quis
1602 1846 1652 1865 au-

910 1882 980 1913 divit
999 1882 1098 1912 caedem
1121 1889 1223 1922 gestare
1244 1892 1380 1919 coronam,
1391 1881 1587 1922 jugulationem
1610 1882 1653 1911 vi-

83 1943 147 1967 νην,
160 1930 206 1959 καὶ
219 1930 279 1959 τότε
292 1928 322 1958 τὸ
334 1928 509 1966 στρατόπεδον
524 1927 706 1968 λαμπρότερον
714 1927 858 1966 γινόμενον,
875 1943 893 1965 Ε
910 1929 1020 1958 etoriam
1043 1935 1237 1969 reportantem,
1256 1935 1373 1967 tuncque
1394 1927 1541 1957 exercitum
1560 1928 1652 1967 splen-

83 1977 128 2006 ὅτε
141 1976 248 2009 πλείους
259 1978 283 2005 οἱ
295 1973 470 2014 σφαττόμενοι
482 1973 556 2013 παρὰ
567 1975 619 2003 τῶν
635 1973 770 2012 πολεμίων
783 1973 859 2013 ἐφαί-
910 1974 1043 2004 didiorem
1074 1974 1215 2011 effectum,
1244 1984 1305 2003 cum
1335 1974 1427 2013 plures
1449 1973 1501 2002 visi
1532 1980 1594 2002 sunt
1618 1974 1652 2003 ab

82 2032 170 2057 νοντο;
189 2019 242 2050 Καὶ
254 2019 359 2055 ἥξουσιν
371 2019 414 2047 ἐπ’
431 2020 503 2058 αὐτῷ
514 2017 602 2047 πάντα
620 2018 654 2047 τὰ
668 2017 738 2052 ἔθνη.
752 2018 858 2058 Προϊὼν
909 2020 1032 2050 hostibus
1049 2020 1191 2060 jugulari?
1206 2021 1247 2049 Et
1269 2022 1388 2048 venient
1408 2020 1448 2048 ad
1465 2029 1529 2048 eam
1552 2030 1651 2049 omnes

82 2067 240 2107 σαφέᾶτερος
254 2067 268 2095 ὅ
279 2064 417 2105 προφήτης
439 2063 555 2104 γίνεται,
570 2063 615 2093 καὶ
634 2064 733 2102 μᾶλλον
755 2064 855 2092 ἀνακα-
908 2072 1016 2106 gentes.
1030 2067 1177 2105 Progressa
1193 2065 1291 2094 clarior
1308 2065 1424 2094 efficitur
1437 2065 1576 2105 propheta,
1592 2075 1649 2094 ser·
1696 2079 1803 2101 Validam

81 2112 176 2142 λύπτει
185 2112 228 2141 τὸν
239 2110 326 2150 λόγον,
339 2109 386 2139 καὶ
396 2109 550 2150 τρανότερον
565 2109 680 2139 δείκνυσι
694 2109 742 2145 τὴν
756 2120 858 2149 προφη-
908 2122 1014 2142 monem
1036 2111 1121 2150 magis
1143 2111 1253 2150 retegit,
1275 2110 1518 2150 dilucidioremque
1540 2110 1650 2140 exhibet
1658 2111 1801 2163 3⁰2¹Sr11113-

1674 2150 1689 2162 kk·
1730 2150 1740 2163 C
1792 2157 1797 2163 ο

81 2157 167 2194 τείαν,
180 2157 226 2186 καὶ
239 2155 424 2196 ἀκριὸέστερον
438 2154 603 2195 ἀπορράπτει
610 2157 663 2184 τῶν
677 2154 810 2184 Ἰουδαίων
824 2154 857 2183 τὰ

81 2202 208 2241 στόματα.
223 2203 310 2232 Τοῦτο
322 2201 390 2241 γὰρ,
417 2201 463 2230 καὶ
476 2203 499 2230 εἷ
514 2200 616 2241 σφόδρα
639 2201 836 2240 ἀναισχυντοῑεν
847 2228 855 2241 ‚

80 2249 110 2277 οὗ
125 2247 277 2284 δυνήσονται
291 2247 304 2264 ¹³
313 2249 351 2287 τῷ
366 2249 451 2276 αὐτῶν
463 2248 518 2287 ναῷ
536 2246 660 2286 ἁρμόσαι.
678 2245 731 2275 Καὶ
743 2245 794 2284 γὰρ
808 2246 854 2274 καὶ

81 2293 246 2333 ἀπηγόρευτο
259 2315 266 2329 ,
290 2292 335 2322 καὶ
356 2294 413 2331 μεθ’
429 2292 579 2333 ὓπερὸολῆς
592 2291 727 2321 κεκώλυτο
741 2291 801 2326 ἔθνη
817 2292 854 2324 εἷς

79 2339 124 2369 τὸν
144 2339 205 2368 ναὸν
217 2339 333 2368 εἰσιέναι.
349 2339 403 2368 Καὶ
415 2338 442 2368 τί
463 2338 532 2378 λέγω
543 2339 579 2372 εἷς
593 2338 637 2367 τὸν
652 2337 712 2367 ναὸν
727 2336 834 2366 εἰσιέναι
843 2359 851 2373 ,

908 2157 1087 2197 prophetiam,
1100 2156 1302 2195 accuratiusque
1312 2156 1470 2186 Judaeorum
1479 2156 1583 2186 consuit
1591 2166 1646 2186 ora.

907 2206 964 2235 Hoc
978 2204 1060 2241 enim,
1072 2203 1176 2233 etiamsi
1189 2203 1335 2232 admodum
1347 2203 1516 2244 impudentes
1524 2204 1586 2238 sint,
1594 2214 1647 2233 non

907 2258 1031 2292 poterunt
1044 2251 1080 2280 ad
1093 2251 1225 2290 templum
1237 2261 1317 2279 suum
1331 2251 1438 2280 referre.
1454 2252 1489 2280 At
1501 2252 1571 2280 enim
1585 2262 1647 2290 pro-

905 2298 1021 2327 hibitum
1033 2296 1188 2335 erat‚idque
1199 2295 1396 2325 accuratissime
1406 2296 1646 2334 observabatur‚ne

905 2351 994 2384 gentes
1003 2344 1030 2372 in
1041 2342 1173 2382 templum
1183 2341 1333 2371 introirent.
1346 2342 1451 2381 Ecquid
1461 2342 1522 2371 dico
1534 2343 1560 2371 in
1575 2349 1642 2371 tem-

80 2390 145 2420 ὅπου
159 2401 189 2429 γε
200 2389 245 2419 καὶ
266 2390 353 2423 αὐτοῖς
366 2389 434 2428 μετὰ
444 2390 544 2424 πολλῆς
557 2391 605 2424 τῆς
617 2390 726 2423 ἀπειλῆς
742 2389 756 2417 ὁ
775 2387 853 2427 νόμος
865 2417 889 2436 ²2
905 2390 981 2430 plum
994 2389 1120 2425 introire,
1133 2387 1240 2427 quando
1256 2388 1322 2427 ipsis
1337 2388 1382 2418 lex
1393 2399 1454 2417 cum
1468 2389 1543 2428 gravi
1556 2389 1640 2418 inter—

81 2439 227 2478 ἀπηγόρευε
241 2438 288 2472 τὰς
301 2440 353 2467 τῶν
365 2439 444 2468 ἐθνῶν
456 2438 601 2477 ἐπιμιξίας,
622 2438 667 2467 καὶ
676 2438 724 2474 τὴν
739 2438 851 2478 ἔσχατον
867 2446 886 2468 Α
904 2436 1049 2466 minatione
1061 2435 1221 2475 prohibebat
1231 2444 1264 2463 ne
1275 2445 1336 2463 cum
1350 2435 1474 2473 gentibus
1484 2428 1643 2464 commisce-

114 2537 124 2549 κ
142 2530 182 2554 lta
192 2530 252 2563 neg.
263 2535 288 2553 ct
297 2528 375 2554 Savil.
389 2529 419 2553 ln
428 2528 517 2554 Morel.
531 2533 556 2555 rb
567 2533 668 2557 ἀκίνητον
680 2527 774 2553 ἀρεταὶ,

116 2569 129 2588 b
146 2569 206 2602 ch.
221 2572 245 2595 οὐ
255 2571 383 2598 δυνήσονται
394 2575 438 2594 τῶν
452 2571 524 2595 αὐτῶν
534 2568 636 2594 ἰουδαίων
648 2571 755 2603 ἁρμόσαι,
778 2575 835 2599 pcr-

888 2536 982 2561 pcram.
993 2526 1069 2553 Sav’tl.
1079 2532 1111 2559 τῷ
1124 2533 1167 2558 ναῷ
1180 2533 1222 2551 τῶν
1235 2525 1336 2551 Ϊουῦαίων
1345 2528 1451 2559 ἁρμόσαι.
