1890 2826
806 164 975 186 MOMTUM.

107 232 302 264 αὖθεντοῦντες,
319 228 388 258 ἀλλὰ
401 227 614 267 παρακαλοῦντες
625 238 631 243 ·
652 226 681 254 οὐ
699 227 871 263 νομοθετοῦν-

106 285 163 311 τες,
185 274 254 304 ἀλλὰ
276 275 470 306 δυσωποῦντες·
485 268 636 311 ἱκετεύομεν
654 270 755 303 πάντας
778 272 870 310 νῆψαι.

106 321 206 354 Ἱκανὸς
229 319 256 349 δὲ
269 319 363 352 ὁΘεὸς
387 318 452 359 ὑπὲρ
470 323 558 347 πᾶσαν
578 317 678 352 πίστιν,
699 315 765 356 ὑπὲρ
786 315 875 344 πάντα

105 366 192 406 λόγον,
206 365 253 396 καὶ
266 365 326 398 τοὺς
339 363 446 405 ἐχθροὺς
458 365 634 403 καταισχῦναι
643 385 651 399 ,
665 362 710 392 καὶ
723 361 772 398 τὴν
786 362 872 390 οἴκου·

107 413 187 452 με’νην
201 414 326 448 ἐλεῆσαι,
344 411 388 440 καὶ
407 410 467 444 τοὺς
484 411 601 450 βασιλεῖς
620 411 746 448 τιμῆσαι,
768 407 812 437 καὶ
826 407 874 443 τὴν

108 458 243 497 βασιλείαν
266 459 381 494 στῆσαι,
401 456 446 486 καὶ
464 455 512 492 τὴν
528 457 608 485 αὐτοῦ
626 454 700 489 δόξαν
719 454 873 494 φαιδρῧναι,

106 505 133 532 ἐν
142 505 250 544 Χριστῷ
264 504 351 539 Ἰησοῦ
366 504 404 542 τῷ
418 501 509 542 Κυρίῳ
521 503 607 541 ἡμῶν,
621 495 643 541 ᾧ
657 503 674 536 ἡ
690 499 751 534 δόξα
766 501 802 533 εἷς
814 498 874 532 τοὺς

107 551 211 584 αἰῶνας.
226 550 318 589 Ἀμήν.

1605 148 1671 193 437

925 224 1105 253 necessitatem
1118 223 1238 263 judicem
1251 224 1332 260 colas,
1349 223 1374 252 in
1387 222 1537 252 necessitate
1552 221 1661 261 adjuto-

924 277 1009 299 torem
1020 269 1145 309 reperies.
1159 270 1243 299 Novit
1257 269 1328 298 enim
1341 276 1368 299 te
1381 279 1434 298 non
1448 267 1666 305 necessitate,sed

924 325 1014 344 amore
1027 315 1081 355 agi.
1097 315 1189 345 Simus
1200 315 1289 354 itaque
1303 322 1453 355 martyrum
1467 315 1557 351 amici,
1568 324 1620 343 non
1632 325 1665 343 ex

925 361 1087 398 necessitate,
1100 361 1148 391 sed
1163 372 1197 390 ex
1211 361 1354 391 dilectione
1371 373 1377 389 ε
1394 367 1454 390 ante
1472 366 1665 399 tempestatem,

926 413 955 435 ut
964 407 1164 446 tempestatibus
1175 406 1269 436 afflicti
1278 406 1428 442 doleamus,
1437 405 1503 435 utin
1511 411 1668 445 tempestate

925 463 974 482 ver
994 452 1173 482 inveniamus.
1199 453 1262 482 Haec
1281 452 1407 488 dicimus,
1421 462 1474 481 non
1497 451 1667 491 imperantes,

926 498 973 528 sed
986 499 1122 528 hortantes
1134 512 1140 535 ;
1157 509 1210 527 non
1223 498 1309 538 legem
1331 499 1452 534 ferentes,
1465 497 1512 527 sed
1525 498 1667 527 obsecran-

925 552 964 574 tes
977 557 985 574 ι
1002 555 1143 585 precamur
1157 551 1187 573 ut
1200 554 1291 573 omnes
1304 544 1392 573 sobrie
1405 544 1508 574 vivant.
1520 545 1610 573 Potest
1621 554 1669 572 au-

927 600 981 621 tem
995 593 1079 629 Deus,
1094 598 1190 631 praeter
1210 590 1304 628 fidem,
1317 598 1414 630 praeter
1435 590 1564 619 rationem
1583 590 1670 618 hostes

927 638 1074 678 ignominia
1098 637 1220 673 afficere,
1243 636 1317 666 orbis
1340 636 1475 673 misereri,
1493 637 1670 676 Imperatores

926 685 1027 713 honore
1040 684 1156 721 afficere,
1171 683 1314 722 imperium
1325 682 1443 719 firmare,
1458 692 1588 720 suamque
1605 681 1671 720 'glo—

928 731 995 759 riam
1007 729 1142 759 illustrare
1151 730 1180 758 in
1189 729 1297 759 Christo
1309 729 1326 759 J
1328 739 1374 758 esu
1384 728 1501 758 Domino
1512 734 1614 764 nostro,
1626 727 1669 757 eui

928 776 1013 815 gloria
1027 776 1054 804 in
1068 775 1177 805 saecula.
1194 777 1289 804 Amen.

670 954 1082 1016 MONITUM

514 1081 569 1116 IN
607 1078 883 1116 HOMILIAM
919 1079 1262 1126 SEQUENTEM.

148 1177 224 1206 Hane
241 1175 381 1205 homiliam
395 1185 429 1204 ex
441 1173 510 1205 Cod.
524 1173 610 1213 Regio
623 1174 702 1203 9447
719 1173 882 1213 exscriptam
903 1173 979 1212 prior
998 1173 1084 1202 edidit
1098 1174 1247 1204 Cotelerius
1267 1175 1353 1204 Tomo
1367 1177 1386 1205 5
1408 1178 1577 1206 Monument.
1593 1176 1669 1206 Eoo-l.

110 1233 138 1263 p.
151 1223 319 1258 tat—157,
333 1222 462 1261 illamque
473 1221 664 1261 chrysostomo
688 1229 804 1249 asserere
816 1226 926 1249 conatur
939 1220 967 1248 in
980 1219 1060 1256 notis,
1076 1231 1102 1260 p.
1119 1221 1189 1258 558,
1204 1220 1247 1250 his
1259 1221 1351 1252 verbis
1367 1234 1373 1250 ι
1392 1234 1405 1250 a
1422 1223 1578 1253 Orationem
1591 1223 1671 1259 hanc,

111 1268 267 1307 genuinum,
279 1274 309 1297 ut
332 1266 451 1303 videtur,
465 1266 564 1295 summi
577 1265 694 1295 doctoris
718 1276 798 1306 opus,
812 1265 915 1305 prolem
941 1275 1038 1304 magno
1061 1275 1115 1294 non
1136 1266 1215 1306 plane
1239 1266 1409 1297 inficiendam
1428 1269 1540 1308 parenti,
1554 1268 1673 1298 habitam

109 1313 190 1343 fuisse
204 1312 350 1342 Antiochiae
364 1312 435 1341 illud
446 1311 571 1349 ostendit,
585 1310 658 1350 qnod
672 1310 706 1340 ad
718 1311 810 1347 finem,
823 1316 904 1349 prout
918 1310 1001 1347 solet,
1017 1310 1051 1340 de
1069 1312 1205 1341 communi
1226 1320 1302 1352 patre
1322 1323 1370 1343 seu
1393 1314 1518 1354 episcopo
1539 1315 1671 1354 loquitur,

110 1370 204 1400 nempe
222 1359 364 1389 Flaviano.
384 1359 532 1398 Exceptam
542 1358 633 1398 potius
646 1357 806 1388 crediderim
820 1367 854 1386 ex
868 1368 913 1386 ore
927 1357 1086 1398 perorantis,
1101 1369 1182 1397 quam
1193 1369 1208 1388 a
1220 1369 1302 1389 manu
1314 1362 1497 1400 componentis
1509 1362 1671 1401 profectam5

101 1407 152 1436 nisi
166 1405 228 1445 quis
242 1404 431 1446 interpolatam
444 1404 531 1434 malit.
551 1416 566 1431 ι)
582 1404 654 1441 Quia
665 1414 730 1433 vero
742 1413 794 1432 non
808 1413 904 1442 parum
917 1402 1043 1431 momenti
1073 1403 1193 1433 conferre
1218 1414 1296 1444 posse
1308 1404 1416 1435 videtur
1428 1406 1463 1436 ad
1476 1407 1673 1447 explorandum

101 1460 128 1483 et
138 1453 227 1483 locum
239 1459 266 1482 et
278 1459 385 1491 tempus
397 1461 451 1490 quo
465 1451 556 1480 habita
573 1450 664 1480 concio
678 1449 739 1486 fuit,
755 1449 784 1478 id
799 1449 872 1488 quod
886 1459 997 1477 numero
1007 1450 1028 1478 6
1041 1448 1074 1478 de
1088 1448 1194 1478 duabus
1208 1451 1402 1490 posterioribus
1418 1452 1529 1482 Joannis
1542 1453 1672 1493 Epistolis

100 1498 212 1534 dieitur,
226 1497 272 1527 hic
284 1504 374 1526 notam
385 1496 510 1527 Cotelerii
523 1496 551 1525 in
564 1496 654 1525 locum
666 1495 746 1524 illum
760 1494 876 1535 adjicere
884 1494 974 1524 visum
985 1500 1035 1523 est.
1051 1495 1132 1524 «Τῶν
1142 1495 1169 1523 δὲ
1181 1496 1437 1535 ἐκκλησιαζομένων.
1450 1499 1520 1527 Nota
1530 1498 1673 1537 diligenter

103 1545 205 1585 insigne
219 1543 403 1574 testimonium
414 1555 422 1578 ;
436 1550 465 1573 ut
478 1549 614 1582 quaeratur
626 1552 659 1571 an
671 1548 696 1571 et
706 1551 760 1580 quo
771 1541 852 1570 modo
862 1540 889 1569 in
900 1541 984 1570 variis
995 1541 1075 1570 Joan.
1085 1540 1270 1581 chrysostomi
1279 1543 1407 1582 operibus
1419 1543 1535 1574 citentur
1544 1545 1673 1584 Epistolae

104 1591 263 1631 posteriores
274 1590 397 1625 Joannis,
412 1600 479 1629 quas
498 1589 533 1618 ab
554 1589 672 1628 antiquis
693 1589 720 1617 in
737 1597 836 1616 canone
852 1587 1054 1626 scripturarum
1073 1588 1172 1628 positas
1189 1599 1243 1617 non
1266 1589 1360 1626 fuisse,
1372 1600 1419 1619 nec
1437 1592 1535 1620 Joanni
1553 1593 1673 1631 apostolo

103 1637 230 1673 tributas,
245 1636 318 1666 testis
331 1643 372 1666 est
385 1635 505 1676 locuples
517 1635 716 1673 Eusebiusl.5,
733 1644 790 1673 cap.
806 1634 857 1670 25,
874 1644 904 1662 ac
917 1639 975 1672 post
990 1642 1053 1662 eum
1060 1634 1241 1674 Hieronymus
1253 1635 1280 1664 in
1294 1636 1432 1676 Catalogo‚
1444 1644 1469 1666 et
1482 1638 1673 1668 OEeumenius

105 1683 131 1712 in
155 1682 372 1713 Commentariis.
388 1677 543 1719 Quinetiam
567 1681 686 1721 viguisse
698 1691 756 1710 eam
770 1679 977 1709 controversiam
991 1679 1061 1709 circa
1074 1687 1193 1720 tempora
1206 1681 1318 1711 Joannis
1338 1683 1421 1711 nostri
1442 1683 1612 1723 significatur
1625 1697 1674 1725 per

106 1729 327 1770 Amphilochium
353 1729 380 1758 in
407 1729 507 1759 lambis
533 1728 569 1758 ad
594 1729 748 1765 Seleucum,
777 1737 878 1767 perque
902 1726 1122 1766 Topographiam
1148 1726 1339 1766 Christianam,
1363 1739 1444 1767 quam
1469 1730 1532 1759 citat
1558 1732 1673 1763 Allatius

105 1776 219 1805 Dissert.
235 1777 247 1805 1
267 1775 302 1805 de
315 1775 393 1805 libris
410 1775 594 1805 ecclesiasticis
608 1775 777 1804 Graecorum.
798 1787 811 1799 ν»

144 1824 212 1852 Tres
223 1823 352 1863 Epistolae
363 1829 467 1852 tantum
485 1822 622 1852 catholicae
634 1827 878 1851 commemorantur
892 1831 974 1860 supra
987 1820 1013 1849 in
1027 1821 1143 1861 Synopsi
1166 1820 1361 1861 Chrysostomi,
1372 1833 1468 1864 nempe
1481 1825 1587 1861 Jacobi,
1602 1827 1674 1856 Petri

105 1868 202 1908 prima,
215 1877 241 1900 ct
253 1870 364 1901 Joannis
377 1870 440 1898 item
461 1868 559 1908 prima,
574 1878 633 1907 quae
646 1875 702 1897 erat
715 1867 806 1908 opinio
821 1868 952 1907 Syrorum
965 1873 991 1895 et
1005 1866 1130 1896 Ecclesiae
1149 1867 1330 1904 Antiochenae,
1342 1868 1372 1898 id
1385 1869 1459 1909 quod
1471 1870 1572 1901 ibidem
1586 1872 1674 1911 pluri-

106 1917 157 1945 bus
170 1915 449 1946 commonstravimus.
464 1914 530 1943 Inde
544 1925 607 1943 vero
620 1914 749 1943 asseritur
762 1914 831 1942 hanc
853 1913 993 1943 homiliam
1004 1937 1011 1951 ,
1026 1913 1050 1942 si
1072 1924 1124 1942 non
1138 1914 1336 1954 chrysostomi,
1351 1915 1429 1956 cujus
1443 1928 1538 1947 nomen
1554 1919 1672 1958 praefert,
1686 1930 1720 1951 4¹⁷

106 1961 221 2003 alicujus
231 1970 302 1993 certe
315 1973 349 1992 cx
362 1959 534 2002 presbyterIS,
548 1960 634 2000 ipsius
656 1960 804 1996 sodalibus,
823 1970 899 1996 esse;
915 1958 944 1988 id
958 1959 1037 1988 etiam
1051 1958 1114 1988 inde
1124 1959 1264 1999 probatur,
1279 1960 1353 1999 quod
1361 1961 1548 1992 admirandum
1563 1971 1675 2004 patrem,

106 2007 136 2037 id
147 2015 186 2037 est
196 2008 352 2048 episcopum
366 2006 540 2042 Flavianum,
553 2006 629 2044 quasi
642 2012 797 2046 praesentem
810 2005 980 2034 concionator
1001 2011 1188 2034 commemoret
1201 2012 1226 2034 et
1238 2013 1328 2036 contra
1343 2008 1485 2038 Anomoeos
1498 2018 1610 2049 pugnet,
1627 2012 1674 2051 qui

107 2059 164 2082 tum
184 2053 333 2093 frequentes
352 2059 426 2082 erant
446 2051 605 2081 Antiochiae.
621 2050 807 2091 Chrysostomi
833 2057 903 2079 certe
925 2060 976 2079 non
999 2060 1054 2079 esse
1077 2050 1168 2090 arguit
1180 2051 1333 2082 omnimoda
1355 2054 1418 2094 styli
1435 2054 1588 2093 diversitas,
1603 2064 1674 2087 tanta

107 2099 207 2129 scilicet
220 2106 346 2138 quantam
360 2098 408 2128 vix
422 2097 488 2126 alibi
502 2108 631 2135 umquam
643 2096 840 2137 deprehendas.
855 2095 948 2126 lnnuit
960 2095 1162 2133 Tillemonfius,
1178 2107 1255 2136 posse
1279 2098 1416 2128 Severiani
1442 2111 1509 2138 esse,
1524 2102 1571 2140 qui
1585 2113 1673 2132 coram

107 2146 298 2186 chrysostomo
320 2145 521 2186 archiepiscopo
544 2144 848 2184 Constantinopolitano,
864 2149 928 2172 tune
941 2141 1093 2182 episeopus,
1109 2143 1329 2183 concionaretur-5
1348 2145 1396 2175 sed
1419 2156 1473 2176 non
1487 2148 1675 2178 animadvertit

108 2191 300 2221 Tillemontius
310 2191 367 2221 haec
379 2191 406 2220 in
420 2191 541 2229 Ecclesia
555 2189 672 2229 quadam
684 2189 756 2219 dieta
769 2189 861 2224 fuisse,
872 2188 919 2217 ubi
934 2188 1045 2218 Joannis
1058 2189 1174 2219 secunda
1190 2197 1216 2220 et
1228 2190 1305 2220 tertia
1318 2191 1440 2231 Epistola
1456 2193 1525 2222 inter
1535 2194 1674 2223 canonicos

109 2238 193 2268 libros
203 2247 256 2267 non
267 2237 486 2273 admittebantur,
498 2237 528 2267 id
539 2236 614 2276 quod
625 2236 659 2265 de
675 2235 838 2265 Antiochena
852 2235 971 2271 Ecclesia
986 2246 1090 2274 verum,
1103 2244 1205 2266 certum
1218 2237 1443 2277 exploratumque
1456 2246 1505 2276 est,
1519 2247 1549 2268 ut
1559 2241 1617 2280 jam
1629 2241 1674 2269 vi-

109 2285 200 2315 dimus
213 2285 241 2314 in
254 2284 377 2314 Diatriba
389 2284 417 2313 in
428 2284 562 2324 Synopsin
580 2294 662 2323 supra
674 2294 683 2320 ς
701 2282 736 2311 de
756 2282 1049 2321 constantinopolitana
1066 2293 1130 2313 vero
1143 2283 1264 2313 Ecclesia
1287 2294 1373 2321 nemo,
1386 2285 1460 2323 quod
1481 2285 1574 2322 sciam,
1590 2286 1668 2315 dixit.

110 2331 180 2361 Hinc
193 2341 274 2372 porro
286 2338 388 2361 certum
401 2331 510 2361 videtur
529 2330 598 2359 hanc
611 2328 751 2358 homiliam
766 2327 913 2357 Antiochi-‘e
937 2328 1066 2359 Flaviano
1079 2329 1204 2370 episcopo
1218 2337 1345 2370 praesente
1363 2331 1562 2370 pronuntiatam
1581 2331 1672 2360 fuisse.

111 2377 170 2408 Sub
181 2377 261 2407 finem
278 2377 395 2407 homiliae
409 2378 454 2406 hic
467 2377 590 2416 quisquis
601 2377 635 2405 sit
648 2375 817 2405 concionator
829 2385 886 2404 sese
906 2381 1002 2415 purgat
1012 2386 1028 2404 a
1040 2375 1203 2414 quibusdam
1217 2376 1269 2406 sibi
1282 2376 1403 2415 objectis.
1418 2378 1487 2406 Cum
1498 2376 1568 2405 enim
1583 2377 1674 2415 aliqua

111 2423 291 2453 concionando
304 2423 417 2453 dixisset
429 2424 463 2452 ab
475 2422 643 2452 auditoribus
657 2422 726 2451 male
742 2428 861 2461 excepta,
873 2421 936 2451 hinc
949 2428 1042 2451 exorto
1056 2433 1172 2457 rumore,
1186 2422 1213 2451 in
1234 2422 1354 2461 sequenti
1368 2422 1494 2451 concione
1506 2422 1607 2462 objecta
1623 2423 1674 2452 sihi

111 2468 227 2509 depulit,
239 2476 265 2499 et
278 2480 305 2499 se
318 2469 409 2499 omnia
422 2475 544 2509 accurate
557 2468 705 2498 secundum
719 2468 885 2498 Catholicam
900 2467 981 2497 fidem
993 2467 1094 2498 dixisse
1107 2468 1303 2508 comprobavit.

1495 2613 1542 2641 3¹1.
