1904 2840
645 210 677 232 IN
705 209 908 235 MATrnAEUM.
938 209 1055 232 ¹10M11..
1084 209 1133 232 Xt.

1588 210 1655 246 797

121 271 251 308 minibus,
265 271 328 310 quia
346 280 394 300 nos
414 251 526 310 perfecte
546 269 649 310 diligit,
664 269 724 299 ideo
741 256 858 299 inimicis
876 272 896 295 Α
914 270 1036 308 cogitasti
1048 270 1118 299 male
1134 270 1220 299 facere
1233 269 1316 300 alicui
1329 270 1498 308 Christiano;
1512 280 1566 300 non
1581 278 1658 311 potes

121 311 218 341 nostris
241 320 293 339 non
318 309 378 339 vult
394 320 452 339 esse
474 309 585 339 amicus.
599 311 715 349 Utputa,
730 309 785 339 duo
808 309 859 338 ini-

121 351 184 380 mici
202 350 264 379 estis
277 349 384 387 fideles;
399 349 460 378 ideo
471 349 521 378 tibi
535 360 588 378 non
599 350 659 378 vult
672 360 729 378 esse
744 348 857 384 amicus,

121 390 184 428 quia
205 389 248 419 illi
267 389 370 418 amicus
390 395 429 418 est
445 401 452 417 t
466 396 493 418 et
507 388 566 418 ideo
587 389 696 418 illinon
719 389 780 418 vult
803 399 858 418 esse

120 429 232 465 amicus,
241 428 304 468 quia
318 429 367 457 tibi
379 428 480 458 amicus
490 435 540 458 est.
554 429 628 467 Ergo
638 435 664 457 te
675 428 801 467 diligens,
815 428 859 457 illi

120 475 160 498 est
173 468 309 505 inimicus,
324 475 351 497 et
371 467 450 497 illum
463 467 590 508 diligens,
605 468 654 497 tibi
668 475 708 497 cst
721 467 866 496 inimicus.⁴

120 508 260 547 Numquid
280 514 389 548 propter
410 517 439 537 se
457 509 532 537 Deus
544 518 596 537 non
615 507 727 547 suscipit
748 517 859 536 munera

119 554 220 584 nostra,
235 548 284 577 sed
305 555 414 587 propter
427 547 571 592 nosipsos?
595 547 680 577 Alteri
702 546 859 576 adversatur

119 587 204 623 Deus,
221 586 288 616 dum
308 587 384 616 alteri
408 587 596 617 conscientiam
620 593 708 616 servat
722 595 728 615 ε
743 593 768 615 et
791 585 859 615 dum

119 626 212 655 ambos
229 626 331 665 diligit,
344 626 413 655 nulli
426 626 487 656 vult
500 637 556 656 esse
572 627 674 655 amicus
686 633 794 667 propter
806 625 858 654 ini-

120 665 235 695 micitias
253 666 404 695 amborum.
426 666 499 705 Ergo
513 668 587 695 Deus
608 666 691 695 fidem
710 665 788 694 nobis
800 675 857 694 ser-

122 715 198 740 vans,
206 705 377 735 inimicorum
385 712 536 737 nostrorum
545 705 646 735 amicus
657 705 716 735 fieri
725 715 776 734 uon
786 704 857 740 vult,

120 751 147 773 et
160 755 208 774 nos
219 745 299 774 fidem
310 755 362 774 non
383 756 532 781 servamus,
547 745 571 774 si
585 745 706 774 inimicos
724 745 782 783 ejus
795 743 859 773 dili-

120 784 220 822 gimus,
236 791 262 814 et
286 784 386 814 amicos
404 784 521 814 odimus.
536 784 592 821 Qui
613 785 685 813 enim
705 783 807 813 amicus
820 790 860 812 est

119 823 282 861 infidelium,
293 831 319 853 et
328 824 454 853 inimicus
463 824 596 860 fidelium,
611 823 710 853 amicos
723 824 774 852 Dei
788 822 857 859 odit,

120 870 146 892 et
158 863 280 893 inimicos
295 863 344 893 Dei
367 870 449 892 amat.
464 864 495 894 Si
517 870 605 892 autem
633 863 714 893 fidem
742 863 859 892 Domino

121 903 373 938 servat·emus,sicut
382 902 429 932 ille
443 903 531 939 nobis,
547 913 693 941 numquam
707 902 859 932 infidelium

119 942 250 972 amicitias
258 943 415 979 coleremus,
426 952 571 982 numquam
582 953 631 978 nos
640 942 791 972 infidelium
802 953 860 970 ma-

120 981 247 1012 trimonio
257 983 441 1022 jungeremus.
456 984 507 1012 24.
530 983 653 1011 Dimitte
667 982 731 1011 illic
755 991 860 1010 munus

120 1026 217 1058 tuum,
240 1027 269 1050 et
290 1022 368 1051 vade
391 1023 572 1051 reconciliari
596 1024 676 1060 prius
687 1022 786 1062 fratri
798 1027 858 1050 tuo.

120 1060 194 1090 Vide
207 1061 418 1091 misericordiam
432 1062 493 1097 Dei,
504 1061 639 1100 quomodo
653 1061 794 1090 hominum
809 1061 862 1089 uti-

120 1099 207 1129 litates
228 1101 344 1140 amplius
368 1101 474 1140 aspicit,
489 1111 569 1140 quam
591 1111 654 1129 suos
680 1100 804 1129 bonores.
829 1099 860 1130 Si

120 1139 191 1168 enim
215 1150 278 1168 suos
290 1140 403 1169 bonores
416 1140 500 1180 magis
511 1139 650 1179 aspiceret,
671 1140 709 1169 sic
723 1139 836 1169 dixisset
850 1149 858 1166 ε

121 1179 234 1208 Interim
247 1179 314 1208 offer
337 1189 435 1208 munus
453 1186 530 1208 tuum
543 1186 569 1208 et
582 1186 674 1219 postea
688 1179 766 1215 vade,
780 1186 806 1208 et
819 1189 860 1208 re-

121 1219 275 1247 conciliare.
297 1219 376 1248 Nunc
389 1226 479 1248 autem
492 1219 559 1248 dicit
574 1229 581 1253 ς
597 1219 675 1249 Vade
709 1219 820 1254 rimum,
834 1225 861 1248 et

121 1258 306 1294 reconciliare,
325 1265 351 1287 et
371 1258 409 1287 sic
427 1259 536 1287 veniens
550 1258 655 1287 offeres.
669 1230 820 1297 'tiimqnam
836 1257 860 1287 si

121 1296 195 1326 dicat
218 1297 255 1326 ad
267 1297 346 1326 illum
364 1309 371 1326 ε
387 1297 474 1327 Vade.
489 1298 546 1337 Ego
568 1298 681 1327 libenter
693 1305 859 1332 contemnor,

121 1335 236 1365 libenter
247 1336 357 1366 honoris
370 1337 422 1365 mei
435 1336 523 1376 patior
536 1337 676 1372 damnum,
686 1337 800 1366 libenter
807 1347 859 1365 ex-

121 1383 211 1414 specto
230 1376 364 1405 Dominus
384 1386 476 1405 servos
499 1376 682 1405 tantummodo
706 1383 737 1405 ut
761 1386 809 1406 vos
830 1376 860 1404 in

120 1414 267 1444 amicitiam
283 1415 404 1445 veniatis.
418 1414 496 1445 Vade
509 1426 583 1456 ergo,
598 1422 628 1445 ut
642 1415 709 1445 scias
722 1415 784 1454 quia
798 1414 860 1455 plus

120 1453 206 1494 diligo
224 1454 394 1484 concordiam
411 1453 532 1484 fidelium
553 1466 684 1491 meorum,
698 1466 780 1494 quam
798 1465 860 1483 mu-

122 1503 184 1522 nera
200 1506 208 1522 =
222 1495 286 1533 quia
296 1504 406 1523 munera
420 1494 558 1523 homiuum
570 1495 677 1523 nullum
690 1496 746 1523 Deo
760 1493 861 1523 faciunt

121 1533 228 1562 lucrum
244 1544 251 1561 :
265 1534 361 1563 caritas
382 1533 453 1562 enim
466 1533 577 1562 illorum
602 1534 654 1563 Dei
670 1533 783 1571 gloriam
797 1543 859 1600 ope·

122 1579 206 1601 ratur.
231 1573 272 1602 Ne
295 1573 380 1606 dicas,
392 1573 444 1602 Ille
467 1573 535 1601 mihi
549 1572 650 1608 nocuit,
663 1582 715 1601 uon
728 1582 777 1611 ego
794 1572 815 1600 il
828 1572 836 1600 i
852 1582 859 1598 ι

14 1625 19 1628 -
53 1623 111 1639 niv
123 1611 170 1640 ille
190 1611 257 1640 mihi
281 1611 430 1641 satisfacere
441 1611 531 1645 debet,
545 1621 597 1640 nou
617 1621 666 1650 ego
687 1611 741 1640 illi.
761 1611 791 1640 Si
811 1621 862 1650 pro

123 1650 209 1689 gloria
222 1650 317 1680 salutis
329 1657 381 1679 tuae
391 1650 469 1689 jubet
481 1657 506 1679 te
520 1650 652 1679 Dominus
665 1650 808 1679 amicitiam
823 1650 862 1678 sa-

122 1699 192 1725 cere,
207 1691 292 1729 magis
316 1689 422 1718 nocitus
443 1689 525 1718 debes
547 1700 651 1728 rogare,
670 1696 700 1718 ut
725 1688 862 1728 duplicem

122 1728 235 1767 gloriam
243 1728 414 1767 consequaris
427 1739 433 1756 :
451 1739 542 1763 unam,
556 1728 619 1767 quia
629 1728 733 1758 nocitus
744 1739 783 1765 es,
796 1728 862 1757 alte-

122 1779 190 1802 ram,
201 1769 264 1806 quia
276 1768 348 1808 prior
358 1768 467 1806 rogasti.
479 1768 508 1797 Si
523 1768 594 1797 enim
606 1768 632 1796 in
643 1768 722 1797 illum
735 1767 861 1804 nocuisti,

122 1814 148 1836 ct
162 1807 221 1836 ideo
235 1807 346 1847 rogasti,
358 1814 459 1847 parcet
484 1807 532 1836 tibi
546 1808 620 1836 Deus
640 1806 715 1846 quod
735 1807 861 1843 nocuisti,

122 1847 186 1884 quia
201 1847 275 1887 prior
299 1846 397 1888 rogasti
412 1856 420 1873 ε
436 1853 522 1876 tamen
537 1847 640 1876 nullam
655 1847 735 1876 babes
756 1857 861 1876 merce-

121 1885 194 1923 dem,
209 1888 273 1925 quia
288 1898 348 1916 rens
370 1886 529 1915 constitutus
541 1887 650 1925 rogasti.
663 1887 692 1917 si
714 1893 801 1915 autem
815 1886 862 1915 ille

123 1931 148 1954 te
169 1925 276 1960 laeserit,
288 1933 314 1955 et
337 1925 412 1966 prior
434 1925 585 1965 rogaveris,
606 1936 729 1965 magnam
750 1925 861 1955 habebis

122 1966 280 1995 mercedem.
299 1966 406 1995 Festina
419 1975 482 2004 ergo
495 1965 633 1995 inimicum
658 1972 735 1994 tuum
759 1975 861 2004 praeve-

121 2005 179 2034 nire
191 2005 226 2034 ad
246 2005 387 2040 amicitias,
401 2014 435 2034 ne
452 2005 531 2040 forte,
546 2011 572 2034 te
588 2004 718 2041 tardante,
734 2004 781 2034 ille
792 2015 860 2044 prae-

120 2044 210 2074 veniat
222 2052 248 2074 te
261 2045 296 2074 ad
316 2044 475 2084 rogandum,
486 2051 513 2073 ct
524 2044 608 2112 rapiat
622 2043 657 2073 de
668 2044 793 2073 manibus
805 2044 859 2074 tuis

120 2083 226 2122 pietatis
239 2084 396 2113 mercedem.
414 2084 483 2113 Nam
506 2083 528 2112 si
545 2085 552 2112 i
567 2084 592 2112 le
606 2090 632 2113 te
653 2083 755 2120 nocuit,
767 2090 793 2112 et
812 2084 859 2113 ille

120 2128 146 2151 te
158 2130 244 2167 rogat,
260 2123 423 2152 infructuosa
436 2129 476 2152 est
489 2123 605 2152 amicitia
617 2130 673 2152 tua.
685 2124 773 2160 Quam
786 2123 858 2152 enim

117 2161 249 2200 justitiam
261 2162 346 2191 fecisti
358 2169 418 2191 ante
431 2163 529 2198 Deum,
545 2162 566 2191 si
578 2169 684 2202 rogatus
697 2169 723 2191 te
736 2162 857 2202 placave-

119 2200 178 2229 ris?
193 2202 253 2230 Non
273 2202 344 2229 euim
364 2201 456 2237 volens
477 2208 504 2230 te
529 2203 600 2230 Deus
626 2202 793 2230 substernere
806 2202 857 2230 suh

120 2239 236 2279 pedibus
259 2239 418 2279 ejus,jubet
438 2247 465 2269 te
483 2240 561 2280 prius
583 2251 613 2269 ro
632 2251 688 2276 are,
702 2240 749 2270 sed
765 2241 857 2270 volens

120 2279 171 2308 tibi
185 2278 345 2308 humilitatis
357 2281 369 2294 ¹
382 2278 494 2318 gloriam
516 2251 688 2318 praetenfiere.
711 2279 762 2309 Sed
789 2280 857 2308 forte

119 2318 189 2348 dicis
202 2331 209 2348 ι
224 2319 294 2348 Ecce
314 2328 364 2356 ego
377 2318 440 2347 volo
456 2318 622 2347 reconciliari
638 2329 644 2345 :
659 2318 707 2347 sed
719 2318 764 2347 dic
776 2318 856 2354 mihi,

120 2358 254 2396 quomodo
265 2356 477 2387 reconciliabor?
491 2356 586 2393 Qualis
614 2358 727 2386 raucessit
734 2358 855 2394 offensio,

120 2397 182 2427 talis
200 2397 279 2427 debet
290 2397 365 2435 sequi
383 2396 572 2425 reconciliatio.
592 2368 621 2426 gi
635 2396 750 2435 cogitatu
770 2397 858 2429 offen-

119 2435 193 2471 disti,
206 2437 322 2475 cogitatu
347 2435 528 2465 reconciliare.
550 2435 579 2465 Si
601 2436 691 2464 verbis
711 2435 856 2473 offendisti,

120 2475 211 2505 verbis
228 2475 413 2505 reconciliare.
429 2476 516 2505 Omne
539 2474 609 2503 enim
629 2482 776 2514 peccatum,
791 2485 856 2515 quo-

121 2513 200 2543 modo
207 2513 392 2551 committitur,
399 2525 429 2544 eo
441 2513 521 2543 modo
534 2521 560 2543 et
572 2514 724 2553 poenitetur.
741 2516 855 2555 Utputa,

154 2614 164 2623 ³
184 2604 263 2629 Iidem
277 2605 301 2630 in
314 2613 392 2638 marg.
407 2605 513 2638 gloriam
523 2605 660 2638 providere.
674 2605 733 2631 Sed.

915 319 1014 338 munus
1037 316 1114 338 tuum
1135 310 1231 338 offerre
1252 317 1312 339 ante
1335 312 1435 345 Deum,
1448 309 1510 348 quia
1534 310 1616 340 habes
1628 311 1657 341 in

914 347 995 377 corde
1018 355 1066 377 tuo
1089 348 1202 378 nocendi
1243 350 1403 389 ropositum.
1424 350 1551 388 Recogita
1577 350 1656 387 bene,

915 387 988 426 quod
1001 388 1165 428 cogitaveras
1179 360 1258 423 malla,
1273 396 1298 418 et
1313 389 1474 429 poenituisti.
1490 390 1560 419 Nam
1581 390 1656 429 cogi-

915 427 1022 456 tationis
1033 435 1170 467 peccatum
1179 430 1309 458 contraria
1319 429 1477 468 cogitatione
1486 428 1656 459 dissolvitur.

915 466 984 503 Quis
1008 467 1101 496 testis?
1117 468 1262 507 Propheta.

915 507 1050 536 cordibus
1063 510 1179 544 vestris,
1194 514 1223 536 et
1244 509 1276 536 in
1290 509 1433 537 cubilibus
1455 509 1558 537 vestris
1579 518 1657 538 com-

912 547 1085 585 pungimini.
1111 547 1198 578 Vides
1219 547 1283 585 quia
1300 546 1378 577 irasci
1393 553 1493 576 naturae
1515 554 1566 584 est,
1580 558 1658 578 exse-

915 585 961 623 qui
975 592 1063 614 autem
1074 586 1240 615 iracundiam
1248 586 1411 616 voluntatis?
1425 586 1456 616 Si
1466 593 1555 616 autem
1569 587 1659 617 verbis

915 624 1007 661 laesisti
1020 625 1128 654 frati-em
1142 633 1230 661 tuum,
1243 625 1322 661 vade,
1331 633 1357 655 et
1371 626 1460 655 verbis
1473 626 1578 656 satisfac
1590 627 1612 656 ei
1624 638 1659 657 ex

914 670 970 693 toto
994 664 1084 701 corde,
1100 672 1127 694 et
1145 665 1305 704 poenituisti.
1321 666 1456 702 Quoniam
1483 672 1572 694 autem
1593 677 1657 695 ver-

915 703 1013 733 borum
1035 711 1174 743 peccatum
1198 704 1343 734 verborum
1367 704 1545 734 satisfactione
1558 705 1658 735 dissol-

914 742 999 779 vitur,
1014 744 1088 773 testis
1100 750 1139 773 est
1152 746 1252 773 Aaron.
1267 745 1336 774 Cum
1350 744 1423 773 enim
1443 744 1603 774 detraxisset
1623 744 1658 774 de

915 784 1020 823 Moyse,
1029 783 1129 813 vadens
1143 784 1233 813 verbis
1243 784 1348 823 rogavit
1359 783 1527 819 eum,dicens
1541 794 1548 811 =
1563 785 1656 822 Rogo,
1667 792 1738 814 Num.
1758 799 1794 814 η.

917 822 1054 859 Domine,
1067 834 1103 852 ne
1117 824 1229 863 inseras
1238 825 1270 852 in
1282 833 1334 852 nos
1346 830 1497 862 peccatum
1507 824 1573 860 hoc,
1587 826 1659 863 quia
1672 829 1706 845 ¹¹·

916 863 1113 901 ignoravimus
1137 864 1217 903 quod
1247 865 1410 893 eccavimus
1427 865 1459 891 in
1474 870 1510 892 te.
1525 864 1554 893 Si
1569 871 1658 893 autem

916 902 1044 940 operibus
1063 903 1180 941 aliquem
1200 874 1346 938 offendisti,
1360 910 1435 942 puta,
1448 903 1563 942 alicujus
1577 913 1658 942 pecu-

916 951 989 970 niam
1003 941 1097 971 fraude
1110 942 1254 977 abstulisti,
1269 948 1316 971 aut
1329 953 1387 971 rem
1401 943 1520 982 aliquam
1535 953 1582 982 per
1594 942 1656 972 vio-

917 980 1025 1010 lentiam
1034 981 1183 1018 abstulisti,
1199 982 1280 1011 redde
1295 981 1319 1011 ei
1331 992 1392 1020 quae
1401 982 1548 1018 abstulisti,
1561 989 1588 1011 et
1602 993 1657 1022 poe-
1674 1002 1676 1004 -

916 1020 1030 1049 nituisti.
1046 1021 1180 1058 Quoniam
1200 1028 1288 1050 autem
1303 1021 1439 1050 abstractae
1459 1021 1497 1050 rci
1519 1028 1656 1066 peccatum

915 1070 1006 1089 rerum
1022 1061 1266 1099 recompensatione
1278 1060 1450 1097 dissolvitur,
1468 1068 1542 1090 testis
1558 1068 1596 1090 est
1606 1061 1657 1091 Za-

916 1099 1020 1134 choeus,
1046 1099 1138 1128 dicens
1158 1111 1165 1126 =
1183 1101 1320 1135 Domine,
1338 1110 1528 1140 quaecumque
1539 1102 1658 1142 fraude
1668 1109 1723 1130 Luc.
1737 1107 1809 1139 19.8.

916 1140 1037 1176 abstuli,
1052 1140 1143 1168 reddo
1161 1141 1193 1168 in
1214 1140 1422 1179 quadruplum.
1437 1140 1465 1170 Si
1488 1147 1577 1169 autem
1601 1151 1657 1170 rem

916 1178 1025 1216 quidem
1039 1178 1155 1219 alicujus
1167 1189 1219 1208 non
1231 1179 1335 1215 tuleris,
1348 1179 1395 1208 sed
1402 1180 1470 1209 sorte
1481 1180 1659 1219 castigaveris

915 1217 1050 1247 hominem
1062 1219 1235 1258 impotentem
1247 1219 1354 1258 injuste,
1365 1218 1434 1248 dona
1450 1219 1474 1248 ei
1489 1219 1594 1258 aliquid
1608 1230 1657 1259 pro

916 1256 1014 1296 injuria
1036 1257 1150 1296 dignum
1165 1269 1172 1286 =
1187 1258 1258 1288 sicut
1281 1258 1412 1298 scriptum
1431 1259 1518 1287 est‘in
1534 1259 1592 1297 lege
1603 1260 1745 1288 :Si31⁰d·
1760 1264 1799 1280 2¹·

913 1299 1088 1335 percusseris
1101 1308 1217 1327 servum
1231 1305 1322 1332 tuum,
1338 1305 1364 1326 et
1376 1297 1430 1337 sre
1450 1300 1506 1328 eris
1518 1298 1565 1326 illi
1586 1300 1660 1328 den·
1669 1296 1708 1321 ²7·

916 1341 986 1371 tem,
995 1337 1109 1365 dimitte
1115 1347 1180 1366 eum
1191 1338 1323 1366 liberum.
1335 1337 1423 1367 Secun
1447 1348 1491 1366 um
1499 1338 1549 1367 hoc
1560 1338 1658 1367 intelli-

916 1376 1034 1414 gendum
1056 1383 1106 1412 est,
1131 1383 1156 1407 et
1174 1377 1196 1405 si
1216 1377 1387 1415 castigaveris
1407 1377 1537 1415 aliquem,
1554 1377 1659 1417 injuriae

915 1422 1053 1454 peccatum
1062 1416 1191 1446 beneficio
1205 1423 1243 1445 est
1257 1415 1470 1446 dissolvendum.
1485 1417 1595 1455 Alioqui
1607 1418 1660 1447 nisi

915 1465 995 1493 quem
1009 1455 1085 1484 factis
1101 1456 1199 1492 laesisti,
1219 1456 1295 1485 factis
1314 1456 1474 1495 placaveris,
1498 1457 1555 1485 sine
1579 1467 1660 1486 causa

916 1504 976 1523 oras
987 1493 1021 1523 ad
1035 1495 1194 1530 Dominum,
1203 1495 1259 1524 sine
1272 1506 1351 1524 causa
1361 1494 1540 1535 eleemosynas
1551 1496 1616 1524 sacis
1625 1496 1660 1525 de

917 1533 1008 1569 rebus,
1024 1533 1124 1571 quibus
1130 1534 1197 1562 alios
1208 1544 1255 1562 exs
1275 1534 1374 1563 oliasti.
1384 1533 1458 1569 Quid
1472 1535 1582 1573 prodest
1595 1535 1657 1572 tibi,

917 1572 940 1600 si
954 1573 1021 1600 alter
1064 1583 1080 1601 o
1096 1579 1122 1601 te
1133 1579 1190 1601 oret
1203 1572 1236 1601 ad
1280 1583 1352 1607 cum,
1363 1577 1389 1601 et
1412 1573 1480 1602 alter
1492 1573 1621 1603 adversus
1634 1581 1660 1604 te

917 1611 988 1640 inter
1006 1611 1031 1640 el
1043 1618 1069 1640 et
1087 1611 1194 1640 Deum?
1210 1612 1267 1641 Etsi
1281 1612 1316 1641 ad
1338 1612 1416 1641 istius
1430 1612 1577 1642 orationem
1602 1613 1662 1643 vult-

918 1650 968 1678 tibi
976 1622 1050 1679 [leus
1061 1650 1270 1680 misericordiam
1281 1651 1377 1686 facere,
1392 1651 1467 1680 illius
1478 1651 1658 1691 interpellatio

918 1699 970 1718 non
982 1690 1126 1734 permittit.
1140 1690 1238 1719 Melius
1250 1697 1299 1726 est,
1316 1697 1344 1719 ut
1356 1690 1405 1719 etsi
1427 1691 1526 1720 nemini
1567 1691 1657 1730 rodes,

918 1729 1016 1758 nemini
1030 1739 1134 1765 noceas,
1148 1740 1228 1768 quam
1243 1737 1273 1759 ut
1286 1730 1352 1759 alios
1370 1741 1382 1758 s
1403 1729 1478 1766 olies,
1493 1737 1518 1759 ct
1531 1702 1599 1760 alios
1611 1742 1659 1761 ve-

918 1768 992 1797 stias.
1006 1769 1053 1798 95.
1067 1770 1140 1797 Esto
1154 1771 1336 1799 consentiens
1346 1741 1513 1798 atgersario
1528 1777 1576 1799 tuo
1588 1772 1656 1810 cito,

919 1808 988 1837 dum
1002 1818 1032 1837 es
1044 1818 1109 1837 cum
1123 1808 1176 1837 illo
1191 1812 1223 1836 in
1236 1810 1298 1843 via,
1314 1820 1350 1837 ne
1355 1809 1440 1849 forle
1455 1810 1554 1838 tradat
1567 1816 1595 1839 te
1606 1811 1659 1840 ad·

917 1849 1064 1876 ver-sarius
1074 1849 1180 1887 judici,
1194 1854 1222 1876 et
1238 1850 1331 1888 judex
1354 1849 1452 1877 tradat
1464 1855 1491 1877 te
1511 1851 1656 1887 ministro,

917 1893 944 1916 et
959 1890 990 1916 in
1007 1897 1151 1916 carcerem
1164 1890 1300 1917 mittaris.
1322 1888 1440 1917 Festinat
1463 1889 1606 1925 Dominus,
1627 1897 1658 1919 ut

917 1926 951 1955 ad
971 1926 1115 1955 amicitiam
1125 1927 1288 1956 'festinemus
1300 1927 1472 1956 inimicorum
1490 1935 1655 1966 nostrorum,

916 1966 1046 2004 quamdiu
1059 1966 1177 1996 vivimus
1192 1967 1218 1995 in
1233 1967 1283 1996 hac
1295 1967 1349 1996 vita
1364 1967 1438 2006 (vita
1453 1967 1523 1996 enim
1534 1968 1656 1998 omnium

915 2005 1056 2034 hominum
1082 2006 1232 2035 communis
1247 2013 1286 2036 est
1308 2006 1358 2036 ista
1385 2007 1440 2035 vita
1461 2007 1584 2043 carnalis,
1606 2018 1655 2053 per

913 2055 994 2083 quam
1017 2055 1108 2074 omnes
1130 2045 1251 2074 homines
1271 2053 1419 2082 transeunt,
1434 2045 1497 2075 boni
1518 2053 1544 2075 et
1557 2047 1654 2087 malt),

914 2085 998 2113 sciens
1010 2095 1090 2123 quam
1101 2085 1284 2124 periculosum
1295 2091 1344 2121 est,
1357 2087 1380 2115 si
1396 2096 1464 2114 unus
1474 2096 1507 2115 ex
1526 2086 1654 2121 inimicis,

914 2134 979 2163 pace
992 2135 1044 2153 non
1059 2125 1139 2159 facta,
1158 2124 1243 2153 suerit
1260 2132 1381 2154 mortuus
1396 2135 1404 2152 ι
1420 2135 1482 2154 nam
1502 2133 1592 2165 postea
1605 2125 1655 2155 etsi

914 2163 1049 2192 voluerint
1081 2174 1154 2193 acem
1172 2164 1270 2199 facere,
1283 2174 1336 2193 non
1349 2172 1471 2209 possunt,
1482 2175 1544 2194 cum
1556 2165 1656 2194 fuerint

914 2204 1038 2242 separati.
1056 2174 1083 2233 §i
1102 2210 1191 2233 autem
1204 2203 1332 2242 quamdiu
1348 2214 1374 2232 tn
1387 2204 1431 2234 via
1444 2204 1527 2243 hujus
1538 2204 1600 2233 vitm
1613 2215 1652 2239 es,

914 2251 966 2270 non
988 2242 1079 2271 feceris
1092 2253 1183 2287 pacem
1195 2254 1256 2272 cum
1279 2242 1442 2277 adversario,
1458 2254 1537 2282 quem
1551 2243 1653 2279 laesisti,

914 2280 961 2310 sed
971 2281 1010 2310 sic
1022 2281 1188 2311 inimicantes
1197 2293 1244 2322 per
1251 2289 1364 2311 mortem
1374 2283 1457 2311 ieritis
1468 2289 1527 2310 ante
1533 2282 1653 2321 judicem

914 2320 1062 2358 Christum,
1079 2321 1166 2351 trudet
1179 2329 1204 2351 te
1226 2322 1345 2355 Christo,
1360 2321 1519 2351 convincens
1534 2328 1557 2349 te
1578 2331 1653 2349 reum

913 2359 941 2389 in
952 2359 1056 2399 judicio
1065 2360 1132 2400 ejus,
1145 2369 1171 2390 et
1179 2361 1265 2401 judex
1278 2361 1364 2390 tradet
1377 2367 1402 2389 te
1411 2360 1543 2394 ministro,
1559 2359 1586 2388 id
1602 2366 1652 2396 est,

913 2399 1007 2439 angelo
1020 2410 1161 2440 poenarum
1184 2400 1296 2435 crudeli,
1311 2407 1337 2428 et
1348 2400 1393 2427 ille
1414 2399 1499 2427 mittet
1515 2405 1539 2426 tc
1553 2398 1579 2426 in
1594 2408 1653 2426 car-

913 2449 999 2468 cerem
1013 2439 1192 2478 gehennae.Et
1203 2439 1250 2477 qui
1264 2439 1291 2467 in
1299 2439 1350 2466 hoc
1361 2438 1458 2466 saeculo
1471 2437 1494 2465 si
1510 2447 1599 2481 pacem
1612 2437 1651 2466 fe-

913 2478 1001 2514 cisses,
1020 2479 1099 2508 etiam
1126 2478 1278 2518 gravissimi
1305 2477 1394 2516 operis
1415 2482 1519 2515 poteras
1530 2485 1651 2515 accipere

914 2517 1119 2558 indulgentiam,
1135 2517 1203 2547 sicut
1216 2517 1345 2555 scriptum
1358 2521 1416 2544 est:
1435 2515 1550 2544 Caritas
1564 2516 1652 2554 operit
1666 2525 1685 2541 ¹-
1699 2520 1763 2542 Petu.
1776 2521 1790 2549 4

1660 2550 1684 2574 8.

1284 469 1355 507 Quae
1381 470 1489 505 dicitis,
1503 467 1601 507 inquit,
1620 472 1658 498 ’ἰιι
1668 473 1736 495 Psal.
1748 470 1773 503 4.
1785 472 1809 495 5.
