1904 2840
183 170 254 219 906

782 178 865 202 oPus
891 177 1129 202 IMPERFECTUM

184 246 236 274 sint
249 249 355 284 peccata
367 242 477 273 in‘viris
489 248 515 273 et
526 241 686 271 mulieribus
700 246 797 280 praeter
809 239 870 277 ista,
883 246 927 270 ta-
943 243 962 266 A
979 250 1033 270 non
1045 239 1159 277 fecistis,
1173 239 1221 270 sed
1235 249 1285 269 nec
1293 245 1436 279 postquam
1445 237 1556 269 vidistis
1566 238 1737 284 publicanos·

185 294 244 312 men
259 283 392 323 praecipue
405 282 433 310 in
446 281 514 311 viris
525 280 639 311 avaritia
647 279 778 316 abundat,
787 279 928 309 fornicatio

186 330 274 352 autem
297 322 325 350 in
347 320 519 351 mulieribus.
533 321 663 360 ‘Utputa,
685 319 784 349 mulier
804 319 929 358 quamvis

186 369 338 402 potestesse
358 371 439 390 avara
461 367 507 390 aut
525 360 642 400 superba
653 382 661 397 ,
675 366 764 389 tamen
786 365 839 388 non
851 359 930 388 facile

186 413 234 441 pei·
246 400 385 430 avaritiam
396 407 442 429 aut
453 400 608 440 superbiam
618 406 710 445 peccat
719 411 726 428 ε
735 398 864 438 quoniam
876 408 930 428 non

186 441 267 470 habet
280 440 357 470 facile
372 440 485 469 honores
494 463 502 476 ,
517 450 566 485 pro
580 440 682 479 quibus
694 439 835 469 avaritiam
852 449 933 468 exer-

187 487 263 510 ceat:
278 487 324 509 aut
344 480 379 509 sit
392 480 507 520 superba
520 486 588 509 inter
598 489 659 516 eos,
674 489 736 508 oum
754 479 855 518 quibus
868 488 932 508 con-

187 527 319 556 versatur,
334 527 364 549 ut
382 519 411 548 in
424 520 549 560 superbia
562 526 664 559 peccet,
679 529 738 558 quae
751 519 779 548 in
789 517 870 548 domo
884 528 934 548 sua

76 559 261 594 Fornica-sedet
275 559 389 589 inclusa.
411 559 477 589 ldco
495 566 584 589 autem
597 559 675 588 facile
698 565 836 599 peccatum
849 557 934 587 forni-

41 605 72 626 uo
115 604 180 624 oliosi
189 599 300 629 cationis
313 599 445 636 incurrit,
459 599 576 629 maxime
594 599 658 638 quia
674 599 726 628 hoc
739 598 838 628 vitium
856 596 934 626 facile

41 635 150 688 ζξί“ζὶ“;““·
190 651 224 669 ex
237 639 358 669 vacantia
375 646 401 669 et
414 639 468 668 otio
482 639 610 669 nascitur.
624 639 694 668 Nam
707 638 756 677 qui
768 637 934 667 sollicitudi-

191 679 270 708 nibus
293 678 414 708 animum
427 678 509 708 habet
528 685 699 718 occupatum,
714 688 768 707 non
786 677 865 707 facile
877 677 934 706 for-

77 730 182 751 Amorum
191 718 318 748 nicationi
338 729 447 758 operam
466 718 522 748 dat.
544 719 615 748 Nam
632 717 754 747 definitio
769 717 869 747 amoris
878 716 935 746 baec

41 762 149 782 definitio.

191 766 230 788 est
244 771 250 787 ε
266 758 361 787 animae
375 758 495 789 vacantis
515 758 614 798 passio.
631 758 689 789 Vir
697 764 787 786 autem
808 756 937 796 quoniam

190 799 218 828 in
232 798 337 827 actibus
350 808 440 827 rerum
454 797 624 827 diversarum
637 804 677 827 est
690 796 815 833 assidue,
830 796 857 825 in
871 806 936 826 ava—

190 838 258 867 ritiae
278 844 414 877 peccatum
429 837 599 874 incurrit3in
620 836 823 867 fornicationem
848 843 937 865 autem
954 846 971 869 Β

190 888 243 907 non
257 877 333 906 facile
344 899 352 913 ,
374 877 427 906 nisi
438 878 517 906 vforte
529 877 647 906 multum
667 876 702 906 sit
725 875 853 906 lascivus.
869 876 938 905 Nam

191 917 331 957 occupatio
345 916 470 946 virilium
484 916 702 946 sollicitudinum
713 939 720 950 ,
738 915 939 955 suggestionum

191 957 344 996 voluptates
362 957 514 996 plurimum
535 955 667 986 excludit.
693 955 776 985 Unde
795 955 939 995 proprium

191 1003 231 1026 est
242 997 292 1025 hoc
302 996 512 1025 adolescentium
522 996 593 1034 nihil
605 995 752 1035 agentium.
764 996 843 1025 Nunc
855 1005 941 1034 expo-

192 1036 232 1065 nit
245 1046 368 1072 causam,
382 1046 433 1076 pro
452 1042 492 1065 tcr
505 1046 585 1074 quam
599 1035 736 1075 publicani
750 1042 776 1064 et
788 1035 939 1064 meretrices

192 1075 347 1115 praecedunt
355 1086 410 1112 eos,
424 1047 515 1105 dicens
528 1087 534 1104 :
549 1076 637 1104 Venit
646 1076 687 1104 ad
696 1085 751 1104 vos
761 1076 894 1104 Ioannes
907 1076 940 1103 in

195 1117 249 1144 via
259 1116 393 1154 justitioe,
409 1121 438 1144 et
456 1125 516 1144 non
541 1115 703 1144 credidistis
721 1117 747 1144 ei
760 1127 769 1143 .·
783 1114 939 1153 publicani

195 1161 291 1183 autem
304 1162 332 1184 et
342 1157 505 1184 meretrices
519 1155 704 1184 crediderunt
717 1156 745 1183 ei
752 1166 763 1184 .-
773 1164 827 1183 vos
841 1161 938 1184 antem

195 1195 339 1230 videntes,
356 1205 408 1223 nec
416 1196 615 1234 poenitentiam
633 1196 730 1234 egistis
752 1200 870 1233 postea,
887 1204 940 1223 nec

195 1233 369 1263 credidistis.
386 1236 424 1263 Ac
437 1234 460 1262 si
474 1233 546 1262 dicat
561 1247 567 1263 :
584 1234 644 1263 Etsi
655 1244 708 1262 non
721 1234 836 1263 venisset
846 1233 882 1262 ad
891 1244 939 1263 vos

194 1274 310 1303 Joannes
324 1272 352 1301 in
365 1273 411 1303 via
429 1272 558 1310 justitias,
582 1272 629 1301 sed
649 1279 754 1302 tantum
773 1273 939 1312 baptismum

194 1312 355 1352 poenitentiae
374 1312 544 1352 praedicasset
559 1322 629 1342 :vos
650 1311 726 1350 quasi
747 1312 897 1341 saceidotes
913 1319 940 1341 et

194 1351 350 1391 prudentes,
363 1352 441 1396 quasi
451 1350 558 1396 judices
571 1361 623 1380 non
637 1350 887 1396 personarum,.sed
899 1345 953 1380 re·⁴

195 1401 268 1427 rum,
283 1390 436 1420 debueratis
449 1401 474 1419 ei
488 1390 606 1426 credere,
620 1397 669 1419 etsi
684 1400 737 1419 non
757 1401 844 1435 quasi.
845 1390 919 1430 justo
929 1413 937 1427 ‚

196 1438 284 1459 tamen
294 1430 371 1469 quasi
383 1432 456 1470 justa
469 1429 580 1459 dicenti.
599 1429 675 1466 Quid
691 1429 762 1459 enini
775 1436 891 1470 pertinet
903 1430 938 1459 ad
954 1441 972 1465 c

196 1469 347 1499 auditorem
358 1470 413 1499 vita
430 1469 632 1510 praedicatoris?
645 1469 675 1498 Si
687 1469 760 1498 enim
771 1469 840 1498 male
852 1470 921 1500 vivit
929 1492 937 1507 ,

197 1509 273 1538 illius
287 1517 326 1538 est
339 1509 467 1538 damnum
482 1509 567 1538 solius
582 1521 589 1537 ε
607 1509 630 1537 si
652 1515 742 1537 autem
761 1509 829 1538 bene
844 1508 936 1546 docet,

196 1549 317 1578 omnium
330 1548 497 1578 audientium
511 1548 619 1577 luci-um
632 1555 681 1577 est.
699 1549 777 1577 Nune
790 1555 879 1577 autem
890 1559 937 1579 ve-

196 1588 236 1617 nit
249 1588 283 1617 ad
297 1599 346 1618 vos
359 1589 387 1617 in
399 1588 444 1618 via
454 1587 565 1628 justitiae
576 1587 615 1617 sic
625 1587 774 1625 manifesta,
785 1594 816 1616 ut
829 1598 936 1618 conver-

196 1628 262 1657 satio
276 1629 334 1669 ejus
345 1627 507 1657 venerabilis
519 1634 545 1656 et
556 1627 675 1666 angelica
685 1627 740 1658 vita
753 1627 833 1656 etiam
846 1628 939 1668 publi-

196 1678 323 1697 canorum
336 1675 362 1697 et
374 1667 544 1697 meretricum
559 1666 640 1696 corda
656 1673 819 1704 concuteret,
835 1674 861 1697 et
874 1678 938 1708 pei·-
960 1692 963 1695 .

196 1718 272 1737 cussa
295 1716 394 1747 pavore
415 1707 530 1736 flecteret
553 1706 588 1735 ad
605 1706 787 1743 credendum,
806 1713 832 1736 et
850 1714 939 1736 vestra

196 1747 277 1776 corda
290 1757 343 1776 non
363 1746 459 1786 tetigit.
476 1746 583 1776 Videtis
601 1746 664 1785 quia
675 1747 748 1786 juste
762 1746 899 1785 publicani
914 1753 939 1776 et

196 1786 348 1815 meretrices
362 1785 515 1826 praecedunt
530 1796 577 1815 vos
590 1785 618 1814 in
634 1796 746 1825 regnum
761 1785 829 1814 Dei?
842 1786 938 1816 Consi-

195 1826 260 1855 dera
273 1833 372 1863 antem,
383 1825 518 1864 quomodo
538 1825 704 1854 conversatio
716 1825 787 1854 bona
806 1825 938 1865 praedica-

195 1865 261 1894 toris
275 1865 458 1904 praedicationi
471 1875 526 1894 suae
539 1871 646 1904 praestat
659 1865 802 1901 virtutem,
816 1872 845 1894 ut
859 1866 939 1896 etiam

196 1905 371 1937 indomabilia
382 1904 472 1933 domet
490 1903 582 1933 corda.
595 1905 631 1933 Et
643 1903 701 1943 ipsa
715 1904 824 1942 quidem
837 1906 937 1945 praedi-

196 1945 264 1974 catio
275 1944 349 1983 justa
362 1954 443 1973 unam
454 1954 488 1973 ex
500 1954 527 1973 se
538 1943 618 1972 habet
639 1943 766 1973 virtutem
780 1956 787 1973 :
800 1943 938 1984 duplicem

196 1991 285 2013 autem
298 1984 393 2019 hahet,
408 1982 516 2022 quando
535 1989 561 2012 et
574 1982 728 2022 praedicatio
744 1983 817 2022 justa
830 1992 887 2020 est,
912 1992 938 2015 et

197 2025 254 2064 ipse
273 2023 325 2067 qui·
339 2022 466 2062 praedicat
481 2023 583 2067 justus.
603 2022 649 2052 Sic
667 2022 752 2052 dicit:
776 2025 834 2054 Vos
849 2031 938 2054 autem
954 2035 973 2057 1)

197 2074 245 2092 nec
255 2063 436 2103 poenitentiam
451 2068 542 2101 egistis
551 2083 559 2098 ,
572 2061 647 2099 quasi
659 2062 797 2101 publicani
811 2070 837 2092 et
850 2075 936 2093 mere-

196 2101 425 2132 tricescredentes
437 2101 546 2131 Joanni.
559 2103 570 2116 ²
579 2101 625 2130 Illi
637 2101 755 2130 fecerunt
768 2103 841 2141 quod
852 2105 939 2143 majus

197 2149 249 2177 est,
261 2141 305 2171 isti
317 2147 408 2170 autem
421 2150 507 2179 neque
521 2141 704 2179 poenitentiam
721 2150 848 2180 egerunt,
863 2143 938 2182 quod

197 2189 236 2211 est
246 2181 347 2210 minus.
360 2180 499 2218 Numquid
513 2180 651 2219 publicani
670 2187 696 2209 et
717 2182 866 2211 meretrices
880 2194 937 2212 cre-

196 2221 288 2250 dentes
316 2221 345 2249 in
368 2219 507 2250 Christum
517 2241 524 2255 ,
549 2220 607 2249 sine
632 2220 787 2259 poenitentia
811 2222 936 2252 credide—

196 2261 279 2290 runt?
293 2261 386 2299 Neque
406 2259 478 2288 enIm
496 2259 626 2299 possibile
639 2266 695 2288 erat
712 2259 819 2290 credere
832 2262 859 2291 in
874 2273 936 2292 euni

195 2301 252 2329 sinc
265 2299 420 2340 poenitentia
430 2321 438 2334 ,
451 2299 498 2338 qui
512 2299 675 2338 baptismum
687 2299 847 2339 poenitentiae
866 2312 935 2341 prae-

195 2340 312 2369 dicabat.
335 2339 418 2376 Quod
438 2349 502 2378 ergo
522 2339 583 2369 vult
599 2339 703 2374 dicere,
726 2339 779 2368 tale
799 2347 837 2369 est
855 2353 861 2369 z
881 2343 935 2370 De-

195 2381 313 2409 bueratis
327 2390 374 2409 vos
388 2378 498 2418 quidem
509 2401 516 2415 ,
531 2379 695 2414 sacerdotes,
708 2379 784 2417 qnasi
804 2380 936 2419 justitiam

195 2420 396 2458 scripturarum
409 2418 546 2455 habentes,
561 2419 638 2457 quasi
647 2419 741 2458 populi
752 2429 935 2458 praecessores,

196 2466 256 2488 ante
276 2459 417 2498 populares
432 2458 539 2488 credere
552 2459 666 2494 Joanni,
683 2465 712 2487 ut
725 2468 817 2488 omnes
835 2459 877 2488 illi
890 2471 937 2489 ve·-

196 2506 280 2527 strum
294 2505 467 2536 sequerentur
481 2498 636 2539 exemplum
650 2511 657 2527 z
672 2505 697 2528 ct
712 2508 764 2528 non
783 2499 871 2528 solum
884 2499 936 2529 hoc

229 2598 238 2609 ἢ
258 2590 285 2614 V.
298 2590 328 2614 D.
343 2596 367 2614 et
378 2589 445 2614 Ed'ni
458 2591 483 2616 in
496 2599 573 2623 marg.
592 2591 631 2615 illi
643 2591 807 2615 crediderunt.

981 287 1006 309 et
1017 279 1170 309 meretrices
1179 278 1326 313 credentes,
1337 288 1386 308 nec
1394 288 1466 308 nunc
1476 279 1580 309 confusi
1593 277 1667 313 estis,
1678 285 1727 308 aut

981 319 1151 359 compuncti:
1165 319 1230 358 quia
1247 318 1386 359 publicani
1400 325 1426 347 et
1438 318 1589 348 meretrices
1601 318 1726 348 credide-

983 366 1056 395 runt,
1070 359 1119 397 qui
1132 358 1241 388 credere
1257 368 1309 387 non
1324 358 1518 403 sperabantur;
1533 368 1582 389 vos
1595 365 1685 387 autem
1698 358 1727 387 in

984 398 1086 428 duritia
1097 397 1290 438 permansistis,
1303 409 1351 437 qui
1371 396 1636 427 videbaminiiofius
1645 398 1728 438 justi—

984 438 1027 468 tiae
1046 445 1203 474 sectatores,
1227 444 1253 467 et
1272 448 1306 467 ne
1326 443 1391 467 tunc
1412 436 1522 476 quidem
1543 437 1729 477 poenitentiam

985 478 1092 517 egistis,
1109 485 1138 507 ut
1156 477 1300 507 crederetis
1310 499 1318 514 ‚
1334 484 1365 507 nt
1377 476 1422 507 vel
1443 477 1556 506 illorum
1572 477 1730 517 exemplum

985 517 1162 556 sequeremini
1171 540 1179 552 ,
1193 517 1294 556 quibus
1316 516 1469 546 debueratis
1490 516 1544 558 ipsi
1566 527 1624 546 esse
1635 526 1740 546 exem--

985 557 1074 597 plum.
1096 557 1237 596 Numquid
1259 567 1307 587 vos
1329 556 1414 596 magis
1435 557 1494 586 sine
1518 563 1626 596 peccato
1649 556 1730 586 eratis

1006 607 1067 626 uam
1080 597 1139 634 illi,
1155 604 1185 626 ut
1195 619 1202 632 ,
1218 597 1276 626 illis
1294 595 1465 626 credentibus
1477 596 1518 633 ei,
1534 606 1584 626 vos
1604 606 1659 626 non
1672 607 1731 626 cre-

985 608 1085 666 deretis
1096 636 1224 666 Christo?
1235 637 1308 673 Non,
1321 635 1369 666 sed
1383 636 1469 675 magis
1481 642 1657 666 contemtores
1666 635 1731 672 Dei,

987 676 1074 717 magis
1086 677 1207 716 superbi,
1222 683 1249 706 et
1262 686 1338 706 vanae
1352 676 1444 716 gloriae
1459 682 1589 705 amatores
1598 698 1606 712 ,
1617 682 1644 705 et
1651 675 1731 713 duri,

988 717 1036 755 qui
1055 726 1104 745 nec
1118 715 1269 756 praecedere
1281 716 1343 745 illos
1361 715 1487 746 voluistis
1499 715 1528 744 in
1541 714 1612 751 fide,
1628 725 1676 745 nec
1689 725 1733 745 se-

989 756 1047 795 qui.
1069 757 1106 786 Et
1117 767 1181 786 vere
1195 766 1290 795 magna
1302 755 1424 785 confusio
1446 762 1485 785 est
1506 755 1675 785 sacerdotum
1685 777 1693 792 ,
1707 761 1735 785 et

990 795 1112 825 omnium
1125 796 1295 832 clericorum,
1309 794 1418 834 quando
1431 795 1495 824 la'i‘ci
1513 794 1689 824 inveniuntur
1698 795 1736 824 fi-

990 835 1106 865 deliores
1118 835 1174 872 eis,
1196 842 1242 865 aut
1260 836 1398 874 justiores.
1413 834 1557 872 Quomodo
1579 841 1668 864 autem
1681 844 1735 864 non

990 875 1026 904 sit
1037 875 1170 912 confusio,
1181 885 1236 904 esse
1249 875 1312 904 illos
1324 874 1463 904 inferiores
1473 874 1561 910 la'i‘cis,
1575 885 1644 914 quos
1653 876 1735 904 etiam

990 914 1106 953 aequales
1116 925 1173 944 esse
1186 914 1307 943 confusio
1321 914 1380 943 est?
1394 915 1445 944 Per
1457 913 1528 943 hanc
1541 924 1604 953 ergo
1617 914 1734 954 parabo—

990 955 1044 983 lam
1058 954 1096 984 eis
1108 954 1296 995 prophetabat,
1306 953 1370 992 quia
1377 960 1467 993 gentes
1477 952 1587 992 quidem
1595 954 1674 992 quasi
1683 964 1736 983 me-

991 994 1070 1023 liores
1078 995 1184 1023 fuerant
1191 993 1227 1023 eli
1246 992 1393 1032 endae,quae
1405 993 1433 1022 in
1443 993 1538 1033 primis
1549 993 1661 1032 quidem
1673 1002 1735 1023 eon-

989 1034 1135 1063 tumaciam
1148 1040 1222 1063 osten
1242 1039 1332 1069 erunt,
1345 1039 1437 1073 postea
1450 1039 1541 1062 autem
1553 1032 1736 1063 obedientiam

990 1073 1173 1103 exhibuerunt
1184 1085 1191 1102 ε
1204 1080 1229 1103 et
1240 1074 1257 1103 J
1260 1072 1329 1102 udaei
1340 1071 1418 1111 quasi
1426 1071 1571 1102 deteriores
1580 1072 1737 1118 abjiciendi,

991 1113 1040 1152 qui
1053 1114 1082 1142 in
1093 1113 1189 1154 primis
1201 1112 1310 1152 quidem
1325 1112 1436 1152 professi
1452 1118 1516 1141 sunt
1535 1112 1716 1142 obedientiam
1725 1134 1736 1150 ‚

1011 1160 1082 1182 ostea
1096 1160 1186 1183 autem
1200 1152 1303 1182 inventi
1317 1158 1379 1182 sunt
1397 1158 1566 1182 contumaces
1576 1174 1584 1190 ,
1598 1151 1662 1191 quia
1678 1163 1737 1182 me-

991 1164 1046 1222 lius
1067 1200 1106 1222 est
1125 1192 1200 1233 apud
1221 1194 1309 1223 Deum
1331 1202 1383 1221 non
1398 1192 1571 1238 promittere,
1586 1199 1613 1222 ct
1630 1192 1736 1230 facere,

991 1243 1072 1271 quam
1085 1233 1250 1272 promittere,
1260 1239 1286 1261 et
1299 1231 1417 1261 mentiri.
1428 1231 1530 1261 Tamen
1538 1231 1565 1261 in
1577 1231 1739 1272 figuratione

992 1272 1152 1302 Judaeorum
1162 1279 1188 1302 et
1198 1271 1339 1311 gentilium
1348 1294 1356 1308 ‚
1369 1281 1451 1310 quam
1464 1272 1639 1311 exposuimus
1646 1292 1654 1307 ,
1664 1271 1738 1301 mul-

990 1318 1080 1340 torum
1094 1311 1264 1340 traditionem
1278 1317 1433 1349 sequentes,
1453 1310 1560 1350 aliquid
1579 1311 1648 1341 mihi
1661 1310 1738 1341 vide-

992 1357 1036 1380 tur
1056 1361 1114 1380 esse
1135 1350 1310 1380 contrarium.
1332 1350 1362 1380 Si
1383 1350 1456 1379 enim
1478 1360 1541 1379 vere
1565 1351 1592 1380 hi
1611 1350 1668 1380 duo
1685 1351 1738 1381 filii

993 1391 1010 1420 J
1013 1389 1081 1419 udaei
1102 1396 1128 1419 et
1149 1390 1261 1430 gentiles
1284 1396 1371 1419 essent
1392 1389 1560 1428 intelligendi
1573 1412 1580 1427 ,
1594 1397 1737 1435 postquam

991 1429 1140 1459 sacerdotes
1159 1429 1313 1468 interrogati
1331 1427 1545 1468 responderunt,
1564 1439 1681 1469 priorem
1701 1430 1735 1459 fi-

991 1469 1061 1498 lium
1071 1469 1238 1499 voluntatem
1252 1468 1336 1509 patris
1353 1468 1460 1503 fecisse,
1475 1468 1640 1498 concludens
1653 1469 1736 1499 cbri-

991 1515 1048 1538 stus
1067 1509 1236 1548 parabolam,
1251 1508 1291 1538 sic
1312 1507 1407 1537 debuit
1425 1506 1535 1538 dicere:
1549 1508 1650 1538 Amen
1669 1510 1737 1538 dico

990 1549 1086 1584 vobis,
1101 1547 1165 1586 quia
1196 1554 1268 1577 entes
1280 1546 1433 1588 praeoedunt
1447 1557 1498 1576 vos
1509 1548 1538 1577 in
1549 1558 1662 1588 regnum
1672 1549 1736 1578 Dei:

990 1597 1063 1616 nunc
1075 1594 1165 1617 autem
1174 1558 1242 1617 iiicit
1253 1609 1261 1623 ,
1279 1588 1358 1627 Quia
1366 1586 1520 1626 publicani
1531 1594 1560 1616 et
1574 1590 1737 1618 meretrices

988 1628 1158 1666 praecedunt
1169 1637 1223 1656 vos
1234 1629 1266 1656 in
1277 1637 1397 1667 regnum
1411 1626 1475 1655 Dei.
1487 1627 1568 1664 Quod
1579 1627 1665 1668 magis
1674 1639 1738 1668 pro-

990 1666 1115 1695 fanorum
1134 1667 1275 1696 hominum
1298 1666 1478 1696 conditionem
1500 1666 1632 1704 ostendit,
1654 1678 1737 1707 quam

992 1706 1113 1745 gentium
1131 1713 1248 1742 statnm;
1270 1706 1323 1735 nisi
1341 1707 1410 1735 sorte
1430 1706 1470 1735 sic
1492 1706 1692 1749 intelligamus,
1706 1715 1737 1738 ut

992 1755 1075 1786 supi-a
1097 1746 1155 1785 jain
1177 1746 1300 1775 diximus
1322 1759 1329 1775 z
1351 1746 1416 1785 quia
1442 1756 1477 1775 ex
1502 1747 1553 1776 hac
1578 1747 1738 1777 narrationis

991 1795 1077 1815 causa·
1110 1786 1249 1815 ublicanos
1272 1785 1423 1815 introduxit
1444 1792 1470 1815 et
1491 1786 1645 1816 meretrices
1653 1809 1661 1824 ‚
1684 1797 1736 1827 pro

991 1835 1022 1854 eo
1040 1832 1070 1854 ut
1109 1827 1176 1862 icat,
1191 1826 1236 1855 Sic
1249 1827 1370 1865 gentium
1385 1826 1504 1865 populus
1521 1826 1606 1871 magis
1626 1826 1735 1866 placens
1744 1845 1827 1863 cuv„

991 1871 1030 1894 est
1044 1866 1100 1894 Deo
1113 1875 1195 1903 quain
1211 1875 1270 1902 vos,
1282 1872 1312 1894 ut
1324 1866 1404 1895 etiam
1417 1866 1556 1905 publicani
1570 1866 1623 1907 ipsi
1635 1873 1662 1896 et
1673 1877 1735 1896 me-

990 1904 1099 1934 retrices
1116 1905 1334 1944 acceptabiliores
1350 1905 1405 1934 sint
1424 1905 1500 1945 apud
1517 1906 1606 1935 Deum
1626 1914 1737 1946 propter

991 1945 1217 1974 conversationem
1229 1955 1316 1981 suam,
1332 1955 1414 1983 quam
1427 1955 1476 1975 vos
1493 1955 1543 1985 pro
1563 1951 1605 1975 ter
1616 1946 1736 1986 promis-

990 1984 1093 2013 sionem
1102 1991 1218 2014 vestiam
1229 1984 1395 2013 mendacem.
1404 1984 1434 2014 Si
1447 1995 1512 2024 ergo
1524 1956 1614 2029 pEcet
1625 1993 1738 2025 propter

991 2023 1060 2052 hanc
1071 2025 1200 2053 rationem
1211 2024 1321 2053 traditio
1331 2024 1390 2058 illa,
1405 2024 1473 2053 bene
1486 2036 1493 2052 :
1509 2034 1550 2053 sin
1565 2031 1666 2062 autem,
1681 2035 1736 2064 po-

992 2069 1042 2091 test
1060 2071 1086 2092 et
1108 2063 1191 2093 altera
1210 2074 1267 2092 esse
1286 2062 1396 2092 traditio
1415 2064 1488 2092 talis.
1503 2064 1573 2093 Cum
1586 2064 1736 2093 sacerdotes

991 2112 1044 2131 non
1056 2102 1177 2132 discendi
1190 2113 1280 2138 causa,
1291 2102 1339 2131 sed
1348 2102 1467 2132 terrendi
1481 2102 1684 2142 interrogarent,
1696 2105 1736 2134 In
1746 2109 1833 2132 Manli.
1848 2115 1886 2131 ιι.

991 2152 1051 2181 qua
1068 2149 1210 2182 potestate
1222 2142 1299 2180 facis
1317 2143 1399 2171 hoec?
1414 2141 1555 2172 audierant
1569 2143 1734 2182 frequenter,
1745 2142 1785 2164 ²3·

990 2183 1060 2211 sicut
1073 2182 1184 2222 exponit
1203 2183 1329 2218 Joannes,
1344 2183 1452 2220 quando
1473 2181 1590 2219 dicebat,
1606 2189 1636 2211 ut
1649 2193 1735 2213 unum

991 2222 1124 2261 proferam
1142 2221 1178 2251 de
1201 2221 1294 2251 multis
1317 2221 1473 2261 exemplum
1488 2233 1495 2250 ε
1512 2223 1584 2251 Dixi·
1600 2224 1736 2260 vobis,et
1744 2231 1813 2252 Joan.
1834 2235 1870 2252 io.

990 2272 1050 2290 non
1072 2262 1246 2291 credidistis.
1264 2262 1359 2301 Opera
1378 2272 1444 2300 quoe
1463 2272 1515 2302 ego
1519 2262 1608 2303 facio
1629 2263 1661 2291 in
1680 2273 1735 2292 no-
1747 2261 1785 2284 25.
1899 2298 1904 2299 ⁷

990 2303 1067 2330 mine
1075 2303 1176 2331 Patris
1187 2303 1251 2337 mei,
1259 2303 1322 2341 ipsa
1336 2301 1531 2342 testificantur
1541 2302 1579 2331 de
1588 2312 1643 2331 me.
1654 2303 1732 2339 Item,
1744 2316 1806 2337 ma,
1813 2323 1834 2336 v.
1845 2308 1898 2345 37,-v

989 2341 1020 2369 Si
1038 2352 1108 2381 non.¹
1112 2342 1193 2380 facio
1216 2352 1304 2381 opera
1315 2343 1414 2371 Patris
1431 2342 1498 2378 mei,
1513 2341 1605 2372 nolite
1619 2342 1735 2371 credere
1746 2345 1783 2370 33.

991 2382 1073 2410 mihi.
1091 2382 1178 2420 Quod
1196 2384 1226 2420 si·
1230 2382 1323 2419 facio,
1339 2382 1391 2410 etsi
1405 2382 1478 2410 mihi
1490 2392 1551 2410 non
1564 2382 1658 2411 vultIs
1672 2391 1733 2410 cre-

989 2422 1066 2456 dere,
1091 2422 1142 2450 vel
1163 2422 1294 2460 operibus
1310 2422 1430 2458 credite,
1449 2427 1480 2450 ut
1500 2423 1599 2450 sciatis
1623 2428 1652 2450 et
1674 2431 1734 2450 cre-

989 2461 1076 2497 datis,
1087 2463 1157 2500 quia
1177 2472 1229 2501 ego
1247 2463 1279 2489 in
1297 2462 1399 2498 Patre,
1410 2467 1438 2490 et
1457 2461 1552 2490 Pater
1569 2462 1601 2489 in
1618 2471 1664 2490 me
1681 2467 1734 2490 est.

989 2501 1046 2530 Hoc
1058 2501 1127 2529 enim
1141 2512 1194 2530 non
1208 2508 1264 2530 erat
1278 2501 1415 2531 manifeste
1428 2501 1613 2541 pronuntiare,
1629 2501 1695 2540 quia
1707 2501 1745 2530 in.
