1890 2826
64 269 194 296 Principum

65 300 195 327 negligentia

65 338 120 359 saepe
139 338 208 351 ΙῚΆΞΙΣΙ-

222 142 287 176 118

557 152 586 174 S.
614 151 749 175 JOANMS
776 150 957 175 clesos'r.
985 150 1141 175 AchtEP.
1170 152 1438 176 CONSTANTln'op„

215 214 288 249 bem,
302 213 439 252 inquiunt,
449 213 603 253 reipublicae
612 213 730 253 negotia,
743 213 777 243 de
784 213 827 243 bis
839 213 957 254 plerum·
976 214 994 238 Β
1012 215 1026 248 ἢ
1041 215 1094 242 τῶν
1117 215 1357 254 πλημμελημάτων
1377 215 1523 255 εἴσπραξις.
1541 215 1648 252 Ἐκιίνη
1670 216 1703 246 τὰ
1728 216 1782 246 ἅνω

215 268 267 296 que
281 257 429 296 loquimur,
446 257 515 287 ctdc
533 257 576 286 his
595 257 703 287 solliciti
717 257 844 296 anxiique
854 267 956 286 sumus.

216 303 291 340 Quid
300 311 388 333 autem
401 304 428 332 in
442 315 521 334 causa
533 303 546 332 ἶ)
557 304 671 340 Eorum,
694 303 829 342 inquiunt,
837 303 885 342 qui
903 314 958 332 ma-

65 366 133 382 «urex
144 362 207 391 emp,
218 348 358 388 gistratum
371 355 475 388 gerunt,
487 347 670 387 incogitantia.
691 349 752 377 Non
763 354 803 378 est
816 347 960 387 magistra-

66 393 155 421 populi.

63 1874 115 1896 Jnc.
129 1872 150 1896 5.
167 1874 202 1897 16.

217 394 485 433 tuumincogitantia‚
493 393 539 423 sed
550 400 638 423 nostra
650 393 791 434 injustitia,
802 400 827 423 et
834 404 912 434 poena
921 400 959 422 est

217 450 267 479 pro
280 441 377 469 nostris
388 439 538 469 sceleribus
555 446 658 469 exacta.
681 439 734 469 Illa
746 446 840 469 cuncta
853 450 961 469 sursum

216 486 344 516 deorsum
358 486 478 522 miscuit,
504 486 551 515 illa
565 485 700 525 quidquid
715 493 755 515 est
780 486 961 516 calamitatum

217 532 331 569 invexit,
345 532 391 561 illa
403 532 516 562 armavit
531 532 630 569 hostes,
645 532 693 561 itta
707 531 769 561 fecit
782 531 889 562 ut>victi
900 531 959 560 dis-

217 578 383 608 cederemus.
399 580 460 609 Non
481 579 591 609 aliunde
612 578 688 608 nobis
701 579 834 608 malorum
848 589 959 608 examen

217 624 370 662 inundavit,
383 636 463 664 quam
485 636 519 655 ex
531 625 582 655 hac
593 635 683 654 causa.
709 623 824 655 Proinde
838 625 962 663 quamvis

218 671 355 700 Abraham
369 671 502 712 quispiam
514 679 583 701 esset
594 671 642 711 qui
666 671 818 711 imperaret,
840 671 964 710 quamvis
981 666 987 671 ⁴

1010 258 1084 288 κάτω
1109 260 1264 296 πεποίηκεν,
1281 260 1369 297 ἐκείνη
1383 261 1471 291 πάντα
1492 261 1526 291 τὰ
1544 261 1615 292 δεινὰ
1629 263 1782 302 εἰσήγαγεν,

1011 305 1097 341 ἐκείνη
1112 306 1195 340 ’τοὺς
1215 306 1346 346 πολέμους
1368 306 1521 345 ἐξώπλισεν,
1548 308 1635 344 ἐκείνη
1661 308 1709 344 τὴν
1736 305 1783 344 ἥτ-

1011 363 1058 380 ταν
1080 352 1233 392 ἐνήργησεν.
1259 354 1319 383 Οὐκ
1344 353 1452 382 ἄλλοθεν
1475 355 1538 393 ἡμῖν
1561 357 1576 384 ὃ
1595 357 1648 385 τῶν
1669 352 1783 395 ἀνιαρῶν

1011 397 1090 436 ἐσμὸς
1116 398 1261 439 ὗπερεχέθη
1275 422 1285 438 ².
1306 399 1365 428 ἀλλ’
1390 399 1408 434 ἢ
1424 400 1465 439 γἐκ
1489 400 1588 436 ταύτης
1614 402 1662 437 τῆς
1689 401 1783 435 αἰτίας.

1009 442 1094 473 ‘'sse-ts
1114 443 1164 473 κᾶν
1179 443 1300 484 Ἂὸραᾶμ
1315 457 1355 478 τις
1370 440 1387 484 ἦ
1411 447 1425 474 ὁ
1448 447 1562 486 κρατῶν,
1582 446 1632 475 κᾶν
1646 448 1765 482 Μωϋσῆς
1775 468 1783 483 ,

1010 489 1059 518 κᾶν
1073 489 1156 519 Δαυὶδ
1166 511 1176 526 ,
1190 490 1239 520 κᾶν
1254 490 1383 530 Σολομὼν
1397 494 1411 521 ὁ
1426 491 1591 532 σοφώτατος,
1602 491 1618 509 '¹'
1633 493 1682 522 κᾶν
1696 493 1783 523 ἁπάν-

1011 547 1063 564 των
1078 536 1236 577 δικαιότερος
1263 537 1415 577 ἀνθρώπων,
1441 541 1518 577 ἡμῶν
1537 541 1625 573 κακῶς
1650 539 1783 579 διακειμέ-

1011 594 1071 619 νων,
1091 582 1232 623 ἀδιάφορον
1246 583 1302 623 ἔχει
1322 583 1371 619 τὴν
1386 584 1450 624 πρὸς
1472 583 1507 613 τὰ
1526 585 1596 615 κακὰ
1609 585 1705 615 αἰτίαν.
1721 587 1783 618 Πῶς

1011 629 1056 657 καὶ
1080 628 1133 658 τίνι
1158 628 1264 669 τρόπῳ;
1283 628 1347 658 “Ort
1365 631 1389 658 εἷ
1416 630 1463 669 μὲν
1482 631 1535 659 τῶν
1549 631 1783 671 παρανομωτάτων

1011 674 1062 708 εἴη,
1079 672 1124 702 καὶ
1138 674 1190 701 τῶν
1204 673 1358 709 ἀίουλήτως
1383 674 1429 703 καὶ
1450 674 1568 708 ἀτάκτως
1589 674 1750 715 φερομένων,
1765 677 1783 710 ἡ

216 716 318 752 Moses,
331 716 455 754 quamvis
468 716 569 754 David,
582 716 705 756 quamvis
718 716 844 746 Salomon
857 715 905 744 ille
916 726 959 744 sa-
977 723 996 747 c
1011 720 1088 757 ἡμῶν
1100 718 1215 753 ἀδουλία,
1225 718 1269 748 καὶ
1282 718 1376 753 ἀταξία
1390 719 1434 749 τὸν
1444 723 1561 750 τοιοῦτον
1575 720 1785 761 ἕκαρποφόρησε,

215 760 410 801 pientissimus,
425 763 549 801 quamvis
562 763 682 792 omnium
692 762 833 792 hominum
841 762 961 803 justissi-

217 818 278 836 mus
293 820 298 836 :
316 807 339 836 si
360 818 408 837 nos
433 809 501 838 male
525 809 655 846 vivimus,
673 808 743 838 nihil
756 808 864 838 interest
875 808 963 847 qualis

217 852 264 882 ille
276 853 322 890 sit,
339 861 468 893 quantum
490 854 524 884 ad
551 865 659 884 causam
675 855 818 884 malorum.
843 855 899 891 Qui
913 854 962 891 sic,

216 906 262 929 aut
277 900 381 941 quare?
396 901 531 938 Quoniam
543 901 567 930 si
577 908 755 941 transgressor
765 901 856 941 legum
869 901 961 937 suerit,

216 946 238 975 si
253 953 352 976 temere
365 947 495 986 nulloque
509 947 620 977 consilio
631 948 746 984 feratur,
755 953 845 976 nostra
858 946 961 987 incogi-

215 992 297 1022 tantia
311 1000 454 1032 nostraque
466 993 601 1023 temeritas
615 993 705 1022 effecit
714 1015 722 1030 ,
735 1000 765 1022 ut
778 993 858 1022 talem
872 993 962 1032 magi-

214 1045 328 1068 stratum
335 1039 506 1076 haberemus,
514 1046 603 1068 nostra
614 1039 712 1068 scelera
722 1039 830 1079 plagam
840 1039 964 1069 accersie-

214 1092 286 1114 runt.
296 1086 365 1115 Nam
377 1085 451 1125 quod
462 1085 610 1116 secundum
621 1085 701 1115 corda
712 1092 802 1115 nostra
815 1085 961 1126 accipimus

214 1132 385 1172 magistratus
403 1132 473 1162 nihil
494 1131 569 1161 aliud
589 1139 628 1162 est
637 1154 645 1169 ,
659 1132 712 1162 nisi
735 1131 809 1171 quod
829 1133 962 1172 praeterita

214 1185 321 1218 peccata
334 1185 422 1207 nostra
437 1178 518 1207 talem
529 1178 607 1207 nobis
619 1177 717 1207 dedere
730 1178 893 1218 praefectum,
905 1178 962 1208 sive

1011 764 1045 793 τὰ
1057 764 1174 805 ἡμέτερα
1187 764 1369 805 ἁμαρτήματα
1381 765 1430 801 τὴν
1444 766 1550 805 πληγὴν
1563 766 1729 807 προεξένησε.
1745 767 1785 797 Τὸ

1010 809 1062 850 γὰρ
1076 810 1144 840 κατὰ
1157 810 1203 844 τὰς
1220 810 1329 851 καρδίας
1349 813 1424 851 ἡμῶν
1438 812 1583 851 λαμὸἄνειν
1597 812 1726 853 ἄρχοντας
1739 814 1784 842 οὔ·

1013 856 1054 885 δὲν
1071 856 1158 896 ἕτερόν
1174 857 1255 894 ἐστιν,
1275 858 1333 886 ἀλλ’
1350 856 1367 892 ἢ
1383 860 1472 892 τοῦτο,
1491 857 1531 887 ὅτι
1549 858 1785 898 προημαρτηκότες

1012 902 1131 932 τοιούτου
1145 905 1190 941 τοῦ
1206 903 1399 943 προεστηκότος
1418 905 1557 944 ἐτύχομεν,
1573 906 1623 935 κᾶν
1637 917 1665 935 τε
1679 908 1732 935 τῶν
1746 906 1783 934 ἱε-

1013 948 1136 989 ρωμένων
1150 944 1168 988 ᾗ
1181 961 1220 982 τις
1229 971 1237 985 ,
1252 949 1301 979 κᾶν
1315 961 1344 979 τε
1358 952 1410 979 τῶν
1424 950 1471 984 τὰς
1484 951 1614 990 κοσμικὰς
1627 951 1784 981 ’ἔδιεπόντων

1012 994 1137 1029 ἔξουσίας.
1154 995 1188 1024 Εἰ
1201 994 1229 1025 δὲ
1242 995 1288 1024 καὶ
1302 995 1362 1024 λίαν
1376 995 1477 1029 δίκαιος
1489 992 1516 1036 ᾖ,
1531 996 1577 1026 καὶ
1589 996 1658 1027 οὕτω
1673 997 1784 1034 δίκαιος,

1011 1040 1080 1070 ὥστε
1097 1040 1176 1080 μέχρι.
1189 1043 1236 1077 τῆς
1250 1040 1385 1074 Μωῦσέως
1404 1043 1499 1082 ἀρετ-ἥς
1518 1043 1688 1079 ἐληλακέναι,
1703 1044 1753 1083 οὐχ
1766 1046 1783 1079 ἡ

1013 1087 1091 1116 αὐτοῦ
1114 1087 1193 1126 μόνου
1220 1087 1373 1123 δικαιοσύνη
1401 1088 1436 1117 τὰ
1459 1088 1563 1129 ἄμετρα
1586 1091 1639 1118 τῶν
1661 1090 1783 1126 ὑπηκόων

1011 1133 1180 1173 συγκαλύψαι
1204 1133 1345 1169 δυνήσεται
1358 1134 1524 1174 πταίσματα.
1539 1135 1592 1165 Καὶ
1605 1137 1683 1165 τοῦτο
1695 1135 1722 1170 ἐξ
1736 1137 1785 1165 αὗ-

1010 1183 1057 1209 τοῦ
1071 1179 1103 1209 ἄν
1127 1192 1168 1213 τις
1192 1180 1308 1220 ἄκριὸῶς
1333 1180 1482 1219 καταμάθοι
1506 1183 1552 1210 τοῦ
1573 1181 1724 1218 Μωῦσέως,
1739 1183 1784 1212 τοῦ

213 1224 275 1262 quis
288 1224 370 1253 fuerit
389 1234 422 1253 cx
442 1223 537 1252 ordine
556 1223 714 1253 sacerdotali
727 1245 734 1260 ,
750 1223 807 1253 sive
821 1234 855 1253 ex
869 1235 962 1254 eorum
978 1227 997 1251 D
1011 1225 1099 1255 πολλὰ
1121 1226 1169 1264 μὲν
1182 1226 1416 1262 κακοπαθήσαντος
1429 1226 1496 1267 ὑπὲρ
1518 1230 1564 1256 τοῦ
1579 1227 1704 1267 Ἰσραὴλ,
1719 1229 1785 1258 πολ-

214 1280 327 1300 numcro
353 1270 401 1309 qui
426 1269 576 1299 mundanas
598 1269 785 1298 administrant
806 1269 961 1309 dignitates.

215 1315 350 1353 Quamvis
363 1322 452 1345 autem
463 1316 552 1355 justus
565 1315 649 1344 fucrit
659 1338 667 1353 ,
682 1315 801 1354 adeoque
810 1315 900 1355 justus
910 1339 918 1353 ‚
934 1323 963 1346 ut

212 1373 297 1402 usque
312 1362 347 1391 ad
368 1362 453 1391 Mosis
466 1361 594 1392 virtutem
613 1361 764 1401 pertingat,
780 1361 855 1391 haud
875 1369 963 1392 tamen

211 1409 288 1438 illius
319 1409 401 1438 unius
411 1407 515 1449 justitia
531 1408 659 1437 immensa
673 1407 844 1437 subditorum
857 1415 964 1448 peccata

211 1455 313 1486 valebit
323 1455 446 1495 obtegere
460 1467 467 1483 :
483 1453 566 1495 idque
579 1454 678 1494 poterit
690 1454 752 1493 quis
765 1464 799 1484 ex
813 1454 873 1495 ipso
886 1456 964 1484 Mose

211 1509 284 1532 certo
297 1512 465 1542 cognoscere.
484 1502 554 1531 Cum
569 1501 641 1530 enim
653 1501 700 1530 ille
714 1501 807 1530 multis
820 1499 908 1531 modis
921 1502 963 1531 af—

214 1548 306 1578 ssictus
317 1548 410 1577 fuisset
422 1558 472 1587 pro
485 1547 579 1584 Israel,
595 1547 778 1585 instanterque
789 1541 862 1587 apud
876 1548 964 1576 Deum

219 1594 397 1635 supplicasset
406 1617 414 1631 ‚
429 1600 459 1623 ut
472 1600 570 1622 terram
583 1592 742 1633 promissam
755 1592 782 1622 in
796 1600 895 1622 sortem
909 1593 965 1623 illis

213 1640 344 1677 traderet,
356 1647 443 1669 tamen
457 1638 584 1678 quoniam
599 1649 627 1668 se
643 1639 763 1679 populus
777 1639 834 1668 suis
847 1640 965 1679 peccatis

212 1687 368 1718 reddiderat
386 1687 421 1717 ab
437 1687 488 1717 hac
505 1685 681 1727 promissione
696 1686 815 1716 alienum
827 1709 835 1725 ,
848 1697 901 1717 non
915 1698 965 1728 po-

1011 1271 1061 1307 λὴν
1076 1271 1103 1301 δὲ
1114 1271 1163 1307 τὴν
1176 1272 1244 1312 ὑπὲρ
1258 1274 1344 1309 αὐτοῦ,
1354 1272 1456 1306 ἱκεσίαν
1471 1273 1536 1313 πρὸς
1549 1273 1594 1302 τὸν
1608 1274 1677 1303 Θεὸν
1691 1275 1785 1309 ἐνστη-

1011 1316 1127 1355 σαμένου
1136 1338 1144 1352 ,
1158 1317 1228 1346 ὥστε
1241 1317 1505 1357 τὴνέπηγγελμένην
1519 1319 1598 1348 αὐτὸν
1613 1321 1782 1360 κατακληρο-

1011 1365 1126 1402 νομῆσαι
1151 1365 1201 1402 γῆν
1214 1375 1221 1382 ·
1249 1365 1307 1393 ἀλλ’
1336 1364 1395 1393 ἐπεὶ
1422 1364 1492 1398 ξένον
1517 1365 1609 1395 ἑαυτὸν
1636 1362 1710 1400 οὗτος
1737 1369 1784 1403 τῆς

1010 1409 1196 1449 καταοχέσεως
1216 1414 1274 1443 ταῖς
1293 1410 1402 1444 οἰκείαις
1426 1411 1574 1448 κατέστησε
1589 1413 1784 1452 παρανομίαις,

1010 1457 1057 1485 οὐκ
1079 1455 1189 1496 ἴσχυσεν
1203 1458 1219 1492 ἠ
1235 1457 1315 1486 αὐτοῦ
1339 1457 1428 1494 δέησις
1448 1457 1496 1494 τὴν
1521 1461 1566 1488 τοῦ
1587 1460 1658 1488 Θεοῦ
1680 1459 1784 1489 δικαίαν

1010 1503 1096 1542 ψῆφον
1111 1504 1290 1541 μεταποιῆσαι
1313 1503 1411 1536 παντὸς
1431 1506 1476 1533 τοῦ
1499 1505 1565 1534 λαοῦ
1591 1506 1618 1534 ἐν
1632 1507 1666 1544 τῇ
1691 1505 1783 1545 ἐρήμῳ

1011 1547 1237 1588 κατεστρωμένου.
1258 1549 1353 1578 Καίτοι
1368 1549 1408 1582 τίς
1427 1553 1473 1579 τοῦ
1495 1551 1631 1584 Μωϋσέως
1651 1544 1783 1581 δικαιότε-

1012 1606 1075 1634 ροςς
1098 1594 1115 1630 ἢ
1141 1594 1181 1628 τίς
1207 1594 1502 1636 παῤῥησιαστικώτερος
1526 1596 1592 1636 πρὸς
1617 1597 1663 1626 τὸν
1689 1598 1784 1634 Θεόν;

1013 1639 1128 1680 Ἰσχύεῑν
1143 1640 1190 1679 μὲν
1202 1641 1308 1680 λέγεται
1328 1641 1429 1670 δικαίου
1446 1642 1551 1678 δέησις,
1566 1641 1645 1672 ῡᾶλὶῧ
1661 1644 1784 1684 ἐνεργου-

1014 1686 1080 1725 μένη
1089 1708 1097 1722 ,
1109 1686 1231 1716 τουτέστι
1239 1710 1247 1723 ,
1265 1687 1429 1726 βοηθουμένη
1441 1691 1474 1728 τῇ
1490 1688 1653 1728 μεταμελείᾳ
1666 1689 1712 1719 καὶ
1725 1690 1786 1719 ἐπι-

212 1734 265 1763 tuit
278 1734 364 1764 Mosis
382 1733 532 1774 deprecatio
547 1733 648 1773 justam
668 1733 719 1762 Dei
740 1733 898 1763 sententIam
912 1735 966 1764 im-
981 1733 1000 1757 Ε
1015 1735 1125 1773 στροφῇ,
1141 1733 1208 1773 ὑπὲρ
1221 1728 1258 1762 ὧν
1272 1732 1477 1763 καταόἄλλεται.
1497 1730 1547 1768 Οἷς
1567 1734 1594 1764 δὲ
1608 1735 1786 1774 ἀμετανόητος

212 1787 328 1818 mutare,
344 1790 398 1819 quo
410 1780 510 1809 factum
532 1785 562 1808 ut
583 1785 656 1808 totus
677 1779 726 1808 ille
745 1779 865 1820 populus
878 1779 907 1809 in
920 1780 967 1811 de-

213 1835 283 1857 serto
309 1832 531 1866 prosterneretur.
544 1827 667 1856 Attamen
685 1826 747 1865 quis
763 1827 843 1856 Mose
856 1827 966 1867 justior,

213 1880 259 1902 aut
272 1872 334 1912 quis
347 1872 410 1912 plus
423 1871 511 1902 valuit
524 1871 599 1912 apud
611 1872 720 1901 Deum?
733 1873 844 1903 Dictum
856 1880 906 1910 est,
918 1885 966 1905 va.

213 1920 268 1948 lere
285 1919 353 1958 justi
371 1917 584 1958 deprecationem
593 1940 603 1953 ,
618 1917 665 1946 scd
684 1917 818 1947 efficacem
826 1941 835 1956 ,
847 1918 899 1949 hoc
913 1927 963 1957 est,

213 1966 367 2007 poenitentia
384 1964 609 2003 conversioneque
635 1964 757 2005 adjutam
785 1976 888 2004 eorum,
915 1979 964 2007 pro

213 2013 314 2052 quihus
326 2011 460 2040 funditur.
476 2010 527 2040 His
544 2010 732 2048 vero,quihus
749 2022 837 2041 mores
857 2021 965 2043 manent

215 2059 272 2088 sine
301 2056 456 2098 poenitentia
470 2056 599 2094 „citraque
623 2056 721 2086 honam
744 2058 963 2097 conversionem,

215 2104 351 2144 quomodo
361 2103 446 2143 possit
457 2102 584 2131 auxiliari
592 2102 662 2142 justi
672 2102 839 2143 deprecatIO,
851 2116 913 2134 cum
923 2106 965 2135 illi

216 2152 268 2191 ipsi
282 2150 338 2179 suis
348 2150 424 2179 sactis
439 2148 589 2178 obsistant?

257 2201 286 2230 5.
299 2199 336 2228 Et
352 2197 419 2237 quid
437 2206 678 2227 commemoramus
695 2196 748 2225 hoc
765 2196 895 2228 accidisse
911 2201 967 2230 toti*

215 2243 319 2284 populo
334 2242 471 2282 peccanti,
491 2252 553 2271 cum
573 2247 601 2270 et
622 2251 770 2281 paucorum
791 2242 963 2274 subditorum

247 2330 259 2342 Α
276 2320 421 2355 Legendum
437 2319 536 2346 videtur
555 2322 605 2349 τοὺς
623 2322 744 2353 πολεμίους
758 2323 880 2354 ἐξώπλισε,
893 2321 977 2347 hostes

214 2363 330 2388 armavit.
341 2360 392 2386 Sed
403 2360 487 2387 omnia
503 2358 654 2391 exemplaria
665 2362 777 2392 πολέμους
789 2359 893 2385 habent.
908 2362 974 2386 Era-

213 2411 282 2427 smus
293 2402 328 2426 ita
336 2402 514 2432 interpretatus
525 2403 572 2429 est,
579 2398 635 2422 acsi
645 2401 765 2432 πολεμίους
776 2397 863 2432 legerit
871 2418 878 2431 ‚
891 2409 975 2425 arma.

1013 1779 1058 1808 καὶ
1069 1778 1258 1819 ἄνεπίστροφός
1267 1780 1338 1808 ἐστιν
1347 1781 1362 1808 ὁ
1372 1779 1478 1819 τρόπος,
1489 1783 1546 1815 πῶς
1558 1780 1589 1810 ἂν
1599 1783 1732 1820 ἐπαμῦναι
1741 1782 1786 1811 δυ-

1013 1825 1137 1862 νήσεται,
1154 1826 1240 1855 αὐτῶν
1252 1825 1357 1855 ἐκείνων
1372 1830 1425 1860 τοῖς
1438 1826 1523 1866 ἔργοις
1538 1827 1784 1864 *ἂντικοπτόντωνς

1052 2197 1106 2228 Καὶ
1119 2198 1145 2227 τί
1153 2197 1264 2238 λέγομεν
1279 2197 1322 2227 ἐπὶ
1334 2198 1477 2239 ὁλοκλήρου
1490 2200 1555 2228 λαοῦ
1570 2201 1785 2239 παρανομοῦντος

1011 2249 1089 2276 τοῦτο
1109 2244 1272 2284 συμὸαίνειν,
1293 2244 1358 2274 ὅπου
1373 2245 1418 2274 καὶ
1440 2248 1457 2282 ἡ
1476 2248 1528 2275 τῶν
1549 2245 1645 2285 ὀλίγων
1663 2244 1786 2282 ὑπηκόων

1059 2331 1070 2344 t
1087 2323 1158 2348 Unus
1177 2325 1295 2350 διεπόντων
1304 2327 1385 2358 ἀρχάς.
1393 2327 1412 2350 εἰ
1423 2325 1454 2349 δέ.
1467 2323 1544 2349 Paulo
1552 2329 1611 2357 post
1620 2332 1682 2348 unus
1691 2327 1722 2350 τὰ
1730 2326 1787 2354 ἡμέ-

1026 2374 1084 2396 τερα
1095 2369 1139 2389 τῶν
1151 2364 1261 2392 ὑπηκόων.

1059 2403 1070 2416 ‘¹
1088 2401 1189 2434 Septem
1201 2402 1259 2427 Mss.
1273 2403 1325 2427 ἀλλ’
1341 2405 1515 2438 ἐνεργουμένην,
1528 2406 1645 2434 τουτέστι,
1655 2403 1785 2435 βοηθουμέ-

215 2444 249 2466 vit
264 2441 352 2466 hostes.
366 2438 443 2464 Paulo
455 2443 513 2470 post
524 2437 557 2462 ad
570 2445 657 2463 vocem
674 2440 798 2472 ὑπερεχέθη
807 2458 813 2470 ,
828 2438 937 2466 savilius
950 2439 976 2465 in
1026 2453 1073 2470 νην.
1085 2440 1136 2466 Sed
1148 2440 1226 2472 male,
1238 2440 1364 2474 ut—lfquet.

213 2490 293 2514 marg.
305 2485 378 2504 notat
388 2481 516 2506 ἐπλεόνασε.

244 2521 258 2540 b
276 2520 324 2545 Sex
333 2520 391 2544 Mss.
400 2522 440 2544 κᾶν
447 2521 551 2543 ἁπάντων
559 2518 750 2550 &exprme-rapx
756 2520 887 2552 ἀνθρώπων,
897 2518 971 2550 male,

209 2562 235 2585 ni
248 2559 333 2592 fallor5
347 2567 405 2584 nam
420 2557 459 2582 liic
471 2556 503 2581 de
515 2555 573 2581 viris
593 2556 685 2582 virtute
701 2556 901 2588 praecellentibus
919 2559 971 2593 agi—

210 2607 260 2625 tur.

1057 2485 1067 2495 ⁰
1083 2481 1138 2504 Duo
1152 2481 1411 2507 ἀντικοτούντων.ῦηυε
1423 2483 1623 2508 &averoim-m:
1634 2488 1689 2513 quae
1699 2485 1785 2512 poste-

1023 2519 1074 2543 rior
1085 2517 1160 2543 lectio
1173 2518 1292 2544 mendum
1301 2528 1355 2545 esse
1364 2519 1470 2545 videtur.
1479 2520 1550 2545 Prior
1559 2525 1642 2544 autem
1653 2527 1704 2543 non
1714 2527 1783 2551 sper-

1020 2557 1111 2582 nenda.
1126 2557 1201 2589 Alius,
1212 2564 1275 2584 teste
1286 2558 1389 2592 Savilio,
1401 2563 1606 2594 ἀντιπραττόντων,
1619 2566 1674 2590 qnae
1684 2563 1722 2582 est
1733 2566 1782 2583 vox

1020 2606 1173 2630 synonyma.
