1890 2826
757 164 789 187 IN
818 164 1007 189 DANOELEM.

51 236 60 242 ·
100 226 177 257 αὐτὸν
198 225 242 256 καὶ
259 226 328 256 ἄλλα
347 225 472 263 ἀξιῶσαι,
496 225 566 255 ὥστε
588 224 633 254 καὶ
654 224 703 261 τὴν
727 225 863 266 σύγκρισιν

98 279 170 318 αὐτῷ
181 277 318 318 γνωρίσαι.
332 276 399 307 Ὅτι
418 276 448 306 τὸ
462 276 550 316 ὅραμα
563 278 608 306 τοῦ
624 276 769 316 βασιλέως,
784 277 864 317 φησὶ,

98 328 241 369 ἐγνώρισάς
249 341 303 368 μοι.
318 329 371 359 Καὶ
384 328 479 362 εὐθέως
489 324 552 365 ἦλθε
564 327 666 364 Δανιὴλ
679 328 744 368 πρὸς
755 328 863 369 Ἀριὼχ)

96 379 125 409 ὃν
138 380 284 417 κατέστησε
293 404 301 418 ,
313 381 391 421 φησὶ,
402 383 416 410 ὁ
427 380 548 420 βασιλεὺς
555 380 690 420 ,ἀπολέσαι
699 380 759 414 τοὺς
770 381 865 421 σοφοὺς

96 432 267 470 Βαὸυλῶνος,
279 433 324 462 καὶ
337 428 409 463 εἶπεν
423 434 495 473 αὐτῷ
505 444 512 452 ·
526 432 586 467 τοὺς
599 433 693 473 σοφοὺς
707 433 864 467 Βαὸυλῶνος

97 485 134 524 μὴ
144 486 275 526 ἀπολέσῃς
283 498 291 505 ·
307 486 433 526 εἰσάγαγε
445 485 473 515 δέ
485 498 518 525 με
530 485 640 526 ἐνώπιον
654 489 700 515 τοῦ
717 486 861 526 βασιλέως,

95 538 140 567 καὶ
153 539 294 578 ἀπαγγελῶ
313 539 352 578 τῷ
367 539 470 578 βασιλεῖ
485 537 533 574 τὴν
548 537 684 578 σύγκρισιν
698 540 744 567 τοῦ
759 538 863 579 ὁράμα-

94 601 146 623 τος.
157 590 277 630 Ἔδραμε
290 590 355 630 πρὸς
369 590 445 620 αὐτὸν
462 590 508 620 καί
525 602 603 630 φησι·
615 591 640 619 Τ
641 590 684 623 οὺς
697 590 792 630 σοφοὺς
806 593 861 620 Βα-

95 641 210 675 ὅυλῶνος
230 642 268 681 μὴ
289 643 432 684 ἀπολέσῃς.
449 644 498 677 Τίς
519 644 550 672 ἂν
571 643 721 684 ἐφρόντισεν
742 643 861 681 ἑκείνων;

93 694 166 734 ’Ὅρα
188 695 219 724 τὸ
242 695 423 736 φιλάνθρωπον
448 696 493 725 καὶ
517 696 617 736 ἥμερον
646 699 692 725 τοῦ
717 697 862 737 προφήτου.

94 747 163 777 Ἀλλ’
188 751 238 778 οὐκ
261 748 292 777 ἂν
312 745 444 786 ἠκούσθη,
459 751 483 778 εἷ
497 749 534 788 μὴ
551 751 659 779 κάκεῖνο
677 749 840 789 προσέθηκεν
854 761 860 769 ·

94 799 229 840 Εἶσάγαγέ
253 813 303 840 με,
322 801 402 841 φησὶ,
419 801 464 831 καὶ
478 803 622 841 ἀπαγγελῶ
643 803 681 842 τῷ
697 803 800 841 βασιλεῖ
812 801 862 838 τὴν

94 851 230 892 σύγκρισιν
246 856 292 882 τοῦ
311 853 452 893 ὁράματος.
466 853 537 884 Τότε
551 853 664 894 Ἀριὼχ,
681 854 770 895 φησὶν,
786 854 862 890 εἰσή-

59 912 62 914 *
92 915 158 943 γαγε
179 904 224 933 τὸν
237 905 339 941 Δανιὴλ
360 907 386 935 ἐν
402 907 502 945 σπουδῇ
524 905 634 936 ἐνώπιον
648 909 694 936 τοῦ
716 906 861 946 βασιλέως,

93 957 138 986 καὶ
161 952 233 986 εἶπεν
257 959 328 998 αὐτῷ
337 969 344 976 ·
369 958 469 998 εὕρηκα
491 959 573 999 ἄνδρα
599 961 628 988 ἐκ
652 962 704 989 τῶν
727 961 790 989 υἱῶν
815 961 863 995 τῆς

94 1010 277 1049 αἰχμαλωσίας
289 1012 337 1046 τῆς
350 1010 478 1044 Ἰουδαίας
487 1034 495 1047 ,
511 1011 582 1044 ὅστις
593 1012 623 1040 τὸ
635 1011 770 1051 σύγκριμα
781 1013 863 1050 α’ναγ-

92 1061 164 1099 γελεῖ
183 1063 221 1101 τῷ
241 1063 354 1100 βασιλεῖ.
370 1063 434 1092 Ἀπὸ
450 1064 503 1092 τῶν
514 1064 578 1092 υἱῶν
592 1065 639 1098 τῆς
660 1063 844 1102 αἰχμαλωσίας
853 1085 862 1100 ,

94 1113 183 1152 φησὶν,
200 1114 299 1154 εὕρηκα
321 1114 411 1154 ἄνδρα.
429 1116 488 1144 Οὔκ
500 1115 619 1155 ᾐσχύνθη
633 1115 664 1144 τὸ
677 1114 758 1154 γένος.
777 1114 862 1143 ‘'Ox-av

93 1164 144 1205 γὰρ
159 1165 261 1205 ἀνάγκη
273 1165 404 1195 ἐπίκειται
414 1166 518 1206 μείζων,
533 1166 605 1196 οὐδὲν
618 1166 718 1196 τούτων
729 1168 861 1203 ζητεῖται,

95 1218 154 1246 ἀλλ’
167 1218 181 1246 ὁ
193 1220 271 1257 τῦφος
284 1220 298 1247 ὁ
311 1219 339 1247 ἐν
356 1222 414 1252 ταῖς
430 1218 580 1259 εὐημερίαις
595 1219 664 1253 ἅπας
682 1218 862 1248 καταστέλλε-

94 1282 146 1300 ται.
160 1270 214 1300 Καὶ
228 1270 278 1310 γὰρ
298 1273 312 1300 ὁ
334 1273 417 1300 νοσῶν
438 1273 486 1301 οὐκ
501 1271 531 1301 ἄν
553 1283 617 1301 ποτε
637 1274 683 1301 τοῦ
707 1273 796 1312 ἰατροῦ
812 1271 861 1307 τὴν

94 1322 224 1362 εὐγένειαν
243 1323 462 1363 περιεργᾶσαιτο,
480 1325 525 1354 καὶ
539 1323 625 1357 ἄλλως
643 1323 797 1354 κινδυνεύων
813 1324 861 1354 ἄν-

93 1378 195 1415 θρωπος
206 1366 256 1405 οὐκ
269 1374 301 1405 ἂν
315 1376 603 1416 πολυπραγμονήσειεν,
617 1377 669 1406 εἴτε
682 1376 840 1417 εὐπατρίδης
851 1399 859 1414 ,

92 1427 146 1456 εἴτε
161 1429 175 1457 ὁ
193 1427 281 1468 τυχὼν
303 1428 343 1464 εἴη
365 1431 379 1458 ὁ
401 1428 503 1467 μέλλων
530 1429 607 1459 αὐτὸν
628 1429 782 1469 ἐξαρπάζειν
805 1432 859 1459 τῶν

93 1479 228 1516 κινδύνων,
247 1481 305 1509 ἀλλ’
321 1479 348 1509 ἓν
371 1480 447 1520 μόνον
462 1482 549 1518 ζητεῖ,
567 1481 616 1517 τὴν
630 1481 796 1521 ἀπαλλαγήν.
810 1481 860 1515 Τίς

93 1534 142 1562 οὐκ
164 1533 195 1562 ἂν
215 1534 359 1574 αἰσχυνθῇ,
373 1533 412 1567 τίς
432 1535 480 1563 οὐκ
498 1534 529 1563 ἂν
543 1534 699 1574 ἐρυθριᾶσῃ,
719 1536 785 1574 ὁρῶν
799 1533 858 1567 τοὺς

93 1583 140 1622 μὲν
161 1585 188 1612 ἐν
209 1586 242 1623 τῇ
261 1585 374 1624 πατρίδι·
390 1585 491 1618 πάντας
513 1585 729 1625 ἀναιρουμένους,
750 1584 810 1619 τοὺς
829 1585 858 1614 δὲ

94 1635 278 1675 αἰχμαλώτους
295 1636 499 1676 ’φυσοηιένους,
522 1638 567 1666 καὶ
592 1637 661 1677 μέγα
682 1639 857 1677 φρονοῦνταςς

93 1686 189 1717 Οὐδέν.
201 1687 309 1716 Τούτων
318 1687 391 1717 οὐδὲν
406 1689 483 1722 αὐτὸς
494 1688 638 1725 ἐνενόησεν,
647 1690 705 1718 ἀλλ’
715 1690 742 1718 ἐν
756 1690 858 1728 σπουδῇ

93 1741 212 1772 κάκεῖνος
226 1739 334 1768 ἐκάλεσε
345 1762 353 1775 ,
377 1740 422 1769 καὶ
435 1736 509 1774 οὗτος
527 1740 676 1780 ἠρώτησεν,
691 1740 779 1770 οὐκέτι
792 1741 860 1779 μετὰ

93 1794 141 1827 τῆς
162 1794 244 1829 αὐτῆς
267 1793 398 1827 ἀπονοίας.
413 1793 523 1830 Ἐπειδὴ
546 1793 597 1833 γὰρ
610 1794 728 1833 ἠλέγχθη
749 1793 792 1822 διὰ
812 1795 860 1829 τῆς

94 1845 313 1885 πείραςῦἀνόητα
332 1849 346 1875 ὁ
366 1846 487 1885 βασιλεὺς
505 1847 646 1881 ἐπιζητῶν,
665 1846 692 1875 τί
711 1858 791 1887 ‹pne-25
807 1846 860 1876 Καὶ

94 1898 221 1938 ἀπεκρίθη
243 1900 257 1927 ὁ
282 1897 419 1937 βασιλεὺς,
434 1898 479 1927 καὶ
498 1893 569 1928 εἶπεν
584 1900 622 1939 τῷ
636 1898 753 1936 Δανιὴλ,
777 1894 806 1928 οὗ
829 1899 860 1928 τὸ

93 1950 176 1988 ὄνομα
197 1950 339 1990 Βαλτάσαρ
349 1962 356 1969 ·
372 1952 394 1980 εἷ
409 1950 518 1980 δύνασαί
533 1962 577 1990 μοι
591 1952 744 1991 ἀναγγεῖλαι
758 1951 788 1980 τὸ
803 1951 859 1981 ἐνύ-

92 2013 176 2038 πνιον,
190 2001 204 2031 ὃ
216 1997 292 2039 εἶδον,
303 2000 348 2032 καὶ
359 2002 407 2038 τὴν
421 2002 557 2043 σύγκρισιν
569 2005 648 2033 αὐτοῦ
658 2016 665 2040 ;
677 2004 755 2033 Μετὰ
767 2004 859 2033 πλείο-

93 2060 137 2087 νος
147 2055 194 2090 τῆς
207 2055 348 2089 ἐπιεικείας
363 2055 519 2095 διαλέγεται.
532 2057 591 2086 Οὔκ
609 2051 696 2093 εἶπεν,
712 2056 743 2086 ἂν
759 2057 796 2096 μὴ
810 2058 857 2086 δυ-

93 2108 188 2146 νηθῇς,
201 2106 235 2136 τὰ
251 2107 318 2137 αὐτὰ
336 2108 426 2147 πείσῃ.
449 2108 486 2138 Τί
499 2104 543 2138 οὖν
557 2111 572 2138 ὁ
586 2109 701 2145 Δανιήλ;
718 2109 770 2138 Καὶ
791 2110 858 2139 ἀπε-

93 2158 171 2197 κρίθη
190 2159 290 2196 Δανιὴλ
311 2160 420 2190 ἑνώπιον
434 2163 480 2190 τοῦ
502 2161 646 2200 βασιλέως,
669 2161 714 2190 καὶ
737 2156 794 2191 εἷπε
807 2174 813 2180 ·
828 2162 858 2191 τὸ

94 2210 246 2250 μυστήριον,
262 2211 277 2241 ὃ
289 2213 303 2240 ὁ
318 2211 440 2251 βασιλεὺς
459 2213 596 2249 ἐπιζητεῖ,
619 2215 666 2243 οὒκ
680 2214 735 2243 ἔστι
748 2215 835 2254 σοφῶν
848 2237 856 2251 ,

94 2264 199 2304 μάγων,
209 2266 346 2301 ἐπαοιδῶν,
359 2267 516 2306 Γαζαρηνῶν
531 2267 639 2306 δύναμις
653 2268 805 2307 ἀναγγεῖλαι
819 2270 857 2307 τῷ

1593 159 1656 203 241

921 227 981 256 sert.
991 227 1054 267 Ipsa
1068 227 1118 257 lux
1129 234 1178 258 est.
1198 228 1271 266 Tibi,
1287 228 1368 259 Deus
1387 234 1505 268 patrum
1520 239 1661 268 meorum,

921 272 1172 314 inquit‚confiteor,
1180 281 1207 304 te
1218 275 1391 314 laudo‚quia
1399 277 1570 315 sapientiam
1578 282 1606 305 et
1619 278 1630 305 i
1632 287 1663 311 n-

921 319 1113 359 telligentiam
1122 321 1228 350 dedisti
1239 322 1322 350 mihi.
1331 322 1490 361 Opportune
1499 328 1606 361 patrum
1616 322 1663 352 hic
1704 349 1707 351 .

921 364 1109 406 meminit,per
1122 366 1183 396 illo‘s
1191 368 1280 396 Deum
1293 366 1410 408 flectere,
1417 377 1448 396 ac
1460 366 1545 398 veluti
1558 367 1661 407 pudore

920 410 1025 440 afficere
1047 412 1157 452 cupiens
1171 425 1177 441 :
1190 410 1418 452 quemadmodum
1437 413 1460 442 si
1478 413 1540 452 quis
1561 413 1588 442 in
1603 424 1660 443 me-

919 457 1032 487 moriam
1045 458 1160 499 alicujus
1171 458 1496 495 acrisamatorisfflmores
1510 458 1658 489 reduceret.

922 503 944 532 C
946 504 1076 543 orfiteor,
1097 504 1196 543 inquit,
1218 505 1316 545 gratias
1338 515 1399 545 ago,
1421 511 1449 534 et
1468 505 1570 542 laudo,
1590 508 1662 545 quia

918 551 1092 588 sapientiam
1101 557 1129 579 et
1137 551 1365 591 intelligentiam
1373 550 1480 580 dedisti
1486 552 1558 581 mihi
1562 552 1661 589 ‚Quam
1670 583 1672 585 ,

888 630 892 635 .
917 601 994 624 antea
1006 595 1121 626 habebat
1131 596 1243 626 scilicet.
1252 598 1293 626 Et
1308 607 1386 625 nunc
1400 604 1470 626 nota
1469 598 1576 638 fecisti
1588 599 1669 633 milii>

918 652 983 681 quae
997 644 1163 679 rogavimus
1182 651 1218 672 te.
1231 643 1388 674 Verisimile
1398 643 1507 673 videtur
1520 644 1660 674 Danielem

917 688 997 718 etiam
1010 689 1063 718 alia
1085 689 1204 728 petiisse,
1217 689 1282 719 adeo
1303 697 1333 719 ut
1351 691 1531 730 conjecturam
1553 701 1660 729 quoque

917 735 960 764 illi
975 737 1048 765 Deus
1062 735 1196 766 indicarit.
1217 737 1303 774 Quia,
1318 736 1414 774 iuquit,
1430 738 1573 765 somnium
1585 737 1661 776 regis

918 782 1114 821 manifestasti
1125 780 1197 811 mihi
1201 805 1207 811 .
1219 783 1272 811 24.
1284 783 1326 811 Et
1338 783 1438 811 statim
1451 784 1534 812 venit
1549 782 1661 820 Daniel

918 827 959 855 ad
969 827 1145 864 Arioi-hum,
1153 838 1238 868 quem
1247 830 1449 865 constituerat,
1458 824 1557 866 inquii,
1567 838 1618 857 rex
1626 834 1670 863 ut.

915 874 1048 912 perderet
1058 876 1202 913 sapientes
1217 876 1302 912 Baby
1308 875 1395 910 lonis,
1407 881 1437 902 et
1452 875 1529 903 dixit
1541 876 1569 903 ei
1580 885 1588 901 .·
1602 874 1659 903 Sa-

916 920 1027 958 pientes
1041 920 1208 957 Babylonis
1223 931 1260 949 ne
1271 920 1391 959 perdas,·
1406 920 1542 948 introduc
1561 926 1659 949 autem

918 975 964 993 me
974 967 1006 994 in
1016 971 1200 1004 conspectum
1209 968 1328 1002 regis‚et
1338 967 1522 994 annuntiabo
1528 967 1588 1005 regi
1596 976 1660 995 con-

912 1013 1059 1051 jecturam
1072 1014 1208 1041 visionis.
1223 1011 1350 1042 Cucurrit
1363 1010 1397 1040 ad
1413 1018 1520 1048 eum,et
1530 1013 1567 1041 ait
1581 1022 1588 1039 =
1600 1013 1627 1042 S
1627 1022 1660 1041 a-

915 1059 1027 1096 pientes
1040 1057 1206 1094 Baleylonis
1221 1068 1257 1086 ne
1273 1057 1389 1096 perdas.
1405 1058 1535 1094 Quisnam
1552 1057 1587 1087 de
1603 1057 1660 1087 illis

917 1113 1008 1132 curam
1018 1102 1173 1132 habuisset?
1188 1102 1284 1142 Aspice
1304 1102 1442 1142 prophetae
1463 1103 1657 1133 humanitatem

917 1159 947 1178 ac
966 1148 1209 1178 mansuetudinem.
1221 1148 1274 1179 Sed
1291 1149 1400 1179 auditus
1415 1159 1467 1179 non
1486 1149 1590 1187 suisset,
1605 1150 1658 1179 nisi

916 1202 942 1224 et
962 1194 1032 1224 illud
1044 1194 1191 1224 addidisset
1201 1206 1208 1223 ε
1220 1195 1363 1224 Introduc
1375 1205 1430 1232 me,
1445 1195 1543 1234 inquit,
1558 1202 1587 1224 et
1597 1206 1656 1225 an-
1671 1196 1673 1198 ’

916 1243 1058 1271 nuntiabo
1069 1242 1131 1280 regi
1141 1242 1337 1280 conjecturam
1357 1242 1491 1270 visionis.
1508 1242 1557 1271 25.
1576 1242 1657 1271 Tunc

915 1288 1074 1324 Ariochus,
1090 1286 1187 1325 inquit,
1204 1287 1364 1316 introduxit
1380 1287 1535 1316 Danielem
1562 1289 1595 1316 in
1603 1289 1657 1329 se-

914 1334 1073 1363 stinatione
1085 1334 1117 1361 in
1129 1339 1312 1372 conspectum
1325 1335 1399 1372 regis
1413 1339 1440 1362 et
1451 1333 1542 1362 dixit.-
1551 1335 1658 1363 Inveni

915 1381 1013 1410 virum
1032 1380 1068 1408 de
1069 1379 1147 1419 siliis
1162 1380 1340 1418 captivitatis
1351 1379 1475 1416 Judoeoe,
1491 1380 1542 1419 qui
1561 1380 1658 1418 conje-

915 1431 1028 1454 cturam
1039 1426 1229 1454 annuntiabit
1242 1426 1312 1464 regi.
1327 1425 1456 1465 Defiliis
1467 1426 1655 1465 captivitatis,

915 1472 1014 1511 inquit,
1030 1473 1129 1502 inveni
1147 1474 1255 1500 vir-uni.
1267 1472 1328 1501 Non
1349 1471 1449 1511 puduit
1469 1473 1583 1511 generis.
1599 1472 1656 1501 Ubi

913 1517 984 1547 enim
999 1518 1130 1547 incumbit
1144 1517 1284 1547 necessitas
1298 1518 1393 1558 major,
1410 1517 1480 1547 nibil
1499 1517 1656 1547 horum-re-

914 1564 1048 1603 quiritur;
1064 1563 1111 1593 sed
1124 1564 1217 1599 fastus,
1230 1563 1278 1602 qui
1295 1563 1362 1592 solet
1383 1563 1505 1592 comitari
1519 1563 1655 1603 prosperi-

913 1616 1005 1646 tatem,
1020 1616 1091 1638 totus
1100 1609 1297 1649 comprimitur.
1315 1608 1370 1646 Qui
1383 1609 1454 1638 enim
1468 1615 1588 1649 aegrotat,
1598 1619 1656 1638 me-

915 1655 970 1684 dici
980 1654 1145 1684 nobilitatem
1156 1665 1302 1693 numquam
1311 1654 1416 1683 curiose
1428 1653 1558 1693 inquiret;
1568 1661 1594 1683 et
1602 1655 1656 1684 alio

916 1701 944 1729 in
955 1700 1075 1740 periculo
1088 1699 1218 1729 exsistens
1227 1700 1307 1728 homo
1321 1709 1373 1728 non
1387 1706 1486 1738 sataget
1498 1710 1531 1728 an
1543 1699 1654 1736 nobilis,

916 1758 949 1776 an
961 1757 1024 1776 vero
1035 1746 1068 1776 de
1082 1745 1161 1786 plebe
1176 1745 1210 1774 sit
1220 1745 1267 1774 ille
1277 1745 1323 1783 qui
1336 1755 1398 1774 eum
1411 1744 1539 1784 periculis
1553 1745 1588 1773 sit
1600 1755 1657 1774 ere-

915 1800 1023 1833 pturus,
1038 1792 1085 1822 sed
1097 1786 1180 1821 unum
1197 1791 1336 1821 dumtaxat
1352 1798 1464 1830 quaeret,
1476 1791 1604 1820 nimirum
1619 1791 1657 1821 li-

915 1840 1088 1869 berationem.
1097 1838 1167 1875 Quis
1180 1848 1233 1867 non
1248 1837 1351 1878 pudore
1363 1837 1473 1866 affectus
1484 1837 1588 1874 fuisset,
1596 1837 1657 1876 quis

916 1898 968 1926 non
979 1886 1139 1923 erubuisset,
1146 1895 1255 1915 cernens
1264 1895 1354 1914 omnes
1363 1884 1454 1924 patriae
1461 1894 1515 1914 suoe
1525 1884 1656 1925 sapientes

916 1932 1167 1972 interfici‚captivos
1187 1942 1251 1962 vcro
1269 1931 1357 1961 inflari
1363 1937 1405 1968 ,et
1418 1931 1452 1960 de
1474 1942 1503 1961 se
1516 1932 1657 1971 magnifice

915 1979 1226 2017 senti1³e?‚Nequaquam.
1236 1979 1340 2007 Horum
1349 1977 1419 2006 nihil
1433 1977 1490 2017 ipse
1499 1977 1630 2017 cogitavit
1646 1990 1653 2007 ι

915 2025 962 2055 sed
974 2024 1085 2054 festinus
1094 2030 1120 2053 et
1134 2023 1183 2061 ille*
1190 2023 1305 2060 vocavit,
1313 2029 1339 2052 et
1352 2023 1398 2052 hic
1407 2022 1592 2062 interrogavit.
1602 2033 1656 2052 non

914 2071 1031 2111 amplius
1050 2081 1111 2100 cum
1133 2069 1224 2102 eadem
1242 2069 1403 2108 arrogantia.
1419 2070 1564 2107 Postquam
1583 2069 1656 2098 enim

914 2128 962 2146 rex
974 2116 1111 2147 convictus
1121 2122 1160 2145 est
1172 2126 1220 2155 per
1229 2114 1432 2155 experientiam,
1441 2124 1468 2143 se
1479 2114 1612 2143 inutiliter
1625 2125 1655 2143 ac

913 2161 993 2191 stulta
1005 2158 1242 2201 perquire1·e‚quid
1251 2158 1306 2187 ait?
1320 2159 1370 2187 96.
1383 2159 1410 2187 E
1413 2164 1423 2186 t
1435 2158 1581 2197 respondit
1592 2168 1655 2193 rex,

914 2212 943 2235 et
962 2206 1035 2234 dixit
1054 2204 1187 2239 Danieli,
1204 2203 1286 2242 eujus
1305 2212 1411 2231 nomen
1427 2202 1569 2230 Baltasar
1580 2212 1590 2228 .·
1602 2202 1657 2230 Po-

916 2256 995 2278 tesne
1006 2249 1079 2277 mihi
1091 2248 1261 2276 renuntiare
1278 2247 1422 2275 somnium
1444 2246 1523 2285 quod
1540 2245 1615 2281 vidi,
1627 2252 1656 2275 et

915 2294 1109 2333 conjecturam
1120 2292 1203 2331 ejus?
1218 2291 1320 2330 Majore
1334 2299 1396 2318 cum
1410 2289 1517 2318 lenitate
1534 2287 1652 2317 disserit.

95 2323 214 2361 βασιλεῖ’
236 2323 294 2352 ἀλλ’
316 2321 372 2352 5⁶:¹³¹·
396 2323 463 2357 Θεὸς
487 2325 514 2353 ἐν
538 2325 639 2365 οὖρανῷ
663 2325 856 2355 ἀποκαλύπτων
876 2327 894 2351 Ε
913 2338 973 2367 Non
987 2335 1069 2365 d1xit:
1090 2334 1119 2365 Si
1128 2344 1178 2364 non
1188 2333 1316 2373 potueris,
1325 2332 1417 2362 eadem
1437 2343 1496 2371 quae
1510 2331 1556 2360 alii
1572 2332 1651 2370 patie-

97 2379 228 2419 μυστήρια
238 2402 246 2416 ,
259 2380 303 2409 καὶ
316 2379 438 2420 ἐγνώρισε
455 2382 493 2420 τῷ
509 2383 610 2420 βασιλεῖ
624 2381 854 2422 Ναὸουχοδονόσορ

913 2381 960 2412 ris.
970 2379 1045 2418 Quid
1057 2379 1138 2419 igitur
1150 2377 1266 2408 Daniel?
1276 2379 1357 2407 27.E
1360 2383 1371 2406 t
1383 2376 1529 2416 respondit
1542 2374 1653 2404 Daniel

125 2492 136 2503 ¹·
153 2489 294 2518 ουσωμίνους
305 2488 342 2510 καὶ
353 2489 414 2518 μέγα
427 2488 567 2520 ρρονοῦντας.
581 2486 622 2510 Ιιει
634 2493 732 2518 quoque
743 2485 847 2512 verbum
896 2493 940 2512 τῶν
952 2486 1000 2511 ozei
1012 2484 1060 2515 αὐ.]

94 2527 193 2559 ponesano,
205 2525 214 2548 1
227 2523 344 2550 Corinth.
354 2524 378 2554 8,
393 2525 415 2555 l,
427 2524 529 2556 exponit
539 2523 654 2550 Clemens
668 2524 849 2551 Alexandrinus
873 2534 877 2537 ·

93 2564 199 2596 septimo
218 2563 372 2589 Stromntou.
389 2563 457 2595 [Mox
470 2562 601 2596 legendnm
613 2563 711 2590 videtur
721 2566 782 2591 οὐδὲν
799 2567 848 2591 τού-

929 2526 942 2545 h
961 2523 1057 2553 Ᾰνόητα.
1072 2523 1100 2547 F.
1115 2526 1218 2550 ἀνόνητα.
