1904 2840
97 1055 238 1101 ’,ζῗωῖᾞῗιῗῖ
248 1072 390 1091 cessarium
402 1072 454 1090 non

99 1119 139 1138 qua
169 1113 237 1132 inicr-
249 1111 337 1130 rerum
350 1100 515 1130 convertitur
524 1107 615 1129 contra
623 1107 744 1129 naturam
756 1111 831 1129 suam
843 1100 989 1137 interdum,

99 1143 134 1192 21ιὲ
133 1150 158 1194 “¹¹¹¹
188 1150 238 1162 cve-
249 1147 278 1168 ut
285 1151 387 1179 semper
394 1141 467 1169 Deus
473 1147 629 1168 naturarum
638 1140 735 1179 Opifex
748 1140 775 1168 in
783 1140 938 1169 memoriam
946 1150 991 1169 re-

239 161 308 206 874

823 151 914 190 'orus
943 165 1184 190 iurent-nerum

239 241 278 263 cst
291 232 405 272 gloriosa
416 230 587 267 continentia,
601 238 745 268 nonquam
759 229 909 269 transgredi
926 239 979 259 non
996 232 1015 255 Α
1032 229 1084 269 ipsi
1099 229 1205 258 fuerant
1226 227 1343 258 invitati.
1359 227 1427 258 Nam
1446 227 1507 267 quis
1529 233 1662 258 mereatur
1676 235 1779 272 apffo-

239 280 324 314 potest
347 271 487 300 necessitas
506 269 653 299 debilitatis
673 269 809 310 corporis,
831 268 880 298 sed
918 279 980 298 uam

239 310 554 352 complectitur-voluutas
567 309 650 339 sancti
663 308 806 349 propositi.
820 308 886 338 Ideo
896 279 979 338 dicit:

240 352 313 381 Sunt
329 351 524 389 eunuchi,qui
537 351 580 379 sic
597 355 758 379 nascuntur
770 359 807 377 ex
819 355 900 378 utero
920 358 982 376 ma-

241 395 292 420 tris
315 401 374 420 suoe
396 402 404 418 .·
425 396 494 419 sunt
516 389 659 426 eunuchi,
682 390 734 428 qui
755 389 793 417 ab
817 389 982 418 hominibus

236 432 315 471 fiunt
329 442 339 459 .-
353 429 399 459 sed
418 429 480 458 illos
496 435 566 458 tenet
578 428 730 464 necessitas,
742 427 816 458 hunc
829 435 916 457 autem
930 434 982 456 ter-

240 471 308 499 tium
319 475 426 500 coronat
437 468 571 498 voluntas.
585 467 666 505 Quod
679 474 767 497 autem
777 467 816 497 sie
826 473 983 501 nascuntur,

241 521 255 538 a
267 509 398 539 creatione
412 508 443 537 fit
457 519 464 537 ι
478 507 613 547 quomodo
627 514 773 537 nascuntur
789 514 816 536 et
828 517 876 537 sex
885 506 985 545 digitos

242 550 378 584 habentes,
391 555 437 577 aut
457 554 583 587 quatuor,
597 554 623 576 et
635 546 745 576 similia.
761 547 791 577 Si
804 547 876 576 enim
895 545 983 583 Deus,

243 589 311 618 sicut
323 588 358 617 ab
373 587 451 617 initio
465 586 614 623 constituit,
630 597 845 625 unamquamque
864 592 985 615 naturam

241 629 278 657 sic
291 627 447 664 dimitteret,
462 627 538 656 illam
556 625 760 656 immutabiliter
775 635 880 666 semper
893 625 921 654 in
935 635 985 654 suo

242 667 337 696 ordine
347 672 512 707 permanere,
529 666 557 695 in
573 665 738 695 oblivionem
751 665 928 695 deduceretur
941 675 986 694 co-

242 718 298 736 ram
318 706 474 735 hominibus
495 706 614 746 operatio
628 705 679 735 Dei
701 717 708 733 :
730 715 791 737 nam
810 705 987 734 aestimaretur

243 753 336 776 natura
360 756 451 775 rerum
470 746 528 785 ipsa
553 755 581 774 se
606 755 707 784 regere.
722 745 838 784 Utputa,
851 744 989 774 constituit

242 787 316 815 Deus
337 785 506 822 naturaliter,
521 784 591 814 utin
610 784 698 813 hieme
717 784 816 823 frigora
836 784 899 820 sint,
914 784 988 812 calor

1031 270 1162 309 pinquare
1175 268 1295 305 Christo,
1310 267 1333 297 si
1347 267 1487 308 repellitur
1497 266 1532 296 ab
1545 276 1577 297 eo
1589 267 1700 297 inflantia
1713 270 1778 299 Simu

1031 307 1119 349 pler?
1132 308 1266 337 Putabant
1281 307 1352 337 enim
1363 317 1391 337 se
1407 307 1537 338 bonorem
1555 307 1641 336 facere
1655 306 1778 343 Christo,

1033 348 1162 380 damnum
1176 348 1306 377 *facientes
1325 346 1418 387 gloriae
1435 347 1504 387 ejus.
1520 346 1590 376 Nam
1611 344 1782 386 quemadmo-

1033 387 1100 416 dum
1113 386 1243 416 damnum
1255 393 1293 416 est
1305 385 1449 424 medico,si
1460 386 1652 416 subtrahantur
1660 385 1779 415 infit-miz

1034 427 1072 456 sic
1085 426 1213 456 damnum
1227 433 1269 456 est
1285 426 1405 463 Christo,
1419 436 1473 456 non
1486 425 1586 455 habere
1602 435 1671 464 quos
1683 424 1778 455 salvet.

1035 467 1065 497 Si
1089 467 1160 496 enim
1180 473 1337 506 exspectans
1361 466 1542 496 Samaritanus
1562 470 1724 505 peccatores,
1745 463 1781 493 de

1035 506 1135 546 quibus
1149 506 1206 546 ipse
1219 505 1357 535 mandavit
1369 506 1447 545 quasi
1459 505 1494 535 de
1507 504 1636 545 indignis,
1653 505 1690 534 ln
1709 505 1780 534 civi-
1793 513 1879 536 nauh.
1893 518 1904 537 t

1037 552 1110 575 tates
1123 546 1374 575 Samaritanorum
1385 555 1423 575 ne
1440 545 1632 580 intraveritis,
1644 550 1732 573 tamen
1744 543 1783 574 sic
1793 543 1816 567 ⁵·

1035 585 1070 614 de
1083 585 1198 615 adventu
1218 595 1312 614 eorum
1330 584 1476 625 gaudebat,
1489 591 1520 614 ut
1536 583 1638 614 diceret
1650 594 1658 612 t
1672 584 1783 613 Escam
1793 589 1904 619 namu

1037 626 1130 654 haheo
1150 625 1341 661 manducare,
1354 634 1445 665 quam
1463 634 1517 654 vos
1538 625 1654 653 nescitis
1669 634 1678 652 e
1693 629 1782 664 putas,

1036 671 1135 703 quanto
1153 665 1237 704 magis
1248 665 1383 694 esuriebat
1399 665 1515 695 salutem
1526 662 1709 693 innocentium
1720 672 1786 703 pue—

1037 707 1151 733 rorum?
1167 704 1233 734 Ideo
1253 704 1324 733 dixit
1341 716 1348 732 ε
1366 704 1415 733 u.
1433 703 1535 735 Nolite
1548 709 1650 732 vetare
1666 711 1782 742 pueros.
1804 710 1810 713 ·’

1037 744 1106 773 Nam
1117 744 1139 773 si
1148 745 1232 773 sancti
1243 743 1329 773 futuri
1340 750 1412 780 sunt,
1423 743 1491 784 quid
1503 743 1598 774 vetatis
1613 741 1782 771 filiosadt’a-

1038 790 1106 812 trem
1120 783 1234 814 venire?
1244 783 1274 812 Si
1288 790 1376 812 autem
1396 790 1548 824 peccatores
1566 781 1652 811 futuri
1668 787 1740 818 sunt,
1755 787 1785 810 ut

242 825 368 855 antemio
378 831 482 862 aestatc;
495 831 524 853 ut
532 830 602 853 terra
613 824 731 853 fructum
743 825 869 863 proferat,
883 830 913 852 ut
926 823 989 868 plu·
1005 830 1023 853 B
1039 822 1105 862 quid
1131 821 1286 852 sententiam
1310 822 1537 852 condemnationis
1557 820 1694 862 profertis,
1711 826 1784 850 aute-
1899 815 1904 862 ξ’

243 865 287 894 via
296 864 437 894 descendat
446 864 480 893 (le
494 864 568 893 eaelo.
579 864 610 893 Si
622 863 678 892 haec
689 863 759 892 sicut
767 863 801 892 ab
810 863 886 892 initio
893 869 990 893 consti-

247 911 302 933 tuta
324 911 397 940 sunt,
411 904 446 932 ita
461 902 489 932 in
503 914 552 933 suo
565 910 635 932 statu
649 903 853 932 immutabiliter
867 913 990 943 perseve-

245 950 344 981 rarent,
359 943 525 973 inveniretur
544 944 618 972 Deus
632 942 665 971 ab
679 941 757 971 initio
768 942 878 981 quidem
892 942 989 971 consti-

141 987 191 1016 Qua
209 988 236 1009 de
246 983 327 1012 tuisse
336 995 342 1017 ;
354 982 420 1012 etde
428 989 522 1011 caetero
529 992 632 1011 omnem
641 988 762 1011 naturam
771 982 798 1010 in
806 992 854 1011 sua
863 988 991 1021 potestate

97 1027 159 1040 ”³⁰⁵³
184 1026 236 1039 ‘⁰¹¹'
247 1022 406 1061 reliquisset,
421 1029 446 1050 et
464 1032 515 1089 per
533 1022 585 1050 hoc
607 1021 681 1050 lieret
694 1028 724 1050 ut
740 1022 795 1061 jam
809 1028 929 1051 creatura
944 1031 990 1050 ne-

336 1062 341 1067 “
474 1062 574 1090 taboret
583 1062 732 1090 Factorem.
746 1060 810 1090 Ideo
821 1071 884 1100 ergo
895 1066 990 1090 natura

249 1178 373 1215 ducatur,
389 1186 415 1208 et
427 1189 532 1217 semper
545 1180 707 1208 necessarius
720 1179 755 1208 sit
765 1180 860 1208 Factor
874 1190 928 1209 suae
945 1190 992 1208 na-

250 1225 326 1253 turae,
342 1225 367 1247 et
384 1228 436 1246 non
450 1217 538 1246 solum
554 1218 646 1253 semel,
657 1217 703 1246 sed
718 1218 839 1256 quotidie
850 1229 866 1248 o
886 1230 931 1248 era
944 1230 992 1248 sua

251 1258 335 1286 facere
355 1257 488 1285 videatur.
504 1258 646 1295 Propterea
665 1257 693 1285 in
709 1258 848 1296 evangelio
867 1230 901 1287 ge
915 1269 993 1291 caeco,

102 1303 169 1323 Juan.
187 1301 240 1330 9.3.
252 1296 298 1334 qui
315 1296 353 1324 sic
366 1302 443 1324 natus
461 1295 557 1332 fuerat,
572 1295 705 1324 Dominus
724 1295 790 1324 dicit
804 1308 810 1324 ε
829 1298 933 1336 Neque
947 1298 995 1326 hic

251 1336 391 1373 peccavit,
407 1345 500 1373 neque
512 1340 646 1372 parentes
661 1336 736 1374 ejus,
749 1335 800 1363 sed
818 1342 850 1364 ut
873 1337 996 1376 manife-

253 1381 365 1403 stentur
378 1383 464 1412 opera
474 1374 541 1402 Dei.
556 1374 616 1402 Non
631 1373 718 1402 solum
731 1373 889 1413 simpliciter
897 1375 992 1404 intelli·

254 1413 369 1452 gendum
386 1419 436 1448 est,
453 1412 522 1441 sicut
538 1412 618 1441 multi
637 1419 742 1452 putant,
757 1419 797 1450 ut,
812 1423 880 1442 caeco
894 1421 995 1451 sanato,

256 1453 305 1482 Dei
327 1452 443 1492 potentia
465 1458 651 1490 cognoscatur,
669 1451 698 1480 id
712 1458 762 1488 est,
777 1462 890 1492 operans
910 1455 994 1483 Deus.

256 1492 378 1530 Alioqui,
393 1491 518 1520 omnibus
537 1491 737 1520 infirmitatibus
755 1492 864 1529 sanatis,
879 1493 928 1522 Dei
967 1495 997 1522 'o-

256 1531 337 1560 tentia
351 1530 520 1574 cognoscitur
532 1541 538 1558 ε
552 1529 600 1559 sed
614 1529 674 1559 ideo
692 1530 719 1558 in
733 1530 808 1560 illius
821 1541 932 1570 persona
946 1504 998 1562 lioc

257 1570 334 1605 dicit,
346 1580 409 1608 quta
427 1576 517 1599 contra
529 1570 649 1609 regulam
663 1576 764 1598 naturae
778 1570 835 1599 sine
845 1571 930 1602 oculis
943 1576 998 1601 crat

258 1617 371 1646 creatus,
385 1616 414 1637 ut
425 1609 452 1638 in
461 1609 655 1638 transversione
665 1616 765 1638 naturae
778 1620 847 1649 opus
860 1611 910 1640 Dei
924 1609 999 1640 intel-

258 1650 369 1689 ligatur,
385 1648 452 1677 dnm
463 1647 620 1677 emendatur
629 1656 731 1677 natura.
748 1650 795 1678 15.
811 1650 892 1680 Tunc
905 1651 999 1680 oblati

259 1696 326 1718 sunt
338 1690 363 1717 ei
378 1689 469 1726 pueri,
485 1694 517 1717 ut
536 1698 639 1716 manus
652 1690 693 1717 eis
711 1690 881 1727 [inponet-et,
895 1696 923 1719 et
935 1701 999 1719 ora-

259 1735 311 1757 ret.
336 1728 426 1763 Tunc,
441 1726 542 1756 scilicet
560 1727 668 1765 quando
684 1728 812 1757 Dominus
833 1729 867 1758 de
881 1730 1000 1760 castitate

259 1777 405 1797 sermonem
423 1767 547 1803 faciebat,
562 1773 588 1795 et
603 1766 694 1795 beatos
707 1768 896 1806 pronuntiabat
915 1780 1000 1798 eunu-

259 1807 333 1836 chos.
347 1808 388 1836 De
396 1807 479 1846 gloria
489 1806 561 1836 enim
571 1805 736 1835 continentiae
746 1807 861 1837 Domino
874 1809 1000 1838 referente

260 1846 463 1885 atque‘diccntc,
479 1846 553 1875 Sunt
569 1847 619 1885 qui
633 1855 663 1874 se
674 1847 866 1876 eunuchisant
883 1855 1002 1888 propter·

261 1896 380 1925 regnum
399 1886 534 1914 coelorum
551 1897 557 1913 :
574 1884 710 1914 audientes
723 1886 830 1924 quidem
844 1888 1000 1918 obtulerunt

260 1926 282 1963 ci
298 1926 349 1954 insa
354 1932 419 1961 ntes,
426 1936 522 1965 pueros
531 1924 648 1953 castitate
658 1925 858 1955 mundissimos.
870 1928 1001 1957 Putabam

260 1965 340 1999 enim,
354 1965 416 2003 quia
432 1964 562 1993 Dominus
574 1974 685 2003 corpore
696 1964 809 1994 mundos
823 1972 926 1996 tantum
944 1968 1000 1996 lau—

261 2004 346 2039 daret,
359 2014 410 2032 non
422 2010 448 2033 et
457 2003 593 2033 voluntate
607 2015 613 2031 ε
627 2003 780 2041 nescientes,
792 2005 854 2044 quia
868 2007 999 2036 Dominus

261 2053 313 2072 non
323 2043 383 2072 illos
397 2042 559 2072 beatificavit
572 2042 719 2080 eunuchos,
732 2054 799 2082 quos
813 2046 935 2085 pueritia:
949 2057 998 2075 ne-

261 2081 367 2111 cessitas
381 2082 442 2111 facit
453 2089 548 2117 castos,
563 2081 609 2110 sed
623 2083 787 2112 continentiae
796 2085 894 2115 virtus.
909 2086 1001 2115 Disci-

259 2122 322 2160 puli
335 2129 432 2151 autem
452 2123 593 2150 vetabant
606 2132 664 2150 eos.
685 2123 708 2151 O
721 2133 793 2160 caru,
807 2125 891 2154 amica
910 2136 1000 2155 rerum

262 2161 403 2196 malarum,
423 2167 449 2189 et
467 2171 519 2189 non
538 2161 623 2190 amica
643 2172 731 2191 rerum
755 2163 903 2194 bonarum!
928 2165 1000 2202 Quia

262 2210 313 2229 non
334 2200 479 2229 delectatur
500 2201 527 2229 in
554 2201 634 2236 bono,
649 2200 709 2229 ideo
729 2202 806 2232 facile
831 2204 1001 2234 obliviscitur

261 2239 361 2268 honum
379 2253 384 2268 :
402 2240 502 2268 malum
524 2247 611 2268 autem
632 2240 761 2279 quicquid
779 2242 906 2281 audierit,
921 2245 999 2283 quasi

261 2279 417 2308 naturaliter
431 2279 456 2308 in
468 2278 546 2308 corde
555 2290 603 2308 suo
611 2280 770 2319 plantatum,
780 2282 820 2311 sic
831 2283 923 2312 retinet
932 2294 999 2313 sem—

260 2328 318 2356 per.
335 2320 401 2348 Nam
414 2329 557 2357 numquam
572 2326 656 2358 potest
670 2320 768 2358 aliquis
783 2321 908 2351 oblivisci
926 2324 999 2362 quod

259 2357 358 2397 diligit,
370 2369 417 2387 nec
439 2359 551 2387 retinere
567 2359 639 2396 quod
661 2359 728 2388 odit.
745 2360 814 2389 Ante
829 2362 899 2390 enim
914 2362 1000 2392 modi-

110 2401 195 2438 μανι.
213 2402 246 2426 18.
258 2407 318 2426 eum
328 2398 450 2427 Christus
460 2398 591 2437 accipiens
604 2409 718 2437 puerum
729 2398 834 2429 dixerat
850 2413 856 2429 :
872 2402 999 2442 Nisistu

260 2438 423 2476 cti—fueritis
447 2439 521 2466 sicut
542 2448 615 2477 puer
637 2440 701 2473 iste,
718 2449 778 2467 non
799 2441 946 2470 intrabitis
967 2444 1000 2471 in

258 2486 376 2514 reg-num
390 2477 535 2505 caelorum.
552 2477 587 2506 Et
605 2487 663 2506 ecce
677 2477 764 2506 statim
779 2478 856 2507 obliti
871 2479 998 2520 discipuli

259 2516 369 2554 puerilis
382 2516 549 2550 innocentiae,
567 2517 688 2545 vetabant
701 2516 736 2545 ad
751 2517 889 2547 Christum
904 2531 999 2558 pueros

257 2556 331 2592 quasi
347 2554 468 2593 indignos
480 2555 613 2591 accedere,
621 2555 654 2584 ad
666 2566 781 2594 quorum
793 2557 998 2589 similitudinem

1038 872 1120 901 quam
1131 862 1239 902 culpam
1250 861 1384 892 videatis?
1400 863 1516 892 Talium
1525 868 1567 891 est
1577 862 1654 890 enim
1665 870 1786 901 regnum

1039 902 1186 932 caelorum.
1198 900 1321 935 Talium,
1327 911 1379 931 nou
1387 902 1519 931 omnium.
1526 902 1596 930 Nam
1604 900 1697 939 quales
1705 898 1785 929 modo
1812 902 1814 905 “

1039 948 1112 978 sunt,
1122 951 1212 971 meum
1224 947 1265 971 est
1277 953 1285 969 :
1301 940 1394 980 quales
1407 948 1497 971 autem
1510 947 1599 981 postea
1611 939 1694 968 futuri
1709 945 1784 976 sunt,

1040 982 1170 1021 ipsorum.
1180 979 1263 1018 Quod
1269 990 1333 1020 ergo
1342 990 1432 1010 meum
1440 987 1490 1017 est,
1497 980 1627 1010 honorate
1638 991 1645 1007 :
1656 978 1729 1018 quod
1739 989 1787 1007 au-

1039 1028 1093 1050 tem
1106 1020 1229 1060 ipsorum
1250 1020 1342 1057 fuerit,
1353 1018 1645 1050 miseremini.'1'alium
1660 1024 1698 1048 cst
1715 1018 1787 1047 enim

1040 1071 1153 1100 regnum
1171 1060 1310 1093 caelorum.
1325 1060 1374 1098 qui
1386 1060 1452 1090 casti
1463 1066 1525 1089 sunt
1542 1069 1576 1088 ex
1587 1058 1703 1094 virtute,
1718 1057 1788 1086 sicut

1050 1100 1117 1129 meri
1127 1111 1161 1129 ex
1174 1107 1261 1129 aetate.
1281 1100 1391 1129 Talium
1411 1106 1462 1136 est,
1477 1099 1525 1138 qui
1548 1098 1600 1128 sim
1620 1097 1684 1126 lices
1695 1097 1788 1127 oculos

1041 1111 1140 1169 liabent
1153 1139 1223 1169 sicut
1236 1138 1324 1179 pueri,
1336 1145 1362 1168 et
1374 1146 1539 1179 cognoscunt
1549 1108 1714 1166 diffiiren'tios
1723 1147 1788 1176 per-

1042 1189 1178 1208 sonarum.
1191 1179 1261 1208 Ecce
1272 1179 1342 1208 enim
1357 1190 1435 1219 puer,
1446 1179 1469 1208 si
1481 1177 1581 1208 viderit
1589 1176 1736 1212 hominem,
1748 1175 1789 1204 ni-

1042 1219 1082 1247 hil
1092 1218 1166 1248 aliud
1177 1218 1251 1248 videt
1262 1218 1289 1247 in
1298 1229 1340 1254 eo,
1349 1218 1460 1248 nisiboc
1470 1218 1558 1248 solum
1570 1216 1635 1255 quia
1642 1216 1724 1245 homo
1730 1221 1784 1245 est:

1043 1268 1095 1287 non
1110 1258 1268 1298 dignitatem
1286 1260 1346 1298 ejus
1363 1258 1500 1297 intelligit.
1512 1267 1565 1287 uon
1579 1255 1729 1285 considerat
1741 1265 1786 1285 ve·
1796 1268 1898 1285 cxxxvn

1044 1304 1110 1326 stem
1125 1298 1220 1336 ipsius.
1236 1297 1288 1327 Vir
1300 1304 1389 1326 autem
1406 1298 1555 1337 perfectus,
1570 1306 1633 1325 cum
1653 1295 1788 1324 homiuem

1045 1336 1155 1371 viderit,
1172 1346 1223 1364 nou
1237 1336 1332 1378 aspicit
1343 1336 1408 1374 quia
1426 1337 1506 1365 homo
1517 1343 1568 1372 est,
1581 1334 1627 1364 sed
1641 1334 1731 1364 statim
1743 1344 1788 1364 co-

1047 1375 1111 1420 gitat
1137 1374 1171 1404 de
1194 1374 1325 1413 dignitate
1339 1375 1415 1404 illius
1425 1397 1433 1411 ‚
1445 1382 1471 1404 et
1493 1375 1606 1404 :estimat
1630 1374 1788 1403 vestimenta

1013 1422 1031 1446 c
1047 1414 1144 1454 ipsius.
1157 1414 1245 1445 Vides
1257 1424 1331 1453 ergo,
1341 1414 1403 1453 quia
1415 1414 1560 1454 sapientior
1567 1420 1606 1442 est
1619 1413 1656 1441 im
1692 1413 1790 1442 rfectus

1047 1464 1125 1493 puer,
1137 1463 1218 1492 quam
1226 1453 1358 1493 perfectus
1368 1453 1432 1483 vir?
1445 1454 1500 1484 Vir
1510 1453 1582 1482 enim
1592 1462 1644 1481 non
1674 1452 1789 1481 ominem

1047 1494 1154 1533 aspicit,
1173 1503 1253 1531 quem
1266 1494 1338 1521 Deus
1356 1493 1417 1522 fecit
1430 1493 1574 1530 Dominus,
1591 1490 1639 1521 sed
1653 1498 1788 1528 ornatum,

1047 1542 1127 1570 quem
1135 1531 1260 1561 diabolus
1266 1531 1301 1561 ad
1309 1532 1422 1562 invenit.
1431 1533 1502 1562 Puer
1508 1539 1597 1562 nutem
1604 1541 1656 1560 non
1664 1537 1789 1560 ornatum

1047 1572 1159 1612 aspicit,
1177 1581 1256 1610 quem
1273 1570 1400 1601 diabolus
1410 1571 1565 1606 adinvenit,
1577 1569 1623 1601 sed
1637 1570 1790 1608 hominem,

1047 1622 1128 1650 quem
1142 1612 1216 1641 Deus
1229 1611 1339 1640 creavit.
1354 1612 1514 1650 Priusquam
1531 1621 1599 1652 puer
1615 1619 1718 1640 veneno
1730 1608 1791 1638 dia-

1048 1651 1137 1682 bolico
1149 1650 1294 1679 mundialis
1305 1650 1415 1679 malitiae
1428 1651 1546 1690 repletus
1555 1650 1646 1687 fuerit,
1657 1648 1793 1688 cognoscit

1049 1701 1117 1730 opus
1129 1690 1249 1720 Factoris
1261 1702 1268 1719 ε
1279 1700 1342 1720 eum
1352 1701 1416 1720 vero
1427 1690 1575 1719 inebriatus
1598 1689 1679 1718 suerit
1695 1687 1792 1724 mundi

1049 1730 1156 1770 spiritu,
1167 1731 1224 1769 jam
1238 1740 1291 1759 non
1305 1730 1401 1769 aspicit
1413 1740 1482 1770 opus
1495 1729 1627 1766 Faueria,
1641 1727 1687 1757 sed
1699 1727 1802 1765 illece->

1048 1770 1111 1799 bras
1120 1769 1297 1809 corruptoris.
1311 1771 1429 1799 Praesens
1439 1770 1515 1799 locus
1525 1768 1633 1798 instruit
1643 1777 1735 1797 omnes
1748 1777 1793 1807 pa-

1049 1816 1146 1846 rentes,
1159 1816 1189 1838 ut
1203 1809 1274 1838 filios
1287 1819 1350 1838 suos
1364 1809 1544 1838 indesinenter
1555 1807 1738 1838 sacerdotibus
1751 1807 1792 1836 of—

1049 1849 1133 1878 ferant
1145 1860 1152 1877 ε
1162 1848 1225 1888 quia
1232 1849 1255 1878 si
1264 1847 1447 1878 sacerdotibus
1457 1849 1584 1884 offerunt,
1591 1847 1707 1876 offerunt
1715 1845 1793 1876 Chri-

1049 1895 1100 1918 sto.
1115 1890 1175 1918 Non
1188 1889 1260 1917 enim
1273 1887 1395 1918 sacerdos
1409 1896 1504 1918 manus
1517 1887 1642 1927 irnponit‚
1654 1885 1702 1915 sed
1713 1884 1793 1915 Chri-

1050 1935 1118 1963 stus,
1131 1928 1159 1956 in
1178 1929 1256 1968 cujus
1269 1928 1376 1957 nomine
1395 1938 1490 1957 manus
1503 1926 1661 1967 imponitur.
1674 1925 1704 1956 Si
1720 1924 1793 1954 enim

1050 1969 1098 2006 qui
1110 1977 1183 1997 escas
1191 1977 1253 1997 suas
1266 1978 1314 2007 per
1324 1967 1471 1997 orationem
1484 1977 1536 1996 non
1550 1966 1627 1995 offert
1640 1967 1708 2001 Deo,
1721 1964 1795 1994 coin-

1017 2012 1034 2034 D
1050 2007 1172 2046 quinatas
1189 2017 1233 2036 eas
1253 2006 1411 2044 manducat,
1427 2006 1576 2036 secundum
1590 2005 1664 2044 quod
1684 2004 1719 2033 de
1737 2003 1794 2032 illis

1050 2047 1087 2076 ait
1105 2046 1242 2086 apostolus
1265 2059 1271 2075 :
1298 2047 1444 2085 Quoniam
1465 2047 1559 2075 omnis
1583 2051 1718 2073 creatura
1737 2043 1796 2071 Dei
1807 2067 1826 2081 ,Ι
1849 2059 1904 2085 Tm

1051 2088 1140 2122 bona,
1155 2091 1183 2114 et
1198 2086 1274 2115 nihil
1284 2086 1485 2126 rejiciendum,
1499 2084 1580 2124 quod
1596 2094 1661 2113 cum
1679 2084 1791 2123 gratia·
1802 2089 1825 2121 4.
1838 2091 1860 2113 5.
1899 2089 1904 2092 ”

1050 2136 1115 2155 rum
1124 2127 1240 2154 actione
1250 2126 1426 2164 per-cipitur:
1440 2124 1642 2162 sanctificatur
1653 2125 1730 2152 enim
1742 2133 1796 2162 per·

1050 2167 1173 2194 verbum
1194 2166 1262 2202 Dei,
1277 2169 1305 2194 e't
1316 2166 1478 2194 orationem
1486 2177 1498 2199 ;
1512 2163 1604 2193 dicens
1622 2163 1705 2199 enim,
1717 2162 1794 2191 San—

1050 2205 1196 2245 ceficatur
1205 2215 1259 2244 per
1270 2206 1391 2234 verbum
1407 2205 1465 2232 Dei
1478 2210 1506 2233 et
1519 2206 1690 2240 orationem,
1704 2208 1792 2231 osten-

1050 2244 1101 2281 dit,
1113 2244 1176 2283 quia
1192 2244 1322 2273 maculata
1341 2251 1390 2280 est,
1408 2244 1458 2272 nisi
1479 2254 1528 2284 per
1542 2243 1689 2272 orationem
1711 2241 1795 2271 fuerit

1050 2285 1137 2314 omnis
1150 2294 1210 2313 esca
1229 2283 1357 2313 mundata
1377 2290 1403 2312 et
1417 2283 1578 2312 sanctificata
1593 2295 1601 2311 ε
1616 2288 1716 2321 quanto
1736 2291 1794 2309 ma-

1051 2324 1092 2363 gis
1106 2334 1203 2363 pueros
1222 2323 1312 2352 offerri
1330 2325 1386 2352 Deo
1400 2330 1426 2351 et
1440 2322 1600 2352 sanctificari
1619 2331 1724 2350 necesse
1735 2319 1794 2348 est?

1051 2365 1137 2393 Causa
1157 2370 1246 2392 autem
1266 2362 1517 2392 sanctificandamm
1537 2370 1657 2390 escarum
1672 2360 1728 2389 haec
1743 2365 1794 2395 est,

1052 2403 1179 2442 quoniam
1190 2403 1320 2432 Mundus
1335 2409 1412 2432 totus
1425 2405 1456 2430 in
1475 2402 1604 2440 maligno
1622 2403 1731 2445 positus
1739 2404 1792 2427 est.
1808 2415 1828 2430 ι,
1839 2408 1904 2430 10⁶1..

1053 2444 1125 2481 Ergo
1141 2449 1167 2471 et
1188 2442 1274 2471 omnis
1299 2453 1341 2471 res
1362 2441 1510 2482 corporalis
1519 2462 1527 2477 ,
1548 2449 1675 2478 quoniam
1699 2438 1795 2468 mundi
1809 2446 1844 2469 ¹9·

1051 2489 1090 2511 est
1110 2492 1186 2521 pars,
1211 2482 1239 2510 in
1258 2481 1376 2521 maligno
1393 2488 1432 2510 est
1451 2480 1537 2520 posita
1546 2501 1554 2515 ,
1578 2486 1604 2508 et
1625 2478 1711 2519 ipsam
1731 2489 1782 2518 pro
1792 2489 1808 2499 -·

1052 2529 1140 2560 pterea
1170 2528 1274 2560 oportet
1297 2520 1468 2550 sanctificari.
1489 2519 1687 2557 consequenter
1705 2524 1731 2547 et
1751 2519 1796 2546 in—

1052 2562 1146 2597 sontes,
1159 2560 1266 2599 quando
1278 2566 1434 2597 nascuntur,
1444 2565 1469 2588 et
1480 2558 1531 2599 ipsi
1543 2565 1674 2597 quantum
1687 2557 1723 2587 ad
1739 2568 1796 2586 car-
