1890 2826
697 171 729 194 ΙΝ
753 170 884 201 ΙΒΑῙΑΜ,
913 169 994 193 ΟΑΡ.
1023 170 1069 193 111.

59 270 66 274 .
92 230 160 264 εἶναι
167 234 199 264 τὸ
207 234 356 274 γινόμενον,
369 232 588 273 προανεφώνησεν
599 231 668 262 αὐτὰ
678 233 692 261 ὁ
704 231 857 272 προφήτης,

91 281 136 312 καὶ
147 282 178 311 οὗ
192 280 272 320 μέχρι
281 281 335 310 τῶν
354 280 455 319 ἀνδρῶν
467 279 562 315 ἔστησε
583 278 632 316 τὴν
652 278 775 315 ἀπειλὴν,
787 278 856 307 ἀλλὰ

90 326 136 356 καὶ
147 326 193 356 ἰπὶ
205 326 236 356 τὸ
245 329 391 365 γυναικεῖον
403 324 475 364 γένος
492 325 626 359 διεὸίὸασε
645 324 694 360 τὴν
715 323 857 364 τιμωρίαν,

90 371 181 408 ἐπειδὴ
194 371 240 402 καὶ
254 371 366 411 ἑκατέρα
386 373 403 407 ἡ
426 370 502 412 φύσις
521 371 672 411 διέφθαρτο,
693 370 738 400 καὶ
757 369 856 410 προϊὼν

90 417 134 448 διὰ
147 417 196 455 τὴν
208 417 356 458 ὓπερὸολὴν
371 419 419 453 τῆς
435 416 546 451 ἀτοπίας
557 417 602 448 καὶ
612 417 678 457 πρὸς
692 415 772 449 αὐτὰς
787 416 856 444 ἀπο-

89 463 202 494 τείνεται
214 464 262 498 τὰς
272 467 408 503 γυναῖκας,
421 464 539 504 ἐγκαλῶν
553 464 643 496 αὐταῖς
657 462 826 502 ἐγκλήματα,
839 459 858 489 ἃ

89 508 138 545 τὴν
151 508 227 539 πόλιν
240 508 323 546 αὐτὴν
332 510 363 539 ἐκ
375 508 478 549 βάθρων
493 508 644 549 ἀνέτρεπον.
659 507 712 537 Διὰ
729 507 761 543 δὴ
779 508 857 535 τοῦτο

89 554 135 584 καὶ
159 554 240 588 αὐτὰς
260 557 299 595 τῷ
321 556 408 596 λοιμῷ
430 555 600 595 περιὸάλλει·
622 553 667 584 καὶ
686 553 737 593 γὰρ
764 551 857 591 λοιμὸν

89 600 248 630 αἰνίττεσθαί
264 611 310 640 μοι
325 601 395 630 δοκεῖ
421 601 518 640 λέγων·
533 601 633 640 Ἀφελῶ
660 599 786 640 ἰσχύοντα
811 598 856 627 καὶ

89 647 232 686 ἰσχύουσαν
241 658 248 665 ·
262 647 280 683 ἢ
295 647 378 684 ἄλλην
395 646 454 676 τινὰ
467 646 622 686 σωματικὴν
641 646 785 683 ἀσθένειαν,
797 644 855 675 οὐδὲ

89 694 187 733 ἰατρῶν
199 693 320 723 εἴκουσαν
331 693 444 733 τέχναις.
459 694 589 723 Τοιαῦται
611 692 662 733 γὰρ
674 693 701 721 αἱ
718 695 764 721 τοῦ
785 693 855 722 Θεοῦ

89 739 200 779 πληγαί.
210 738 298 780 ’ἰσχὺν
309 740 389 780 ἄρτου
403 739 448 769 καὶ
459 739 535 780 ἰσχὺν
550 739 654 773 ὓδατος.
670 738 855 774 Χαλεπιιντάτη

89 787 106 820 ἡ
120 785 253 826 τιμωρία,
266 785 328 815 ὅταν
340 786 378 825 μὴ
397 785 479 822 αὐτὴν
493 787 590 826 ἀναιρῇ
601 785 650 821 τὴν
673 785 774 820 οὐσίαν,
788 783 856 814 ἀλλὰ

88 830 137 867 τὴν
156 830 183 866 ἐξ
196 832 278 867 αὐτῆς
293 830 462 871 ἐγγινομένην
475 831 595 871 δύναμιν,
609 830 678 861 ὥστε
693 831 738 861 καὶ
752 833 785 870 τῇ
798 830 856 870 ὄψει

89 877 246 912 κολάζεσθαι
273 877 405 917 μηδέποτε
432 877 661 917 ἐμπιπλαμένους,
682 877 727 907 καὶ
749 876 856 907 αὐτόθεν

90 929 211 964 συνορᾷν,
223 924 264 954 ὅτι
276 923 401 960 θεήλατος
414 919 446 960 ἦν
463 923 540 964 ὀργή.
552 925 575 954 Γ
577 923 670 963 ίγαντα
688 923 734 953 καὶ
748 922 857 963 ἰσχύον-

89 983 134 1000 τα.
148 972 170 1000 Γ
172 970 265 1010 ίγαντα
279 970 321 1000 ἀεὶ
334 973 352 1006 ἡ
366 970 460 1011 Γραφὴ
477 971 522 1001 τὸν
541 970 647 1011 ἰσχυρὸν
658 969 744 1009 λέγειν
759 969 857 1006 εἴωθεν,

90 1016 108 1052 ἢ
122 1017 167 1046 τὸν
186 1016 348 1057 ὑπερέχοντα
360 1018 414 1046 τῶν
427 1018 532 1046 πολλῶν
545 1020 578 1056 τῇ
592 1018 645 1045 τῶν
661 1018 747 1055 μελῶν
763 1017 857 1044 ἀναλο-

91 1062 144 1103 γίᾳ.
159 1062 212 1093 Καὶ
228 1062 279 1103 γὰρ
293 1064 320 1092 ἐν
335 1065 368 1103 τῇ
385 1062 470 1092 κτίσει
483 1062 544 1092 ὅταν
564 1062 629 1102 λέγῃ
638 1085 646 1098 ,
661 1058 744 1091 Οὗτοι
756 1057 822 1097 ἦσαν
835 1063 859 1090 οἱ

91 1109 212 1149 γίγαντες
220 1131 228 1144 ‚
244 1111 268 1139 οἱ
278 1108 410 1149 ἄνθρωποι
422 1109 447 1138 οἱ
459 1108 614 1147 ὀνομαστοὶ,
622 1109 669 1138 οὐκ
682 1107 746 1137 ἄλλο
753 1119 778 1136 τι
788 1107 860 1147 γένος

92 1158 248 1196 γεγενῆσθαι
263 1156 421 1195 διηγουμένη
433 1155 517 1184 ταῦτά
538 1166 627 1195 φησιν,
643 1154 712 1183 ἀλλὰ
735 1154 780 1184 καὶ
799 1153 859 1187 τοὺς

94 1202 216 1242 ἰσχυροὺς
242 1202 287 1231 καὶ
319 1200 333 1218 ¹³
342 1201 488 1239 εὐρώστους
514 1201 560 1230 καὶ
595 1202 760 1241 σφριγῶντας
795 1202 859 1237 ἡμῖν

93 1248 248 1277 αἰνίττεται.
264 1247 317 1277 Καὶ
335 1246 471 1287 ἄνθρωπον
485 1246 648 1286 πολεμιστὴν
663 1245 708 1275 καὶ
723 1244 860 1280 δικαστήν.

94 1294 234 1335 Ἀφόρητος
248 1295 266 1329 ἡ
280 1293 411 1333 τιμωρία,
422 1293 468 1323 καὶ
479 1293 595 1333 ἐσχάτης
609 1292 741 1325 ἀπωλείας
755 1291 860 1321 ἀπόδει-

95 1339 132 1375 ξις
153 1340 187 1370 τὰ
206 1339 414 1380 εἶρημένα,καὶ,
425 1341 476 1369 τῶν
499 1341 595 1380 τειχῶν
616 1338 737 1368 ἑστώτων
750 1338 795 1368 καὶ
808 1340 861 1367 τῶν

94 1386 211 1426 πύργων,
225 1385 368 1425 αὔτανδρον
380 1389 435 1419 τοῖς
445 1385 580 1425 πολεμίοις
593 1386 642 1421 τὴν
656 1385 732 1415 πόλιν
746 1386 857 1425 παραδι-

96 1432 169 1462 δόναι
177 1432 274 1462 δύναιτ’
291 1432 331 1462 ἄν.
346 1432 487 1472 Ἀσφάλεια
499 1431 551 1472 γὰρ
564 1432 667 1462 πόλεων
683 1433 731 1462 οὐκ
745 1433 772 1461 ἐν
781 1431 861 1465 λίθοις

95 1478 140 1508 καὶ
153 1477 237 1512 ξύλοις
246 1478 292 1507 καὶ
305 1478 453 1518 περιὸόλοις
463 1501 471 1513 ,
484 1479 543 1508 ἀλλ’
556 1480 583 1508 ἐν
593 1480 627 1517 τῇ
640 1478 742 1508 συνέσει
750 1479 802 1507 τῶν
812 1478 861 1513 τὴν

95 1524 173 1554 πόλιν
186 1523 335 1561 οἰκούντων,
349 1523 373 1553 οἳ
386 1523 464 1560 ἡνίκα
485 1524 532 1563 μὲν
546 1524 577 1553 ἂν
587 1519 652 1560 ὦσι,
666 1524 711 1554 καὶ
727 1524 861 1563 πολεμίων

96 1571 191 1606 ὄντων,
213 1570 408 1611 ἀσφαλέστερον
429 1570 552 1600 ἁπάντων
578 1570 660 1607 αὐτὴν
686 1571 844 1611 τειχίζουσιν
853 1583 860 1589 ·

97 1616 175 1652 ἡνίκα
186 1616 214 1646 δὲ
223 1616 254 1645 ἂν
264 1618 352 1646 ἀπῶσι
362 1639 370 1654 ,
381 1616 426 1646 καὶ
441 1616 551 1655 μηδενὸς
562 1617 744 1657 ἐνοχλοῦντος,
758 1620 804 1653 τῆς
815 1629 862 1646 πο-

98 1661 284 1702 λιορκουμένης
296 1661 455 1702 ἄθλιωτὲραν
466 1662 549 1698 αὐτὴν
563 1663 758 1703 ἀποφαίνουσιν.

139 1712 223 1742 Ὦστε
235 1712 373 1746 κάκείνους-
390 1713 436 1742 καὶ
456 1712 516 1746 τοὺς
537 1712 678 1746 ἀκούοντας
695 1714 814 1747 ἅπαντας
833 1716 863 1743 οὖ

1611 162 1656 208 39

911 230 1052 271 praedixit,
1063 241 1148 270 neque
1169 232 1243 262 viros
1262 239 1366 262 tantum
1385 233 1466 263 minis
1483 234 1589 272 terruit,
1609 233 1654 263 sed

913 287 1019 317 poenam
1033 277 1192 308 mulieribus
1212 289 1320 318 quoque
1336 280 1493 318 transmisit,
1507 281 1569 319 quia
1582 287 1655 310 uter-

913 333 965 362 que
976 333 1057 353 sexus
1067 331 1210 364 corruptus
1223 332 1289 363 erat,
1302 332 1328 355 et
1342 325 1369 354 in
1382 336 1526 365 progressu
1537 326 1572 355 ad
1585 326 1657 365 ipsas

912 369 1039 399 mulieres
1051 380 1200 400 sermonem
1213 371 1318 411 dirigit,
1332 378 1369 408 et,
1383 372 1419 401 ob
1430 371 1549 401 absurda
1558 371 1655 401 admo-

911 415 979 446 dum
988 423 1072 456 gesta,
1085 417 1201 447 erimina
1211 417 1278 458 ipsis
1289 418 1377 454 offert,
1386 428 1446 457 quae
1463 418 1558 447 urbem
1569 419 1655 459 ipsam

912 472 927 491 a
937 462 1117 493 fundamentis
1127 463 1280 493 diruerunt.
1292 463 1357 494 Ideo
1376 464 1437 493 illas
1457 464 1606 504 pestilentia
1616 467 1656 495 af-

912 508 1001 548 fligit:
1015 508 1195 549 pestilentiam
1214 509 1286 539 enim
1307 509 1377 539 mihi
1398 509 1570 540 subindicare
1581 511 1653 542 vide-

912 561 958 584 tur
966 565 1029 585 eum
1036 555 1104 585 dicit
1115 567 1122 584 z
1133 556 1281 596 Auferam
1289 559 1438 587 robustum
1447 563 1475 587 et
1483 559 1633 587 robustam
1642 573 1654 595 ‚-

911 601 955 631 vel
974 602 1059 631 alium
1084 612 1243 642 corporeum
1269 603 1395 632 morbum
1417 602 1582 633 medicorum
1603 606 1653 634 arti

911 658 964 677 non
978 648 1125 678 cedentem.
1136 649 1216 679 Tales
1226 649 1298 679 enim
1309 656 1371 679 sunt
1382 650 1433 679 Dei
1444 650 1541 690 plagae.
1555 652 1655 681 Robur

884 717 894 726 ,
909 695 994 733 panis
1007 699 1037 723 et
1045 695 1134 723 robur
1153 705 1247 734 aquoe.
1271 695 1439 726 Gravissima
1455 696 1512 725 haec
1534 696 1654 727 vindicta

911 746 963 777 est,
975 739 1083 778 quando
1095 750 1149 769 non
1159 740 1245 780 ipsam
1258 741 1329 770 tollit
1339 741 1525 780 substantiam,
1538 742 1586 772 sed
1597 743 1655 773 vim

910 797 944 815 ex
956 797 988 816 ea
998 787 1084 816 aufert
1103 787 1238 824 innatam,
1253 787 1289 817 ita
1305 795 1335 817 ut
1349 788 1393 818 vel
1412 799 1446 817 ex
1467 788 1526 828 ipso
1546 797 1654 829 aspectu

911 832 1064 862 crucientur
1076 843 1224 872 numquam
1245 833 1345 871 satiati,
1360 840 1386 863 et
1397 834 1461 863 hinc
1474 835 1628 875 intelligant
1638 847 1653 865 a
1672 831 1675 862 j

911 878 969 907 Deo
988 878 1122 908 immisam
1145 879 1227 912 fuisse
1253 879 1331 908 iram.
1346 882 1376 909 Ξ).
1395 881 1552 920 Gigantem
1564 888 1593 910 et
1602 892 1653 921 po-

913 930 1030 954 tentem.
1047 925 1191 965 Gigantem
1206 936 1311 965 semper
1324 926 1464 966 Scriptura
1478 927 1574 956 fortem
1587 928 1654 957 solet

911 980 1026 1008 vocare,
1048 971 1091 1001 vel
1112 981 1174 1000 eum
1199 971 1248 1010 qui
1273 973 1446 1011 proportione
1470 973 1655 1003 membrorum

911 1016 1005 1046 multis
1017 1018 1166 1047 antecellat.
1182 1018 1292 1046 Etenim
1305 1018 1334 1047 in
1345 1018 1489 1057 creatione,
1501 1030 1564 1049 cum
1574 1020 1652 1058 dicit,

913 1064 956 1092 Hi
967 1070 1052 1092 erant
1061 1066 1203 1103 giganteae,
1215 1064 1346 1094 homines
1357 1067 1509 1103 nominati,
1518 1077 1571 1095 non
1579 1067 1655 1096 aliud
1667 1074 1724 1095 Gen.
1737 1072 1760 1096 6.
1780 1071 1804 1102 4.

913 1118 995 1148 genus
1012 1109 1094 1139 fuisse
1104 1109 1182 1146 dicit,
1195 1109 1242 1139 sed
1255 1110 1346 1148 fortes,
1361 1111 1496 1147 robustos,
1511 1119 1536 1141 et
1548 1120 1655 1152 vegetos

913 1156 990 1186 nobis
1002 1156 1165 1186 subindicat.
1174 1157 1216 1187 Et
1228 1158 1375 1188 hominem
1387 1159 1560 1188 bellatorem
1570 1166 1599 1188 et
1608 1163 1655 1200 ju-

913 1203 1015 1232 dicem.
1031 1202 1203 1232 Intolerabile
1215 1203 1393 1243 supplicium‚
1409 1211 1435 1234 et
1447 1204 1495 1235 illa
1511 1216 1571 1245 quae
1584 1206 1656 1236 dicta

912 1255 975 1278 sunt
986 1255 1111 1278 extremae
1129 1248 1257 1289 perniciei
1275 1257 1338 1279 sunt
1360 1258 1561 1290 argumentum,
1576 1263 1636 1292 quae
1645 1275 1654 1289 ,

879 1300 898 1322 1>
914 1293 1044 1322 stantibus
1058 1293 1143 1322 muris
1153 1300 1179 1322 et
1191 1293 1312 1323 turribus
1324 1317 1331 1331 ,
1355 1295 1450 1325 urbem
1473 1297 1576 1336 possint
1593 1308 1655 1327 cum

1710 1306 1807 1328 Urbium

913 1337 1019 1367 civibus
1042 1337 1159 1367 inimicis
1183 1337 1292 1368 dedere.
1321 1340 1454 1369 Tutamen
1465 1341 1567 1381 quippe
1580 1341 1657 1371 urbis
1666 1342 1767 1359 tutamen

915 1394 967 1413 non
981 1384 1008 1412 in
1020 1383 1156 1424 lapidibus
1166 1407 1174 1420 ‚
1188 1384 1269 1424 lignis
1280 1392 1306 1414 et
1318 1386 1401 1426 septis
1415 1386 1496 1416 situm
1508 1394 1557 1425 est,
1573 1387 1655 1417 sedin

914 1430 1056 1470 prudentia
1076 1430 1189 1467 civium,
1206 1430 1253 1469 qui
1273 1441 1335 1460 eum
1360 1432 1425 1462 tales
1444 1432 1557 1471 adsunt,
1578 1435 1658 1463 etiam

915 1483 1042 1516 praesente
1062 1476 1147 1512 hoste,
1166 1476 1252 1506 tutius
1267 1487 1349 1515 quam
1363 1485 1455 1508 caetera
1469 1479 1559 1508 omnia
1572 1479 1659 1519 ipsam

916 1523 1042 1552 muniunt
1057 1535 1063 1551 :
1077 1533 1139 1552 cum
1147 1530 1239 1552 autem
1252 1523 1272 1552 ii
1285 1524 1394 1562 absunt,
1406 1525 1487 1554 etiam
1497 1526 1602 1556 nemine
1613 1537 1658 1556 nr-

916 1578 1003 1610 gente,
1018 1570 1183 1600 miseriorem
1209 1570 1286 1600 illam
1307 1571 1446 1610 exhibent,
1461 1583 1542 1612 quam
1551 1573 1575 1602 si
1588 1574 1659 1603 obsi-

915 1616 1034 1647 deretur.

957 1710 985 1738 2.
999 1709 1092 1747 Itaque
1105 1715 1131 1737 et
1141 1708 1203 1738 illos
1213 1716 1239 1738 et
1249 1709 1386 1740 auditores
1406 1721 1496 1740 omnes
1507 1722 1568 1745 non,
1574 1722 1660 1751 parvo

100 1758 193 1798 μικρὸν
212 1758 364 1798 φιλοσοφίας
387 1758 473 1797 δόγμα
496 1758 540 1788 διὰ
565 1758 664 1788 τούτων
690 1761 704 1787 ὁ
728 1759 865 1799 προφήτης
884 1775 901 1797 F.
918 1755 1097 1794 philosophiae
1108 1754 1268 1785 documento
1281 1756 1379 1786 imbuit
1392 1758 1534 1797 propheta,
1546 1757 1661 1788 suadens

99 1804 238 1834 ἐπαίδευσε
247 1826 256 1841 ,
271 1803 368 1833 πείθων
382 1803 514 1842 μηδέποτε
529 1803 632 1843 μεγέθει
640 1805 741 1838 πόλεως
752 1807 864 1845 θαῤῥεῖν,

100 1850 167 1889 μηδὲ
178 1850 286 1890 τάφροις
304 1850 349 1879 καὶ
364 1850 563 1890 μηχανήμασιν,
578 1851 637 1879 ἀλλ’
659 1852 759 1891 ἀνδρῶν
781 1853 865 1881 ἐπιει-

100 1898 154 1926 κῶν
166 1897 256 1937 ἀρετῇ.
270 1896 368 1925 Φοὸῶν
382 1895 468 1925 τοίνυν
481 1896 574 1930 αὐτούς
587 1908 675 1936 φησιν,
685 1898 725 1926 ὅτι
733 1897 867 1937 ἐρημώσει

100 1944 148 1978 τῆς
161 1941 303 1982 ἀσφαλείας
317 1941 408 1978 αὐτὴν,
422 1943 451 1971 οὐ
466 1942 525 1975 τοὺς
534 1943 659 1981 πολεμεῖν
674 1943 775 1976 εἰδότας
788 1945 866 1983 ἀναρ-

101 1989 191 2023 πάζων
206 1989 294 2027 μόνον,
304 1987 373 2018 ἀλλὰ
386 1988 432 2018 καὶ
443 1987 503 2022 τοὺς
524 1988 639 2023 δικάζειν
660 1989 866 2028 ἐπισταμένους,

101 2034 127 2064 οἳ
139 2037 192 2065 τῶν
203 2034 388 2074 πολεμούντων
402 2035 450 2064 οὐκ
460 2033 568 2064 ἔλαττον
583 2036 734 2065 συντελοῦσι
747 2040 804 2069 ταῖς
818 2037 866 2066 πό-

101 2082 184 2119 λισιν,
195 2081 300 2122 εἰρήνην
312 2093 341 2111 τε
351 2077 380 2110 εὗ
404 2080 560 2115 διατιθέντες
569 2104 578 2119 ,
588 2081 634 2111 καὶ
646 2082 794 2121 θπολέμους
805 2085 868 2112 πολ-

102 2126 178 2161 λάκις
200 2127 320 2161 ἰπιόντας
342 2127 558 2167 ἅποκρουόμενοι.
580 2127 691 2164 Ἐπειδὴ
718 2128 770 2168 γὰρ
797 2124 895 2171 obrem-3

921 1807 951 1829 ut
964 1811 997 1830 ne
1009 1811 1138 1839 umquam
1157 1800 1185 1829 in
1205 1801 1390 1840 magnitudine
1403 1803 1514 1833 urbium
1526 1815 1601 1844 spem
1614 1815 1662 1844 po-

919 1854 994 1884 nant,
1010 1847 1094 1876 necin
1104 1847 1184 1877 vallis
1201 1854 1227 1876 et
1247 1848 1389 1886 machinis,
1403 1849 1450 1879 sed
1462 1849 1490 1879 in
1504 1850 1576 1890 frugi
1590 1851 1660 1880 viro-

920 1904 982 1922 rum
994 1893 1103 1923 virtute.
1113 1893 1178 1922 Illos
1196 1893 1280 1932 igitur
1298 1894 1422 1924 territans
1437 1895 1486 1933 ait,
1501 1895 1591 1936 ipsum
1602 1907 1660 1926 eam

919 1939 1003 1969 tutela
1015 1939 1089 1969 omni
1113 1939 1306 1970 destituturum
1318 1951 1384 1977 esse,
1399 1951 1452 1971 non
1464 1942 1544 1972 modo
1558 1942 1662 1972 bellicae

920 1986 957 2015 rei
970 1986 1070 2026 peritos
1081 1986 1236 2024 auferendo,
1261 1986 1309 2016 sed
1324 1987 1406 2017 etiam
1423 1987 1540 2027 judices,
1548 1989 1597 2028 qui
1609 2000 1662 2018 non

920 2033 1010 2062 minus
1029 2033 1127 2073 juv'ant
1138 2032 1258 2063 civitates
1271 2044 1351 2072 quam
1367 2034 1520 2072 bellatores,
1534 2035 1602 2065 dum
1612 2046 1661 2076 pa-

921 2090 976 2109 cem
989 2086 1101 2116 curant,
1116 2079 1171 2109 imo
1191 2090 1260 2120 saepe
1285 2081 1451 2111 imminentia
1468 2082 1540 2111 bella
1550 2083 1663 2123 propul-

922 2132 991 2155 sant.
1004 2125 1038 2156 Hi
1049 2125 1119 2155 enim
1133 2136 1196 2155 cum
1206 2126 1379 2165 frequentera
1389 2126 1481 2156 radice
1494 2135 1664 2167 peccatorum

102 2175 219 2214 συνεχῶς
231 2174 284 2204 ἀπὸ
297 2176 344 2210 τῆς
359 2176 412 2205 τῶν
424 2174 623 2214 ἁμαρτημάτων
645 2174 753 2215 φύονται
780 2174 867 2215 ῥίζης,
878 2174 906 2203 Ἀ
923 2173 1057 2208 oriantur,
1070 2171 1129 2202 fieri
1138 2179 1225 2212 potest
1247 2179 1277 2202 ut
1297 2172 1388 2213 legum
1411 2174 1552 2212 custodes,
1566 2185 1664 2214 eosque

105 2218 211 2248 δυνατὸν
222 2218 281 2253 τοὺς
299 2220 352 2248 τῶν
369 2219 457 2259 νόμων
481 2219 612 2260 φύλακας,
626 2220 671 2250 καὶ
694 2224 740 2250 τοῦ
767 2220 867 2250 δικαίου

105 2264 172 2304 μετὰ
183 2264 315 2305 ἀκριὸείας
322 2265 543 2305 προϊσταμένους,
552 2266 586 2295 τὰ
599 2266 707 2296 πλείονα
718 2268 770 2295 τῶν
783 2267 869 2307 ἆμαρ-

103 2310 230 2350 τημιίτων
248 2311 453 2346 ἀναστέλλοντας
472 2313 587 2352 ἀναιρεῖν
613 2313 658 2343 καὶ
682 2315 728 2342 τοῦ
753 2313 869 2352 πολέμου

104 2356 153 2392 τὴν
164 2356 294 2386 ὑπόθεσιν.
306 2356 384 2391 Τίνος
392 2353 436 2387 οὖν
444 2357 531 2388 ἕνεκεν
541 2360 555 2388 ὁ
566 2359 633 2393 Θεὸς
643 2358 737 2393 αὐτοὺς
750 2360 869 2399 ἄνασπᾷ;

105 2402 216 2439 Ἐπειδὴ
227 2405 355 2443 παροῦσιν
363 2404 450 2437 αὐτοῖς
459 2405 507 2434 οὐκ
518 2406 554 2439 εἰς
564 2404 622 2434 δέον
635 2404 789 2445 ἐκέχρηντο.
802 2405 872 2435 Ὦσ-

140 2481 156 2502 1·
171 2484 306 2517 mmmm.
316 2482 376 2507 Haec
389 2490 439 2507 vox
448 2481 535 2508 deerat
545 2483 571 2508 in
582 2482 668 2508 Μαι-οἱ.
679 2482 739 2509 Sed.
753 2492 784 2509 ex
795 2484 857 2518 neg.

110 2519 148 2553 [et
155 2519 247 2555 savin
257 2521 349 2547 inserta
357 2520 413 2546 fuit.

144 2566 156 2580 ⁸
174 2563 297 2593 Πολιμίονς
306 2561 368 2594 Reg.
379 2566 404 2585 et
413 2559 489 2586 Snvil.
506 2566 531 2586 et
539 2561 574 2586 ita
582 2560 641 2594 legit
649 2560 804 2588 Ttlmannus.
815 2563 870 2587 Μο-

922 2218 969 2258 qui
980 2218 1037 2259 juri
1056 2217 1175 2248 dicundo
1192 2229 1255 2247 cum
1278 2218 1400 2257 aequitate
1426 2220 1588 2260 praesident,
1602 2221 1666 2261 plu-

922 2264 988 2294 rima
999 2271 1106 2304 peccata
1128 2264 1317 2304 reprimentes,
1330 2264 1395 2294 belli
1409 2275 1516 2295 causam
1534 2267 1664 2296 auferant.

923 2313 979 2342 Cur
989 2320 1051 2351 ergo
1062 2311 1136 2340 Deus
1149 2319 1193 2339 eos
1213 2310 1341 2340 amovet?
1363 2311 1435 2348 Quia
1458 2311 1514 2341 illis
1531 2313 1668 2352 praesenti·

923 2359 975 2389 bus
991 2368 1044 2387 uon
1069 2363 1099 2387 ut
1119 2357 1258 2397 oportebat
1279 2357 1321 2386 usi
1341 2364 1413 2387 sunt.
1433 2359 1669 2396 Quemadmodum

924 2405 996 2436 enim
1013 2403 1140 2435 salutaria
1163 2403 1221 2443 ejus
1244 2403 1369 2444 dogmata
1392 2405 1505 2434 multam
1526 2406 1671 2436 afferebant

912 2484 957 2509 rel.
971 2491 1030 2508 vero
1043 2488 1069 2507 et
1078 2483 1168 2507 Bavar.
1182 2486 1303 2515 πολιμους.
1318 2483 1379 2514 Quae
1396 2488 1521 2515 postrema
1534 2482 1609 2508 lectio
1620 2492 1672 2509 me-

916 2523 962 2548 lius
974 2521 1098 2556 quadrare
1110 2521 1219 2547 videtur.

1508 2597 1539 2630 ,4.

1668 1402 1705 1422 tia.

1666 1369 1790 1398 providen-
