1890 2826
236 210 284 243 86

237 281 274 309 hit
289 280 388 317 simile,
405 280 451 310 sed
467 279 531 309 urbs
545 289 597 308 una
617 285 642 308 et
655 278 821 319 metropolis,
833 278 870 308 ita
886 285 914 307 ut
927 277 978 306 Dci

234 327 363 356 tortitudo
382 325 574 364 exuberantius
596 325 759 354 enitesceret.
778 325 892 355 Neminc
907 324 978 353 enim

234 385 308 402 arma
322 379 455 409 movente,
475 372 580 401 nemine
600 378 714 400 exeunte
726 377 753 400 et
768 377 979 404 ‹nstrametzmtm
996 367 1014 390 Ε

235 431 327 449 eorum
341 419 451 459 maligni
465 426 575 448 conatus
588 418 616 447 in
630 418 749 447 nihilum
762 417 896 447 abierunt.
911 418 980 446 Non

234 473 390 504 potnerunt
399 466 481 503 enim,
493 466 592 505 inquit,
602 475 769 505 expugnare
777 475 851 494 eam.
866 466 902 494 At
913 463 979 503 qnid

235 513 416 553 impediebat?
430 512 506 542 Nihil
528 511 605 541 aliud
622 522 703 550 quam
721 511 773 541 Dei
789 521 896 547 manus,
920 521 980 549 qum

236 570 280 587 cos
290 558 464 589 invisibiliter
489 557 651 598 depellebat.
668 558 871 593 Verumtamen,
883 563 914 585 ut
922 557 979 596 jam

235 604 305 641 dixi,
321 605 423 633 bellum
437 604 554 644 depulit,
570 602 616 633 sed
636 610 737 633 metum
756 613 809 632 non
829 602 918 632 statim
932 613 978 631 sn-

234 651 319 680 stulit.
334 651 402 680 Nam
414 650 451 680 ait
465 662 471 678 z
486 650 709 679 Annuntiatum
718 656 761 680 est
774 651 806 678 ἰιι
815 650 902 678 domo
915 649 978 677 Da-

238 696 286 724 vid
309 708 316 723 .·
344 695 498 724 Consensit
526 694 624 723 Aram
661 704 726 723 cum
756 694 910 734 Ephraim.
939 694 981 723 Et

235 748 331 770 emota
341 747 387 770 est
399 743 501 770 anima
521 742 600 780 ejus,
621 747 649 770 et
662 742 764 769 anima
781 740 884 780 populi
906 741 978 780 ejus.

235 787 305 815 Cum
319 786 379 815 vult
397 787 471 815 Deus
484 785 591 824 aliquid
618 784 786 825 inopinatum
810 785 895 814 facere
905 806 913 819 ‚
927 794 980 812 non

234 832 323 860 statim
335 831 497 860 miraculum
508 830 623 867 inducit,
637 830 684 860 sed
695 830 772 870 prius
784 840 829 860 eos
840 830 889 868 qui
903 830 983 859 bene-

234 878 327 906 ficium
345 876 537 916 consequntur-i
555 883 636 914 sunt,
658 887 738 906 sensu
762 876 896 907 malorum
909 876 983 915 tangi

234 923 310 959 sinit,
324 930 353 953 ut
366 933 410 959 ne,
420 930 563 963 postquam
572 934 587 953 a
600 923 679 953 malis
688 923 773 963 erepti
782 923 894 960 fuerint,
905 922 984 962 quid-

234 970 307 1010 piam
319 969 417 1009 ingrati
429 969 513 998 animi
525 969 680 999 exhibeant.
694 969 767 1006 Quia
779 969 849 998 enim
861 969 984 1009 plerique

234 1016 375 1046 hominum
397 1016 496 1056 partim
517 1026 553 1045 ex
571 1015 708 1056 superbia,
733 1016 831 1056 partim
849 1026 884 1045 ex
903 1016 983 1055 igna-

235 1060 297 1095 via,
309 1071 374 1090 mox
388 1067 418 1090 ut
432 1060 510 1090 malis
532 1059 651 1090 defuncti
672 1067 750 1097 sunt,
766 1070 860 1090 eorum
880 1060 982 1090 oblivi-

234 1114 356 1144 scuntur,
371 1114 419 1136 aut
430 1113 502 1136 certe
514 1117 567 1136 non
580 1106 670 1143 obliti,
685 1117 726 1136 res
743 1107 811 1136 bene
830 1113 916 1147 gestas
929 1106 982 1136 sibi

235 1153 353 1184 adscribi
374 1154 498 1194 cupiunt,
523 1153 606 1194 ipsos,
621 1160 651 1182 ut
663 1153 780 1182 tristium
795 1163 873 1182 sensu
886 1153 982 1193 exagi-

235 1207 356 1229 tarentur
384 1200 461 1239 prius
483 1200 605 1237 relictos,
621 1206 684 1229 tune
705 1199 814 1229 demum
839 1200 936 1230 liberat
948 1200 983 1230 ab

234 1246 440 1283 infestantibus;
461 1245 491 1275 id
510 1245 585 1284 quod
609 1246 689 1275 etiam
717 1246 761 1275 hic
781 1246 854 1276 feeit.
878 1247 983 1276 Eorum

235 1291 316 1321 corda
329 1291 460 1321 exterreri
474 1291 613 1332 permisit,
628 1298 655 1321 et
668 1291 697 1321 in
711 1301 809 1331 angore
824 1293 910 1322 multo
922 1303 983 1323 ver·
999 1286 1016 1309 Β

235 1338 300 1375 sari,
315 1344 341 1367 et
351 1345 414 1368 tuuc
425 1349 440 1367 a
453 1337 532 1367 malis
546 1338 619 1377 ipsos
628 1337 740 1378 eripuit.
747 1339 806 1368 Hoc
815 1338 894 1368 etiam
903 1334 990 1368 modo‘

235 1395 298 1424 erga
311 1394 440 1424 magnum
461 1383 594 1413 Davidem
604 1395 632 1414 se
641 1384 732 1424 gessit.
749 1384 822 1422 Quia
836 1385 908 1415 enim
921 1396 983 1415 eum

235 1431 263 1460 in
276 1430 361 1460 aciem
374 1430 522 1460 educturus
533 1437 601 1468 erat,
616 1441 648 1460 ac
660 1442 708 1471 per
717 1431 776 1470 ejus
788 1442 884 1461 manus
897 1432 973 1472 splen

235 1476 331 1507 (lidum
350 1476 421 1506 illud
440 1483 571 1516 tropaeum
584 1484 737 1515 erecturus,
753 1487 804 1507 non
819 1489 835 1507 a
849 1478 984 1519 principio

235 1524 301 1554 belli
312 1523 341 1553 id
355 1524 416 1553 tecit
423 1535 432 1561 5
449 1522 495 1552 sed
504 1534 567 1552 eum
577 1523 741 1563 permisisset
752 1534 797 1553 eos
807 1524 984 1564 quadraginta

235 1569 342 1600 dierum
357 1570 443 1610 spatio
463 1570 558 1599 confici
578 1570 690 1606 timore,
712 1579 776 1599 cum
788 1569 824 1600 de
837 1571 924 1601 salute
937 1582 984 1601 sua

236 1615 406 1656 desperarent
416 1638 424 1652 ,
440 1622 466 1645 et
478 1622 602 1645 sexcenta
624 1615 724 1656 probra
746 1616 880 1646 barbarus
896 1617 984 1646 effun-

236 1661 327 1699 deret,
342 1672 473 1700 nemoque
497 1672 608 1701 surgere
633 1661 746 1691 auderet
758 1685 766 1700 ‚
786 1669 866 1702 atque
887 1663 984 1694 adver-

236 1708 338 1738 sarium
361 1708 500 1748 exciper05
525 1715 590 1737 tunc
614 1709 731 1744 scilieet,
754 1716 819 1739 tuno
842 1720 905 1739 cum
927 1711 984 1750 jam

237 1764 264 1783 se
276 1761 414 1794 superatos
435 1754 596 1792 faterentur,
618 1762 646 1784 et
669 1755 812 1785 infirmitas
832 1756 922 1796 palam
943 1767 984 1786 es·

237 1808 290 1837 set,
312 1801 408 1831 eduxit
436 1801 667 1831 adolescentulum
689 1802 724 1831 ad
749 1803 852 1832 bellum
862 1826 870 1841 ‚
896 1811 922 1834 et
940 1804 984 1833 in-

237 1854 415 1886 exspectatum
436 1847 513 1877 illam
534 1848 675 1878 victoriam
698 1849 853 1888 reportavit.
870 1851 905 1879 At
914 1850 984 1879 enim
1001 1844 1019 1867 C

237 1893 260 1921 si
275 1899 334 1932 post
346 1893 414 1930 haec,
426 1901 486 1933 post
501 1900 601 1923 tantam
615 1894 808 1924 imbecillitatis
821 1894 987 1926 demonstra—

239 1941 349 1976 tionem,
371 1951 418 1969 rex
439 1940 487 1969 ille
509 1947 630 1969 servatus
645 1951 660 1969 a
683 1941 768 1971 livore
780 1949 807 1971 et
825 1942 927 1973 invidia
942 1944 987 1974 vi-

994 759 1018 809 »ἃ

238 1993 296 2014 ctus
307 2009 314 2021 ‚
328 1986 427 2015 Davidi
443 1986 585 2015 insidiatus
599 1993 637 2016 est
649 2009 657 2023 ‚
679 1987 769 2016 animo
789 1999 900 2028 prorsus
909 1991 986 2020 exul·

238 2039 336 2068 cerato,
348 2032 520 2071 ingratusque
547 2044 609 2072 erga
633 2033 795 2064 heneficium
814 2036 888 2066 visus
900 2045 948 2074 est,
963 2039 984 2067 si

238 2088 291 2106 non
313 2084 415 2107 tantum
441 2078 559 2108 dedisset
579 2086 606 2108 et
628 2089 683 2108 suae
703 2087 729 2109 et
750 2082 883 2112 exercitus
904 2085 985 2115 totius

239 2123 353 2162 ignaviae
363 2131 562 2163 argumentum,
578 2125 645 2164 quid
658 2135 711 2155 non
723 2126 848 2157 fecisset?
861 2129 985 2170 idipsum

238 2176 263 2198 et
276 2170 341 2198 alibi
355 2180 424 2209 saepe
435 2171 522 2199 Deum
537 2171 631 2200 secisse
642 2171 735 2201 videre
747 2180 786 2202 est
797 2185 804 2208 ;
819 2175 891 2213 quod
904 2177 983 2206 etiam

237 2215 282 2244 hic
295 2216 394 2254 agitur.
407 2216 513 2246 Bellum
526 2227 640 2256 namque
653 2218 794 2249 soluturus
807 2223 985 2254 etatristibus

237 2262 401 2292 liberaturus
412 2263 484 2300 illos,
495 2263 559 2293 sinit
572 2264 634 2293 illos
647 2273 707 2296 ante
721 2277 735 2295 a
750 2267 828 2298 malis
841 2269 981 2310 exagitari.

237 2308 284 2338 Ait
297 2309 367 2338 enim
378 2321 384 2337 :
396 2311 505 2339 Emota
522 2316 564 2339 est
575 2313 675 2341 anima
692 2315 763 2353 ejus,
781 2321 809 2343 et
818 2317 920 2345 anima
936 2328 984 2356 po—

236 2353 300 2391 puli
309 2355 389 2392 ejus,
407 2355 653 2393 quemadmodum
676 2358 707 2384 in
730 2358 818 2394 sylva
842 2359 953 2399 lignum
965 2373 984 2390 a

238 2406 328 2428 vento
342 2402 450 2429 moveri
463 2401 547 2430 solet.
562 2402 619 2430 Hoc
632 2402 711 2431 etiam
723 2404 869 2444 prophetia:
876 2414 915 2436 cst
919 2419 982 2447 pro·
1001 2412 1019 2434 D

237 2446 346 2484 prium,
370 2453 398 2475 ut
421 2457 514 2476 eorum
531 2457 626 2476 arcana
647 2448 674 2477 in
692 2450 810 2480 medium
837 2453 979 2492 producat.

239 2493 305 2521 Nam
321 2494 452 2533 cujusque
472 2493 555 2523 animi
574 2494 699 2524 affectum
711 2497 788 2526 nobis
809 2499 942 2539 explicat,
957 2509 982 2531 et

269 2593 279 2603 -·=
299 2586 345 2608 llic
356 2594 411 2608 cum
421 2585 514 2611 Saviliu
524 2591 585 2618 puto
597 2585 729 2619 legendum
739 2597 791 2613 esse
800 2594 875 2621 ἀφίησι
885 2595 994 2624 γενέσθαι.

269 2623 282 2641 1³
302 2628 334 2649 Τὰ
347 2628 467 2658 εἱπόρρητα
483 2628 564 2650 αὐτῶν.
581 2626 727 2658 Suspicatut
740 2626 840 2652 Alienus
858 2638 903 2660 pro
923 2633 995 2656 αὐτῶν

567 218 596 241 S.
626 217 766 240 JOANNIS
793 216 976 240 cttRYSOST.
1010 215 1165 239 Attcttsszr.
1194 217 1469 240 CONSTANTINOP-

1034 276 1123 311 ουσίας
1145 279 1258 318 φανῆναι
1277 280 1324 307 τοῦ
1347 279 1418 307 Θεοῦ
1437 277 1486 314 τὴν
1508 277 1594 318 ἰσχύν.
1616 278 1729 312 Οὐδενὸς
1751 279 1803 319 γὰρ

1032 323 1101 354 ὅπλα
1121 327 1268 359 κινοῦντος,
1286 324 1345 354 οὐδὲ
1360 324 1472 359 ἐξιόντος
1490 324 1537 354 καὶ
1549 325 1784 365 παραταττομένου
1794 349 1802 363 ,

1031 369 1168 403 ἐξέπιπτον
1179 371 1274 400 ἐκεῖνοι
1285 373 1337 400 τῶν
1346 373 1469 410 πονηρῶν
1480 370 1580 400 τούτων
1591 371 1802 411 ἐγχειρημάτων.

1031 417 1072 445 Οὖ
1082 415 1134 456 γὰρ
1146 417 1325 454 ἠδυνήθησαν,
1340 417 1404 457 φησὶ
1415 439 1423 452 ,
1438 418 1616 457 πολιορκῆσαι
1629 417 1720 453 αὐτήν.
1735 418 1802 447 Καί-

1031 471 1072 490 τοι
1084 461 1111 491 τί
1123 461 1153 492 τὸ
1171 463 1272 492 κωλύον
1286 459 1318 499 ἦν
1330 476 1337 500 ;
1352 463 1438 493 Οὐδὲν
1452 463 1550 503 ἕτερον,
1565 464 1625 492 ἀλλ’
1638 462 1658 498 ἢ
1671 466 1718 492 τοῦ
1730 465 1803 493 Θεοῦ

1030 507 1090 547 χεὶρ
1100 507 1219 549 ἀοράτως
1233 509 1327 542 αὐτοὺς
1342 509 1552 549 ἀποκρουομένη.
1563 508 1641 546 Πλὴν
1654 509 1723 546 ἀλλ’,
1738 509 1803 550 ὅπερ

1031 549 1114 592 εἷπον,
1132 554 1177 584 τὸν
1195 555 1244 595 μὲν
1262 555 1378 594 πόλεμον
1392 555 1591 596 ἀπεκρούσατο,
1611 555 1656 585 τὸν
1678 554 1705 584 δὲ
1723 554 1805 596 φόὅον

1030 601 1079 629 οὐκ
1099 600 1194 635 εὓθίως
1217 601 1328 631 ἀνεῖλεν.
1346 601 1489 641 Ἀνηγγέλη
1508 600 1575 642 γὰρ,
1595 601 1686 642 φησὶν,
1706 603 1742 635 εἰς
1759 601 1804 631 τὸν

1031 640 1102 675 οἶκον
1124 644 1213 675 Ἀαυὶδ
1221 667 1229 682 ,
1255 646 1295 676 ὅτι
1328 647 1509 687 συνεφώνησεν
1544 646 1628 688 Ἀρὰμ
1663 647 1728 688 πρὸς
1757 647 1803 677 τὸν

1032 690 1160 732 Ἐφραίμ.
1174 692 1228 722 Καὶ
1243 692 1336 728 ἐξέστη
1350 695 1367 729 ἡ
1381 693 1454 734 ψυχὴ
1472 695 1566 730 αὐτοῦ,
1579 694 1626 723 καὶ
1638 697 1656 730 ἡ
1670 694 1743 735 ψυχὴ
1757 696 1803 724 τοῦ

1032 738 1096 767 λαοῦ
1111 739 1199 768 αὐτοῦ.
1211 737 1300 768 Ὅταν
1312 739 1396 779 μέλλῃ
1409 751 1436 768 τι
1449 738 1596 779 παράδοξον
1604 741 1619 769 ὁ
1627 739 1698 774 Θεὸς
1708 744 1804 776 ποιεῖν,

1033 784 1080 813 οὐκ
1103 783 1198 818 εὐθέως
1218 784 1312 824 ἐπάγει
1333 784 1364 814 τὸ
1385 787 1472 825 θαῦμα
1481 809 1489 824 ,
1509 785 1578 816 ἀλλὰ
1600 785 1726 826 πρότερον
1744 786 1805 820 τοὺς

1035 828 1177 867 μέλλοντας
1189 830 1331 860 ἀπολαύειν
1342 831 1369 860 ἐν
1382 831 1503 868 αἰσθήσει
1516 834 1568 862 τῶν
1583 832 1674 861 δεινῶν
1687 834 1699 847 ·
1707 830 1803 871 ἀφήσει

1033 874 1154 912 γενέσθαι
1164 897 1172 910 ,
1192 874 1237 906 ἵνα
1257 876 1325 915 μετὰ
1343 876 1391 913 τὴν
1405 877 1562 918 ἀπαλλαγὴν
1573 880 1628 907 τῶν
1642 878 1733 907 δεινῶν
1746 888 1803 916 μη-

1034 921 1127 960 δεμίαν
1147 922 1335 962 ἀγνωμοσύνην
1355 923 1549 958 ἐπιδείξωνται.
1569 922 1683 959 Ἐπειδὴ
1703 923 1756 963 γὰρ
1779 924 1803 951 οἱ

1033 966 1127 997 πολλοὶ
1137 968 1190 998 τῶν
1205 967 1348 1008 ἀνθρώπων
1357 990 1365 1004 ,
1378 969 1412 998 τὰ
1426 970 1474 1008 μὲν
1488 970 1540 999 ὑπὸ
1554 970 1646 1010 τύφου,
1660 969 1695 999 τὰ
1709 969 1736 999 δὲ
1752 971 1804 999 ὑπὸ

1036 1012 1165 1053 ῥᾳθυμίας
1182 1014 1396 1045 ἐπιλανθάνονται
1412 1018 1465 1045 τῶν
1476 1017 1568 1046 δεινῶν
1581 1016 1650 1054 μετὰ
1657 1015 1707 1053 τὴν
1718 1016 1804 1045 ἀπαλ-

1032 1059 1117 1099 λαγὴν
1130 1061 1183 1089 τῶν
1196 1060 1297 1098 δεινῶν,
1312 1060 1330 1096 ἢ
1345 1061 1383 1100 μὴ
1395 1061 1628 1101 ἐπιλανθανόμενοι
1641 1064 1743 1095 ἑαυτοῖς
1754 1063 1803 1091 λο-

1032 1105 1149 1145 γίζεσθαι
1162 1105 1300 1146 βούλονται
1311 1106 1345 1137 τὰ
1357 1107 1552 1148 κατορθώματα
1562 1130 1570 1144 ,
1583 1108 1712 1148 πρότερον
1730 1108 1805 1148 ἀφεὶς

1033 1150 1128 1186 αὐτοὺς
1149 1151 1201 1182 ὑπὸ
1225 1154 1278 1182 τῶν
1301 1155 1427 1194 λυπηρῶν
1447 1154 1633 1184 κατασείεσθαι
1644 1176 1653 1191 ,
1675 1154 1735 1184 τότε
1754 1153 1804 1190 τὴν

1033 1197 1180 1239 ἐλευθερίαν
1191 1198 1282 1229 δίδωσι
1294 1202 1346 1230 τῶν
1361 1200 1537 1241 ἐνοχλούντων
1545 1212 1551 1219 ·
1563 1201 1577 1230 ὃ
1589 1200 1623 1238 δὴ
1633 1200 1679 1230 καὶ
1692 1202 1804 1230 ἐνταῦθα

1032 1244 1187 1281 πεποίηκεν.
1209 1245 1320 1288 Ἇφῆκεν
1342 1249 1428 1277 αὐτῶν
1448 1248 1495 1280 τὰς
1519 1247 1628 1288 καρδίας
1652 1249 1778 1283 ἐκστῆναι
1796 1268 1805 1282 ,

1034 1291 1133 1330 ἀφῆκεν
1146 1292 1183 1325 εἰς
1207 1292 1319 1332 ἀγωνίαν
1340 1293 1460 1333 γενέσθαι
1481 1295 1593 1331 πολλὴν,
1617 1294 1663 1323 καὶ
1676 1294 1735 1323 τότε
1755 1293 1804 1330 τὴν

1032 1337 1108 1366 λύσιν
1126 1337 1253 1378 ἐπήγαγε.
1267 1339 1354 1370 Τοῦτο
1367 1339 1412 1369 καὶ
1425 1339 1470 1369 ἐπὶ
1483 1343 1529 1370 τοῦ
1544 1340 1660 1381 μεγάλου
1674 1340 1804 1376 πεποίηκε

1034 1382 1125 1413 Δαυίδ.
1137 1383 1249 1420 Ἐπειδὴ
1261 1385 1313 1426 γὰρ
1325 1385 1440 1425 ἤμελλεν
1451 1382 1529 1416 αὐτὸν
1544 1388 1581 1420 εἷς
1593 1386 1641 1423 τὴν
1656 1386 1805 1427 παράταξιν

1034 1428 1179 1470 ἐξαγαγεῖν,
1192 1430 1238 1460 καὶ
1255 1430 1285 1460 τὸ
1305 1432 1428 1472 λαμπρὸν
1443 1433 1527 1462 ἐκεῖνο
1546 1432 1672 1472 τρόπαιον
1695 1433 1805 1473 ἐγείρειν

1035 1474 1077 1504 διὰ
1097 1477 1150 1505 τῶν
1167 1476 1266 1506 ἐκείνω
1280 1480 1386 1518 χειρῶν,
1400 1479 1448 1508 οὐκ
1461 1479 1492 1508 ἐκ
1505 1478 1650 1520 προοιμίων
1662 1482 1708 1509 τοῦ
1722 1479 1804 1509 πολέ-

1035 1532 1085 1560 μου
1100 1524 1176 1552 τοῦτο
1189 1522 1320 1561 ἐποίησεν,
1333 1525 1392 1553 ἀλλ’
1405 1524 1479 1565 ἀφεὶς
1491 1525 1690 1566 τεσσαράκοντα
1702 1524 1805 1566 ἡμέρας

1035 1567 1129 1601 αὐτοὺς
1154 1571 1362 1609 κατεργασθῆναι
1386 1573 1425 1611 τῷ
1452 1570 1542 1611 φόὸῳ,
1569 1570 1613 1601 ὅτε
1633 1571 1682 1608 τὴν
1704 1570 1804 1601 οἰκείαν

1035 1613 1190 1653 ἀπέγνωσαν
1201 1615 1342 1656 σωτηρίαν,
1353 1617 1398 1646 καὶ
1410 1617 1492 1657 μυρία
1503 1617 1670 1652 ὀνειδίζοντος
1683 1621 1728 1648 τοῦ
1740 1620 1804 1658 βαρ-

1034 1659 1116 1701 6ιίρου
1125 1683 1134 1698 ,
1152 1661 1211 1692 οὐδὲ
1221 1661 1290 1692 οὕτω
1300 1674 1340 1696 τις
1357 1663 1489 1703 ἐτόλμησε
1504 1666 1668 1704 διεγερθῆναι
1679 1687 1688 1701 ,
1703 1665 1748 1695 καὶ
1759 1665 1804 1695 δέ·

1036 1705 1128 1740 ξασθαι
1138 1706 1182 1736 τὸν
1195 1707 1346 1745 ἀντίπαλον,
1357 1708 1416 1738 τότε
1431 1710 1473 1746 δὴ,
1488 1710 1548 1739 τότε
1562 1712 1609 1746 τῆς
1623 1710 1706 1747 ἥττης
1718 1712 1804 1741 aar&

1035 1753 1254 1793 ὁμολογηθείσης,
1263 1754 1308 1784 καὶ
1321 1756 1369 1791 τῆς
1383 1756 1517 1790 ἀσθενείας
1528 1762 1641 1797 φανερᾶς
1651 1757 1806 1798 γενομένης,

1035 1798 1119 1838 ἤγαγε
1138 1798 1169 1828 τὸ
1188 1800 1322 1839 μειράκιον
1338 1801 1382 1831 ἐπὶ
1401 1802 1445 1831 τὸν
1459 1802 1586 1842 πόλεμον,
1599 1803 1644 1833 καὶ
1658 1803 1707 1840 τὴν
1720 1805 1807 1847 παρά-

1037 1844 1108 1879 δοξον
1131 1844 1232 1881 ἐκείνην
1257 1845 1331 1883 νίκην
1356 1848 1507 1888 εἰργάσατο.
1532 1850 1567 1878 Εἰ
1594 1850 1645 1889 γὰρ
1667 1849 1713 1879 καὶ
1738 1851 1807 1888 μετὰ

1036 1894 1128 1929 ταῦτα,
1144 1891 1189 1921 καὶ
1213 1892 1262 1928 τὴν
1275 1893 1406 1931 τοσαύτην
1424 1897 1472 1930 τῆς
1490 1895 1625 1929 ἀσθενείας
1638 1897 1725 1926 αὐτῶν
1740 1896 1808 1926 ἇπό-

1037 1937 1123 1973 δειξιν,
1137 1938 1151 1966 ὃ
1163 1937 1254 1972 σωθεὶς
1270 1940 1406 1978 βασιλεὺς,
1421 1941 1473 1971 ὑπὸ
1485 1940 1579 1982 φθόνου
1597 1942 1643 1971 καὶ
1663 1942 1809 1982 βασκανίας

1035 1984 1193 2023 νικώμενος,
1209 1986 1366 2016 ἐπεὸούλευε
1386 1989 1425 2028 τῷ
1445 1987 1538 2025 Δαυὶδ,
1560 1991 1606 2017 τοῦ
1621 1988 1719 2022 πάθους
1732 1989 1807 2029 γενό-

1036 2042 1110 2069 μενος
1121 2030 1195 2068 ὅλος,
1209 2031 1254 2061 καὶ
1270 2032 1399 2072 ἀγνώμων
1412 2033 1474 2074 περὶ
1487 2034 1532 2063 τὸν
1545 2034 1685 2074 εὐεργέτην
1700 2035 1783 2075 ἐφάνη
1797 2058 1805 2071 ,

1035 2078 1057 2106 εἷ
1071 2076 1108 2116 μὴ
1123 2080 1245 2107 τοσοῦτον
1259 2078 1354 2108 ἔδωκεν
1367 2081 1475 2120 ἔλεγχον
1486 2079 1531 2110 καὶ
1549 2082 1596 2116 τῆς
1607 2082 1687 2110 αὐτοῦ
1700 2081 1745 2111 καὶ
1759 2084 1805 2110 τοῦ

1035 2124 1210 2164 στρατοπέδου
1231 2125 1329 2159 παντὸς
1348 2125 1503 2166 ἀνανδρίας,
1524 2125 1550 2155 τί
1565 2127 1612 2156 οὐκ
1626 2126 1657 2155 ἂν
1675 2126 1783 2162 ἐποίησε
1796 2139 1804 2162 ;

1034 2171 1121 2199 Τοῦτο
1135 2171 1199 2200 αὐτὸ
1212 2171 1257 2200 καὶ
1269 2172 1386 2212 ἀλλαχοῦ
1396 2173 1532 2212 πολλαχοῦ
1544 2173 1588 2201 τὸν
1600 2171 1669 2202 Θεὸν
1679 2174 1805 2202 ποιοῦντα

1034 2217 1084 2246 ἴδοι
1097 2229 1138 2250 τις
1151 2217 1181 2246 ἄν
1194 2228 1200 2235 ·
1220 2217 1234 2246 δ
1257 2218 1288 2254 δὴ
1311 2218 1356 2247 καὶ
1370 2220 1481 2248 ἐνταῦθα
1501 2218 1610 2258 γίνεται.
1625 2219 1738 2256 Ἐπειδὴ
1752 2219 1804 2261 γὰρ

1036 2262 1126 2301 μέλλει
1145 2262 1217 2292 λύειν
1238 2264 1282 2293 τὸν
1296 2265 1429 2304 πόλεμον,
1451 2264 1496 2294 καὶ
1519 2265 1697 2296 ἀπαλλάττειν
1711 2264 1805 2299 αὐτοὺς

1034 2310 1086 2337 τῶν
1100 2309 1234 2349 λυπηρῶν,
1249 2310 1341 2350 ἀφίησι
1354 2310 1480 2351 πρότερον
1492 2313 1544 2340 τῶν
1557 2312 1647 2340 δεινῶν
1660 2311 1805 2343 αἰσθέσθαι.

1035 2354 1147 2390 Ἐξέστη
1166 2354 1227 2398 γὰρ,
1242 2356 1330 2395 φησὶν,
1349 2359 1366 2392 ἡ
1385 2356 1457 2396 ψυχὴ
1472 2359 1562 2392 αὐτοῦ,
1583 2357 1629 2387 καὶ
1639 2360 1656 2393 ἠ
1670 2357 1743 2398 ψυχὴ
1758 2361 1804 2387 τοῦ

1034 2405 1098 2433 λαοῦ
1113 2405 1203 2440 αὐτοῦ,
1216 2405 1244 2434 δν
1255 2405 1349 2444 τρόπον
1358 2406 1391 2434 ’ἐν
1403 2406 1493 2446 δρυμῷ
1507 2406 1580 2440 ξύλον
1591 2407 1643 2436 ὑπὸ
1655 2406 1806 2446 πνεύματος

1035 2454 1158 2491 σαλευθῇ.
1179 2455 1232 2483 Καὶ
1245 2457 1322 2483 τοῦτο
1336 2454 1496 2493 προφητείας
1516 2454 1591 2490 ἴδιον,
1604 2454 1634 2484 τὸ
1646 2452 1702 2483 ’τὰ
1722 2453 1804 2494 ἅπόῤ-

1035 2505 1102 2542 ῥητα
1121 2505 1206 2532 αὗτῶν
1220 2505 1255 2536 εἷς
1269 2502 1348 2542 μέσον
1369 2504 1487 2543 ἀγαγεῖν.
1502 2504 1542 2534 Τὸ
1565 2503 1617 2544 γὰρ
1638 2503 1719 2537 πάθος
1739 2506 1804 2543 ἡμῖν

1045 2593 1070 2616 in
1082 2593 1140 2617 Mss.
1153 2592 1274 2625 scriptum
1290 2592 1364 2618 fuisse
1375 2599 1433 2620 ἅνω»
1444 2594 1471 2619 id
1486 2600 1524 2621 est
1534 2598 1664 2630 ἀνθρώπων.
1678 2594 1728 2619 Sed
1740 2600 1803 2626 puto

1045 2630 1127 2655 locum
1139 2631 1200 2657 bene
1214 2630 1312 2663 ΙιοΙιοι-ο,
1322 2639 1347 2657 et
1360 2636 1432 2659 αὐτῶν
1445 2632 1485 2658 hic
1497 2632 1600 2666 intelligi
1611 2632 1765 2660 ludaeorum,
