1904 2840
220 199 290 233 δύο

816 202 900 238 QI‘US
925 197 1161 226 lMPERFEC'ruM

219 272 307 301 anima
329 276 416 300 autem
434 267 523 297 vexati
547 265 664 296 bominis
678 265 804 295 innocens
826 264 902 298 vadit
921 263 956 293 ad
975 266 994 289 Δ
1013 273 1064 292 non
1089 262 1117 292 in
1132 262 1281 293 Beelzebub
1300 261 1374 291 e'icit
1394 260 1536 291 daemonia.
1559 262 1607 291 27.
1623 260 1654 291 Si
1674 271 1752 341 εἶν,

219 313 318 341 Deum.
333 309 363 339 Si
385 315 473 337 autem
486 306 520 335 de
533 316 645 346 corpore
657 304 762 342 exierit,
777 311 890 343 quantos
902 304 955 332 ho-

219 351 304 379 mines
316 348 440 378 seducere
451 346 580 392 potuerit,
588 352 725 379 tantorum
738 344 841 373 animas
856 343 955 383 perdit.

220 388 322 419 Deinde
336 387 381 417 dic
395 386 473 419 mihi,
489 386 511 415 si
525 385 575 414 soli
590 385 661 414 servi
675 384 723 413 Dei
759 390 851 413 ossunt
863 383 959 412 daemo-

221 429 264 457 nia
275 428 381 467 ejicere,
393 436 426 455 an
440 425 519 455 etiam
533 424 648 454 ministri
661 423 742 452 diabo
754 423 784 452 i?
797 423 834 452 Et
845 423 867 452 si
883 422 960 451 dixe-

199 493 201 495 .
222 468 334 504 ris,Soli
345 466 415 496 servi
426 465 487 502 Dei,
499 471 628 503 quantum
640 463 674 492 ad
682 474 737 492 rem
746 462 854 503 quidem
864 472 960 491 verum

74 597 158 618 Manle.
172 603 194 625 7.

78 628 136 681 iiiii.
147 667 167 679 v.
178 664 213 678 22.

61 691 115 713 ἠδ.

95 2477 172 2498 Eri-Ie.
185 2476 208 2499 3.

99 2513 134 2529 ιο.

73 2560 78 2562 ·
94 2556 182 2585 10ὰῖΔ
198 2560 217 2575 r.

222 507 306 541 dicis;
322 512 453 545 quantum
466 511 556 534 autem
569 503 604 532 ad
618 503 732 543 speciem
744 510 769 531 et
784 502 825 531 illi
838 501 959 542 ejiciunt,

223 547 291 576 sicut
314 553 423 575 testatur
442 544 576 574 Dominus
590 543 616 572 in
641 542 792 582 evangelio.
807 543 876 577 Nam
900 551 961 570 cum

224 586 344 619 dixisset,
359 584 514 614 Attendite
534 584 618 612 vobis
642 592 661 611 a
678 582 773 620 salsis
792 581 937 620 prophetis
952 592 960 608 .-

225 624 397 665 postmodum
418 622 535 658 addidit,
551 623 642 662 Multi
661 622 757 650 dicent
779 621 851 649 mihi
864 623 895 648 in
909 620 965 648 illa

226 667 284 701 die,
298 666 432 699 Domine,
447 672 497 692 nos
510 664 542 691 in
555 663 670 691 nomine
686 666 734 689 tuo
748 661 893 689 daemonia
905 661 963 699 eje-

226 709 327 739 citnus,
341 710 368 733 et
381 705 505 732 virtutes
518 701 769 741 nzultassecimus.
791 700 871 728 Tunc
879 700 965 738 jura-

227 747 261 774 bo
274 744 344 780 illis,
357 744 428 782 quia
437 743 536 771 nescio
551 743 601 780 qui
616 741 692 769 estis.
709 740 738 769 Si
753 749 815 778 ergo
829 739 900 768 servi
915 738 966 767 Dei

225 782 410 812 tantummodo
432 782 566 821 ejecerunt
580 780 722 814 daemonia,
737 780 809 824 juste
822 777 967 807 seduceba-

225 824 274 859 ris,
283 830 313 851 ut
321 831 517 862 quemcumque
526 820 627 849 videris
634 819 766 848 daemoma
777 818 965 858 expellentem,

1014 302 1111 341 inquit,
1126 313 1178 342 ego
1190 304 1223 330 in
1243 303 1302 331 Bee
1316 303 1407 331 zebub
1430 302 1515 370 εζίεἰο
1527 302 1685 337 daemonia,
1721 303 1756 331 lii

1014 344 1105 371 vestri
1126 343 1158 370 in
1181 351 1239 380 quo
1253 342 1392 381 ejiciunt?
1405 341 1440 371 Fi
1454 341 1492 370 'os
1514 351 1608 371 eorum
1621 341 1755 381 apostolos

1015 381 1092 417 dicit,
1108 381 1156 423 qui
1180 387 1254 410 erant
1278 391 1311 409 ex
1326 380 1390 416 illis,
1403 391 1472 419 quos
1491 381 1616 421 superius
1629 380 1702 410 misit
1720 381 1756 409 ad

1015 420 1218 467 praedicandum
1231 442 1239 456 ‚
1264 419 1332 449 dans
1353 420 1410 449 illis
1433 427 1588 460 potestatem
1608 420 1755 460 spirituum
1766 425 1852 448 Manli.
1869 432 1875 447 ι

1016 461 1236 497 immundorum,
1258 466 1289 489 ut
1312 459 1436 499 ejicerent
1457 469 1523 489 eos:
1538 459 1585 498 qui
1607 458 1789 495 credentes,⁸·

1016 500 1144 529 dixerunt
1160 512 1168 528 ε
1181 500 1318 535 Domine,
1326 502 1357 528 in
1372 501 1486 529 nomine
1498 507 1546 528 tuo
1556 500 1758 529 etiamssdaemo-
1766 509 1877 531 Lucam·

1019 542 1071 569 nia
1085 542 1167 569 nobis
1178 541 1308 579 subjecta
1317 546 1395 568 sunt.
1409 539 1441 568 Id
1448 546 1498 576 est,
1508 540 1674 578 Interrogate
1686 538 1758 568 filios

1018 586 1132 615 vestros,
1142 580 1169 608 in
1181 590 1235 618 quo
1243 579 1353 619 ejiciunt
1363 578 1504 608 daemonia.
1518 579 1547 609 Si
1558 578 1599 608 illi
1615 579 1642 608 in
1652 578 1759 608 nomine

1020 630 1078 648 meo
1091 619 1202 658 ejiciunt
1221 618 1364 655 daemonia,
1378 618 1506 655 dicentes,
1522 620 1553 649 In
1566 618 1674 648 nomine
1694 619 1759 648 Jesu

1020 658 1121 688 Christi
1133 659 1261 698 praecipio
1268 658 1317 687 tibi
1331 657 1406 687 exire
1416 658 1450 688 ab
1460 658 1623 688 illozverum
1635 665 1685 694 est,
1694 658 1760 697 quia

1021 708 1074 727 non
1093 708 1141 737 ego
1160 699 1188 726 in
1202 698 1351 727 Beelzebub
1365 698 1443 737 ejicio
1456 697 1598 727 daemonia.
1613 697 1683 728 Nam
1696 697 1760 736 quia

1021 738 1067 776 qui
1078 738 1140 766 talis
1153 745 1192 767 cst
1203 738 1294 773 homo,
1311 745 1341 766 ut
1354 738 1380 767 in
1395 737 1544 767 Beelzebub
1557 737 1646 776 ejiciat
1658 737 1760 766 daemo-

1021 777 1077 811 nia,
1092 787 1188 806 nomen
1199 778 1257 816 ejus
1268 787 1320 806 non
1331 784 1416 817 potest
1427 778 1466 807 sic
1477 776 1682 807 honorificatum
1693 787 1760 813 esse,

1021 817 1060 846 sic
1072 817 1203 851 terribile,
1220 823 1248 845 ut
1262 816 1288 845 in
1305 817 1411 845 nomine
1423 818 1481 857 ejus
1494 817 1573 847 etiam
1583 816 1617 847 ab
1630 817 1692 846 aliis
1703 816 1763 846 ἀε-

226 862 360 891 existimes
367 871 429 890 eum
443 867 564 890 sanctum
579 873 585 888 :
602 869 673 888 nunc
688 865 775 887 autem
789 868 852 886 cum
863 857 934 897 legas
942 863 968 886 ct
987 863 1006 886 B
1022 856 1110 885 monia
1118 856 1377 896 expellantur.ldeo
1385 856 1440 895 ipsi
1446 858 1560 895 judices
1568 858 1659 886 vestri
1665 862 1762 885 erunt.

1023 895 1159 932 Quando?
1186 897 1257 925 Cum
1272 896 1398 925 sederint
1416 906 1502 935 super·
1513 897 1663 925 duodecim
1682 897 1761 925 thro·
1774 899 1858 922 Mnnh-
1877 906 1882 921 ι

226 902 360 931 ministros
368 900 471 930 diaboli
480 899 572 929 eadem
579 899 713 931 facientes,
723 908 775 936 qua
782 897 883 926 ratione
889 896 968 925 sedu-

227 942 305 977 coeis,
322 948 350 970 ut
366 950 562 979 quemcumque
575 937 676 968 videris
693 937 822 966 daemonia
834 936 969 976 expellen-

227 989 291 1017 tem,
304 981 439 1010 existimes
450 989 512 1008 eum
525 977 666 1008 sanctum?
680 978 748 1007 Nam
761 976 855 1016 ejicere
866 976 968 1005 daemo—

228 1031 273 1050 nes
301 1030 439 1049 commune
464 1025 502 1048 est
528 1029 595 1057 opus
613 1018 682 1046 inter
704 1016 840 1046 ministros
866 1015 927 1051 Dei,
943 1022 969 1044 et

228 1060 364 1088 ministros
389 1058 492 1087 diaboli
506 1069 511 1084 :
525 1057 665 1087 veritatem
692 1063 780 1085 autem
799 1055 930 1091 confiteri,
943 1062 969 1084 et

226 1099 358 1139 justitiam
381 1099 476 1133 facere,
493 1099 629 1137 privatum
650 1106 719 1136 opus
731 1102 770 1124 est
783 1094 968 1124 tantummodo

230 1145 390 1168 sanctorum.
413 1137 477 1166 Ideo
491 1147 572 1175 quem
595 1135 696 1165 videris
713 1135 843 1164 daemonia
858 1134 967 1174 ejicien-

230 1185 294 1213 tem,
310 1178 332 1206 si
346 1187 398 1206 non
413 1184 451 1206 est
466 1176 594 1206 confessio
610 1175 727 1205 veritatis
743 1174 769 1204 in
782 1185 827 1203 ore
839 1174 908 1213 ejus,
922 1184 970 1203 nec

225 1217 331 1255 justitia
343 1217 370 1245 in
382 1216 505 1245 manibus
516 1216 584 1254 ejus,
595 1225 647 1243 non
663 1221 702 1244 est
712 1214 793 1243 homo
805 1214 866 1243 Dei.
881 1213 910 1243 Si
923 1224 970 1242 au-

231 1263 284 1284 tem
295 1255 395 1284 videris
410 1255 547 1284 veritatem
561 1254 738 1288 confitentem,
751 1261 777 1282 et
788 1253 918 1293 justitiam
931 1253 970 1281 fa—

232 1295 354 1330 cientem,
374 1295 421 1323 etsi
435 1293 566 1322 daemonia
580 1303 633 1322 non
647 1293 730 1332 ejicit,
747 1293 828 1321 homo
849 1292 899 1322 Dei
922 1298 969 1321 est.

233 1335 302 1363 Ecce
315 1333 338 1362 si
351 1340 380 1362 tu
395 1340 421 1362 et
437 1333 542 1362 vicinus
553 1338 615 1361 tuus
632 1332 751 1360 habeatis
764 1331 852 1360 simile
866 1331 971 1370 signum

234 1372 417 1411 unusquisque
440 1373 467 1401 in
487 1382 555 1410 equo
575 1382 635 1407 suo,
648 1378 674 1400 et
687 1371 823 1410 perierunt
843 1370 932 1405 ambo,
947 1377 973 1398 et

234 1413 359 1441 inventus
383 1411 463 1441 fuerit
489 1421 558 1439 unus
581 1421 614 1439 ex
628 1410 676 1441 eis.
691 1409 824 1448 numquid
838 1410 936 1445 curris,
948 1416 974 1438 et

235 1452 304 1481 dicis
319 1462 325 1478 :
344 1453 423 1481 Meus
444 1457 483 1479 est
498 1460 594 1488 equus,
612 1450 675 1488 quia
693 1449 745 1478 hoc
756 1449 863 1488 signum
874 1449 973 1477 habet?
992 1458 1011 1483 c

236 1491 309 1521 Dicit
321 1491 392 1520 enim
407 1490 456 1520 tibi
477 1490 583 1519 vicinus
600 1500 606 1516 ι
619 1513 622 1516 .
628 1490 663 1522 Et
683 1498 758 1517 meus
772 1499 856 1527 equus
870 1488 922 1517 hoc
934 1488 975 1517 si-

238 1541 319 1569 gnum
345 1529 451 1559 babuit.
474 1528 549 1566 Quid
561 1529 644 1567 ergo?
662 1529 774 1558 Necesse
795 1528 876 1557 babes
900 1527 975 1557 aliud

237 1571 343 1609 signum
361 1569 497 1609 privatum
516 1567 670 1602 ostendere,
693 1566 767 1606 quod
782 1566 888 1596 vicinus
913 1574 976 1596 tuus

237 1619 290 1638 non
304 1609 384 1637 habet
397 1608 424 1637 in
436 1619 495 1638 suo.
512 1607 540 1638 Si
555 1618 584 1636 er
603 1618 618 1636 o
633 1607 660 1636 in
673 1606 861 1646 cognoscendis
874 1607 976 1646 anima-

237 1649 309 1677 libus
327 1648 365 1677 sic
384 1648 465 1688 sapis,
477 1618 611 1686 quomodgo
634 1646 661 1675 in
683 1646 872 1686 cognoscendis
893 1646 977 1676 servis

238 1688 289 1718 Dei
308 1687 346 1716 sic
363 1698 414 1717 non
428 1687 575 1726 intelligis?
589 1686 643 1716 Sed
666 1697 714 1726 per
727 1685 798 1716 illud
812 1686 918 1724 signum
936 1686 978 1716 vis

239 1737 396 1765 cognoscere
416 1738 506 1756 servos
521 1726 581 1761 Dei,
596 1726 670 1764 quod
683 1726 781 1755 habent
793 1732 819 1754 et
834 1725 905 1756 servi
917 1725 979 1755 dia-

239 1767 297 1796 boli
313 1777 319 1793 :
334 1777 396 1797 cum
416 1767 500 1805 magis
521 1765 631 1794 deberes
655 1765 782 1805 aspicere,
794 1764 868 1803 quod
881 1765 981 1795 habent

241 1806 291 1835 soli
306 1806 375 1835 servi
389 1805 450 1835 Dei.
467 1805 521 1835 Sed
534 1804 607 1834 dices
623 1815 629 1831 ε
645 1806 684 1834 Ut
697 1804 761 1843 quid
774 1804 853 1833 talem
866 1812 980 1842 potesta-

242 1852 293 1874 tem
306 1846 378 1874 Deus
389 1845 497 1874 diabolo
503 1843 576 1873 dedit
588 1843 622 1873 ad
630 1844 809 1873 seductionem
820 1844 982 1874 humanam?

245 1885 275 1914 Si
289 1885 360 1914 enim
378 1884 424 1913 illc
437 1884 599 1913 seductionis
614 1890 768 1923 potestatem
791 1894 842 1912 non
863 1885 981 1924 accepis-

244 1932 293 1958 set,
307 1931 337 1953 tu
351 1924 514 1963 probationis
529 1923 677 1952 mercedem
690 1923 787 1952 habere
800 1934 853 1952 non
865 1930 977 1962 poteras.

245 1963 304 1993 Nisi
318 1964 389 1991 enim
402 1963 522 1991 infideles
542 1962 628 1991 relicti
651 1963 760 1998 fuerint,
776 1973 828 1991 non
844 1963 981 2002 eliguntur

246 2002 347 2032 fideles.
358 2002 417 2031 Nisi
431 2002 583 2042 aliquorum
597 2002 663 2030 facta
677 2002 758 2030 suerit
770 2003 904 2037 refutatio,
915 2003 984 2032 alio-

246 2053 306 2071 rum
320 2051 372 2070 non
385 2048 470 2080 potest
484 2042 540 2070 fieri
555 2041 657 2070 electio.
672 2041 765 2071 Omnis
779 2042 850 2070 enim
864 2041 982 2072 seductio
1001 2053 1020 2075 1)

247 2091 298 2110 non
313 2087 396 2119 potest
408 2091 463 2109 esse
483 2080 613 2115 seductio,
629 2081 679 2109 nisi
693 2081 818 2110 habuerit
830 2082 895 2110 boni
908 2082 982 2111 colo-

246 2131 314 2156 rem,
328 2130 376 2158 per
390 2119 463 2158 quod
475 2119 599 2149 videatur
612 2120 713 2149 bonum
726 2131 781 2150 esse
794 2121 867 2159 quod
881 2121 983 2150 malum

247 2166 286 2188 est
299 2171 306 2187 :
326 2166 351 2188 et
365 2166 427 2188 tunc
442 2169 492 2187 non
507 2165 609 2188 tantum
627 2159 740 2199 speciEm
760 2161 874 2200 primam
893 2172 984 2190 rerum

246 2198 378 2228 bonarum
398 2198 521 2238 aspicias,
532 2198 577 2227 sed
590 2209 695 2228 causam
712 2210 801 2229 rerum
820 2200 981 2230 consideres.

247 2238 333 2266 Omne
351 2237 422 2266 enim
436 2237 536 2266 malum
549 2238 635 2267 voluit
646 2240 717 2268 Deus
731 2250 807 2278 posse
827 2239 908 2269 latere
932 2240 983 2270 sub

250 2277 338 2305 colore
349 2276 423 2314 boni,
435 2284 460 2306 et
473 2287 550 2306 omne
565 2277 663 2307 bonum
678 2279 765 2308 voluit
784 2289 840 2308 esse
853 2280 904 2309 sub
915 2279 983 2309 cali-

247 2317 308 2354 gine
322 2316 500 2351 obscuritatis,
514 2324 542 2346 ut
554 2323 582 2345 tu
598 2327 644 2345 nce
655 2318 755 2347 bonum
769 2318 826 2347 sine
841 2319 932 2348 labore
945 2319 986 2348 in-

246 2355 347 2392 venias,
363 2366 410 2384 nec
424 2356 523 2385 malum
545 2356 600 2385 sine
615 2356 706 2385 labore
725 2357 824 2387 evites:
847 2359 983 2398 negligens

245 2401 332 2434 autem
354 2405 400 2423 nec
421 2395 522 2423 bonum
544 2395 671 2431 inveniat,
684 2406 731 2425 nec
754 2396 856 2425 malum
874 2398 978 2427 evadat.

245 2434 342 2462 Omnia
356 2435 427 2462 Deus
441 2435 529 2473 posuit
541 2435 568 2463 in
584 2435 683 2469 labore,
701 2442 730 2463 ut
746 2435 773 2463 in
787 2436 859 2464 omni
871 2447 899 2465 re
910 2448 982 2466 mer-

244 2472 335 2501 cedem
350 2480 489 2512 praeparet‚
511 2474 580 2503 sicut
601 2475 638 2502 ait
664 2474 810 2503 Salomon:
838 2476 981 2513 Quoniam

245 2512 326 2541 Deus
339 2513 542 2541 distensionem
557 2523 690 2552 magnam
705 2515 785 2542 dedit
804 2515 978 2551 hominibus,

243 2559 274 2580 ut
287 2551 492 2580 distendantur
503 2553 532 2579 in
544 2563 589 2581 ea.
601 2553 636 2581 Et
650 2553 719 2582 Job:
735 2554 835 2582 Omnis
847 2556 914 2583 vita
926 2566 980 2583 no-

242 2598 302 2622 stra
325 2593 446 2620 tentatio
468 2596 519 2620 est.
544 2591 628 2622 Aliud
651 2592 831 2622 testimonium
843 2593 900 2630 dat,
915 2594 979 2632 quia

1025 946 1088 971 nos,
1106 936 1272 975 judicantes
1296 936 1448 964 duodecim
1465 938 1556 965 tribus
1567 936 1671 965 Israel.
1685 936 1764 965 Tune
1774 929 1813 954 ²⁸-

1023 975 1080 1004 sine
1100 974 1186 1004 dubio
1205 974 1299 1004 dicetis
1321 974 1349 1003 in
1368 975 1473 1014 judicio
1490 975 1637 1005 me021deo
1649 975 1699 1004 tibi
1710 986 1764 1004 non

1023 1014 1186 1044 credidimus
1204 1013 1336 1044 daemonia
1360 1025 1393 1043 ex
1414 1015 1517 1051 ellenti,
1530 1015 1592 1053 quia
1608 1015 1766 1055 putavimus

1023 1061 1049 1083 te
1063 1054 1091 1083 in
1109 1054 1260 1084 Beelzebub
1283 1054 1378 1094 ejicere
1411 1054 1534 1084 aemouia.
1553 1054 1765 1099 Respondebunt

1023 1101 1113 1123 contra
1127 1105 1174 1123 vos
1186 1094 1234 1123 filii
1249 1093 1470 1129 vestri,etdicent
1483 1106 1490 1124 :
1505 1094 1536 1125 Si
1549 1093 1766 1124 considerassetis

1023 1144 1090 1170 nos,
1111 1134 1176 1173 quiav
1194 1134 1220 1162 in
1245 1133 1320 1162 illius
1334 1133 1441 1163 nomine
1459 1133 1591 1163 daemonia
1611 1133 1764 1174 expelleba—

1023 1183 1102 1202 mus.:
1117 1181 1142 1202 et
1151 1173 1300 1212 intelligere
1314 1174 1450 1213 poteratis,
1462 1173 1525 1212 quia
1542 1173 1590 1203 ille
1603 1183 1655 1202 non
1670 1173 1768 1209 babuit

1023 1213 1148 1252 spiritum
1172 1213 1333 1246 Beelzebub,
1349 1213 1376 1241 in
1397 1213 1477 1252 cuius
1495 1213 1602 1242 nomine
1621 1219 1693 1242 tanta
1709 1219 1766 1242 erat

1023 1252 1131 1282 virtutis
1155 1259 1278 1292 potestas.
1292 1253 1342 1283 28.
1365 1252 1398 1281 Si
1424 1259 1523 1282 autem
1540 1255 1572 1282 in
1593 1254 1695 1293 spiritu
1709 1253 1767 1281 Dei

1024 1293 1106 1331 ejicio
1113 1293 1268 1327 daemonia,
1278 1293 1522 1337 appropinquabit
1535 1295 1567 1321 in
1581 1303 1636 1322 vos
1646 1302 1768 1332 regnum

1026 1333 1093 1359 Dei.
1107 1333 1239 1370 Regnum
1253 1333 1318 1368 Dei,
1334 1342 1451 1371 seipsum
1466 1332 1542 1361 dicit.
1558 1331 1612 1362 Sed
1621 1331 1680 1360 ideo
1691 1331 1769 1371 quasi

1026 1369 1060 1399 de
1073 1371 1155 1399 altera
1169 1381 1198 1399 re
1219 1370 1334 1405 dicebat,
1348 1371 1411 1409 quia
1425 1371 1581 1400 infidelibus
1596 1371 1767 1409 loquebatur,

1028 1419 1060 1438 ne
1071 1409 1139 1438 forte
1148 1417 1174 1439 et
1186 1408 1296 1438 alteram
1306 1410 1470 1439 occasionem
1482 1410 1615 1450 jactantiae
1629 1411 1768 1440 invenien-

1029 1456 1068 1478 tes
1081 1449 1109 1477 in
1133 1449 1253 1486 Christo,
1268 1459 1348 1487 quem
1368 1460 1420 1478 non
1435 1450 1639 1490 cognoscebant,
1660 1449 1769 1479 addita-

1030 1496 1147 1517 mentum
1163 1489 1277 1518 facerent
1290 1489 1473 1528 blasphemiae.
1494 1490 1551 1519 Hoc
1575 1500 1638 1528 ergo
1660 1489 1771 1519 videtur

1030 1528 1134 1557 dicere:
1145 1528 1175 1558 Si
1196 1538 1245 1567 ego
1266 1528 1295 1557 in
1306 1529 1404 1568 spiritu
1422 1529 1471 1558 Dei
1485 1529 1562 1568 ejicio
1576 1528 1718 1565 daemonia,
1729 1540 1773 1558 re-

1032 1577 1114 1606 gnum
1129 1567 1181 1596 Dei
1202 1578 1236 1607 ap
1258 1568 1401 1607 ropinquat
1422 1568 1572 1599 in.vobis:
1595 1568 1618 1598 si
1641 1575 1730 1598 autem
1744 1569 1772 1598 in

1032 1607 1130 1646 spiritu
1145 1578 1293 1636 Beelzebub
1305 1607 1383 1646 ejicio
1391 1607 1533 1643 daemonia,
1541 1618 1655 1647 regnum
1667 1608 1774 1638 Beelm-

1031 1646 1088 1675 hub
1099 1647 1297 1686 appropinquat
1310 1647 1337 1676 in
1347 1647 1434 1676 vobis.
1450 1647 1562 1687 Corrige
1575 1657 1734 1683 sermonem,
1749 1654 1776 1677 et

1033 1686 1199 1715 manifestius
1216 1686 1396 1716 declarabitur
1409 1688 1568 1727 mysterium
1581 1687 1657 1718 verbi
1670 1687 1732 1717 Dei.
1742 1687 1776 1717 Id

1034 1732 1083 1763 est,
1099 1726 1122 1755 si
1144 1735 1256 1765 regnum
1273 1727 1323 1755 Dei
1336 1729 1544 1766 appropinquat,
1557 1728 1584 1756 in
1598 1727 1702 1766 Spiritu
1715 1737 1776 1756 san-

1036 1772 1078 1794 cto
1096 1765 1241 1804 ejiciuntur
1251 1765 1393 1801 daemonia,
1409 1773 1435 1796 et
1460 1767 1571 1796 virtutes
1583 1767 1674 1796 multae
1687 1767 1773 1795 fiunt:

1037 1805 1145 1843 quando
1157 1812 1246 1834 autem
1260 1806 1458 1851 appropinquat
1476 1817 1588 1846 regnum
1603 1806 1775 1842 Antichristi,

1038 1845 1066 1873 in
1079 1844 1175 1884 spiritu
1196 1844 1298 1874 diaboli
1309 1846 1456 1885 ejiciuntur
1471 1846 1613 1883 daemonia,
1629 1853 1655 1875 et
1664 1846 1776 1875 virtutes
1807 1870 1811 1878 s

1038 1884 1130 1913 multae
1150 1884 1226 1913 fiunt.
1243 1884 1318 1914 lllud
1329 1894 1393 1923 ergo
1406 1885 1480 1924 quod
1493 1885 1564 1915 dixit
1584 1886 1710 1915 Christus
1725 1897 1731 1914 =
1744 1886 1777 1915 Si

1038 1934 1089 1963 ego
1104 1926 1135 1952 in
1152 1926 1254 1962 spiritu
1271 1925 1327 1953 Dei
1345 1926 1429 1964 ejicio
1450 1926 1605 1961 doemonia,
1619 1928 1774 1965 appropin-

1039 1970 1110 2003 quat
1121 1965 1153 1992 in
1164 1974 1218 1993 vos
1231 1975 1351 2004 regnum
1365 1965 1432 2001 Dei,
1446 1964 1481 1993 ad
1499 1965 1705 1994 consolationem
1716 1964 1776 1994 illo-

1037 2013 1098 2031 rum
1112 2003 1252 2032 hominum
1263 2005 1388 2050 pertinet,
1399 2004 1447 2042 qui
1457 2011 1522 2033 tunc
1528 2005 1646 2033 fuerunt.
1662 2006 1721 2035 Hoc
1729 2015 1778 2034 au-

1038 2048 1090 2071 tem
1107 2042 1174 2080 quid
1187 2043 1329 2082 significat,
1346 2043 1419 2081 quod
1431 2043 1556 2083 jactando
1570 2054 1682 2088 regnum
1695 2044 1773 2072 Anti-

1038 2081 1130 2111 christi
1151 2083 1366 2122 appropinquat?
1380 2084 1410 2111 ln
1432 2083 1529 2122 spiritu
1549 2083 1706 2112 Anticliristi
1724 2082 1774 2122 eji-

1037 2121 1145 2150 ciuntur
1152 2121 1293 2151 daemonia.
1310 2122 1353 2151 Ad
1362 2129 1478 2151 nostram
1489 2121 1697 2151 admonitionem
1710 2132 1777 2162 per-

1038 2161 1116 2197 tinet,
1133 2168 1162 2190 ut
1182 2161 1298 2190 sciamus
1311 2162 1374 2199 quia
1395 2161 1465 2190 sicut
1489 2161 1516 2190 in
1544 2161 1660 2191 adventu
1675 2161 1776 2191 Christi

1038 2207 1099 2242 ante
1116 2200 1197 2229 illum
1209 2201 1354 2245 prophetae,
1369 2207 1396 2230 ct
1406 2211 1467 2230 cum
1481 2201 1530 2230 illo
1542 2201 1654 2241 apostoli
1669 2201 1695 2230 in
1711 2201 1775 2240 Spi—

1038 2240 1093 2269 ritu
1110 2247 1200 2269 sancto
1217 2240 1349 2269 faciehant
1367 2241 1481 2270 virtutes
1499 2251 1505 2267 :
1526 2240 1564 2270 sic
1578 2241 1643 2270 etin
1658 2240 1776 2270 adventu
1790 2263 1792 2265 -

1037 2279 1196 2309 Antichristi
1219 2279 1459 2319 pseudochristiani
1473 2303 1480 2316 ,
1508 2287 1534 2309 et
1557 2287 1618 2310 ante
1638 2280 1727 2316 illum,
1750 2287 1776 2309 et

1038 2329 1100 2348 cum
1113 2319 1161 2348 illo
1173 2320 1200 2348 in
1214 2319 1311 2358 spiritu
1325 2320 1441 2359 maligno
1459 2320 1556 2349 facient
1566 2320 1686 2350 virtutes.
1701 2320 1775 2356 Qua—

1038 2358 1072 2388 lis
1091 2358 1162 2387 enim
1175 2370 1217 2388 res
1232 2366 1303 2388 mota
1316 2359 1406 2396 suerit,
1421 2359 1484 2388 talis
1496 2358 1564 2388 odor
1577 2358 1707 2399 procedit.
1721 2360 1773 2387 Ac-

1037 2408 1115 2427 censo
1133 2398 1204 2428 enim
1222 2399 1406 2438 thymiamate,
1421 2399 1510 2428 suavis
1532 2398 1676 2438 fragrantia
1700 2398 1861 2428 exitzcxnv

1038 2444 1170 2467 commoto
1191 2446 1280 2467 autem
1293 2445 1418 2475 stercore,
1432 2437 1545 2477 putredo
1565 2437 1654 2477 gravis
1671 2437 1774 2476 prodit.

1037 2479 1106 2506 Ante
1118 2477 1207 2506 lucem
1228 2488 1324 2507 aurora
1347 2479 1414 2513 exit,
1427 2483 1488 2507 ante
1499 2483 1603 2506 noctem
1615 2477 1775 2506 obscuritas.

1037 2516 1154 2553 Quidam
1169 2524 1256 2546 autem
1270 2518 1320 2546 boc
1329 2518 1381 2546 sub
1392 2517 1445 2546 alio
1455 2516 1590 2546 intellectu
1604 2517 1779 2556 interpretan-

1036 2562 1089 2584 tur.
1108 2556 1139 2585 ld
1161 2563 1211 2592 est,
1227 2557 1256 2586 Si
1271 2567 1331 2596 ego,
1354 2556 1452 2595 inquit,
1466 2556 1495 2586 in
1515 2555 1612 2596 spiritu
1626 2556 1676 2585 Dei
1699 2556 1778 2595 ejicio

1035 2594 1178 2632 daemonia,
1193 2595 1261 2625 sicut
1274 2603 1299 2626 et
1310 2603 1348 2626 est
1360 2606 1468 2633 verum,
1479 2606 1527 2626 vos
1537 2602 1624 2625 autem
1636 2594 1727 2625 dicitis
1736 2605 1779 2624 me

1900 1583 1904 1603 .»
1898 1509 1904 1574 ...ς-μ
1892 1370 1904 1502 -Α,Λ.4.»
