1904 2840
283 197 351 234 77⁰

837 203 842 206 ’
864 196 947 219 OPUS
969 194 1205 219 IMPERFECTUM

279 259 391 299 spiritus
402 270 410 287 ε
423 257 487 297 quia
508 256 634 287 Christus
652 256 764 297 spiritus
784 263 851 295 erat,
877 264 903 287 et
926 267 1024 303 corpus
1041 259 1061 283 Α
1075 267 1140 297 pere
1152 255 1285 297 Spiritum
1299 263 1431 294 sanctum,
1444 257 1473 286 in
1483 267 1595 298 corpore
1605 256 1715 296 quidem
1727 257 1818 305 bapti-

280 297 407 337 suscepit,
436 304 465 327 ut
487 304 514 326 et
534 297 675 337 spirituale
689 304 716 326 et
728 297 866 336 corporale
887 297 1023 337 baptisma

280 338 366 367 daret.
381 337 493 368 Joannis
505 343 595 366 autem
607 336 758 377 baptismus
771 347 823 366 non
837 337 947 367 inclusit
957 337 985 366 in
995 347 1023 366 se

279 377 444 417 baptismum
457 376 574 406 Christi:
589 376 654 414 quia
677 375 751 416 quod
772 376 860 416 majus
872 384 919 414 est,
933 376 1023 406 minus

280 417 307 446 in
322 427 351 446 se
364 416 496 446 includit:
508 415 582 455 quod
592 423 680 445 autem
691 415 780 445 minus
790 422 840 453 est,
854 418 940 456 majus
951 417 979 446 in
994 426 1022 445 se

281 455 419 486 includere
443 466 497 485 non
522 462 616 496 potest.
636 455 700 486 Ideo
715 456 852 495 apostolus
871 466 934 485 cum
951 456 1023 486 inve-

129 495 183 518 Aa.
199 502 234 525 ¹9·
246 497 270 520 3·
282 495 363 525 nisset
375 495 508 534 quosdam
526 495 657 535 Ephesios
668 495 780 526 Joannis
802 496 961 535 baptismate
973 495 1023 524 ba-

129 539 159 544 ”“
281 535 404 575 ptizatos,
420 535 517 564 iterum
531 534 678 575 baptizavit
689 545 734 565 eos
747 535 774 564 in
786 535 893 565 nomine
906 535 1020 571 Christi,

160 581 235 609 †11aee
248 582 270 602 in
281 576 344 614 quia
366 575 395 604 in
417 575 514 615 spiritu
533 585 587 604 non
607 581 683 604 erant
703 574 841 614 baptizati.
856 574 933 613 †[Si
958 585 1022 614 ergo

135 613 267 663 ‘Imbusl‘l’fn
281 625 362 655 super
372 615 484 645 Joannis
491 614 635 654 baptisma,
645 613 718 653 quod
727 614 839 654 plenum
848 613 960 652 quidem
970 624 1022 643 non

128 651 173 695 12³ss
176 650 269 696 3222(-
281 661 353 690 crat,
379 662 467 685 tamen
494 661 597 695 rectum
626 661 684 684 erat
693 677 703 690 ,
730 655 827 683 iterum
859 654 1023 693 baptismum

280 694 382 724 Christi
401 694 465 724 dare
485 694 562 723 licuit
577 693 711 734 apostola,
725 693 861 732 quomodo
885 700 915 723 tu
942 693 1022 729 dicis,

280 734 344 773 quia
368 743 450 774 super
465 734 499 763 ba
519 734 629 763 tismum
649 744 739 762 mcum
760 733 857 762 melius
876 743 929 762 non
942 732 1024 762 debes

279 774 425 814 baptizare.
441 745 518 812 quod)
525 773 594 802 nibil
605 773 684 804 habet
700 773 726 802 in
741 782 768 802 se
781 779 877 812 praeter
894 772 1021 812 baptismi

279 814 397 843 nomen?
414 813 519 842 Deinde
541 813 714 853 baptizantes,
737 811 885 841 secundum
908 819 1021 842 mortem

1074 304 1148 326 zatus
1161 304 1211 333 est,
1227 303 1252 325 et
1263 303 1369 336 peccata
1379 297 1439 337 ejus
1450 296 1555 327 indulta
1569 304 1643 334 sunt,
1658 296 1706 327 sed
1716 297 1744 327 in
1757 308 1817 328 am—

1074 347 1118 366 mo
1142 336 1347 366 catechumenus
1368 342 1415 366 est,
1438 337 1484 366 Sic
1501 337 1575 371 enim
1599 337 1730 375 scriptum
1754 345 1815 368 est=

1080 377 1156 414 Quia
1170 378 1223 415 qui
1232 375 1371 415 Spiritum
1387 376 1496 406 Christi
1510 387 1569 406 non
1580 376 1679 413 babet,
1694 377 1743 405 hic
1758 387 1818 406 non
1829 379 1894 402 nom.

1074 422 1117 444 est
1130 417 1192 455 ejus
1203 427 1214 444 .·
1230 423 1341 455 propter
1352 415 1425 454 quod
1436 426 1497 455 caro
1509 416 1566 456 ejus
1580 423 1670 455 postea
1687 416 1779 456 pejora
1792 416 1818 446 ei

1073 455 1233 494 germinabit
1251 462 1368 494 peccata,
1391 455 1455 494 quia
1468 465 1522 485 non
1534 456 1614 485 habet
1635 456 1663 485 in
1684 466 1713 485 se
1731 455 1819 496 Spiri-

1073 501 1131 523 tum
1144 501 1266 523 sanctum
1281 502 1481 525 conservantem
1492 505 1532 532 se,
1546 494 1594 525 sed
1611 505 1696 525 vacua
1713 502 1752 526 est
1764 494 1818 525 do-

1073 544 1134 563 mus
1151 533 1271 574 corporis
1285 535 1351 574 ejus.
1374 536 1516 574 Propterea
1534 534 1646 574 spiritus
1671 535 1719 565 ille
1739 535 1815 565 inve-
1826 532 1882 554 Luc.

1795 563 1904 586 ·25.2‹

1073 574 1150 604 niens
1176 584 1288 604 vacuam
1310 574 1432 611 domum,
1457 581 1484 604 et
1506 573 1663 604 mundatam
1687 574 1817 605 doctrinis

1074 612 1149 650 fidei,
1170 613 1245 652 quasi
1259 614 1358 654 scopis,
1379 613 1482 644 intrans
1493 614 1701 654 septempliciter
1712 614 1828 644 habitat*

1074 652 1103 681 in
1116 663 1157 690 ea,
1173 653 1301 692 quoniam
1313 653 1397 683 verba
1412 652 1487 690 fidei,
1501 663 1561 692 quae
1574 653 1744 693 appellantur
1758 664 1817 684 scu-

1073 702 1127 731 pae,
1143 693 1177 722 ab
1190 693 1337 732 ignorantia
1353 692 1492 729 mundant,
1515 703 1568 722 non
1587 703 1602 722 a
1624 694 1751 733 peccatis,
1774 693 1819 724 vel

1072 732 1305 772 concupiscentiis.
1331 732 1498 777 Baptismum
1511 739 1601 762 autem
1623 732 1735 773 spiritus
1755 743 1819 773 pno-

1072 771 1143 808 ficit,
1180 772 1243 811 quia
1277 772 1429 811 ingrediens
1453 771 1564 812 spiritus
1590 772 1819 812 circumplectitur

1071 811 1200 847 animam,
1223 818 1249 840 ct
1268 812 1344 850 quasi
1366 822 1445 841 muro
1469 810 1587 850 quodam
1612 812 1818 852 inexpugnabili

279 853 355 882 illius
369 853 545 893 baptizamus,
559 863 607 891 qui
623 852 769 882 crucifixus
782 858 830 881 est.
847 852 878 882 Si
891 862 954 891 ergo
967 862 1020 881 non
1036 861 1055 884 B
1071 850 1167 881 circuit
1179 861 1238 880 eam
1257 862 1263 878 ε
1277 858 1303 880 et
1324 861 1378 880 non
1403 851 1532 891 permittit
1551 858 1582 880 ut
1604 851 1723 881 carnales
1747 862 1816 882 con-

279 894 353 922 Deus
374 900 414 922 est
431 893 578 922 crucifixus
595 892 622 921 in
645 902 725 922 carne
744 891 893 921 secundum
915 898 949 927 te,
973 890 1021 921 sed
1070 890 1240 930 cupiscentiae
1253 897 1279 919 et
1289 890 1461 929 cogitationes
1472 891 1633 930 praevaleant
1643 898 1734 920 contra
1745 902 1815 921 eam.

278 933 359 962 homo
374 943 469 972 purus,
478 933 534 972 jam
545 931 694 963 secundum
704 937 816 961 mortem
831 931 892 975 puri
903 930 1021 960 hominis
1070 930 1132 959 Non
1159 930 1269 969 quidem
1299 929 1382 967 facit,
1407 937 1437 959 ut
1461 941 1523 959 caro
1547 925 1601 959 non¹
1625 931 1815 971 concupiscat:

277 972 428 1012 baptizas]
443 973 529 1002 Homo
550 979 639 1001 autem
663 982 749 1016 purus
772 971 911 1010 spirituale
936 970 1020 1010 bapti·
1069 968 1117 997 sed
1142 976 1214 999 tenet
1235 969 1362 1004 animam,
1389 976 1419 999 ut
1438 979 1490 998 non
1511 969 1536 998 ei
1553 970 1708 1006 consentiat,
1731 981 1764 1000 ne
1783 981 1903 1000 uexxxix

278 1023 367 1041 smum
381 1022 433 1041 non
454 1018 541 1052 potest
554 1011 630 1048 dare,
652 1017 724 1041 sicut
743 1021 825 1050 supra
838 1010 960 1040 diximus
973 1022 980 1038 :
993 1016 1021 1039 et
1069 1008 1193 1038 vincatur
1204 1009 1238 1038 ab
1251 1019 1293 1039 ea.
1306 1008 1380 1048 Ergo
1401 1009 1448 1048 qui
1461 1009 1595 1049 Spiritum
1606 1016 1728 1039 sanctum
1740 1010 1762 1048 †
1790 1020 1839 1046 a—‡
1850 1019 1879 1040 ιι.

278 1051 340 1081 ideo
362 1052 527 1091 baptismum
547 1057 625 1080 tuum
647 1049 717 1080 ’'etsi
744 1060 797 1079 nou
817 1056 885 1079 esset
905 1056 1019 1086 rectum,
1069 1047 1308 1094 bet,conc11piseit
1326 1047 1437 1087 quidem
1462 1048 1610 1079 secundum
1633 1059 1755 1087 carnem,
1770 1049 1904 1080 sedsancw

278 1098 365 1121 tamen
390 1091 554 1131 baptismum
571 1097 638 1127 erat,
658 1090 688 1120 id
710 1097 760 1127 est,
783 1089 870 1119 simile
887 1089 1022 1129 baptismo

279 1131 390 1160 Joannis
413 1138 479 1167 erat,
507 1130 536 1160 id
560 1137 610 1167 est,
635 1131 663 1160 in
683 1140 763 1168 aqua,
785 1139 838 1158 non
860 1128 888 1158 in
911 1129 1019 1169 spiritu.

279 1172 354 1210 Ergo
380 1170 492 1206 Paulus,
509 1170 613 1199 Christi
631 1177 761 1208 sequutus
787 1169 953 1208 exemplum,
978 1168 1023 1198 ba-

279 1211 397 1249 ptizabat
408 1220 453 1238 eos
476 1210 575 1248 qui-ba
586 1209 701 1238 )tismate
719 1208 833 1239 Joannis
853 1209 957 1238 fuerant
977 1208 1024 1237 ba·-

279 1249 388 1289 ptizati:
402 1249 529 1287 quoniam
538 1255 563 1278 et
596 1249 697 1277 hristus
711 1248 807 1277 iterum
821 1247 968 1287 baptizavit
979 1258 1023 1281 eos

281 1289 329 1327 qui
341 1299 355 1318 a
365 1290 467 1318 Joanne
484 1288 558 1317 eraut
571 1287 696 1327 baptizati
708 1299 714 1315 ε
729 1288 798 1316 sicut
811 1297 898 1316 sermo
912 1287 1024 1316 demon-

281 1335 346 1357 strat
359 1327 465 1356 dicens:
481 1329 545 1366 Ego
560 1327 677 1366 quidem
691 1337 746 1355 vos
755 1327 871 1364 baptizo
884 1328 914 1354 in
930 1336 1020 1366 aqua,

282 1367 335 1396 ille
349 1366 446 1396 autein
458 1377 513 1396 vos
530 1367 688 1405 baptizabit
704 1368 736 1393 in
747 1367 862 1404 spiritu.
877 1366 934 1394 Nec
947 1365 1023 1395 vide-

282 1406 364 1435 batur
377 1406 474 1435 iterum
487 1406 520 1435 ba
542 1406 631 1440 tizam,
647 1404 694 1434 sed
713 1404 795 1433 semel
808 1416 815 1432 :
829 1403 857 1432 in
877 1415 932 1443 quo
951 1405 1023 1433 enim

283 1446 400 1485 amplius
420 1453 476 1475 crat
495 1417 595 1476 Ciliristi
615 1444 780 1484 baptismum
797 1454 878 1482 quam
899 1444 1022 1480 Joannis,

130 1496 143 1521 †
152 1493 203 1514 Haec
224 1501 275 1514 nu·-
284 1486 311 1514 in
325 1486 377 1514 hoc
390 1495 490 1514 novum
503 1484 668 1524 baptismum
679 1483 831 1518 videbatur,
856 1490 882 1512 ct
903 1493 956 1512 non
979 1483 1026 1512 ite-

130 1532 167 1545 ⁵¹¹³
184 1525 271 1545 desunt·
284 1532 382 1554 ratum.
398 1525 419 1562 †
428 1525 476 1563 [Si
489 1534 552 1564 ergo
565 1530 625 1563 post
638 1523 801 1562 baptismum
816 1523 939 1559 Joannis,
953 1522 1027 1561 quod

284 1564 333 1594 etsi
346 1565 493 1604 perfectum
512 1574 564 1592 non
581 1569 648 1599 erat,
674 1569 761 1592 tamen
786 1562 937 1601 legitimum
959 1569 1026 1598 erat,

161 1610 205 1630 Hic
232 1604 434 1643 pu-haptizabat
448 1603 582 1639 Christus,
599 1609 628 1631 ut
640 1602 744 1640 aliquid
758 1601 876 1641 amplius
891 1601 967 1631 daret
977 1601 1027 1630 ho-

131 1645 163 1661 m
204 1641 274 1668 hapu-
284 1644 414 1680 minibus,
429 1642 565 1682 quomodo
585 1648 644 1680 post
669 1641 784 1681 impium
796 1641 961 1680 baptismum
974 1651 1028 1670 non

131 1679 274 1723 {guxznsiszepe-
283 1683 345 1712 licet
356 1682 419 1712 dare
430 1682 591 1721 sanctum'z']
604 1680 753 1712 Videamus
764 1691 835 1710 nunc
852 1687 878 1710 et
893 1680 1029 1710 uniuscu-

161 1710 175 1731 P
226 1718 231 1723 ’
281 1725 380 1763 jusque
393 1722 560 1762 baptismatis
571 1720 660 1760 qualis
674 1721 709 1750 sit
723 1720 835 1750 utilitas.
853 1721 888 1750 Et
903 1720 1028 1759 quamvis

284 1762 360 1793 verbi
371 1763 536 1803 baptismum
549 1771 602 1790 non
623 1761 658 1789 sit
677 1760 795 1799 positum
817 1760 845 1789 in
870 1760 922 1788 hoc
945 1760 1025 1789 loco:

131 1804 144 1830 †
157 1803 187 1824 2¹¹·
218 1803 274 1838 ‘71¹1'51
285 1809 372 1831 tamen
386 1802 450 1840 quia
468 1802 549 1840 †est‚
570 1807 595 1829 et
615 1800 748 1829 Dominus
771 1798 843 1828 dixit
863 1798 898 1828 de
918 1810 961 1836 eo,
985 1801 1027 1829 Et

132 1839 157 1855 θ’
196 1835 276 1855 Πωω·
286 1852 341 1871 vos
363 1842 464 1870 mundi
482 1843 549 1870 estis
562 1845 680 1878 propter
691 1849 851 1868 sermonem
873 1849 960 1878 quem
985 1839 1028 1868 lo—

133 1872 274 1918 3:22153.
287 1888 393 1921 quutus
414 1892 477 1910 sum
493 1881 589 1914 vohis,
603 1885 629 1907 et
642 1879 778 1917 apostolus
800 1879 848 1915 ait,
878 1879 1029 1910 Mundans

134 1927 217 1955 Eplces.
227 1926 252 1948 5.
287 1932 351 1949 eam
364 1921 483 1950 lavacro
497 1930 581 1958 aquae
592 1920 623 1946 in
636 1920 739 1947 verbo.-
756 1918 874 1947 dicimus
887 1925 913 1947 et
924 1917 958 1947 de
968 1918 1028 1954 illu,

135 1958 174 1979 ²⁶·
287 1961 413 1999 quoniam
436 1960 550 1989 verbum
565 1969 579 1986 a
593 1957 720 1986 sordibus
733 1957 887 1996 ignorantiae
905 1956 1029 1993 mundat,

287 2000 402 2029 scientiae
417 2000 507 2028 lumen
519 1996 661 2026 infundens
673 2009 679 2024 :
695 1997 742 2026 scd
755 2004 859 2036 peccata
870 2007 923 2026 non
935 1996 1028 2033 diluit,

287 2039 404 2068 animam
417 2049 470 2067 non
484 2037 606 2077 adjuvat,
628 2047 677 2064 nec
699 2037 927 2076 concupiscentias
947 2036 1030 2065 malas

287 2077 411 2117 praecidit
428 2078 462 2106 ab
483 2087 524 2111 ea,
547 2086 595 2105 nec
609 2086 714 2105 carnem
738 2087 753 2104 a
777 2075 869 2104 cmala
892 2075 1031 2115 voluptate

288 2117 441 2155 compescit.
452 2117 508 2145 Hoc
521 2115 584 2144 facit
595 2115 708 2144 verbum
719 2114 783 2144 fidei
798 2114 942 2151 mundum,
958 2115 1031 2153 quod

288 2157 400 2185 faciebat
413 2162 488 2184 antea
502 2155 566 2184 lex:
585 2152 718 2194 justitiam
738 2154 847 2192 quidem
868 2154 1032 2189 ostendebat,

289 2196 404 2225 animam
431 2201 519 2224 autem
544 2204 597 2222 non
621 2193 785 2233 adjuvabat:
801 2193 928 2232 quoniam
955 2204 1033 2223 omne

289 2235 405 2266 verbum
426 2234 535 2264 lucerna
560 2240 610 2269 est,
633 2239 659 2261 et
679 2243 732 2261 non
752 2233 851 2262 virtus.
875 2234 942 2262 Item
964 2243 1034 2271 aqua

289 2275 407 2315 proficit,
423 2274 486 2312 quia
501 2279 607 2312 peccata
621 2271 742 2310 quidem,
757 2283 817 2310 quae
827 2273 884 2312 jam
896 2283 1033 2312 processe-

290 2321 354 2343 runt
365 2314 392 2343 in
406 2323 485 2352 opus,
500 2312 597 2347 abluit,
612 2318 638 2341 et
647 2311 709 2348 hoc,
722 2311 746 2340 si
757 2312 882 2350 poenituit
895 2323 902 2339 ε
918 2313 1035 2341 animam

292 2360 379 2383 autem
394 2363 452 2387 >non
466 2352 625 2388 sanctificat,
640 2361 688 2380 nec
701 2350 928 2390 concupiscentias
945 2351 1035 2381 cordis

293 2400 340 2422 aut
353 2392 525 2432 cogitationes
548 2391 631 2420 malas
643 2389 776 2430 praecidit,
791 2400 839 2419 nec
852 2390 959 2429 repellit
979 2401 1034 2427 eas,

294 2432 341 2462 sed
365 2443 414 2462 nec
433 2432 552 2461 carnales
573 2429 800 2470 concupiscentias
821 2429 954 2469 reprimit.
980 2430 1036 2467 Qui

295 2483 358 2512 ergo
372 2482 425 2501 non
437 2470 519 2501 fuerit
530 2471 569 2500 sic
580 2469 740 2510 baptizatus,
763 2475 794 2498 ut
813 2475 945 2498 mereatur
969 2469 1037 2499 acci-

330 2568 344 2586 h
361 2566 393 2590 V.
401 2567 433 2592 D.
445 2571 470 2590 et.
481 2564 552 2590 Editi
563 2560 589 2590 in
601 2571 680 2597 marg.
692 2564 738 2588 etsi
748 2567 810 2587 esset
822 2567 919 2586 rectum.

331 2614 340 2625 c
359 2605 389 2631 V.
401 2606 431 2630 1).
454 2610 479 2630 et
491 2603 560 2629 Editi
572 2604 597 2629 in
609 2611 688 2636 marg.
702 2611 718 2627 a
730 2601 799 2627 mala
806 2601 944 2632 voluntate,
958 2606 984 2625 et
995 2608 1053 2625 mox

1071 1088 1218 1117 secundum
1232 1098 1348 1118 animam
1361 1087 1505 1128 adjuvatur
1519 1098 1536 1117 a
1552 1088 1662 1128 spiritu,
1677 1096 1708 1118 ut
1720 1100 1818 1119 concu-

1071 1127 1206 1167 piscentiae
1226 1129 1285 1168 ejus
1307 1137 1360 1156 non
1384 1127 1493 1157 veniant
1517 1126 1553 1156 ad
1576 1127 1731 1167 perfectum.
1747 1130 1818 1159 Ten-

1072 1167 1180 1196 tationis
1203 1174 1292 1196 autem
1311 1173 1338 1196 et
1360 1166 1541 1204 tribulationis
1568 1167 1734 1207 baptismum
1761 1169 1819 1214 igni

1071 1206 1117 1236 hic
1127 1213 1297 1247 comparatur
1307 1219 1314 1235 :
1325 1206 1459 1236 comburit
1466 1205 1540 1235 enim
1554 1217 1660 1236 earnem
1674 1214 1701 1236 et
1710 1215 1817 1248 coquit,

1073 1252 1103 1275 ut
1110 1257 1157 1276 nec
1171 1246 1341 1286 concupiscat
1360 1246 1423 1281 cito,
1438 1245 1485 1275 sed
1504 1252 1533 1275 ut
1550 1256 1598 1275 nec
1618 1247 1747 1286 germinet
1755 1258 1818 1277 con-

1072 1286 1259 1324 cupiscentias.
1279 1286 1350 1315 Nam
1367 1285 1456 1314 anima
1479 1296 1491 1314 s
1511 1285 1589 1315 iritus
1609 1292 1666 1323 est,
1686 1294 1713 1316 et
1736 1287 1819 1332 spiri·-

1072 1325 1158 1354 tuales
1178 1335 1269 1364 poenas
1292 1325 1383 1361 timet,
1408 1297 1527 1354 carnaiis
1543 1332 1632 1355 autem
1655 1336 1707 1356 non
1731 1333 1817 1357 timet.

1076 1363 1153 1393 Unde
1170 1371 1196 1392 et
1206 1363 1289 1393 sancti
1307 1374 1399 1403 poenas
1423 1364 1506 1403 hujus
1526 1364 1617 1393 saeculi
1635 1372 1818 1403 contemnunt,

1073 1409 1100 1432 et
1116 1403 1238 1432 futurum
1253 1402 1388 1442 judicium
1406 1403 1519 1438 timent,
1544 1403 1592 1434 ubi
1618 1405 1729 1449 spiritus
1755 1416 1819 1434 cru-

1040 1454 1058 1477 c
1075 1442 1190 1472 ciantur.
1214 1443 1283 1472 Caro
1304 1448 1394 1471 autem
1416 1442 1570 1481 spirituales
1595 1443 1704 1481 quidem
1728 1455 1820 1483 poenas

1075 1492 1128 1511 non
1145 1482 1237 1516 timet,
1257 1481 1375 1511 carnales
1387 1487 1476 1510 autem
1497 1481 1583 1511 timet.
1599 1482 1663 1511 Ideo
1682 1484 1747 1512 mali
1769 1494 1820 1513 non

1076 1528 1179 1551 cessant
1191 1531 1309 1561 peccare,
1317 1520 1424 1550 nisieos
1430 1520 1534 1560 judicia
1549 1522 1666 1551 carnalia
1678 1530 1705 1552 et
1717 1530 1821 1552 terrena

1076 1567 1255 1600 compescant.
1270 1559 1334 1590 Ideo
1346 1571 1410 1599 ergo
1419 1560 1505 1590 sciens
1518 1561 1662 1599 Dominus,
1679 1562 1742 1601 quia
1759 1573 1821 1592 caro

1077 1600 1196 1629 carnales
1210 1599 1395 1629 tantummodo
1405 1609 1495 1639 poenas
1509 1599 1595 1637 timet,
1606 1601 1760 1640 spirituales
1775 1613 1822 1631 au-

1077 1647 1130 1669 tem
1148 1649 1201 1668 non
1221 1639 1314 1674 timet,
1337 1649 1419 1678 super
1436 1649 1527 1668 servos
1547 1650 1611 1669 suos
1631 1641 1821 1681 concupiscen-

1077 1679 1128 1708 tias
1141 1679 1260 1708 carnales
1272 1678 1363 1715 mittit,
1377 1678 1535 1708 tentationes
1546 1686 1572 1708 et
1586 1679 1784 1719 tribulationes,
1793 1688 1823 1711 ut

1079 1718 1217 1748 combusta
1230 1729 1292 1748 caro
1302 1721 1313 1740 ἓ
1323 1718 1413 1748 timeat
1429 1717 1611 1758 disciplinam,
1624 1726 1651 1749 et
1663 1720 1760 1749 timens
1771 1731 1822 1750 an·-

1079 1759 1181 1803 gustias
1199 1768 1261 1787 suas
1283 1768 1337 1787 non
1355 1758 1526 1797 concupiscat
1541 1758 1652 1788 malum.
1667 1760 1740 1796 Quia
1760 1770 1822 1790 caro

1079 1805 1243 1838 1mportuna,
1256 1804 1282 1827 et
1299 1797 1499 1843 concupiscens,
1512 1797 1535 1826 si
1553 1809 1646 1828 secura
1664 1799 1758 1834 fuerit,
1773 1800 1822 1834 etsi

1079 1848 1131 1867 non
1147 1837 1231 1867 vincit
1247 1848 1338 1867 servos
1349 1839 1410 1873 Dei,
1423 1843 1510 1867 tamen
1522 1837 1643 1867 sordidat
1657 1840 1823 1868 sanctitatem

1079 1887 1184 1912 eorum,
1199 1884 1226 1906 et
1244 1877 1385 1916 inquietat,
1397 1882 1423 1906 et
1436 1876 1599 1915 requiescere
1615 1887 1666 1907 non
1680 1879 1822 1918 permittit.

1080 1916 1160 1946 Unde
1167 1916 1274 1956 justitia
1291 1918 1319 1945 in
1337 1916 1526 1946 tentationibus
1547 1916 1633 1952 floret,
1645 1917 1673 1946 in
1688 1918 1823 1958 prosperi·
1847 1918 1904 1941 12⁵⁶

1079 1962 1132 1985 tate
1145 1963 1233 1985 autem
1249 1955 1367 1985 marcida
1384 1962 1435 1984 est.
1451 1955 1685 1992 Quemadmodum
1698 1958 1721 1986 si
1734 1958 1824 1987 focum
1833 1950 1904 2005 {5:¹5⁸}

1100 1995 1202 2024 osueris
1213 2006 1294 2035 super
1302 2002 1412 2030 terram,
1421 1995 1636 2034 comburitipsas
1648 1996 1750 2026 radices
1762 1997 1826 2026 her<

1046 2040 1066 2063 D
1101 2045 1190 2071 arum,
1206 2041 1231 2063 et
1243 2041 1272 2063 ut
1295 2035 1324 2063 in
1346 2034 1405 2063 loco
1417 2034 1466 2062 illo
1476 2035 1534 2074 jam
1547 2045 1599 2063 non
1613 2036 1691 2065 facile
1702 2044 1826 2066 nascatur

1082 2074 1166 2103 herba
1179 2084 1186 2101 ε
1201 2075 1241 2102 sic
1253 2080 1279 2102 et
1291 2073 1443 2103 tentationis
1463 2074 1534 2112 ignis
1549 2074 1652 2113 positus
1665 2085 1747 2114 super
1765 2086 1827 2105 car-

1082 2123 1154 2150 nem,
1167 2113 1301 2142 comburit
1326 2112 1427 2141 radices
1447 2123 1530 2141 concu
1553 2114 1722 2143 iscentiarum
1744 2115 1771 2143 in
1785 2125 1827 2152 ca,

1084 2159 1114 2182 ut
1128 2162 1180 2181 non
1201 2151 1471 2191 facileconcupiscat.
1487 2152 1526 2182 Vi
1546 2162 1574 2181 es
1586 2163 1662 2192 ergo,
1679 2154 1744 2192 quia
1760 2164 1773 2182 a
1794 2165 1828 2184 ua

1084 2191 1215 2232 praeterita
1238 2191 1311 2220 lavat
1334 2197 1439 2231 peccata
1452 2202 1458 2218 ε
1471 2191 1584 2231 spiritus
1608 2199 1697 2222 autem
1721 2204 1785 2233 repe
1796 2193 1830 2223 lit

1084 2231 1322 2271 concupiscentias,
1337 2237 1362 2260 et
1373 2230 1519 2270 praevalere
1532 2241 1585 2260 non
1598 2231 1663 2261 sinit
1674 2243 1683 2260 t
1694 2232 1765 2272 ignis
1775 2243 1828 2261 aua

1084 2278 1139 2300 tem
1161 2270 1232 2310 ipsas
1256 2270 1534 2310 concupiscentiarum
1553 2271 1656 2300 radices
1675 2272 1829 2301 comburit?

1085 2311 1121 2340 Et
1135 2320 1204 2349 aqua
1217 2310 1350 2350 praeterita
1363 2309 1445 2346 tollit,
1459 2310 1570 2349 spiritus
1584 2311 1723 2351 praesentia
1738 2311 1827 2351 impe--

1085 2349 1137 2386 dit,
1152 2349 1222 2389 ignis
1232 2349 1361 2379 adversus
1370 2350 1461 2379 futura
1474 2351 1627 2394 praemnnit.
1642 2350 1717 2386 Quid
1729 2357 1770 2379 est
1777 2361 1829 2380 au—

1085 2397 1138 2419 tem
1158 2389 1292 2429 baptizare
1305 2389 1334 2417 in
1357 2389 1430 2428 igne,
1446 2395 1527 2418 etiam
1549 2399 1662 2428 sequens
1674 2399 1762 2419 sermo
1780 2390 1829 2419 de-

1085 2435 1224 2466 monstrat,
1239 2428 1331 2458 diceus
1345 2440 1351 2456 :
1363 2430 1413 2458 12.
1438 2428 1559 2457 Habeas
1577 2429 1778 2459 ventilabrum
1799 2431 1831 2458 in

1085 2479 1176 2498 manu
1190 2478 1255 2498 sua.
1271 2467 1463 2500 Ventilabrum
1483 2474 1523 2497 est
1541 2467 1688 2507 judicium,
1699 2479 1747 2509 per
1757 2468 1831 2508 quod

1079 2562 1180 2586 verbum
1187 2561 1254 2595 fidei
1267 2561 1371 2587 nudum.
1386 2560 1417 2585 V.
1429 2561 1459 2585 Ι).
1471 2561 1574 2586 verbum
1593 2561 1651 2586 Dei.

1114 2609 1123 2620 υ
1141 2600 1171 2625 V.
1186 2601 1216 2625 1).
1230 2606 1255 2624 et
1268 2599 1337 2625 Editi
1353 2600 1379 2625 in
1392 2608 1472 2632 marg.
1487 2608 1546 2624 cam
1560 2605 1652 2627 teneat.
