1890 2826
82 1555 100 1570 ¹.
112 1548 165 1571 Cur.
177 1551 199 1573 6.

81 1580 115 1602 15.

93 1919 216 1943 oh.3i.=.

238 163 309 209 354
578 175 609 199 s.
636 175 778 199 JOANMS
805 175 990 199 cnanosr.
1020 175 1183 198 anemae.
1213 176 1489 200 consum-mor.

232 244 337 268 etot-um
355 236 490 266 celebrare
512 235 594 265 sacris
607 235 757 276 Scripturis
780 237 869 266 voluit
882 238 967 274 Deus,
993 243 1022 266 ut
1034 246 1125 266 omnes
1140 236 1262 266 homines
1282 237 1309 266 in
1335 236 1446 267 illorum
1456 237 1596 267 trahantur
1609 238 1795 277 imitationem,

231 282 396 322 vestigiaque
408 281 518 311 illorum
532 281 677 321 diligenter
695 282 830 322 sequendo
842 282 965 324 persuasi
978 281 1168 313 continentiam
1187 289 1291 323 parent.
1305 283 1413 313 Etenim
1426 283 1448 312 si
1460 282 1489 313 in
1505 283 1637 324 gymnicis
1646 284 1799 314 certamini-

232 331 283 360 bus
295 330 426 370 plerique,
446 329 512 359 visis
532 328 642 358 athletis
654 329 797 368 coronatis,
811 330 926 368 accensi,
940 330 1022 359 etiam
1033 329 1085 370 ipsi
1098 340 1126 360 se
1137 337 1280 366 exuerunt,
1296 337 1321 359 et
1332 329 1431 359 multos
1444 329 1555 360 sudores
1568 330 1727 370 laboresque
1739 342 1798 372 per-

233 377 365 413 tulerunt,
380 383 410 405 ut
422 375 503 404 ramis
518 375 562 405 vel
577 375 642 404 oleae
654 376 698 406 vel
712 375 783 406 lauri
801 382 992 406 coronarentur
1003 387 1010 404 ε
1023 383 1123 415 quanta
1140 383 1204 416 ergo
1216 386 1265 406 nos
1279 376 1405 407 convenit
1424 376 1560 406 alacritate
1573 387 1624 417 pro
1638 377 1799 407 continentia

233 423 344 452 sudores
364 423 442 459 ferre,
459 421 567 461 quando
580 421 650 451 alios
663 432 679 451 a
694 423 752 452 Deo
771 429 909 452 coronatos
924 421 1060 459 videmus,
1081 428 1111 451 ut
1120 421 1271 452 caelestibus
1288 421 1465 452 redimiamur
1482 423 1598 458 coronis,
1610 430 1720 464 propter
1729 423 1800 453 bona

233 469 413 507 salutariaque
431 467 571 497 facinora?
585 467 728 504 Quomodo
749 468 803 498 non
824 479 905 508 grave
919 475 945 498 et
961 468 1046 498 multa
1066 468 1107 498 ira
1128 468 1253 508 dignum,
1270 469 1294 499 si
1307 468 1419 498 athletas
1434 468 1540 499 allectet
1552 469 1651 499 folium
1669 468 1741 498 lauri
1755 470 1800 500 vel

233 515 323 552 olivae,
339 522 364 544 et
377 514 463 554 gloria
475 514 634 544 transitoriae
649 514 732 555 hujus
742 515 805 546 vite
817 528 824 544 :
838 525 886 545 nos
900 522 989 544 autem
1002 514 1072 544 nihil
1085 521 1210 545 moveant
1219 514 1322 545 Christi
1341 526 1464 553 munera,
1476 522 1506 545 ut
1515 526 1621 545 omnem
1633 515 1801 556 voluptatem

233 571 414 597 amoveamus,
429 567 455 590 et
469 561 593 590 timorem
602 560 654 591 Dei
672 561 845 602 praeferamus
865 560 1088 601 concupiscentiis
1100 560 1114 589 ἶ)
1131 562 1215 590 Porro
1230 571 1284 591 non
1298 561 1326 591 in
1338 561 1404 592 solis
1416 561 1573 591 hominibus
1586 561 1709 592 videmus
1722 561 1800 591 simi-

233 608 301 638 lium
312 608 499 646 imitationem‚
514 608 561 638 sed
574 615 600 638 et
615 608 644 638 in
653 608 752 638 brutis.
766 610 836 639 Nam
847 616 874 639 et
892 609 1023 639 columbae
1036 619 1118 649 saepe,
1133 608 1192 639 visa
1203 618 1257 637 nna
1275 609 1409 645 avolante,
1423 608 1513 639 statim
1526 615 1677 648 sequuntur
1688 619 1798 638 omnes:

231 662 257 684 et
268 655 361 695 pullus
371 666 530 695 generosus,
548 655 577 684 in
591 666 722 695 equorum
737 656 860 687 ‘armento
872 655 1016 691 exsiliens,
1032 666 1123 685 secum
1138 655 1209 695 rapit
1226 665 1305 684 omne
1318 662 1480 685 armentum.
1504 656 1540 685 Et
1563 655 1632 685 inter
1645 665 1706 692 vos,
1729 655 1799 684 utin

230 709 348 732 armento
360 702 473 740 Christi,
486 702 620 732 bonusest
630 702 724 742 pullus
737 703 838 743 Joseph
851 702 1107 740 continentissimus,
1119 701 1270 731 caelestibus
1283 701 1508 732 exsultationibus
1522 701 1556 731 ad
1567 702 1612 732 sui
1621 701 1800 732 imitationem

231 758 279 778 nos
291 758 432 779 conservos
445 757 554 779 vocans.
570 747 705 778 Saltemus
723 747 809 788 igitur
819 758 883 778 cum
895 747 967 777 bono
982 747 1148 777 adolescente
1161 746 1328 787 spiritualem
1343 747 1479 786 choream,
1493 747 1633 778 laudantes
1644 746 1730 788 ipsius
1739 757 1801 777 con—

229 796 379 833 tinentiam,
389 806 441 825 non
456 794 547 825 verbis
556 794 656 830 solum,
666 794 714 824 sed
724 801 750 824 et
763 805 876 835 operum
884 794 1043 824 imitatione.
1051 795 1103 825 Ille
1113 794 1208 835 igitur,
1219 794 1266 824 ille
1277 801 1334 824 erat
1340 794 1457 835 diligens
1468 802 1494 825 et
1507 801 1655 836 perpetuus
1665 794 1802 824 continen-

227 843 271 872 tiae
295 850 395 880 custos,
408 853 470 872 cum
491 849 580 883 posset
599 842 697 882 reginae
719 842 773 883 ipsi
793 842 936 883 imperare,
952 849 979 871 et
996 842 1025 872 iu
1037 841 1144 872 deliciis
1158 848 1239 880 atque
1255 841 1324 870 luxu
1338 840 1452 872 divitem
1465 850 1492 872 et
1510 841 1695 882 voluptarium
1709 851 1799 880 agere.

229 889 423 918 Verumtamen
436 888 560 927 quamvis
573 888 669 918 talium
682 895 709 918 et
724 895 861 918 tantorum
883 888 1009 918 dominus
1020 888 1140 926 futurus,
1155 898 1217 917 cum
1230 888 1373 927 cogitasset
1389 888 1465 927 quod
1484 888 1587 919 divitiae
1596 887 1708 928 quidem
1716 893 1743 917 et
1755 897 1801 927 po-

228 931 310 964 tentia
324 946 354 964 ac
378 935 464 975 gloria
477 945 540 964 cum
550 935 676 975 praesenti
696 934 751 964 vita
767 941 912 972 transeant,
936 942 962 965 et
984 935 1175 975 temporalium
1192 935 1300 964 lucrum
1320 934 1462 965 dumtaxat
1474 935 1602 972 habeant,
1614 934 1699 964 solius
1711 940 1801 964 autem

229 981 338 1011 virtutis
355 981 449 1011 nullus
463 981 499 1010 sit
515 981 588 1017 finis,
602 980 664 1010 idco
674 981 861 1020 voluptatibus
875 981 999 1012 timorem
1017 981 1135 1018 Christi,
1145 988 1176 1010 ut
1188 981 1296 1010 frenum
1305 980 1453 1020 quoddam,
1469 981 1571 1022 injecit.
1586 980 1703 1011 Divitias
1711 986 1801 1010 autem

228 1034 254 1057 et
267 1028 389 1065 delicias,
401 1038 432 1056 ac
450 1027 640 1068 promissiones
653 1027 769 1056 dominae
778 1027 883 1065 derisit,
900 1028 1036 1058 miseriam
1047 1028 1076 1057 in
1087 1037 1192 1057 carcere
1204 1026 1356 1057 dulciorem
1367 1037 1477 1056 censens
1490 1027 1627 1067 praeclaris
1639 1027 1798 1063 domiciliis,

230 1075 334 1104 tametsi
354 1075 396 1104 his
418 1075 467 1113 qui
487 1074 648 1104 excellenter
661 1074 772 1104 formosi
791 1082 864 1112 sunt,
879 1075 993 1105 difficile
1005 1082 1045 1104 est
1069 1074 1201 1114 imperare
1208 1068 1359 1114 ‘voluptatL
1375 1074 1427 1104 Hic
1438 1080 1528 1103 autem
1547 1081 1651 1104 tantum
1665 1074 1799 1114 specimen

229 1122 353 1151 exhibuit
364 1121 542 1158 continentiae,
556 1128 586 1150 ut
599 1121 804 1162 pulchritudine
812 1122 908 1152 animae
923 1121 1155 1163 pulchritudinem
1166 1121 1288 1161 corporis
1299 1121 1455 1157 occultaret,
1466 1120 1549 1150 stellae
1560 1120 1668 1150 cuidam
1676 1120 1797 1161 pulchrae

228 1167 392 1196 formositate
402 1166 536 1206 corporis,
551 1167 653 1206 angelis
666 1173 756 1196 autem
764 1174 902 1197 venustate
914 1168 1009 1197 animae
1023 1166 1208 1197 conferendus.
1230 1168 1286 1196 Nos
1299 1173 1388 1196 autem
1398 1166 1473 1196 decet
1486 1165 1627 1204 admirari,
1644 1177 1698 1197 non
1711 1166 1801 1196 solum

229 1213 404 1242 adolescentis
425 1213 625 1250 continentiam,
640 1213 687 1242 sed
708 1221 735 1243 et
747 1214 878 1254 pericula,
900 1225 960 1253 quae
973 1226 1024 1255 pro
1034 1214 1082 1244 illa
1095 1214 1233 1251 sustinuit,
1246 1213 1294 1252 qui
1306 1221 1391 1243 morte
1404 1214 1514 1254 gravius
1525 1224 1556 1243 ac
1565 1213 1714 1244 terribilius
1723 1213 1800 1255 judi-

228 1259 299 1289 cavit
313 1259 414 1288 servire
437 1260 634 1300 voluptatibus.
661 1260 849 1290 Admirabitur
866 1268 972 1297 autem,
987 1261 1036 1300 qui
1057 1260 1186 1290 virtutem
1200 1260 1286 1300 ipsius
1299 1260 1444 1300 diligenter
1460 1260 1626 1300 cognoverit,
1640 1267 1667 1290 et
1679 1267 1800 1300 tempora

228 1305 386 1346 expenderit
399 1305 426 1334 in
440 1306 539 1344 quibus
556 1307 674 1336 animam
694 1318 791 1346 puram
805 1308 934 1337 servavit.
947 1309 1016 1337 Nam
1036 1307 1194 1347 priusquam
1212 1307 1240 1336 in
1254 1314 1324 1336 terra
1337 1314 1363 1336 et
1383 1307 1517 1337 Dominus
1530 1314 1556 1337 et
1569 1308 1669 1348 Opifex
1680 1307 1800 1337 universi

227 1353 364 1393 apparuit,
386 1353 536 1382 libertatem
559 1354 708 1383 custodivit
724 1354 830 1384 mentis.
843 1355 876 1384 In
895 1354 976 1384 domo
991 1354 1138 1394 impiorum
1159 1353 1336 1389 educabatur,
1355 1353 1456 1382 multos
1471 1353 1588 1384 habebat
1613 1355 1649 1384 ad
1667 1354 1799 1384 deteriora

229 1399 408 1433 adhortantes,
429 1399 536 1428 carebat
549 1400 717 1429 continentiae
729 1399 867 1439 magistro.
889 1400 989 1428 Omnes
1002 1399 1137 1438 voluptati
1150 1398 1312 1435 serviebant,
1325 1398 1414 1428 ventri
1427 1397 1615 1438 indulgebant,
1630 1399 1701 1428 nihil
1710 1399 1798 1439 pium,

229 1446 298 1475 nihil
318 1453 439 1476 sanctum
452 1446 583 1476 faciebant
597 1459 603 1475 z
617 1453 731 1476 attamen
744 1447 771 1475 in
789 1453 924 1476 tantorum
943 1446 1092 1485 taliumque
1117 1445 1264 1486 impiorum
1285 1455 1394 1480 corona,
1406 1444 1502 1475 videns
1514 1445 1651 1475 dominam
1664 1446 1799 1486 intempe-

229 1500 332 1523 rantem
339 1494 428 1534 jacere
438 1516 446 1531 ,
460 1493 606 1523 caelestium
620 1493 809 1523 thesaurorum
823 1493 948 1533 proditor
959 1503 1013 1522 non
1033 1500 1072 1523 est
1082 1494 1177 1530 factus,
1193 1492 1240 1522 sed
1253 1492 1373 1533 Spiritus
1384 1492 1517 1532 templum
1530 1492 1742 1533 indepraedabile
1751 1503 1800 1522 cu-

229 1538 350 1577 stodivit,
363 1540 465 1570 malens
478 1540 559 1577 mori,
570 1551 651 1579 quam
661 1540 763 1570 servire
776 1540 972 1581 voluptatibus.
989 1541 1049 1570 Non
1064 1538 1186 1569 audierat
1200 1539 1317 1569 Paulum
1334 1538 1478 1575 dicentem,
1490 1549 1604 1579 corpora
1615 1545 1706 1568 nostra
1714 1549 1800 1568 mem—

227 1586 276 1615 bra
290 1587 391 1617 Christi
405 1598 477 1617 esse:
493 1594 519 1616 et
533 1587 690 1626 priusquam
705 1586 811 1616 audiret
819 1597 913 1617 vocem
926 1585 1059 1624 divinam,
1072 1596 1124 1616 non
1138 1585 1228 1615 minor
1241 1585 1367 1625 apparuit
1375 1585 1410 1614 iis
1418 1585 1467 1623 qui
1480 1585 1631 1615 caelestibus
1641 1584 1800 1626 promissio--

228 1632 309 1662 nibus
318 1633 440 1662 honorati
462 1640 535 1670 sunt,
550 1632 648 1662 docens
662 1643 712 1662 nos
723 1632 750 1661 in
765 1632 894 1662 Ecclesiis
906 1643 989 1671 quam
999 1638 1122 1672 oporteat
1135 1641 1183 1661 nos
1197 1638 1314 1668 certare,
1327 1638 1354 1660 et
1363 1630 1547 1671 incorruptam
1556 1641 1662 1660 servare
1675 1630 1801 1660 animm.

228 1679 297 1708 Nam
310 1680 332 1708 si
340 1689 400 1719 ego,
413 1678 503 1709 dicere
518 1686 604 1719 potest
613 1679 724 1719 Joseph,
739 1679 788 1718 qui
801 1686 862 1709 ante
875 1686 968 1709 natum
981 1679 1121 1709 Christum
1132 1678 1184 1715 fui,
1202 1688 1251 1708 nec
1265 1677 1360 1708 audivi
1371 1677 1508 1708 excelsum
1520 1677 1671 1718 apostolum
1682 1675 1801 1707 Paulum

227 1724 399 1762 clamantem,
415 1737 527 1767 corpora
550 1732 640 1755 nostra
658 1725 778 1755 membra
794 1736 850 1755 esse
864 1725 981 1762 Christi,
999 1725 1094 1765 putavi
1107 1724 1159 1754 Dei
1180 1735 1271 1756 servos
1291 1724 1385 1754 decere
1398 1731 1428 1753 ut
1447 1723 1580 1763 imperent
1590 1721 1741 1762 voluptati,
1752 1732 1802 1752 nec

227 1772 352 1802 inventus
362 1783 422 1802 sum
434 1772 601 1802 continentiae
615 1771 750 1810 decoctor,
763 1772 887 1811 quamvis
905 1772 990 1802 multa
1003 1772 1124 1812 pericula
1138 1778 1230 1812 parata
1249 1770 1387 1802 viderem:
1401 1777 1532 1810 quantum
1542 1780 1592 1801 vos
1606 1769 1730 1800 convenit
1739 1779 1802 1798 cum

226 1819 323 1848 timore
333 1825 359 1848 et
372 1825 484 1848 tremore
498 1818 590 1849 vivere
612 1818 638 1847 in
654 1818 832 1854 continentia,
847 1826 876 1848 ut
897 1829 930 1848 ne
951 1818 1103 1858 appareatis
1124 1817 1231 1857 indigni
1243 1817 1363 1854 honore,
1378 1823 1404 1846 et
1426 1826 1460 1846 ne
1479 1815 1600 1845 membra
1622 1813 1724 1845 Christi
1736 1814 1802 1844 fiant

227 1864 347 1893 membra
357 1864 438 1894 scorti
449 1864 462 1893 Ξ)
477 1865 534 1894 Hoc
544 1864 659 1894 verbum
672 1870 758 1903 potest
770 1874 877 1893 omnem
889 1864 1005 1893 animam
1017 1863 1179 1893 continentia
1203 1862 1323 1899 munire,
1345 1863 1397 1892 hoc
1406 1862 1521 1892 verbum
1530 1861 1653 1891 ardentes
1670 1859 1802 1901 concupi-

227 1909 339 1939 scentias
350 1910 428 1939 facile
441 1909 594 1949 restinguit.
606 1910 700 1948 Neque
721 1909 808 1939 imber
819 1910 846 1938 in
861 1910 951 1949 ignem
966 1909 1063 1939 cadens
1081 1909 1116 1939 ita
1128 1909 1207 1939 facile
1219 1908 1355 1938 flammam
1367 1907 1511 1948 deprimit,
1527 1913 1558 1936 ut
1574 1906 1658 1935 malas
1670 1905 1801 1946 concupi-

202 1967 208 1973 ·
228 1955 340 1984 scentias
354 1966 515 1985 marcescere
531 1954 595 1984 facit
607 1966 695 1985 sermo
713 1955 760 1985 ille
775 1956 801 1984 in
816 1955 933 1985 animam
946 1954 1091 1984 admissus.
1111 1954 1228 1985 Eosdem
1237 1963 1372 1983 sermones
1383 1952 1462 1982 nobis
1482 1951 1558 1991 loqui
1577 1959 1604 1980 et
1618 1961 1732 1991 magnus
1746 1951 1800 1982 Joh

183 2342 217 2360 30¹

229 2007 324 2040 potest,
339 2001 451 2039 quinon
462 2000 551 2030 solum
564 1999 680 2040 diligens
692 2001 858 2030 continentiae
872 2001 924 2030 fuit
940 2001 1109 2037 exercitator,
1118 1999 1172 2041 ¹sed
1186 2007 1212 2030 et
1221 2000 1306 2040 legem
1319 1999 1406 2029 oculis
1416 1998 1473 2029 suis
1482 1997 1588 2039 posuit,
1600 2008 1634 2027 ne
1647 1997 1676 2026 in
1686 1997 1802 2038 virginis

227 2046 350 2077 viderent
359 2047 465 2083 faciem,
480 2057 514 2075 ne
525 2047 592 2076 forte
609 2054 724 2076 mentem
734 2047 810 2076 illius
820 2047 953 2076 irradians
969 2054 1073 2088 raperet
1091 2046 1268 2087 pulchritudo
1282 2057 1288 2073 ε
1302 2045 1426 2085 quamvis
1441 2045 1503 2085 quis
1516 2055 1570 2074 non
1585 2043 1764 2074 admiraretur
1775 2051 1802 2074 et

228 2093 434 2134 obstupesceret,
444 2093 540 2124 videns
556 2093 648 2123 virum
658 2094 731 2123 hunc
746 2106 807 2124 cum
820 2094 930 2124 diabolo
942 2094 1052 2134 quidem
1069 2094 1186 2124 viriliter
1199 2100 1317 2129 certare,
1328 2100 1354 2123 et
1363 2103 1460 2123 omnes
1468 2091 1581 2131 maligni
1594 2091 1730 2122 machinas
1741 2091 1800 2120 vin-

228 2151 288 2170 cere
299 2163 306 2177 ‚
322 2140 436 2179 virginis
449 2147 538 2169 autem
551 2140 646 2169 faciem
663 2140 765 2179 fugere,
779 2148 805 2170 et
818 2152 833 2170 a
854 2141 976 2170 sormosae
989 2140 1088 2181 puellae
1101 2146 1211 2180 aspectu
1230 2140 1323 2169 oculos
1341 2137 1511 2168 subducere?
1525 2137 1673 2167 Diabolum
1690 2136 1801 2176 quidem

228 2186 323 2216 videns
332 2186 500 2216 accedentem
517 2197 571 2216 non
586 2186 670 2226 sugit,
689 2186 736 2215 sed
750 2188 850 2216 mansit
869 2187 937 2217 sicut
951 2188 994 2217 leo
1008 2187 1114 2217 viribus
1127 2186 1214 2215 fidens
1227 2198 1234 2215 ε
1248 2185 1354 2225 virgine
1366 2191 1455 2214 autem
1474 2184 1532 2214 visa
1545 2194 1598 2213 non
1612 2183 1699 2219 stetit,
1714 2193 1800 2222 neque

228 2240 347 2263 moratus
369 2233 397 2262 in
413 2232 562 2262 contuenda
575 2233 780 2273 pulchritudine
790 2255 799 2270 ,
812 2233 860 2262 sed
879 2236 969 2263 statim
981 2233 1099 2263 secessit.
1111 2232 1248 2262 Censebat
1263 2231 1394 2261 nimirum
1410 2231 1438 2260 in
1458 2230 1553 2271 praelio
1563 2236 1654 2259 contra
1667 2228 1800 2260 daemones

227 2279 303 2309 virili
318 2287 343 2309 et
357 2279 451 2309 audaci
464 2281 552 2310 animo
565 2290 647 2320 opus:
659 2279 687 2308 in
701 2279 869 2309 continentiae
889 2288 977 2310 autem
989 2279 1182 2320 praeparatione
1192 2278 1333 2309 victoriam
1347 2277 1468 2314 concedi,
1478 2287 1531 2307 non
1541 2287 1576 2306 ex
1587 2275 1724 2316 virginum
1733 2284 1798 2304 con-

228 2327 387 2364 suetudine,
401 2326 449 2356 sed
459 2337 573 2356 secessu.
590 2327 721 2366 Quisquis
735 2326 818 2366 igitur
828 2328 961 2366 promittit
979 2327 1173 2367 virginitatem,
1191 2326 1305 2366 accipiat
1321 2326 1433 2355 consilia
1444 2322 1665 2355 continentissimi
1677 2321 1799 2351 omnium

229 2374 380 2411 hominum,
386 2373 433 2413 qui
442 2373 530 2413 etipse
539 2380 599 2403 ante
606 2374 744 2404 Christum
752 2374 919 2404 incarnatum
927 2382 980 2404 tani
986 2375 1103 2414 diligens
1111 2374 1279 2404 continentiae
1288 2373 1340 2403 suit
1346 2380 1446 2402 custos.
1454 2373 1548 2411 Neque
1554 2370 1626 2400 enim
1633 2368 1799 2408 negligenter

228 2420 406 2458 audiendum,
419 2420 493 2460 quod
506 2427 567 2449 ante
579 2421 717 2450 Christum
731 2421 898 2450 incarnatum
911 2422 1085 2462 apparu-crint
1094 2421 1162 2462 justi
1178 2427 1281 2450 tantum
1294 2419 1462 2449 continentia:
1480 2417 1614 2458 specimen
1628 2415 1797 2445 exhibentes.

229 2467 289 2496 Non
298 2467 370 2496 enim
389 2473 445 2496 erat
454 2466 527 2506 quod
540 2473 613 2496 tanta
626 2467 655 2496 vi
669 2466 703 2496 ad
718 2468 846 2497 virtutem
857 2468 932 2497 illam
946 2475 1063 2508 urgeret,
1080 2478 1166 2506 neque
1178 2466 1332 2507 virginibus
1344 2466 1445 2496 crimen
1458 2471 1515 2494 erat
1527 2462 1646 2503 neglecta
1660 2461 1796 2491 continen-

230 2514 271 2542 tiae
282 2513 573 2554 possessio.Quomodo
585 2520 674 2543 autem
682 2514 755 2544 hoc?
767 2514 839 2552 Quia
853 2515 935 2555 hujus
948 2525 1034 2544 causae
1049 2514 1132 2555 gratia
1141 2515 1214 2544 Deus
1220 2513 1355 2550 excelsus,
1363 2509 1667 2550 universorum0pisex,
1681 2515 1800 2537 nostram

229 2561 330 2600 accepit
342 2561 468 2597 formam,
483 2568 514 2590 ut
536 2560 693 2599 angelorum
708 2561 909 2590 sanctimoniam
934 2571 967 2589 ex
982 2561 1046 2590 caelo
1070 2560 1226 2589 deduceret.
1244 2558 1364 2596 Quando
1378 2558 1463 2598 igitur
1475 2555 1598 2585 homines
1610 2561 1672 2595 post
1694 2560 1799 2583 tantum

229 2605 357 2635 honorem
379 2607 565 2647 voluptatibus
585 2618 612 2636 se
625 2606 790 2648 mancipant,
813 2608 867 2637 dici
883 2608 974 2646 nequit
994 2607 1149 2636 temeritatis
1164 2605 1333 2645 magnitudo,
1355 2614 1408 2643 qua
1420 2603 1539 2632 membra
1553 2601 1654 2632 Christi
1676 2600 1798 2630 membra
