1904 2840
39 329 108 351 Josue
122 335 145 351 2.

668 183 701 206 ΙΝ
727 182 929 205 ΜΑΤἸῊᾹΞΙῙΜ.

157 243 296 273 cultabilia
306 243 437 273 membra.
451 243 553 272 Tamen
566 249 595 272 ut
605 243 702 272 melius
717 243 896 282 intelligamus
913 245 931 268 Α

157 293 218 321 quae
232 290 294 312 sunt
307 289 374 312 tecta
389 282 497 319 domus,
512 282 651 312 historiam
665 281 699 311 de
712 282 790 311 Raab
806 282 895 327 profe-

157 326 258 351 ramus.
271 323 335 352 Haec
347 322 464 362 suscepit
482 322 581 360 legatos
594 323 659 352 Jesu
670 322 756 355 Nave,
771 328 798 350 et
811 331 838 350 in
853 331 896 349 su-

175 361 254 390 eriori
270 368 346 401 parte
361 361 457 391 domus
477 361 626 396 abscondit,
644 371 678 390 ne
698 360 829 390 inveniret
848 371 896 389 rex

155 371 276 430 iericho.
293 402 355 430 Haec
372 408 412 430 est
431 401 562 437 Ecclesia,
577 411 636 439 quae
649 399 794 439 aliquando
810 398 896 429 me're-

155 440 210 469 trix
223 440 285 473 suit,
298 450 357 479 quae
371 440 471 480 legatos
481 441 546 471 Jesu
558 440 671 471 Christi.
686 440 714 469 id
727 446 776 474 est,
792 446 895 479 aposto-

155 478 196 508 los
207 486 232 508 et
246 479 400 519 prophetas,
417 480 468 509 hoc
478 486 529 516 est,
549 480 647 519 scripta
659 490 751 509 eorum
765 479 892 518 suscepit,

155 525 181 547 et
198 518 226 547 in
243 520 377 558 superiori
390 525 465 560 parte
484 519 603 559 corporis
625 520 669 548 sui
690 517 848 547 abscondit:
865 517 895 547 id

154 564 205 592 est,
220 558 248 587 in
259 569 349 595 sensu,
361 558 387 587 in
399 558 538 592 memoria,
551 565 577 588 et
593 558 620 587 in
634 558 725 593 corde,
747 564 776 586 ut
788 567 841 586 non
856 557 895 586 in-

154 597 244 627 veniat
257 608 302 627 eos
315 608 363 627 rex
376 597 471 627 mundi
484 598 620 633 diabolus,
639 604 669 626 ut
681 596 843 627 confidenter
854 596 896 625 di-

138 647 214 668 .cere
240 637 393 677 possit:1n
417 638 504 666 corde
527 648 589 666 meo
613 637 755 666 abscondi
776 636 895 674 eloquia

157 683 218 712 tua,
235 684 268 706 ut
286 687 346 706 non
357 687 473 716 peccem
487 678 550 706 tibi.
566 677 641 714 Quid
659 675 746 715 ergo?
764 675 895 712 Quicum-

155 726 208 754 que
219 716 246 745 in
257 723 376 756 tempore
389 716 438 746 illo
449 717 530 746 fuerit
543 727 624 756 super
634 723 745 751 tectum,
760 714 790 744 id
802 721 854 751 est,
867 715 894 744 in

155 755 236 785 rebus
243 756 430 796 spiritualibus
439 756 544 791 vivens,
557 766 616 794 quae
627 762 689 785 sunt
700 761 747 784 aut
758 754 785 783 in
796 754 892 794 capite,

154 796 239 824 autin
252 795 350 825 corde:
364 806 424 835 quae
441 802 509 826 tecta
525 795 655 825 dicuntur
667 804 713 824 cor
750 794 787 823 ris
798 794 892 830 nostri,

154 841 181 863 et
204 835 308 874 fastigia
331 837 418 880 prima
430 848 437 865 :
453 846 505 865 nou
531 833 673 864 descendat
697 805 748 863 aso
757 833 895 863 inferiores
910 843 928 866 Β

154 875 274 914 corporis
295 885 337 904 sui
357 882 455 915 partes,
474 875 546 904 unde
563 874 668 913 aliquid
689 874 784 902 tollat:
800 873 830 902 id
843 881 893 908 est,

154 924 207 943 non
221 914 364 944 descendat
375 914 411 944 ad
424 915 528 954 aliquas
541 925 585 943 res
596 913 725 948 carnales,
742 919 772 942 ut
787 912 893 943 deside·

154 960 195 983 ret
207 953 311 993 aliquid
325 954 398 993 quod
411 961 451 983 est
466 965 513 984 cor
533 953 615 983 orale.
638 953 749 991 Alioqui
769 963 895 993 compre-

153 992 252 1022 hendet
263 1003 326 1023 cum
338 994 501 1023 abominatio
512 965 695 1023 desolationis.
708 993 744 1022 Et
757 991 819 1021 vide
830 994 894 1031 quia

153 1040 284 1072 quotquot
293 1040 404 1074 pereunt
420 1033 455 1062 de
467 1033 639 1070 Christianis,
653 1039 762 1072 propter
776 1032 894 1070 aliquam

152 1073 319 1117 corporalem
328 1083 435 1103 causam
449 1079 562 1113 pereunt
576 1073 746 1102 constitutam
754 1071 891 1102 deorsum.

153 1111 208 1140 Alii
219 1119 329 1152 propter
336 1112 487 1148 avaritiam,
497 1119 568 1142 utne
576 1112 690 1152 perdant
700 1111 773 1150 quod
783 1111 892 1148 habent,

153 1158 199 1180 aut
213 1152 350 1181 inveniant
363 1152 436 1191 quod
446 1163 500 1181 non
514 1151 629 1181 habent:
643 1151 689 1180 alii
703 1158 814 1191 pereunt
827 1162 892 1192 pro-

151 1197 212 1230 pter
220 1191 322 1231 gulam,
333 1199 487 1238 paupertate
497 1192 581 1221 coacti
592 1203 598 1220 :
608 1191 655 1220 alii
685 1198 774 1231 ropter
784 1201 891 1228 uxores,

151 1237 197 1260 aut
210 1238 320 1271 propter
332 1238 441 1261 maritos
451 1243 458 1261 ε
468 1231 516 1260 alii
529 1238 636 1271 propter
649 1241 664 1259 a
678 1232 716 1260 ias
726 1241 819 1260 causas
831 1242 890 1260 car-

151 1270 226 1301 nales
237 1283 244 1299 z
254 1281 314 1310 qum.
326 1273 416 1301 omnia
429 1271 562 1312 pertinent
575 1270 610 1300 ad
625 1270 761 1300 inferiores
773 1270 892 1310 corporis

151 1317 251 1349 partes.
265 1311 341 1341 Sicut
359 1312 431 1341 enim
447 1311 567 1341 viventes
583 1311 611 1339 in
629 1320 720 1346 carne,
741 1310 892 1349 relinquere

150 1349 276 1379 videmur
295 1361 412 1387 carnem,
440 1350 620 1389 relinquentes
640 1360 721 1390 opera
744 1350 842 1394 carnis,
866 1357 891 1379 et

119 1393 123 1395 “
149 1389 293 1420 transimus
311 1389 347 1419 ad
363 1390 500 1430 spiritum,
522 1390 646 1420 facientes
669 1399 750 1429 opera
766 1389 889 1429 spiritus,

131 1453 138 1460 .
149 1435 180 1457 ut
187 1436 257 1459 recte
269 1429 375 1460 dicatur
387 1429 421 1459 de
442 1429 535 1459 nobis:
550 1430 607 1459 Vos
629 1435 726 1458 autem
744 1439 804 1457 non
822 1430 891 1458 estis
905 1435 923 1458 C

148 1469 182 1496 in
192 1479 292 1504 carne,
307 1469 359 1499 sed
373 1471 404 1498 in
414 1469 538 1508 Spiritu:
555 1470 593 1499 sic
604 1469 753 1507 relinquere
763 1467 890 1498 videmur

147 1508 273 1538 inferiora
286 1510 408 1549 corporis
424 1509 520 1545 nostri,
537 1519 617 1549 opera
639 1508 818 1546 relinquentes
831 1518 889 1537 car-

148 1547 201 1581 uis,
219 1554 246 1577 et
267 1548 436 1578 ascendimus
449 1548 484 1577 ad
493 1559 540 1578 cor
552 1555 579 1577 et
594 1554 686 1587 caput,
709 1547 829 1576 viventes
845 1558 887 1577 se-

147 1587 267 1616 cundum
282 1588 343 1617 illas
354 1587 477 1624 virtutes,
493 1598 553 1627 quae
565 1594 628 1617 sunt
642 1587 669 1616 in
683 1586 779 1626 capite,
799 1593 845 1616 aut
859 1587 887 1616 in

147 1626 238 1662 corde,
248 1627 330 1656 autin
343 1626 458 1666 spiritu:
471 1630 531 1666 quae
545 1627 632 1656 omnia
644 1633 712 1656 tecta
729 1626 825 1655 domus
839 1637 887 1656 no—

146 1673 207 1695 strae
216 1666 354 1696 dicuutur.
364 1666 477 1696 Mandat
486 1678 549 1707 ergo
559 1666 685 1696 fidelibus
695 1666 847 1704 viventibus
859 1666 887 1695 in

145 1707 291 1742 sanctitate,
300 1716 334 1735 ne
343 1706 447 1745 aliquid
454 1706 643 1747 concupiscant
649 1705 839 1745 carnale‚quod
847 1713 887 1735 est

145 1744 315 1781 descendere,
325 1756 358 1775 ne
367 1747 433 1775 forte
442 1757 491 1786 per
498 1747 663 1776 occasionem
672 1745 798 1775 desiderii
810 1746 839 1774 ill
843 1747 885 1775 ius

89 1799 136 1815 ccv
144 1784 270 1814 diabolus
283 1785 402 1815 inveniat
411 1785 512 1822 locum,
526 1792 553 1815 et
562 1786 651 1815 trahat
661 1785 695 1815 ad
708 1785 883 1815 abominatio-

144 1834 204 1853 nem
212 1824 394 1860 desolationis,
402 1832 429 1854 et
438 1826 699 1865 pereantJtem,Qui
708 1831 749 1854 est
761 1827 793 1854 in
800 1835 881 1861 agro,

144 1863 173 1892 id
180 1871 277 1898 est‚aut
284 1864 311 1893 in
320 1864 527 1904 Scripturis‚aut
537 1865 565 1894 iu
575 1865 762 1899 Ecclesiisaut
771 1864 797 1894 in
807 1865 883 1894 Chri-

142 1910 195 1940 sto,
205 1914 265 1932 non
275 1910 438 1934 revertatur
445 1910 518 1934 retro
528 1904 631 1934 tollere
642 1905 772 1933 tunicam
786 1914 880 1939 suam,

142 1942 172 1972 id
183 1949 233 1978 est,
256 1951 302 1973 aut
314 1943 552 1977 conversationem,
575 1951 622 1973 aut
635 1943 737 1973 cultum
752 1943 880 1982 priorem.

141 1983 256 2022 Utputa,
271 1983 382 2013 Judaeus
392 1983 478 2019 fuisti,
487 1990 514 2014 et
526 1983 610 2013 factus
620 1994 648 2012 es
655 1983 822 2012 Christianus
834 1995 840 2011 :
855 1983 881 2012 in

140 2032 205 2060 agro
216 2032 255 2058 es,
267 2033 300 2052 ne
313 2022 348 2052 ad
358 2022 502 2053 Juda'x'cum
519 2023 660 2052 revertaris
680 2022 792 2051 cultum.
808 2022 882 2051 Gen-
899 2027 917 2050 D

140 2061 197 2090 tilis
214 2062 302 2096 fuisti,
326 2069 352 2091 et
376 2062 460 2092 lactus
476 2074 504 2092 es
524 2062 711 2092 Christianus:
726 2071 758 2089 ne
777 2061 882 2099 aliquid

140 2100 213 2139 quod
224 2109 262 2131 est
275 2101 432 2141 gentilitatis
443 2112 573 2137 resumas,
588 2112 621 2130 ne
633 2111 680 2141 pei·
693 2101 753 2130 illas
765 2101 881 2129 occasio-

140 2150 186 2169 nes
197 2140 299 2170 incidas
312 2142 339 2170 in
351 2151 454 2170 errores
466 2140 671 2170 abominationis
685 2140 770 2175 illius,
786 2142 881 2177 'quam

140 2179 252 2208 haereses
266 2180 331 2216 illae,
343 2182 366 2209 si
384 2180 426 2210 vis
449 2180 631 2215 Juda'ismum,
646 2180 744 2209 habent
756 2178 782 2206 in
797 2189 824 2207 se
837 2191 844 2208 :
858 2179 881 2208 si

139 2218 182 2247 vis
204 2218 389 2256 gentilitatem,
415 2219 533 2249 invenies
559 2219 631 2258 apud
659 2229 713 2248 eos.
738 2220 879 2256 Propterea

138 2257 216 2287 facile
230 2256 330 2286 cadunt
341 2258 369 2286 iu
383 2257 454 2292 illas,
489 2258 516 2286 ui
526 2267 578 2286 non
591 2258 689 2286 fuerint
702 2256 773 2287 cauti
788 2267 879 2286 secun-

137 2297 204 2326 dum
218 2297 341 2326 mandata
357 2269 534 2326 ῠοπιίηὶἹιῐεε
550 2297 746 2335 praemonentis.
765 2296 813 2324 19.
829 2297 879 2325 Vae

137 2343 235 2366 autem
243 2337 461 2376 praegnantibus
472 2342 499 2365 ee
506 2337 698 2364 nutrientibus
709 2337 740 2363 in
751 2335 812 2363 illis
824 2336 880 2364 die-

138 2378 199 2405 bus.
214 2375 286 2412 Quia
306 2381 352 2404 aut
368 2375 477 2410 ventris,
492 2381 538 2403 aut
560 2374 654 2412 gremii
669 2374 786 2413 pondere
806 2385 874 2414 prae-

138 2415 251 2454 gravati,
269 2425 321 2443 non
340 2421 455 2459 possunt
473 2413 592 2454 expediti
606 2424 661 2442 csse
675 2413 710 2441 ad
730 2414 829 2452 sugam.
846 2414 875 2443 Si

137 2454 207 2483 enim
227 2453 378 2483 dimiserint
401 2453 513 2483 infantes
532 2463 604 2488 suos,
619 2452 769 2482 viventium
789 2452 875 2482 visce-

137 2503 199 2522 rum
223 2503 334 2522 suorum
357 2493 491 2532 patientur
513 2492 705 2532 separationem
724 2504 730 2521 :
748 2492 770 2521 si
790 2498 876 2521 autem

168 2592 178 2603 ²
196 2583 365 2618 [Commelin.
380 2586 526 2618 quoniam]

964 183 1080 207 noant„
1110 186 1201 209 xtitx.

1617 178 1686 225 947

948 243 1138 288 bajulaverint,
1151 247 1295 287 suscipient
1306 247 1368 277 vitae
1380 248 1541 288 periculum.
1557 251 1625 280 Puto
1636 250 1688 280 hoc

948 283 1045 326 melius
1060 284 1173 325 intelligi
1187 297 1263 325 posse
1276 287 1454 326 spiritualiter
1466 288 1499 318 ad
1513 295 1618 329 tempus
1632 291 1688 318 An-

948 322 1073 366 tichristi,
1089 335 1148 362 quae
1166 333 1228 355 suut
1240 326 1392 364 spirituales
1404 335 1580 367 praegnantes,
1592 335 1619 358 et
1632 339 1687 358 nu-

945 367 1056 391 trlentes
1080 364 1205 393 Ecclesiae
1222 365 1323 394 Christi
1345 366 1372 395 in
1397 366 1511 406 singulm
1532 368 1686 407 quibusque

948 401 1071 438 gentibus
1085 404 1243 433 constitutae.
1264 405 1401 441 Ecclesiae,
1421 406 1529 444 quando
1543 406 1688 451 praedicant

946 440 1059 469 verbum
1072 442 1201 479 veritatis,
1219 443 1355 473 credentes
1371 445 1396 473 in
1415 445 1468 474 fide
1482 446 1646 486 concipiunt,
1661 454 1688 477 et

947 478 1044 508 habent
1061 491 1106 510 cos
1119 482 1146 510 in
1161 483 1261 520 gremio
1281 493 1341 519 suo,
1363 484 1438 522 quasi
1453 484 1480 513 in
1501 492 1587 521 utero,
1603 485 1688 516 donec

946 517 1093 549 formentur
1106 522 1257 550 catechizati
1272 533 1318 561 per
1330 522 1435 562 singula
1451 524 1568 553 membra
1583 525 1688 564 pietatis

946 564 972 586 et
986 558 1060 588 fidei.
1084 561 1152 589 Cum
1174 568 1262 590 autem
1276 562 1380 590 formati
1402 563 1500 592 fuerint
1513 563 1562 599 sic,
1579 565 1687 603 pariunt

946 607 991 626 cos
1004 598 1031 626 in
1044 599 1177 639 baptismo
1192 612 1198 628 ε
1211 608 1351 640 postquam
1365 609 1452 630 autem
1466 605 1623 642 pepererint,
1641 614 1687 634 ne-

947 646 1018 665 cesse
1042 648 1086 667 eos
1110 639 1208 668 habent
1227 640 1324 669 lactare
1337 640 1467 670 doctrinis
1492 642 1616 672 assiduis.
1632 643 1686 673 Sed

947 676 1066 714 primum
1075 677 1226 714 videamus,
1237 678 1370 717 quomodo
1381 681 1438 709 Deo
1447 681 1561 710 formant
1571 682 1598 710 in
1611 689 1686 713 utero

948 715 1073 745 Ecclesiae
1096 717 1231 747 hominem
1253 726 1409 758 conceptum
1434 720 1460 748 in
1479 720 1542 749 fide.
1568 722 1683 761 Utputa.

946 753 1013 794 legis
1022 756 1127 794 justitia
1141 764 1191 792 est,
1206 758 1337 786 abstinere
1351 769 1366 787 a
1381 759 1458 788 malis
1479 760 1604 799 operibus
1623 754 1685 790 tan-‘-

946 800 1015 830 tum,
1027 805 1079 824 non
1093 796 1271 826 etiamsacerc
1284 798 1353 826 bona
1366 807 1446 837 opera
1459 811 1467 828 ι
1480 799 1581 828 Christi
1595 807 1684 830 autem

942 833 1047 872 justitia
1057 845 1108 864 non
1117 842 1166 871 est,
1178 837 1310 866 abstinere
1319 847 1334 865 a
1345 837 1423 866 malis
1434 838 1560 878 operibus
1569 846 1682 876 tantum,

946 872 993 902 sed
1004 874 1083 903 etiam
1104 875 1188 904 facere
1213 876 1281 905 bona
1303 887 1392 915 opera.
1407 877 1472 906 Item
1493 877 1560 917 legis
1579 879 1684 918 justitia

946 913 1046 980 Hrima,
1068 921 1094 943 et
1107 915 1242 950 salutaris,
1257 915 1348 945 decem
1366 916 1445 945 habet
1459 918 1592 951 mandata,
1608 919 1684 957 quasi

966 962 1038 981 ecem
1050 964 1162 983 menses.
1176 955 1307 992 Primum,
1319 966 1475 994 cognoscere
1484 967 1566 986 unum
1578 959 1682 997 Deum;

945 992 1103 1030 secundum,
1119 994 1250 1023 abstinere
1263 995 1297 1023 ab
1309 995 1389 1024 idolis
1404 1007 1410 1030 ;
1425 997 1543 1033 tertium,
1559 1007 1610 1026 non
1624 1008 1684 1037 per-

943 1031 1056 1071 jurat·e;
1081 1040 1218 1071 quartum,
1246 1034 1332 1064 colere
1358 1035 1497 1065 sabbatum
1524 1036 1662 1076 spirituale
1674 1049 1683 1075 ;

947 1071 1081 1109 quintum,
1097 1073 1227 1102 honorare
1251 1081 1352 1113 patrem
1374 1081 1400 1103 et
1419 1082 1553 1113 vmatrem;
1568 1083 1684 1113 sextum,

946 1120 998 1139 non
1006 1111 1141 1148 occidere;
1151 1112 1304 1152 septimum,
1313 1124 1364 1142 non
1373 1113 1518 1144 adulterari
1528 1126 1536 1153 ;
1548 1123 1683 1154 octavum,

927 1179 934 1182 ,
947 1160 999 1179 11011
1013 1151 1116 1180 furtum
1129 1153 1213 1181 facere
1225 1164 1233 1190 5
1255 1163 1366 1189 nonum,
1383 1163 1433 1182 non
1448 1154 1546 1184 falsum
1559 1156 1685 1185 testimo-

946 1190 1021 1219 nium
1035 1190 1122 1220 dicere
1133 1203 1140 1226 ;
1156 1191 1299 1227 decimum,
1312 1193 1413 1222 nullam
1426 1204 1482 1222 rem
1495 1195 1612 1233 proximi
1622 1206 1685 1224 con-

945 1230 1098 1269 cupiscere:
1111 1231 1235 1260 videlicet
1246 1231 1392 1261 secundum
1402 1234 1558 1271 mysterium
1571 1235 1685 1264 nominis

944 1270 1009 1298 Jesu
1024 1270 1135 1305 Christi,
1151 1270 1224 1309 quod
1236 1278 1274 1300 est
1287 1272 1314 1300 in
1328 1271 1414 1300 littera
1431 1273 1486 1301 Iota
1501 1285 1507 1302 :
1522 1273 1551 1302 id
1565 1280 1613 1308 est,
1624 1285 1684 1314 per-

943 1309 1064 1338 fectionis
1081 1309 1191 1339 indicio.
1206 1311 1302 1340 Omnis
1320 1322 1383 1350 ergo
1398 1312 1527 1348 Ecclesia,
1548 1323 1607 1351 quae
1619 1324 1683 1342 con—

943 1348 1009 1388 cipit
1023 1349 1159 1378 hominem
1174 1350 1200 1378 in
1224 1357 1298 1379 utero
1320 1361 1368 1379 suo
1388 1362 1436 1390 per
1448 1352 1561 1381 verbum
1577 1352 1603 1381 in
1619 1353 1682 1390 fide,

943 1388 1018 1427 prius
1039 1388 1118 1418 debet
1131 1400 1192 1418 eum
1212 1390 1326 1419 formare
1339 1391 1464 1420 omnihus
1483 1391 1526 1420 his
1540 1391 1682 1429 mandatis,

941 1428 1019 1466 quasi
1031 1429 1167 1457 mensibus
1179 1428 1282 1464 decem,
1306 1437 1335 1459 ut
1354 1429 1439 1459 discat
1461 1430 1538 1470 prius
1551 1431 1683 1461 abstinere

941 1467 975 1496 ab
987 1468 1112 1497 omnibus
1130 1468 1219 1504 malis,
1234 1469 1308 1497 etsie
1320 1480 1381 1498 eum
1395 1477 1531 1499 maturum
1546 1470 1572 1499 in
1590 1471 1681 1510 bapti-

940 1517 1029 1536 smum
1047 1518 1141 1546 parere
1159 1509 1226 1536 Deo.
1243 1507 1370 1546 Alioquin
1388 1517 1530 1547 antequam
1549 1508 1635 1538 discat
1647 1510 1683 1539 ab

940 1546 982 1575 his
997 1547 1121 1576 omnibus
1134 1546 1265 1575 abstinere
1275 1568 1283 1582 ,
1303 1547 1326 1575 si
1347 1548 1523 1586 baptizaverit
1540 1558 1613 1585 eum,
1628 1559 1681 1578 uon

938 1586 1019 1624 parit,
1035 1585 1081 1615 sed
1094 1586 1267 1622 immaturum
1282 1586 1391 1626 projicit
1405 1598 1411 1614 ι
1425 1587 1495 1616 sicut
1508 1587 1615 1623 mulier,
1630 1588 1680 1617 nisi

938 1625 1078 1665 completis
1102 1635 1198 1654 novem
1218 1625 1353 1654 mensibus
1371 1632 1398 1654 et
1415 1625 1550 1655 decimum
1571 1633 1680 1666 tangens

937 1665 1050 1709 peperit,
1063 1665 1186 1693 abortum
1199 1664 1271 1693 facit.
1287 1666 1398 1704 Propter
1408 1665 1480 1704 quod
1494 1676 1541 1695 uec
1552 1673 1592 1695 est
1599 1666 1680 1696 homo

936 1704 983 1733 111e
997 1704 1094 1733 vitalis.
1115 1704 1192 1733 Sicut
1204 1710 1229 1732 et
1249 1703 1329 1733 modo
1349 1714 1415 1743 pene
1428 1715 1518 1734 omnes
1535 1715 1586 1735 non
1607 1706 1679 1745 parit

936 1744 1055 1773 Ecclesia
1068 1743 1215 1772 secundum
1229 1753 1259 1772 ea
1274 1753 1334 1781 quae
1352 1743 1483 1781 diximus,
1504 1744 1550 1773 sed
1570 1745 1677 1774 abortos

933 1784 1007 1813 facit.
1028 1782 1225 1822 propterquod
1243 1792 1291 1811 nec
1304 1783 1472 1822 baptizantur
1493 1784 1519 1812 in
1539 1784 1649 1813 veritate
1662 1795 1678 1813 a

933 1823 1038 1864 Spiritu
1052 1829 1152 1851 sancto.
1170 1822 1266 1851 Differt
1280 1823 1350 1851 enim
1366 1824 1438 1852 Deus
1455 1822 1519 1852 dare
1533 1823 1572 1852 eis
1585 1824 1677 1863 bapti-

935 1873 1023 1893 smum
1037 1864 1055 1892 S
1077 1861 1155 1891 iritus
1168 1861 1262 1897 sancti,
1271 1861 1355 1891 donec
1367 1861 1462 1901 dignos
1475 1873 1503 1891 se
1515 1863 1678 1902 praebuerint

934 1903 982 1931 illo
993 1902 1040 1930 tali
1077 1912 1090 1930 a
1111 1901 1282 1931 tismate.Sed
1291 1908 1316 1930 et
1324 1912 1384 1930 eum
1394 1902 1537 1931 formatum
1549 1901 1576 1930 in
1585 1902 1676 1931 decem

934 1942 989 1971 illis
1003 1912 1163 1981 supradictis
1177 1940 1316 1976 mandatis,
1335 1948 1360 1970 et
1380 1941 1554 1970 abstinentem
1568 1952 1582 1970 a
1600 1941 1675 1971 vitiis

933 1981 1081 2021 baptizans,
1096 1980 1163 2009 bene
1177 1980 1247 2019 parit
1260 1993 1266 2008 :
1282 1987 1368 2009 tamen
1391 1980 1480 2009 adhuc
1494 1981 1623 2020 parvulus
1637 1988 1676 2010 est

934 2021 980 2049 ille
993 2020 1040 2058 qui
1050 2019 1200 2060 baptizatus
1212 2026 1289 2048 natus
1302 2026 1341 2048 est
1355 2019 1480 2049 Ecclesiae
1493 2020 1578 2053 filius.
1593 2027 1619 2049 et
1632 2027 1674 2049 te-

934 2070 996 2089 nere
1005 2059 1094 2088 adhuc
1104 2058 1221 2088 duorum
1230 2059 1460 2088 Testamentorum
1471 2060 1548 2097 quasi
1559 2058 1673 2088 duarum

933 2099 1115 2128 mamillarum
1129 2098 1234 2127 modica
1245 2098 1349 2138 justitia
1363 2105 1401 2127 est
1411 2098 1581 2134 nutriendus,
1597 2098 1673 2137 quasi

932 2144 1023 2168 tenero
1046 2138 1114 2167 lacte
1139 2137 1287 2167 secundum
1308 2137 1446 2177 angustias
1466 2138 1583 2166 faucium
1609 2137 1671 2166 fidei

932 2188 997 2211 suae,
1019 2188 1100 2216 quam
1113 2177 1170 2216 ipse
1182 2177 1252 2216 cepit
1265 2177 1351 2206 carnis
1371 2184 1475 2213 natura,
1490 2187 1569 2215 quam
1592 2176 1671 2205 etiam

931 2223 1021 2255 'gentes
1034 2216 1152 2246 volentes
1174 2215 1346 2245 laudabiliter
1359 2216 1450 2246 vivere
1473 2222 1586 2244 servant.
1601 2216 1670 2244 Cum

931 2263 1018 2285 autem
1030 2256 1068 2285 sic
1079 2255 1224 2289 enutritur,
1237 2255 1366 2294 paulatim
1386 2255 1480 2294 incipit
1495 2264 1569 2293 posse
1581 2253 1670 2282 susci-

933 2305 993 2335 pere
1004 2295 1111 2324 fortiora
1126 2302 1151 2324 et
1170 2294 1320 2334 spiritualia
1332 2294 1434 2323 Christi
1447 2292 1579 2328 mandata,
1593 2291 1668 2330 quasi

1695 971 1772 992 Exozl.
1797 977 1835 994 20.

932 2334 1086 2363 nutritorios
1107 2341 1132 2363 et
1146 2344 1222 2363 vtvos
1235 2344 1315 2372 panes
1327 2344 1333 2361 ε
1349 2333 1377 2361 id
1388 2339 1426 2361 est
1439 2345 1445 2360 :
1458 2334 1495 2360 ln
1516 2331 1578 2370 lege
1598 2332 1667 2359 scri-
1677 2333 1763 2354 Mallh-
1776 2332 1800 2355 5·

928 2380 1011 2412 ptum
1031 2380 1084 2409 est,
1099 2375 1167 2402 Non
1180 2373 1291 2402 occides
1305 2383 1312 2399 e
1329 2382 1380 2410 ego
1398 2377 1493 2399 antem
1513 2371 1589 2405 dico,
1606 2369 1771 2398 Nec²¹·⁵‘1‘1-

930 2415 1075 2442 irascaris.
1096 2415 1131 2444 ln
1143 2413 1205 2452 lege
1224 2413 1358 2449 scriptum
1374 2415 1426 2445 est,
1439 2409 1506 2437 Non
1516 2409 1668 2437 adultera-

931 2454 1005 2481 beris
1018 2465 1026 2481 .-
1042 2463 1094 2492 ego
1112 2459 1209 2480 antem
1222 2451 1297 2483 dico,
1314 2450 1376 2478 Nec
1389 2458 1479 2487 usque
1494 2448 1534 2476 ad
1551 2448 1668 2476 oculum

930 2494 1125 2531 concupiscas.
1145 2493 1182 2519 In.
1198 2490 1260 2528 lege
1271 2491 1407 2526 scriptum
1423 2493 1475 2523 est,
1488 2487 1556 2515 Non
1567 2488 1668 2526 perju-
