1890 2826
215 234 286 279 648

215 307 290 335 (lium
298 314 378 344 procu
383 303 446 332 rabo
453 302 467 330 ἱ)
477 299 618 330 accendam
630 299 680 340 ipsi
691 308 744 328 nou
757 296 843 328 facem
849 297 958 337 nuptia-

219 348 279 381 lem,
304 354 355 373 non
385 343 471 374 lucem
496 339 600 379 gaudii,
618 338 666 368 sed
690 339 777 383 ignem
800 335 958 366 funebrem?

217 396 281 414 num
303 382 455 413 coronabo?
467 390 501 409 an
515 380 614 409 lectum
629 378 777 418 nuptialem
791 375 910 416 ponam?
923 384 957 403 an

217 425 326 454 choreas
336 422 370 451 ad
382 431 438 451 eam
451 430 507 449 rem
518 418 654 449 evocabo?
665 428 699 447 an
712 424 786 457 pater
805 426 862 453 ero,
873 421 903 444 ut
917 414 958 443 di-

218 464 293 499 xisti,
314 462 442 501 genstum,
456 459 505 528 qui
519 468 552 488 ne
565 468 619 487 uno
641 456 751 502 quidem
765 456 823 485 filio
835 465 897 484 sum
915 452 959 483 di-

220 503 335 542 gnatus?
349 504 383 530 At
406 500 465 529 nihi
489 507 583 528 corum
597 495 751 526 obsistendo
771 495 843 524 dixit
856 494 900 524 vir
915 494 959 533 ju-

220 550 290 572 stus:
303 541 349 570 scd
362 541 559 579 obtemperans,
570 536 631 576 igne
643 535 830 566 ferventiorem
842 532 963 563 accendit

219 582 366 614 caritatem,
378 579 523 608 acutiorem
537 576 628 617 gladio
634 575 759 605 exhibuit
768 584 886 604 amorem
896 573 962 602 :illo

219 622 292 651 enim
312 619 427 649 succidit
447 617 557 648 vincula
573 622 686 652 naturae,
701 614 832 644 naturalis
852 612 963 642 affectus

220 661 350 690 sarcinam
363 658 516 697 relinquens
527 662 554 686 et
567 655 712 696 abjiciens3
727 665 755 684 se
769 654 861 693 ipsimi
871 652 964 681 alacri-

220 708 259 729 ter
272 699 382 735 obtulit,
397 704 424 727 et
441 696 491 726 filii
504 694 645 726 occidendi
664 693 820 724 mandatum
834 691 960 731 suscepit.

220 741 313 778 Neque
323 737 403 767 uxori
414 736 556 782 quidpiam
569 745 600 764 ea
611 734 646 763 de
663 744 692 763 re
705 733 787 770 dixit,
802 741 888 770 neque
907 741 962 760 rem

221 781 272 818 ipsi
296 777 520 812 communicavit3
535 773 563 804 id
584 784 617 804 nc
634 772 782 802 admodum
802 770 962 812 prudenter,

222 826 318 859 putans
340 816 482 846 mulierem
500 814 535 844 ad
556 814 565 843 i
602 812 702 853 negotii
725 822 773 841 nec
786 818 827 840 sat
845 810 962 846 firmam,

222 869 270 887 nec
283 865 323 887 sat
343 856 437 885 utilem
451 855 487 884 ad
499 853 642 884 consilium
655 851 776 881 dandum
789 851 856 880 fore.
871 851 964 888 Neque

222 898 292 927 enim
306 896 373 926 utile
390 894 521 931 fuit‚¹imo
540 892 632 922 nocuit
649 890 714 921 Adae
728 890 871 920 consilium
885 889 961 918 Evae.

222 939 263 967 Ne
291 937 375 976 igitur
406 934 548 974 quidpiam
571 931 703 961 muliebre
725 936 862 970 pateretur
884 929 962 965 Sara,

222 987 299 1013 neve,
321 981 414 1015 utpote
425 980 519 1009 mater,
530 973 675 1002 ferventem
686 980 766 999 suum
779 969 965 1006 sincerumque

222 1027 284 1055 erga
297 1017 386 1045 Deum
398 1023 516 1044 amorem
527 1012 670 1050 frangeret,
683 1019 739 1039 rem
752 1008 805 1049 ipsi
819 1008 901 1037 latere
914 1018 964 1036 cu-

223 1056 303 1086 ravit.
320 1054 429 1092 Quibus
444 1053 516 1083 euim
534 1050 659 1080 lamentis
673 1059 724 1078 non
743 1059 792 1078 usa
814 1054 882 1077 esset
900 1047 966 1076 Sara

223 1102 280 1124 tum
295 1105 357 1133 erga
370 1093 470 1129 filium,
485 1099 543 1122 tum
556 1100 618 1129 erga
631 1088 757 1129 patrem?
770 1086 838 1127 quid
858 1096 910 1116 non
924 1086 965 1115 fa-

223 1141 298 1164 ctura
325 1140 381 1162 erat
407 1132 501 1163 videns
523 1131 612 1159 filium
625 1139 706 1159 suum
732 1127 768 1157 ad
790 1136 882 1156 necem
905 1125 965 1155 vio—

224 1174 308 1202 lenter
329 1172 449 1201 abduci?
468 1169 602 1210 quomodo
620 1179 674 1198 non
698 1167 787 1208 ipsum
805 1165 878 1195 ulnis
891 1175 966 1194 com-

224 1213 303 1252 plexa
324 1212 359 1240 ad
382 1221 410 1240 se
430 1211 510 1239 illum
532 1207 700 1238 attraxisset?
712 1206 813 1245 quibus
827 1205 966 1243 alloquuta

224 1259 292 1280 esset
302 1251 393 1280 verbis
407 1250 601 1284 Abrahamum,
614 1254 640 1276 et
650 1245 816 1275 lamentabili
828 1255 894 1274 voce
907 1244 966 1273 cla-

225 1290 343 1320 masset?
364 1290 456 1325 Parce,
471 1298 550 1328 parce
567 1292 681 1321 natnrae,
695 1295 775 1325 parce
797 1284 864 1319 filio,
880 1283 965 1312 Abra-

227 1331 300 1366 liam,
316 1339 404 1369 parce.
416 1328 459 1357 Ne
476 1327 513 1356 sis
525 1325 666 1355 hominum
679 1323 768 1364 generi
778 1323 879 1352 fabula.
896 1323 966 1352 Uni-

227 1369 333 1408 genitus
352 1375 392 1397 est
406 1373 519 1406 ›pai-tus,
539 1366 597 1410 ipse
615 1363 720 1403 primus
741 1369 791 1399 est,
815 1362 922 1401 primus
943 1367 969 1390 ct

229 1409 340 1438 ultimus
359 1417 439 1446 quem
452 1412 600 1445 parturiam
614 1405 704 1433 Isaac:
720 1412 754 1431 ne
775 1411 874 1430 reseces
888 1411 970 1431 uvam

229 1448 304 1477 illam
315 1457 408 1480 unam,
422 1455 503 1484 quam
513 1444 635 1480 tulimus,
649 1441 758 1481 quando
771 1440 880 1470 demum
894 1440 969 1469 nulla

228 1487 254 1516 in
269 1493 357 1516 monte
369 1485 434 1516 vitis
442 1484 560 1524 amplius
572 1489 611 1511 est
624 1493 632 1510 .·
648 1492 681 1510 ne
694 1481 760 1510 falce
773 1479 899 1519 decerpas
912 1479 970 1524 spi-

227 1533 291 1555 cam*
300 1536 390 1560 unam,
403 1535 484 1562 quam
497 1522 622 1558 tulimus,
643 1531 703 1560 quae
713 1530 746 1550 ex
759 1519 836 1549 nobis
857 1518 970 1558 prodiit,

227 1577 289 1595 cum
303 1565 376 1594 senio
388 1574 455 1604 pene
468 1561 583 1592 emortui
597 1570 729 1590 essemus:
744 1569 779 1588 ne
791 1565 911 1588 conteras
924 1558 971 1587 ba-

227 1606 395 1643 culum‚quo
407 1603 537 1632 fulcimur
553 1613 559 1630 :
574 1611 607 1630 ne
618 1600 724 1638 frangas
732 1598 838 1638 virgam
852 1604 971 1627 nostram

230 1646 256 1674 in
270 1656 322 1683 qua
344 1642 536 1681 requiescimus
553 1650 606 1669 :ne
625 1648 739 1668 excaeces
761 1638 871 1667 oculum
890 1647 971 1674 quem

228 1684 307 1713 ambo
329 1681 506 1723 possidemuS,
521 1690 554 1709 ne
576 1679 656 1708 tollas
675 1677 828 1707 memoriale
849 1683 971 1706 nostrum

228 1735 262 1753 ex
283 1723 348 1752 orbe
370 1732 426 1750 :ne
445 1730 543 1760 agnum
565 1729 646 1758 quem
666 1717 797 1746 habemus
819 1723 918 1745 mactes
941 1723 972 1746 ut

229 1774 307 1793 ovem
323 1775 329 1790 :
345 1772 379 1790 ne
392 1761 470 1790 tollas
484 1759 614 1800 gaudium
626 1763 758 1793 nostrum,
774 1766 821 1785 nec
834 1766 882 1785 nos
895 1756 971 1785 luctu

227 1803 340 1843 repleas.
358 1802 447 1837 Quem
467 1800 495 1828 in
516 1808 606 1827 mensa
625 1803 684 1837 post
704 1796 777 1825 hunc
796 1794 971 1825 videbimus?

230 1843 292 1881 quis
314 1839 461 1870 nominabit
480 1837 613 1867 matrem?
630 1836 691 1875 quis
712 1835 840 1864 senectuti
853 1835 971 1864 serviet?

231 1882 292 1920 quis
315 1878 525 1910 circumornabit
551 1875 691 1905 mortuos?
712 1875 773 1913 quis
795 1874 822 1903 in
848 1875 972 1914 sepulcro

232 1931 329 1960 corpus
351 1918 485 1958 deponet?
499 1916 559 1955 quis
571 1915 700 1944 orborum
710 1920 971 1954 monumentumpo-

232 1967 286 1989 stea
298 1957 435 1988 servabit?
444 1955 530 1987 Vides
539 1955 653 1994 speciem
661 1961 687 1983 et
695 1954 809 1982 formam
820 1952 972 1982 adolescen-

233 2000 277 2034 tis,
292 1999 385 2027 ssorem
395 1995 555 2036 juventutis,
568 2004 647 2032 quem
657 1993 679 2022 si
690 1993 717 2021 in
731 1992 841 2021 inimico
854 1991 971 2030 videres,

234 2036 415 2067 misericordia
424 2044 536 2079 prorsus
546 2033 704 2063 movereris.
719 2031 823 2060 hiccine
835 2031 903 2060 mihi
914 2031 974 2060 diu-

234 2084 318 2106 turnae
333 2074 492 2115 precationis
509 2074 613 2102 fructus
624 2072 705 2101 datur
714 2072 729 2100 Ξ)
740 2071 850 2100 Hiccine
868 2081 973 2100 succes-

234 2116 317 2145 sionis
336 2124 426 2143 ramus
447 2111 628 2150 relinquitur?
648 2111 689 2140 hae
710 2111 831 2148 reliquiae
848 2110 973 2149 generis?

235 2155 338 2184 hiccine
364 2153 505 2183 senectutis
529 2150 664 2180 baculus?
693 2149 810 2179 haeccine
833 2149 890 2179 sola
914 2159 974 2188 spes

235 2195 336 2234 quibus
353 2203 406 2222 non
420 2192 471 2222 alia
485 2201 546 2231 spes
562 2189 701 2230 superest?
713 2189 743 2218 Si
755 2188 877 2228 gladium
890 2189 918 2217 in
931 2188 974 2217 dj-

235 2232 371 2263 lectissimi
388 2231 516 2271 jugulum
538 2229 705 2269 impulsurus
726 2239 764 2263 es,
787 2238 829 2257 me
855 2228 974 2267 priorem

235 2272 372 2303 confodias
387 2270 553 2300 :maximam
563 2268 631 2297 mihi
643 2268 744 2296 tribues
754 2267 867 2307 gratiam
881 2279 889 2296 ε
903 2277 976 2296 com-

235 2312 325 2342 munis
346 2312 379 2340 sit
400 2309 533 2345 tumulus,
548 2317 688 2338 commune
709 2307 876 2346 sepulcrum,
901 2317 976 2336 com-

235 2352 324 2381 munis
334 2350 427 2396 pulvis
433 2349 574 2378 amborum
582 2357 692 2386 corpora
702 2346 818 2386 operiat:
830 2346 978 2375 communis

236 2402 307 2421 mors
324 2397 359 2420 sit
379 2388 487 2423 sterilis,
502 2394 528 2417 et
541 2387 625 2427 prolis
639 2386 715 2414 illius
731 2397 738 2413 ι
751 2385 904 2414 communis
918 2385 978 2425 cip-

236 2446 288 2476 pus
298 2434 440 2464 amborum
449 2431 625 2462 calamitatem
633 2435 750 2459 enarret.
758 2429 799 2458 Ne
808 2427 898 2458 videat
907 2429 978 2459 sarae

269 2548 280 2559 ²
298 2541 375 2564 Putat
387 2537 494 2564 Savilius
513 2534 646 2569 legendum
662 2538 707 2561 ἀπὸ
723 2540 763 2562 τῆς
778 2537 842 2566 ἡμῶν
857 2539 990 2567 νειρώσεως.

236 2581 289 2612 Ego
305 2584 372 2604 certe
391 2577 507 2602 libentius
518 2574 621 2600 credam
637 2573 690 2598 haec
701 2578 791 2598 contra
802 2573 991 2605 grammaticam

235 2624 317 2644 errata
336 2618 412 2650 ipsius
430 2624 481 2641 esse
499 2614 636 2647 scriptoris.
648 2613 723 2645 [Cum
742 2617 797 2637 toto
813 2611 861 2636 hoc
879 2619 992 2636 sermone

931 231 1063 258 spuma.

1012 295 1149 336 νυμφῶνος
1158 314 1166 329 ,
1175 294 1203 322 οὐ
1214 294 1288 332 φῶτα
1299 290 1482 334 χαρμοσύνης,
1495 287 1564 320 ἀλλὰ
1575 292 1628 330 τζῢρ
1642 287 1776 329 ἔντάφιον;

1014 337 1064 374 ἀρα
1079 332 1297 373 στεφανώσομαι;
1319 327 1371 370 ἆρα
1384 331 1484 360 παστὸν
1495 329 1626 369 πήξομαι;
1638 325 1690 369 ἆρα
1700 340 1779 369 χορο-

1013 373 1122 405 στασίας
1138 372 1181 402 ἐπὶ
1195 371 1295 404 τούτοις
1309 371 1454 410 στήσομαι;
1483 365 1535 409 ἆρα
1556 368 1646 408 πατὴρ
1669 368 1780 406 ἔσομαι,

1011 407 1781 485 ιλλψὴωὶωιῑτπὲτοὺ

1012 474 1126 527 ὑπήκοξς
1135 491 1162 521 δὲ
1173 490 1296 542 γεγονὼς,
1311 488 1481 530 σφοδρότερον
1491 491 1536 517 τοῦ
1549 499 1586 524 πυ
1603 487 1630 521 ὸς
1638 460 1723 527 &viniale
1733 459 1782 522 τὶῑν

1014 532 1129 570 ἀγάπην,
1143 531 1264 571 ὀξυτερον
1275 532 1321 559 τοῦ
1342 529 1429 569 ξίφους
1451 527 1560 563 ἐποίησε
1572 538 1617 557 τσν
1643 527 1722 556 πόθον
1731 537 1738 544 ·
1753 527 1781 554 ἐν

1015 572 1087 611 αὐτῷ
1099 571 1151 611 γὰρ
1163 570 1240 609 ἔτεμε
1254 569 1315 603 τοὺς
1337 569 1448 607 δεσμοὺς
1466 569 1515 603 τῆς
1528 567 1630 607 φύσεως
1640 589 1647 602 ,
1661 565 1782 604 καθάπερ

1014 622 1041 639 τι
1050 611 1148 679 ἐγεξῗιδεξ
1161 611 1195 661 τὸ,
1212 610 1292 650 ἄχθος
1300 610 1350 678 gc
1368 609 1520 676 σὲυμτξαθοῦς
1537 605 1783 674 διαθέσεὲιιςδέέὲπὼν

1015 662 1061 719 Ῐῖι
1077 659 1362 729 ἶῖἓωξῖὲῗέἕζματῖζ
1384 649 1625 727 Ξῖἷοζαῖἕῖἲαεαῗ
1653 657 1699 714 ’ἑὸν
1719 656 1783 713 5322?

1017 729 1086 759 Ἀλλ’
1100 729 1158 759 οὐδὲ
1170 731 1203 769 τῇ
1214 731 1318 768 γαμετῇ
1330 727 1391 768 περὶ
1411 725 1504 756 τούτου
1518 738 1545 755 τι
1565 720 1647 760 εἶπεν,
1661 726 1709 754 οὐκ
1722 725 1782 752 ἀνε-

1017 769 1163 799 κοινώσατο
1172 790 1181 805 ,
1197 769 1298 808 σφόδρα
1317 765 1457 808 χρησίμως
1480 766 1563 795 ποιῶν
1574 777 1581 783 ·
1603 763 1786 799 ἀναξιόπιστυν

1016 808 1068 848 γὰρ
1082 808 1127 838 καὶ
1141 809 1292 848 ἀσύμφορον
1303 808 1374 847 αὐτῷ
1386 808 1423 839 εἷς
1439 804 1592 845 συμὸουλὴν
1607 804 1637 834 τὸ
1649 805 1715 839 θῆλυ
1725 803 1786 832 δια-

1015 848 1196 887 λογισάμενος.
1209 847 1280 877 Οὐδὲ
1300 847 1352 887 γὰρ
1372 845 1539 884 συνήνεγκεν,
1552 843 1622 874 ἀλλὰ
1648 843 1693 873 καὶ
1712 842 1788 872 κατέ-

1017 888 1102 928 6λαψε
1111 888 1156 917 τὸν
1168 887 1252 926 Ἀδὰμ
1265 886 1404 925 δεξάμενον
1418 884 1466 921 τὴν
1480 883 1635 924 συμὸουλὴν
1644 884 1692 918 τῆς
1707 881 1787 915 Εὔας.

1017 927 1068 957 Ἵν’
1085 923 1129 956 οὖν
1152 927 1191 966 μή
1212 939 1238 956 τι
1257 926 1329 965 πάθῃ
1352 925 1511 964 γυναικῶδες
1531 926 1549 959 ἡ
1572 923 1680 963 Σάρῤα,
1704 921 1788 961 μήτε,

1018 962 1071 996 οἷον
1086 967 1189 1007 μητέρα
1202 966 1271 999 εἰκὸς
1280 989 1287 1002 ,
1301 964 1500 1006 ὀδυρομένη,τὸ
1511 963 1622 1012 σφοδρὸν
1634 962 1679 992 καὶ
1693 963 1787 1001 ἀκραι-

1018 1006 1078 1046 φνὲς
1103 1009 1150 1042 τῆς
1175 1006 1240 1046 πρὸς
1262 1005 1331 1035 Θεὸν
1357 1003 1462 1043 ἀγάπης
1487 1004 1618 1038 ἐπικλαση
1646 1003 1673 1031 ἐν
1699 1002 1771 1040 αὐτῷ
1779 1022 1788 1035 ,

1018 1046 1130 1076 ἔσπευσε
1141 1048 1229 1076 λαθεῖν
1242 1045 1335 1080 αὐτήν.
1351 1043 1422 1083 Ποία
1436 1042 1487 1083 γὰρ
1498 1035 1630 1083 θρηνῳδία
1642 1042 1690 1071 οὐκ
1704 1040 1789 1091 ἐχρή-

1019 1097 1085 1115 σατο
1098 1085 1206 1126 Σάῤῥα,
1219 1084 1237 1120 ἢ
1251 1085 1316 1124 πρὸς
1329 1083 1407 1118 αὐτὸν
1420 1083 1465 1112 τὸν
1478 1083 1562 1112 παῖδα
1572 1103 1581 1118 ,
1591 1081 1609 1117 ἦ
1629 1081 1674 1110 τὸν
1694 1091 1788 1109 τουτου

1018 1125 1122 1166 πατέρα
1127 1138 1135 1162 ;
1150 1126 1177 1154 τί
1191 1125 1220 1154 δὲ
1232 1125 1279 1154 οὐκ
1291 1119 1347 1164 εἶχε
1369 1123 1478 1163 δρᾶσαι,
1491 1122 1536 1152 τὸν
1550 1123 1645 1156 ἑαυτῆς
1657 1120 1713 1150 υἱὸν
1729 1119 1790 1159 βλέ-

1018 1176 1106 1194 πουσα
1122 1165 1188 1205 πρὸς
1201 1164 1250 1201 τὴν
1274 1162 1377 1204 σφαγὴν
1394 1162 1486 1201 βιαίως
1508 1160 1664 1200 ἑλκόμενον;
1683 1161 1739 1192 πῶς
1759 1161 1788 1188 οὐ
1812 1185 1815 1187 Α

1018 1208 1191 1245 περιχυθεῖσα
1199 1208 1283 1240 ,οταῖς
1306 1203 1401 1237 ἑαυτῆς
1422 1201 1550 1241 ἀγκάλαις
1572 1200 1690 1241 σφοδρῶς
1711 1210 1789 1238 περι-

1018 1245 1165 1278 πλακεῖσα,
1179 1245 1299 1274 ἀνθεῖλκε
1324 1242 1390 1282 πρὸς
1404 1241 1518 1277 ἑαυτήνς
1532 1240 1595 1274 οἵοις
1618 1240 1641 1268 δ’
1660 1239 1692 1268 ἂν
1705 1238 1790 1278 ἐχρή-

1020 1295 1085 1313 σατο
1101 1283 1188 1322 λόγοις
1199 1284 1264 1323 πρὸς
1276 1283 1321 1312 τὸν
1335 1280 1455 1321 Ἀδραὰμ
1464 1303 1472 1317 ,
1485 1280 1531 1310 καὶ
1543 1278 1722 1319 ὀλοφυρομένη
1732 1289 1791 1318 γοε-

1037 1324 1064 1352 ὸν
1086 1322 1225 1361 ἀνέκραξε;
1238 1323 1350 1358 Φεῖσαι,
1365 1325 1452 1360 φεῖσαι
1465 1321 1513 1355 τῆς
1527 1319 1629 1359 φύσεως
1641 1318 1734 1351 παιδὸς
1743 1340 1752 1353 ,
1767 1312 1791 1346 ὦ

1026 1362 1153 1401 Αὸραὰμ,
1182 1366 1280 1402 φεῖσαι.
1308 1360 1356 1396 Μὴ
1378 1359 1441 1399 γένῃ
1463 1361 1503 1399 τῷ
1526 1359 1576 1398 βίῳ
1595 1358 1708 1397 πονηρὸν
1733 1357 1792 1392 διή-

1021 1413 1108 1440 γημα.
1131 1400 1282 1440 Μονογενής
1303 1411 1348 1439 μοι
1369 1401 1384 1428 ὁ
1408 1399 1499 1434 τόκος,
1519 1395 1594 1431 οὗτός
1620 1409 1665 1436 μοι
1687 1398 1792 1436 πρῶτος

1022 1441 1150 1481 ὑπάρχει,
1158 1441 1235 1474 αὖτὸς
1241 1441 1345 1479 πρῶτος
1350 1438 1396 1468 καὶ
1409 1438 1516 1477 ὕστερος
1527 1439 1554 1467 ἐν
1565 1437 1656 1466 ὠδῖσιν
1664 1438 1679 1465 ὁ
1687 1436 1790 1465 Ἰσαάκ·

1023 1480 1061 1519 μὴ
1077 1480 1158 1520 τέμῃς
1173 1480 1218 1510 τὸν
1239 1479 1284 1509 ἕνα
1301 1478 1348 1518 βότ
1366 1489 1406 1513 υν,
1419 1477 1447 1507 ὃν
1462 1476 1725 1517 ἐκαρποφορήσαμεν,
1747 1476 1791 1504 ὅτε

1022 1520 1114 1549 λοιπὸν
1129 1521 1159 1549 ἐκ
1179 1522 1224 1549 τοῦ
1243 1519 1318 1559 ὄρους
1332 1519 1344 1547 ἐ
1360 1518 1475 1556 ἄμπελοι
1488 1516 1633 1556 γεγόναμεν
1643 1528 1650 1534 ·
1665 1515 1703 1554 μὴ
1723 1515 1793 1584 θερί-

1762 1566 1792 1587 ας

990 1567 1008 1591 C
1025 1571 1073 1599 σῃς
1096 1560 1142 1589 ἕνα
1164 1559 1280 1599 στάχυν,
1305 1557 1333 1587 ὃν
1358 1556 1623 1596 ἐκαρποφορήσαμεν,
1645 1557 1750 1594 ἀποτομ

1024 1599 1156 1639 δρεπάνῃ,
1170 1599 1214 1628 τὸν
1231 1598 1258 1632 ἐξ
1280 1599 1356 1636 ἡμῶν
1379 1596 1566 1636 βλαστήσαντα
1578 1596 1643 1630 ’τῆς
1655 1596 1701 1635 ἀφ’
1715 1597 1794 1633 ἡμῶν

1024 1638 1184 1679 νεκρώσεως.
1197 1637 1244 1674 Μὴ
1259 1636 1388 1676 συντρίψῃ
1421 1634 1559 1675 ακτηρίαν,
1573 1636 1613 1675 ἐφ’
1625 1630 1656 1670 ἧς
1671 1633 1794 1674 στηριζό-

1029 1682 1111 1718 μεθα·
1125 1678 1162 1717 μὴ
1175 1677 1276 1712 κλάσης
1288 1678 1364 1716 ἡμῶν
1413 1687 1427 1704 ν
1442 1675 1548 1715 ῥάὸδον,
1562 1676 1602 1714 ἐφ’
1618 1670 1650 1710 ἧς
1661 1673 1794 1703 ἀναπαυό-

1024 1721 1106 1757 μεθα·
1118 1718 1155 1757 μὴ
1169 1710 1310 1757 τυφλώσῃς
1319 1716 1364 1746 τὸν
1376 1714 1521 1755 ὀφθαλμὸν,
1538 1714 1566 1743 ὃν
1586 1715 1610 1743 οἱ
1633 1713 1678 1743 δύο
1698 1713 1795 1749 κεκτή-

1024 1761 1092 1797 μεθα
1101 1770 1107 1776 ·
1138 1757 1155 1793 ὴ
1170 1757 1236 1797 ἄρῃς
1246 1756 1278 1786 τὸ
1293 1755 1459 1795 μνημόσυνον
1473 1756 1550 1793 ἡμῶν
1561 1754 1592 1783 ἐκ
1605 1755 1653 1789 τῆς
1661 1754 1707 1782 ὑπ’
1717 1754 1794 1792 οὖρα-

1024 1798 1080 1827 νόν·
1094 1770 1138 1836 μτῖ.
1144 1797 1188 1827 τὸν
1207 1796 1287 1837 ἄρνα,
1299 1796 1327 1825 ὃν
1341 1796 1355 1825 ἔ
1373 1805 1447 1834 ομεν,
1462 1793 1632 1834 κατασφάξῃς
1642 1795 1679 1826 ὡς
1691 1792 1793 1832 πρόὸα-

1024 1849 1082 1867 τον·
1096 1836 1133 1876 μὴ
1149 1836 1178 1866 αἴ
1193 1848 1225 1876 ῃς
1235 1836 1284 1872 τὴν
1295 1807 1382 1875 χαρέν
1400 1835 1488 1873 ἡμῶν,
1508 1833 1552 1863 καὶ
1564 1832 1709 1873 πληρώσῃς
1723 1834 1795 1881 ἡμξς

1009 1876 1129 1918 ,θρήνου
1144 1877 1214 1906 Τνα
1235 1876 1279 1905 ἐπὶ
1295 1878 1343 1911 τῆς
1363 1873 1496 1943 ξραπέζης
1519 1872 1586 1911 μετὰ
1610 1875 1702 1901 τοῦτον
1728 1873 1794 1912 ὀψο-

1027 1919 1107 1955 μεθα;
1119 1916 1159 1949 τίς
1179 1915 1304 1954 ὄνομάσει
1324 1926 1361 1952 μη
1394 1925 1443 1953 paq
1463 1912 1502 1946 τίς
1516 1911 1671 1952 θεραπεύσει
1693 1911 1724 1940 τὸ
1744 1913 1795 1950 γῆ-

1027 1955 1140 1995 ρας;τίς
1161 1956 1310 1994 περιστελεῖ
1332 1953 1473 1987 θανόντας;
1498 1952 1538 1984 τίς
1559 1950 1635 1991 τάφῳ
1658 1950 1743 1991 χώσει
1763 1950 1795 1980 τὸ

1026 1998 1118 2033 σῶμα;
1133 1994 1172 2028 τίς
1186 1994 1267 2023 σώσει
1288 1992 1454 2032 μνημόσυνον
1468 1994 1520 2021 τῶν
1547 1990 1664 2020 ἀτέκνων
1689 1990 1794 2027 λοιπόν;

1026 2034 1108 2074 Ὁρᾷς
1121 2034 1151 2063 τὸ
1166 2034 1263 2066 κάλλος
1275 2035 1321 2062 τοῦ
1345 2032 1403 2061 νέου
1412 2052 1420 2067 ,
1434 2031 1464 2060 τὸ
1487 2031 1563 2062 ἄνθος
1586 2031 1633 2064 τῆς
1656 2029 1795 2067 νεότητος,

1026 2074 1090 2115 ὅπερ
1104 2073 1148 2102 καὶ
1162 2074 1190 2102 ἐν
1208 2074 1296 2112 ἐχθρῷ
1317 2071 1430 2111 βλέπων,
1445 2069 1549 2102 πάντως
1572 2068 1604 2097 ἂν
1617 2068 1795 2106 κατηλέησας.

1026 2113 1112 2145 Οὗτός
1127 2124 1177 2151 μου
1191 2114 1239 2147 τῆς
1262 2116 1365 2151 μακρᾶς
1377 2111 1456 2149 εὓχῆς
1468 2111 1483 2138 ὁ
1505 2108 1606 2148 καρπὸς
1620 2108 1777 2138 ἀποδέδοται
1787 2121 1794 2128 ·

1027 2149 1101 2185 οὗτος
1111 2154 1158 2187 τῆς
1172 2152 1323 2192 διαδοχῆςηὸ
1334 2149 1430 2182 κλάδος
1443 2148 1644 2178 ὑπολέλειπται·
1659 2143 1733 2182 οὗτος
1747 2151 1794 2178 τοῦ

993 2198 1012 2221 Ι)
1027 2192 1115 2231 γένους
1125 2190 1248 2230 λείψανον
1258 2203 1264 2208 ·
1279 2193 1352 2223 οὗτος
1363 2189 1458 2229 γήρους
1473 2189 1618 2228 βακτηρία·
1633 2182 1708 2222 οὗτος
1719 2187 1797 2227 μόνος

1028 2231 1103 2264 ε’λπίς
1116 2232 1173 2260 ἐστι
1185 2233 1233 2266 τῆς
1253 2229 1421 2262 ἀνελπιστίας
1437 2229 1524 2267 ἡμῶν.
1538 2229 1572 2258 Εἰ
1592 2227 1697 2267 μέλλεις
1720 2229 1796 2257 ὠθεῖν

1028 2271 1059 2300 τὸ
1076 2270 1146 2311 ξίφος
1160 2272 1198 2303 εἷς
1218 2269 1262 2298 τὸν
1276 2269 1371 2308 λαιμὸν
1385 2271 1431 2298 τοῦ
1456 2267 1599 2336 φιλτάτου,
1621 2267 1668 2307 ἐμὲ
1691 2269 1797 2308 πρῶτον

1030 2310 1201 2340 ἀπόκτεινον·
1217 2309 1344 2348 μεγίστην
1370 2320 1415 2347 μοι
1435 2320 1456 2348 χ
1475 2319 1514 2347 ριν
1536 2307 1624 2340 δίδως·
1641 2307 1724 2336 κοινὸν
1750 2319 1796 2345 γε-

1030 2350 1114 2380 νέσθω
1124 2351 1154 2378 τὸ
1168 2351 1250 2389 χῶμα
1261 2371 1269 2386 ,
1282 2349 1326 2378 καὶ
1345 2348 1375 2378 τὸ
1390 2351 1517 2387 μνημεῖον
1539 2346 1596 2385 ἅμα
1608 2346 1693 2376 κοινόν
1703 2357 1710 2364 ·
1722 2346 1796 2382 κοινὴ

1031 2390 1101 2423 κόνις
1122 2389 1267 2428 καλυψάτω
1294 2389 1346 2417 τῶν
1371 2386 1526 2427 ἀμφοτέρων
1547 2386 1578 2415 τὸ
1601 2387 1698 2424 σῶμα·
1712 2385 1798 2419 κοινὸς

1031 2430 1139 2462 θάνατος
1153 2429 1267 2468 γενέσθω
1276 2429 1324 2463 τῆς
1337 2427 1440 2467 στείρας
1451 2425 1496 2456 καὶ
1509 2427 1554 2455 τοῦ
1570 2424 1598 2459 ἐξ
1612 2426 1708 2460 αὐτῆς·
1723 2425 1797 2461 κοινὴ

1041 2534 1076 2597 (ἔ.
1087 2534 1233 2559 Orationem
1243 2533 1274 2558 dc
1286 2532 1362 2558 beato
1371 2529 1588 2563 Abraham,supra
1594 2530 1668 2555 Tom.
1677 2531 1703 2562 2,
1709 2530 1796 2562 p.742,

1064 2592 1071 2602 ι
1085 2574 1153 2606 8ψιμ]
