1890 2826
588 164 631 187 DE
658 159 921 186 PROPUETtARUM
948 158 1192 182 OBSCURITATE.
1222 160 1245 182 1.

133 239 214 261 στεως
224 229 317 263 δεῖται,
330 227 422 266 πολλῷ
440 226 541 265 μᾶλλον
552 225 587 254 τὰ
598 224 717 264 οὖράνια.
733 220 829 252 Καίτοι
839 221 899 250 τότε

131 275 170 314 τῷ
183 271 328 312 Νικοδήμῳ
340 271 401 311 περὶ
419 270 497 301 τόκου
517 269 647 310 διελέγετο
659 268 728 299 πολὺ
746 268 883 300 ἐλάττονος
893 278 899 285 ·

110 332 115 336 ·
131 318 192 359 περὶ
205 321 252 347 τοῦ
266 317 448 357 βαπτίσματος
460 316 512 357 γὰρ
530 319 545 346 ὁ
560 316 636 355 λόγος
646 311 693 351 ἦν,
712 314 758 344 καὶ
771 317 819 350 τῆς
833 316 899 343 ἅνα-

130 364 274 404 γεννήσεως
299 365 347 399 τῆς
367 364 562 402 πνευματικῆς·
584 363 643 391 ἀλλ’
666 361 770 401 ἔλεγεν,
790 360 831 390 ὅτι
854 359 899 389 καὶ

130 413 214 440 ταῦτα
228 409 317 439 πίστει
329 409 386 438 ἐστὶ
396 408 564 444 καταληπτά.
578 407 702 447 Ἐπίγεια
715 406 743 436 δὲ
757 407 825 436 αὐτὰ
834 406 899 436 ἑκά-

130 457 216 491 λεσεν,
226 457 275 486 οὐκ
287 454 378 491 ἐπειδὴ
390 454 494 494 ἐπίγεια
505 456 586 491 ἐστιν,
598 455 657 484 ἀλλ’
671 453 763 490 ἐπειδὴ
776 455 802 483 ἒν
816 454 850 492 τῇ
864 455 899 492 γῇ

130 502 258 538 τελεῖται,
271 500 317 531 καὶ
338 503 371 540 τῇ
393 500 530 541 συγκρίσει
548 503 596 537 τῆς
610 500 665 530 ἄνω
684 500 829 539 γεννήσεως
851 501 900 535 τῆς

131 547 280 588 ἀπορρήτου
301 546 347 577 καὶ
367 546 456 576 πάντα
475 546 772 587 ὖπερὸαινούσηςνοῧν,
795 546 899 585 ἐπίγεια

1627 158 1691 193 ¹97

952 220 1048 256 vobis,
1059 220 1187 249 coelestia
1208 220 1351 250 credetis?
1366 220 1405 249 De
1424 219 1562 250 nativitate
1580 215 1640 248 dixi
1659 227 1694 247 ex

951 265 1067 305 virgine,
1084 276 1170 306 neque
1183 267 1264 304 nosti,
1279 276 1365 305 neque
1380 266 1482 295 hiscere
1494 264 1588 302 audes,
1603 271 1630 294 et
1643 274 1695 294 cae-

952 313 1010 342 lum
1024 313 1128 344 curiose
1137 314 1281 345 scrutaris?
1294 315 1381 353 Atque
1392 313 1495 343 utinam
1508 313 1536 342 in
1548 313 1655 349 caelum,
1669 319 1695 341 et

952 369 1006 389 non
1018 359 1046 389 in
1058 360 1205 390 Dominum
1217 361 1274 391 caeli
1283 360 1387 391 curiose
1399 359 1558 399 inquireres.
1569 359 1600 388 Si
1609 366 1695 388 terre·-

953 418 994 436 na
1007 409 1072 437 dixi
1081 410 1179 445 vobis,
1189 415 1217 438 et
1227 419 1286 438 non
1296 409 1423 438 creditis.
1435 408 1497 438 Non
1505 406 1587 444 dixit,
1597 407 1633 436 Et
1642 417 1695 436 non

952 453 1161 494 persuademini,
1174 454 1232 491 sed,
1248 457 1317 485 Non
1335 455 1468 491 creditis,
1486 462 1540 492 quo
1560 452 1644 482 verbo
1659 453 1696 481 si-

953 500 1061 540 gnificat
1072 507 1175 530 terrena
1188 502 1269 531 etiam
1282 501 1336 530 fide
1347 500 1477 540 indigere.
1488 498 1572 537 Quod
1581 499 1603 528 si
1617 505 1696 528 terre-

951 556 986 575 na
993 546 1048 576 fide
1056 546 1189 586 indigent,
1199 547 1287 577 multo
1295 546 1380 587 magis
1389 546 1513 575 caelestia.
1521 546 1695 584 Quamquam

129 593 215 623 ταῦτα’
236 594 318 622 ἐστιν.
339 593 375 622 Εἰ
386 591 491 630 τοίνυν,
512 594 570 626 πῶς
592 594 775 632 ἀναγεννῶμαι
794 593 825 622 ἐκ
845 593 898 621 τῶν
915 591 934 614 Ε
951 598 1009 622 tum
1020 592 1168 622 Nioodemo
1178 592 1212 622 de
1221 599 1298 633 partu
1307 592 1394 622 multo
1401 590 1499 621 minori
1511 590 1692 630 loquebatur:

131 638 242 677 ὑδάτων,
252 639 282 668 οὗ
297 637 404 668 δυνατὸν
417 637 528 673 εἰδέναι,
538 638 607 668 ἀλλὰ
620 635 709 668 πίστει
728 637 794 678 μόνῃ
810 649 898 678 παρα-

131 683 253 724 δέχεσθαι
265 684 346 714 δεῖτὸ
356 683 502 724 γινόμενον,
512 684 558 714 καὶ
569 684 614 714 τὸν
628 684 725 725 τρόπον
739 683 776 723 μὴ
793 695 899 724 περιερ-

130 730 266 769 γάζεσθαι·
276 730 361 766 πόσης
371 730 402 759 ἃν
413 730 455 767 εἷη
467 730 570 770 μανίας,
581 730 626 760 ἐπὶ
634 732 682 766 τῆς
691 730 746 759 ἄνω
754 730 900 770 γεννήσεως

131 778 177 805 τοῦ
196 779 349 815 μονογενοῦς
369 777 434 806 Υἱοῦ
453 776 593 816 λογισμοὺς
612 776 788 816 ἀνθρωπίνους
800 780 881 806 κινεῖν
889 798 898 812 ,

131 820 176 849 καὶ
190 820 286 860 τρόπου
299 820 443 860 γεννήσεως
455 820 560 855 εὐθύνας
570 822 706 858 ἀπαιτεῖν;
820 819 826 829 ‘

171 1247 235 1281 Πῶς
256 1247 304 1286 μὲν
325 1241 369 1276 οὖν
391 1245 502 1285 ἀπάτωρ
525 1246 570 1276 καὶ
591 1244 704 1285 ἀμήτωρ
726 1247 740 1274 ὁ
761 1244 901 1285 μονογενὴς

132 1293 195 1326 Υἱὸς
207 1295 254 1322 τοῦ
268 1294 338 1322 Θεοῦ
349 1313 358 1328 ,
379 1292 476 1324 ἱκανῶς
496 1290 693 1327 ἀποδέδεικται,
708 1290 753 1320 καὶ
766 1293 823 1324 πῶς
836 1289 900 1330 ἀγ”ε-

951 638 1086 678 siquidem
1100 638 1135 668 de
1147 639 1281 679 baptismo
1293 648 1380 668 sermo
1393 644 1460 674 erat,
1474 643 1500 666 et
1512 636 1546 666 de
1559 636 1694 677 spirituali

950 685 1148 725 regeneratione
1159 698 1165 714 :
1176 684 1223 715 sed
1231 685 1289 715 haec
1297 695 1404 724 quoque
1412 683 1465 713 fide
1471 682 1695 723 comprehenden-

952 731 986 760 da
998 731 1113 761 dicebat.
1125 732 1258 761 Caeterum
1270 737 1373 761 terrena
1382 730 1429 759 illa
1438 729 1611 767 vocavit‚non
1621 728 1695 768 quod

951 785 1055 810 terrena
1079 777 1143 815 sint,
1157 777 1204 807 sed
1228 777 1302 816 quod
1325 776 1500 817 perficiantur
1523 775 1550 804 in
1575 781 1656 812 terra,
1670 781 1696 804 et

955 824 1029 864 quod
1042 824 1066 854 si
1079 830 1269 863 comparentur
1277 833 1339 852 cum
1347 832 1460 862 superna
1472 821 1519 852 illa
1528 828 1554 851 et
1565 821 1696 851 ineffabili

953 870 1105 907 nativitate,
1126 880 1186 909 quae
1206 876 1321 899 mentem
1339 879 1445 898 omnem
1467 875 1619 907 exsuperat,
1638 868 1696 897 haec

953 924 1058 947 terrena
1070 917 1134 947 sint.
1150 917 1179 947 Si
1192 927 1256 956 ergo
1269 916 1327 946 fieri
1339 925 1392 945 non
1405 921 1501 955 potest,
1511 922 1541 944 ut
1550 915 1632 944 sciam
1641 926 1695 954 quo

952 971 1030 1003 pacto
1045 974 1168 994 renascar
1179 974 1214 993 ex
1229 963 1316 1001 aquis,
1331 961 1379 991 sed
1392 961 1447 990 fide
1463 962 1522 991 sola
1535 971 1576 990 res
1590 961 1639 991 illa
1651 972 1696 991 ca-

953 1009 1051 1050 pienda
1074 1017 1125 1047 est,
1150 1020 1235 1048 neque
1264 1008 1360 1038 modus
1385 1008 1490 1038 curiose
1516 1007 1675 1038 scrutandus
1687 1021 1693 1037 :

954 1062 1060 1095 quantae
1078 1055 1160 1085 fuerit
1172 1055 1224 1085 hoc
1242 1054 1352 1084 insaniae
1366 1054 1401 1083 ad
1419 1054 1633 1095 investigandam
1645 1065 1695 1084 cae·

953 1101 1046 1131 lestem
1066 1101 1197 1142 unigeniti
1223 1100 1288 1132 Filii
1309 1100 1505 1140 generationem
1524 1100 1696 1141 cogitationes

955 1147 1084 1177 humanas
1096 1147 1246 1188 admittere,
1261 1156 1292 1176 ac
1311 1147 1394 1183 modi,
1409 1157 1464 1186 quo
1478 1147 1545 1176 facta
1557 1146 1601 1184 sit,
1615 1146 1697 1176 ratio-

954 1203 1015 1223 nem
1026 1194 1151 1233 exigere?

992 1245 1024 1274 5.
1045 1243 1116 1274 Satis
1128 1243 1212 1283 igitur
1220 1230 1431 1273 demonstratum
1440 1249 1479 1273 est
1491 1243 1545 1282 quo
1553 1249 1631 1283 pacto
1640 1242 1697 1273 sine

951 1296 1027 1329 patre
1045 1299 1078 1319 ac
1090 1290 1148 1320 sine
1166 1297 1250 1320 matre
1267 1290 1302 1320 sit
1321 1289 1476 1329 unigenitus
1487 1289 1539 1318 Dei
1559 1289 1659 1326 Filius,
1670 1296 1697 1318 et

131 1336 287 1376 νεαλόγητος
299 1335 425 1376 ἑκατέραν
439 1335 487 1373 τὴν
500 1336 621 1376 γέννησιν
629 1347 636 1354 ·
647 1335 738 1366 λοιπὸν
750 1335 778 1366 δὲ
791 1335 856 1376 πρὸς
869 1335 900 1365 τὸ
908 1359 946 1379 ¹„
952 1346 1006 1375 quo
1017 1343 1096 1377 pacto
1105 1336 1163 1366 sine
1175 1329 1329 1377 genealogia
1341 1334 1489 1365 secundum
1502 1342 1644 1375 utramque
1654 1345 1698 1375 ge-

131 1384 235 1423 ἔπεῖγον
248 1382 446 1422 “ἀπαγάγωμεν
455 1403 464 1417 ,
475 1382 519 1412 τὸν
531 1382 609 1421 λόγον
628 1382 673 1412 τὸν
687 1381 749 1422 περὶ
767 1384 812 1411 τοῦ
827 1383 899 1411 Μελ·
916 1387 937 1411 A
951 1382 1115 1413 nerationem
1126 1396 1133 1412 :
1146 1381 1284 1422 reliquum
1297 1389 1336 1412 est
1349 1389 1379 1411 ut
1393 1381 1429 1411 ad
1442 1381 1470 1411 id
1485 1381 1559 1420 quod
1572 1382 1698 1411 instatre-

130 1428 238 1469 χισεδὲκ
250 1430 287 1462 εἷς
298 1428 388 1468 ἑτέραν
401 1428 504 1468 ἡμέραν
518 1427 736 1466 ἀναὸαλλόμενοι,
746 1427 791 1457 καὶ
805 1428 898 1457 διανα-

131 1474 271 1513 στήσωμεν
284 1473 334 1510 τὴν
348 1473 444 1511 ἀκοὴν,
458 1476 630 1514 προφητικῶν
642 1473 782 1513 μέλλοντες
795 1473 900 1503 ἀκούειν

132 1519 302 1559 αἰνιγμάτων.
318 1519 463 1559 Αἷνίγμασι
476 1518 528 1559 γὰρ
541 1519 609 1548 ἔοικε
626 1519 661 1548 τὰ
674 1519 841 1559 προφητικὰ,
856 1518 901 1548 καὶ

132 1565 218 1601 πολλὴ
233 1563 446 1604 δυσκολίαένπῇ
464 1566 566 1605 παλαιᾷ
579 1565 711 1605 Διαθήκῃ,
727 1565 772 1595 καὶ
792 1564 901 1594 δυσεπί-

132 1611 223 1645 ληπτα
233 1609 266 1639 τὰ
281 1609 371 1649 βιὸλία
381 1622 388 1628 ·
399 1612 418 1645 ἡ
431 1609 459 1639 δὲ
473 1609 559 1646 Καινὴ
572 1610 720 1651 σαφεστέρα
731 1610 776 1639 καὶ
791 1611 901 1640 εὐκολω-

133 1654 208 1694 τέρα.
229 1655 283 1684 Καὶ
296 1655 365 1688 τίνος
383 1655 484 1692 ἕνεκεν,
498 1655 577 1695 φησὶ,
595 1658 678 1685 ταῦτα
697 1655 766 1686 οὕτω
780 1655 902 1685 διατετύ-

135 1712 238 1736 πωται,
260 1700 348 1730 καίτοι
371 1703 387 1736 ἡ
414 1700 500 1736 Καινὴ
525 1701 586 1740 περὶ
607 1701 732 1740 μειζόνων
754 1701 903 1740 διαλέγεται

135 1745 316 1785 πραγμάτων,
335 1746 396 1785 περὶ
411 1746 545 1785 βασιλείας
563 1747 693 1786 οὖρανῶν,
707 1747 753 1776 καὶ
771 1747 903 1786 σωμάτων

136 1791 313 1828 ἀναστάσεως,
327 1790 373 1821 καὶ
385 1793 438 1820 τῶν
458 1791 615 1831 ἀποῤῥήτων
629 1793 743 1831 ἀγαθῶν,
765 1792 782 1820 ἃ
795 1791 841 1821 καὶ
855 1794 901 1821 ἅν·

135 1836 263 1877 θρώπινον
283 1836 436 1877 ὑπερὸαίνει
457 1839 528 1873 νοῦν;
544 1837 593 1870 Τίς
606 1833 650 1867 οὗν
663 1840 680 1873 ἡ
704 1837 774 1867 αἰτία
793 1841 839 1868 τοῦ
855 1837 902 1871 τὰς

951 1429 1073 1467 demus,
1088 1436 1230 1470 postquam
1250 1439 1399 1459 sermonem
1419 1427 1454 1457 de
1471 1427 1652 1458 Melchisedec
1668 1428 1696 1457 in

951 1476 1067 1506 alterum
1079 1475 1152 1505 diem
1172 1475 1325 1516 rejecimus,
1339 1485 1370 1504 ac
1387 1474 1545 1515 prophetica
1556 1474 1696 1514 aenigmata

951 1521 1071 1552 audituri
1089 1528 1208 1552 nostram
1226 1521 1396 1551 attentionem
1416 1520 1574 1550 excitemus.
1589 1520 1697 1550 Similes

951 1569 1023 1598 enim
1034 1575 1097 1598 sunt
1108 1568 1294 1607 aenigmatibus
1305 1577 1439 1597 sermones
1450 1567 1613 1607 prophetici,
1628 1567 1698 1596 mul-

951 1615 1039 1654 tisque
1057 1614 1266 1644 difficultatibus
1286 1613 1427 1653 obseptum
1445 1620 1484 1643 est
1496 1614 1583 1643 Vetus
1601 1613 1694 1642 Testa·
1722 1621 1848 1643 verusTo-

952 1667 1083 1698 mentum,
1098 1670 1184 1698 neque
1202 1659 1295 1688 faciles
1314 1659 1452 1688 intellectu
1464 1665 1527 1688 sunt
1543 1658 1625 1688 libri:
1638 1659 1695 1688 No·
1706 1653 1851 1705 ῖῑιῗ.““’1’<“””“’”““-

955 1716 1023 1735 vum
1046 1711 1136 1737 autem
1155 1704 1305 1733 dilucidius
1328 1711 1368 1734 est
1389 1710 1416 1733 et
1440 1704 1556 1733 facilius.
1577 1705 1698 1743 Ecquam

954 1749 1064 1779 tandem
1084 1749 1121 1778 ob
1143 1760 1262 1784 causam,
1278 1749 1349 1779 dicet
1377 1749 1487 1788 aliquis,
1502 1750 1559 1778 haec
1580 1750 1616 1779 ita
1637 1757 1699 1779 sunt

954 1795 1108 1830 constituta,
1124 1793 1186 1823 licet
1199 1793 1233 1823 de
1246 1794 1327 1823 rebus
1341 1793 1451 1832 majoris
1464 1793 1591 1823 momenti
1605 1801 1700 1834 agatur

953 1839 980 1868 in
996 1841 1086 1876 Novo,
1100 1839 1135 1868 de
1148 1849 1230 1879 regno
1241 1840 1381 1877 caelorum,
1394 1839 1429 1868 de
1441 1839 1633 1869 resurrectione
1646 1851 1702 1870 cor-

135 1883 295 1924 προφητείας
308 1885 417 1923 ἀσαφεῖς
435 1878 516 1918 εἶναις
531 1882 623 1912 Πολλὰ
641 1883 813 1923 προλέγουσιν
833 1883 900 1913 Ἰου-
920 1891 937 1914 Β
953 1897 1060 1927 porum,
1075 1893 1100 1916 ct
1113 1886 1296 1916 ineffabilibus
1315 1886 1371 1916 illis
1389 1886 1478 1923 bonis,
1490 1897 1549 1926 qum
1562 1893 1588 1916 et
1602 1887 1699 1916 huma-

135 1930 216 1963 δαίοις
227 1925 304 1959 αὗται
313 1929 384 1959 κακά
391 1941 398 1948 ·
409 1928 455 1959 καὶ
465 1929 506 1958 ὅτι
516 1929 723 1965 ἑκὸληθήσονται
735 1929 783 1968 μὲν
795 1930 900 1967 ἐκεῖνοι,

135 1979 212 2016 ἡμεῖς
223 1975 497 2016 δὲεῖσδεχθησόμεθα·
509 1975 555 2005 καὶ
572 1974 613 2004 ὅτι
630 1975 840 2012 καταλυθήσεται
854 1977 903 2015 μὲν

135 2025 150 2053 ὁ
166 2023 239 2060 ναὸς,
253 2022 298 2052 καὶ
311 2021 400 2051 οὐκέτι
419 2021 510 2051 λοιπὸν
530 2021 721 2058 ἀναστήσεται,
742 2026 861 2051 πεσεῖται
875 2022 902 2052 δὲ

135 2068 170 2098 τὰ
179 2068 367 2108 Ἱεροσόλυμα,
380 2067 426 2097 καὶ
444 2072 525 2097 πᾶσιν
546 2067 620 2097 ἔσται
635 2067 719 2107 βατά·
739 2067 861 2098 Ἰουδαῖοί
874 2081 903 2098 τε

135 2115 269 2150 πλανῆται
288 2113 436 2155 γενόμενοι,
449 2116 587 2153 πανταχοῦ
606 2115 654 2149 τῆς
676 2113 829 2153 οἰκουμένης
843 2115 903 2143 δια-

137 2160 330 2200 σπαρήσονται,
350 2160 396 2189 καὶ
416 2162 463 2196 τῆς
480 2159 582 2192 πόλεως
601 2159 768 2194 ἐκπεσόντες,
782 2160 840 2189 οὐδὲ
854 2159 903 2195 τὴν

138 2205 271 2235 πολιτείαν
285 2205 370 2239 ἕξουσι
391 2205 483 2235 λοιπὸν
505 2204 553 2241 τὴν
574 2204 707 2245 ἀρχαίαν,
730 2206 798 2241 ἀλλὰ
815 2205 903 2235 πάντα

139 2251 226 2281 αὐτῶν
238 2250 440 2291 ἀφαιρεθήσεται
460 2250 494 2280 τὰ
513 2250 640 2291 πρότερα,
664 2251 710 2280 καὶ
731 2255 904 2292 προφητεῖαι,

139 2297 184 2327 καὶ
197 2297 293 2334 θυσίαι,
307 2297 352 2327 καὶ
372 2296 510 2338 ἱερωσύνη,
525 2297 570 2327 καὶ
584 2298 714 2338 βασιλεία.
729 2300 769 2328 Οὐ
785 2298 863 2337 μόνον
877 2299 904 2328 δὲ

139 2346 239 2379 ταῦτα,
253 2343 320 2373 ἀλλὰ
340 2343 386 2373 καὶ
406 2343 475 2373 ἄλλα
496 2343 583 2374 πολλὰ
602 2347 711 2374 τοιαῦτα
725 2343 867 2384 προέλεγον
881 2345 905 2374 οἱ

139 2437 244 2474 γνόντες
267 2435 461 2476 βιὸλίοις.,Ἴν’
486 2432 530 2466 οὖν
556 2437 580 2466 οἳ
604 2437 726 2466 Ἰουδαῖοι
751 2436 788 2475 μὴ
815 2439 904 2477 σαφῶς

173 2534 184 2546 ·
201 2526 306 2552 Savilius
316 2526 447 2561 legendum
460 2528 576 2561 opinatur
589 2531 773 2561 δπαναγάγωμεν,
784 2526 827 2553 sed
837 2534 898 2561 puto
916 2533 1070 2562 ὰπαγάγωμεν
1081 2527 1143 2553 bone
1155 2527 1256 2552 habere.

269 2587 340 2606 ΤΟΜ.
385 2587 414 2604 Vt
422 2597 428 2603 .

954 1944 1017 1964 nam
1030 1940 1145 1963 mentem
1165 1932 1318 1962 excedunt?
1331 1928 1411 1971 Quid
1420 1933 1506 1973 igitur
1520 1933 1547 1962 in
1566 1943 1657 1970 causa,
1671 1941 1700 1963 ut

955 1979 1075 2009 obscurae
1087 1978 1139 2008 sint
1151 1978 1320 2019 prophetiae?
1333 1978 1421 2008 Multa
1443 1979 1461 2009 J
1463 1978 1547 2008 udaeis
1560 1979 1617 2008 istae
1629 1980 1699 2008 mala

955 2025 1117 2066 praedicunt,
1129 2035 1159 2054 ac
1171 2025 1229 2054 fore
1248 2031 1279 2054 ut
1300 2024 1442 2064 ejiciantur
1455 2025 1508 2063 illi,
1522 2035 1570 2055 nos
1583 2025 1697 2065 recipia-

956 2081 1026 2107 mur,
1042 2070 1174 2111 templum
1191 2076 1340 2108 evertatur,
1355 2080 1403 2099 nec
1419 2071 1537 2111 amplius
1556 2071 1698 2106 excitetur,

956 2124 987 2148 ut
998 2116 1139 2147 concidant
1150 2116 1330 2156 Jerosolyma,
1342 2123 1367 2146 et
1380 2117 1505 2146 omnibus
1521 2117 1574 2146 sint
1586 2117 1678 2157 pervia
1691 2130 1697 2145 :

955 2170 1014 2193 tum
1024 2172 1090 2193 vero
1102 2160 1191 2193 Jndaei
1204 2161 1362 2199 errabundi,
1377 2172 1425 2202 per
1437 2163 1594 2193 universum
1607 2163 1700 2192 orbem

955 2216 1087 2239 terrarum
1100 2208 1301 2248 dispergantur,
1310 2218 1341 2237 ac
1354 2208 1462 2240 civitate
1472 2209 1604 2246 destituti,
1614 2219 1648 2238 ne
1658 2219 1700 2239 ve-

955 2262 1025 2285 teres
1042 2254 1153 2294 quidem
1170 2254 1239 2283 ritus
1252 2253 1393 2290 retineant,
1409 2254 1456 2284 sed
1476 2265 1566 2284 omnes
1586 2255 1641 2284 illis
1658 2265 1700 2283 res

957 2301 1079 2341 ipsorum
1089 2300 1192 2340 priores
1206 2300 1370 2338 auferantur,
1384 2300 1543 2340 prophetiae,
1558 2300 1699 2337 sacrificia,

957 2346 1147 2384 sacerdotium,
1160 2353 1187 2376 et
1197 2355 1322 2385 regnum.
1339 2347 1433 2385 Neque
1446 2357 1510 2376 vero
1524 2352 1626 2375 tantum
1638 2346 1699 2382 ista,
1741 2354 1788 2376 cur
1810 2354 1852 2376 ob-

139 2392 287 2430 προφῆται,
303 2389 397 2430 μυρίας
414 2390 561 2430 τραγῳδίας
574 2395 627 2423 τοῖς
639 2390 744 2424 οἰκείοις
759 2391 902 2430 ἐγκαταμι-
921 2398 940 2422 c
957 2392 1004 2422 sed
1016 2399 1042 2421 et
1052 2391 1106 2421 alia
1122 2391 1207 2421 multa
1219 2391 1350 2431 ejusmodi
1364 2392 1542 2431 praedicebant
1550 2391 1700 2431 prophetae,

957 2437 1024 2467 dum
1045 2437 1199 2467 innumeras
1206 2437 1263 2467 suis
1274 2437 1352 2467 libris
1364 2437 1503 2477 tragoedias
1516 2437 1702 2466 immiscerent.

1525 2540 1566 2610 v14

1711 2393 1779 2407 scurie
1790 2394 1841 2406 Gran

1710 2417 1840 2446 prophetiae.
