1904 2840
102 460 170 481 Psal.
182 460 232 484 118.

104 496 140 521 ¹9·

256 182 326 218 816

254 263 352 285 terram
377 254 489 284 vincatis
517 260 616 282 terram
624 264 633 291 ;
653 253 700 282 sed
724 252 759 282 dc
779 252 844 282 caelo
867 253 931 282 estis
940 274 948 288 ‚
969 259 995 282 et

253 295 288 324 de
301 294 365 324 caelo
383 293 504 329 venistis,
520 292 655 322 etiterum
673 292 788 322 redituri
809 292 872 322 estis
894 292 921 321 in
943 302 993 322 cae-

254 335 327 371 lum,
354 333 406 362 nisi
434 333 504 362 ultro
535 343 670 362 remanere
693 332 834 363 volueritis
859 331 887 360 in
910 339 990 361 terra.

254 374 317 403 Illic
330 383 392 411 ergo
404 372 579 401 substantiam
600 379 673 401 tuam
693 372 806 408 colloca,
821 371 867 401 uhi
879 371 994 412 patriam

253 413 344 442 habes.
359 412 411 442 Vis
424 418 513 441 autem
526 411 604 448 scire,
613 412 677 450 quia
691 410 848 452 peregrinus
861 421 888 440 es
903 411 931 440 in
943 411 995 440 hoc

253 452 375 482 mundo?
387 451 460 480 Audi
475 451 633 491 prophetam
649 451 781 480 dicentem
794 463 800 479 :
817 451 924 480 Incola
942 460 994 489 ego

252 502 317 521 sum
337 493 368 520 in
393 497 481 528 terra,
498 491 557 520 'non
577 491 739 521 abscondas
752 501 771 520 a
785 500 831 519 me
852 490 996 519 mandata

254 538 315 560 tua.
332 532 400 568 Quae
421 538 460 560 est
474 541 538 570 ergo
560 530 610 559 insi
633 530 728 567 ientia‚
747 537 778 560 ut
800 536 938 559 contentus
957 529 994 558 sis

252 577 440 611 superterram
447 570 461 599 Ρ
470 569 498 599 id
509 570 595 606 est,ln
606 541 702 599 a'lienis
713 570 757 599 vis
766 570 866 599 servire
873 569 993 604 diabolo,

252 621 313 640 cum
327 612 414 650 possis
428 610 455 639 in
473 609 564 647 caetis,
580 609 609 639 id
623 617 681 646 est,
697 609 724 638 in
739 610 869 650 propriis,
885 618 994 648 regnare

252 661 314 680 cum
327 649 455 680 Christo?
475 650 531 679 Ubi
551 651 631 679 tinea
644 656 671 679 et
686 656 848 679 comestura
860 649 994 678 extermi-

254 696 337 726 nant,
349 696 377 718 et
390 690 440 718 ubi
448 690 531 729 fures
540 689 690 731 effodiunt
699 695 728 718 et
738 689 885 727 furantur.
896 688 994 718 Omnia

251 729 322 758 bona
334 728 427 758 mundi
439 725 540 770 ,triplex
553 728 675 758 interitus
685 724 766 758 tollit.
779 731 833 758 Aut
842 729 914 757 enim
924 739 939 757 a
952 738 994 756 se-

253 769 373 808 metipsis
384 775 564 806 veterascunt,
578 775 603 798 et
615 768 726 806 tineant,
738 769 807 798 sicut
819 768 974 798 vestimenta
985 780 991 796 ι

253 815 298 837 aut
310 808 377 848 ipsis
390 807 506 838 dominis
520 808 660 837 luxuriose
681 808 835 838 viventibus
849 807 994 837 comedun-

253 855 308 882 tur,
322 848 393 877 sicut
406 855 505 877 caetera:
518 848 655 877 facultates
669 860 677 876 =
693 855 741 877 aut
753 848 787 876 ab
804 847 936 876 extraneis
950 846 994 876 vel

253 887 316 917 dolo
327 887 386 924 ,vel
405 888 431 917 vi
442 888 499 923 ,vel
511 887 653 917 calumniis
661 910 667 922 ‚
679 887 722 917 vel
741 887 863 926 quolibet
871 887 926 916 alio
938 885 993 915 ini—

253 938 306 966 quo
327 926 407 956 modo
426 926 604 967 diripiuntur.
621 927 675 964 Qui
696 937 787 956 omnes
805 927 877 956 fures
895 926 991 955 dicun—

254 974 316 1004 tur,
331 966 378 1005 qui
420 977 448 996 er
469 966 636 1005 iniquitatem
658 967 781 996 festinant
801 966 888 995 aliena
902 967 994 995 facere

253 1017 311 1036 sua.
328 1005 380 1036 Sed
415 1006 466 1036 ices
475 1027 482 1041 ‚
494 1006 635 1045 Numquid
648 1016 739 1035 omnes
752 1006 799 1045 qui
814 1006 870 1035 haec
881 1006 992 1042 habent,

253 1046 370 1086 perdunt
382 1057 412 1075 ea
423 1046 437 1075 Ξ)
451 1046 563 1077 Ventilo
581 1046 767 1075 vestimentum
785 1056 887 1082 meum,
900 1053 925 1075 et
939 1054 993 1074 non

252 1086 351 1115 tincat:
365 1086 473 1126 parcius
489 1096 551 1125 ago,
566 1092 593 1115 et
611 1086 750 1115 facultates
766 1095 832 1115 meae
851 1095 903 1115 non
917 1096 992 1115 com-

253 1125 371 1155 eduntur
382 1138 388 1153 :
399 1125 513 1154 sollicite
533 1136 583 1164 ago
596 1136 641 1158 res
655 1136 737 1162 meas,
749 1131 774 1154 et
787 1134 839 1154 non
854 1125 994 1165 diripiun-

253 1172 299 1194 tur
317 1175 332 1193 a
352 1165 469 1194 furibus.
493 1164 605 1194 Interim
626 1164 735 1203 quidem
753 1164 792 1194 sic
812 1164 910 1202 dicam,
929 1164 992 1204 quia

253 1205 277 1233 si
288 1215 340 1233 non
353 1214 444 1233 omnes
457 1203 582 1243 perdunt,
593 1211 678 1233 tamen
689 1204 767 1233 multi
779 1204 904 1244 perdunt.
918 1205 994 1242 Quid

253 1244 335 1283 ergo?
350 1243 446 1272 melius
460 1250 498 1272 est
512 1253 592 1287 super
611 1250 709 1272 terram
727 1254 871 1283 reponere,
888 1245 934 1273 ubi
948 1245 991 1273 in-

253 1290 340 1312 certus
353 1289 391 1312 est
405 1282 610 1311 conservatlonis
624 1289 745 1317 eventus,
762 1293 795 1311 an
811 1283 837 1311 in
852 1284 931 1320 caelo,
945 1284 993 1312 ubi

253 1329 292 1352 est
306 1329 375 1351 certa
389 1321 527 1351 custodia?
540 1321 590 1351 Hic
603 1322 625 1350 si
638 1332 689 1350 non
700 1322 869 1359 custodieris,
885 1323 991 1362 perdes:

253 1363 275 1391 si
295 1361 469 1397 custodieris,
492 1361 586 1390 timore
605 1368 630 1390 et
654 1361 835 1390 sollicitudine
854 1363 992 1391 cruciaris,

253 1402 316 1431 lllic
328 1408 427 1437 autem,
441 1402 490 1430 etsi
503 1400 615 1436 dormis,
629 1411 643 1429 a
656 1402 712 1429 Deo
725 1407 865 1430 servantur
876 1415 882 1431 :
897 1409 922 1431 et
933 1413 994 1431 cum

252 1441 407 1471 recordatus
426 1440 506 1469 fueris
515 1463 524 1476 ,
545 1450 592 1479 spe
605 1440 757 1480 gratularis.
774 1442 840 1477 Quae
854 1448 892 1470 est
906 1448 995 1471 autem

253 1480 366 1516 stultitia
378 1480 435 1509 illic
446 1479 607 1518 relinquere,
622 1479 693 1508 unde
705 1480 827 1510 exiturus
840 1491 878 1517 es,
889 1488 915 1510 et
929 1482 995 1511 illuc

161 1537 245 1553 uun
255 1531 306 1550 non
320 1520 490 1560 praemittere,
505 1529 558 1557 quo
573 1519 660 1548 iturus
672 1519 719 1547 es?
731 1521 803 1549 Vere
821 1527 909 1549 autem
925 1521 995 1550 male

254 1567 371 1590 servatas
382 1558 503 1594 divitias,
518 1558 567 1587 etsi
581 1558 756 1598 corporaliter
769 1569 821 1588 non
835 1559 994 1598 perdidisti,

254 1599 429 1640 spiritualiter
438 1597 590 1638 perdidisti,
605 1598 667 1636 quia
683 1608 731 1627 nec
742 1599 886 1638 proficiunt
898 1599 948 1628 tibi
961 1600 996 1629 ad

255 1650 334 1669 usum
343 1638 446 1668 salutis.
456 1637 594 1676 Quicquid
600 1638 671 1666 enim
679 1648 729 1677 pro
741 1639 828 1667 anima
837 1645 881 1667 tua
891 1639 993 1676 feceris,

255 1680 306 1709 hoc
319 1687 358 1709 est
371 1686 447 1708 tuum
460 1690 466 1706 :
481 1677 554 1716 quod
567 1684 655 1706 autem
678 1677 829 1716 reliqueris,
841 1678 993 1718 perdidisti.

255 1721 324 1749 Nam
338 1718 411 1758 quod
431 1717 605 1757 corporaliter
618 1717 687 1746 male
706 1725 896 1762 congregatur,
911 1718 996 1758 spiri-

255 1759 364 1788 tualiter
382 1758 533 1797 dispersum
548 1756 656 1787 videtur
667 1778 674 1792 ,
696 1764 721 1786 et
743 1757 878 1796 perditum
897 1770 905 1787 :
922 1758 995 1796 quod

255 1806 343 1828 autem
356 1797 530 1838 corporaliter
541 1797 609 1825 hene
622 1795 797 1835 dispergitur,
818 1797 995 1836 spiritualiter

255 1838 326 1867 illud
343 1845 533 1877 congregatum
546 1843 572 1865 et
592 1837 736 1874 repositum
757 1835 864 1865 videtur
876 1837 903 1865 in
917 1837 992 1867 caelo.

255 1879 334 1908 Nunc
354 1885 442 1907 autem
461 1877 536 1917 ponit
549 1885 608 1914 quae
626 1874 660 1903 sit
673 1874 776 1904 utilitas
788 1875 815 1903 in
829 1875 994 1916 eleemosyna

255 1918 385 1952 facienda,
398 1917 490 1946 diceus
500 1928 507 1944 ε
519 1917 569 1945 21.
586 1915 827 1954 Ubienimfiterit
842 1915 994 1945 thesaurus

257 1968 332 1993 tuus,
343 1959 385 1986 ibi
395 1958 450 1985 erit
458 1962 485 1985 et
496 1961 648 1985 cortuum.
662 1953 717 1989 Qui
730 1954 843 1982 collocat
857 1953 994 1984 thesauros

257 1999 284 2027 in
299 2005 379 2032 terra,
393 2006 445 2024 non
457 1995 538 2024 habet
553 1993 626 2032 quod
639 2003 650 2021 s
661 1999 726 2021 )eret
742 1992 769 2021 in
781 1993 856 2022 caelo.
875 1994 914 2022 Ut
927 1994 995 2032 quid

255 2038 326 2066 enim
340 2036 452 2075 aspiciat
464 2035 490 2063 in
504 2034 613 2068 caelum,
632 2004 679 2060 uin
701 2031 769 2060 nihil
785 2043 813 2061 re
833 2032 931 2061 ositum
944 2033 992 2062 ha.

256 2077 319 2106 bet?
331 2078 472 2114 Propterea
485 2073 543 2103 sive
559 2072 674 2107 laetatur,
691 2071 718 2099 in
733 2082 810 2100 carna
825 2072 884 2100 ibus
899 2079 924 2101 et
936 2079 994 2101 ter-

256 2116 327 2146 renis
340 2116 461 2144 laetatur:
473 2113 530 2141 sive
542 2111 664 2140 tristatur
673 2133 680 2145 ,
691 2110 725 2139 de
736 2111 888 2140 carnalibus
901 2118 927 2140 et
939 2118 993 2140 tei·-

257 2156 328 2185 renis
338 2155 466 2186 tristatur.
479 2152 534 2189 Qui
548 2158 636 2180 autem
649 2150 757 2179 divitias
771 2161 832 2180 suas
848 2151 952 2190 reponit
966 2151 994 2180 in

257 2195 333 2230 caelo,
347 2203 401 2222 non
413 2193 494 2222 habet
502 2202 577 2231 spem
595 2190 622 2218 in
637 2197 719 2218 terra.
733 2191 771 2219 Ut
783 2190 850 2229 quid
863 2190 933 2219 euim
947 2190 995 2220 de-

258 2235 368 2263 lectetur
388 2228 426 2261 in*
436 2239 505 2267 terra
515 2253 522 2266 ‚
538 2230 585 2269 qui
605 2229 673 2258 nihil
686 2229 766 2257 habet
779 2230 807 2258 in
826 2230 916 2259 terra?
929 2230 994 2260 Ideo

257 2274 314 2303 sive
328 2273 442 2307 laetatur,
455 2271 482 2300 in
495 2281 507 2299 s
529 2269 681 2299 iritualibus
695 2269 800 2297 laetatur
813 2281 820 2297 z
833 2269 890 2298 sive
902 2269 995 2299 trista-

256 2321 312 2348 tur,
329 2312 363 2341 de
377 2281 563 2351 spiritualilvus
584 2308 715 2338 tristatur.
731 2308 804 2346 Ergo
825 2316 995 2347 peccatorum

258 2360 284 2382 et
295 2352 384 2381 laetitia
401 2349 480 2386 mala,
491 2356 516 2378 et
529 2348 638 2378 tristitia
650 2349 735 2387 pejor,
747 2347 810 2385 quia
822 2355 868 2376 aut
876 2348 909 2376 de
921 2349 995 2377 lucro

258 2399 361 2421 terreno
375 2392 508 2425 laetantur,
522 2395 568 2417 aut
581 2387 614 2416 de
626 2386 724 2416 damno
737 2386 875 2415 tristantur
888 2400 895 2416 :
907 2387 996 2426 justo-

259 2442 320 2460 rum
342 2438 430 2460 autem
452 2435 478 2458 et
495 2427 586 2457 laetitia
605 2427 692 2463 bona,
716 2433 742 2455 et
763 2426 870 2455 tristitia
890 2427 994 2463 melior,

259 2471 385 2510 quoniam
398 2476 444 2498 aut
457 2468 492 2498 de
508 2467 612 2507 justitia
625 2466 760 2502 limantur,
775 2472 821 2494 aut
835 2465 869 2495 de
889 2474 995 2505 peccato

291 2571 301 2582 ε·
319 2561 399 2587 Iidem
411 2562 436 2585 in
448 2569 527 2593 marg.
542 2565 567 2583 uz
577 2558 660 2583 dicam
673 2558 708 2582 ad
719 2563 851 2582 tormenta.

292 2603 303 2621 b
323 2601 436 2626 Lucerna
455 2600 561 2632 corporis
580 2599 623 2623 tui.
642 2598 689 2623 Hic
708 2597 795 2630 incipit
814 2596 907 2621 Hamil.
920 2597 965 2620 XV
984 2598 1009 2621 iu

845 183 939 214 *orus
965 190 1203 214 menarum-un

1013 255 1030 278 A
1048 253 1199 282 tristantur.
1215 253 1245 283 Si
1258 252 1329 282 enim
1339 252 1429 293 aliqua
1443 263 1524 283 causa
1534 253 1627 283 mortis
1640 252 1788 290 advenerit,

1049 293 1072 321 si
1084 292 1194 331 quidem
1207 303 1267 332 spes
1281 292 1356 322 iltius
1369 293 1396 323 in
1409 299 1479 322 terra
1499 292 1550 331 sit,
1565 293 1696 328 tristatur,
1712 293 1789 332 quasi

1048 331 1082 360 de
1096 331 1177 361 domo
1190 342 1239 361 sua
1258 332 1293 362 ad
1310 342 1420 372 peregre
1441 332 1541 362 vadens
1550 356 1557 368 ‚
1570 336 1581 349 ⁸
1592 340 1621 362 ut
1634 343 1686 362 non
1699 332 1790 369 dicam

1049 370 1082 399 ad
1097 377 1226 400 tormenta
1239 384 1246 400 ε
1261 371 1283 401 si
1298 378 1386 401 autem
1399 383 1459 412 spes
1470 373 1529 412 ejus
1542 373 1570 402 in
1586 373 1651 403 caelo
1661 372 1706 408 sit,
1719 375 1790 412 gau'-

1049 410 1094 439 det
1113 411 1189 449 quasi
1203 410 1237 440 de
1249 421 1359 451 peregre
1372 411 1404 440 ad
1417 412 1529 441 domum
1544 413 1680 453 propriam
1693 423 1789 441 rever-

1049 460 1139 486 surus,
1150 457 1240 480 utnon
1250 452 1263 465 *
1271 450 1360 481 dicam
1368 450 1403 480 ad
1411 461 1523 491 regnum
1531 452 1643 482 caeleste.
1652 451 1788 488 Secundo,

1048 490 1095 528 qui
1114 489 1274 520 thesaurizat
1295 491 1323 520 in
1346 491 1424 520 terris
1437 514 1445 524 ‚
1469 491 1616 531 dupliciter
1639 492 1701 521 facit
1725 502 1790 532 pec-

1048 535 1146 558 catum.
1164 531 1283 559 Primum
1294 553 1302 567 ,
1314 530 1378 569 quia
1401 531 1470 560 male
1482 538 1643 571 congregat:
1657 531 1787 569 secundo,

1047 568 1110 606 quia
1125 579 1171 597 cor
1183 569 1285 599 habens
1296 570 1324 599 in
1338 577 1418 607 terra,
1432 581 1578 610 numquam
1591 582 1651 610 quae
1665 570 1716 600 Dei
1726 577 1790 600 sunt

1048 607 1213 644 recordatur,
1225 609 1272 638 sed
1284 620 1390 650 semper
1399 620 1459 649 quae
1472 617 1558 640 terrae.
1571 611 1607 640 Et
1622 611 1670 650 qui
1682 611 1789 640 thesau-

1046 647 1148 676 rizatin
1161 648 1225 677 caelo
1234 671 1241 685 ‚
1257 648 1403 690 dupliciter
1412 650 1542 689 justitiam
1559 650 1632 680 facit.
1647 650 1786 686 Primum,

1047 687 1111 725 quia
1123 687 1191 716 bene
1205 688 1316 719 foenerat
1331 701 1338 718 :
1354 689 1470 718 secundo
1480 713 1487 726 ,
1511 689 1575 729 quia
1594 700 1669 730 spem
1688 690 1789 719 habens

1046 726 1074 755 in
1085 727 1153 763 Deo,
1165 737 1270 767 semper
1282 739 1342 767 quae
1352 729 1401 758 Dei
1412 736 1475 758 sunt
1487 730 1586 770 cogitat
1595 736 1622 758 et
1631 729 1788 766 meditatur,

1046 772 1072 794 et
1087 776 1138 795 non
1152 777 1211 805 quae
1225 774 1313 797 terrae.
1335 769 1372 798 Et
1391 769 1618 807 quemadmodum
1638 769 1686 809 qui
1707 769 1789 798 semel

1045 815 1206 845 congregare
1225 808 1334 847 coeperit
1351 808 1379 837 in
1393 815 1462 838 terra
1472 832 1480 845 ‚
1495 809 1554 849 ipsa
1575 809 1789 850 concupiscentia

1012 851 1030 874 Β
1046 851 1148 874 terrena
1158 846 1220 875 facit
1229 857 1291 876 eum
1303 847 1388 886 magis
1401 848 1547 878 sollicitum
1560 859 1626 885 esse,
1638 859 1686 879 nec
1698 848 1788 878 solum

1046 894 1080 914 ne
1093 886 1196 915 minuat
1209 886 1270 916 inde
1281 910 1289 923 ,
1310 887 1358 916 sed
1371 894 1400 917 ut
1425 888 1508 927 magis
1523 895 1618 927 augeat
1629 901 1637 917 :
1651 889 1689 919 sic
1701 895 1727 918 et
1740 888 1789 927 qui

1046 924 1206 954 thesaurizat
1219 926 1246 955 in
1257 927 1332 962 caelo,
1345 927 1402 967 ipsa
1413 928 1625 967 concupiscentia
1638 928 1788 969 spiritualis

1045 963 1108 993 facit
1130 975 1193 994 eum
1206 965 1351 995 sollicitum
1363 990 1371 1002 ,
1395 977 1448 996 non
1461 968 1549 996 solum
1574 975 1605 998 ut
1619 978 1671 998 nou
1713 968 1789 998 erdat

1045 1003 1119 1071 guod
1134 1004 1213 1034 habet
1223 1028 1230 1040 ‚
1246 1005 1294 1035 sed
1307 1006 1396 1036 adhuc
1417 1013 1446 1036 ut
1465 1014 1559 1047 augeat
1579 1018 1660 1048 super
1674 979 1712 1037 id³
1715 1007 1789 1046 quod

1066 1043 1135 1073 abet.
1149 1045 1200 1073 22.
1212 1046 1345 1075 Lucerna
1353 1048 1479 1085 corporis
1493 1050 1536 1076 tui
1545 1053 1588 1076 est
1598 1049 1700 1077 oculus
1710 1054 1786 1077 tuus.

1045 1083 1125 1112 Prius
1146 1093 1354 1115 commemorare
1373 1085 1502 1115 debemus
1511 1109 1519 1123 ,
1534 1087 1596 1125 quia
1611 1098 1663 1117 non
1678 1087 1713 1117 de
1726 1098 1787 1116 cor-

1046 1123 1134 1163 porali
1147 1124 1227 1153 oculo
1239 1125 1361 1164 loquitur
1373 1135 1461 1155 sermo
1470 1148 1478 1163 ,
1494 1136 1542 1155 nec
1554 1126 1589 1156 de
1598 1127 1651 1157 hoc
1663 1137 1786 1168 corpore,

1045 1162 1119 1201 quod
1133 1162 1241 1193 videtur
1255 1175 1270 1193 a
1290 1164 1366 1194 foris.
1383 1165 1491 1205 Alioqui
1508 1165 1636 1204 dixisset,
1649 1167 1679 1198 Si
1693 1167 1789 1197 oculus

1046 1209 1108 1231 tuus
1120 1213 1200 1232 sanus
1210 1204 1300 1240 suerit,
1312 1211 1359 1234 aut
1369 1205 1494 1234 infirmus
1505 1217 1512 1234 ε
1523 1216 1595 1236 nunc
1605 1213 1694 1239 autem
1703 1207 1786 1243 dixit,

1045 1242 1174 1281 Simplex
1187 1249 1212 1271 et
1234 1244 1379 1283 Nequam.
1394 1245 1455 1274 Non
1475 1245 1546 1274 enim
1565 1247 1652 1276 omnis
1673 1249 1720 1286 qni
1740 1247 1788 1277 be·-

1045 1282 1158 1320 nignum
1181 1282 1261 1311 habet
1284 1284 1394 1312 oculum
1405 1306 1412 1320 ,
1437 1285 1546 1315 omnino
1565 1292 1590 1315 et
1608 1296 1706 1327 corpus
1729 1286 1788 1327 ejus

1045 1320 1167 1349 lucidum
1181 1328 1221 1350 est
1232 1334 1238 1350 t
1250 1332 1298 1351 nec
1310 1323 1381 1351 enim
1394 1324 1482 1353 omnis
1498 1326 1545 1363 qui
1559 1325 1707 1365 malignum
1720 1337 1787 1357 ocu-

1046 1359 1104 1388 lum
1116 1360 1207 1397 habet,
1218 1371 1315 1401 corpus
1324 1363 1382 1402 ejus
1393 1362 1418 1391 in
1432 1364 1546 1393 tenebris
1554 1371 1603 1393 est.
1616 1365 1691 1401 Quid
1702 1367 1785 1403 enim,

1045 1399 1068 1427 si
1080 1399 1227 1439 benignum
1236 1401 1344 1430 oculum
1354 1401 1435 1431 babet
1446 1409 1472 1431 et
1484 1403 1641 1433 infirmum?
1654 1405 1789 1444 numquid

1012 1445 1031 1469 C
1047 1448 1147 1479 eorpus
1164 1440 1224 1479 ejus
1237 1439 1263 1469 in
1284 1440 1387 1470 lumine
1404 1442 1462 1470 est?
1482 1444 1538 1471 Aut
1556 1444 1580 1472 si
1599 1444 1749 1483 malignum
1763 1452 1789 1475 et

1046 1489 1140 1507 sanum
1150 1501 1158 1513 ‚
1181 1479 1314 1518 numquid
1338 1491 1436 1521 corpus
1459 1481 1517 1521 ejus
1540 1482 1567 1512 in
1588 1483 1703 1513 tenebris
1727 1485 1788 1514 est?

1046 1518 1119 1558 Ergo
1136 1518 1280 1557 Corporis,
1295 1530 1349 1549 non
1360 1531 1375 1548 a
1393 1520 1469 1557 foris,
1479 1521 1527 1550 sed
1540 1522 1574 1551 ab
1593 1522 1677 1560 intus,
1693 1523 1722 1553 id
1736 1531 1786 1562 est,

1046 1558 1196 1597 corporalis
1210 1565 1320 1589 naturae.
1338 1561 1459 1589 Lucerna
1472 1567 1560 1590 autem
1574 1561 1632 1601 ejus
1642 1569 1682 1592 est
1695 1573 1785 1600 mens,

1800 458 1808 466 ⁶
1816 457 1880 479 deest
1887 465 1904 479 nt

1047 1606 1095 1635 per
1117 1608 1199 1636 quam
1223 1598 1311 1644 anima
1331 1598 1407 1628 videt
1427 1600 1525 1629 Deum.
1549 1601 1630 1631 Unde
1642 1602 1727 1632 Jacob
1748 1610 1863 1638 &tl-nel
1882 1625 1904 1646 ,ῃ

1046 1636 1196 1676 appellatus
1211 1637 1303 1667 Israel.
1317 1639 1402 1668 Israel
1415 1646 1504 1668 autem
1517 1641 1647 1671 Hebra'i'ce
1660 1642 1787 1688 interpre-
1795 1647 1839 1669 sibi
1849 1649 1904 1670 vuu.

1046 1682 1118 1705 tatur
1136 1687 1210 1706 mens
1232 1677 1324 1707 videns
1342 1679 1439 1708 Deum.
1459 1681 1603 1719 Postquam
1615 1691 1678 1721 ergo
1697 1681 1785 1720 dixu,

1051 1716 1077 1744 T
1075 1716 1258 1746 hesaurizate
1270 1719 1355 1747 vobis
1368 1719 1400 1747 in
1414 1719 1498 1756 coelo,
1507 1722 1648 1758 quoniam
1662 1722 1713 1751 ubi
1723 1723 1786 1751 the·

1046 1765 1151 1785 saurus
1166 1762 1232 1786 tuus
1233 1757 1342 1798 fuerit,
1354 1759 1395 1786 ibi
1409 1759 1464 1788 erit
1474 1766 1502 1788 ει
1516 1769 1567 1788 cor·
1579 1767 1659 1790 tuum
1672 1774 1679 1790 :
1694 1771 1789 1792 conve-

1046 1794 1150 1825 nienter
1161 1796 1313 1835 subjunxit,
1328 1795 1341 1813 ¹'
1351 1798 1484 1827 Lucerna
1493 1801 1621 1838 corporis
1631 1802 1674 1830 tui
1686 1803 1788 1831 oculus

1048 1840 1114 1864 tuus
1128 1842 1181 1864 est.
1194 1836 1225 1865 Si
1238 1836 1347 1866 oculus
1359 1838 1528 1878 tuus-fuerit
1541 1840 1675 1878 simplex,
1696 1846 1788 1871 totum

1048 1884 1150 1913 corpus
1162 1882 1243 1904 tuum
1256 1875 1383 1905 lucidum
1399 1879 1454 1906 erit
1463 1890 1471 1906 :
1486 1884 1516 1907 ut
1527 1878 1658 1916 ostendat,
1688 1879 1731 1909 uia
1740 1881 1788 1919 qui

1047 1913 1227 1954 eleemosynas
1240 1915 1354 1952 faciunt,
1362 1926 1408 1945 cor
1414 1916 1450 1945 ad
1457 1918 1546 1946 Deum
1560 1918 1659 1948 habere
1668 1890 1786 1949 debent:

1047 1953 1094 1991 qui
1108 1961 1197 1983 autem
1210 1965 1257 1983 cor
1272 1955 1353 1984 habet
1366 1955 1401 1984 ad
1413 1957 1511 1993 Deum,
1526 1957 1601 1987 illius
1611 1958 1706 1988 oculus
1719 1959 1789 1989 luci-

1047 1992 1100 2021 dus
1113 2000 1171 2022 est:
1187 1993 1217 2022 id
1235 2000 1284 2030 est,
1298 1994 1373 2023 illius
1389 2006 1462 2025 mens
1475 1996 1624 2036 spiritualis
1642 2005 1668 2028 et
1687 1999 1788 2028 munda

1012 2037 1032 2060 1)
1048 2039 1104 2067 est,
1119 2043 1167 2061 nec
1187 2033 1297 2062 terrenis
1311 2035 1532 2073 concupiscentiis
1551 2036 1703 2073 sordidata,
1718 2038 1788 2068 sicut

1047 2071 1177 2110 scriptum
1187 2078 1241 2101 est:
1255 2074 1342 2101 Beati
1351 2074 1459 2102 mundo
1469 2075 1565 2112 corde,
1578 2078 1716 2114 quoniam
1729 2079 1789 2115 ipsi

1049 2112 1143 2140 Deum
1164 2113 1317 2141 videbunt.
1333 2112 1409 2141 Sicut
1429 2113 1499 2142 enim
1521 2115 1567 2152 qui
1588 2125 1682 2154 graves
1695 2117 1788 2148 oculos

1047 2151 1137 2186 habet,
1152 2151 1175 2180 si
1185 2161 1268 2191 ponas
1281 2151 1380 2180 eumin
1393 2152 1485 2191 aliquo
1504 2153 1619 2183 obscuro
1635 2157 1787 2186 tenebroso-

1047 2201 1100 2230 que
1118 2190 1188 2226 loco,
1204 2191 1300 2220 melius
1320 2190 1412 2221 videt:
1430 2193 1452 2221 si
1473 2199 1562 2222 autem
1580 2205 1663 2234 ponas
1684 2207 1745 2226 eum
1760 2197 1789 2226 in

1047 2230 1114 2266 sole,
1133 2230 1202 2259 nihil
1215 2229 1298 2267 videt,
1311 2231 1375 2269 quia
1386 2232 1481 2262 oculus
1495 2233 1553 2278 ejus
1569 2244 1621 2263 non
1634 2236 1728 2265 suffert
1737 2246 1788 2266 so-

1047 2270 1081 2299 lis
1095 2269 1236 2299 candorem
1250 2282 1257 2298 z
1271 2271 1309 2302 sic
1323 2271 1403 2299 homo
1420 2272 1566 2302 mundialis
1578 2296 1585 2309 ,
1619 2274 1647 2303 ui
1660 2275 1769 2305 oculum
1779 2299 1787 2313 ,

1048 2308 1075 2338 id
1087 2316 1137 2345 est,
1150 2316 1264 2338 mentem
1274 2310 1385 2339 terrenis
1395 2309 1536 2341 desideriis
1549 2285 1684 2344 soullidam
1696 2314 1788 2352 habet,

1048 2355 1073 2377 et
1084 2349 1276 2386 turbulentam,
1289 2350 1311 2379 si
1327 2360 1410 2389 ponas
1422 2361 1484 2380 eum
1505 2352 1533 2380 in
1547 2353 1628 2382 rebus
1641 2353 1789 2384 mundiali-

1047 2388 1111 2424 bus,
1126 2388 1196 2428 sapit
1208 2395 1234 2418 et
1245 2396 1348 2419 astutus
1363 2397 1402 2419 cst
1415 2403 1420 2419 :
1437 2390 1460 2420 si
1478 2398 1566 2420 autem
1582 2393 1670 2422 trahas
1682 2404 1744 2423 eum
1754 2394 1790 2423 ad

1049 2438 1091 2456 res
1113 2428 1265 2467 spirituales
1276 2451 1283 2465 ‚
1298 2429 1472 2466 tenebrescit,
1494 2441 1525 2460 ac
1538 2431 1608 2460 nihil
1622 2432 1709 2472 sapit,
1725 2434 1790 2472 quia

1049 2477 1124 2496 mens
1144 2467 1219 2496 illius
1234 2467 1382 2498 desideriis
1402 2476 1529 2510 corrupta
1548 2471 1660 2501 terrenis
1680 2473 1791 2513 justitiae

1035 2557 1099 2584 cod.
1114 2559 1144 2585 V,
1160 2560 1189 2583 D.

1799 2083 1901 2107 ΜαιιΙι.5
