1904 2840
11 1352 27 1375 l.
39 1353 98 1382 ejus.

7 2015 17 2077 ›qv-‘-

595 178 628 201 IN
657 179 681 201 M
686 178 853 202 ATTHAEUM
860 193 867 200 .

121 239 240 271 minibus
264 238 300 269 ad
332 238 446 269 salutem
458 261 466 276 ,
492 238 643 269 testimonia
666 239 694 268 in
721 249 770 268 suo
802 239 861 269 loco

121 279 262 309 nascentia.
277 281 307 309 5.
323 280 364 308 Et
377 285 559 308 accesserunt
573 279 688 308 adeum
702 280 859 315 Pharisoet',

121 325 268 349 tentantes
279 329 355 356 eum,
368 324 396 348 et
407 319 536 348 dicentes
545 320 575 347 ei
589 330 597 347 .·
615 318 647 348 Si
658 319 727 349 licet
749 320 864 348 homini

120 369 304 398 quacumque
313 369 350 388 ex
363 368 454 388 causa
467 368 584 387 azor-em
596 368 678 388 suam
689 359 834 388 dimittere
845 361 859 387 P

122 398 192 428 Viro
205 405 277 428 casto
293 398 496 437 qualiscumque
504 408 573 427 uxor
580 398 652 433 bona
662 397 782 435 videtur,
797 398 860 437 quia

122 438 236 477 perfecta
247 438 342 467 caritas
355 438 421 467 vitia
438 447 492 466 non
513 438 604 467 sentit.
619 437 675 474 Qui
687 437 778 477 diligit
790 448 859 467 uxo-

122 488 190 513 rem,
201 477 236 506 de
255 476 384 507 solvendo
396 477 566 506 matrimonio
581 477 669 517 legem
686 477 860 506 necessariam

122 526 175 546 non
191 517 281 546 habet.
302 517 359 547 Ubi
382 523 470 546 autem
484 517 518 546 de
537 516 667 546 solvendo
689 516 860 547 matrimonio

122 556 167 585 lex
180 556 336 595 requiritur,
350 556 409 586 illic
419 558 476 602 jam
490 556 584 586 odium
594 556 804 586 demonstratur:
815 556 862 586 ubi

121 595 215 625 odium
227 596 377 633 invenitur,
390 596 448 626 illic
459 596 598 626 fornicatio
610 606 667 626 esse
680 595 858 635 cognoscitur.

121 635 357 672 Quemadmodum
378 636 401 665 si
417 636 510 666 videas
522 636 658 666 bominem
670 635 776 665 assidue
789 635 860 664 ami-

121 675 198 709 citias
223 675 388 704 medicorum
401 676 542 713 colentem,
557 686 592 705 cx
605 676 663 716 ipsa
680 685 709 705 re
719 674 807 706 statim
819 675 862 704 in-

122 714 235 754 telligis,
247 714 312 760 quia
330 714 454 745 infirmus
466 722 506 745 est
522 725 529 742 ι
542 715 580 745 sic
588 722 684 745 etcum
698 715 790 745 videas
804 714 862 745 sive

121 753 223 788 virum,
237 765 296 784 sive
306 754 447 785 mulierem
458 754 493 785 de
500 754 666 785 dimittendis
676 755 808 784 uxoribus
815 761 861 784 aut

121 793 189 823 viris
207 793 295 834 legem
311 793 513 834 interrogantes,
527 803 655 834 cognosce
674 794 737 833 quia
758 794 802 824 vir
815 794 862 823 ille

122 832 238 863 lascivus
249 840 296 869 est,
311 833 440 864 etmnlier
452 834 500 864 illa
513 834 640 863 meretrix
653 840 703 863 est.
716 833 761 864 Sic
775 841 800 864 et
810 834 827 864 J
831 845 863 863 u-

122 872 262 903 daeierant
274 873 396 903 homines
415 873 551 903 fornicarii
573 880 600 903 et
617 873 802 910 contaminati,
815 874 862 912 qui

123 911 252 942 babentes
273 922 382 950 uxores,
398 912 496 943 babere
516 923 567 942 non
593 913 774 943 videbantur:
800 913 863 952 quia

123 961 194 981 uxor
206 951 262 982 illi·
272 962 326 981 non
333 959 389 982 erat
401 951 605 993 quasijucunda
620 953 750 992 possessio
758 953 862 982 castita-

122 990 168 1028 tis,
183 990 230 1022 sed
243 992 321 1031 quasi
333 991 471 1022 ‘desertum
484 999 564 1021 :estus
582 992 705 1021 libidinis
726 992 784 1021 illic
796 992 862 1021 reli-

140 1037 198 1060 atae.
209 1032 279 1061 Nam
292 1031 320 1061 in
331 1031 500 1061 matrimonio
513 1042 577 1062 mox
588 1031 694 1061 castitas
703 1031 862 1069 delectatur,

135 1069 210 1100 ihido
222 1077 314 1100 autem
327 1070 405 1109 quasi
417 1071 527 1100 vinculo
540 1071 618 1111 conju
639 1071 657 1100 ii
670 1070 794 1110 colligata
806 1078 862 1100 tor-

123 1116 232 1148 quetur.
247 1110 284 1140 Et
306 1120 360 1139 non
373 1110 408 1139 sit
428 1119 540 1146 novum,
560 1121 597 1150 qu
657 1110 785 1147 dicimus,
799 1111 864 1150 quia

123 1148 229 1178 castitas
238 1149 266 1178 in
280 1149 449 1179 matrimonio
459 1149 615 1180 delectatur.
629 1151 698 1180 Nam
710 1150 816 1190 primus
825 1158 865 1180 est

123 1188 223 1227 gradus
240 1189 367 1219 castitatis
376 1189 478 1219 sincera
491 1190 632 1230 virginitas
649 1190 801 1219 :secundus
813 1201 863 1220 au-

123 1234 188 1264 tem,
202 1224 283 1258 fidele
296 1229 461 1268 conjugium.
473 1229 546 1269 Ergo
558 1230 660 1270 species
677 1229 794 1259 secunda
806 1229 864 1260 vir-

125 1267 244 1305 ginitatis
263 1275 304 1298 est
322 1268 486 1298 matrimonii
505 1276 576 1299 casta
596 1269 716 1299 dilectio.
734 1268 864 1298 Adierunt

123 1317 188 1345 ergo
207 1307 301 1338 Jesum
322 1314 460 1347 tentanteS,
475 1315 505 1342 ut
518 1308 651 1346 viderent,
673 1308 696 1338 si
717 1308 864 1339 voluntatis

124 1346 147 1385 †
159 1356 252 1376 eornm
265 1346 368 1377 amicus
386 1354 465 1385 esset,
480 1356 513 1377 an
530 1348 659 1378 castitatis
672 1355 815 1388 patronus:
834 1354 865 1377 ut

122 1386 146 1417 si
158 1385 269 1425 quidem
286 1386 398 1423 diceret,
409 1387 474 1427 quia
490 1387 553 1417 licet
565 1387 709 1424 dimittere,
725 1387 865 1418 laudarent

121 1436 184 1456 enm
200 1436 207 1454 :
220 1427 244 1456 si
256 1433 344 1456 antem
357 1436 422 1464 non,
440 1427 651 1457 contradicerent
666 1427 691 1457 ci
706 1438 712 1454 :
726 1434 752 1457 et
766 1427 816 1456 hoc
826 1434 865 1457 est

122 1476 171 1506 pro
191 1466 231 1495 rie
239 1473 350 1496 tentare.
367 1466 423 1504 Qui
436 1474 524 1496 autem
537 1477 601 1496 vere
616 1467 770 1506 interrogat,
786 1466 862 1505 quic·

123 1505 170 1544 qui
208 1505 334 1541 audierit,
343 1506 515 1544 conquiescit.
527 1506 559 1536 Si
576 1507 644 1535 licet
657 1507 768 1534 homini
789 1517 865 1535 uxo-

124 1554 185 1573 rem
209 1554 294 1573 suam
317 1546 462 1574 dimittere
485 1555 669 1589 quacumque
689 1555 726 1574 ex
749 1555 839 1574 causa
851 1548 864 1573 P

124 1585 149 1613 Ο
160 1584 294 1612 esfraenata
303 1583 414 1614 lascivia
423 1583 430 1613 Σ
445 1584 568 1614 Sciebant
579 1595 642 1623 quia
649 1584 750 1613 nullam
758 1595 864 1614 causam

123 1622 246 1652 idoneam
253 1622 387 1652 habebant
396 1623 465 1653 circa
484 1623 656 1653 dimittendas
671 1633 777 1660 uxores,
794 1634 863 1663 prae-

124 1669 165 1692 ter
177 1662 261 1691 solam
270 1661 477 1702 turpitudinem,
492 1663 559 1692 alias
572 1670 652 1701 atque
662 1662 728 1692 alias
741 1663 793 1692 sibi
801 1662 865 1702 jun-

125 1702 242 1741 gebant:
264 1701 325 1731 ideo
344 1702 492 1732 timuerunt
511 1704 683 1742 interrogare.
698 1702 742 1732 Ex
765 1703 864 1741 quibus

124 1741 233 1771 causis?
247 1742 288 1771 Ne
300 1741 401 1781 seipsos
414 1742 483 1771 intra
495 1742 631 1782 angustias
651 1748 784 1771 certarum
795 1752 863 1771 cau-

125 1792 215 1810 sarum
235 1781 451 1821 constringerent.
465 1780 519 1811 Sed
539 1781 779 1820 interrogaverunt,
793 1781 815 1810 si
830 1792 864 1811 ex

125 1821 250 1850 omnibus
262 1821 350 1850 causis
371 1820 442 1857 licet,
456 1821 567 1851 scientes
579 1821 641 1860 quia
655 1820 767 1850 modum
781 1822 864 1851 nescit

125 1860 212 1889 libido
223 1872 230 1888 ε
239 1860 286 1890 sed
295 1867 395 1899 quanto
404 1867 555 1897 exercetur,
565 1867 637 1890 tanto
647 1860 732 1905 magis
740 1860 862 1889 accendi-

126 1906 182 1936 tur,
193 1910 245 1929 non
255 1900 360 1936 leviter,
374 1910 422 1929 nec
433 1899 502 1929 intra
512 1900 638 1929 terminos
651 1910 731 1929 umus
743 1900 863 1940 conjugii

125 1939 197 1978 capit
206 1939 302 1969 libido.
309 1941 339 1970 h.
350 1939 408 1968 Ille
417 1940 591 1976 respondens
602 1941 643 1968 ait
657 1941 714 1968 eis.-
724 1940 791 1969 Non
798 1940 864 1979 lega·-

126 1980 190 2014 su's,
197 1981 268 2019 quia
277 1980 404 2020 quisecit
412 1980 542 2008 homines
554 1980 590 2008 ab
601 1980 694 2015 initio,
703 1979 863 2009 masculum

126 2026 153 2047 et
188 2020 314 2048 eminam
345 2020 402 2048 ecit
414 2028 462 2048 eos
473 2022 485 2047 Ρ
496 2018 527 2048 ld
543 2025 592 2054 est,
612 2018 727 2058 Legistis
740 2018 861 2057 quidem,

182 2058 304 2088 noluistis
369 2069 398 2088 re
405 2058 478 2097 quod
489 2058 798 2098 legistis.Conscientiam
805 2059 863 2093 illo-

127 2107 188 2125 rum
199 2097 233 2126 ad
244 2097 423 2127 testimonium
433 2104 569 2138 provocat,
579 2105 608 2127 ut
621 2098 741 2127 ostendat
748 2098 863 2137 eis,quia

127 2135 188 2165 ideo
196 2135 370 2176 interrogant,
382 2147 434 2166 non
449 2144 477 2166 ut
490 2137 710 2167 firmiterdiscant
721 2138 795 2176 quod
806 2137 862 2167 ‹lu-

126 2174 223 2211 bitant,
237 2175 285 2204 sed
295 2182 323 2204 ut
334 2176 523 2206 excusabiliter
534 2176 631 2206 saciant
640 2176 714 2215 quod
722 2177 864 2206 inexcusa-

126 2213 218 2243 biliter
225 2221 342 2254 peccent.
356 2215 521 2244 Manatum
535 2216 729 2255 etseminam.
741 2217 801 2246 Non
810 2227 864 2245 ma-

126 2254 230 2283 sculum
238 2260 264 2282 et
272 2253 368 2283 multas
375 2254 528 2290 seminas‚ut
537 2255 582 2283 uni
592 2255 711 2284 masculo
719 2255 799 2284 liceat
806 2255 866 2295 plu-

127 2303 168 2322 res
176 2292 288 2322 seminas
295 2293 430 2333 possidere
442 2303 448 2320 ε
460 2303 545 2332 neque
552 2294 683 2323 masculos
691 2301 717 2323 et
726 2294 864 2331 feminam,

129 2339 158 2361 ut
173 2332 218 2361 nni
228 2332 331 2361 feminae
339 2332 416 2362 liceat
428 2332 520 2372 plures
530 2332 601 2363 viros
612 2333 747 2373 accipere:
759 2332 806 2362 sed
814 2344 865 2363 ma-

127 2371 232 2400 sculum
241 2379 268 2401 et
277 2372 413 2409 seminam,
427 2378 457 2401 ut
472 2382 524 2400 una
537 2372 636 2401 semina
643 2372 748 2402 nullum
758 2383 865 2402 mascu-

128 2409 185 2439 lum
198 2418 274 2450 putet
293 2412 392 2441 factum
404 2422 460 2441 esse
476 2411 503 2440 in
517 2411 625 2445 saeculo,
640 2418 735 2451 praeter
757 2422 841 2441 unum
857 2422 864 2439 τ

129 2455 159 2478 ut
169 2459 240 2479 unus
252 2451 387 2480 masculus
400 2451 503 2480 nullam
514 2457 589 2491 putet
613 2451 739 2480 seminam
752 2461 809 2481 csse
824 2451 867 2480 sa-

896 178 1013 202 uomu„
1042 179 1152 202 xxxu.
1587 172 1651 219 871

879 242 898 265 Α
915 246 986 269 ctam
1009 239 1038 268 in
1058 240 1168 277 saeculo,
1184 241 1235 270 nisi
1259 251 1350 271 unam.
1367 239 1517 274 Non'enim
1529 243 1597 273 duas
1610 252 1659 274 aut

916 286 968 308 tres
981 286 1066 309 costas
1079 279 1176 309 detulit
1190 280 1224 309 de
1238 280 1320 310 latere
1336 282 1401 318 viri,
1415 290 1442 312 et
1460 283 1528 313 duas
1543 290 1589 313 aut
1603 291 1657 314 tres

914 318 977 348 fecit
995 318 1131 349 mulieres¹
1148 321 1217 350 Cum
1231 331 1294 360 ergo
1306 322 1423 352 secunda
1439 330 1485 352 aut
1497 324 1572 352 tertia
1587 334 1658 355 uxor
1670 330 1756 351 Gemz.
1769 336 1806 351 ιι.

914 358 1015 388 steterit
1037 366 1098 388 ante
1124 359 1217 389 faciem
1236 367 1310 389 tuam
1319 381 1327 396 ‚
1348 361 1416 391 sicut
1437 369 1499 392 tunc
1525 363 1584 392 Eva
1598 361 1657 393 am'e
1667 372 1759 389 cxxxw

914 397 1011 434 Adam,
1021 398 1156 437 quomodo
1169 399 1223 428 illis
1233 399 1316 435 dicas,
1331 402 1396 430 Hoc>-
1407 412 1486 431 nunc
1497 412 1528 431 os
1539 403 1576 431 de
1588 405 1658 432 ossi·
1668 411 1726 432 Gen.
1738 417 1758 432 2.
1769 410 1807 432 23.

914 438 968 466 bus
980 439 1070 467 meis?
1083 439 1152 468 Nam
1165 438 1215 468 etsi
1224 450 1286 468 vere
1292 446 1364 469 costa
1377 448 1416 470 est
1429 441 1475 470 illa
1491 442 1598 478 mulier,
1605 453 1657 472 non

913 483 1001 506 tamen
1014 484 1070 507 tua.
1084 478 1114 508 Si
1128 488 1191 517 ergo
1203 488 1255 507 non
1264 478 1307 508 illi
1319 478 1432 518 dixeris,
1446 491 1497 509 non
1513 481 1588 510 illam
1598 492 1659 511 con-

913 516 1005 546 firmes
1029 527 1086 546 esse
1105 518 1247 558 conjugem
1268 525 1342 547 tuam
1356 531 1363 547 :
1387 520 1409 548 si
1434 527 1521 549 autem
1544 521 1657 556 dixeris,

914 556 1043 586 mentiris.
1059 557 1089 587 Si
1103 568 1167 597 ergo
1178 558 1251 587 Deus
1264 557 1299 587 ad
1313 558 1363 586 hoc
1378 560 1528 589 masculum
1541 567 1566 589 ct
1580 562 1659 590 femi-

913 605 975 624 nam
989 606 1024 625 ex
1037 606 1091 626 uno
1110 597 1223 633 creavit,
1237 604 1267 626 ut
1291 598 1344 627 sint
1358 607 1443 627 unum
1457 611 1464 628 ε
1490 610 1574 638 quare
1595 611 1659 640 ergo

914 641 939 664 et
952 634 987 665 de
1011 642 1104 665 caetero
1117 636 1161 667 vir
1172 643 1198 665 et
1217 637 1315 666 mulier
1328 647 1379 666 non
1393 648 1428 667 ex
1443 649 1496 667 uno
1521 645 1595 668 utero
1608 651 1658 669 na-

914 682 1040 711 scantur,
1062 676 1132 705 sicut
1152 676 1274 705 volatilia
1297 676 1440 715 quaedam?
1465 678 1536 714 Quia
1562 680 1634 708 Deus
1649 702 1656 713 ,

914 714 1038 753 quamvis
1060 715 1210 745 masculum
1229 722 1255 744 et
1279 716 1406 745 feminam
1429 717 1540 755 quidem
1559 719 1659 748 creavit

914 751 1024 794 propter
1037 753 1217 784 necessitatem
1237 754 1356 784 filiorum
1372 757 1596 795 generandorum,
1616 765 1659 787 ta—

915 803 975 822 men
989 803 1093 834 semper
1107 794 1235 828 castitatis
1248 794 1300 824 fuit
1319 802 1431 832 amator,
1447 803 1472 825 et
1490 797 1658 826 continentiae

880 843 898 866 B
915 839 1016 862 auctor.
1029 833 1095 863 Ideo
1105 834 1182 863 illum
1191 841 1286 874 typum
1298 844 1351 863 non
1365 836 1482 865 servavit
1495 836 1522 865 in
1537 837 1658 865 homini-

915 872 977 909 bus,
993 879 1022 902 ut
1042 873 1069 902 siv
1092 873 1201 912 quidem
1216 874 1276 903 vult
1300 873 1380 903 homo
1393 875 1495 904 nubere
1508 876 1656 905 secundum

935 913 1030 941 rimam
1050 912 1253 953 dispositionem
1267 914 1408 943 creationis
1422 915 1558 952 humanae,
1574 915 1657 944 intel-

915 922 981 991 Ii'gat
992 952 1059 991 quid
1072 959 1112 981 est
1129 953 1172 982 vir
1182 959 1208 981 et
1225 963 1303 982 uxor.
1320 953 1350 982 Si
1363 960 1453 983 autern
1467 954 1584 984 nolucrit
1604 966 1657 984 nu-

916 991 980 1020 bere
990 1013 998 1028 ‚
1021 1002 1074 1021 non
1098 992 1178 1022 habet
1199 992 1379 1022 necessitatem
1403 993 1522 1023 nubendi
1549 1001 1659 1034 propter

916 1031 1128 1070 conjunctionem
1153 1031 1310 1067 nativitatis,
1326 1042 1359 1062 ne
1378 1033 1446 1062 forle
1468 1033 1592 1063 videatur
1610 1044 1659 1074 per

916 1080 992 1099 suam
1006 1071 1195 1100 continentiam
1211 1071 1323 1101 alterum
1333 1075 1344 1088 ‘¹
1356 1072 1478 1112 perdere,
1492 1084 1572 1112 quem
1581 1074 1658 1103 nole—

915 1109 962 1139 bat
984 1121 1041 1140 esse
1055 1110 1083 1139 in
1107 1110 1288 1140 continentia:
1312 1111 1446 1150 quomodo
1459 1111 1580 1142 dicemus
1600 1120 1659 1152 post

916 1149 1087 1191 conjunctum
1102 1150 1312 1187 matrimonium,
1328 1161 1361 1180 ne
1375 1151 1442 1180 alter
1456 1152 1540 1181 altero
1553 1153 1659 1182 nolente

917 1199 945 1218 se
959 1197 1102 1229 separaret.
1120 1191 1150 1220 5.
1174 1191 1299 1230 Propter
1322 1192 1402 1230 quod
1414 1191 1558 1231 relinquet
1572 1193 1658 1221 homo

915 1235 1029 1267 patrem
1050 1239 1135 1259 suum
1157 1235 1187 1258 et
1207 1236 1328 1258 matrem
1342 1240 1437 1267 suam,
1450 1237 1479 1260 et
1500 1232 1658 1261 adhoerebit

917 1270 1003 1297 uxori
1010 1278 1079 1298 sure.
1093 1270 1204 1309 Propter
1222 1269 1310 1307 quid?
1324 1269 1396 1306 Quia
1405 1280 1440 1299 ex
1449 1271 1509 1300 viro
1523 1278 1562 1300 cst
1576 1282 1656 1308 uxor,

916 1313 943 1336 et
961 1317 995 1336 ex
1015 1319 1067 1337 una
1095 1318 1173 1338 carne
1199 1315 1262 1338 sunt
1278 1309 1368 1338 ambo.
1389 1310 1462 1349 Ergo
1478 1321 1549 1340 nunc
1572 1309 1658 1351 major

1720 1323 1809 1353 Σύζυγω

916 1347 1013 1376 caritas
1031 1347 1111 1377 debet
1133 1358 1190 1378 esse
1205 1348 1273 1377 inter
1289 1348 1383 1378 fratres
1402 1356 1428 1378 ct
1449 1360 1553 1379 sorores
1565 1373 1572 1387 ,
1593 1361 1656 1389 quia
1667 1355 1732 1375 ctiam
1746 1355 1805 1390 ‚ira-

915 1386 959 1419 isti
970 1386 1081 1425 quidem
1091 1389 1216 1432 conjuges
1223 1398 1258 1432 ei}
1271 1388 1369 1417 eisdem
1379 1389 1534 1428 parentibus
1545 1398 1654 1428 exeunt,
1668 1390 1710 1407 “⁰⁵
1729 1388 1809 1407 “¹⁶⁰¹“

883 1432 901 1456 C
918 1426 958 1454 illi
985 1433 1074 1456 autem
1096 1437 1131 1456 ex
1153 1427 1283 1457 diversis.
1311 1427 1363 1457 Sed
1390 1428 1441 1456 boc
1467 1439 1594 1467 magnum
1618 1438 1657 1459 est

917 1466 1007 1502 nimis,
1023 1466 1086 1504 quia
1101 1466 1194 1495 sortior
1216 1473 1254 1494 est
1270 1467 1319 1495 Dei
1329 1467 1494 1504 constitutio,
1508 1478 1589 1506 quam
1599 1469 1656 1498 vir-

917 1511 960 1533 tus
974 1513 1084 1533 naturae.
1099 1506 1159 1534 Non
1171 1505 1243 1533 enim
1262 1512 1392 1545 praecepta
1411 1507 1459 1535 Dei
1478 1514 1579 1535 naturae
1591 1508 1656 1536 sub-

912 1543 982 1583 jecta
1003 1550 1074 1580 sunt,
1088 1543 1135 1573 sed
1149 1550 1243 1572 natura
1254 1545 1393 1583 praeceptis
1412 1545 1586 1585 obtemperat.
1603 1548 1657 1576 De-

916 1582 979 1612 inde
1000 1583 1170 1612 fratresiicet
1189 1593 1224 1611 ex
1241 1591 1474 1620 unonascantur,
1497 1592 1582 1614 tamen
1597 1585 1656 1615 ideo

916 1628 1071 1658 nascuntur,
1087 1629 1116 1651 ut
1130 1622 1248 1652 diversas
1268 1622 1326 1652 vias
1341 1630 1439 1662 petant.
1461 1624 1514 1655 Vir
1530 1632 1618 1654 autem
1631 1633 1657 1655 et

916 1672 986 1690 uxor
999 1661 1061 1691 licet
1074 1672 1108 1691 ex
1128 1661 1242 1691 diversis
1262 1669 1414 1698 nascautur,
1428 1670 1515 1692 tamen
1537 1664 1598 1693 idco
1611 1675 1657 1694 na-

915 1708 1037 1737 scuntur,
1053 1708 1083 1730 ut
1097 1701 1125 1730 in
1138 1711 1220 1730 unum
1231 1701 1399 1731 conveniant.
1414 1703 1487 1742 Ergo
1501 1702 1541 1739 hi,
1556 1714 1656 1743 quam-

915 1740 957 1770 vis
970 1747 1033 1770 sunt
1045 1751 1080 1769 ex
1088 1751 1150 1777 uno,
1158 1747 1245 1770 tamen
1259 1751 1311 1769 non
1324 1741 1361 1770 ita
1371 1748 1433 1771 sunt
1445 1742 1523 1780 quasi
1536 1753 1570 1772 ex
1582 1753 1635 1772 uno
1647 1755 1653 1771 :

915 1780 978 1818 quia
992 1779 1026 1809 ad
1050 1780 1102 1809 hoc
1122 1780 1200 1810 creati
1224 1787 1297 1817 sunt,
1314 1787 1343 1810 ut
1367 1790 1419 1810 non
1433 1782 1486 1811 sint
1501 1792 1594 1812 unum.
1611 1783 1657 1813 Illi

915 1826 1004 1848 autem
1022 1819 1144 1858 quamvis
1168 1829 1220 1849 non
1235 1827 1298 1849 sunt
1311 1830 1345 1849 ex
1360 1830 1422 1856 uno,
1435 1828 1521 1850 tamen
1536 1821 1572 1850 ita
1594 1830 1657 1852 sunt

915 1859 991 1898 quasi
1010 1869 1043 1888 ex
1058 1869 1128 1888 uno:
1147 1859 1213 1900 quia
1235 1859 1269 1888 ad
1284 1859 1335 1888 hoc
1353 1860 1433 1889 creati
1453 1867 1526 1897 sunt,
1550 1867 1580 1890 ut
1604 1861 1657 1891 sint

915 1908 1011 1927 unum.
1027 1896 1113 1929 Vides
1134 1908 1208 1937 ergo,
1233 1898 1296 1937 quia
1321 1909 1374 1928 non
1398 1899 1514 1939 seipsum
1538 1900 1658 1939 loquitur

915 1938 981 1967 ordo
995 1937 1116 1967 naturas?
1129 1937 1442 1968 SedordinationcmDei
1453 1950 1487 1968 ex
1500 1940 1584 1979 teipso
1594 1951 1656 1970 con-

915 1977 1012 2006 sidera.
1027 1976 1110 2014 Quod
1129 1977 1198 2006 enim
1211 1977 1290 2006 estin
1304 1978 1395 2007 herbis
1407 1985 1453 2008 aut
1468 1979 1495 2008 in
1516 1979 1656 2009 arboribus

882 2024 901 2047 D
915 2017 1024 2054 humor,
1039 2017 1090 2046 hoc
1102 2023 1141 2046 est
1154 2016 1181 2046 in
1194 2017 1351 2046 hominibus
1372 2028 1456 2047 amor.
1471 2018 1548 2048 Sicut
1567 2018 1657 2048 berbm

915 2067 949 2086 ex
962 2056 1075 2085 humore
1088 2063 1233 2086 nascuntur
1245 2063 1271 2086 et
1283 2064 1415 2094 crescunt,
1428 2057 1466 2087 sic
1476 2058 1598 2087 homines
1610 2069 1658 2097 per

915 2106 1033 2125 amorem
1053 2095 1186 2136 incipiunt
1205 2102 1231 2125 et
1255 2103 1397 2136 augentur.
1420 2098 1524 2126 Humor
1547 2097 1657 2135 quidem

916 2135 950 2164 de
966 2134 1103 2164 radicibus
1117 2134 1234 2165 ascendit
1247 2135 1274 2164 in
1286 2135 1407 2171 herbam,
1425 2136 1459 2166 de
1473 2137 1555 2165 herba
1569 2143 1657 2165 autem

917 2184 969 2203 non
979 2174 1123 2204 revertitur
1134 2173 1169 2203 ad
1177 2174 1290 2211 radioes,
1301 2175 1347 2205 sed
1355 2186 1462 2205 sursum
1471 2175 1658 2204 transmittitur

918 2215 945 2243 in
960 2223 1048 2243 semen
1063 2226 1071 2243 ε
1087 2214 1126 2244 sic
1138 2220 1164 2243 et
1182 2214 1277 2244 caritas
1290 2214 1324 2244 dc
1339 2215 1493 2254 parentibus
1505 2214 1622 2243 ascendit
1632 2214 1659 2242 in

918 2253 988 2283 filios
996 2265 1005 2292 3
1019 2252 1053 2282 de
1066 2253 1131 2283 filiis
1152 2260 1241 2283 autem
1254 2264 1307 2283 non
1321 2254 1465 2283 revertitur
1477 2253 1510 2282 ad
1519 2259 1657 2320 Xan-entes.

918 2293 982 2323 Ideo
999 2299 1121 2333 parentes
1139 2292 1249 2332 quidem
1261 2293 1333 2322 filios
1347 2292 1475 2332 diligunt,
1491 2302 1518 2320 se
1559 2301 1610 2319 non
1622 2292 1659 2320 sic

920 2332 1073 2372 diliguntur
1088 2343 1103 2361 a
1114 2332 1179 2361 filiis
1191 2342 1199 2359 :
1213 2332 1277 2370 quia
1287 2332 1355 2360 sicut
1367 2331 1448 2360 herba
1462 2340 1513 2359 non
1522 2331 1658 2366 deorsum,

921 2372 968 2402 sed
981 2382 1090 2402 sursum
1103 2371 1137 2401 ad
1150 2381 1238 2401 semen
1251 2371 1405 2399 transmittit
1418 2370 1558 2398 humorem
1571 2381 1576 2396 :
1591 2369 1661 2398 sicet

921 2411 1002 2441 homo
1018 2421 1071 2440 non
1086 2410 1120 2440 ad
1133 2417 1265 2451 parentes,
1278 2409 1325 2438 sed
1345 2408 1379 2437 ad
1398 2407 1579 2447 procreandos
1592 2407 1662 2437 filios

1668 1421 1712 1438 tur.

923 2450 1081 2481 transmittit
1087 2451 1221 2480 affectum.
1234 2450 1274 2478 Et
1280 2454 1367 2479 erunt
1379 2448 1437 2476 duo
1447 2449 1478 2476 ιἠ,
1490 2457 1577 2476 carne
1589 2457 1660 2476 una.
1673 2453 1724 2474 Aa.
1736 2453 1759 2481 4.
1773 2452 1812 2474 32.

161 2538 172 2550 ⁸
189 2520 312 2563 Perdere,
329 2540 401 2565 quem
419 2532 522 2557 nolebat
543 2541 596 2556 esse
613 2533 639 2556 in
657 2533 819 2557 continencia.
840 2531 886 2557 Sic
911 2531 988 2557 lebat.
1011 2530 1106 2562 Quovis
1125 2528 1202 2555 modo
1220 2527 1298 2560 legas,
1311 2527 1352 2552 vix
1371 2525 1484 2552 divinare
1502 2526 1581 2559 possis
1601 2527 1663 2560 qnid

129 2569 205 2601 miti,
215 2570 257 2603 qui
269 2570 294 2595 in
307 2570 418 2604 margine
426 2570 534 2596 habent:
546 2570 578 2595 al.
588 2570 697 2596 volebat.
706 2571 735 2598 V.
746 2572 776 2597 D.
787 2572 832 2605 qui
843 2580 888 2596 no-
913 2570 965 2596 baec
975 2570 1022 2595 sibi
1035 2568 1119 2595 velint.

1493 2604 1542 2632 56.
