1904 2840
724 188 756 210 IN

108 250 167 281 ἀντὶ
186 252 248 286 τοῦ,
261 248 495 288 καταράσεται.Ἡ
507 248 559 288 γὰρ
583 247 677 288 Γραφὴ
697 249 732 287 τῇ
756 247 874 288 εὖφημίᾳ

107 290 155 326 τὴν
168 288 317 328 δυσφημίαν
330 288 454 328 ἐκάλυψε.

146 328 199 358 Καὶ
212 328 255 357 διὰ
268 327 295 357 τί
306 330 390 357 ταῦτα
401 326 562 367 γέγραπται;
570 326 628 357 Ἵνα
642 327 674 357 σὺ
686 329 700 357 6
713 326 875 369 wetberga&-

108 371 168 404 θης,
183 367 227 397 ὅτε
245 368 299 396 τῶν
323 367 467 407 ἀλλοτρίων
488 368 577 396 κακῶν
601 368 679 406 διηγῇ
702 366 736 397 τὰ
760 365 874 406 αἰσχρὰ,

107 401 249 437 καλύπτειν
262 407 329 436 αὐτὰ
342 409 375 446 τῆ
389 406 531 446 σεμνότητι
541 408 594 436 τῶν
603 406 709 441 λέξεων.
721 405 767 442 Μὴ
780 404 876 444 σεμνύ-

107 458 152 476 νου
173 448 200 476 αἰ
238 446 271 486 ρὰ
290 446 430 486 πράττων,
444 445 513 475 ἀλλὰ
530 446 670 485 σεμνύνου,
685 446 748 476 ὅταν
762 448 815 475 τῶν
829 446 874 474 αἷ-

108 458 352 555 ειεῶῗεφᾶες
364 485 566 565 ,ΨΜ
587 485 756 562 *affl
771 486 877 554 ..22:⁹23

107 537 306 604 &cxiii-(aroc
326 537 419 604 ὓμῶῖμ
429 537 622 598 Εἴτέχξοθέδς
642 537 820 605 παραίδίδωσιν
841 565 877 597 εἷς

109 604 232 645 δευτέραν
252 608 345 644 πεῖραν
369 604 413 633 τὸν
438 604 596 644 ἀγωνιστὴν,
607 606 655 634 οὐκ
676 604 754 638 αὐτὸς
775 605 806 633 ἐκ
829 605 878 639 τῆς

109 645 202 685 πείρας
217 644 353 684 μανθάνων
366 640 418 677 οἶος
430 640 463 680 ἦν
476 646 490 673 6
504 644 665 683 ἀγωνιστὴς,
679 643 747 673 ἀλλὰ
760 642 804 673 τὸν
818 643 878 672 διά-

110 684 187 714 δολον
202 683 384 723 καταισχύνων
399 685 429 713 ἐκ
442 685 490 719 τῆς
502 683 602 723 πείρας.
616 684 685 717 Θεὸς
695 683 731 723 γὰ
760 681 812 722 πρὸ
824 684 876 712 τῶν

110 723 234 753 ἁπάντων
247 718 300 752 οἶδε
313 723 347 752 τὰ
363 723 459 753 πάντα.
473 722 584 758 Ἐξῆλθε
604 722 632 752 δὲ
651 725 665 752 6
684 695 803 755 διάὲολος
825 721 878 751 ἀπὸ

110 762 253 802 προσώπου
265 762 372 802 Κυρίου,
385 762 431 792 καὶ
447 762 539 792 ἔπαισε
550 761 595 791 τὸν
607 761 671 792 Ἰὼὸ
684 761 757 792 ἕλκει
769 763 877 802 πονηρῷ

111 802 164 832 ἀπὸ
187 803 274 832 ποδῶν
292 802 341 836 ἕως
358 814 389 832 κε
409 803 484 838 αλῆς.
503 801 588 831 Ὀλον
602 803 681 831 abedo
702 801 733 831 τὸ
753 803 831 839 σῶμα
849 801 877 830 ἓν

110 845 217 881 τραῦμα
239 841 376 879 ἐποίησεν,
390 813 436 871 ἕνα
460 840 588 880 με’)λωπα.
602 840 679 871 Ἔδει
716 841 749 881 ὰρ
769 841 828 870 ὅλον
843 841 877 870 δι’

110 882 172 911 ὅλου
186 883 382 922 στεφανωθῆναι
392 881 470 910 αὐτὸν
483 880 643 920 ἀγωνιστήν.
652 853 718 910 ’Ag
730 881 819 910 ποδῶν
827 879 877 914 ἕως

110 922 227 961 κεφαλῆς
238 919 269 949 τὸ
287 923 391 960 τραῦμα
409 920 439 950 τὸ
452 919 591 960 σωτήριον,
605 920 636 949 τὸ
653 919 729 953 ἕλκος
746 919 778 949 τὸ
791 920 877 949 ἐπινί-

111 972 183 996 κιον,
203 960 278 993 ἕλκος
299 961 368 990 κατὰ
392 959 439 999 μὲν
460 960 491 989 τὸ
508 959 663 999 φαινόμενον
682 961 783 1000 ἰχῶρας
806 958 878 999 ῥέον,

110 1000 180 1030 κατὰ
193 999 220 1029 δὲ
232 999 262 1029 τὸ
276 999 414 1038 νοούμενον
428 999 557 1040 εὗφημίας
570 998 661 1038 γέμον.
675 1000 710 1028 Οἱ
726 1000 819 1039 ἰχῶρες
831 1001 877 1028 τοῦ

783 187 840 211 JOB
866 186 977 211 SERMO
1003 187 1038 211 1v
1043 203 1051 211 .

1607 191 1671 226 7⁰¹

927 248 1047 287 gnificat,
1069 249 1217 279 maledicet.
1232 251 1301 282 Nam
1319 251 1458 292 Scriptura
1493 251 1678 283 benedictione

928 287 1143 318 maledictionem
1157 289 1339 326 adumbravit.

969 328 999 356 2.
1011 328 1047 357 Et
1063 338 1113 357 cur
1131 328 1188 358 baec
1207 329 1307 375 scripta
1328 331 1409 360 sunt?
1422 332 1462 361 Ut
1479 337 1509 360 tu
1523 330 1612 361 fidelis
1631 331 1675 361 di-

929 377 1002 403 scas,
1025 378 1087 396 cum
1107 368 1187 397 alieni
1201 369 1266 398 malt
1286 370 1376 410 turpia
1397 370 1563 407 narraveris,
1581 370 1675 401 eadem

929 407 1073 436 verborum
1087 407 1223 437 honestate
1232 409 1326 438 velare.
1347 411 1387 439 Ne
1401 410 1525 449 glorieris
1535 409 1602 439 dum
1612 417 1673 441 -tur—

931 445 975 484 pia
993 453 1139 487 perpetras,
1151 447 1197 476 sed
1215 447 1282 477 dum
1295 449 1417 488 turpium
1438 449 1572 488 colloquia
1586 450 1670 490 sugis.

931 485 999 514 Ideo
1012 486 1050 515 ait
1061 487 1214 526 apostolus:
1232 488 1324 516 Omne
1338 490 1459 518 verbum
1481 495 1564 528 turpe
1578 499 1614 519 ne
1624 501 1674 519 επ·-
1683 491 1768 521 Ephes.
1777 490 1800 522 4·

929 531 979 554 eat
991 535 1028 554 ex
1048 536 1098 555 ore
1116 533 1227 556 vestro.
1242 527 1311 556 Hinc
1319 528 1393 557 Deus
1411 528 1538 558 athletam
1551 529 1674 559 secundae
1685 528 1725 551 ²⁹·

930 565 1067 594 tentationi
1082 565 1204 601 tradidit,
1216 576 1269 596 non
1279 573 1310 596 ut
1321 567 1378 606 ipse
1386 567 1549 607 experientia
1562 568 1676 599 discere‘t

930 604 1019 642 qualis
1029 611 1144 634 certator
1157 612 1234 641 esset,
1248 605 1296 635 sed
1311 613 1340 635 ut
1353 606 1493 644 diabolum
1511 608 1674 653 experientia

930 643 1114 683 pudefaceret.
1128 645 1203 674 Deus
1213 645 1285 674 enim
1303 652 1363 675 ante
1377 656 1469 675 omnes
1479 657 1568 676 omnia
1585 648 1672 679 novit.

930 684 1076 721 Egressus
1097 690 1140 714 est
1151 694 1238 723 porro
1253 685 1390 715 diabolus
1406 696 1426 714 a
1429 686 1518 726 facie
1541 687 1674 726 Domini,

931 729 960 752 et
969 725 1111 762 percussit
1129 725 1188 753 Job
1204 724 1300 753 ulcere
1316 727 1441 770 pessimo
1459 735 1479 754 a
1496 726 1616 764 pedibus
1627 737 1675 757 us-

931 773 988 802 que
1002 763 1044 792 ad
1062 769 1157 803 caput.
1173 764 1274 793 Totum
1299 774 1357 804 ejus
1375 775 1421 794 eor
1441 775 1473 794 us
1487 775 1572 794 unum
1597 766 1676 797 ulcus

931 802 1018 831 effecit
1027 825 1035 839 ‚
1061 813 1145 832 unum
1169 803 1294 833 livorem.
1320 805 1422 844 Oporte
1458 810 1468 833 t
1494 804 1564 834 enim
1588 811 1675 836 totum

931 841 1041 871 omnino
1067 842 1189 872 coronari
1218 843 1384 873 luctatorem.
1406 846 1429 873 A
1449 843 1565 883 pedibus
1589 855 1675 884 usque

931 880 1048 921 adcaput
1062 881 1140 911 ulcus
1154 882 1281 919 salutare,
1294 882 1373 912 ulcus
1395 883 1570 922 triumphale,
1584 884 1673 922 ulcus,

932 927 961 949 ut
972 919 1081 960 quidem
1089 921 1244 958 videbatur,
1251 922 1350 951 saniem
1358 922 1489 958 emittens,
1499 929 1528 951 ut
1539 923 1674 963 intellige-

931 959 1012 989 batur
1023 967 1123 997 autem,
1137 960 1321 991 benedictione
1330 961 1451 1001 plenum.
1468 962 1560 992 Sanies
1577 963 1675 994 ulceris

932 1009 1018 1038 parvo
1030 1006 1149 1040 tempore
1163 999 1272 1037 fluebat,
1287 1000 1391 1036 laudes,
1407 1011 1473 1040 quas
1484 1008 1614 1032 certamen
1629 1013 1675 1043 pe-

1685 692 1737 715 Job.
1750 699 1773 715 2.
1787 700 1810 723 7.

110 1040 202 1072 ἕλκους
219 1040 247 1068 ἐν
266 1039 363 1078 ὀλίγοις
378 1038 481 1078 χρόνοις
501 1037 627 1077 ἐγένοντο,
641 1039 669 1067 αἱ
690 1038 717 1067 δὲ
736 1037 877 1078 εὐφημίαι,
889 1050 924 1069 ⁵95
932 1038 1012 1078 perit,
1026 1049 1161 1078 peremne
1174 1039 1302 1069 saeculiun
1317 1050 1369 1069 non
1383 1040 1517 1070 deficient.
1527 1042 1675 1073 Percussit

111 1079 142 1113 ἃς
157 1078 282 1109 ἀπέτεκεν
293 1081 310 1114 ἡ
324 1078 442 1113 ἄθλησις,
451 1080 487 1111 εἷς
497 1077 584 1107 πάντα
597 1077 642 1106 τὸν
656 1079 738 1107 αἰῶνα
749 1079 797 1107 οὐκ
811 1079 877 1107 ἀνα-

110 1119 254 1148 λίσκονται.
268 1117 399 1147 Ἐπαισεν
419 1117 496 1146 αὐτὸν
513 1117 586 1146 ἕλκει
602 1119 710 1157 πονηρῷ
724 1117 777 1146 ἀπὸ
790 1117 877 1147 ποδῶν

113 1158 161 1191 ἕως
171 1159 299 1198 κεφαλῆς,
311 1156 354 1186 ἵνα
365 1157 424 1190 ὅλος
438 1157 470 1185 δι’
484 1157 544 1185 ὅλου
559 1157 610 1185 τῶν
626 1158 712 1195 μελῶν
723 1157 879 1196 στεφανίτης

114 1198 271 1236 &verset-103.
291 1191 358 1225 Eira
379 1195 470 1231 ἐπειδὴ
497 1196 542 1225 τὸν
565 1195 633 1225 οὕτω
658 1196 880 1235 δυσπραγήσαντα

113 1239 152 1277 τῷ
170 1230 275 1275 σώματι
292 1235 371 1269 τόπος
384 1235 509 1275 ἐντείχιος
527 1236 575 1264 οὐκ
594 1235 711 1275 ἐδέχετο,
724 1235 793 1264 ἀλλὰ
805 1240 879 1265 πᾶσα

112 1278 130 1311 ἡ
149 1275 220 1305 οἰκία
233 1275 352 1309 ἐξωθεῖτο
364 1278 464 1310 τοῦτον,
479 1276 515 1307 ὡς
526 1274 710 1313 λελωὸημένον
722 1275 762 1314 (οὗ
782 1274 816 1314 γὰ
865 1287 879 1304 ν

113 1327 141 1345 τι
154 1315 241 1355 ἕτερον
254 1315 284 1344 τὸ
296 1317 402 1354 τραῦμα
415 1316 461 1344 τοῦ
474 1313 546 1349 Ἰὼὸ,
561 1315 583 1343 εἰ
598 1314 635 1352 μὴ
649 1313 789 1350 λώὸησις),
802 1315 814 1343 ἕ
829 1316 878 1350 ἧλ-

114 1357 157 1384 θεν
170 1354 220 1388 ἔξω
232 1356 280 1390 τῆς
293 1353 394 1387 πόλεως
409 1355 423 1383 6
433 1356 479 1382 τοῦ
492 1352 591 1392 κόσμου
612 1353 747 1393 ἀλλότριος
755 1365 762 1372 ·
773 1353 879 1389 ἐξῆλθεν

113 1393 163 1427 ἔξω
185 1396 232 1429 τῆς
247 1394 357 1429 πόλεως,
375 1393 421 1422 καὶ
443 1392 556 1428 ἐκάθητο
576 1392 620 1422 ἐπὶ
640 1393 763 1433 κοπρίας·
776 1392 881 1429 ἐξῆλθεν

114 1433 165 1467 ἔξω
179 1435 227 1468 τ’ῆς
243 1432 353 1467 πόλεως,
367 1434 397 1463 οὔ
410 1432 538 1471 κοσμικὸν
553 1432 622 1472 ἔχων
642 1432 686 1462 τὸν
701 1433 806 1471 ἀγῶνα,
821 1432 881 1462 ἀλλ’

113 1472 305 1512 ὓπερὸαίνοντα
323 1472 372 1508 τὴν
385 1475 520 1512 παροῦσαν
531 1472 702 1502 κατάστασιν.
714 1472 754 1501 Τὸ
766 1472 818 1512 γὰρ
831 1471 882 1506 ἔξω

114 1515 162 1548 τῆς
173 1513 273 1545 πόλεως
284 1507 360 1546 εἶναι,
373 1511 418 1540 καὶ
429 1515 474 1541 τοῦ
487 1511 599 1550 τείχους,
612 1510 688 1540 εἰκὼν
701 1507 734 1547 ἦν
747 1515 793 1541 τοῦ
804 1523 883 1540 σταυ-

117 1555 161 1591 ροῧ
179 1555 225 1580 τοῦ
240 1553 366 1591 Χριστοῦ.
379 1550 431 1580 Διὰ
449 1553 526 1580 τοῦτο
539 1553 553 1579 6
571 1551 677 1583 Παῦλος
690 1550 775 1589 λέγει·
789 1545 840 1579 Ὧν
855 1551 869 1579 δ

116 1591 265 1630 εἰσφέρεται
277 1590 350 1624 ζώων
368 1589 398 1618 τὸ
411 1585 478 1628 αἷμα
491 1591 528 1622 εἰς
540 1589 574 1618 τὰ
587 1589 659 1628 ἅγια,
669 1589 768 1618 τούτων
779 1589 813 1618 τὰ
826 1589 881 1618 σώ-

117 1642 190 1669 ματα
214 1629 387 1659 κατακαίεται
408 1628 457 1662 ἔξω
479 1631 527 1663 τ’ῆς
546 1627 787 1668 παρεμὸολῆς.Διὰ
808 1631 885 1658 τοῦτο

116 1670 162 1699 καὶ
183 1671 197 1698 6
211 1667 380 1704 Ἰησοῦς,ἵνα
398 1667 492 1706 ἁγιάζῃ
511 1667 556 1696 τὸν
575 1667 656 1703 λαὸν,
668 1666 717 1701 ἔξω
734 1669 781 1703 τῆς
799 1668 885 1703 πύλης

117 1709 207 1738 ἔπαθε.
223 1707 336 1748 Χριστὸς
349 1707 398 1742 ἔξω
411 1710 458 1743 τῆς
471 1707 570 1742 πύλης·
585 1706 647 1736 ’1ὼὸ
661 1706 710 1741 ἔξω
723 1709 770 1742 τῆς
783 1706 885 1741 πόλεως

118 1748 237 1778 ἐκάθισεν
247 1747 291 1776 ἐπὶ
304 1746 414 1786 κοπρίας
423 1758 429 1764 ·
441 1749 455 1776 6
466 1749 513 1781 τῆς
527 1746 660 1779 εὒσεὸείας
673 1745 778 1786 σπόρος,
790 1747 804 1775 6
816 1746 883 1776 σπό-

119 1799 162 1828 ρος
184 1789 229 1823 τῆς
248 1788 394 1826 ὑπομονῆς,
408 1786 451 1815 ἐπὶ
480 1787 532 1814 τῶν
550 1785 662 1826 θλίψεων
685 1786 885 1825 κοπριζόμενος,

119 1826 237 1856 ἐκάθισεν
256 1827 300 1855 ἐπὶ
321 1825 449 1875 κοπρίας,
460 1825 596 1864 ἀναμένων
615 1825 659 1875 τὸν
680 1825 812 1893 ἐγεέροντὲι
833 1825 885 1855 ἀπὸ

134 1864 735 1945 εὲλῖἷὲἵὸέὲῖἷζοῖπῖὸχῖἒρᾷζςεῗέἑῖἔῖἶῖῗὴν
748 1876 885 1944 ἒῖψῪῖἷᾴ

119 1944 324 1985 ἔστηριγμένην·
338 1945 433 1973 ἔὸλεπε
448 1944 479 1973 τὸ
494 1946 572 1982 σῶμα
586 1943 726 1978 σκώληκας
740 1943 826 1984 φέρον,
837 1943 886 1980 τὴν

119 1985 147 2014 δὲ
160 1985 248 2026 ψυχὴν
263 1984 397 2014 εὔσέὸειαν
410 1983 601 2013 ἀπατίκτουσαν
611 1994 617 2000 ·
632 1982 727 2012 mm
746 1983 776 2012 τὸ
795 1982 885 2022 γήϊνον

119 2027 210 2057 σκεῦος
231 2024 406 2064 φθειρόμενον,
424 2023 469 2052 καὶ
490 2023 622 2061 ἐμέμνητο
642 2022 694 2062 πρὸ
712 2025 758 2051 τοῦ
777 2022 885 2066 Παύλου

118 2067 171 2093 τῶν
189 2067 235 2094 τοῦ
251 2063 358 2093 Παύλου
377 2062 510 2102 ῥημάτων·
520 2062 618 2101 ἔπρεπε
631 2061 682 2101 γὰρ
697 2063 768 2102 αὐτῷ
782 2062 866 2101 λέγειν
880 2074 886 2080 ·

119 2103 203 2133 “Oeov
215 2106 229 2133 6
241 2103 332 2137 ἔξωθεν
346 2104 422 2141 ἡμῶν
437 2102 570 2141 ἄνθρωπος
588 2102 780 2141 διαφθείρεται,
790 2104 885 2131 τοσοῦ-

118 2154 163 2172 τον
185 2145 200 2172 6
225 2143 319 2172 ἔσωθεν
345 2141 538 2175 ἀνακαινίζεται
560 2141 613 2179 ἡμέ
631 2152 662 2169 αν
690 2143 761 2170 καθ’,
774 2139 885 2180 ἡμέραν.

118 2181 235 2211 Ἔλαὸεν
248 2182 385 2220 ὄστρακον,
398 2179 442 2209 ἵνα
454 2181 498 2210 τὸν
517 2182 602 2220 ἰχῶρα
634 2179 681 2219 ε’σῃ
690 2201 698 2214 ,
709 2182 747 2220 τῷ
763 2179 884 2220 ὀστράκῳ

118 2222 164 2251 τὸν
186 2222 271 2270 ῖγῶρα
290 2219 415 2255 ἀποξέων,
435 2221 468 2258 τῇ
487 2221 606 2258 ὀπομονῇ
624 2220 668 2249 τὸν
689 2219 886 2258 ἀνταγωνιστὴν

119 2255 229 2290 ἐκλύων.
252 2260 359 2299 Επρεπε
368 2258 413 2287 καὶ
425 2259 496 2298 αὐτῷ
506 2258 592 2297 λέγειν
604 2258 743 2298 κατέχοντι
754 2259 784 2288 τὸ
794 2258 841 2287 ὄστ
859 2271 886 2287 α-

119 2312 174 2330 κον·
190 2300 310 2339 Ἔγομεν
329 2298 357 2327 δὲ
376 2298 419 2327 τὸν
437 2299 521 2332 θησαυ
587 2299 677 2326 τοῦτον
698 2298 724 2326 ἐν
739 2271 885 2337 ὀστρακίνῳ

120 2339 219 2369 σκεύει.
231 2333 364 2373 Ἐκάθητο
377 2337 420 2366 ἐπὶ
433 2336 543 2376 κοπρίας
557 2339 571 2366 6
586 2336 697 2369 πολλοὺς
711 2337 764 2366 ἀπὸ
776 2337 887 2376 κοπρίας

120 2379 234 2419 ἰγείρας·
249 2377 341 2407 ἔλαὸεν
361 2378 498 2415 ὄστρακον,
511 2376 554 2404 ἵνα
576 2375 620 2405 τὸν
643 2377 729 2427 ῖχῦἷρα
749 2375 826 2415 ξέσῃ·
848 2378 887 2416 τῷ

119 2421 204 2457 νεκρῷ
218 2418 296 2453 πηλῶ
312 2417 356 2446 τὸν
371 2417 456 2450 ζῶντα
469 2415 553 2451 πηλὸν
576 2413 653 2447 ἔξεεν.
683 2415 770 2444 Ηλθον
781 2417 805 2444 οἱ
818 2419 887 2455 τρεῖς

121 2457 207 2498 φίλοι·
226 2446 336 2486 καλοῦσι
350 2455 401 2495 γὰρ
415 2456 442 2483 αἱ
456 2453 589 2494 συμφοραὶ
602 2453 662 2486 τοὺς
675 2453 764 2494 φίλους
783 2455 820 2488 εἰς
832 2466 887 2484 πα-

123 2495 266 2535 ραμυθίαν·
281 2491 358 2531 ἦλθεν
372 2493 497 2534 Ἐλιφὰζ,
509 2493 614 2532 Σοφὰρ,
628 2492 672 2522 καὶ
686 2493 806 2528 Βαλδὰδ,
818 2498 887 2534 τρεῖς

123 2536 238 2573 βασιλεῖς
261 2535 326 2584 πρὸς
352 2534 396 2563 ἕνα
421 2532 539 2572 βασιλέα.
558 2532 686 2566 Βασιλεὺς
707 2533 758 2573 γὰρ
779 2529 812 2569 ἦν
833 2534 885 2573 πρὸ

122 2575 214 2604 τούτου
226 2577 240 2603 6
256 2575 349 2611 λεγωψ
363 2573 454 2611 ῚΙμην
475 2572 500 2602 δὲ
516 2573 541 2601 ἐν
563 2574 648 2605 αὐτοῖς
665 2573 700 2605 ὡς
720 2572 841 2611 βασιλεὺς
856 2574 883 2602 ἰν

897 1079 916 1101 Α
931 1088 997 1107 eum
1010 1079 1106 1108 ulcere
1114 1082 1238 1118 pessimo
1255 1089 1274 1108 a
1285 1081 1407 1119 pedibus
1420 1090 1512 1120 usque
1521 1081 1562 1110 ad
1574 1091 1610 1111 ca
1629 1088 1674 1120 ut,

932 1123 962 1146 ut
975 1124 1046 1147 totus
1056 1128 1104 1158 per
1117 1118 1206 1147 omnia
1221 1120 1341 1149 membra
1359 1126 1502 1150 coronatus
1522 1127 1595 1150 osten
1616 1131 1674 1151 ere-

930 1163 986 1186 tur.
1001 1157 1106 1186 Deinde
1119 1157 1182 1197 quia
1195 1158 1333 1188 hominem
1348 1169 1462 1199 corpore
1473 1166 1528 1189 tam
1546 1161 1616 1190 male
1626 1160 1676 1190 ha-

931 1196 1039 1235 bentem
1055 1197 1148 1227 nullus
1170 1197 1245 1227 locus
1267 1208 1346 1227 muro
1365 1198 1467 1228 cinctus
1480 1199 1613 1238 capiebat,
1628 1200 1677 1230 sed

931 1235 1035 1274 qumvis
1055 1235 1153 1266 domus
1165 1247 1228 1266 eum
1241 1237 1404 1277 depellebat,
1425 1245 1455 1267 ut
1475 1238 1537 1268 tabe
1550 1239 1676 1269 affectum

932 1275 1020 1311 (nibil
1037 1275 1109 1305 enim
1131 1275 1208 1305 aliud
1221 1283 1276 1306 erat
1293 1277 1369 1307 ulcus
1386 1277 1449 1308 Jobi
1470 1288 1552 1317 quam
1572 1279 1673 1317 tabes),

932 1324 1053 1353 egressus
1068 1321 1108 1344 cst
1121 1322 1196 1345 extra
1209 1315 1355 1353 civitatem,
1367 1316 1415 1356 qui
1428 1327 1443 1346 a
1454 1317 1556 1347 mundo
1570 1318 1676 1348 alienus

932 1360 1000 1392 erat;
1014 1364 1135 1392 egressus
1147 1362 1186 1384 est
1203 1362 1279 1385 extra
1305 1356 1452 1394 civitatem,
1472 1363 1498 1386 et
1511 1357 1619 1387 sedebat
1646 1358 1675 1387 in

931 1393 1101 1432 sterquilinio
1108 1405 1117 1430 ;
1135 1404 1256 1434 egressus
1275 1402 1314 1425 est
1330 1403 1405 1425 extra
1427 1396 1561 1427 civitatem
1582 1397 1605 1427 is
1628 1397 1676 1436 qui

932 1442 985 1461 non
1005 1433 1171 1463 mundanum
1183 1435 1347 1474 suscipiebat
1362 1442 1511 1471 certamen,
1536 1436 1583 1466 sed
1601 1437 1676 1476 quod

933 1479 1089 1511 proesentem
1102 1480 1200 1502 statum
1213 1474 1363 1503 excederet.
1378 1475 1446 1504 Nam
1460 1475 1534 1513 quod
1547 1483 1622 1506 extra
1634 1477 1675 1508 ci-

932 1511 1042 1540 vitatem
1056 1518 1082 1541 et
1095 1523 1189 1541 muros
1202 1520 1279 1548 esset,
1294 1513 1383 1553 imago
1396 1520 1452 1543 erat
1460 1515 1548 1543 crucis
1560 1515 1673 1545 Christi.

934 1550 997 1579 Ideo
1016 1551 1116 1579 Paulus
1130 1550 1196 1579 dicit
1209 1562 1216 1578 ε
1239 1553 1368 1590 Quorum
1382 1559 1477 1582 aulem
1499 1554 1675 1586 ,animalium
1687 1565 1754 1587 llebr.
1774 1566 1809 1589 ¹3.

935 1591 1055 1629 sanguis
1069 1591 1233 1628 infer-turin
1241 1598 1355 1626 sancta,
1368 1593 1472 1620 horum
1484 1603 1607 1631 corpora
1615 1605 1675 1623 cre·
1688 1604 1695 1618 1
1703 1604 1723 1620 ι-

902 1640 919 1663 B
936 1635 1055 1657 mantur·
1062 1635 1147 1658 extra
1159 1636 1267 1659 casem.
1285 1630 1348 1659 Ideo
1357 1631 1446 1668 Jesus,
1461 1638 1490 1660 ut
1502 1632 1676 1663 sanctificaret

936 1667 1078 1707 populum,
1090 1674 1165 1697 extra
1177 1675 1281 1707 portam
1292 1680 1385 1709 passus
1398 1677 1448 1699 est.
1467 1671 1591 1701 christus
1601 1680 1676 1702 extra

937 1713 1057 1746 portam3
1071 1707 1124 1737 Joh
1135 1714 1210 1737 extra
1229 1709 1323 1738 urbem
1341 1709 1448 1739 sedebat
1458 1710 1484 1739 in
1494 1711 1674 1750 sterquilinio.

936 1745 1044 1776 Pietatis
1064 1756 1164 1783 semen,
1179 1748 1315 1785 patientiae
1327 1759 1415 1777 semen
1429 1749 1455 1778 in
1473 1751 1599 1780 aerumnis
1612 1751 1676 1781 fimo

936 1785 1074 1814 conditum
1086 1786 1193 1816 sedebat
1206 1786 1233 1816 in
1242 1788 1424 1826 sterquilinio,
1437 1799 1545 1819 manens
1556 1800 1619 1820 eum
1628 1791 1676 1830 qui

937 1825 1046 1854 suscitat
1058 1824 1093 1854 de
1112 1832 1180 1855 terra
1194 1836 1350 1866 pauperem,
1367 1833 1394 1856 ct
1414 1827 1448 1857 de
1461 1835 1576 1858 stercore
1597 1831 1676 1870 erigit
1687 1837 1753 1860 Psal.
1773 1843 1826 1860 ιη.

937 1864 1054 1904 inopem.
1078 1865 1207 1902 Videbat,
1227 1866 1330 1902 fratres,
1349 1877 1448 1906 corpus
1470 1867 1601 1905 defluens,
1618 1871 1712 1899 ani-7·

937 1914 1009 1933 mam
1021 1914 1085 1933 vero
1109 1903 1254 1934 stabilitam
1264 1916 1274 1943 ς
1290 1905 1398 1935 videbat
1416 1917 1515 1946 corpus
1539 1909 1677 1939 vermibus

937 1949 1047 1978 scatens,
1064 1944 1179 1973 animam
1193 1955 1256 1974 vero
1274 1945 1381 1985 pietatis
1401 1953 1555 1985 parentem;
1567 1947 1677 1978 videbat

908 2016 910 2018 v
938 1993 984 2011 vas
998 1982 1120 2021 figlinum
1131 1990 1297 2023 corruptum,
1314 1992 1340 2014 et
1353 1992 1414 2014 ante
1424 1985 1539 2015 Paulum
1554 1987 1677 2017 recorda-

937 2027 980 2050 tus
1000 2029 1039 2051 cst
1065 2022 1207 2052 verborum
1227 2024 1303 2053 Pauli
1317 2035 1324 2052 :
1336 2035 1384 2064 par
1406 2031 1462 2054 erat
1486 2026 1557 2055 enim
1579 2033 1609 2056 ut
1630 2027 1678 2056 ille

937 2059 1035 2090 diceret
1051 2071 1058 2088 ε
1087 2062 1235 2100 Quantum
1251 2070 1387 2093 externus
1401 2070 1498 2093 noster
1509 2066 1594 2094 homo
1614 2077 1677 2095 cor-
1687 2080 1709 2095 2.
1728 2072 1781 2095 Cor.
1800 2073 1824 2101 4.

938 2102 1091 2140 rumpitur,
1108 2107 1219 2131 tantum
1233 2103 1363 2132 internus
1374 2111 1531 2134 renovatur
1538 2106 1574 2134 de
1586 2106 1633 2134 die
1645 2109 1676 2135 ιἠ.
1690 2103 1725 2126 ¹⁶·

938 2140 1025 2169 diem.
1043 2141 1150 2180 Accepit
1166 2147 1309 2175 testam.ut
1328 2143 1428 2172 saniem
1442 2143 1597 2174 abraderet:
1611 2152 1676 2174 testa

938 2179 1038 2208 saniem
1047 2180 1202 2215 abradebat,
1217 2181 1343 2221 patientia
1357 2193 1421 2211 vei-0
1432 2182 1537 2212 hostem
1552 2184 1678 2223 profliga-

937 2218 994 2248 bar.
1007 2220 1059 2248 Par
1070 2226 1127 2249 erat
1140 2226 1169 2249 ut
1178 2220 1236 2260 ipse
1242 2227 1335 2250 testam
1345 2228 1434 2251 tenens
1446 2221 1544 2252 diceret
1560 2235 1567 2251 z
1580 2223 1678 2252 Habe·
1688 2227 1748 2249 lbid.
1757 2234 1777 2247 v.
1788 2232 1811 2255 7.

939 2268 1002 2287 mus
1009 2264 1104 2288 autem
1113 2260 1280 2289 thesaurum
1290 2261 1368 2290 hunc
1376 2263 1407 2290 in
1415 2271 1488 2290 vase
1498 2262 1586 2300 fictili
1590 2262 1678 2291 .Sede.-

904 2299 923 2323 C
938 2297 983 2326 bat
995 2298 1022 2326 in
1029 2305 1142 2328 stercore
1150 2298 1197 2338 qui
1212 2300 1312 2329 multos
1319 2299 1354 2329 de
1367 2307 1482 2329 stercore
1491 2307 1623 2329 erexerat:
1634 2311 1678 2329 ac-

938 2337 1007 2376 cepit
1014 2343 1114 2373 testam,
1123 2349 1175 2377 qua
1182 2339 1282 2368 saniem
1294 2338 1448 2368 abraderet:
1461 2346 1566 2367 mortuo
1576 2339 1632 2367 luto
1642 2339 1679 2368 vi-

938 2376 1001 2405 v'ens
1017 2376 1105 2406 lutum
1123 2377 1422 2408 abradebat.Venerunt
1434 2384 1486 2406 tres
1500 2377 1577 2406 amici
1588 2377 1677 2414 ;cala-

937 2415 1040 2446 mitates
1062 2417 1131 2446 enim
1149 2418 1249 2446 amicos
1270 2416 1305 2445 ad
1322 2415 1529 2445 consolationem
1550 2416 1675 2446 trahunt:

936 2462 1066 2485 venerunt
1076 2456 1121 2485 Eli
1123 2456 1202 2496 phaz,
1210 2455 1325 2500 Sophar‚
1334 2462 1360 2484 et
1375 2454 1488 2490 Baldad,
1496 2461 1548 2484 tres
1559 2466 1634 2495 reges
1643 2458 1678 2486 ad

937 2505 1021 2524 unum
1035 2506 1134 2535 regem.
1142 2495 1202 2524 Rex
1209 2505 1278 2523 enim
1286 2494 1475 2531 anteaeratqui
1491 2493 1571 2522 dicit:
1583 2496 1676 2525 Eram
1686 2504 1738 2525 lob.
1747 2503 1828 2533 29.25.

937 2539 1034 2563 autem
1046 2535 1078 2562 in
1089 2536 1130 2563 eis
1137 2534 1210 2562 sicut
1221 2543 1271 2561 rex
1280 2534 1312 2561 in
1318 2533 1466 2560 accinctis.
1475 2534 1516 2562 Et
1527 2534 1674 2572 sederunt,
1685 2547 1737 2568 Job.
1751 2553 1772 2568 η,
1790 2547 1815 2569 13

938 2574 1035 2612 inquit,
1048 2575 1079 2602 in
1088 2578 1240 2611 conspectu
1246 2572 1268 2601 J
1269 2573 1303 2600 ob
1313 2578 1419 2609 septem
1430 2572 1530 2602 diebus
1536 2579 1563 2603 et
1569 2579 1676 2612 septem
