1890 2826
770 198 804 220 m
832 197 1021 221 namnum.

112 260 223 299 προσθεν
237 259 327 288 αὐτοῦ.
350 258 493 298 Κριτήριον
513 258 645 288 ἐκάθισεν.
668 258 812 294 Τουτέστι,
833 259 877 287 διὰ

112 306 189 333 τοῦτο
199 303 372 347 παρεγένετο,
385 302 455 333 ὥστε
476 304 611 344 κριτήριον
632 304 748 334 καθίσαι.
764 303 818 333 Καὶ
832 302 877 342 βί-

112 348 172 378 ὄλοι
184 348 363 388 ἀνεῴχθησαν.
384 348 421 379 Τί
432 349 532 389 λέγεις,
547 349 656 389 βιὸλίων
669 351 683 379 ὁ
697 349 765 383 Θεὸς
779 350 877 386 δεῖται,

111 394 147 424 ‘0
157 394 192 424 τὰ
203 394 291 424 πάντα
304 395 379 428 εἰδὼς
389 395 452 435 πρὶν
469 395 595 435 γενέσεως
605 397 709 433 αὖτῶν;
724 395 758 425 Ὁ
775 395 879 428 πλάσας

1609 200 1675 237 277

930 260 1063 288 strabam
1075 260 1110 295 ei,
1125 265 1153 289 ee
1165 260 1243 290 elena
1260 259 1356 290 milla'n
1370 255 1477 289 denum
1493 261 1618 290 millium
1633 270 1678 290 as-

930 306 1073 334 sistebant
1091 312 1161 335 nnte
1179 316 1255 335 eum.
1274 307 1427 336 Judicium
1445 306 1530 336 sedit.
1547 307 1605 336 Hoc
1618 313 1675 344 est,

932 350 992 380 ideo
1006 350 1126 389 advenit,
1137 358 1167 381 ut
1175 352 1311 392 judicium
1323 352 1443 383 daretur·
1458 354 1500 382 Et
1507 353 1574 382 libri
1583 355 1677 392 aperti
1687 365 1747 386 Dan.
1764 363 1803 388 13,

935 404 1013 427 sunt.
1029 399 1105 436 Quid
1117 399 1157 428 ais
1167 399 1181 428 Ξ)
1195 399 1274 430 libris
1288 401 1362 429 Deus
1375 399 1489 439 indiget,
1506 400 1563 438 Qui
1577 402 1677 429 omnia
1685 395 1724 425 4²·

111 439 180 470 κατὰ
191 440 272 479 μόνας
283 441 330 474 τὰς
341 441 450 480 καρδίας
458 443 561 478 atim-(⁹523
573 441 652 472 Ἀλλὰ
663 442 733 472 κατὰ
743 442 787 471 τὸν
800 442 878 481 νόμον
896 445 915 469 C
935 447 1017 475 novit
1037 452 1196 486 antequam
1214 447 1290 486 fiant
1303 449 1317 474 Ρ
1341 447 1401 486 Qui
1415 446 1504 485 finxit
1524 446 1676 486 sigillatim
1687 456 1753 478 Psat.
1770 456 1809 479 32.

111 487 164 526 τῶν
179 485 313 526 ἀρχόντων
326 486 426 530 τούτων
446 487 533 527 λέγει,
547 487 638 528 ὥσπερ
653 487 687 517 τὰ
700 487 881 526 ὑπομνήματα

112 532 256 573 πράττεται
274 535 338 573 παρ’
353 534 426 572 ἡμῖν.
447 534 575 574 Καθάπερ
596 534 648 574 γὰρ
670 535 781 563 ἐνταῦθα
794 535 824 563 οὗ
838 533 881 563 διὰ

112 581 190 614 τοῦτο
201 579 419 618 ἀναγινώσκεται,
429 579 499 610 ὥστε
509 583 602 619 μαθεῖν
612 580 657 610 τὸν
665 580 782 621 ἄρχοντα
794 580 882 620 μόνον,

113 625 172 654 ἀλλ’
187 624 256 654 ὥστε
276 621 391 665 φανῆναῖ
411 626 514 656 δικαίαν
535 622 615 657 οὖσαν
633 626 682 662 τὴν
696 626 783 666 κρίσιν
793 639 799 645 ·
813 626 883 656 οὕτω

114 668 161 698 καὶ
173 668 245 707 τότε,
270 671 294 699 εἷ
307 670 352 699 καὶ
371 666 425 700 οἶδε
447 671 555 705 δικαίως
578 671 706 706 δικάζων,
727 672 786 700 ἀλλ’
811 671 883 710 ὅμως

113 714 212 754 ἀνοίγει
223 714 271 749 τὰς
286 715 401 755 βίὸλους.
415 716 494 751 Τίνος
512 717 612 754 {vetem
625 717 663 747 Τί
675 716 776 757 λέγεις,
797 717 843 747 καὶ
856 717 882 746 τί

114 760 198 794 θέλεις
210 762 307 798 εἰπεῑν;
321 762 400 796 Τίνος
421 763 508 793 ἕνεκεν
521 765 551 793 οὗ
564 763 637 803 λέγει
655 763 702 793 καὶ
719 763 767 797 τὰς
786 764 882 803 τιμάς;

114 801 198 836 Εἶπεν
208 818 215 825 ·
223 807 322 847 Θρόνοι
334 808 471 846 ἐτέθησαν,
483 809 541 839 ἐπεὶ
554 809 600 839 καὶ
610 811 625 839 ὁ
635 809 704 843 Θεὸς
716 809 813 843 ταύτας
822 809 883 849 ὥρι-

115 864 159 883 σεν
169 864 176 871 ·
188 853 279 890 ἐπειδὴ
291 854 319 884 δὲ
331 854 377 885 καὶ
389 856 438 886 οὐκ
450 855 612 894 ἠκούσαμεν,
622 855 681 885 τότε
692 855 739 892 τὴν
753 855 883 895 τιμωρίαν

115 898 160 928 καὶ
173 898 222 935 τὴν
234 899 352 930 κόλασιν.
363 900 418 932 Καὶ
428 903 479 942 οὐχ
487 904 551 941 ἡμῖν
565 902 674 943 πρώτην
686 901 786 937 ταύτην
797 903 884 942 ἀφῆκε
900 902 920 925 D

115 945 203 986 φωνήν
208 959 217 984 ;
231 946 295 977 Ἀπὸ
308 948 368 978 τότε
381 947 487 988 ἤρξατο,
500 949 577 989 φησὶ,
592 948 734 989 κηρύσσειν
747 948 797 984 τὴν
811 950 883 988 βασι-

115 991 189 1021 λείαν
209 993 262 1022 τῶν
286 993 412 1033 οὐρανῶν.
440 994 532 1031 Μηδὲν
558 993 710 1034 σωματικὸν
733 993 885 1033 ὑπολάὸῃς,

116 1037 253 1078 ἀγαπητὲ,
277 1039 345 1077 μηδὲ
367 1041 586 1080 ἐμπεριειλῆφθαι
606 1040 689 1080 θρόνῳ
711 1039 755 1069 τὸν
778 1039 885 1079 ἄπειρον

115 1083 186 1114 Θεὸν
198 1084 315 1124 νομίσῃς.
328 1087 362 1117 Εἰ
375 1086 426 1126 γὰρ
440 1086 487 1116 Ἐν
502 1088 535 1126 τῇ
549 1086 620 1126 χειρὶ
637 1088 715 1115 αὐτοῦ
736 1086 770 1115 τὰ
783 1086 886 1125 πέρατα

116 1131 164 1166 τῆς
177 1132 241 1169 γῆς·
257 1132 280 1160 εἷ
291 1130 336 1160 Τὰ
353 1131 402 1171 ὄρη
422 1132 518 1169 ἔστησε
530 1134 600 1171 ζυγῷ
609 1144 615 1151 ·
629 1133 652 1161 εἷ
669 1131 763 1161 Πάντα
775 1131 810 1161 τὰ
825 1133 885 1168 ἔθνη

117 1177 154 1209 ὡς
175 1174 261 1209 σίελος
281 1176 392 1206 ἐνώπιον
406 1179 485 1207 αὐτοῦ
506 1177 647 1217 ἐλογίσθη,
668 1178 714 1207 καὶ
726 1179 763 1211 ὡς
783 1190 886 1218 κονιορ-

118 1222 163 1256 τὸς
175 1221 287 1252 ἐνώπιον
309 1224 388 1254 αὐτοῦ
407 1224 441 1253 τὰ
455 1223 556 1260 πάντα,
570 1225 606 1257 ὡς
619 1224 696 1258 αὐτός
714 1236 794 1265 φησι·
814 1229 887 1258 ποῖος

118 1264 198 1301 τόπος
213 1265 280 1298 4ὅλον
302 1270 368 1307 ὁμοῦ
391 1269 544 1310 περιὸαλεῖν
570 1269 726 1306 δυνήσεται;
746 1269 825 1300 Ἀλλὰ
845 1270 872 1299 τί
879 1282 888 1306 ;

934 491 1025 521 corda
1048 501 1148 521 eorum
1160 493 1173 519 P
1186 492 1240 522 Sed
1256 493 1336 533 juxta
1349 491 1568 522 consuetudinem
1589 492 1675 532 magi·
1689 486 1725 508 ¹⁵·

934 544 1067 567 stratuum
1089 544 1242 568 nostrorum
1263 538 1384 578 loquitur
1392 550 1402 578 5
1428 545 1454 568 et
1475 538 1592 568 sic-acta
1609 538 1678 567 fiunt

934 581 1009 622 apud
1022 591 1082 612 nos.
1098 582 1174 612 Sicut
1186 582 1258 611 enim
1270 589 1327 612 acta
1347 592 1401 612 non
1422 582 1483 612 ideo
1496 582 1635 622 leguntur,
1650 588 1679 610 ut

935 626 1107 666 magistratus
1122 626 1214 656 solum·
1225 625 1378 664 edoceatur,
1393 625 1442 656 sed
1458 626 1539 656 etiam
1552 632 1582 655 ut
1594 630 1678 665 appa-

935 678 992 701 reat
1006 672 1112 713 justum
1136 682 1194 702 esse
1211 671 1366 712 judicium:
1387 672 1426 702 ita
1446 678 1473 701 et
1493 678 1559 701 tunc
1579 670 1679 701 evenit.

934 718 1005 747 Nam
1023 718 1086 748 lieet
1106 719 1180 748 Deus
1198 718 1264 747 sciat
1281 727 1309 747 se
1324 718 1397 758 juste
1408 716 1549 758 judicare,
1566 723 1682 746 attamen

935 763 1020 793 libros
1035 763 1133 804 aperit.
1152 764 1239 804 Cujus
1251 762 1291 793 rei
1302 763 1387 803 gratia
1396 763 1411 792 Ρ
1422 762 1498 800 Quid
1511 762 1560 800 ais,
1573 769 1600 792 et
1612 761 1682 801 quid

938 808 989 839 tibi
998 809 1042 839 vis
1051 809 1065 839 i'
1075 810 1133 840 Cur
1144 819 1198 839 non
1208 809 1319 850 praemia
1328 819 1435 848 quoque
1443 808 1535 838 dixit?
1546 810 1582 837 At
1592 807 1664 837 dixit
1675 819 1682 836 :

941 855 967 884 T
963 855 1050 884 broni
1061 856 1150 895 posili
1169 861 1256 885 sunt.-
1270 854 1489 894 quandoquidem
1510 855 1584 884 Deus
1597 859 1622 883 et
1635 853 1684 882 illa

936 901 1076 932 definivit:
1090 909 1234 943 postquam
1248 911 1312 932 vero
1325 911 1375 931 nos
1386 911 1440 931 non
1454 900 1606 937 audiimus,
1619 906 1683 929 tunc

938 948 1107 988 punitionem
1120 955 1147 978 et
1166 948 1333 988 supplicium
1350 947 1469 978 minatus
1481 954 1531 976 est.
1547 947 1583 976 Et
1596 955 1684 976 nonne

938 994 1018 1024 nobis
1026 993 1096 1023 hanc
1106 994 1224 1034 primam
1233 1003 1327 1024 vocem
1337 991 1447 1022 emisit?
1459 992 1581 1022 Exinde
1589 994 1683 1032 coepit,
1694 999 1780 1023 Matth.
1793 997 1817 1029 ti·

939 1039 1036 1077 inquit,
1056 1041 1218 1079 praedicare
1233 1048 1353 1079 regnum
1367 1038 1515 1068 coelorum.
1533 1038 1611 1068 Nihil
1624 1048 1683 1068 cor-
1697 1036 1705 1052 ¹
1710 1037 1733 1060 7·

942 1095 1056 1125 pereum
1075 1085 1220 1126 suspiceris
1228 1108 1236 1123 ,
1247 1084 1354 1122 dilecte,
1369 1094 1418 1114 nec
1429 1085 1565 1115 existimes
1577 1086 1664 1115 Deum
1673 1107 1683 1123 ,

939 1132 987 1171 qui
1000 1132 1146 1162 immensus
1158 1139 1209 1170 est,
1222 1131 1289 1162 solio
1300 1142 1358 1162 esse
1371 1131 1517 1161 inclusum.
1533 1132 1602 1162 Nam
1613 1132 1637 1161 si
1647 1133 1684 1161 In
1695 1139 1836 1170 Psal.94.4.

939 1188 1030 1208 manu.
1045 1180 1108 1219 eius
1126 1185 1194 1209 sunt
1204 1179 1281 1218 sines
1295 1184 1378 1208 terroe
1389 1190 1398 1207 .-
1412 1177 1436 1207 si
1448 1179 1565 1208 Montes
1582 1180 1686 1208 statuit

938 1230 1048 1254 statera
1058 1236 1066 1252 ε
1084 1225 1108 1254 si
1123 1226 1231 1254 Omnes
1243 1230 1342 1264 gentes
1357 1225 1444 1264 quasi
1457 1224 1556 1254 saliva
1570 1225 1601 1254 in
1615 1234 1684 1253 con·
1697 1231 1833 1261 lsai.4o.=2.

942 1278 1041 1312 speetu
1055 1273 1118 1311 ejus
1138 1278 1278 1312 reputatae
1299 1278 1384 1309 sunt,
1406 1279 1436 1302 et
1449 1271 1473 1302 si
1493 1278 1599 1302 cuncta
1612 1274 1688 1302 sicut
1700 1263 1735 1287 ¹⁵·

119 1315 179 1344 Οὐκ
192 1314 249 1344 ἔστι
262 1317 348 1350 τοῦτο,
369 1316 417 1345 οὐκ
435 1315 626 1352 ἐναπείληπται
640 1315 732 1355 θρόνῳ.
751 1316 786 1345 Εἰ
804 1315 832 1346 δὲ
846 1315 889 1345 ἔν-
905 1320 924 1344 Ε
945 1317 1043 1357 pulvis
1060 1327 1157 1347 coram
1175 1329 1225 1355 eo,
1242 1324 1272 1348 ut
1290 1317 1347 1358 ipse
1365 1317 1423 1347 ait:
1438 1318 1500 1357 quis
1513 1318 1589 1348 locus
1601 1324 1688 1347 totum

121 1361 191 1400 δυμα
213 1355 268 1401 εἶχε
278 1382 288 1397 ,
310 1362 367 1394 πῶς
388 1362 436 1391 οὐκ
454 1361 589 1398 ἀνήλωσεν
612 1361 676 1391 αὐτὸ
697 1361 727 1390 τὸ
748 1364 817 1402 π’ὐ’ρ;
831 1363 890 1395 πῶς

120 1402 145 1437 εἷ
151 1406 179 1437 δὲ
187 1407 228 1447 (s.
236 1407 289 1444 εἴη)
297 1407 410 1441 παλαιὸς
422 1410 536 1448 ἡμερῶν,
546 1410 560 1438 ὁ
571 1408 656 1448 [Ῑζὸς]
663 1408 716 1448 πρὸ
722 1408 828 1438 πάντων
836 1410 889 1438 τῶν

941 1363 1023 1392 simul
1036 1363 1262 1404 comprehendere
1273 1364 1371 1404 poterit
1378 1364 1392 1393 ἶν’
1403 1363 1458 1395 Sed
1469 1363 1559 1403 quid?
1570 1365 1624 1394 Res
1635 1373 1688 1392 non

942 1410 979 1438 ita
993 1419 1021 1439 sc
1033 1409 1114 1439 habet
1127 1422 1134 1439 ε
1150 1410 1217 1440 solio
1231 1419 1284 1440 non
1297 1409 1448 1440 includitur
1459 1411 1543 1440 Deus.
1556 1410 1586 1440 Si
1599 1416 1689 1439 autem

121 1452 223 1483 αἰώνων
235 1454 423 1493 ὕπῆρχηπῶς
436 1454 463 1484 δὲ
481 1454 526 1484 καὶ
544 1454 671 1491 παλαιός;
683 1453 723 1484 Σὺ
733 1454 795 1495 γὰρ,
808 1455 935 1496 φησὶ,240
943 1455 1132 1495 vestimentum
1151 1456 1277 1493 habebat,
1298 1455 1434 1495 quomodo
1455 1455 1526 1496 iguis
1546 1455 1618 1486 illud
1635 1466 1688 1485 non

120 1501 135 1529 ὁ
148 1499 225 1533 αὗτὸς
238 1494 270 1529 εἶ.
294 1501 358 1534 Πῶς
378 1497 423 1530 οῧν
439 1501 564 1538 παλαιός;
578 1501 632 1531 Καὶ
652 1501 686 1530 τὰ
699 1501 746 1537 ἔτη
761 1513 807 1531 σου
821 1501 890 1541 γὰρ,
906 1503 926 1526 Α
943 1502 1109 1532 consumsit?
1129 1509 1155 1532 et
1168 1513 1222 1542 qua
1234 1503 1336 1532 ratione
1353 1502 1480 1542 antiquus
1491 1503 1598 1533 dierum
1618 1503 1688 1532 dici-

123 1545 204 1585 φησὶ,
222 1546 271 1575 οὔκ
294 1545 468 1587 ἐκλείψουσιν.
485 1547 548 1580 Πῶς
570 1547 598 1577 δὲ
618 1547 663 1576 καὶ
677 1548 776 1586 ἔνδυμα
793 1547 889 1587 γένοιτ’

124 1590 155 1620 ἂν
169 1591 231 1630 περὶ
243 1590 288 1620 τὸν
311 1592 419 1632 ἄπειρον
442 1592 488 1622 καὶ
510 1592 668 1631 ἀσώματον;
682 1593 752 1623 Οὐδὲ
772 1593 823 1633 γὰρ
844 1595 892 1629 τῆς

125 1636 313 1675 μεγαλωσύνης
326 1638 405 1667 αὐτοῦ
414 1660 422 1675 ,
436 1639 516 1678 φησὶ,
533 1638 590 1668 ἔστι
612 1638 703 1678 πέρας.
717 1639 771 1669 Καὶ
793 1639 875 1668 πάλιν
884 1650 890 1657 ·

127 1681 192 1711 Ἐὰν
206 1682 296 1712 ἀναὸῶ
307 1683 345 1716 εἷς
354 1682 398 1712 τὸν
411 1684 535 1723 οὐρανὸν,
550 1683 582 1713 σὺ
601 1685 655 1713 ἐκεῖ
667 1679 707 1713 εἷ·
722 1684 768 1713 ἐὰν
782 1685 892 1714 καταὸῶ

126 1728 163 1760 εἰς
184 1727 229 1756 τὸν
243 1727 326 1768 ᾅδην,
345 1729 435 1768 πάρει.
448 1730 512 1763 Πῶς
526 1724 570 1758 οὖν
591 1729 690 1769 ἱματίῳ
703 1731 894 1771 περιεγράφετο

127 1773 298 1814 ἀνθρωπίνῳ,
319 1774 365 1805 καὶ
386 1774 445 1805 οὔτε
468 1777 545 1804 τοῦτο
570 1774 711 1810 ἀνήλισκεν
718 1787 727 1811 ;
747 1775 827 1806 Ἀλλὰ
841 1776 894 1815 μὴν

105 1840 115 1845 -
127 1819 172 1848 καὶ
185 1819 263 1859 ἕτερα
281 1819 368 1850 πολλὰ
389 1819 502 1856 ἠδύνατο
517 1820 579 1850 ἷδεῑν
594 1822 609 1850 ὁ
626 1821 774 1861 προφήτης.
789 1823 853 1855 Πῶς
867 1821 895 1850 δὲ

127 1864 217 1905 τρίχες
226 1866 253 1895 ἐν
264 1866 328 1905 πυρὶ
342 1860 390 1895 οὐκ
411 1866 583 1903 ἀνηλίσκοντο
588 1877 597 1903 ;
609 1866 661 1896 Διὰ
671 1867 723 1907 γὰρ
737 1869 814 1897 τοῦτο
826 1867 895 1904 ἔτιῆ-

127 1922 222 1950 γαγεν·
246 1910 282 1941 Ὁ
304 1911 392 1951 θρόνος
416 1913 496 1941 αὐτοῦ
518 1915 572 1952 πῦρ
599 1912 705 1952 φλέγον.
731 1913 784 1943 Καὶ
808 1913 895 1952 βίὸλοι

126 1956 307 1997 ἀνεῴχθησαν.
321 1957 406 1987 Ὥστε
419 1957 641 1998 αὖτοκατάκριτον
652 1958 771 1998 γενέσθαι
782 1958 826 1988 τὸν
838 1970 895 1999 κρι·

126 2003 244 2043 νόμενον.
264 2004 410 2044 Ἐθεώρουν
430 2004 488 2034 τότε
507 2005 559 2034 ἀπὸ
577 2007 664 2045 φωνῆς
677 2007 730 2035 τῶν
743 2005 828 2045 λόγων
841 2007 893 2034 τῶν
909 2013 927 2036 Β

128 2049 260 2089 μεγάλων,
273 2045 311 2080 ὧν
327 2050 359 2080 τὸ
372 2049 451 2090 κέρας
472 2051 556 2080 ἐκεῖνο
566 2051 665 2082 ἐλάλει.
681 2053 798 2092 Θεωρῶν
809 2051 892 2091 ἤμην,

127 2095 176 2128 ἕως
189 2093 303 2136 ἀνηρέθη
316 2096 347 2127 τὸ
358 2096 457 2136 θηρίον,
473 2096 518 2126 καὶ
533 2097 668 2135 ἀπώλετο,
682 2097 734 2127 ἀπὸ
747 2099 795 2133 τῆς
810 2109 893 2137 μεγα-

127 2140 260 2181 ληγορίας.
272 2141 367 2171 Καίτοι
381 2137 547 2182 Ἀλέξανδρος
557 2143 736 2183 προσεκύνησε
750 2143 795 2173 τὸν
811 2143 892 2174 Θεόν.

128 2185 182 2215 Καὶ
195 2186 226 2216 τὸ
238 2188 317 2225 σῶμα
330 2189 410 2217 αὐτοῦ
423 2188 499 2224 ἐδόθη
517 2189 554 2222 εἷς
567 2192 660 2219 καῦσιν
671 2186 762 2230 πυρός.
777 2190 831 2221 Καὶ
842 2191 893 2219 τῶν

127 2231 228 2261 λοιπῶν
249 2231 345 2271 θηρίων
366 2234 512 2272 μετεστάθη
535 2237 551 2271 ἡ
578 2236 665 2276 ἀρχή·
680 2236 725 2266 καὶ
738 2236 895 2275 ’μακρότης

129 2319 184 2353 bue,
196 2326 224 2346 ut
236 2326 262 2347 et.
269 2327 356 2354 postea
368 2324 482 2356 comperi
492 2324 572 2358 legere
582 2325 608 2351 S.
622 2325 749 2351 'rhomam
762 2327 795 2360 in·
804 2326 889 2359 Expo-

128 2360 218 2386 ιίιίοιιε
238 2359 264 2386 in
275 2359 343 2387 bunc
357 2362 520 2395 prophetam.
542 2364 622 2391 Porro
642 2365 761 2391 notabilis
774 2365 890 2398 inprimis

132 2398 300 2434 discrepantia
312 2401 378 2426 inter
388 2403 418 2429 B.
430 2402 619 2430 Theodoretum
630 2410 656 2430 et
666 2405 693 2431 S.
701 2404 837 2438 Thomnm,
847 2413 890 2430 eeu

129 2439 213 2472 potius
223 2440 249 2466 S.
263 2439 328 2466 Dion
333 2441 416 2474 ysium
425 2462 433 2475 ,
451 2441 476 2468 in
492 2442 641 2476 assignanda
653 2443 775 2476 dignitate
786 2443 890 2478 angelo-

132 2487 188 2504 rum
198 2498 206 2510 ,
219 2480 262 2513 qui
273 2478 432 2511 ministrant,
444 2487 470 2506 et
481 2481 523 2515 qui
536 2483 664 2507 assistunt..
675 2481 713 2508 Ab
723 2488 829 2516 utroque
840 2482 892 2508 dis-

129 2518 206 2543 sentit
217 2517 244 2543 S.
258 2518 394 2552 Gregoriu·
412 2519 495 2553 Papa3
515 2522 585 2554 cujus
602 2520 716 2553 opinioni
734 2520 804 2548 favet
823 2530 895 2552 veru,

129 2555 246 2583 Clemens
258 2558 390 2583 Romanus
402 2558 427 2584 in
440 2559 553 2592 Epistola
563 2559 597 2585 ad
607 2559 754 2586 Corinthios
766 2570 773 2593 ς
785 2561 895 2587 Pseudo-

128 2596 241 2624 Clemens
261 2604 344 2622 amem
358 2597 383 2622 in
393 2598 624 2626 Constitutionibns
636 2600 795 2635 apostolicis,
809 2600 852 2626 lib.
870 2603 894 2630 8,

288 2642 360 2660 τοΜ.
385 2641 426 2660 νι.

943 1555 988 1577 tur
999 1547 1059 1585 ille,
1071 1548 1189 1588 quiante
1202 1549 1293 1578 omnia
1303 1548 1400 1578 saecula
1411 1548 1534 1579 exstitit?
1545 1558 1600 1590 quo
1612 1556 1688 1589 pacto

943 1601 1034 1624 autem
1046 1601 1073 1624 et
1084 1595 1232 1634 antiquus?
1251 1595 1294 1625 Tu
1308 1594 1391 1632 enim,
1407 1595 1507 1634 inquit,
1531 1596 1607 1625 idem
1628 1597 1689 1635 ipse
1699 1602 1766 1624 Psnz.
1788 1608 1838 1625 101.

944 1650 986 1670 es.
1008 1640 1065 1670 Cur
1083 1639 1168 1679 igitur
1189 1640 1327 1679 antiquus,
1341 1651 1403 1669 cum
1416 1639 1522 1671 dicatur
1538 1653 1546 1670 z
1560 1642 1602 1671 Et
1616 1642 1689 1670 anni
1700 1633 1760 1686 ῗῗιῑά,

946 1687 989 1715 tui
1010 1695 1070 1714 non
1087 1685 1222 1725 deficient
1233 1688 1246 1714 i>
1266 1685 1321 1722 Qui
1333 1695 1398 1716 vero
1411 1685 1599 1716 vestimentum
1616 1697 1687 1725 quo—

945 1741 998 1769 que
1029 1730 1111 1760 suerit
1140 1730 1210 1760 circa
1235 1730 1396 1760 immensum
1420 1741 1451 1760 ac
1476 1731 1664 1773 incorporeum
1674 1732 1688 1761 Ξ)

947 1777 1066 1805 Etenim
1079 1777 1291 1816 magnitudinis
1301 1778 1374 1816 ejus,
1384 1776 1551 1816 inquit‚non
1557 1779 1686 1818 estfim's.
1699 1786 1766 1808 Psal.
1788 1782 1841 1814 14²..

946 1823 982 1852 Et
1003 1832 1116 1852 rursus:
1133 1822 1164 1852 Si
1177 1822 1335 1852 ascendero
1346 1824 1378 1852 in
1390 1823 1505 1860 caelum,
1517 1830 1548 1854 tu
1560 1823 1624 1854 illic
1637 1835 1667 1855 es
1675 1838 1688 1861 ;
1699 1817 1766 1879 ‘⁵235st-
1788 1852 1796 1867 ¹
1801 1846 1841 1869 31.

947 1870 972 1897 si
997 1868 1171 1898 descendero
1192 1871 1224 1898 in
1247 1869 1397 1911 infernum
1407 1891 1415 1907 ,
1438 1870 1518 1900 ades.
1545 1869 1689 1908 Quomodo
1699 1877 1723 1900 8.
1840 1870 1843 1873 ’

947 1914 1030 1955 igitur
1044 1921 1116 1946 veste
1129 1915 1400 1945 circumscrihehatur
1411 1915 1540 1953 humana,
1553 1926 1602 1946 nec
1614 1916 1691 1946 illam

949 1960 1146 1992 consumebat?
1167 1962 1202 1990 At
1228 1971 1292 1991 vero
1318 1967 1344 1990 et
1367 1961 1421 1990 alia
1446 1961 1580 2001 ejusmodi
1606 1963 1692 1992 multa

946 2007 1038 2038 videre
1045 2018 1075 2038 ac
1083 2007 1171 2047 legere
1180 2013 1285 2047 poterat
1293 2007 1434 2048 propheta.
1448 2008 1592 2044 Quomodo
1601 2015 1691 2038 autem

946 2055 1038 2095 capilli
1049 2050 1085 2084 'in
1108 2054 1169 2094 igue
1186 2064 1239 2084 nou
1257 2050 1488 2084 absumebantur?
1507 2056 1619 2095 Propter
1642 2056 1693 2085 hoc

946 2100 1080 2140 siquidem
1100 2100 1232 2141 subjecit:
1255 2101 1386 2130 Thronus
1405 2102 1467 2140 ejus
1481 2101 1556 2141 ignis
1570 2102 1690 2131 ardens.

948 2148 988 2176 Ec
1002 2147 1072 2176 libri
1084 2147 1178 2187 aperti
1199 2152 1276 2176 sunt.
1299 2147 1338 2176 Ut
1352 2145 1399 2175 ille
1413 2146 1461 2185 qui
1473 2145 1627 2183 damnatur,
1642 2157 1692 2176 suo

947 2190 999 2221 sibi
1007 2190 1111 2231 judicio
1125 2189 1336 2221 comdemnctur.
1353 2191 1400 2219 11.
1418 2190 1608 2229 Aspiciebam
1620 2196 1689 2220 tunc

949 2247 968 2266 a
983 2245 1055 2266 voce
1069 2245 1230 2266 sermonum
1243 2234 1410 2275 grandium,
1426 2244 1499 2274 quos
1511 2244 1601 2264 cornu
1619 2234 1696 2264 illud

937 2334 994 2359 cap.
1009 2327 1050 2358 ⁴2,
1059 2334 1074 2351 a
1082 2324 1246 2351 Theodoreto
1255 2329 1321 2350 stat:
1333 2323 1378 2351 sed
1389 2324 1422 2349 dc
1433 2324 1508 2350 variis
1518 2324 1585 2348 circa
1595 2323 1696 2356 angelos

937 2366 1067 2391 sententiis
1078 2364 1198 2398 praeclare
1209 2363 1311 2390 disserit
1324 2364 1434 2389 Joannes
1446 2363 1556 2388 Marinus
1573 2361 1607 2386 ad
1618 2361 1696 2386 Ordi-

939 2405 1052 2430 nationes
1062 2404 1189 2438 syriacas.
1198 2404 1263 2436 Lege
1275 2402 1407 2435 origenem
1419 2400 1452 2426 ad
1463 2409 1518 2433 cap.
1531 2401 1545 2424 5
1557 2400 1637 2432 Epist.
1661 2400 1695 2425 ad

940 2445 1016 2471 Rom.

974 2490 984 2502 Ι
1002 2486 1045 2509 καὶ
1056 2487 1173 2517 μακρότης
1192 2486 1258 2512 ζωῆς.
1272 2478 1335 2504 Mira
1353 2478 1501 2503 oscitatione
1520 2474 1678 2502 librariorum
1689 2498 1695 2508 ‚

943 2531 972 2547 ac
980 2520 1121 2547 incredibili
1134 2519 1284 2551 lmen-prelis
1294 2515 1436 2546 securitate,
1450 2515 1475 2539 in
1485 2514 1646 2540 Theodorei«)
1653 2517 1698 2541 hn-

944 2561 1016 2587 bctur
1032 2565 1182 2595 μακαριότης,
1201 2558 1259 2584 Mox
1271 2555 1372 2582 mallem
1390 2562 1448 2580 eum
1460 2553 1556 2580 caeteris
1569 2553 1648 2588 legere
1661 2559 1699 2586 ἕως

945 2604 1023 2637 καιροῦ
1033 2603 1069 2626 καὶ
1083 2601 1169 2633 καιροῦ.

1505 2636 1536 2665 ¹9
