1904 2840
255 171 326 220 918

857 177 921 200 OPU
924 176 940 200 S
966 176 1201 201 {MPERFECTUM

255 251 297 274 cet
307 244 394 274 alieno
407 254 413 271 ε
426 248 525 281 quanto
533 239 618 279 magis
627 238 770 279 indignum
779 245 829 284 est,
842 246 872 269 ut
881 239 998 269 cultores
1014 242 1034 265 Α
1050 238 1186 268 horrenda
1196 239 1280 269 exitia
1289 238 1375 278 cupit,
1385 239 1568 277 incorruptam
1582 237 1686 267 studeat
1698 244 1795 268 aucto-

254 284 306 313 Dei
317 284 495 312 humanarum
507 286 668 320 potestatum
678 289 834 317 gravamina
853 289 997 319 cognosca-
1014 306 1019 310 i

255 323 335 352 mus?
359 322 484 361 Cognita
504 326 602 348 autem
625 329 724 348 eorum
746 320 878 358 nequitia
897 320 995 354 Jesus,

257 372 309 391 non
327 361 473 391 secundum
491 369 625 389 sermones
639 368 734 387 eorum
753 358 878 398 pacificos
898 357 998 387 blande

256 401 404 441 respondit,
416 399 464 429 sed
474 398 620 428 secundum
632 397 818 428 conscientiam
831 408 925 427 eorum
937 408 999 426 cru-

257 440 344 472 delem
369 450 462 479 aspera
482 438 571 468 dixit:
594 438 658 477 quia
686 438 759 467 Deus
779 437 937 477 plerumque
963 436 999 466 ad

258 480 374 510 animam
392 478 524 518 loquitur,
544 487 597 507 non
617 477 652 506 ad
674 487 791 516 corpus:
815 476 998 507 voluntatibus

257 518 408 559 respondet,
426 529 480 548 non
490 517 589 547 verbis.
603 518 782 556 Hypocritae,
796 517 869 557 quid
879 527 924 545 me
937 522 998 545 ten-

259 561 346 588 tatis?
376 558 526 588 Ostendite
549 558 621 586 mihi
646 558 791 586 numisma
816 566 928 586 census.
954 555 1000 585 At

257 599 305 627 illi
318 599 485 628 obtulerunt
504 598 531 626 ei
552 597 714 626 denarium.
731 596 804 626 Dicit
821 596 870 633 eis,
894 597 999 634 Hypo-

259 640 348 675 critoe‚
371 645 401 668 ut
414 636 495 676 >quod
515 637 550 666 ab
569 647 600 666 eo
621 635 765 666 audierunt
785 636 812 665 in
831 646 906 670 aure,
926 634 1000 675 apud

259 678 415 718 semetipsos
434 677 572 707 inveniant
593 677 621 706 in
642 675 738 705 corde:
755 683 785 705 ut
804 674 1000 705 considerantes

259 728 322 747 cum
337 717 517 747 humanorum
529 715 652 746 cordium
667 715 842 755 cognitorem,
863 714 937 753 quod
958 715 1001 744 sa-

259 767 319 787 cere
343 757 505 796 cogitabant,
535 756 662 795 perficere
687 765 740 784 non
763 754 899 784 auderent.
929 754 1001 785 Vide

259 807 334 836 ergo,
352 795 426 836 quod
444 795 572 825 Pharisaei
594 794 704 834 quidem
727 794 945 830 blandiebantur,
971 801 1002 824 ut

1051 279 1088 307 ris
1099 278 1142 307 sui
1153 278 1297 318 imaginem
1309 288 1476 314 conservare,
1487 283 1618 316 quatenus
1629 288 1692 307 cum
1705 287 1794 314 suam,

1050 329 1132 356 quam
1145 318 1281 354 formavit,
1304 317 1456 356 requisierit
1469 318 1543 347 Deus
1563 317 1720 356 imaginem,
1735 317 1803 350 sal-,

1050 368 1112 386 vam
1121 364 1148 387 et
1157 357 1304 386 immunem
1312 357 1347 386 ab
1357 357 1462 386 inimici
1471 356 1659 387 infectionibus
1671 367 1794 394 cernens,

1052 407 1102 426 suo
1115 394 1228 426 collocet
1241 397 1354 436 gremio,
1369 395 1580 436 angelorumque
1596 395 1686 426 choris
1704 396 1796 426 admi-

1052 447 1138 471 scens,
1162 436 1297 476 perpetuis
1313 436 1392 466 faciat
1411 436 1538 465 caelorum
1552 435 1659 475 gaudiis
1679 437 1794 476 perfrui.

1051 477 1089 504 In
1105 476 1160 505 illa
1173 477 1220 505 die
1232 482 1412 506 accesserunt
1424 476 1465 505 ad
1484 486 1551 505 eum
1561 475 1727 512 Sadducoei,
1744 478 1797 522 qui

1053 515 1154 544 dicum
1172 519 1410 545 resurrectionem
1433 526 1491 545 non
1512 525 1583 545 esse.
1602 515 1635 544 In
1654 525 1708 554 qua
1727 515 1796 545 dte?

1053 555 1169 591 Quando
1185 555 1342 585 recedebant
1358 555 1497 590 Pharisaei,
1510 562 1536 585 et
1549 554 1714 584 accedebant>
1725 554 1796 585 Sad-

1052 594 1150 624 ducaei
1172 595 1342 625 Recedebant
1358 595 1511 632 Sadducaei,
1531 601 1558 624 et
1574 594 1673 627 iterum
1686 594 1796 625 accede-

1051 634 1117 664 bant
1126 634 1265 664 Pharisaei.
1277 636 1356 664 Unus
1367 634 1426 664 dies
1436 641 1493 672 est,.
1500 641 1527 664 et
1537 634 1623 664 multa
1635 634 1793 664 certamina.

1053 674 1270 713 Frequentabant
1281 675 1354 704 enim
1367 685 1449 715 super
1462 685 1538 711 eum,
1557 673 1607 703 tali
1626 674 1694 703 forte
1706 674 1796 704 consi·

1053 713 1102 751 lio,
1122 721 1151 743 ut
1169 715 1230 753 quis
1245 722 1292 744 aut
1304 714 1529 754 comprehendere
1547 724 1610 743 eum
1627 720 1735 753 posset:
1749 720 1797 743 aut

1053 753 1077 782 si
1097 761 1167 783 certe
1186 765 1249 784 eum
1268 754 1373 784 ratione
1392 764 1520 794 superare
1542 763 1595 783 non
1620 760 1737 792 possent,
1753 753 1797 784 vel
1805 762 1904 781 etum

1054 803 1106 838 per·
1123 794 1210 833 ipsam
1228 793 1466 832 frequentationem
1489 793 1673 823 subverterent
1689 803 1798 824 sensum

260 836 422 876 perderent:
437 836 516 866 Jesus
534 845 597 865 vero
618 834 807 871 confundebat,
824 841 853 863 ut
865 834 999 864 salvaret:
1017 840 1035 863 Β
1054 843 1150 872 ipsius.
1167 833 1402 870 Quemadmodum
1415 834 1438 862 si
1453 834 1522 863 inter
1538 833 1634 902 lplures
1646 832 1734 862 hostes
1755 833 1798 862 in-

259 875 322 914 quia
337 876 430 905 utilior
442 882 481 904 est
494 874 598 904 homini
618 875 690 903 Deus
711 874 806 909 iratus,
822 884 904 912 quam
921 873 1002 903 homo

259 916 403 956 propitius.
423 916 460 944 Et
472 916 513 944 ait
526 917 568 944 eis
579 927 587 943 .·
604 913 696 953 Cujus
715 920 756 942 est
775 915 836 942 ima
856 924 873 941 o
888 914 962 949 hoec,
973 920 1002 942 et

259 956 482 994 superscriptio?
490 956 603 984 Dicunt
614 954 640 983 ei
651 965 659 981 .·
677 954 811 983 Coesaris.
855 963 913 982 unc
925 953 1002 982 dixit

259 996 319 1024 eis:
337 995 458 1024 Reddite
475 1005 541 1034 ergo
557 1004 622 1034 quas
638 1000 706 1023 sunt
720 994 855 1028 Coesaris,
871 993 981 1022 Caesan·
989 1005 997 1021 .-

259 1041 288 1063 et
304 1045 370 1073 quoe
386 1040 455 1064 sunt
468 1035 537 1071 Dei,
556 1034 631 1063 Deo.
654 1033 748 1072 Imago
769 1032 819 1062 Dei
844 1042 897 1061 non
917 1039 956 1062 est
972 1034 1000 1062 in

259 1084 325 1103 auro
335 1073 453 1114 depicta,
464 1073 511 1104 sed
521 1074 547 1103 in
557 1073 713 1102 hominibus
724 1073 848 1112 figurata.
859 1073 884 1102 N
887 1073 1000 1102 umisma

259 1114 381 1151 Caesaris,
395 1125 493 1143 aurum
511 1121 566 1143 est:
576 1113 710 1143 numisma
722 1113 784 1147 Dei,
796 1112 885 1141 homo.
893 1113 925 1141 In
935 1112 1001 1141 soli-

258 1152 301 1182 dis
314 1154 403 1183 Caesar
412 1153 531 1190 videtur,
545 1153 572 1182 in
587 1153 741 1182 hominibus
753 1154 825 1182 Deus
836 1152 998 1192 agnoscitur.

257 1192 322 1222 Ideo
333 1192 442 1222 divitias
457 1200 557 1223 vestras
570 1193 667 1223 Caesari
681 1192 752 1229 date,
766 1193 822 1222 Deo
837 1199 926 1222 autem
940 1203 1001 1222 con-

258 1231 374 1261 scientiae
391 1240 485 1262 vestrae
500 1233 584 1262 solam
599 1233 776 1262 innocentiam
795 1239 937 1268 reservate,
953 1232 1001 1261 ubi

258 1272 332 1300 Deus
345 1271 464 1302 videtur.
480 1272 591 1301 Caesaris
605 1272 676 1301 enim
693 1271 834 1311 imaginem
848 1282 943 1301 manus
957 1283 999 1301 ar-

258 1310 339 1341 tificis
352 1310 476 1350 sculpsit,
491 1318 516 1340 et
536 1312 759 1350 corruptibilibus
779 1311 864 1340 literis
885 1319 999 1340 annota-

258 1349 300 1381 vit
311 1362 318 1379 :
330 1350 380 1379 Dei
391 1357 480 1379 autem
493 1350 635 1390 imaginem
646 1350 674 1379 in
685 1350 792 1379 homine
802 1350 894 1379 divina
905 1361 1000 1380 manus

258 1388 350 1418 decem
363 1389 435 1425 vivis
447 1401 461 1418 a
483 1390 569 1419 icibus
580 1389 783 1420 demonstravit.
800 1389 928 1426 Quibus?
939 1390 998 1420 Illis

258 1429 377 1468 quinque
389 1429 457 1458 sens'
481 1440 512 1458 us
523 1430 686 1465 carnalibus,
701 1437 727 1459 et
740 1429 858 1469 quinque
871 1429 998 1468 spiritua-

257 1468 342 1504 libus,
356 1479 405 1508 per
417 1479 484 1508 quos
494 1468 694 1498 consideramus
708 1477 734 1499 et
750 1468 996 1508 'apprehendimus

257 1518 317 1546 quae
333 1515 397 1537 sunt
415 1508 493 1537 utilia
508 1515 537 1537 ut
555 1509 638 1537 Deus.
661 1508 777 1547 Ideoque
791 1508 922 1539 illibatam
935 1508 996 1538 Deo

256 1558 361 1587 semper
371 1547 514 1587 imaginem
527 1558 603 1576 suam
620 1547 766 1577 reddamus
777 1558 783 1574 ι
797 1557 850 1577 non
863 1548 995 1587 superbioe

255 1587 324 1616 fastu
337 1586 479 1623 tumidam,
494 1597 546 1616 non
562 1587 708 1617 iracundiae
730 1587 816 1617 livore
837 1587 994 1624 marcidam,

255 1636 308 1655 non
319 1627 437 1656 avaritiae
452 1627 555 1656 facibus
573 1637 737 1664 succensam,
753 1637 805 1656 non
822 1627 893 1666 gulae
906 1627 996 1657 illece-

254 1666 312 1695 bris
329 1666 459 1703 deditam,
483 1677 536 1696 nou
559 1666 709 1707 hypocrisis
729 1667 886 1707 duplicitate
905 1674 996 1696 conte-

255 1713 335 1739 ctam,
359 1716 412 1735 non
440 1706 556 1736 luxuriae
580 1707 705 1736 sordibus
730 1707 922 1743 attaminatum,
941 1717 994 1736 non

254 1745 376 1774 elationis
389 1746 558 1785 protensione
575 1746 671 1783 levem,
691 1757 745 1775 nou
762 1742 914 1776 vinolentiae
935 1747 995 1776 tabe

254 1791 396 1820 amentem,
413 1795 464 1814 non
479 1785 592 1815 dissidio
606 1793 704 1815 mutuae
718 1785 834 1815 caritatis
847 1793 993 1821 extorrem,

254 1834 307 1853 non
317 1823 488 1854 detractionis
498 1825 670 1854 mordacitate
682 1825 845 1865 pestiferam,
859 1836 911 1854 non
922 1826 995 1855 mul-

253 1863 361 1902 tiloquii
375 1864 488 1894 vanitate
502 1864 618 1901 inanem,
631 1864 678 1894 sed
691 1865 800 1894 caritate
813 1866 991 1905 perspicuam,

254 1902 307 1935 fide
320 1910 346 1932 et
360 1914 406 1943 spe
416 1904 602 1939 certissimam,
617 1905 751 1943 patientiae
762 1905 861 1934 virtute
876 1905 992 1934 fortissi-

254 1953 335 1978 mam,
344 1943 494 1976 humilitate
506 1944 812 1982 tranquillam,castitate
818 1956 991 1984 purpuream,

252 1982 415 2020 parcimonia
429 1983 557 2018 sobriam,
571 1983 762 2021 tranquillitate
766 1984 926 2023 jucundam,
943 1985 993 2014 ho-

251 2021 396 2060 spitalitate
407 2021 541 2056 devotam,
556 2022 672 2052 Talibus
685 2024 757 2052 enim
771 2024 990 2063 inscriptionibus

251 2071 331 2091 suum
346 2062 417 2090 Deus
434 2061 568 2093 numisma
581 2072 634 2091 non
648 2062 738 2093 mallei
753 2064 796 2092 vel
811 2063 916 2094 incudis
934 2063 989 2094 ictu

251 2100 412 2139 composuit,
426 2100 473 2129 sed
489 2101 575 2140 prima
589 2101 739 2131 conditione
752 2103 888 2133 formavit.
900 2104 989 2133 Caesar

250 2139 323 2168 euim
335 2150 411 2169 suam
431 2140 458 2169 in
478 2150 588 2170 nummo
608 2142 719 2179 requirit
740 2142 893 2181 imaginem,
915 2144 987 2173 Deus

249 2189 314 2208 vero
333 2178 469 2210 hominem
483 2190 563 2218 quem
585 2181 693 2217 creavit,
708 2182 836 2219 exquirit.
858 2183 918 2212 Non
937 2182 984 2212 di—

248 2218 332 2248 mittit
346 2219 433 2248 Caesar
451 2229 532 2250 suum
551 2220 624 2258 quod
642 2220 754 2249 debetur
773 2222 914 2257 numisma,
937 2233 985 2253 nec

246 2258 321 2287 Deus
331 2269 406 2287 suam
417 2269 543 2297 umquam
554 2259 721 2298 exquirendo
734 2260 833 2290 relaxat
843 2262 981 2292 facturam.

247 2297 322 2326 Sicut
344 2298 392 2336 qui
418 2308 494 2327 suam
520 2299 617 2328 Caesari
640 2298 817 2330 adulterinam
842 2301 984 2340 imaginem

246 2336 345 2372 reddit,
375 2337 504 2376 flagellari
531 2338 678 2367 tortoribus
702 2346 728 2368 et
751 2341 885 2369 atrocibus
907 2342 986 2381 jubet

246 2376 344 2416 subjici
363 2377 466 2416 poenis:
483 2377 522 2406 sic
543 2379 614 2407 Deus
631 2378 797 2417 omnipotens
815 2388 984 2420 corruptores

245 2416 371 2455 imaginis
384 2427 438 2445 suae
452 2417 532 2446 morti
545 2417 626 2446 tradit
640 2425 784 2457 perpetuae,
803 2426 829 2448 et
844 2420 983 2450 infernales

241 2455 320 2497 jubet
343 2466 432 2495 poenas
455 2456 571 2496 persolvi
593 2456 744 2487 immensas.
770 2459 811 2487 Ita
832 2460 879 2497 qui
901 2460 984 2492 vitare

262 2555 285 2574 „⁸
301 2530 388 2572 Codex
400 2548 430 2574 V.
443 2549 474 2573 D.
488 2549 698 2582 apprehendimus
708 2552 773 2574 sicut
790 2550 867 2575 Deus.
885 2552 947 2583 Quae
959 2561 997 2577 se-

241 2592 352 2625 quuntur
365 2587 455 2613 desunt
468 2597 543 2621 usque
555 2588 588 2614 ad
601 2588 662 2614 illud
674 2589 747 2621 iutra,
758 2590 791 2614 In
803 2590 851 2615 illa
861 2590 900 2615 dle
913 2600 998 2616 acces-

1054 872 1182 902 veniatur
1195 884 1265 903 unus
1284 880 1418 913 pugnator
1433 873 1522 908 fortis,
1560 883 1606 902 um
1617 872 1718 911 singuli
1731 872 1798 902 viti—

1054 911 1106 941 bus
1127 923 1190 942 eum
1210 923 1336 953 superare
1360 923 1413 942 non
1436 920 1559 953 possunt,
1583 911 1798 942 circumveniunt

1054 961 1116 980 eum
1127 962 1230 989 omnes,
1246 960 1275 981 ut
1288 951 1362 991 quod
1381 953 1481 983 virtute
1499 963 1551 982 non
1573 957 1695 992 poterant
1719 962 1799 992 supe-

1055 1002 1123 1028 rare,
1137 992 1195 1032 ipsa
1210 991 1384 1022 multitudine
1401 999 1554 1022 convertant
1576 1001 1639 1020 eum
1651 990 1679 1020 in
1693 991 1796 1031 fugam.

1054 1031 1078 1060 Ο
1090 1032 1177 1067 stulti,
1190 1032 1214 1061 si
1228 1032 1291 1071 quis
1304 1031 1476 1071 corruptibili
1487 1032 1559 1061 fonte
1574 1037 1666 1060 utatur
1678 1030 1795 1069 assidue,

1053 1071 1138 1111 magis
1152 1072 1231 1101 fontis
1243 1071 1319 1101 iltius
1330 1081 1410 1101 venas
1421 1071 1505 1107 laxat,
1515 1078 1542 1100 et
1554 1071 1686 1110 majorem
1699 1081 1798 1109 aquam

1053 1110 1182 1140 infundit.
1200 1112 1236 1141 Et
1257 1111 1299 1140 illi
1320 1110 1355 1140 de
1377 1111 1448 1140 fonte
1467 1110 1530 1141 vivo
1546 1120 1622 1149 aquae
1635 1109 1756 1139 salientis
1767 1110 1796 1140 in

1053 1150 1138 1180 vitam
1150 1158 1275 1181 aeternam
1289 1150 1449 1180 hauriebant
1466 1160 1611 1185 sermones,
1629 1156 1655 1179 et
1667 1150 1797 1189 putabant

1053 1200 1116 1220 eum
1139 1191 1218 1231 plura
1244 1190 1431 1230 interrogando
1454 1190 1563 1221 siccare.
1585 1188 1814 1219 Circumdabam-

1053 1240 1194 1270 ergoeum,
1203 1231 1279 1270 quasi
1284 1230 1377 1276 plures
1384 1241 1462 1260 canes
1471 1229 1574 1269 garruli
1583 1239 1667 1258 unum
1679 1229 1793 1259 leonem.

1054 1270 1094 1300 De
1111 1271 1154 1300 his
1173 1272 1244 1302 enim
1261 1270 1367 1300 dixerat
1381 1281 1429 1310 per
1450 1270 1630 1310 prophetam:
1648 1269 1795 1308 Quoniam
1805 1274 1872 1297 Psal.
1890 1280 1904 1296 a

1053 1311 1305 1340 circumdederunt
1323 1321 1368 1340 me
1383 1321 1470 1340 canes
1489 1310 1585 1339 multi.
1601 1309 1637 1338 Et
1649 1319 1713 1339 vere
1724 1316 1793 1339 tam-
1807 1312 1843 1337 ¹7·

1052 1359 1134 1386 quam
1150 1350 1346 1380 irrationabiles
1362 1360 1460 1379 canum
1481 1350 1604 1385 latratus,
1618 1348 1657 1378 sic
1671 1355 1727 1378 erat
1739 1359 1795 1379 vox

1052 1389 1272 1419 sadducaeorum.
1284 1389 1433 1420 Videamus
1444 1389 1589 1419 consilium
1597 1388 1712 1425 inimici,
1721 1388 1796 1428 quod

1014 1434 1032 1457 C
1054 1439 1101 1468 per
1113 1429 1274 1459 Sadducaeos
1291 1429 1462 1468 operabatur.
1483 1428 1616 1458 Diabolus
1630 1427 1703 1457 enim
1722 1438 1795 1457 sem—

1052 1479 1100 1508 per
1112 1468 1283 1498 adversarius
1297 1468 1399 1498 Christi
1413 1476 1462 1504 est,
1476 1468 1522 1507 qui
1534 1478 1639 1507 semper
1650 1467 1702 1496 sibi
1716 1467 1795 1496 thro-

1051 1517 1117 1537 num
1130 1508 1239 1538 Domini
1250 1508 1408 1548 usurpabat,
1420 1515 1531 1538 testante
1542 1506 1671 1547 propheta
1681 1517 1690 1535 ε
1702 1506 1796 1547 Super
1805 1513 1869 1535 Esai.
1887 1517 1904 1537 n

1051 1548 1153 1578 stellas
1168 1547 1233 1577 coeli
1244 1558 1353 1586 ponam
1367 1547 1498 1577 tribunal
1512 1557 1618 1582 meum,
1635 1551 1665 1575 et
1686 1557 1734 1575 ero
1755 1549 1792 1576 si·
1807 1544 1844 1566 ¹3·
1856 1543 1892 1574 ¹4·

1052 1587 1130 1616 milis
1151 1588 1316 1616 Altissima
1340 1588 1383 1616 Ab
1401 1587 1478 1617 initio
1498 1597 1562 1616 mox
1583 1593 1614 1615 ut
1636 1593 1740 1615 creatus
1754 1593 1795 1616 est

1051 1626 1142 1663 homo,
1158 1627 1270 1657 tentavit
1285 1627 1364 1656 unius
1384 1627 1434 1656 Dei
1451 1626 1575 1656 notitiam
1593 1626 1748 1663 obscurare,
1766 1633 1794 1656 et

1050 1666 1185 1696 culturam
1199 1667 1347 1696 multorum
1361 1666 1476 1696 deorum
1493 1665 1630 1701 induoem,
1653 1664 1745 1695 dicens
1757 1665 1793 1695 ad

1051 1706 1155 1736 Evam:
1168 1708 1209 1736 E't
1227 1708 1307 1735 eritis
1322 1709 1396 1736 sicut
1415 1707 1468 1743 dii,
1489 1707 1612 1735 scientes
1633 1706 1742 1734 bonum
1764 1712 1793 1735 et
1805 1707 1904 1731 Gen-&2

1051 1746 1171 1776 malum.
1188 1746 1264 1777 Sicut
1281 1746 1355 1775 enim
1372 1756 1451 1775 omne
1467 1745 1569 1775 malum
1579 1755 1632 1774 non
1643 1755 1658 1774 a
1674 1745 1793 1784 perfecto

1049 1786 1120 1815 malo
1136 1786 1241 1826 incipit,
1255 1787 1302 1816 sed
1315 1786 1447 1826 paulatim
1462 1786 1488 1815 in
1504 1785 1611 1825 primis,
1625 1785 1664 1814 sic
1677 1791 1704 1814 et
1716 1784 1792 1815 istud

1049 1831 1103 1854 tam
1115 1825 1205 1855 audax
1217 1826 1318 1855 malum
1332 1826 1452 1866 primum
1465 1826 1560 1855 leviter
1571 1831 1603 1854 vet
1621 1824 1733 1854 latenter
1747 1825 1791 1853 in-

1047 1865 1171 1904 spiravit,
1183 1865 1213 1895 id
1223 1872 1274 1902 est,
1284 1865 1416 1906 persuasit
1427 1878 1434 1894 ε
1448 1876 1502 1895 non
1511 1863 1621 1904 quidem
1634 1871 1662 1893 ut
1672 1864 1793 1894 colerent

1047 1904 1122 1941 deos,
1137 1905 1186 1935 sed
1200 1905 1307 1934 interim
1319 1905 1382 1934 fecit
1395 1905 1555 1934 mentionem
1576 1903 1699 1939 deorum,
1723 1914 1792 1942 quos

1046 1944 1160 1974 debcant
1176 1945 1274 1975 colere.
1296 1944 1394 1975 Adhuc
1415 1945 1487 1974 enim
1506 1954 1560 1974 non
1573 1950 1628 1973 erat
1641 1942 1790 1973 multitudo

1046 1985 1187 2014 hominum
1213 1985 1401 2025 pessimorum,
1432 1984 1460 2013 in
1483 1984 1583 2023 quibus
1614 1983 1790 2013 seminaretur

1006 2026 1025 2048 D
1045 2024 1150 2053 fallacia
1170 2024 1282 2054 deorum
1303 2024 1460 2054 multorum.
1479 2025 1550 2054 Nam
1570 2022 1659 2053 virtus
1684 2022 1789 2052 diaboli

1044 2071 1093 2100 est,
1114 2063 1188 2103 quod
1208 2064 1330 2094 homines
1349 2063 1414 2092 mali
1434 2071 1505 2093 sunt.
1532 2064 1587 2093 Nec
1607 2063 1680 2091 enim
1699 2068 1787 2101 potest

1043 2102 1154 2142 aliquod
1168 2104 1269 2133 malum
1285 2104 1417 2133 seminare
1430 2102 1456 2133 in
1471 2101 1584 2138 mundo,
1599 2101 1652 2130 nisi
1671 2112 1719 2141 per
1733 2101 1788 2130 mi-

1042 2144 1138 2172 nistros
1157 2154 1237 2173 suosz
1252 2143 1316 2181 quia
1331 2143 1360 2172 in
1371 2142 1468 2171 sanctis
1487 2152 1540 2172 non
1558 2141 1661 2172 invenit
1680 2141 1783 2170 locum.

1040 2184 1181 2212 Crescente
1209 2183 1297 2221 itaque
1324 2192 1435 2212 numero
1460 2182 1603 2211 hominum
1639 2181 1785 2216 malorum,

1039 2223 1124 2253 crevit
1136 2229 1162 2252 et
1180 2222 1267 2253 virtus
1287 2221 1396 2258 erroris,
1416 2228 1442 2251 et
1464 2221 1562 2251 minuit
1580 2221 1705 2251 notitiam
1719 2219 1781 2255 Dei,

1039 2273 1125 2301 usque
1137 2261 1172 2291 ad
1185 2262 1243 2291 dies
1257 2262 1383 2298 Abrahae,
1397 2271 1477 2300 quem
1496 2259 1568 2291 Deus
1582 2260 1745 2304 suscitavit,-
1755 2265 1787 2304 ut

1039 2309 1094 2332 tam
1107 2313 1156 2341 per
1165 2313 1239 2339 eum,
1257 2313 1338 2341 quam
1351 2312 1398 2341 per
1413 2301 1470 2340 ejus
1483 2301 1616 2331 familiam
1626 2300 1677 2331 Dei
1689 2305 1786 2344 notitia

1038 2342 1067 2370 in
1081 2341 1195 2377 mundo,
1209 2349 1346 2380 tamquam
1360 2341 1481 2377 lucerna,
1497 2341 1598 2370 luceret
1611 2340 1639 2369 in
1654 2339 1782 2383 tenebris.

1039 2382 1143 2412 Videns
1159 2382 1248 2420 itaque
1261 2382 1325 2420 quia
1340 2381 1462 2410 notitiam
1484 2381 1535 2409 Dei
1552 2379 1663 2409 omnino
1681 2385 1784 2407 exstin-

1038 2432 1119 2460 guere
1134 2432 1185 2451 non
1199 2422 1299 2461 potuit,
1313 2421 1394 2450 aliam
1409 2420 1627 2450 adinventionem
1646 2418 1782 2463 excogita—

1037 2461 1077 2490 vit
1095 2462 1202 2497 erroris,
1227 2469 1256 2491 ut
1280 2461 1330 2490 etsi
1351 2466 1525 2500 cognoscatur
1542 2461 1614 2490 Deus
1637 2465 1783 2494 virtutum,

1023 2559 1107 2578 serunt
1123 2554 1159 2578 ad
1168 2563 1222 2579 eum
1234 2553 1384 2585 Sadducaei,
1399 2558 1448 2577 etc.

1895 2439 1904 2564 ...ι.ι

1896 2788 1904 2830 -ι-
1895 2722 1904 2769 .-.·
1897 2679 1904 2710 Λ.
