1890 2826
517 147 523 149 ’
555 145 598 167 DE
625 145 735 168 mmm
762 145 970 175 CREA'HONE,
999 146 1102 168 ORAT.
1134 146 1178 168 VI.

85 205 224 246 θρανιτάζει.
238 205 349 242 Ἐπειδὴ
364 200 431 235 εἶδεν
444 206 460 234 ὁ
472 205 606 246 ὀφθαλμὸς
624 205 656 234 τὸ
676 205 792 246 δένδρον,
807 206 852 235 καὶ

83 252 220 292 ἐλογίσατο
231 252 265 291 τῇ
279 251 381 291 διανοίᾳ
394 250 517 288 ἰσοθείαν,
530 251 636 281 δίδωσιν
645 253 660 281 ὃ
672 250 742 284 Θεὸς
763 262 854 280 στενα-

81 298 149 338 γμὸν
161 301 194 338 τῇ
205 297 300 338 καρδία
309 320 317 333 ,
337 297 383 327 καὶ
395 296 482 333 λύπην
494 299 533 337 τῷ
545 297 698 338 προσώπῳ,
711 297 756 326 ἵνα
768 298 802 327 δι’
817 293 854 327 ὧν

82 344 185 384 ἥμαρτε
208 345 325 383 κολασθῇ
336 366 344 380 ,
365 343 410 372 καὶ
428 343 472 372 ἵνα
487 343 569 385 πείσῃ
583 343 651 380 αὕτη
675 346 693 380 ἡ
717 343 833 384 τιμωρία
845 366 854 380 ,

83 391 182 429 μᾶλλον
194 390 221 420 δὲ
235 389 354 430 σιινι-ηρία
365 412 373 426 ,
388 389 436 426 τὴν
454 393 566 430 γυναῖκα
578 413 586 428 ,
604 390 646 420 ὅτι
658 391 707 420 οὔκ
725 389 854 431 ἐψεύσατο

81 435 146 472 ‘'t-hv
155 436 270 476 ἀρχαίαν
277 436 407 475 εὐλογίαν.
415 435 508 466 Εἰπὼν
516 435 568 477 γὰρ
579 437 676 474 αὐτοῖς,
686 435 853 477 Πληρώσατε

1574 137 1647 187 593
1699 147 1701 154 ‘

906 205 957 235 dit.
976 205 1070 235 Corde
1084 206 1202 236 laetante
1205 207 1300 250 floret
1320 210 1435 246 vultus,-
1450 221 1516 240 cum
1535 221 1606 240 vero
1619 213 1652 240 t'n
1661 221 1731 244 me
1750 223 1783 244 ις.

906 252 1029 281 tristitiis
1042 258 1188 289 versatur,
1210 260 1327 285 moestus
1341 262 1394 285 est.
1410 256 1482 293 Quia
1497 256 1592 286 oculus
1607 267 1651 287 ar-
1661 252 1700 275 3¹·

905 297 998 326 horem
1017 297 1132 335 viderat,
1152 300 1383 341 aequalitatemque
1405 312 1468 332 cum
1487 303 1545 331 Deo
1554 307 1651 333 'mente

904 344 1078 384 cogitaverat,
1094 344 1141 374 dat
1159 346 1232 375 Deus
1252 347 1327 376 cordi
1347 348 1486 387 gemitum,
1506 349 1651 388 vultuique

903 389 1052 427 tristitiam,
1073 396 1104 419 ut
1122 401 1171 431 per
1190 402 1221 421 ea
1246 403 1305 431 quae
1329 401 1485 433 peccaverat
1506 395 1648 435 puniatur,

904 442 988 475 utque
998 436 1176 476 supplicium,
1185 439 1242 468 imo
1251 438 1324 468 salus
1333 439 1402 479 ipsa,
1410 440 1517 470 mulieri
1528 441 1649 478 suadeat,

81 482 131 518 τὴν
150 484 210 522 γῆν,
227 482 314 522 λέγει,
328 483 376 512 Ἐν
389 481 486 517 λύπαις
504 482 565 523 τέξῃ
588 482 678 513 τέκνα.
691 483 732 513 Τὸ
750 482 798 522 μὲν
811 483 855 512 ἰ-ί-Ὶ
870 489 889 513 c
904 483 994 511 Deum
1002 492 1057 512 non
1071 482 1175 513 irritam
1188 483 1282 514 fecisse
1294 485 1412 524 priorem
1425 484 1649 517 benedictionem.

82 539 153 557 κτειν
162 529 211 558 οὔκ
219 529 318 568 ἄναιρῶ
325 541 332 548 ·
342 528 412 563 ἅπαξ
421 529 474 568 γὰρ
484 528 616 569 εὖλόγησα
626 541 634 547 ·
643 527 713 559 ἀλλὰ
721 528 855 566 ὀδυνήσεις

81 575 109 603 ἐν
130 574 232 610 πόνοις,
248 576 275 604 ἐν
287 579 426 615 ταραχαῖς.
441 574 549 610 Ἐκείνη
572 576 590 610 ἡ
610 574 684 611 λύπη
703 574 852 616 βαρυτάτη.

82 621 136 650 Καὶ
148 626 276 662 μαρτυρεῖ
288 624 303 651 ὁ
316 622 413 662 Σωτήρ
425 634 432 640 ·
445 621 482 651 Ἡ
493 621 570 661 γυνὴ,
582 621 646 651 ὅταν
658 621 737 662 τίκτῃ
745 645 754 660 ,
765 621 853 657 λύπην

82 667 149 707 ἔχει.
172 668 303 697 Λυπεῖται
321 668 464 704 τίκτουσα,
482 672 598 708 μεριμνᾷ
610 667 742 708 τρέφουσα
753 679 761 686 ·
774 667 820 697 ἐὰν
833 663 853 708 ᾗ

81 715 95 741 ὁ
108 717 171 747 παῖς
183 714 211 742 ἐν
228 713 333 754 ἡλικίᾳ,
350 719 466 754 μεριμνᾷ
487 713 525 753 μὴ
547 713 656 751 ἀνόητος
672 709 710 754 ᾗ·
726 712 773 743 ἐὰν
787 715 853 744 ἄπο-

82 759 169 797 δημῇ,
183 759 222 798 μὴ
237 760 369 801 ἀποθάνῃ,
384 760 421 800 μὴ
434 759 550 799 νοσήσῃ,
567 759 605 798 μὴ
617 760 750 790 ὀδυνᾶται.
763 759 852 789 Τοῦτο

81 807 96 834 ὁ
110 805 176 845 ἀνὴρ
189 807 237 835 οὐκ
251 806 306 846 ἔχει
317 817 326 825 ·
345 806 394 836 κᾶν
415 805 469 847 γὰρ
481 805 632 846 μεριμνήσῃ
654 808 669 835 ὁ
686 805 786 846 πατὴρ,
801 808 852 847 οὐχ

80 851 163 885 οὕτως
171 853 207 885 ὡς
215 854 232 888 ἡ
245 852 343 892 μήτηρ,
353 852 422 882 ἀλλὰ
431 856 628 893 παραμυθεῖται
638 852 740 889 ἑαυτὸν,
751 852 836 892 λέγων
844 865 852 872 ·

81 897 217 937 ἄνθρωπός
230 899 312 935 ἔστιν,
333 893 400 928 οἶδεν
415 900 507 928 ἕαιντοῦ
519 901 683 939 προστῆναι·
696 898 743 928 καὶ
758 900 787 928 οὗ
803 910 849 938 με-

81 948 168 984 ριμνᾷ.
183 944 235 974 Διὰ
246 944 289 981 τί;
310 944 376 975 Ὀτι
387 945 436 974 οὔκ
455 945 568 981 ἤκουσεν
583 944 661 978 αὐτός
670 956 678 963 ·
693 945 742 974 Ἐν
753 944 851 979 λύπαις

903 529 973 558 Nam
994 539 1056 559 cum
1081 529 1212 568 dixisset,
1238 531 1358 571 Replete
1383 538 1501 570 terr-am,
1528 534 1566 563 ait
1577 556 1586 572 ,
1612 537 1651 564 In

904 575 1006 605 dolore
1021 578 1120 616 paries
1132 577 1225 617 filios.
1245 578 1356 607 Partum
1374 588 1427 608 non
1456 579 1523 608 tollo
1546 593 1552 609 :
1568 581 1651 611 semel

902 621 975 650 enim
992 621 1131 661 benedixi;
1144 622 1192 658 sed
1203 623 1292 664 paries
1315 623 1343 653 in
1370 624 1520 662 laboribus,
1542 625 1571 654 in
1589 637 1650 666 per-

902 666 1112 698 turbationibus.
1126 669 1295 699 Gravissima
1307 669 1365 699 haec
1377 669 1498 700 tristitia.
1514 670 1547 700 Id
1567 678 1648 701 testa-

902 718 947 741 tur
958 713 1103 743 Servabor:
1119 715 1238 751 Mulier,
1249 726 1314 745 cum
1326 718 1417 755 parit,
1433 717 1581 746 tristitiam
1594 718 1648 747 ha·
1657 722 1725 744 loun·
1742 722 1775 743 ¹6⁴

903 760 951 788 bet
970 759 1106 790 Tristatur
1116 771 1177 790 cum
1183 762 1264 801 parit,
1277 763 1356 792 anxia
1362 769 1403 792 est
1414 762 1481 792 dum
1491 764 1587 799 nutrit;
1599 764 1648 795 ubi
1658 762 1697 779 ²¹·

901 815 970 844 puer
979 805 1106 845 grandior
1115 813 1166 844 est,
1172 813 1280 837 veretur
1289 818 1322 838 ne
1329 818 1420 838 socors
1428 808 1463 838 sit
1467 822 1475 845 ;
1493 809 1515 839 si
1527 810 1647 850 peregri·

900 857 989 889 netur,
998 851 1096 881 metuit
1104 862 1137 882 ne
1147 852 1290 891 moriatur,
1302 854 1370 884 nein
1379 855 1474 884 morbo
1482 856 1527 886 vel
1536 855 1564 885 iu
1575 865 1647 886 aeru-

900 906 963 926 mna
975 897 1163 927 versetur.His
1170 898 1215 928 vir
1227 908 1280 929 non
1299 907 1339 929 est
1349 900 1502 940 obnoxius;
1515 901 1564 931 etsi
1576 902 1649 932 enim

900 949 976 982 pater
989 943 1024 973 sit
1036 943 1182 982 sollicitus,
1194 954 1247 974 non
1261 945 1374 985 perinde
1391 953 1481 976 tamen
1499 954 1580 987 atque
1593 958 1650 978 ma-

80 989 142 1030 τέξῃ
150 990 238 1021 τέκνα.
247 990 330 1021 Ξένον
342 986 409 1025 εἶδος
419 991 496 1028 δίκης
505 1003 512 1010 ·
524 994 542 1027 ἡ
552 995 631 1031 πεῖρα
639 990 750 1031 μάρτυς.
764 990 851 1021 Ὅταν
867 1001 885 1024 υ
901 995 952 1027 ter;
963 987 1137 1029 sedseipsum
1150 990 1303 1020 consolatur
1314 991 1407 1022 dicens
1419 1005 1426 1022 t
1439 994 1526 1023 Homo
1539 1001 1587 1032 est,
1599 995 1651 1026 seit

80 1037 171 1070 ὠδῖνες
188 1036 293 1066 λάὸωσι
316 1041 441 1077 γυναῖκα,
456 1037 516 1067 οὐδὲ
535 1038 564 1067 ἐν
577 1039 666 1071 αὐτοῖς
687 1040 744 1070 τοῖς
763 1036 852 1071 πόνοις

82 1082 240 1123 ἀπαγορεύει
260 1083 305 1113 τὸν
319 1083 409 1123 ἄνδρα.
430 1084 472 1114 Οὔ
485 1083 574 1123 λέγει,
587 1083 640 1113 εἴθε
652 1082 690 1123 μὴ
706 1079 739 1120 ἦν
751 1083 851 1123 γάμος,

82 1129 135 1158 εἴθε
163 1128 201 1168 μὴ
226 1125 259 1166 ἦν
293 1128 454 1168 τεκνογονία.
490 1130 531 1159 Οὔ
559 1133 692 1170 συγχωρεῖ
736 1130 803 1169 αὐτῇ
836 1132 851 1160 ὃ

80 1175 150 1209 Θεὸς
171 1175 230 1205 οὔτε
255 1175 323 1215 μετὰ
347 1175 396 1212 τὴν
421 1179 515 1215 πεῖραν
539 1177 654 1214 μισῆσαι
677 1175 722 1206 τὸν
748 1175 857 1216 ἅνδρα··

81 1222 140 1251 ἀλλ’
154 1217 207 1251 οἶδε
229 1221 274 1251 καὶ
288 1221 315 1251 τί
335 1221 430 1259 ἔπαθε,
453 1221 499 1251 καὶ
515 1221 542 1251 τί
555 1221 672 1259 ὑπέστη,
691 1221 736 1252 καὶ
759 1223 852 1263 ἀγαπᾷ

81 1267 125 1297 τὸν
162 1267 253 1307 ἄνδρα.
287 1267 340 1297 Διὰ
363 1270 450 1304 τοῦτο,
464 1268 526 1302 ,Ἐν
548 1267 645 1301 λύπαις
667 1267 729 1308 τέξῃ
756 1267 849 1306 τέκνα,

79 1313 125 1343 καὶ
143 1313 208 1353 πρὸς
221 1313 266 1343 τὸν
281 1314 364 1354 ἄνδρα
377 1324 423 1343 σου
437 1315 455 1349 ἡ
474 1313 628 1354 ἀποστροφή
642 1325 699 1350 σου,
714 1313 759 1343 καὶ
773 1315 851 1350 αὐτός

78 1371 126 1390 σου
139 1358 279 1400 κυριεύσει.
293 1358 407 1396 Ἐπειδὴ
427 1358 488 1399 ἄρτι
507 1362 596 1393 κακῶς
617 1359 785 1400 ἐκυρίευσας,
805 1361 851 1390 καὶ

79 1405 182 1446 ἐγένετο
200 1406 290 1439 δοῦλος
308 1407 357 1441 τῆς
375 1407 424 1441 σῆς
446 1405 588 1445 αἱρέσεως,
606 1405 662 1435 λύω
673 1405 722 1442 τὴν
736 1408 848 1437 ἀκολου-

79 1452 136 1481 θίαν
147 1463 154 1470 ·
175 1451 252 1485 αὐτὸς
270 1451 417 1486 δεσποζέτω
438 1453 453 1480 ὃ
469 1450 508 1490 μὴ
535 1451 687 1488 ἀπατηθείς.
707 1452 760 1482 Διὰ
772 1455 851 1483 τοῦτο

901 1033 953 1063 sihi
963 1035 1114 1074 prospicere
1116 1047 1126 1074 3
1140 1045 1227 1075 neque
1233 1037 1330 1067 anxius
1337 1045 1386 1068 est.
1396 1040 1487 1076 Quare
1492 1040 1506 1069 Ρ
1515 1040 1586 1078 Quia
1595 1051 1649 1071 non

901 1079 1007 1111 audivit
1019 1080 1067 1110 ille
1076 1093 1084 1110 ε
1096 1082 1117 1110 I
1116 1092 1136 1110 n
1145 1082 1296 1113 doloribus
1303 1085 1497 1125 pariesfilios.
1504 1086 1650 1118 Insolitum

900 1136 984 1166 poenae
991 1137 1074 1167 genus
1082 1139 1089 1156 ι
1096 1128 1261 1168 experientia
1267 1129 1340 1159 testis
1346 1137 1395 1160 est.
1402 1132 1472 1161 Cum
1477 1131 1583 1163 dolores
1590 1144 1650 1174 par-

900 1176 945 1200 tus
950 1170 1091 1200 manerem
1097 1171 1240 1208 invadunt,
1245 1182 1278 1202 ne
1284 1173 1313 1202 in
1319 1173 1385 1214 ipsis
1391 1174 1502 1214 quidem
1509 1176 1650 1208 laboribus

902 1217 992 1247 virum
1004 1217 1124 1258 respicit.
1137 1219 1197 1248 Non
1208 1218 1287 1257 dicit,
1302 1220 1415 1250 Utinam
1426 1222 1527 1262 nuptiae
1538 1233 1592 1253 non
1604 1234 1647 1254 es-

900 1269 969 1300 sent,
981 1262 1084 1292 utinam
1095 1273 1149 1294 nou
1163 1271 1233 1294 esset
1246 1265 1394 1296 liberorum
1411 1269 1579 1307 procreatio:
1586 1271 1647 1300 Non

898 1308 963 1338 sinit
981 1310 1055 1339 Deus
1076 1309 1152 1339 illam
1171 1317 1232 1350 post
1250 1311 1330 1341 talem
1348 1313 1541 1353 experientiam
1559 1315 1649 1346 odisse

898 1354 990 1384 virum
1000 1366 1008 1383 ι
1021 1361 1048 1384 at
1059 1355 1123 1385 licet
1133 1357 1210 1387 novit
1218 1357 1287 1396 quid
1299 1368 1387 1398 passa,
1401 1358 1470 1398 quid
1480 1369 1590 1402 experta
1600 1362 1646 1401 sit,

898 1400 989 1430 virum
1006 1407 1094 1431 tamen
1114 1401 1216 1442 diligit.
1232 1403 1310 1440 Ideo,
1332 1405 1370 1432 In
1390 1405 1541 1436 doloribus
1551 1409 1648 1447 paries
1660 1422 1747 1446 aem-3,
1761 1423 1801 1448 ¹5,-

893 1446 986 1485 filios,
997 1453 1027 1476 et
1039 1448 1080 1477 ad
1093 1449 1194 1478 virum
1208 1455 1291 1478 tuum
1304 1452 1453 1480 conversio
1467 1459 1528 1491 tua,
1543 1460 1572 1484 et
1586 1457 1649 1492 ipse

80 1499 185 1532 Παῦλος
202 1497 274 1537 λέγει
285 1509 292 1516 .
314 1497 424 1527 rumai
443 1497 470 1526 δὲ
485 1497 616 1527 διδάσκω,
630 1498 679 1527 οὔχ
692 1498 847 1538 ἐπηρέπω,
864 1503 882 1526 Ε
899 1493 1100 1523 dominabitur
1119 1495 1172 1523 tui.
1194 1494 1267 1532 Quia
1287 1495 1344 1535 jam
1363 1496 1434 1526 male
1451 1498 1600 1539 imperasti,
1620 1507 1647 1530 et

79 1543 138 1573 οὐδὲ
152 1545 283 1573 αὐθεντεῖν
297 1543 400 1583 ἀνδρός.
421 1544 518 1577 Κακῶς
537 1542 589 1583 γὰρ
610 1544 715 1582 πρῶτον
733 1543 848 1578 ἐδίδαξεν

77 1591 106 1619 ἐν
129 1589 291 1630 παραδείσῳ.
310 1590 381 1620 Οὐδὲ
407 1591 540 1619 αὐθεντεῖν
555 1588 656 1629 ἀνδρός.
679 1590 775 1623 Κακῶς
796 1590 847 1630 γὰρ

78 1635 247 1672 ηὖθέντησεν.
256 1635 322 1675 Ἄρα
333 1630 377 1664 οὗν
389 1635 458 1664 κατὰ
467 1634 566 1671 ταύτην
578 1634 626 1670 τὴν
638 1635 738 1665 ἔννοιαν
751 1647 848 1675 παραι-

79 1687 117 1713 νεῖ
130 1685 145 1712 δ
155 1683 263 1715 Παῦλος
276 1681 314 1721 μὴ
326 1681 460 1711 διδάσκειν
473 1686 585 1720 γυναῖκα
593 1704 601 1718 ,
613 1680 658 1710 διὰ
671 1680 706 1711 τὰ
719 1682 746 1710 ἐν
761 1693 850 1722 παρα-

78 1729 156 1770 δείσῳ
165 1728 297 1768 γινόμενα.
306 1726 320 1743 ⁸
328 1726 375 1764 Μὴ
387 1729 465 1766 ἡμεῖς
477 1726 653 1767 σοφιζώμεθα,
664 1726 742 1757 ἄκουε
752 1729 831 1757 αὐτοῦ
840 1741 847 1747 ·

78 1775 187 1806 Γυναικὶ
205 1774 232 1804 δὲ
253 1773 384 1803 διδάσκειν
395 1774 444 1803 οὔκ
461 1773 595 1813 ἐπιτρέπω
606 1795 615 1809 ,
635 1772 695 1802 οῦδὲ
715 1774 847 1804 αὐθεντεῖν

75 1821 176 1862 ἀνδρός.
189 1819 242 1850 Καὶ
251 1819 293 1849 ἵνα
302 1818 372 1859 δείξῃ
381 1819 422 1849 ὅτι
433 1818 477 1848 διὰ
486 1818 519 1848 τὰ
531 1820 634 1859 πρῶτα,
646 1819 740 1859 ἐπάγει
749 1832 755 1838 ·
764 1819 848 1859 Ἀδὰμ

74 1868 125 1907 γὰρ
144 1868 192 1896 οὔκ
211 1865 338 1902 ἠπατήθη
349 1887 358 1902 ,
372 1867 390 1901 ἠ
405 1864 432 1894 δὲ
447 1863 514 1904 γυνὴ
529 1865 695 1900 ἀπατηθεῑσα
717 1866 744 1894 ἐν
759 1876 847 1905 παρα-

75 1913 152 1942 ὅάσει
165 1913 266 1952 γέγονε.

119 2098 146 2128 Τ
148 2097 157 2126 ί
170 2093 233 2133 οῧν;
248 2095 428 2132 &mammet
442 2096 475 2135 τῇ
497 2094 627 2135 καταδίκῃ
647 2094 679 2124 τὸ
692 2096 744 2124 τῶν
758 2106 848 2134 γυναι-

82 2145 136 2172 κῶν
153 2142 226 2182 γένος
238 2165 246 2179 ,
259 2141 304 2171 καὶ
324 2140 398 2179 μένει
411 2142 439 2170 ἐν
451 2141 561 2177 λύπαις,
574 2141 620 2170 καὶ
633 2142 663 2170 οὔ
674 2141 765 2170 λύεται
779 2143 793 2170 ὁ
808 2142 849 2170 δε-

82 2188 147 2228 σμός
155 2200 162 2225 ;
171 2184 270 2218 Ἦλθεν
282 2189 297 2217 ’ὁ
310 2187 424 2227 Χριστὸς
435 2189 449 2216 ὁ
461 2187 531 2217 λύων
544 2187 588 2216 τὸν
601 2187 696 2226 δεσμόν
708 2199 714 2206 ·
726 2187 849 2223 ἀπήντη-
857 2220 893 2238 w,

898 1538 1044 1568 voluntatis
1054 1545 1107 1568 tuae
1117 1550 1212 1570 servus
1224 1541 1336 1571 affectus
1346 1549 1397 1579 est,
1410 1543 1532 1574 ordinem
1546 1546 1623 1576 solvo
1636 1559 1644 1576 ε

899 1585 958 1624 ipse
970 1584 1096 1615 dominus
1109 1586 1155 1623 sit,
1175 1587 1222 1625 qui
1234 1596 1289 1616 non
1301 1594 1340 1617 est
1349 1588 1488 1630 deceptus.
1498 1590 1564 1621 Ideo
1573 1594 1643 1623 Pau-

898 1631 942 1660 lus
952 1631 990 1661 ait
1006 1643 1013 1661 ι
1033 1632 1274 1662 Μιιίίενί.σιαειη
1294 1634 1398 1664 docere
1418 1646 1478 1664 non
1494 1640 1642 1678 permitto,
1658 1651 1678 1667 1.
1694 1645 1752 1668 Tim.
1773 1653 1795 1669 2⁴

899 1688 992 1718 neque
1011 1678 1157 1707 dominun·
1170 1680 1203 1707 in
1221 1680 1330 1708 virum.
1346 1681 1416 1710 Nam
1435 1682 1507 1712 male
1525 1683 1645 1723 primum
1657 1681 1693 1700 ¹²·

896 1723 992 1753 docuit
1002 1724 1030 1753 in
1043 1724 1180 1764 paradiso.
1194 1726 1299 1765 Neque
1311 1726 1461 1757 dominari
1473 1730 1504 1757 in
1517 1731 1618 1760 virum
1633 1744 1642 1761 ε

897 1770 967 1799 male
985 1770 1058 1799 cuim
1073 1769 1210 1800 dominata
1233 1778 1283 1801 δι.
1305 1772 1363 1801 Hoc
1383 1783 1448 1813 ergo
1470 1785 1549 1805 sensu
1564 1777 1645 1817 jubet

896 1816 998 1845 Paulus
1014 1816 1156 1846 mulierem
1169 1827 1223 1847 non
1233 1817 1340 1856 docere,
1354 1819 1390 1849 ob
1403 1830 1434 1849 ea
1445 1831 1505 1860 quae
1517 1822 1545 1851 in
1562 1834 1644 1863 para-

896 1862 957 1891 diso
971 1869 1129 1892 eveueraut:
1140 1873 1189 1893 neo
1201 1874 1251 1894 uos
1263 1865 1426 1904 sophismate
1439 1867 1553 1898 utimur.
1567 1870 1645 1900 Audi

900 1918 962 1937 cum
981 1920 988 1936 :
1003 1908 1124 1938 Mulieri
1137 1916 1235 1940 autem
1246 1911 1348 1940 docere
1361 1922 1421 1941 non
1432 1917 1580 1953 permitto,
1593 1926 1644 1945 ne-

898 1966 955 1994 que
969 1955 1117 1984 dominari
1130 1957 1162 1985 in
1174 1957 1283 1986 mrum.
1299 1958 1336 1988 Et
1350 1965 1381 1988 m
1394 1959 1515 1991 ostendat
1528 1972 1566 1999 se,
1581 1962 1643 1993 ideo

900 2001 927 2030 id
938 2008 1064 2038 statuere,
1078 2002 1171 2032 subdit
1183 2015 1190 2031 τ
1205 2003 1308 2034 Adam
1317 2005 1395 2035 enim
1420 2016 1479 2036 non
1496 2014 1541 2037 est
1554 2010 1642 2039 sedu-
1654 2017 1713 2039 [hid.
1726 2026 1745 2038 v.
1758 2019 1779 2046 14
1788 2035 1794 2041 .

896 2054 974 2085 ctus,
982 2049 1162 2079 mulier-vero
1168 2050 1287 2081 sectum
1299 2053 1381 2080 estin
1388 2056 1640 2091 praevaricatione.

940 2095 988 2123 10.
1003 2094 1078 2131 Quid
1087 2094 1192 2136 igtur?
1202 2097 1370 2128 damnationi
1379 2100 1513 2130 obnoxius
1526 2109 1566 2132 est
1578 2113 1643 2133 mu-

901 2141 974 2170 lieris
991 2151 1083 2179 sexus,
1104 2150 1248 2183 manetque
1261 2145 1289 2174 in
1306 2145 1459 2183 doloribus,
1475 2157 1523 2176 nec
1546 2149 1642 2179 vincu-

902 2188 959 2217 lum
965 2187 1102 2218 solvitur-1¹
1108 2190 1191 2220 Venit
1201 2190 1325 2221 Christus
1339 2192 1531 2231 quiviuculum
1540 2195 1621 2224 solvit
1633 2206 1639 2222 :

82 2247 126 2264 σεν
145 2237 162 2271 ἡ
181 2233 331 2274 κυριοτόκος
345 2233 411 2272 ὑπὲρ
424 2236 469 2263 τοῦ
488 2233 578 2272 γένους
600 2233 798 2272 ἀπολογουμένη
808 2255 815 2269 ,
832 2237 849 2270 ἡ
867 2249 885 2270 Λ
902 2235 1017 2264 occurrit
1027 2245 1058 2264 ea
1069 2245 1129 2274 quae
1143 2238 1291 2267 Dominum
1303 2239 1416 2278 peperit,
1433 2239 1511 2269 sexui
1525 2241 1641 2280 patroci-

82 2282 145 2321 ἁγία
165 2281 291 2322 παρθένος
312 2279 370 2309 ἀντὶ
387 2281 434 2315 τῆς
453 2279 581 2318 παρθένου
594 2290 601 2296 ·
615 2279 741 2319 παρθένος
754 2279 805 2319 γὰρ
819 2276 851 2316 ἦν

83 2327 127 2357 καὶ
148 2330 166 2364 ἢ
187 2327 243 2357 Εὕα
262 2326 306 2356 ὅτε
332 2326 449 2366 ἥμαρτεν
460 2337 466 2343 ’
486 2324 562 2354 ἔλυσε
583 2325 631 2360 τὴν
648 2324 735 2361 λύπην
749 2326 794 2355 καὶ
807 2326 852 2355 τὸν
903 2331 960 2360 Eva
972 2340 1034 2360 cum
1046 2331 1181 2371 peccavit3
1195 2331 1325 2360 damnatae
1335 2331 1455 2360 dolorem
1465 2331 1555 2367 solvit,
1562 2338 1642 2370 atque
1651 2324 1725 2376 {22¹2
1740 2362 1744 2368 ι

83 2373 227 2413 στεναγμὸν
248 2375 295 2408 τῆς
319 2370 585 2409 καταδεδικασμίνης.
603 2370 710 2411 “Ωσπερ
731 2370 782 2411 γὰρ
805 2372 849 2402 ἐάν

82 2439 122 2459 τις
135 2427 220 2466 κληθῇ
235 2427 271 2458 εἷς
288 2425 321 2454 τὰ
336 2424 473 2464 βασίλεια,
486 2423 627 2458 σπουδάζει
639 2423 700 2457 τοὺς
715 2423 794 2458 ἰδίους
807 2437 848 2454 τι-

119 2526 128 2537 ·
146 2517 154 2549 [
165 2514 299 2542 (Ζοιιὼείὶι.
312 2515 345 2541 de
355 2524 401 2541 suo
412 2521 453 2546 τὴν
464 2521 556 2551 πρώτην
565 2515 624 2547 nik]

128 2557 140 2575 t.
158 2554 312 2588 [Combessn‘
323 2553 354 2579 de
363 2563 408 2579 suo
419 2558 459 2586 οὐχ
470 2559 534 2586 ἡμεῖς
559 2558 709 2587 wermonon:
725 2559 835 2582 vertens:

902 2292 978 2320 nans,
994 2291 1081 2314 sancta
1095 2284 1183 2324 Virgo
1196 2295 1245 2325 pro
1259 2285 1381 2324 virgine;
1398 2295 1459 2314 nam
1483 2285 1560 2325 virgo
1586 2293 1642 2315 erat
1666 2280 1734 2308 Ματῐᾶ
1750 2286 1794 2306 vi*-

1706 2324 1729 2338 ro
1746 2318 1792 2337 vir-

1719 2349 1724 2354 *
1728 2355 1792 2368 ιιιιιι

902 2377 1041 2418 gemitum.
1054 2377 1130 2408 Sicut
1141 2377 1212 2407 enim
1235 2378 1258 2407 si
1277 2377 1338 2417 quis
1358 2377 1386 2406 in
1400 2377 1499 2417 regiam
1518 2384 1639 2415 vocetur,
1651 2380 1751 2402 tercedit.

902 2434 965 2455 suos
991 2424 1137 2455 honoribus
1150 2435 1247 2464 augere
1262 2424 1361 2462 studet,
1380 2435 1421 2461 ac,
1437 2423 1460 2452 si
1478 2423 1506 2452 in
1520 2425 1642 2463 angustia

888 2525 936 2541 non
949 2525 993 2541 nos
1009 2516 1180 2546 cavillarum-J
