1904 2840
0 1100 124 1124 bamssaG.

87 2222 93 2229 .
131 2202 221 2232 dicens
237 2213 245 2230 =

655 212 689 235 IN
714 210 925 235 MA'I'I'HAEUM.
952 210 1070 234 nomm.
1100 212 1147 235 IV.

1607 207 1675 253 775

141 272 304 314 baptismum
325 282 353 302 se
365 272 543 303 necessarium
557 272 656 302 habere
668 272 775 316 putavit
788 284 795 299 ε
808 281 876 310 quo·
896 273 917 297 Α
932 271 1013 310 plere
1023 282 1138 302 omnem
1146 274 1303 313 justitiam.
1313 276 1372 306 Non
1383 276 1497 318 denegat
1505 279 1677 310 eminentiam

141 312 221 342 modo
233 322 283 342 nos
299 312 493 342 contemnimus
515 312 707 352 poenitentiam,
720 322 767 350 qui
786 321 879 340 sumus

139 351 257 391 cooperti
269 352 407 392 peccatis?
423 353 491 381 Item
512 352 668 381 testificatus
682 358 738 380 erat
750 351 877 386 Joannes,

138 393 267 429 quoniam
278 393 342 432 Ego
355 393 470 431 baptizo
483 401 537 421 vos
547 394 578 421 in
587 401 677 432 aqua,
687 397 751 430 post
764 400 809 419 me
822 400 877 419 au-

141 437 196 459 tem
210 433 502 472 venietsortior'me‚
515 433 576 471 ipse
595 441 651 460 vos
672 429 828 470 baptizabit
846 431 878 458 in

138 472 242 509 spiritu
255 479 283 500 et
305 474 381 511 igne.
399 471 465 500 Ideo
488 478 552 500 tuuc
569 471 652 507 venit,
668 476 698 499 ut
721 469 802 500 etiam
825 468 878 513 boe

139 510 319 540 testimouium
333 512 390 549 ejus
411 510 560 540 ostenderet
581 521 686 546 verum,
701 509 771 539 utin
786 509 875 548 bapti-

138 558 197 578 smo
203 551 262 590 ejus
272 550 424 590 aperiantur
436 549 653 587 caeli,descendat
660 549 789 589 Spiritus,
799 550 876 577 Pater

137 588 234 618 elamet
246 589 281 619 de
294 590 369 626 caelo,
384 596 410 619 et
422 601 470 630 per
483 590 534 619 hoc
547 590 716 619 manifestum
732 587 873 623 efficiatur,

138 627 202 666 quia
215 639 278 658 vere
301 629 408 669 dignior
421 637 478 659 erat
499 630 600 659 Joanne
615 629 663 669 qui
675 628 824 668 baptizatus
837 633 876 656 est

138 678 153 696 a
166 668 278 699 Joanne.
291 669 367 699 Sicut
379 669 450 698 enim
464 680 525 699 eum
557 669 693 698 recesserit
705 667 811 702 lucifer,
826 667 876 695 lux

136 717 191 736 non
200 715 333 748 exspectat
340 718 463 738 occasum
473 709 527 738 luci
538 708 588 744 eri,
596 715 626 738 ut
636 708 671 737 ita
681 706 817 748 procedat,
826 705 874 735 sed

137 746 227 776 adhuc
239 758 270 776 eo
282 748 438 778 ascendente
450 748 586 788 egreditur
599 755 624 778 et
637 758 686 777 suo
698 747 800 776 lumine
822 746 874 775 ob-

137 793 226 816 seurat
239 780 314 816 illius
332 787 474 823 candorem
489 799 496 816 ε
510 788 548 817 sie
561 794 587 817 et
599 788 701 818 Joanne
712 785 873 826 praedicante

137 832 198 855 ante
217 826 367 865 Christum,
380 827 506 857 Christus
525 837 578 856 non
590 826 754 872 exspectavit
768 832 796 855 ut
810 836 873 854 cur-

136 875 197 894 sum
209 877 288 895 suum
301 868 416 897 Joannes
434 866 565 907 impleret,
578 873 604 896 et
628 877 667 903 sic
688 866 746 906 ipse
769 865 873 895 veniret
891 869 909 892 B

135 904 171 933 ad
192 905 310 935 medium
326 919 333 935 :
347 906 395 936 sed
415 916 446 935 eo
460 906 548 935 adhuc
561 905 671 935 docente
692 905 826 945 apparuit,
844 910 873 933 ut

136 954 184 983 per
195 946 417 985 comparationem
429 945 556 975 doctrinae
568 955 622 975 suae
634 945 677 974 vel
689 945 789 989 operis,
801 955 872 984 praa—

134 983 294 1014 dicationem
317 985 427 1015 Joannis
441 986 535 1015 faceret
549 995 602 1014 non
630 984 715 1014 videri
726 984 868 1023 justitiam.

133 1022 214 1053 Unde
226 1031 365 1064 postquam
377 1025 456 1065 coepit
469 1026 546 1055 Jesus
558 1023 713 1064 praedicare,
725 1022 759 1051 ad
771 1034 799 1052 se
811 1034 872 1052 cur-

133 1063 253 1092 rentibus
266 1064 408 1099 universis,
423 1064 504 1094 viluit
517 1063 638 1093 doctrina
657 1063 777 1092 Joannis.
792 1062 872 1092 Unde

133 1101 259 1142 discipuli
276 1104 335 1143 ejus
347 1103 362 1119 ¹’
372 1103 492 1133 videntes
503 1102 627 1132 dicebant
642 1102 677 1130 ad
689 1113 751 1131 eum
767 1114 773 1130 ε
790 1103 872 1131 Rab-

134 1143 173 1177 bi,
189 1152 255 1172 eece
274 1145 322 1172 cui
341 1149 373 1172 tu
392 1144 586 1172 testimonium
610 1142 792 1181 perhibebas,
807 1152 872 1172 ecce

133 1182 182 1210 hic
187 1182 331 1221 baptizat,
342 1189 372 1211 et
381 1192 480 1211 omnes
492 1185 618 1211 veniunt
628 1182 669 1210 ad
678 1191 755 1210 eum.
768 1181 871 1211 Deinde

132 1220 206 1250 venit
230 1221 265 1250 ad
290 1222 468 1261 baptismum,
483 1231 536 1250 non
560 1228 589 1251 ut
610 1221 666 1260 ipse
689 1221 870 1250 remissionem

132 1266 301 1299 peccatorum
312 1261 441 1301 acciperet
454 1271 501 1301 per
513 1261 676 1301 baptismum
686 1283 694 1296 ,
708 1260 754 1290 sed
766 1267 796 1289 ut
808 1270 869 1290 san-

132 1298 262 1329 ctificatas'
272 1311 356 1339 aquas
370 1301 531 1340 relinqueret
549 1300 718 1346 postmodum
733 1299 868 1340 baptizan-

131 1338 185 1368 dis.
211 1338 307 1369 Adhuc
333 1347 437 1377 autem,
452 1346 483 1369 ut
509 1350 556 1379 qut
582 1340 727 1368 humanam
753 1339 870 1379 suscepit

131 1384 264 1414 naturam,
280 1385 365 1410 totum
377 1380 502 1409 humanae
524 1386 634 1416 natur-ee,
650 1379 800 1408 inveniatur
814 1379 868 1408 im-

130 1417 217 1457 plesse
235 1419 403 1459 mysterium.
418 1420 486 1449 Nam
511 1419 635 1458 quamvi's
659 1418 716 1458 ipse
735 1428 789 1448 non
812 1426 868 1449 erat

130 1464 261 1496 peccator,
276 1465 363 1488 tamen
374 1465 496 1488 naturam
507 1465 657 1498 susceperat
670 1458 842 1497 peccatricem
859 1471 865 1487 ε
885 1466 904 1490 c.

129 1503 267 1536 propterea
289 1498 337 1528 etsi
357 1498 415 1538 ipse
428 1498 460 1527 ba
481 1498 585 1527 tismate
598 1508 650 1527 non
664 1498 766 1536 egebat,
781 1504 868 1527 tamen

130 1535 243 1565 earnalis
252 1544 346 1566 natura
352 1548 422 1577 opus
434 1537 467 1566 ha
503 1537 557 1566 bat.
571 1539 618 1566 u.
631 1538 762 1566 Joannes
771 1543 869 1566 antem

127 1576 299 1614 prohibebat
322 1587 398 1612 eum,
414 1577 512 1605 dicens
526 1588 535 1604 .·
549 1577 614 1615 Ego
628 1587 647 1605 a
661 1581 689 1604 te
708 1577 798 1604 debeo
818 1578 869 1605 ba-

125 1616 246 1654 ptizat-1⁶,
259 1622 288 1644 et
302 1621 333 1644 tu
355 1616 439 1644 venis
452 1616 493 1644 ad
507 1625 552 1643 me
561 1617 574 1642 P
588 1616 650 1651 Quo
671 1624 720 1653 ego
745 1614 868 1644 desidero

129 1652 279 1689 ascendere,
293 1661 323 1683 tu
337 1654 399 1683 inde
420 1654 569 1683 descendis.
593 1655 666 1691 Ergo
679 1660 708 1682 ut
723 1659 752 1683 tu
765 1664 807 1683 me
820 1654 869 1682 ba·-

129 1692 223 1733 ptizes,
233 1700 272 1722 est
283 1693 375 1722 idonea
386 1693 465 1729 ratio,
475 1700 505 1722 ut
512 1693 602 1733 justus
612 1693 724 1730 efficiar,
735 1700 761 1722 et
771 1693 869 1732 dignus

129 1731 205 1762 caelo.
220 1733 260 1762 Ut
273 1740 361 1762 autem
385 1742 434 1771 ego
446 1739 472 1762 te
485 1733 628 1773 baptizem,
643 1743 704 1771 quae
726 1739 765 1761 est
778 1732 845 1761 ratio
854 1732 868 1761 3²

129 1772 168 1801 Ut
189 1772 278 1811 justus
301 1772 447 1802 efficiaris?
460 1772 513 1801 Sed
537 1772 544 1800 i
566 1783 594 1801 se
607 1782 635 1801 es
644 1771 754 1812 justitiae
776 1771 867 1801 radix.

128 1811 208 1840 Utin
230 1811 325 1840 caelum
344 1810 490 1840 ascendas?
580 1811 637 1851 ipse
657 1818 750 1840 natura
764 1811 792 1840 in
806 1811 869 1840 caelo

129 1860 167 1886 es,
182 1849 231 1880 etsi
245 1851 381 1880 voluntate
402 1850 436 1880 de
452 1851 516 1880 eaelo
529 1850 705 1880 descenderis.
717 1851 760 1880 Tu
774 1861 802 1880 es
815 1851 870 1890 spi-

128 1889 207 1926 ritus,
219 1899 268 1929 ego
283 1901 354 1920 caro.
370 1890 512 1929 Numquid
527 1900 589 1919 earo
611 1889 735 1930 spiritum
750 1890 869 1919 sanctifi-

129 1939 189 1958 care
202 1930 308 1969 potest?
321 1929 409 1969 Magis
423 1937 511 1959 autem
525 1929 635 1969 spiritus
648 1929 794 1959 sanctificat
807 1940 870 1959 car-

128 1978 199 1997 nem.
215 1969 300 2008 Cujus
313 1969 383 1998 enim
404 1969 512 1998 creandi
533 1976 572 1999 est
585 1969 686 2004 virtus,
698 1969 783 2009 ipsius
794 1976 833 1998 est
845 1976 871 1998 et

128 2008 309 2037 sanctificandi
319 2015 442 2048 potestas.
450 2009 520 2046 Quis
527 2008 605 2038 dives
613 2019 626 2037 a
637 2019 754 2053 paupere
762 2008 871 2038 divitias

128 2047 243 2086 quaerit?
269 2048 356 2088 Magis
381 2054 470 2077 autem
492 2058 595 2088 pauper
614 2059 629 2077 a
651 2047 737 2077 divite
762 2047 871 2078 divitias
888 2054 907 2076 D

98 2110 103 2116 .
129 2087 236 2124 quaerit.
249 2088 336 2117 Omne
345 2087 445 2116 bonum
459 2087 493 2117 de
502 2088 566 2116 caelo
574 2086 711 2116 descendit
723 2087 749 2116 in
761 2094 869 2123 terram,

129 2135 182 2154 non
205 2125 239 2155 de
260 2133 330 2156 terra
357 2126 475 2156 ascendit
497 2127 523 2156 in
547 2127 651 2156 caelum.
673 2127 725 2156 Ille
746 2127 872 2165 antiquus

130 2164 248 2199 Lucifer,
282 2166 310 2194 ui
334 2176 412 2195 mane
434 2166 585 2201 oriebatur,
606 2166 732 2205 cogitavit
750 2167 824 2205 apud
845 2177 872 2196 se

285 2214 357 2243 uper
382 2205 485 2234 coelum
507 2207 674 2242 ascendam,
690 2212 741 2235 ete.
757 2205 785 2235 Si
809 2215 872 2244 ergo

131 2241 179 2271 ille
192 2242 303 2281 angelus
321 2244 491 2280 constitutus,
505 2255 555 2284 pro
577 2245 633 2273 sola
656 2244 806 2284 cognitione
825 2255 869 2274 su-

131 2282 230 2320 perbiae
242 2281 261 2310 d
313 2282 379 2311 situs
389 2288 427 2311 est
438 2282 473 2311 de
485 2283 601 2327 angelica
614 2283 698 2322 gloria
711 2283 745 2312 ad
756 2283 872 2321 ignomi-

132 2320 204 2350 niam
215 2292 384 2350 teneegi'arum
401 2332 407 2349 :
422 2331 470 2360 ego
484 2322 550 2360 quid
564 2332 666 2351 merear
680 2322 744 2362 pati,
759 2322 781 2351 si
796 2322 876 2351 homo

132 2360 245 2390 carnalis
259 2367 284 2389 et
297 2360 481 2400 corruptibilis
503 2362 673 2397 constitutus,
687 2368 766 2390 tantae
780 2371 875 2401 super-

132 2399 184 2428 biae
205 2410 274 2439 opus
298 2400 455 2439 implevero,
471 2406 496 2428 et
509 2399 536 2428 di
577 2410 621 2428 um
636 2410 678 2429 me
691 2400 876 2430 existimavere

133 2438 216 2467 totius
229 2445 356 2468 creanti-ae
377 2438 517 2468 dominum
556 2439 693 2478 aptizare?
716 2441 763 2469 15.
781 2440 820 2468 Et
835 2442 877 2469 ait

135 2480 163 2507 ei
172 2479 270 2516 Jesus,
281 2478 350 2508 Sine
360 2479 444 2508 modo
463 2490 471 2506 .·
487 2479 529 2508 sic
543 2479 619 2508 enim
633 2489 686 2508 nos
700 2485 810 2518 oportet
821 2482 875 2509 im-

171 2569 181 2584 ¹
199 2568 278 2594 Iidem
292 2570 445 2602 invidentes‚-
456 2570 520 2596 forte
534 2570 629 2596 melius.

301 2626 375 2646 Tou.
399 2627 441 2646 V!-
548 2632 569 2647 Ο

933 312 1069 349 potestatis
1078 322 1144 348 suaa,
1154 313 1201 342 sed
1212 315 1368 354 mysterium
1378 315 1582 356 dispensationis
1591 326 1676 349 osten-

933 350 984 386 dit,
999 350 1091 389 dicens
1107 364 1113 380 ε
1129 352 1199 382 Sine
1215 355 1310 383 modo.
1334 355 1369 384 Id
1390 363 1444 393 est,
1458 357 1520 386 Seio
1540 358 1604 397 quia
1625 359 1676 389 hoc

932 390 1091 428 estjustum,
1102 399 1132 421 ut
1143 398 1171 420 tu
1184 403 1199 421 a
1211 404 1253 422 me
1266 394 1407 432 baptizeris
1419 408 1425 424 ε
1439 396 1484 425 sed
1496 397 1565 426 Sine
1578 399 1674 435 modo,

933 436 963 459 ut
971 429 1103 469 justitiam
1117 431 1283 470 baptismatis
1296 443 1347 462 non
1362 435 1464 471 verbis,
1479 436 1527 465 sed
1537 437 1613 466 factis
1624 438 1676 467 ad-

932 469 1070 508 impleam.
1093 471 1171 500 Prius
1194 472 1337 512 suscipiam
1347 496 1354 509 ,
1367 480 1393 502 et
1406 482 1495 514 postea
1511 476 1674 515 praedicabo.

932 508 1015 545 Quod
1025 519 1089 549 ergo
1097 509 1176 546 dicit,
1186 511 1234 540 Sic
1245 519 1356 550 oportet
1367 523 1420 542 nos
1431 515 1550 553 implere
1560 526 1676 545 omnem

926 549 1085 587 justitiam,
1100 559 1152 579 non
1166 550 1217 579 hoc
1229 551 1326 590 signat,
1340 558 1370 580 ut
1382 552 1405 581 si
1418 554 1498 583 fuerit
1509 555 1672 594 baptizatus:

931 588 978 616 sed
991 588 1047 624 Sic,
1065 588 1094 618 id
1107 596 1157 624 est,
1173 590 1400 628 quemadmodum
1414 592 1579 632 baptismatis
1590 595 1674 634 justi-

930 626 1017 656 titiam
1044 628 1119 666 prius
1144 629 1219 658 tactis
1242 630 1374 670 implevit,
1389 639 1480 670 postea
1494 633 1672 672 praedicavit:

930 666 970 695 sie
985 677 1090 696 omnem
1101 669 1234 707 justitiam
1247 679 1298 698 non
1314 669 1390 710 prius
1403 671 1493 700 verbis
1506 683 1587 710 quam
1598 674 1675 703 saetis

930 705 1065 745 implevit.
1074 707 1154 737 Unde
1160 709 1240 738 etiam
1250 710 1336 739 Lucas
1347 715 1454 739 testatur
1461 710 1495 740 de
1502 711 1561 749 illo,
1569 711 1671 743 dicens.-

928 746 1062 775 Primum
1076 748 1193 786 quidem
1206 758 1366 778 sermonem
1372 749 1439 789 feci
1452 751 1488 779 de
1502 752 1645 789 omnibus,
1656 764 1673 782 o
1682 763 1734 786 Λα,
1752 771 1769 786 1.
1786 771 1804 787 1,

934 785 1101 824 Theophile,
1121 798 1186 826 quce
1198 790 1282 827 coepit
1300 789 1387 818 Jesus
1399 789 1500 827 facere
1515 797 1542 819 et
1557 792 1670 822 docere.

929 826 984 854 Aut
997 825 1033 854 ita
1049 838 1055 854 :
1071 826 1119 855 Sic
1132 833 1310 865 opor-ternos
1328 838 1441 857 omnem
1449 830 1598 869 justitiam
1616 833 1672 860 im—

927 864 1007 902 plere
1018 876 1030 892 .-
1047 865 1075 894 id
1089 872 1139 901 est,
1154 867 1298 903 Quomodo
1311 875 1337 897 et
1350 868 1477 907 baptismi
1499 869 1673 909 implevimus

925 903 1070 942 justitiam.
1086 905 1228 942 Quomodo
1248 906 1372 947 implevit
1396 908 1519 947 baptismi
1539 909 1673 948 justitiam

929 943 1080 973 Christus?
1094 944 1157 974 Sine
1181 945 1266 975 dubio
1288 945 1435 975 secundum
1449 946 1671 987 dispensationem

928 982 1052 1012 humanae
1063 990 1164 1013 naturae
1178 996 1184 1012 :
1199 984 1339 1014 hominum
1356 985 1428 1014 enim
1441 993 1480 1015 est
1493 998 1561 1026 opus
1574 988 1673 1018 habere

927 1021 1109 1061 baptismatis,
1134 1024 1182 1061 qui
1207 1024 1354 1054 secundum
1378 1032 1500 1055 naturam
1514 1030 1526 1043 ⁰
1538 1028 1672 1057 carnalem

906 1064 908 1066 ’
927 1071 1019 1090 omnes
1039 1069 1101 1091 sunt
1113 1070 1270 1102 peccatores.
1285 1064 1362 1093 Sicut
1375 1075 1438 1103 ergo
1459 1065 1582 1105 implevit
1590 1067 1671 1106 justi—

926 1100 991 1130 tiam
1003 1101 1140 1140 baptismi,
1154 1103 1192 1131 sic
1211 1102 1336 1143 implevit
1352 1110 1378 1133 et
1393 1103 1523 1143 justitiam
1544 1107 1672 1136 nascendi

926 1147 952 1169 et
976 1141 1124 1177 crescendi,
1136 1142 1314 1171 manducandi
1339 1150 1364 1172 et
1388 1143 1509 1180 bibendi,
1519 1144 1672 1176 dormiendi

926 1187 953 1208 et
967 1179 1082 1209 lassandi
1101 1193 1109 1210 ε
1129 1182 1167 1211 sic
1180 1189 1206 1211 et
1220 1182 1396 1222 suscipiendae
1419 1184 1581 1221 tentationis,
1594 1185 1632 1214 sic
1645 1193 1671 1215 et

925 1219 1040 1256 timoris,
1056 1227 1082 1249 et
1094 1221 1174 1260 fngae,
1190 1228 1217 1250 et
1243 1221 1355 1251 tristitiae
1372 1234 1378 1251 :
1395 1222 1434 1252 sic
1452 1230 1477 1252 et
1491 1224 1630 1263 passionis,
1645 1232 1670 1254 et

925 1258 1035 1295 mortis,
1048 1262 1082 1289 et'
1098 1260 1300 1290 resurrectionis
1323 1261 1446 1301 implevit
1464 1263 1598 1302 justitiam
1617 1277 1624 1292 :
1640 1264 1670 1293 id

924 1305 973 1335 est,
988 1299 1136 1329 secundnm
1149 1300 1372 1339 dispensationem
1386 1311 1466 1340 qnam
1485 1303 1602 1343 suscepit
1614 1303 1669 1333 hu—

923 1348 1008 1367 manae
1033 1345 1134 1368 naturae
1143 1361 1151 1376 ,
1177 1350 1267 1369 omues
1294 1340 1413 1380 justitias
1439 1341 1504 1370 istas
1533 1342 1667 1382 implevit.

923 1377 997 1417 Ergo
1010 1378 1048 1407 sic
1075 1385 1100 1408 et
1114 1386 1191 1408 natus
1204 1386 1259 1415 est,
1274 1389 1327 1408 non
1351 1386 1380 1408 ut
1403 1379 1485 1409 homo
1505 1391 1607 1420 purus,
1620 1383 1669 1411 sed

923 1423 954 1445 ut
966 1419 1039 1447 Deus
1051 1425 1078 1447 et
1090 1418 1182 1448 homo.
1194 1419 1278 1456 Quasi
1293 1418 1384 1455 homo,
1394 1419 1432 1449 sic
1445 1421 1540 1456 crevit,
1553 1421 1592 1450 sic
1605 1432 1668 1451 esu-

923 1456 999 1494 rivit,
1013 1457 1052 1486 sic
1066 1464 1179 1487 tentatus
1192 1465 1242 1494 est,
1267 1458 1306 1487 sie
1318 1458 1431 1488 lassatus
1444 1466 1484 1488 est
1499 1470 1506 1487 :
1521 1470 1574 1489 non
1587 1460 1669 1490 homo

923 1506 1021 1535 purus,
1035 1496 1082 1525 sed
1094 1499 1168 1526 Deus
1181 1498 1208 1525 in
1222 1497 1346 1535 homine;
1360 1499 1437 1535 quasi
1450 1498 1540 1534 homo,
1556 1500 1594 1528 sic
1604 1500 1668 1528 alli-

922 1542 998 1573 gatus
1009 1542 1058 1572 est,
1071 1537 1109 1565 sic
1122 1536 1282 1574 flagellatus,
1296 1536 1336 1565 'sic
1349 1537 1496 1566 crucifixus
1507 1544 1533 1566 et
1544 1544 1667 1568 mortuus

922 1581 961 1603 est
977 1586 985 1603 ε
1000 1584 1053 1603 non
1068 1581 1098 1603 ut
1111 1574 1201 1610 homo,
1215 1574 1262 1604 sed
1276 1585 1324 1614 per
1344 1575 1579 1614 dispensationem,
1593 1578 1667 1607 Deus

922 1614 998 1651 quasi
1027 1613 1118 1643 homo.
1132 1614 1162 1643 Si
1186 1608 1275 1643 mitem
1299 1614 1355 1643 haec
1370 1615 1458 1644 omnia
1479 1616 1563 1654 purus
1587 1616 1668 1647 homo

923 1653 1060 1692 implevit,
1073 1654 1130 1692 jam
1148 1663 1201 1682 non
1217 1652 1364 1682 secundum
1377 1653 1601 1693 dispensationem
1614 1655 1666 1684 hu-

923 1702 1028 1720 manam
1042 1692 1165 1732 implevit
1185 1692 1286 1728 omnia,
1301 1692 1349 1721 sed
1370 1693 1518 1730 secundum
1532 1701 1664 1724 naturam.

923 1731 998 1768 Quid
1005 1738 1093 1760 autem
1103 1730 1308 1771 dispensationis
1317 1738 1367 1768 est,
1375 1739 1421 1763 aut
1430 1740 1519 1762 contra
1530 1740 1665 1770 natm-am,

923 1771 947 1799 si
959 1781 1001 1806 ea,
1015 1781 1074 1809 quae
1089 1771 1218 1810 passionis
1239 1778 1319 1806 sunt,
1335 1771 1407 1800 sicut'
1426 1772 1506 1801 homo
1549 1772 1666 1802 assibilis

924 1810 1063 1849 patiatur?
1077 1811 1148 1839 Dum
1163 1817 1251 1839 autem
1275 1810 1374 1840 dicenti
1393 1811 1509 1846 Jomni,
1522 1783 1586 1851 Ego
1601 1822 1620 1841 a
1638 1819 1667 1842 te

924 1850 1014 1878 debeo
1029 1851 1182 1889 baptizari,
1194 1850 1342 1890 respondit,
1358 1850 1440 1879 Modo
1462 1851 1568 1880 interim
1583 1851 1640 1881 sine
1656 1864 1663 1880 ε

924 1888 1048 1923 ostendit,
1059 1889 1122 1928 quia
1134 1895 1222 1929 postea
1233 1890 1356 1919 Christus
1369 1889 1514 1929 baptizavit
1523 1891 1663 1928 Joannem,
1674 1906 1725 1922 xm

919 1928 1048 1967 quamvis
1062 1929 1089 1957 in
1102 1928 1288 1958 secretioribus
1299 1929 1378 1958 libris
1389 1930 1523 1958 manifeste
1534 1929 1585 1959 hoc
1597 1930 1665 1960 scri—

925 1974 1002 2008 ptum
1015 1968 1059 1997 sit.
1073 1968 1108 1998 Et
1121 1969 1235 1997 Joaunes
1258 1968 1369 2007 quidem
1387 1968 1533 2013 baptizavit
1546 1969 1622 1998 illum
1636 1971 1664 1999 in

925 2018 1009 2046 aqua,
1026 2007 1071 2036 ille
1089 2014 1178 2036 autem
1196 2008 1325 2037 Joannem
1339 2010 1366 2036 in
1385 2015 1493 2048 spiritu.
1510 2010 1561 2038 16.
1578 2010 1665 2039 Jesus
1675 2029 1699 2047 υ,
1712 2001 1816 2046 οξὲῑῖῗῖζξ

926 2053 1023 2076 autem
1038 2048 1201 2086 baptizatus
1213 2048 1368 2087 confestim
1382 2048 1513 2077 ascendit
1526 2049 1562 2077 de
1574 2059 1663 2089 aqua.
1675 2058 1697 2078 in
1712 2056 1816 2076 secretio-

926 2087 986 2116 Non
1001 2086 1118 2120 invenio,
1131 2096 1184 2125 qua
1195 2096 1274 2116 causa
1287 2087 1402 2126 positum
1415 2094 1465 2124 est,
1480 2087 1543 2132 quia
1560 2089 1665 2133 Conse-⁸
1676 2088 1736 2138 {¹5:2¹⁵
1787 2085 1815 2105 ¹³·

927 2128 994 2155 stim
1008 2126 1139 2154 ascendit
1151 2126 1188 2154 de
1200 2136 1288 2165 aqua.
1303 2125 1378 2163 Quid
1390 2126 1461 2155 enim
1484 2133 1630 2164 interesset,
1644 2139 1667 2156 si

928 2164 1030 2194 tardius
1044 2164 1222 2194 ascendisset?
1236 2165 1308 2204 Ergo
1319 2165 1409 2205 potuit
1421 2166 1459 2194 sie
1471 2166 1574 2195 dicere:
1590 2168 1667 2196 Jesus

928 2211 1015 2233 autem
1036 2204 1185 2244 baptizatus
1206 2204 1325 2234 ascendit
1344 2204 1378 2233 de
1400 2215 1479 2243 aqua.
1495 2206 1563 2234 Puto
1579 2212 1668 2234 autem

928 2244 1027 2272 factum
1040 2243 1141 2273 Christi
1153 2242 1188 2272 ad
1211 2244 1369 2283 mysterium
1397 2244 1526 2283 pertinere
1547 2245 1668 2272 omnium

928 2282 976 2320 qui
989 2289 1049 2322 post
1061 2282 1172 2312 modum
1196 2282 1300 2312 fuerant
1312 2282 1467 2322 baptizandi
1483 2294 1489 2310 :
1505 2282 1565 2311 ideo
1585 2282 1666 2317 dixit,

901 2326 907 2332 '
930 2322 1102 2361 Confestim,
1110 2329 1137 2351 et
1146 2332 1198 2350 non
1208 2321 1290 2358 dixit,
1299 2322 1430 2360 Egressus
1440 2327 1490 2357 est,
1501 2320 1547 2349 sed
1557 2321 1669 2349 Ascen-

929 2361 998 2390 dit.-
1013 2361 1076 2400 quia
1102 2371 1209 2397 omnes,
1233 2362 1281 2399 qui
1305 2360 1385 2398 digne
1409 2359 1554 2388 secundum
1580 2359 1669 2388 omnia

929 2401 1046 2436 membra
1062 2400 1168 2430 'ustitiae
1181 2400 1286 2429 formati
1303 2406 1328 2427 et
1342 2399 1516 2428 consummati
1529 2398 1669 2436 baptizan-

1371 2447 1441 2503 una
1463 2435 1608 2464 ascendunt
1622 2447 1628 2463 ε
1643 2436 1671 2464 id

929 2446 974 2469 tur
987 2440 1014 2470 in
1029 2441 1051 2469 C
1073 2440 1153 2476 risto,
1169 2438 1306 2468 confestim
1319 2437 1353 2466 de

1414 2475 1572 2513 dignitatem
1580 2475 1670 2504 suble-

929 2486 979 2516 cst,
992 2479 1136 2520 proficiunt
1150 2478 1185 2507 ad
1198 2477 1320 2513 virtutes„
1334 2482 1359 2504 et

954 2579 964 2591 ε
983 2570 1062 2596 Iidem
1075 2569 1204 2594 carnalem
1215 2567 1316 2592 omnino
1325 2571 1389 2590 sunl.

1505 2612 1537 2640 50

1713 1932 1814 1953 Christus

1696 1963 1816 1991 baptizarit
