1890 2826
344 181 378 204 IN
405 179 516 211 mmm,
545 178 610 201 Hoc
637 178 777 201 scrroTE
799 178 890 208 Quot)
917 178 950 200 IN
979 177 1166 202 Novlssnms
1194 178 1324 211 DIEBUS,
1352 179 1429 201 ETc.

108 244 210 283 μήποτε
231 244 267 275 ὡς
290 242 395 280 μέλλεις
414 241 546 281 ἐκτριὸῇς.
563 239 673 276 Ἄδηλός
692 240 764 268 ἐστιν
783 241 800 274 ἡ
827 250 873 267 τε-

108 288 185 324 λευτὴ
194 311 202 324 ,
214 287 295 328 φησὶ,
309 287 354 316 καὶ
367 286 411 316 διὰ
423 289 501 316 τοῦτο
514 286 610 321 ἄδηλος
620 308 627 321 ,
646 284 689 314 ἵνα
703 284 744 314 ἀεὶ
758 284 874 314 σπουδά-

108 337 163 374 ζῃς.
181 333 233 363 Διὰ
247 336 325 362 τοῦτο
340 335 375 366 ὡς
388 332 504 368 κλέπτης
521 332 548 360 ἐν
562 331 650 367 νυκτὶ,
662 330 770 366 οὕτως-ἡ
786 331 874 370 ἡμέρα

109 380 205 420 Κυρίου
219 379 340 419 ἔρχεται·
352 380 402 419 οὐχ
413 378 457 407 ἵνα
468 377 552 418 κλέψῄ
560 400 568 412 ,
579 378 637 406 ἀλλ’
650 376 694 406 ἵνα
706 379 778 416 ἡμᾶς
787 377 874 416 ἀσφα-

1599 168 1668 215 '5'59
1708 198 1712 209 ,

917 238 1002 278 forte
1015 239 1084 268 dum
1106 240 1217 276 tardas,
1232 241 1400 269 conteraris
1414 240 1516 269 Incerta
1530 249 1602 269 mors
1615 247 1666 275 cst,

926 285 1025 324 inquit,
1038 293 1064 315 et
1085 286 1146 316 ideo
1165 287 1276 323 incerta,
1292 293 1322 316 ut
1342 297 1447 326 semper
1467 286 1598 316 sollicitus
1617 287 1663 316 sis.

926 332 1098 371 Quapropter
1117 332 1186 362 sicut
1199 333 1243 362 fur
1261 339 1352 369 noctu,
1364 331 1403 361 sic
1416 331 1473 360 dies
1486 332 1597 361 Domini
1618 342 1665 361 ve-

926 378 981 407 niet
996 390 1005 407 =
1020 389 1072 408 non
1087 386 1116 408 nt
1128 379 1242 414 furetur,
1256 379 1303 408 sed
1317 385 1347 408 ut
1359 388 1408 408 nos
1421 378 1552 408 cautiores
1563 378 1667 407 reddat.

107 426 244 466 λεστέρους
256 425 364 464 ποιήσῃ.
387 425 421 454 ‘O
440 424 491 464 γὰρ
503 423 546 452 τὸν
560 423 677 458 κλέπτην
691 425 824 463 προορῶν,
848 423 875 451 ἕν
925 426 996 455 Nam
1015 426 1063 465 qui
1087 433 1232 456 venturum
1254 427 1341 455 furem
1363 424 1505 466 praevidet,
1521 425 1549 453 in
1567 425 1669 464 vigiliis

108 472 239 512 ἀγρυπνίᾳ
252 471 353 510 διάγει,
366 470 411 500 καὶ
424 470 520 510 λύχνον
535 469 603 509 ἅψας
617 468 758 502 διαπαντὸς
768 468 874 508 ἕγρήγθ-
894 468 911 491 E
927 472 992 511 agit,
1005 479 1032 502 et
1044 483 1152 502 accensa
1164 473 1272 502 lucerna
1285 483 1389 512 semper
1400 471 1509 511 vigilat.
1522 471 1568 501 Sic
1581 477 1607 500 et
1620 481 1669 500 vos

109 529 160 558 ρεν.
168 517 261 550 Οὕτως
269 513 312 546 οὗν
326 517 371 546 καὶ
383 518 457 555 ὑμεῖς
470 515 582 556 ἅψαντες
593 515 623 544 τὸ
637 517 691 555 φῶς
702 517 748 550 τῆς
761 514 875 545 πίστεως
926 518 1016 557 itaque
1029 528 1137 548 accensa
1162 518 1225 547 fidei
1247 526 1274 548 et
1296 518 1361 547 recti
1379 517 1441 547 vitae
1462 517 1578 546 instituti
1595 517 1667 554 luce,

107 563 152 593 καὶ
163 566 210 599 τῆς
223 564 300 603 ὀρθῆς
310 562 459 596 πολιτείας,
470 562 603 602 φαιδρὰς’
590 573 664 601 εχετε
676 560 722 594 τὰς
734 560 875 598 λαμπάδας
925 565 1080 604 splendidas
1094 565 1216 594 habetote
1229 565 1367 601 lucernas,
1380 565 1407 594 in
1421 563 1535 594 assiduis
1554 563 1667 603 vigiliis.

108 612 135 638 ἐν
148 609 279 649 ἀγρυπνίᾳ
301 610 422 644 διηνεκεῖ·
437 608 550 644 Τπεῑδὴ
564 608 615 647 γὰρ
629 609 675 636 Οῧκ
689 606 796 645 Οἴδαμεν
811 606 875 635 πότε
926 611 999 647 Quia
1008 610 1079 640 enim
1090 610 1224 640 nescimus
1232 610 1402 649 quandonam
1414 620 1527 650 sponsus
1539 616 1668 638 venturus

106 658 120 685 ὁ
138 654 247 695 νυμφίῡς
266 655 392 695 ἔρχεται,
413 655 451 683 δεῖ
474 652 737 694 παρεσκευασμένους
750 655 816 681 Εἶναι
831 651 875 681 διὰ
925 656 971 694 sit,
984 668 1087 697 semper
1106 663 1211 697 paratos
1224 667 1281 686 esse
1292 663 1413 696 oportet,
1427 663 1456 684 ut
1478 666 1540 685 cum
1553 655 1667 692 venerit,

107 701 204 734 παντὸς
214 722 222 735 ,
234 701 267 730 ἵν’
283 701 346 730 ὅταν
359 700 422 740 ἔλθῃ
431 721 439 735 ,
452 700 580 740 νήφοντας
594 699 669 739 εὕρῃ·
926 713 975 732 nos
987 703 1151 742 vigilantes
1143 703 1271 733 mveniat.

966 750 996 778 7.
1018 749 1101 779 Plura
1114 749 1204 778 dicere
1214 748 1326 778 vellem:
1340 746 1455 776 sedhaec
1465 747 1583 787 proferre
1593 747 1669 776 infir
1694 752 1738 773 Chr
1729 758 1819 782 rysosio-

926 795 1004 824 mitas
1024 795 1144 835 corporis
1165 794 1214 825 vix
1234 793 1374 834 permisit,
1389 804 1442 832 qua
1455 804 1471 822 a
1486 793 1564 824 vobis
1588 794 1667 833 longo
1677 792 1761 837 ωξξω“
1756 785 1806 836 {gf
1802 797 1821 832 ’-

926 848 1046 881 tempore
1058 842 1169 872 avulsus
1182 851 1252 870 sum.
1271 841 1394 879 Longum
1405 839 1473 868 mihi
1487 846 1593 879 tempus
1605 839 1666 876 fuit,
1676 848 1736 874 poris
1758 846 1818 867 labo-

926 897 979 916 non
994 898 1105 916 numero
1115 887 1232 923 dierum,
1242 886 1290 916 sed
1304 885 1451 915 secundum
1464 896 1616 915 mensuram
1629 886 1669 914 as·
1677 881 1719 899 ‘²¹'

148 746 315 786 Ἐὅουλόμην
331 748 443 776 ἐκτεῖναι
462 746 506 775 τὸν
527 746 618 785 λόγον·
634 745 703 775 ἀλλὰ
724 744 770 774 καὶ
789 756 874 774 ταυτα

109 793 183 831 μόλις
206 794 306 833 ἀφῆκεν
331 794 412 822 εἰπεῖν
435 794 452 828 ἡ
471 794 516 821 τοῦ
535 791 657 831 σώματος
680 790 817 826 ἀσθένεια,
840 792 874 820 δι’

108 838 139 874 ἢν
150 838 194 868 τὸν
210 838 310 878 μακρὸν
324 841 415 868 τοῦτον
433 839 507 877 ὑμῶν
521 837 681 873 διεσπάσθην
695 837 797 877 χρόνον.
814 839 874 867 Μα-

108 885 168 924 κρὸς
179 884 230 925 γὰρ
244 886 258 914 ὁ
269 884 361 925 χρόνος
377 883 451 923 ἐμοὶ,
471 885 501 914 οὗ
514 885 553 923 τῷ
567 885 671 924 ἀριθμῷ
684 886 737 913 τῶν
751 886 873 924 ἡμερῶν,

109 930 177 960 ἀλλὰ
192 932 230 971 τῷ
244 930 332 971 μέτρῳ
343 931 389 960 καὶ
402 933 435 970 τῇ
451 929 564 960 διαθέσει
577 932 625 966 τ’ῆς
639 931 734 970 ψυχῆς.
749 931 813 963 Τοῖς
824 930 874 970 γὰρ
926 933 1010 963 sectus
1021 934 1114 963 animi.
1127 933 1286 962 Amantibus
1299 932 1383 969 enim,
1392 931 1441 961 etsi
1450 932 1534 961 breve
1544 932 1670 961 absentiae

107 978 211 1017 φιλοῦσι
223 977 268 1006 καὶ
279 978 293 1006 ὃ
305 976 404 1017 βραχυς
416 975 509 1016 χρόνος
522 979 567 1005 τοῦ
582 978 719 1016 χωρισμοῦ
737 975 818 1009 πολυς
830 976 875 1005 καὶ
884 1004 921 1022 2⁸7
927 985 1048 1018 tempus,
1063 979 1180 1008 multum
1199 985 1286 1007 tamen
1305 978 1451 1017 ingensque
1473 977 1591 1007 videtur.
1605 977 1670 1007 Ideo

107 1023 206 1064 ἅφατος
227 1023 357 1063 φαίνεται.
374 1022 426 1052 Διὰ
449 1025 526 1052 τοῦτο
548 1021 594 1051 καὶ
614 1023 628 1050 ὃ
652 1023 759 1054 Παῦλος
781 1021 875 1061 μικρὸν
896 1033 912 1054 Α
928 1024 1028 1054 Paulus
1039 1023 1420 1058 cumaThessalonicensilms
1432 1022 1538 1052 modico
1552 1029 1670 1063 tempore

107 1068 224 1102 ἀποστὰς
249 1068 476 1103 Θεσσαλονικέων,
503 1067 607 1107 ἔλεγεν·
618 1067 729 1106 Ημεῖς,
753 1066 875 1107 ἀδελφοὶ,
927 1069 1065 1106 abfuisset,
1079 1069 1209 1099 dicebat:
1232 1070 1311 1106 Nos,
1317 1069 1443 1110 fratres,
1464 1069 1572 1108 privati
1585 1071 1670 1099 vobis
1682 1088 1701 1102 ι,
1712 1081 1817 1103 Thessa„

108 1114 342 1155 ἀπορφανισθέντες
354 1115 397 1154 ἀφ’
410 1115 484 1153 ὑμῶν
498 1113 563 1154 πρὸς
584 1113 674 1153 καιρὸν
693 1112 780 1153 ωρας,
794 1124 876 1152 προσ·
928 1116 970 1144 ad
979 1122 1090 1155 tempus
1098 1117 1186 1150 horoe,
1193 1115 1290 1151 vultu,
1297 1125 1356 1143 non
1364 1115 1669 1151 corde‚abundantius
1680 1118 1717 1143 ¹7·

107 1160 189 1201 ώπῳ,
215 1161 245 1190 οὗ
273 1159 383 1200 καρδίᾳ,
409 1158 601 1199 περισσοτέρως
622 1159 824 1198 ἐσπουδάσαμεν
846 1158 876 1188 τὸ

108 1206 248 1246 πρόσωπον
261 1207 335 1245 ὑμῶν
356 1206 429 1235 ἰδεῖν.
444 1207 478 1235 Εἰ
501 1205 528 1234 δὲ
542 1206 648 1238 Παῦλος
661 1206 676 1234 ὁ
695 1204 801 1234 πάντων
822 1205 875 1245 μα’-

108 1253 189 1281 λιστα
205 1251 355 1291 φιλοσοφεῖν
381 1250 474 1285 εἰδὼς,
497 1251 546 1279 οὐκ
564 1249 674 1289 ἤνεγκεν
695 1249 760 1289 πρὸς
785 1249 876 1289 καιρὸν

107 1297 261 1338 &potenti-'ic
284 1299 361 1336 ἡμεῖς
380 1296 510 1329 τοσαύτας
534 1295 642 1334 οἴσομεν
663 1295 780 1336 ἡμέρας;
805 1295 875 1326 Ἀλλ’

107 1345 205 1377 ἐκεῖνος
219 1342 267 1382 μὲν
279 1343 329 1359 ¹**
339 1342 435 1382 μηκέτι
449 1341 562 1382 στέγων,
574 1342 608 1371 τὰ
629 1341 743 1382 λείψανα
762 1344 810 1378 τῆς
827 1343 878 1382 ἄῤ-

109 1388 221 1429 ῥωστίας
234 1388 312 1429 ἔχων,
323 1388 436 1429 ἔδραμον
449 1387 515 1428 πρὸς
525 1389 609 1427 ὑμᾶς,
625 1387 749 1427 μέγιστον
769 1387 878 1428 φάρμα-

108 1446 155 1464 κον
172 1435 316 1475 ἡγούμενος
329 1434 464 1471 ἐπιθήσειν
477 1436 524 1470 τῆς
547 1434 676 1474 ὑμετέρας
701 1434 806 1473 ἀγάπης
829 1434 877 1470 τὴν

108 1480 262 1521 συντυχίαν.
274 1481 355 1520 Ἐμοὶ
367 1480 418 1520 γὰρ
436 1480 482 1510 καὶ
510 1481 608 1520 ἰατρῶν
622 1483 719 1520 χειρῶν
733 1480 878 1520 χρησιμώ-

108 1538 193 1566 τερον,
204 1526 249 1556 καὶ
262 1527 350 1563 πάσης
363 1528 411 1562 τῆς
435 1528 533 1556 ἐκεῖθεν
556 1526 725 1566 παραμυθίας
744 1526 879 1556 λυσιτελέ-

110 1585 212 1613 στερον,
225 1573 256 1602 τὸ
268 1574 316 1608 τῆς
329 1572 458 1612 hottepe<
482 1572 623 1602 ἀπολαύειν
638 1572 757 1611 ἀγάπης·
778 1575 809 1608 ἦς
832 1572 914 1629 γε’-Β

0 1653 24 1656 Α
54 1659 59 1661 ξ
110 1630 181 1649 νοιτο
193 1620 317 1655 διηνεκῶς
328 1619 466 1658 ἐντρυφᾶν,
479 1619 569 1658 εὐχαῖς
588 1630 634 1647 και
646 1617 798 1657 πρεσὸείαις
811 1618 881 1647 πάν-

111 1677 164 1695 των
174 1667 227 1695 τῶν
250 1664 342 1704 ἁγίων,
355 1666 392 1698 εἷς
415 1663 490 1697 δόξαν
515 1667 561 1693 τοῦ
576 1663 673 1703 Κυρίου
688 1666 764 1702 ἡμῶν
792 1663 880 1699 Ἰησοῦ

112 1713 228 1752 Χριστοῦ
233 1734 244 1748 ‚
258 1712 291 1740 δι’
317 1706 347 1739 οὗ
368 1710 413 1739 καὶ
427 1712 483 1749 μεθ’
498 1706 528 1739 οἶ
546 1711 585 1750 τῷ
598 1710 687 1750 Πατρὶ
708 1709 785 1746 δόξα,
796 1710 879 1749 τιμὴ,

88 1792 91 1795 ¹
112 1757 221 1798 κράτος,
234 1757 291 1796 ἅμα
310 1758 349 1796 τῷ
367 1755 434 1796 ἁγίῳ
456 1755 605 1795 Πνεύματι,
617 1758 662 1785 νῦν
681 1755 727 1786 καὶ
751 1756 811 1792 ἀεὶ,
835 1756 880 1786 καὶ

114 1805 150 1838 εἷς
163 1803 223 1838 τοὺς
237 1804 333 1836 αἰῶνας
346 1804 398 1832 τῶν
414 1801 631 1841 αἰώνωνῃἈμήν.

920 1163 1133 1203 festinavimus
1136 1163 1251 1203 faciem
1262 1168 1392 1191 vestram
1401 1162 1514 1191 videre.
1527 1163 1558 1192 Si
1570 1164 1671 1192 Paulus

927 1210 975 1248 qui
989 1209 1110 1238 omnium
1130 1207 1246 1237 maxime
1265 1207 1452 1248 philosophari
1465 1207 1575 1245 sciehat,
1590 1219 1624 1238 ne
1636 1209 1671 1238 ad

927 1262 1033 1295 tempus
1042 1254 1151 1293 quidem
1161 1253 1234 1283 horae
1242 1253 1317 1289 tulit,
1327 1253 1463 1292 quomodo
1471 1264 1519 1283 nos
1529 1261 1567 1284 tot
1575 1253 1672 1284 diebus

927 1301 1119 1332 sustinebimus
1126 1300 1140 1329 Ρ
1151 1299 1207 1329 Sed
1216 1299 1265 1329 ille
1273 1299 1384 1339 quidem
1395 1300 1406 1339 [
1417 1310 1451 1329 ne
1461 1299 1496 1329 ad
1507 1300 1601 1330 horam
1611 1301 1672 1340 qui-

928 1347 991 1377 dem
1001 1347 1081 1383 tulit;
1093 1356 1143 1386 ego
1152 1356 1217 1375 vero
1227 1352 1266 1375 tot
1276 1345 1383 1375 dierum
1393 1345 1539 1375 absentiam
1547 1347 1619 1385 ]n0n
1630 1346 1672 1375 ul-

928 1400 969 1423 tra
983 1394 1080 1430 ferens,
1093 1392 1265 1421 manentibus
1285 1391 1375 1421 adhue
1386 1392 1475 1422 morbi
1489 1392 1622 1431 reliquiis,
1638 1392 1673 1421 ad

927 1450 976 1471 vos
988 1439 1108 1476 cucurri,
1121 1438 1271 1468 maximum
1279 1449 1322 1468 me
1332 1445 1430 1478 putans
1439 1438 1588 1468 remedium
1599 1438 1673 1467 adhi-

929 1486 1006 1521 bere,
1019 1484 1137 1515 caritatis
1157 1491 1251 1515 vestrae
1271 1483 1445 1513 consortium.
1456 1483 1490 1513 Id
1511 1483 1584 1513 enim
1605 1484 1672 1513 mihi

928 1532 989 1571 ipsa
1002 1530 1169 1561 medicorum
1186 1541 1267 1571 opera
1281 1530 1388 1567 utilius,
1402 1537 1428 1560 et
1441 1530 1514 1559 omni
1526 1530 1599 1569 quod
1610 1529 1674 1559 inde

930 1577 1048 1608 mutuari
1071 1577 1172 1615 possim
1196 1576 1292 1605 solatio
1317 1575 1485 1605 commodius
1510 1582 1566 1613 est,
1586 1583 1673 1605 vestr-'1

931 1623 1033 1654 scilicet
1045 1623 1100 1652 frui
1113 1621 1239 1656 caritate;
1254 1633 1306 1661 qua
1321 1622 1423 1651 utinam
1438 1621 1543 1650 diutius
1557 1621 1674 1661 gaudere

931 1669 1026 1705 liceat,
1042 1668 1168 1708 precibus
1181 1674 1208 1697 et
1221 1667 1454 1696 intercessionibus
1475 1667 1597 1696 omnium
1611 1677 1674 1696 san—

932 1722 1048 1752 ctorum,
1062 1714 1097 1743 ad
1110 1714 1226 1753 gloriam
1245 1708 1355 1743 Domini
1376 1712 1461 1742 nostri
1482 1713 1547 1743 Jesu
1560 1712 1674 1748 Christi,

932 1771 981 1800 per
993 1771 1074 1799 quem
1084 1766 1184 1789 etcum
1195 1769 1250 1798 quo
1263 1759 1336 1789 Patri
1350 1759 1436 1799 gloria
1445 1780 1452 1793 ‚
1465 1758 1555 1788 honor
1563 1780 1572 1795 ‚
1587 1758 1674 1798 impe·-

932 1808 1016 1844 rium,
1030 1816 1083 1836 una
1095 1816 1157 1836 cum
1169 1813 1260 1835 sancto
1272 1805 1388 1846 Spiritu,
1401 1815 1473 1834 nunc
1483 1811 1510 1834 et
1522 1815 1638 1845 semper,
1650 1810 1675 1833 et

933 1854 961 1883 in
975 1853 1071 1883 saecula
1086 1852 1258 1882 saeculorum.
1274 1852 1373 1882 Amen.

147 1969 157 1980 u
174 1961 222 1985 uic
246 1959 360 1993 quaedam
376 1958 565 1990 desiderantur,
577 1966 632 1991 qua:
648 1959 673 1982 in
689 1958 779 1983 Latina
798 1957 1006 1990 interpretatione
1023 1965 1054 1982 cx
1073 1957 1217 1990 conjectura
1229 1956 1359 1988 substitui,
1371 1962 1447 1990 atque
1462 1956 1559 1981 uncinis
1576 1955 1674 1980 inclusi.

691 2166 1104 2230 MONITUM

415 2317 478 2353 AD
501 2316 740 2352 HOMILIAM
766 2315 829 2351 DE
852 2315 1099 2351 PERFECTA
1125 2315 1381 2352 CARITATF..

156 2435 200 2462 Ad
218 2434 286 2461 hanc
303 2429 442 2460 homiliam
462 2428 520 2458 haec
536 2435 610 2458 notat
622 2427 742 2458 savilius
753 2438 782 2467 p.
798 2427 856 2458 815
874 2440 880 2457 :
899 2439 914 2455 α
925 2428 1043 2458 Homilia
1056 2435 1096 2458 est
1110 2428 1229 2458 melioris
1241 2435 1320 2466 notaes
1335 2435 1361 2458 et
1371 2429 1560 2468 Chrysostomo
1578 2427 1673 2468 digna,

115 2479 239 2518 quamvis
252 2478 279 2507 in
292 2478 419 2517 Catalogo
429 2478 584 2516 Augustam)
595 2475 705 2504 minime
717 2475 874 2515 reperiatur.
886 2475 1082 2515 Descripsimus
1095 2485 1153 2504 eam
1167 2485 1202 2504 ex
1214 2475 1316 2514 optimo
1330 2474 1515 2513 Manuscripto
1526 2474 1554 2503 in
1570 2474 1676 2504 Biblio-

115 2526 191 2556 theca
210 2526 365 2563 Augustana
381 2535 388 2552 ι
403 2534 489 2562 neque
501 2521 577 2552 aliud
590 2528 717 2562 praeterea
737 2521 895 2562 suppetebat
913 2521 1062 2562 exemplar.
1076 2523 1160 2551 Porro
1172 2520 1243 2550 illud
1255 2519 1417 2550 monendum
1433 2519 1573 2558 duximus,
1588 2521 1673 2551 multa

117 2570 226 2611 reperiri
240 2570 267 2599 in
280 2570 397 2599 nomilia
417 2575 510 2598 octava
522 2568 549 2598 in
561 2568 675 2608 primam
687 2567 721 2598 ad
734 2567 982 2597 Thessalonicenses
993 2567 1083 2596 affinia
1098 2566 1142 2605 iis,
1157 2576 1216 2605 quae
1231 2566 1281 2595 hac
1293 2566 1320 2594 in
1334 2567 1451 2594 oratione
1461 2565 1605 2603 hahentur,
1620 2574 1674 2596 tam
