1890 2826
574 133 618 157 m:
645 132 751 157 Momm
777 120 989 166 οιιΕΑτιοιιιι,
1018 134 1122 158 omer.
1152 130 1203 158 vi.

99 190 131 231 ἦν
153 195 274 235 κατάρα,
294 194 363 224 ἀλλὰ
383 194 518 234 διόρθωσις
530 197 549 231 )·
570 193 661 234 ὥσπερ
677 196 695 230 ἡ
715 194 868 233 ἐπιτίμησις

98 243 146 276 τῆς
157 240 246 277 Εὔας,
261 239 310 269 Ἐν
327 238 423 272 λύπαις
435 238 497 278 τέξῃ
510 239 576 279 (καὶ
592 239 645 279 γὰρ
665 244 739 270 πᾶσα
758 239 825 279 γυνὴ
840 241 867 269 ἐν

97 286 192 320 λύπαις
201 285 314 322 τίκτει),
323 284 424 324 ἔμεινεν
433 285 482 318 ἕως
491 285 561 326 ἄρτι·
579 285 648 315 οὕτω
657 285 703 315 καὶ
713 288 760 316 τοῦ
772 285 866 325 Ἀδάμ·

98 331 309 371 Ἐπικατάρατος
318 334 336 367 ἡ
349 333 384 371 γῆ
398 333 425 361 ἐν
438 336 492 365 τοῖς
506 332 591 373 ἔργοις
605 344 660 363 σου.
675 332 769 371 Ἧμῶν
783 332 868 372 παρά-

97 389 165 417 νομα
177 377 212 407 τὰ
231 377 312 417 ἔργα,
325 378 371 407 καὶ
393 379 411 414 ἡ
433 379 467 417 γῆ
484 378 648 418 μαστίζεται.
665 378 761 418 Ἡμεῖς
778 379 868 418 ἁμαρ-

97 423 219 462 τάνομεν,
236 423 311 459 καὶὴ
324 425 359 463 γη*
373 423 480 465 δέχεται
496 424 544 461 τὴν
565 424 692 464 κατάραν.
712 424 839 454 Φείδεται
852 426 868 454 ὁ

97 469 165 503 Θεὸς
186 472 232 499 τοῦ
244 469 419 508 πλάσματος,
439 471 476 504 ὡς
499 471 619 509 εὐγενοῦς
632 470 739 506 παιδὸς,
759 469 804 500 καὶ
817 469 868 499 τύ.-

97 527 158 545 πτει
169 515 219 552 τὴν
229 517 280 555 γῆν
293 517 329 549 ὡς
340 515 520 556 παιδαγωγόν.
535 516 749 556 Ἐπικατάρατος
757 517 775 552 ἡ
789 518 824 556 γῆ
839 516 867 545 ἐν

97 565 152 595 τοῖς
164 561 250 602 ἔργοις
263 573 322 591 σου.
338 561 384 598 Μὴ
403 565 437 602 τῇ
456 562 534 602 φύσει
547 561 676 602 πρόσεχε,
691 561 759 592 ἀλλὰ
774 563 808 602 τῇ
819 564 866 591 τοῦ

97 609 167 638 Θεοῦ
188 607 288 647 χάριτι.
308 608 368 637 Οὐκ
386 603 469 645 εἶπεν,
484 609 695 648 Ἐπικατάρατος
707 610 726 645 ἡ
738 609 774 648 γῆ
785 619 791 626 ·
809 607 867 637 ἐπεὶ

97 653 173 692 ἔμενε
185 653 388 693 κεκατηραμένη
399 676 406 690 ,
420 654 466 683 καὶ
480 654 580 695 καρπὸν
595 655 643 684 οὐκ
655 653 746 695 ἔφερεν
755 665 762 672 ·
775 653 867 694 ὥσπερ

99 695 156 729 εἶπε
168 701 202 739 τῇ
220 701 288 738 συκῇ
299 721 307 735 ,
321 699 428 735 Μηκέτι
453 701 484 729 ἐκ
506 702 552 729 σοῦ
570 700 670 740 καρπὸς
694 699 784 740 ἐξέλθῃ
795 722 804 736 ,
821 699 867 730 καὶ

98 745 226 785 ἐξηράνθη
240 758 247 765 ·
260 746 343 780 οὕτως
356 741 413 786 εἶχε
424 745 544 786 γενέσθαι
561 747 606 775 καὶ
617 747 654 782 ’ἡ
668 747 703 785 γῆ
717 757 724 764 ·
738 746 808 776 ἀλλὰ
821 745 867 775 λε’-

98 803 156 830 γει,
170 793 219 821 Ἐν
232 797 285 827 τοῖς
299 793 384 833 ἔργοις
397 803 454 822 σου.
468 791 556 822 Ὅταν
573 791 695 832 ἁμάρτω,
707 791 836 822 τύπτεται
848 794 866 828 ἡ

98 839 133 876 γῆ
145 848 152 855 ·
163 837 206 867 ὅτε
215 839 371 877 εὖοδοῦμαι,
386 839 487 877 εὐλογεῑ
498 837 591 873 αὐτήν.
605 838 658 868 Καὶ
671 837 752 878 βλέπε
763 837 794 867 τὸ
806 840 868 867 θαυ-

99 883 208 921 μαστόν.
220 884 288 914 Ὅτε
303 884 404 914 ἔκτισεν
418 886 432 913 ὁ
445 884 514 917 Θεὸς
527 884 575 920 τὴν
586 885 646 923 γῆν,
658 884 709 920 τὴν
723 883 867 920 θάλασσαν,

99 929 132 958 τὰ
145 929 267 965 πετεινὰ,
289 929 323 959 τὰ
344 929 442 970 ἑρπετὰ
454 952 463 967 ,
481 930 515 959 τὰ
539 929 633 970 θηρία,
655 930 699 960 τὸν
714 930 848 970 ἄνθρωπον
860 953 870 968 ,

99 975 186 1004 πάντα
199 975 339 1015 εὐλόγησε·
349 975 408 1010 τοὺς
421 975 538 1017 καρποὺς
549 978 597 1005 οὐκ
611 975 763 1015 εὐλόγησεν,
775 975 867 1011 ἐπειδὴ

99 1022 156 1061 ᾔδει
181 1022 222 1051 ὅτι
245 1022 405 1062 φυλάττεται
430 1025 464 1064 τῇ
487 1024 523 1062 γῇ
548 1022 615 1058 αὕτη
639 1024 655 1058 ἡ
675 1022 790 1062 τιμωρία
802 1044 811 1059 ,
826 1021 869 1051 ἵνα

99 1067 302 1107 ἁμαρτανόντων
323 1070 375 1097 τῶν
397 1068 541 1109 ἀνθρώπων
555 1068 663 1104 δέξηται
684 1068 806 1108 ἀφορίαν,
822 1066 868 1098 καὶ

99 1113 355 1153 δικαιοπραγούντων
377 1113 482 1150 δέξηται
506 1114 637 1154 εὐφορίαν.
661 1115 720 1144 Οὐκ
741 1114 867 1154 εὐλόγησε

98 1157 159 1191 τοὺς
172 1157 288 1198 καρπούς
300 1171 307 1177 ·
330 1160 531 1199 ἀμεταμέλητον
555 1159 607 1200 γὰρ
630 1155 663 1196 ἧν
685 1160 714 1190 τὸ
737 1160 866 1201 χάρισμα.

99 1203 223 1238 Ἀκάνθας
235 1204 280 1234 καὶ
292 1205 428 1245 τριὸόλους
444 1207 564 1236 ἀνατελεῑ
576 1217 628 1235 σοι.
646 1206 849 1247 Κατεφρόνησας
857 1228 866 1243 ,

97 1249 179 1289 φησὶ,
191 1251 244 1279 τῶν
258 1251 394 1291 μεγάλων·
407 1251 507 1282 τύπτου
520 1250 572 1281 ὑπὸ
584 1254 637 1281 τῶν
651 1254 762 1292 μικρῶν.
778 1252 865 1282 Βλέπε

97 1297 154 1329 πῶς
166 1295 211 1326 καὶ
225 1297 253 1326 αἱ
271 1298 388 1328 παιδεῖαι
406 1298 563 1339 σύμμετροι.
576 1297 691 1328 Ἄκανθα
704 1299 820 1339 ἀναιρεῖν
834 1299 864 1328 οὐ

97 1341 222 1371 δύναται·
234 1345 246 1358 ⁸
255 1343 365 1382 αἱμάξαι
377 1343 494 1374 δύναται.
513 1344 566 1375 Καὶ
579 1344 691 1384 φάγεται
709 1343 758 1380 τὴν
772 1346 823 1384 γῆν
837 1346 864 1374 ἐν

96 1386 200 1422 λύπαις.
212 1389 319 1425 Ἐκείνη
331 1389 414 1420 τίκτει
428 1392 455 1420 ἐν
468 1390 564 1424 λύπαις
574 1401 581 1409 ·
596 1390 627 1420 σὺ
642 1390 709 1431 φάγε
719 1391 745 1419 ἐν
758 1390 864 1424 λύπαις.

97 1432 132 1462 ‘ll
145 1433 195 1474 γὰρ
217 1435 317 1475 ἀρχαία
335 1435 466 1476 ἀπόφασις
480 1436 553 1475 μένει
566 1436 614 1470 ἕως
632 1437 700 1476 ἄρτι.
715 1436 768 1466 Καὶ
783 1436 865 1476 βλέπε

98 1490 143 1517 μοι
156 1480 290 1518 πλούσιον,
303 1481 421 1518 πένητα,
437 1482 552 1522 ἄρχοντα
561 1503 570 1518 ,
584 1482 677 1522 μέγαν,
691 1484 714 1511 εἷ
731 1482 802 1512 ἔστιν
817 1484 864 1512 αὗ-

98 1528 143 1554 τοῦ
150 1525 194 1555 τὸν
205 1526 262 1565 βίον
276 1527 374 1557 ἄλυπον
386 1528 507 1568 εὓρεῖν,ἢ
522 1527 676 1568 ἀμέριμνον.
691 1528 743 1558 Διὰ
757 1528 799 1566 τίς
813 1528 864 1558 Διὰ

99 1571 139 1608 τὸ,
152 1573 200 1601 Ἐν
214 1573 305 1611 ἱδρῶτι
327 1576 372 1603 τοῦ
396 1573 538 1614 προσώπου
563 1585 610 1603 σου
632 1577 703 1614 φαγῇ
726 1575 772 1612 τὸν
786 1575 865 1614 ἄρτον

99 1628 157 1647 σου.
171 1618 231 1647 Οὔκ
244 1618 375 1655 ἠθέλησας
396 1619 465 1658 μετὰ
487 1619 599 1653 ἀνέσεως
611 1631 617 1638 ·
632 1621 659 1649 ἐν
676 1621 768 1660 ἱδρῶτι
787 1620 863 1661 φάγε.

95 1665 136 1693 Οὐ
159 1663 263 1698 κολάζει
275 1665 354 1694 αὐτὸν
367 1666 438 1705 λιμῷ
450 1687 459 1701 ,
481 1666 540 1695 ἀλλ’
562 1665 707 1695 ὗποὸάλλει
725 1665 864 1706 ι’τιμωρίᾳ

96 1709 141 1738 καὶ
155 1709 236 1750 πόνῳ.
250 1710 349 1740 Λοιπὸν
363 1710 405 1748 σὺ,
420 1713 435 1740 ὁ
446 1710 553 1747 πιστὸς,
566 1713 650 1741 ἐκεῖνο
669 1711 783 1751 λόγισαι.
802 1714 836 1742 Εἰ
850 1715 864 1742 ὁ

96 1754 180 1794 Ἀδὰμ
192 1756 253 1785 ἄνευ
267 1756 375 1796 ἱδρῶτος
389 1757 467 1797 ἄρτον
481 1758 528 1787 οὐκ
542 1757 637 1795 ἐσθίει,
650 1760 727 1797 ἡμεῖς
740 1758 802 1788 ἄνευ
816 1770 864 1788 κα-

91 1800 187 1839 μάτων
198 1801 243 1830 καὶ
253 1801 370 1842 ἱδρώτων
379 1805 435 1836 πῶς
448 1803 584 1842 βασιλείαν
595 1804 711 1844 οὐρανῶν
721 1804 863 1843 λάδοιμεν;

96 1846 168 1880 Ἕως
177 1869 186 1883 ,
199 1848 280 1887 φησὶ,
293 1851 339 1878 τοῦ
353 1848 520 1889 ἀποστρέψαι
533 1861 563 1879 σε
577 1851 614 1884 εἷς
626 1852 685 1890 γῆν,
699 1850 726 1885 ἐξ
744 1846 776 1886 ἧς
799 1851 863 1887 ἐλή-

95 1895 170 1933 φθης.
183 1893 221 1923 Ὦ
242 1894 414 1935 ἀποφάσεως,
436 1895 459 1925 ὦ
480 1895 560 1936 φόῧου
573 1896 699 1936 γέμοντος
713 1898 863 1938 φιλανθρω-

95 1939 157 1973 πίας
169 1962 178 1975 ,
201 1940 224 1969 ὢ
251 1941 383 1981 ἀπόφασις
405 1941 523 1981 γέμουσα
545 1942 722 1979 ἀνακλήσεως.
749 1944 864 1974 Οὐδέπω

95 1985 219 2026 ἐξώρισε,
245 1987 291 2016 καὶ
316 1988 493 2017 ἀνεκαλέσατο
504 1999 511 2007 ·
537 1988 640 2018 οὐδέπω
666 1989 773 2023 ἐξέὸαλε
784 2012 793 2027 ,
818 1991 863 2020 καὶ

94 2032 283 2072 προσελάὸετο.
299 2033 371 2067 “Em
391 2037 436 2063 τοῦ
456 2035 621 2076 ἀποστρέψαι
643 2047 673 2065 σε
693 2037 731 2070 εἷς
742 2036 791 2073 τὴν
803 2039 863 2077 γῆν,
891 2060 894 2063 .

95 2079 122 2113 ἐξ
133 2075 163 2114 ἧς
176 2079 300 2119 ἐλήφθης.
316 2081 376 2110 Οὐκ
389 2075 472 2118 εἶπεν,
486 2081 534 2114 ἕως
549 2081 580 2111 ἂν
594 2084 756 2122 ἀφανισθῇς,
769 2083 817 2117 ἕως
831 2083 862 2113 ἂν

95 2126 191 2164 λυθῇς,
204 2126 263 2154 ἀλλ’
272 2146 281 2160 ,
291 2125 365 2159 Ἕως
390 2128 435 2155 τοῦ
459 2127 624 2167 ἀποστρέψαι
638 2130 675 2162 εἰς
695 2128 744 2164 τὴν
758 2131 817 2168 γῆν,
836 2130 863 2164 ἐξ

96 2168 127 2207 ἧς
139 2171 254 2211 ἐλήφθης
266 2181 274 2190 ·
287 2170 330 2200 ἵνα
343 2173 555 2213 ὑποθῇς.σεαυτῷ
570 2174 618 2210 τὴν
632 2174 727 2204 ἐλπίδα
739 2178 786 2211 τῆς
801 2177 863 2204 ἀνα·

95 2218 220 2250 στάσεως.
231 2216 337 2255 Πέμπω
344 2228 374 2246 σε
385 2219 448 2254 ἐκεῖ,
458 2218 515 2248 ὅθεν
525 2231 554 2248 σε
563 2219 656 2249 ἔλαὸον
666 2231 672 2238 ·
683 2222 719 2254 ὥς
729 2220 824 2250 ἔλαθόν
832 2233 863 2251 σε

95 2263 163 2298 τότε,
175 2262 290 2301 δύναμαι
300 2262 345 2291 καὶ
357 2262 436 2292 πάλιν
446 2274 476 2292 σε
485 2263 586 2294 λαὸεἶν.
597 2264 663 2294 “On
675 2267 710 2304 γῆ
722 2262 754 2303 εἷ,
766 2266 812 2295 καὶ
826 2268 863 2301 εἰς

1597 123 1666 173 595

924 193 1034 224 ledictio
1040 202 1109 233 erat,
1124 195 1172 225 sed
1178 195 1329 226 emendatio
1338 208 1345 226 x
1367 196 1595 236 quemadmodum
1602 198 1668 229 Evae

925 241 1064 276 correctio,
1071 243 1110 270 In
1123 242 1273 271 doloribus
1281 244 1396 281 paries(
1406 243 1504 272 etenim
1512 243 1599 273 omnis
1610 254 1670 273 mu-

924 284 975 315 lier
988 286 1016 315 in
1029 285 1172 316 doloribus
1190 287 1260 327 parit
1273 290 1294 324 )‚
1305 287 1434 319 hactenus
1455 289 1554 318 mansit
1570 301 1576 318 :
1590 289 1629 320 sic
1643 296 1670 319 et

925 330 1041 360 Adami:
1058 332 1223 362 Maledicta
1251 340 1327 362 terra
1341 335 1373 362 in
1387 335 1521 373 operibus
1536 336 1670 365 ταῖς.Νο-

923 383 1010 406 strum
1018 387 1100 417 opera
1118 377 1223 417 iniqua,
1235 385 1261 407 et
1274 385 1344 408 terra
1356 379 1494 419 plectitur.
1503 381 1559 410 Nos
1572 391 1668 420 pccca-

924 432 994 458 mus,
1007 429 1034 452 et
1054 429 1125 453 terra
1138 423 1353 454 maledictionem
1376 425 1483 466 accipit.
1496 426 1586 456 Parcit
1596 427 1670 456 Deus

923 467 1044 508 opificio,
1059 475 1090 498 ut
1103 468 1220 509 ingenuo
1233 470 1304 507 filio,
1323 477 1422 500 terram
1449 478 1479 501 ut
1491 472 1668 512 paedagogum

922 513 1026 554 plectit.
1055 515 1220 545 Maledicta
1232 522 1310 545 terra
1330 517 1362 545 in
1383 519 1516 556 operibus
1537 519 1603 548 tuis.
1627 519 1669 548 Nc

922 558 1074 589 consideres
1095 567 1229 598 naturam,
1244 560 1293 591 sed
1305 561 1356 591 Dei
1370 563 1493 602 gratiam.
1509 565 1570 593 Non
1589 564 1669 594 abso-
1686 588 1698 599 ,

922 602 979 633 lute
990 602 1072 641 dixit,
1085 604 1248 635 Maledicta
1260 613 1337 635 terra
1348 619 1356 635 .·
1372 616 1434 635 nam
1441 607 1583 637 maledicta
1591 618 1671 637 man-

922 646 1009 687 siss'et,
1018 656 1045 680 et
1058 650 1162 681 fructus
1176 662 1230 681 non
1244 652 1348 682 tulisset
1356 664 1365 691 5
1380 653 1610 691 quemadmodum
1622 654 1667 683 di·

921 695 963 725 xit
976 695 1041 725 ficui
1052 697 1138 726 :Non
1145 697 1224 727 ultra
1235 705 1307 728 exte
1317 705 1403 728 exeat
1408 699 1547 739 fluctus,
1557 706 1586 729 et
1598 710 1668 730 exa·
1678 706 1762 728 Matth.
1779 712 1791 727 2
1798 713 1816 727 ι.

921 743 1002 772 ruit:
1017 738 1056 772 sic
1069 750 1096 772 et
1123 744 1151 773 in
1170 750 1239 774 terra
1265 745 1389 774 futurum
1407 753 1463 775 erat
1469 758 1479 785 5
1494 746 1541 776 sed
1561 746 1608 784 ait,
1631 743 1715 776 In¹9'

922 789 1055 827 operibus
1077 790 1146 819 tuis.
1170 790 1286 827 Quando
1298 801 1389 830 pecco,
1405 792 1556 831 percutitur
1578 799 1667 831 terra;

921 833 1029 872 quando
1052 842 1123 865 recte
1150 835 1256 874 incedo,
1285 837 1362 866 illam
1387 837 1533 868 benedicit.
1549 839 1585 867 At
1605 838 1669 868 vide

921 890 979 909 rem
990 880 1094 910 miram.
1116 881 1235 918 Quando
1257 883 1358 912 creavit
1370 884 1443 913 Deus
1455 890 1564 922 terram,
1580 894 1666 921 mare,

922 925 1055 964 volatilia,
1080 927 1198 966 reptilia,
1216 927 1323 965 bestias,
1342 928 1490 967 hominem,
1513 929 1602 959 omnia
1616 930 1666 959 be-

922 971 1028 1001 nedixit
1043 985 1049 1001 :
1068 973 1249 1015 fructusbvero
1263 984 1315 1004 non
1341 975 1492 1013 benedixit,
1505 976 1579 1015 quod
1593 987 1668 1007 nem—

922 1028 956 1058 pe
969 1018 1048 1048 sciret
1060 1018 1129 1049 hanc
1138 1026 1214 1049 terrae
1220 1027 1352 1051 servatam
1365 1032 1421 1051 csse
1431 1032 1549 1062 poenam,
1562 1030 1592 1052 ιιι
1606 1034 1668 1064 pcc·

922 1063 1045 1093 cantibus
1054 1064 1210 1095 hominibus
1220 1066 1359 1096 sterilitate
1365 1067 1538 1107 plecteretur,
1545 1075 1571 1098 et
1583 1070 1668 1109 probe

922 1110 1074 1149 agentibus,
1097 1111 1261 1142 fertilitatem
1286 1113 1426 1154 acciperet.
1443 1115 1504 1144 Non
1528 1115 1668 1146 benedixit

921 1155 1055 1186 fructibus
1071 1166 1080 1184 ε
1092 1155 1195 1186 donum
1209 1158 1280 1187 enim
1293 1165 1349 1188 crat
1362 1159 1420 1189 sine
1426 1160 1592 1200 poenitentia.
1604 1162 1666 1202 Spi-

923 1211 976 1231 nas
988 1207 1016 1231 et
1028 1202 1151 1232 tribulos
1160 1204 1301 1242 producet
1311 1206 1375 1234 tihi.
1386 1207 1497 1246 Magna,
1511 1207 1610 1247 inquit,
1621 1207 1666 1238 de-

922 1247 1048 1288 spexisti;
1061 1248 1212 1278 minoribus
1228 1250 1363 1290 plectaris.
1377 1251 1451 1282 Vide
1473 1262 1554 1291 quam
1573 1254 1666 1284 mode-

923 1300 988 1323 ratae
1005 1293 1059 1324 sint
1077 1294 1272 1334 castigationes.
1295 1296 1381 1337 Spina
1402 1297 1524 1329 occidere
1549 1301 1665 1340 nequit,

923 1346 1062 1369 cruentare
1074 1346 1170 1380 potest.
1197 1341 1234 1371 Et
1253 1342 1374 1372 comedet
1394 1349 1493 1373 terram
1518 1345 1546 1374 in
1563 1345 1667 1376 dolori—

922 1384 987 1415 bus.
996 1385 1049 1415 Illa
1069 1386 1141 1426 parit
1153 1386 1181 1415 in
1192 1386 1334 1417 doloribus
1340 1399 1350 1427 ς
1366 1395 1396 1418 ιιι
1407 1389 1517 1419 comede
1528 1390 1556 1420 in
1565 1391 1667 1421 dolori-

920 1431 983 1461 bus.
996 1433 1066 1462 Nam
1079 1439 1157 1463 vetus
1174 1432 1222 1462 illa
1233 1434 1362 1463 sententia
1372 1434 1499 1466 hactenus
1513 1444 1612 1467 manet.
1629 1439 1666 1468 Et

921 1477 986 1507 vide
1008 1478 1075 1507 mihi
1088 1478 1212 1516 divitem,
1233 1490 1391 1520 pauperem,
1418 1482 1583 1522 principem,
1605 1494 1665 1514 ma·
1700 1497 1703 1499 ’

920 1533 1015 1562 gnum,
1037 1533 1102 1552 num
1117 1524 1172 1553 vita
1185 1525 1244 1564 ejus
1263 1525 1348 1564 possit
1363 1526 1420 1555 sine
1443 1526 1537 1556 dolore
1550 1535 1576 1557 ct
1599 1539 1664 1559 cura

920 1568 1047 1599 inveniri.
1061 1570 1171 1606 Quare?
1185 1571 1319 1607 Quoniam
1333 1573 1372 1600 In
1388 1573 1494 1602 sudore
1507 1574 1609 1603 vultus
1622 1576 1665 1605 tui
1675 1583 1732 1606 Gen.
1745 1583 1810 1614 3³9-

920 1617 1047 1645 vescen's
1068 1622 1221 1655 panemo.
1249 1617 1369 1647 Noluisti
1390 1619 1549 1658 tranquille,
1566 1620 1595 1649 in
1617 1632 1664 1651 su—

921 1660 986 1691 dore
999 1661 1118 1691 comede.
1133 1663 1193 1692 Non
1207 1662 1287 1702 punit
1300 1662 1378 1692 illum
1390 1663 1472 1702 fame,
1488 1665 1536 1695 sed
1549 1666 1664 1698 miseriae

921 1714 1000 1746 atque
1009 1708 1096 1738 labori
1109 1708 1228 1748 subjicit.
1244 1709 1307 1739 Jam
1319 1716 1360 1748 tu,
1372 1710 1472 1748 fidelis,
1481 1711 1552 1742 illud
1564 1714 1662 1753 cogita.

920 1754 950 1784 Si
958 1753 1044 1784 Adam
1053 1753 1110 1783 sine
1119 1754 1216 1783 sudore
1227 1765 1326 1795 panem
1335 1766 1388 1785 non
1399 1757 1526 1796 comedit,
1535 1768 1583 1788 nos
1592 1770 1663 1799 quo-

919 1799 1001 1829 modo
1023 1801 1080 1829 sine
1107 1800 1247 1830 laboribus
1266 1801 1465 1842 sudoribusque
1483 1814 1597 1844 regnum
1608 1816 1662 1835 cae-

919 1846 1008 1876 lorum
1025 1847 1240 1886 consequamur?
1255 1848 1369 1886 Donec,
1384 1848 1483 1888 inquit,
1506 1854 1661 1882 revertaris

919 1894 951 1922 in
978 1899 1096 1931 terram,
1111 1893 1148 1922 de
1170 1904 1231 1933 qua
1242 1901 1351 1924 sumtus
1370 1905 1411 1925 es.
1437 1897 1462 1925 O
1479 1898 1635 1928 sententiam
1650 1899 1659 1928 Ι

919 1939 1111 1969 oelementiam
1137 1947 1210 1970 metu
1230 1941 1359 1981 plenam!
1374 1952 1391 1972 o
1405 1944 1562 1974 sententiam
1595 1956 1661 1976 con-

917 1985 1047 2016 solatione
1059 1985 1183 2026 plenam!
1197 1986 1326 2018 Nondum
1339 1989 1492 2029 expulerat,
1505 1997 1531 2020 et
1550 2002 1660 2024 revoca—

919 2033 975 2064 vit!
986 2032 1107 2062 nondum
1119 2033 1243 2074 ejecerat,
1255 2042 1282 2065 et
1294 2037 1418 2066 resumsit
1430 2036 1438 2067 l
1454 2037 1558 2070 Donec
1565 2050 1661 2071 rever·-

919 2082 990 2110 iaris
1003 2082 1036 2109 in
1057 2086 1174 2117 terram,
1184 2081 1221 2110 de
1233 2092 1293 2122 qua
1305 2089 1417 2114 sumtus
1437 2095 1478 2114 es.
1492 2087 1552 2115 Non
1573 2086 1658 2125 dixit,

918 2128 1008 2157 Donec
1029 2126 1156 2164 delearis,
1173 2126 1258 2158 donec
1275 2127 1434 2161 dissolvaris
1439 2142 1450 2170 3
1470 2132 1529 2169 sed,
1555 2134 1660 2164 Donec

918 2174 1071 2203 revertaris
1083 2174 1115 2202 in
1127 2179 1243 2212 terram,
1258 2175 1294 2204 de
1308 2186 1368 2216 qua
1379 2184 1491 2207 sumtus
1500 2189 1547 2208 es:
1564 2186 1593 2208 ut
1609 2180 1658 2209 tibi

916 2230 991 2260 spem
1004 2219 1367 2252 resurrectionissubstituas.
1382 2223 1435 2252 Illo
1449 2230 1474 2254 te
1484 2225 1571 2263 mitto,
1587 2226 1657 2255 unde

917 2272 942 2296 te
952 2265 1041 2306 accepi
1049 2277 1059 2304 ς
1075 2273 1104 2296 ιιι
1122 2273 1147 2296 te
1160 2273 1223 2296 tunc
1236 2268 1336 2308 accepi,
1348 2275 1372 2298 te
1391 2280 1484 2299 rursus
1496 2282 1603 2310 possum
1613 2282 1657 2300 ac-

95 2310 145 2348 γῆν
156 2308 298 2347 ἀπελεύσῃ.
308 2308 367 2337 Οὐκ
378 2308 555 2349 ἀφανισθήσῃ,
575 2310 633 2339 ἀλλ’
648 2310 801 2351 Ἀπελεύσῃ.
812 2311 861 2349 Τὸ,
879 2313 898 2337 Ε
916 2313 1015 2353 cipere,
1028 2314 1108 2352 'Quia
1119 2320 1195 2343 terra
1205 2324 1246 2351 es,
1258 2316 1328 2343 etin
1343 2322 1448 2345 terram
1463 2317 1529 2346 ibis.
1544 2318 1602 2346 Non
1613 2317 1656 2346 dc-

95 2355 254 2395 Ἀπελεύσῃ,
279 2354 462 2394 Ἐπανελεύσῃ
486 2355 553 2388 τινὲς
575 2355 753 2395 ἡρμήνευσαν.
778 2357 862 2388 Ὅσον

128 2460 142 2474 ¹*
159 2459 246 2492 [savit.
259 2465 287 2487 ἴσ.
301 2466 330 2494 τῇ
341 2466 379 2495 γῇ,
390 2459 459 2493 quod
471 2458 565 2492 recepit
575 2458 721 2493 Combefia.]

128 2506 138 2517 ²
158 2499 187 2523 ln
204 2499 261 2523 Mss.
284 2502 339 2529 ..ξαι
358 2498 485 2532 legebatur
504 2498 629 2531 prioribus
647 2498 742 2525 ubi-asia
760 2499 845 2527 tim-ts.

915 2359 1023 2399 lebetis,
1036 2359 1083 2389 sed
1108 2361 1180 2389 Ibis.
1205 2360 1290 2399 lllud,
1306 2363 1377 2400 Ibis,
1398 2361 1507 2400 quidam
1527 2362 1656 2402 interpre-

898 2463 986 2490 simite.

929 2504 943 2523 ¹²
960 2504 1010 2529 Pro
1029 2507 1127 2538 τιμωρίᾳ
1139 2509 1212 2536 putat
1225 2503 1331 2530 Savitius
1351 2503 1482 2537 legendum
1500 2508 1650 2540 ταλαιπωρίᾳ.

93 2540 184 2564 Sensus
196 2543 278 2563 autem
290 2537 401 2571 postulat
416 2543 460 2563 aut.
472 2541 551 2569 στέξαι,
565 2543 608 2564 aut
620 2542 723 2573 αἱμάξαι,
736 2539 774 2566 vel
786 2541 848 2575 quid
898 2543 1008 2576 [Recepit
1023 2543 1170 2574 Combefis.]
