1904 2840
201 196 270 245 796

200 270 266 298 nicis
277 269 332 298 suis
346 260 563 307 interpretantur.
579 267 608 296 Si
628 270 693 307 quis
708 274 804 297 autem
818 269 936 304 dixerit,
958 269 978 292 Α
993 266 1078 297 sciens
1097 267 1235 304 Salomon,
1251 267 1356 297 dicebat
1371 267 1407 296 ad
1424 266 1573 297 Dominum
1587 279 1594 296 :
1608 267 1676 297 Duo
1685 277 1736 307 p0⁴
1746 275 1817 297 Pmu.
1831 274 1870 298 3ο.

993 308 1070 336 stulo
1086 318 1106 336 a
1124 313 1162 342 te,
1184 317 1220 336 ne
1244 308 1364 348 auferas
1385 309 1512 347 gratiam
1535 313 1615 336 tuam
1635 318 1656 336 a
1679 305 1802 344 mest-⁸·

200 311 229 337 F
229 315 306 344 atne,
318 318 381 337 reus
395 309 448 336 erit
457 308 608 347 gehennae.
616 307 707 336 Racha
718 303 829 346 quidem
839 306 941 336 dicitur

200 349 445 382 Hebra‘icevacuus,
452 348 574 385 quamvis
583 353 712 385 quantum
721 346 757 375 ad
766 357 873 376 sensum
881 357 942 375 ver-

200 388 238 421 bi,
252 398 335 418 unum
348 394 386 415 est
401 386 499 421 dicere}
517 387 611 423 Fatue,
633 393 670 423 et,
691 386 794 416 Racha.
809 387 879 416 Nam
893 385 940 424 qui

201 437 302 455 vacuus
313 433 362 462 est,
378 426 424 455 ille
438 427 526 455 fatuus
540 433 579 455 est
594 439 600 454 ε
621 433 648 455 01
660 426 708 465 qui
721 426 810 455 fatuus
824 432 873 460 est,
884 426 942 454 sine

202 466 285 495 dubio
296 477 395 495 vacuus
409 473 458 501 est,
483 473 508 495 et
523 466 663 504 utriusque
676 465 753 494 verbi
769 475 821 494 una
834 464 942 494 videtur

202 516 258 534 esse
267 506 376 545 injuria.
391 506 460 534 Nam
473 505 541 534 sicut
552 505 662 543 indigna
676 515 717 534 res
731 511 770 534 est
783 505 825 534 illi
839 504 939 540 dicere,

202 546 296 580 Fatue,
310 545 358 583 qui
371 545 451 574 habet
464 545 491 573 in
512 555 540 574 se
558 545 715 584 sapientiam
733 544 899 584 spiritualem
913 543 941 572 in

202 585 336 623 agnitione
350 584 399 614 Dei
420 584 506 615 Patris
519 591 544 613 et
569 583 670 613 Christi
687 597 693 612 :
712 583 751 613 sic
769 583 881 624 indigna
900 594 942 612 res

203 631 251 658 cst,
273 624 362 654 dicere
381 624 518 661 hominem
538 634 666 659 vacuum,
691 623 738 662 qui
760 624 840 653 hahet
863 624 890 652 in
915 633 943 652 se

204 664 335 702 Spiritum
360 671 492 693 sanctum.
515 664 584 693 Nam
603 673 680 692 nemo
704 662 806 693 dicitur
827 673 940 699 vacuus,

203 703 249 741 qui
264 703 343 733 habet
356 703 382 732 in
396 714 424 732 se
437 703 568 743 Spiritum
580 709 748 738 sanctum‚et
754 713 832 731 nemo
841 702 941 738 fatuus,

205 743 250 780 qui
276 743 414 773 Christum
427 743 572 781 cognoscit.
589 743 625 772 Et
647 753 730 781 quare
743 742 812 771 illud
834 741 945 780 quidem

204 782 327 819 verbum,
345 783 374 812 id
398 789 437 812 est
463 782 568 817 Racha,
582 782 662 811 habet
703 792 788 811 oenam
813 781 920 811 concilii
936 794 942 810 :

204 822 254 850 1100
277 829 366 851 autem
390 821 520 857 verbum,
537 823 639 858 Fatue,
655 833 687 860 ge
707 821 804 850 ennae?
826 822 895 850 Nam
923 821 945 850 si

205 871 289 890 unum
316 868 454 901 peccatum
481 868 520 891 cst
529 884 537 898 ,
553 871 605 890 una
630 861 710 890 debet
737 871 794 890 esse
818 867 843 889 et
869 871 946 905 poena

204 901 354 930 amborum.
370 901 422 931 Sed
437 908 565 939 quantum
582 900 617 929 ad
638 900 752 930 dicentis
766 907 946 940 proposntum‚

205 939 446 980 differentiarnjam
461 941 560 970 habent
573 940 630 969 haec
642 940 740 977 verba,
756 940 804 969 etsi
818 946 948 978 quantum

206 979 240 1008 ad
252 991 358 1009 sensnm
372 980 470 1009 similia
482 987 554 1009 sunt.
570 979 662 1009 Racha
675 980 747 1008 enim
759 979 870 1018 vulgare
885 990 946 1009 ver-

206 1019 271 1047 bum
283 1027 339 1049 erat
351 1019 424 1060 apud
435 1020 450 1050 J
454 1019 554 1055 udaeos,
565 1019 637 1058 quod
646 1029 697 1048 non
711 1030 746 1048 ex
759 1019 810 1055 ira,
820 1029 905 1058 neque
914 1030 949 1049 ex

206 1058 279 1094 odio,
294 1059 340 1088 sed
363 1070 398 1088 ex
419 1059 510 1098 aliquo
530 1066 605 1088 motu
620 1069 691 1087 vano
714 1058 848 1095 dicebant,
864 1059 949 1098 magis

189 1136 191 1138 ι
206 1098 311 1127 fiduciae
333 1110 421 1134 causa,
437 1109 518 1137 quam
532 1098 685 1127 iracundiae.
700 1099 769 1128 Nam
784 1108 950 1137 unaquaeque

142 1343 199 1358 LMtt

63 1738 145 1759 March,
164 1743 198 1758 12.

62 1769 100 1790 36.

63 1930 146 1959 Ephes.
153 1930 176 1958 4.

64 1968 102 1990 ²9·

69 2404 82 2428 †
91 2401 118 2422 al.
133 2408 207 2423 usum.

206 1138 345 1176 provincia
354 1138 435 1166 habet
446 1138 472 1166 in
482 1137 674 1167 consuetudine
682 1136 793 1176 aliquod
803 1148 834 1166 ex
858 1138 949 1167 robra-

206 1177 306 1206 torium
324 1178 447 1214 verbum,
463 1177 537 1216 quod
550 1187 603 1206 non
626 1179 691 1206 rixae
705 1188 795 1212 causa,
809 1188 821 1206 s
869 1177 949 1206 fami-

208 1216 330 1245 liaritatis
341 1217 424 1255 gratia
437 1217 525 1246 dicere
536 1217 621 1246 solcnt
632 1216 665 1245 ad
677 1227 733 1252 eos,
746 1227 863 1255 quorum
878 1216 948 1245 fidu-

208 1255 276 1284 ciam
285 1256 393 1284 habent.
401 1257 515 1296 Utputa,
522 1263 649 1295 patrenus
658 1263 780 1295 suscepto
787 1256 882 1285 liberto
890 1266 948 1293 suo,

209 1301 255 1323 aut
272 1294 348 1323 dives
368 1295 498 1334 pauperi,
520 1302 566 1324 aut
590 1295 709 1324 urbanus
730 1295 842 1327 rustico,
857 1302 949 1324 conte-

210 1344 301 1363 mnens
312 1345 451 1373 personam
463 1334 531 1373 ejus,
541 1334 626 1373 magis
639 1344 720 1372 quam
733 1333 884 1362 inimicans.
895 1335 949 1363 Sed

209 1374 276 1402 forte
289 1373 365 1409 dicis,
381 1374 403 1403 si
415 1374 507 1403 Racha
521 1372 667 1402 iracundiae
678 1383 755 1402 causa
770 1383 822 1401 non
836 1372 947 1410 dicitur,

210 1423 292 1451 qnare
306 1420 444 1452 peccatum
456 1413 513 1442 est?
526 1413 597 1450 Quia
611 1412 796 1442 contemtionis
809 1423 888 1442 causa
902 1412 948 1442 di-

210 1453 289 1487 citur,
301 1463 354 1481 000
372 1452 565 1482 aedificationis.
581 1453 651 1482 Nam
672 1451 721 1481 etsi
768 1462 860 1481 ersona
872 1452 949 1482 illius

210 1492 261 1520 tibi
269 1492 458 1521 contemtibilis
469 1492 623 1527 videbatur,
636 1498 722 1520 tamen
736 1463 854 1530 dignitas
867 1491 948 1521 Chri-

210 1531 435 1560 stianitatisillius
446 1530 636 1560 contemtibilis
647 1541 699 1559 nou
711 1537 778 1559 erat.
792 1531 827 1560 Et
833 1529 856 1559 si
871 1531 949 1560 illum

210 1570 326 1610 aspicere
340 1580 393 1600 non
413 1571 533 1606 volebas,
547 1577 635 1599 tamen
647 1569 797 1605 Christum,
808 1569 856 1608 qui
869 1570 897 1599 in
918 1581 950 1599 eo

210 1617 259 1646 est,
274 1610 391 1650 aspicere
404 1609 532 1639 debuisti.
550 1609 652 1638 Deinde
666 1616 692 1638 et
707 1609 760 1637 alia
774 1610 875 1638 ratione
887 1620 950 1649 pec·

211 1656 299 1678 catum
314 1658 353 1679 est
365 1649 453 1678 dicere
466 1649 570 1686 Racha,
583 1649 647 1687 quia
657 1648 704 1678 etsi
719 1648 767 1677 ille
780 1648 886 1687 aliquid
898 1660 950 1679 v.»-

212 1699 276 1717 num
286 1689 380 1718 audire
389 1689 550 1724 merebatur,
557 1695 582 1717 te
592 1695 679 1717 tamen
691 1687 781 1717 dicere
790 1698 889 1718 vanum
901 1688 950 1717 ali-

211 1728 278 1766 quid
287 1739 340 1757 non
353 1729 502 1768 oportebat,
515 1739 576 1757 cum
587 1728 625 1757 sic
637 1728 767 1767 scriptum
776 1734 814 1756 est
831 1738 838 1754 ι
851 1727 952 1757 Amen

212 1769 277 1797 dico
295 1770 391 1804 vobis,
405 1779 458 1807 pro
471 1769 550 1796 omni
566 1769 658 1795 verbo
672 1769 772 1803 otioso,
790 1768 951 1807 quodcum-

212 1818 269 1846 que
282 1808 397 1847 loquuti
407 1809 541 1848 fueritis,
557 1807 665 1835 dabitis
691 1808 844 1836 rationem.
863 1807 951 1844 Quic-

213 1847 279 1885 quid
292 1857 345 1875 non
364 1854 402 1877 est
415 1847 517 1882 lumen,
531 1846 639 1875 tenebra
654 1853 692 1875 est
708 1857 714 1873 :
733 1846 770 1875 sic
780 1853 805 1875 et
821 1847 951 1885 quicquid

213 1887 314 1915 bonum
338 1897 391 1916 non
417 1893 471 1922 est,
494 1885 595 1915 malum
620 1892 669 1914 est.
698 1885 771 1915 Dicit
792 1886 928 1925 apostolus
942 1897 950 1914 ι

216 1927 318 1955 Omnis
324 1936 415 1955 sermo
422 1926 517 1956 malus
527 1935 563 1954 ex
573 1935 622 1953 ore
630 1931 727 1954 vestro
738 1936 796 1954 non
801 1927 950 1965 procedat.

216 1965 250 1994 Et
271 1976 323 1994 non
341 1966 420 2002 dicit,
437 1965 467 1995 Si
485 1964 547 2003 quis
568 1964 664 2001 bonus,
684 1965 879 2003 tantummodo,
892 1965 950 2003 sed,

216 2005 246 2033 Si
254 2006 318 2043 quis
331 2007 422 2034 bonus
432 2005 472 2033 ad
478 2004 698 2043 aedificationem
705 2005 786 2044 fidei.
796 2005 895 2044 Siergo
906 2015 953 2035 nec

215 2044 318 2072 bonum
340 2044 454 2073 verbum
467 2043 526 2081 sine¹
547 2053 625 2071 causa
643 2043 731 2073 dicere
745 2043 884 2081 debemus,
901 2044 952 2074 nisi

216 2083 297 2111 suerit
310 2093 360 2122 pro
380 2082 517 2112 occasione
532 2082 724 2116 aedificationis,
742 2094 775 2112 ne
788 2083 877 2123 ipsum
889 2095 953 2113 ver-

216 2123 284 2151 bum
306 2123 419 2158 bonum,
434 2121 499 2150 dum
514 2121 570 2150 sine
592 2132 670 2151 causa
683 2118 794 2159 dicitur}
804 2123 954 2152 inveniatur

216 2172 273 2190 esse
287 2162 413 2197 otiosum,
428 2167 454 2190 et
467 2161 513 2190 fiat
533 2161 633 2189 malum
650 2173 656 2189 :
672 2169 769 2199 quanto
786 2163 870 2201 magis
883 2162 954 2192 illud

217 2201 332 2230 verbum
340 2200 429 2229 dicere
442 2210 494 2229 non
504 2199 722 2238 debemus,quod
736 2212 750 2230 a
760 2202 900 2241 semetipso
908 2212 953 2231 na-

217 2240 340 2269 turaliter
360 2240 461 2268 malum
479 2246 528 2275 cst,
544 2246 570 2268 et
582 2239 616 2268 ad
628 2240 752 2278 injuriam
775 2241 887 2281 pertinet
900 2252 955 2270 au-

217 2279 334 2308 dientis?
352 2279 465 2314 Deinde,
478 2278 611 2316 numquid
624 2279 773 2309 membrum
791 2281 845 2309 oris
858 2281 953 2317 nostri,

218 2318 292 2356 quod
299 2319 333 2348 ad
347 2318 546 2348 aedificationem
553 2318 667 2347 aliorum
682 2326 797 2348 creatum
808 2327 855 2355 est,
866 2320 954 2350 autad

219 2369 297 2387 usum
308 2358 439 2397 corporis,
448 2364 494 2387 aut
504 2357 538 2386 ad
550 2357 662 2396 gloriam
674 2358 733 2394 Dei,
744 2359 876 2388 trahimus
885 2360 954 2389 illud

219 2398 252 2427 ad
270 2399 291 2436 †
307 2397 484 2426 ministerium
501 2397 643 2427 vanitatis?
658 2397 752 2426 Omnis
779 2398 847 2426 enim
868 2409 954 2427 sermo

218 2448 303 2466 vanus
314 2436 361 2475 qui
375 2437 485 2472 dicitur,
502 2436 641 2465 immundo
655 2436 750 2476 spiritu
762 2437 877 2466 dictante
890 2449 954 2477 pro-

217 2477 311 2506 fertur.
329 2478 438 2506 Vanum
452 2486 514 2516 ergo
527 2486 675 2504 sermonem
688 2476 815 2513 dicentes,
830 2487 882 2506 non
895 2484 954 2506 tan-

218 2523 275 2548 tum
288 2516 347 2545 ideo
366 2526 506 2555 peccamus
519 2515 582 2553 quia
593 2526 640 2555 per
653 2515 732 2544 illum
747 2526 893 2545 sermonem
901 2517 953 2545 ali-

217 2566 297 2594 quem
321 2555 454 2590 lmdimus,
470 2555 516 2584 secl
531 2555 594 2594 quia
607 2555 702 2584 damus
726 2555 815 2584 locum
826 2556 854 2584 in
878 2556 954 2586 nobis

217 2595 363 2624 immundis
389 2595 529 2635 spiritibus
544 2593 641 2634 agendi
666 2594 738 2633 quod
764 2595 868 2625 volunt.
897 2597 954 2626 Hoc

790 205 874 230 OPUS
899 205 1137 229 IMPERFECTUM

991 348 1163 386 priusquam
1176 349 1295 383 moriar,
1311 353 1339 376 et
1348 357 1460 376 vanum
1474 347 1598 376 verbum
1612 357 1672 376 non
1688 357 1737 377 ex-

995 392 1042 414 eat
1055 386 1091 414 de
1101 396 1149 414 ore
1161 396 1235 415 meo.
1252 385 1282 416 Si
1296 387 1367 416 enim
1379 397 1443 416 vasa
1461 386 1622 416 sanctificata
1634 386 1669 415 ad
1682 386 1738 426 pri-

995 432 1068 455 vatos
1083 435 1147 454 usus
1163 426 1304 454 transferre
1322 432 1460 465 peccatum
1471 433 1512 455 est
1522 433 1549 456 et
1571 426 1734 466 periculum,

994 464 1064 493 sicut
1076 464 1153 494 docet
1170 475 1218 494 nos
1227 464 1379 500 Bahhasar,
1392 465 1442 503 qui
1457 465 1553 494 bibens
1565 465 1591 494 iu
1605 465 1738 495 calicibus
1748 472 1799 494 Dm·
1822 470 1845 494 ⁵.

994 504 1103 533 sacratis
1114 503 1148 533 de
1159 514 1240 543 regno
1250 503 1388 544 depositus
1400 511 1450 540 est,
1464 511 1490 533 et
1501 503 1536 533 de
1545 504 1600 534 vita
1611 516 1619 533 =
1634 505 1657 533 si
1671 515 1736 544 ergo

994 543 1052 573 haec
1072 554 1134 573 vasa
1153 542 1316 573 sanctificata
1329 543 1364 572 ad
1385 543 1502 583 privatos
1517 554 1581 573 usus
1594 543 1738 574 transferre

995 583 1034 612 sic
1047 583 1229 623 periculosum
1243 589 1294 620 est,
1310 583 1332 622 †
1347 583 1400 628 [iu.
1411 583 1511 622 quibus
1524 593 1578 612 non
1588 590 1628 613 est
1641 593 1737 613 verum
1776 591 1799 641 ssb
1806 590 1850 643 11Ἐο
1865 592 1889 612 in

1561 623 1567 629 ⁸
1745 627 1783 648 qu·
1802 628 1826 642 ux
1843 628 1879 643 am

995 633 1093 662 corpus
1106 622 1218 658 Christi,
1230 622 1278 652 sed
1290 629 1449 663 mysterium
1461 633 1582 663 eorporis
1594 623 1654 663 ejus
1674 633 1738 652 con-

996 662 1096 691 tinetur
1109 663 1121 700 ]
1359 663 1364 668 ”
1595 663 1600 668 ’

997 712 1056 740 quae
1071 702 1122 730 sibi
1147 703 1219 731 Deus
1239 701 1275 731 ad
1295 702 1481 732 habitaculum
1500 709 1672 747 praeparavit,
1685 712 1738 731 non

998 741 1127 770 dehemus
1139 741 1229 770 locum
1242 741 1308 771 dare
1320 741 1429 771 diabolo
1449 741 1546 781 agendi
1557 752 1585 770 m
1609 742 1648 771 eis
1666 741 1741 781 quod

997 780 1076 810 vult?
1088 781 1118 810 Si
1127 783 1192 820 quis
1203 788 1301 811 autem
1310 782 1429 818 dixerit,
1440 783 1548 810 Fatue.
1563 782 1595 811 In
1604 783 1740 811 communi

998 820 1203 859 intelligendum
1214 828 1254 850 est
1268 821 1381 861 ubique,
1391 821 1460 850 Sine
1474 831 1575 851 causa.
1585 820 1619 850 Id
1632 828 1682 858 est,
1712 821 1741 850 ui

1000 860 1083 889 iratus
1094 860 1175 889 suerit
1188 861 1246 890 sine
1257 871 1336 890 causa
1351 872 1357 889 :
1373 860 1422 900 qui
1431 860 1524 890 Racha
1536 860 1592 890 sine
1605 871 1685 890 causa
1717 861 1741 890 i-

999 900 1081 933 xerit,
1097 900 1144 938 qui
1159 901 1243 929 Fatue
1254 900 1311 930 sine
1324 911 1402 930 causa
1415 900 1526 929 dixerit.
1541 900 1571 930 Si
1585 907 1675 929 autem
1687 910 1740 930 031-

999 939 1063 968 dere
1082 950 1144 968 cum
1158 950 1238 968 eausa
1254 946 1391 979 peccatum
1405 950 1458 969 non
1476 946 1526 975 est,
1542 947 1642 978 quanto
1655 939 1743 979 magis

999 989 1060 1007 cum
1071 989 1150 1008 causa
1170 980 1254 1008 Fatue
1265 979 1365 1015 dicere,
1379 990 1432 1008 non
1446 986 1486 1008 est
1497 986 1636 1019 peccatum
1642 979 1660 1008 ?·
1670 980 1740 1009 Nam

999 1025 1025 1047 et
1038 1019 1153 1048 verbum
1166 1018 1267 1048 malum
1279 1019 1381 1058 species
1393 1026 1434 1048 est
1444 1019 1536 1058 aliqua
1550 1018 1743 1059 castigationis,

1000 1065 1026 1087 et
1049 1069 1062 1086 a
1086 1058 1122 1087 ud
1144 1058 1291 1098 sapientem
1315 1058 1412 1088 durius
1435 1066 1475 1088 est
1487 1069 1568 1097 quam
1589 1058 1624 1087 ssa
1659 1058 1738 1088 llum.

1001 1069 1082 1134 Quid)
1089 1098 1162 1127 enim
1173 1097 1196 1127 si
1207 1098 1268 1127 talis
1276 1098 1356 1127 fuerit
1366 1108 1460 1132 causa,
1473 1104 1502 1127 ut
1518 1107 1570 1127 1100
1582 1108 1630 1127 ver
1649 1098 1683 1135 is,
1696 1108 1742 1127 ve-

1002 1148 1063 1167 rum
1077 1137 1236 1167 verberibus
1258 1138 1408 1177 proferatur
1429 1136 1568 1166 vindicta?
1581 1137 1652 1167 Ecce
1670 1137 1741 1166 enim

1001 1183 1027 1206 et
1040 1177 1176 1223 apostolus
1196 1177 1273 1213 dicit,
1288 1178 1373 1206 Fatue
1387 1189 1395 1205 .·
1415 1177 1595 1206 oinsensati
1611 1177 1740 1214 Galam,
1755 1179 1808 1201 Gal·
1826 1178 1850 1202 3-
1870 1184 1892 1201 ¹-

1001 1227 1067 1255 quzs
1079 1227 1133 1246 vos
1136 1217 1324 1256 fascinavit?
1337 1216 1390 1247 Sed
1405 1226 1457 1245 non
1475 1216 1606 1256 peccavit,
1621 1216 1686 1255 quia
1696 1216 1743 1256 ju-

1001 1262 1040 1284 sta
1063 1267 1143 1285 causa
1164 1256 1215 1285 fuit
1237 1256 1355 1286 dicendi.
1376 1257 1416 1286 Ita
1430 1255 1466 1285 ad
1480 1255 1630 1296 discipulos
1652 1255 1680 1284 in
1698 1255 1744 1286 via

1000 1295 1124 1325 Christus
1140 1308 1147 1324 z
1172 1296 1197 1324 0
1214 1296 1299 1325 stulti
1318 1303 1346 1325 et
1358 1296 1438 1324 tardi
1458 1296 1553 1325 corde.
1567 1296 1617 1325 25.
1633 1295 1664 1324 Si
1677 1305 1745 1335 ergo
1755 1296 1894 1328 law-²4²⁵·

1001 1334 1093 1373 (ᾔει-ς
1107 1345 1209 1363 munus
1224 1341 1306 1363 tuum
1328 1336 1370 1363 ad
1387 1334 1492 1363 altare.
1510 1334 1646 1371 Quoniam
1659 1345 1746 1374 supe-

1000 1373 1057 1401 rius
1069 1373 1185 1409 dixerat,
1198 1374 1256 1412 Qui
1264 1376 1402 1403 irascitur
1399 1374 1499 1414 fratri
1509 1383 1561 1403 suo
1569 1376 1633 1402 sine
1639 1384 1743 1409 causa,

999 1411 1051 1441 hoc
1067 1425 1073 1441 :
1101 1413 1159 1450 Qui
1180 1419 1279 1442 autem
1301 1413 1426 1449 deterit,
1442 1414 1556 1449 Racha,
1573 1412 1644 1442 illud
1660 1425 1666 1441 :
1686 1413 1744 1451 Qui

966 1458 985 1481 C
1001 1458 1099 1481 autem
1116 1453 1234 1488 dixerit,
1249 1454 1355 1489 Fatue,
1368 1451 1442 1482 istud
1456 1464 1463 1480 :
1476 1459 1665 1490 consequenter
1675 1452 1745 1481 sub-

998 1491 1089 1531 jungit
1102 1502 1108 1518 =
1122 1491 1154 1520 Si
1161 1492 1255 1532 offers
1264 1496 1372 1522 'munus
1383 1498 1466 1521 tuum
1478 1492 1519 1520 ad
1527 1491 1632 1527 altare,
1642 1497 1670 1520 et
1680 1491 1745 1520 111ῖο

1001 1531 1168 1560 recordatus
1171 1532 1282 1572 fueris,
1291 1532 1371 1570 quod
1381 1531 1467 1560 habet
1479 1531 1595 1570 aliquid
1604 1531 1744 1560 adversus

1003 1576 1030 1598 10
1044 1571 1148 1609 frater·
1161 1577 1237 1600 tuus.
1253 1571 1340 1600 Habet
1357 1570 1469 1606 scilicet,
1482 1570 1505 1599 si
1519 1570 1604 1599 iratus
1623 1571 1647 1599 ei
1660 1570 1745 1599 fueris

1001 1609 1058 1639 sine
1065 1620 1156 1646 causa,
1165 1610 1188 1639 si
1199 1609 1294 1639 dixisti
1302 1610 1325 1639 ei
1334 1610 1437 1645 Racha‚
1443 1610 1487 1639 vel
1497 1610 1583 1639 Fatue
1588 1609 1645 1638 sine
1652 1620 1743 1638 causa.

1005 1649 1034 1678 Si
1047 1659 1110 1688 ergo
1119 1659 1152 1678 ex
1167 1649 1211 1678 1115
1224 1649 1329 1679 levibus
1339 1649 1426 1679 causis
1438 1649 1539 1678 offenso
1551 1648 1643 1686 fratre,
1653 1655 1680 1678 et
1693 1659 1746 1678 000

1002 1688 1117 1728 placato,
1130 1688 1296 1728 impossibile
1306 1696 1345 1718 est
1353 1699 1450 1718 munus
1460 1689 1518 1718 Deo
1530 1688 1634 1725 offerri,
1650 1695 1744 1717 01505-

1003 1728 1058 1768 cipi
1074 1741 1080 1757 :
1097 1728 1231 1767 quomodo
1254 1734 1315 1757 ante
1336 1735 1507 1768 conspectum
1526 1727 1577 1757 Dei
1596 1727 1744 1767 ingredien-

1002 1774 1059 1805 tur,
1074 1768 1123 1806 qui
1146 1768 1242 1797 fratres
1267 1779 1330 1798 suos
1354 1768 1522 1804 conculcant,
1559 1766 1709 1804 raedantur‚·
1720 1774 1747 1796 et

1003 1807 1055 1836 alia
1075 1807 1160 1837 multa
1175 1808 1202 1836 in
1217 1807 1309 1839 viduis
1321 1814 1348 1837 et
1361 1808 1491 1848 orphanis
1500 1817 1517 1836 n
1544 1806 1613 1836 auda
1625 1807 1746 1836 commit-

1003 1847 1082 1876 tunt?
1093 1848 1125 1877 In
1139 1847 1234 1887 primis
1244 1847 1314 1876 scire
1326 1847 1466 1883 debemus,
1481 1845 1556 1886 quod
1568 1846 1698 1885 quamdiu
1712 1846 1746 1874 fi-

1003 1886 1076 1916 deles
1098 1886 1220 1916 homines
1240 1887 1358 1925 aliquam
1385 1886 1576 1916 dissensionem
1603 1885 1747 1914 habuerint

1003 1926 1071 1955 inter
1079 1936 1120 1962 se,
1133 1927 1207 1956 Deus
1220 1926 1275 1955 illis
1288 1937 1340 1956 non
1351 1933 1436 1966 potest
1448 1937 1505 1955 esse
1517 1925 1630 1962 amicus,
1647 1935 1747 1954 munus

1003 1976 1096 1995 eorum
1121 1976 1174 1995 non
1190 1966 1261 1995 susci
1283 1966 1348 2002 itur,
1362 1965 1447 1995 oratio
1458 1965 1552 1995 eorum
1565 1974 1618 1994 non
1630 1963 1748 1993 exaudi-

1005 2012 1060 2041 tur,
1079 2005 1123 2035 vel
1136 2005 1160 2035 si
1174 2005 1240 2044 quid
1251 1976 1326 2034 aliiud
1339 2006 1440 2035 bonum
1452 2005 1574 2041 fecerint,
1587 2003 1652 2042 quia
1670 2013 1747 2032 nemo

972 2051 990 2074 1)
1005 2044 1072 2073 inter
1083 2043 1152 2074 duos
1166 2045 1291 2074 inimicos
1304 2051 1388 2084 potest
1401 2054 1460 2073 esse
1475 2043 1563 2073 fidelis
1576 2042 1677 2072 amicus
1687 2053 1746 2071 am-

1004 2083 1232 2123 borum.Utputa,
1242 2084 1264 2112 si
1271 2083 1305 2112 de
1313 2084 1360 2112 illo
1367 2083 1434 2112 bene
1442 2082 1562 2121 loqueris
1571 2081 1643 2121 apud
1652 2081 1745 2117 istum,

1006 2123 1133 2168 displices
1154 2124 1208 2159 isti,
1223 2130 1251 2152 et
1264 2123 1293 2151 10
1313 2133 1359 2152 5115
1381 2122 1495 2151 icionem
1509 2123 1584 2151 venis
1596 2121 1674 2160 quasi
1684 2121 1748 2160 plus

1006 2162 1104 2202 diligas
1131 2163 1229 2192 illum:
1246 2169 1272 2191 et
1294 2163 1316 2191 si
1330 2133 1378 2190 adP
1382 2161 1460 2190 illum
1477 2161 1544 2190 bene
1569 2160 1687 2199 loqueris
1713 2159 1747 2190 de

1007 2202 1069 2238 isto,
1084 2202 1126 2231 dis
1147 2203 1210 2232 lices
1223 2202 1276 2238 illi,
1291 2209 1317 2231 et
1329 2202 1356 2230 in
1370 2201 1549 2240 suspicionem
1570 2199 1655 2236 venis,
1669 2200 1748 2238 quasi

1007 2242 1070 2281 plus
1093 2213 1191 2281 diiigas
1210 2241 1300 2270 istum.
1321 2240 1387 2270 Ideo
1401 2247 1427 2269 et
1447 2242 1519 2270 Deus
1543 2250 1597 2269 000
1618 2239 1748 2270 vultesse

1007 2282 1109 2310 amicus
1134 2281 1267 2314 fidelium,
1282 2280 1412 2319 quamdiu
1439 2280 1446 2308 i
1468 2280 1491 2309 si
1509 2280 1578 2309 inter
1597 2289 1624 2308 se
1649 2279 1748 2308 fuerint

1008 2320 1122 2358 inimici,
1136 2321 1199 2359 quia
1210 2320 1233 2349 si
1243 2320 1285 2349 illi
1299 2291 1747 2353 1111501100111131111000111,1510000·
1764 2319 1774 2328 ⁸

1007 2360 1128 2389 tristatur
1143 2371 1151 2388 ι
1166 2361 1216 2389 0151
1231 2370 1285 2389 non
1300 2359 1481 2395 contristatur,
1496 2359 1559 2397 quia
1575 2357 1645 2387 nihil
1662 2363 1748 2401 potest

1007 2410 1085 2438 agere
1099 2407 1190 2429 contra
1204 2401 1303 2434 Deum,
1318 2406 1405 2428 tamen
1419 2409 1472 2428 non
1493 2396 1641 2436 congaudet
1661 2406 1689 2424 10
1702 2395 1748 2425 be-

1007 2439 1108 2468 neficiis
1117 2439 1183 2479 ejus.
1190 2440 1218 2469 Si
1231 2446 1319 2468 autem
1329 2437 1433 2476 aliquid
1442 2442 1543 2477 poterat
1549 2442 1639 2465 0011113
1646 2436 1746 2472 Deum,

1007 2477 1167 2508 irasceretur
1177 2478 1211 2507 ad
1220 2479 1320 2514 Deum,
1333 2477 1396 2522 quia
1408 2477 1548 2506 miseratus
1557 2482 1597 2504 est
1607 2474 1749 2504 inimicum

1007 2517 1075 2556 ejus.
1088 2517 1219 2547 Similiter
1229 2525 1254 2546 et
1267 2518 1290 2546 si
1305 2517 1348 2546 isti
1363 2514 1575 2545 misericordiam
1587 2513 1688 2550 fecerit,
1701 2513 1750 2542 ille

1007 2557 1188 2588 contristatur.
1207 2556 1352 2587 Considera
1371 2555 1479 2595 qualem
1498 2555 1579 2584 habet
1595 2555 1667 2583 Deus
1682 2563 1748 2582 con—

1008 2596 1145 2626 scientiam
1159 2597 1229 2637 cirea
1243 2607 1301 2635 nos,
1314 2602 1341 2626 et
1353 2595 1487 2635 quomodo
1505 2593 1586 2624 fidem
1599 2599 1686 2624 servat
1699 2592 1750 2621 110-

1140 673 1146 690 :
1170 669 1270 701 quanto
1294 673 1379 702 magis
1401 668 1616 702 vasa‘corporls
1639 652 1888 707 Ροδῐήνῖηῑῗιίἒῗιὶιῖ.
