1904 2840
211 438 248 457 600

136 2261 227 2290 ἅλες.
239 2266 276 2291 ¹7.

258 204 328 251 708

977 206 1112 249 SPU81A5

263 296 1799 329 Μ

838 403 1246 473 MONITUM

677 558 732 596 IN
764 554 1092 605 SEQUENTEM
1124 550 1415 589 HOMILIAM.

306 690 444 723 Severiani
456 699 512 719 esse
523 688 593 718 hanc
605 686 744 717 homiliam
756 690 833 726 putat
845 682 1101 723 Dupinius.Verum
1109 679 1159 710 etsi
1173 689 1302 718 nugacem
1316 677 1477 717 quandoque
1489 675 1663 707 Severianum
1673 675 1826 716 deprehen-

261 737 382 767 derimus
390 758 398 772 ,
410 734 498 765 nescio
515 744 549 763 an
567 733 675 762 technas
688 731 761 768 illas,
774 730 850 770 queis
864 738 944 759 usum
960 729 1050 757 Deum
1062 735 1125 765 erga
1139 724 1230 755 Eliam
1242 724 1368 764 pluribus
1380 723 1561 753 demonstrare
1572 724 1683 752 conatur
1691 721 1737 751 hic
1748 722 1827 761 quis-

261 783 323 823 quis
338 782 372 811 sit
385 787 485 818 orator,
497 779 642 810 Severiano
654 777 806 807 adscribere
819 775 907 805 liceat.
923 776 1048 815 Ineptum
1062 783 1119 803 esse
1131 771 1286 812 quempiam
1300 771 1457 802 Graeculum
1467 769 1596 800 libentius
1607 767 1725 799 credam.

301 826 551 868 Interpretationcm
564 825 688 855 Latinam
699 833 795 854 novam
809 821 952 852 adornavi.

402 1022 420 1050 1
421 1032 441 1050 n
454 1019 556 1050 Elium
566 1017 738 1059 prophetam
749 1014 856 1045 Sermo.

1199 1012 1249 1046 Et<
1265 1002 1311 1041 τὸν
1323 1010 1462 1052 προφήτην
1476 1010 1572 1040 Ἠλίαν
1587 1009 1680 1050 Λόγος.

304 1115 334 1143 1.
355 1111 513 1143 Judaeorum
526 1109 591 1140 olim
606 1107 724 1149 populus
737 1105 929 1147 prophetarum
943 1114 992 1150 pos
1001 1121 1008 1126 ·
1023 1106 1045 1131 A
1102 1102 1236 1143 Πρότερον
1251 1101 1299 1141 μὲν
1319 1103 1373 1131 τῶν
1386 1101 1521 1131 Ἰουδαίων
1532 1104 1546 1132 ὁ
1559 1101 1642 1140 δῆμος
1653 1103 1687 1142 τῇ
1700 1103 1753 1131 τῶν
1764 1111 1833 1141 προ-

265 1152 380 1183 sessione
393 1151 548 1186 ornabatur,
564 1155 674 1187 eratque
688 1147 735 1176 ille
757 1145 913 1186 prophetica
934 1154 1007 1184 agri-

265 1192 371 1222 cultura
380 1203 388 1229 ς
400 1200 472 1219 nunc
482 1196 570 1218 autem
580 1199 627 1228 per
636 1186 785 1217 Ecclesiam
794 1185 844 1214 hac
853 1185 911 1225 ipsa
923 1184 1009 1224 gloria

266 1231 388 1271 privatus
401 1236 450 1258 est.
465 1229 535 1258 Ecce
546 1237 662 1265 namque
674 1225 747 1265 apud
761 1235 809 1254 nos
838 1224 1010 1264 rophetarum

267 1281 381 1310 corpora
393 1275 465 1298 sunt.
481 1268 649 1297 Infructuoso
662 1266 733 1294 enim
748 1235 849 1304 popul'o
863 1273 915 1292 non
935 1273 1009 1292 com-

268 1310 392 1349 petebant
405 1318 454 1347 pro
474 1306 555 1335 hetici
565 1305 698 1344 agricolae,
713 1304 752 1333 eis
765 1313 859 1342 nempe
872 1312 926 1331 non
937 1312 1011 1331 com-

268 1348 375 1389 petebat
385 1357 455 1388 prop
476 1353 530 1375 etas
543 1343 688 1385 possidere,
697 1343 745 1382 qui
757 1352 830 1378 eum,
845 1342 893 1380 qui
906 1352 954 1381 per
967 1351 1012 1370 eos

268 1387 485 1428 prophetaverat,
507 1384 710 1419 crucifixerunt,
732 1382 760 1411 in
778 1383 891 1421 gratiam
909 1380 1012 1409 scilicet

270 1433 456 1463 mortuorum,
478 1434 546 1464 quos
562 1422 636 1463 apud
654 1422 717 1451 illos
741 1420 902 1456 suscitavit,
924 1425 1012 1448 caeco·-

273 1477 334 1496 rum
349 1476 417 1505 quos
435 1476 449 1494 a
470 1464 508 1493 ud
527 1463 589 1493 illos
608 1462 671 1492 visu
684 1460 812 1497 donavit,
825 1458 1013 1489 famelicorum

271 1516 339 1544 quos
352 1504 425 1546 apud
439 1505 447 1534 i
471 1514 501 1532 os
512 1503 599 1540 aluit;
614 1501 642 1530 in
662 1501 775 1541 gratiam
788 1499 853 1539 item
865 1498 1012 1535 violentiae,

272 1556 326 1584 qua
338 1551 450 1585 propter
460 1553 504 1573 eos
514 1542 704 1572 universorum
715 1539 847 1569 Dominus
861 1539 935 1568 Deus
948 1548 1014 1567 usus

273 1591 312 1614 est
324 1584 351 1614 in
363 1585 471 1613 beatum
485 1582 573 1611 Eliam
592 1580 763 1621 prophetam,
784 1585 814 1607 ut
826 1577 942 1607 solveret
953 1587 1014 1606 sen-

1062 1145 1152 1184 φητῶν
1166 1141 1362 1176 ἐκαλλωπίζετο
1372 1141 1480 1178 κτήσει,
1492 1141 1537 1171 καὶ
1555 1140 1716 1181 προφητικὸν
1730 1143 1834 1181 ὑπῆρχε

1061 1182 1188 1223 γεώργιον
1197 1193 1204 1200 ·
1215 1184 1260 1211 νῦν
1274 1182 1302 1211 δὲ
1315 1181 1361 1211 καὶ
1370 1180 1470 1216 ταύτην
1482 1180 1568 1217 αὐτὴν,
1574 1180 1648 1221 παρὰ
1657 1182 1706 1216 τῆς
1718 1180 1834 1216 Ἐκκλη-

1063 1222 1121 1255 σίας
1131 1221 1266 1262 ἄφῄρηται
1276 1220 1326 1256 τὴν
1337 1220 1476 1261 καύχησιν.
1487 1219 1556 1251 Ἰδοὺ
1629 1222 1681 1250 τῶν
1692 1221 1834 1260 προφητῶν

1063 1263 1126 1302 παρ’
1141 1264 1206 1300 ἡμῖν
1219 1261 1264 1291 καὶ
1277 1260 1312 1290 τὰ
1325 1259 1448 1298 σώματα.
1462 1261 1503 1290 Οὔ
1522 1259 1575 1300 γὰρ
1607 1271 1706 1300 πρεπον
1721 1259 1773 1289 dxci
1791 1271 1834 1300 πῳ

1062 1302 1120 1341 λαῷ
1140 1300 1298 1341 προφητικοὶ
1317 1299 1442 1339 γεωργοὶ,
1458 1301 1508 1340 οὔχ
1520 1299 1622 1339 ἥρμοσε
1639 1311 1748 1339 παρακα
1777 1310 1834 1339 χειν

1063 1340 1200 1380 προφήτας
1219 1344 1273 1373 τοῖς
1283 1338 1328 1368 τὸν
1341 1340 1375 1369 δι’
1387 1341 1473 1368 αὐτῶν
1487 1350 1538 1379 προ
1558 1338 1701 1374 ητευθέντα
1714 1337 1836 1378 σταυρώ-

1064 1391 1155 1414 σασιν,
1170 1379 1229 1409 ἀντὶ
1242 1381 1341 1418 νεκρῶν
1352 1378 1396 1411 οὓς
1416 1380 1479 1418 παρ’
1494 1380 1538 1407 ἐκε
1549 1390 1602 1411 νοις
1613 1378 1765 1414 ἀνέστησεν,
1777 1377 1836 1407 ἀντὶ

1064 1421 1169 1460 τυφλῶν
1185 1418 1229 1452 οὓς
1241 1419 1306 1458 παρ’
1324 1419 1412 1451 αὐτοῖς
1424 1417 1602 1457 ὠμμάτωσεν,
1615 1418 1675 1448 ἀντὶ
1686 1416 1836 1447 πεινώντων

1065 1459 1109 1492 οὓς
1129 1461 1191 1498 παρ’
1215 1457 1323 1491 ἐκείνοις
1344 1457 1494 1497 διέθρεψεν,
1515 1456 1573 1486 ἀντὶ
1592 1459 1641 1493 τῆς
1661 1457 1734 1496 βίας,
1754 1456 1786 1492 ἣν
1801 1457 1835 1486 δι’

1067 1497 1160 1532 αὐτοὺς
1173 1500 1187 1528 ὁ
1197 1499 1250 1527 τῶν
1264 1497 1331 1526 ὅλων
1342 1496 1480 1532 Δεσπότης
1490 1497 1559 1530 Θεὸς
1570 1498 1609 1535 τῷ
1622 1508 1695 1535 μακα
1714 1496 1744 1526 ίω
1755 1507 1838 1536 προσ-

1066 1538 1164 1578 ήγαγεν
1178 1537 1274 1576 Ἠλίᾳ,
1287 1537 1367 1566 λῦσαι
1386 1536 1435 1573 τὴν
1456 1538 1516 1565 κατ’
1538 1538 1625 1567 αὐτῶν
1648 1508 1780 1576 ἀπόφασιν
1793 1535 1838 1564 τὸν

1066 1577 1206 1618 προφήτην
1230 1575 1391 1616 βιαζόμενος.
1414 1575 1488 1615 Ἄγει
1507 1575 1559 1626 γ’ἄρ
1580 1587 1614 1615 με
1627 1575 1693 1616 πρὸς
1710 1575 1806 1605 Ἠλίαν
1825 1577 1840 1604 ὁ

272 1623 383 1653 tentiam
395 1629 486 1653 contra
499 1622 561 1651 illos
578 1620 670 1649 latam.
687 1618 730 1648 Ad
749 1618 858 1647 beatum
870 1616 960 1646 Eliam
973 1626 1016 1645 me
1032 1621 1050 1645 B
1067 1616 1209 1657 προλαὸὼν
1223 1614 1377 1651 παιδευτής.
1398 1614 1433 1645 Ὁ
1454 1626 1583 1655 μακαριος
1601 1614 1696 1648 Ἠλίας
1717 1615 1779 1644 ἰδὼν
1795 1614 1839 1644 τὸν

273 1663 349 1692 ducit
360 1662 383 1692 is
392 1663 439 1702 qui
451 1661 528 1702 prius
537 1670 585 1691 vos
596 1658 720 1688 instituit.
728 1658 825 1687 Beatus
837 1656 912 1687 Elias
922 1655 1017 1687 videns

274 1703 291 1733 J
293 1702 419 1733 uda‘icum
432 1701 565 1742 populum
582 1705 676 1729 contra
692 1698 848 1727 clementem
860 1697 949 1725 Deum
962 1705 1019 1724 sese

275 1742 438 1778 efferentem,
453 1743 594 1778 Deumque
612 1738 723 1767 illorum
741 1743 833 1766 contra
849 1745 887 1773 se,
899 1734 1020 1775 pervica-

275 1782 345 1811 ciam
356 1788 484 1826 perpetuo
497 1779 665 1813 tolerantem,
680 1776 747 1806 dum
758 1776 800 1804 illi
818 1776 878 1815 ejus
890 1773 1019 1814 patientia

276 1821 312 1850 ad
325 1821 461 1860 ignaviam
473 1830 528 1850 sem
549 1829 578 1847 er
597 1823 745 1853 uterentur,
761 1813 919 1854 hujusmodi
932 1813 1020 1853 quid-

278 1860 351 1900 piam
365 1860 498 1898 excogitat
511 1869 526 1887 a
546 1867 640 1887 versus
652 1855 704 1885 Dei
716 1865 778 1894 erga
796 1855 858 1883 illos
873 1853 1022 1893 benignita-

278 1906 332 1929 tem
338 1911 347 1937 ;
369 1899 526 1928 sententiam
544 1897 596 1926 fert
615 1895 643 1924 in
663 1905 718 1924 eos.
734 1893 849 1930 Deinde,
861 1904 924 1923 cum
942 1893 1022 1922 sciret

278 1940 368 1968 Deum
373 1940 510 1978 justorum
517 1936 606 1966 zelum
618 1933 744 1970 revereri,
751 1944 814 1963 cum
824 1933 904 1963 vellet
912 1933 930 1963 J
932 1931 1022 1962 udaeos

280 1979 418 2017 castigare,
432 1984 605 2014 metuensque
618 1973 668 2003 Dei
679 1973 882 2012 benignitatem,
897 1982 956 2011 quae
968 1981 1024 2000 mo-

281 2017 350 2046 dicis
364 2017 489 2056 lacrymis
506 2015 596 2045 statim
614 2012 744 2042 medelam
758 2012 894 2049 admovet,
915 2010 1024 2051 suppli-

281 2057 356 2086 cium
369 2063 459 2085 contra
470 2055 533 2084 illos
544 2053 672 2088 decernit,
685 2051 758 2090 quod
769 2053 953 2091 etjuramento
962 2059 1025 2080 con-

282 2095 382 2132 firmat,
395 2102 426 2124 ut
436 2095 618 2133 juramentum
630 2091 760 2121 reveritus
772 2092 855 2127 Deus,
869 2090 945 2119 illam
958 2099 1024 2119 con-

284 2142 324 2165 tra
334 2135 405 2175 ipsos
416 2133 571 2163 sententiam
581 2141 632 2160 non
645 2131 920 2170 solveret.Benignus‚
929 2129 1024 2164 aiebat,

284 2184 347 2213 erga
360 2174 422 2203 illos
435 2179 474 2202 est
490 2174 575 2207 Deus,
591 2178 618 2200 et
631 2169 743 2199 modieis
764 2169 892 2209 lacrymis
904 2169 1026 2208 placatur

285 2214 321 2243 ab
338 2213 416 2254 ipsis,
440 2211 469 2241 id
481 2211 555 2251 quod
574 2210 635 2239 illos
656 2208 691 2238 ad
711 2208 891 2238 idololatriam
904 2208 1023 2238 deducit.

289 2253 368 2282 Vivit
386 2254 543 2287 Dominus,
566 2249 665 2288 inquit,
688 2259 746 2277 non.
766 2255 851 2278 erunt
868 2258 920 2286 per
933 2257 1027 2279 annos

287 2294 355 2322 istos
366 2303 417 2321 ros
430 2298 458 2320 et
470 2291 581 2330 pluvia.
595 2288 709 2324 Deinde,
722 2288 799 2325 quasi
812 2289 886 2316 Deus
897 2287 948 2327 ipsi
962 2297 1028 2316 con—

288 2339 328 2361 tra
342 2331 513 2371 responderet
529 2342 535 2358 :
549 2327 623 2366 Quid
637 2337 712 2366 ergo,
728 2327 750 2355 si
765 2326 806 2355 illi
823 2326 892 2355 mihi
906 2337 954 2366 pei·
967 2337 1028 2365 poe-

289 2372 427 2401 nitentiam
441 2369 660 2402 adblandiantm,
676 2377 692 2395 o
712 2366 785 2402 Elia,
810 2365 832 2394 si
847 2365 909 2394 illos
923 2365 1029 2395 videam

290 2412 477 2451 lacrymantes,
492 2409 515 2438 si
528 2406 687 2468 defoecatis
695 2405 862 2446 poenitentes,
872 2415 959 2433 annon
975 2412 1030 2434 sta-

291 2451 339 2479 tim
355 2450 478 2490 pluviam
490 2448 575 2477 dabo.
601 2447 682 2480 Non,
706 2445 781 2474 vivit
804 2445 959 2480 Dominus,
977 2445 1033 2473 nisi

290 2501 342 2528 per
353 2501 383 2519 os
393 2499 496 2518 meum.
510 2488 592 2523 Non,
607 2487 683 2515 ὐἱνὶι
694 2485 850 2514 Dominus.
862 2484 919 2519 Illi,
931 2483 1030 2521 inquit,

295 2529 374 2558 idolis
394 2540 422 2558 se
445 2527 625 2561 addixerunt3
647 2534 696 2563 ego
717 2534 781 2553 vero
805 2533 852 2563 per
878 2530 951 2552 tuam
969 2524 1032 2563 juro

293 2569 428 2598 deitatem.
442 2566 558 2597 Ostende
570 2565 635 2595 mihi
644 2565 826 2605 juramentum
837 2573 885 2602 per
898 2570 923 2592 te
935 2562 1033 2591 factum

295 2611 471 2650 praevalidum
485 2621 552 2649 csse,
564 2617 595 2639 ut
605 2609 684 2639 ctiam
707 2618 755 2648 per
765 2608 817 2637 hoc
829 2606 934 2636 discant
948 2605 1033 2635 idolo-

1042 2176 1060 2200 ca

1067 1658 1121 1686 τῶν
1135 1656 1268 1686 Ἰουδαίων
1289 1655 1352 1684 λαὸν
1374 1657 1422 1691 τῆς
1442 1658 1488 1684 τοῦ
1508 1656 1579 1684 Θεοῦ
1607 1656 1845 1695 καταστρηνιῶντα

1071 1695 1282 1736 φιλανθρωπίας,
1295 1693 1341 1724 καὶ
1354 1695 1399 1724 τὸν
1413 1694 1460 1733 μὲν
1473 1694 1542 1724 Θεὸν
1561 1697 1608 1731 τῆς
1621 1694 1728 1724 ἐκείνων
1742 1697 1842 1733 θεομα-

1071 1736 1133 1776 χίας
1148 1735 1306 1775 ἀνεχόμενον
1318 1735 1453 1770 διηνεκῶς,
1463 1734 1577 1768 ἐκείνους
1588 1733 1616 1764 δὲ
1627 1736 1660 1770 τῆ
1673 1733 1842 1774 μακροθυμία
1863 1733 1872 1738 ’

1071 1776 1137 1816 πρὸς
1156 1774 1284 1816 ῥᾳθυμίαν
1306 1773 1571 1814 παιδοτριὸουμένους
1592 1766 1653 1810 ἀεὶ,Ι
1669 1774 1685 1790 *
1696 1774 1793 1803 ἐπινοεῖ
1816 1763 1844 1802 τί

1072 1818 1189 1844 τοιοῦτον
1203 1814 1272 1844 κατὰ
1285 1815 1333 1848 τῆς
1346 1816 1391 1843 τοῦ
1405 1814 1476 1843 Θεοῦ
1486 1813 1548 1853 περὶ
1559 1812 1653 1847 αὐτοὺς
1666 1813 1828 1852 ἀγαθότητος
1836 1823 1844 1830 ·

1074 1854 1247 1894 ἀποφαίνεται
1261 1855 1320 1883 κατ’
1336 1854 1434 1882 αὗτῶν.
1450 1848 1518 1882 Εἶτα
1532 1852 1606 1886 εἰδὼς
1623 1852 1664 1882 ὅτι
1678 1853 1722 1882 τὸν
1735 1854 1788 1882 τῶν
1802 1852 1847 1882 δι-

1074 1894 1156 1924 καίων
1170 1895 1246 1930 ζῆλον
1261 1893 1422 1922 δυσωπεῖται
1437 1893 1521 1929 Θεὸς,
1534 1892 1691 1932 βουλόμενος
1704 1891 1765 1926 τοὺς
1776 1892 1845 1921 Ἰου-

1076 1934 1163 1967 δαίους
1175 1933 1297 1968 κολάσαι,
1308 1932 1353 1962 καὶ
1365 1931 1524 1972 φοὸούμενος
1534 1932 1582 1968 τὴν
1595 1931 1666 1962 θείαν
1675 1931 1847 1972 χρηστότητα

1077 1978 1181 2014 μικροῖς
1195 1972 1319 2011 δάκρυσιν
1340 1971 1414 2005 εὐθὺς
1436 1975 1564 2011 θεραπευο
1572 1971 1661 2007 ιένην,
1674 1970 1848 2011 ἀποφαίνεται

1076 2015 1136 2043 κατ’
1152 2014 1238 2042 αὐτῶν
1251 2011 1392 2051 τιμωρίαν,
1405 2011 1450 2041 καὶΙ
1461 2011 1478 2040 δ’
1492 2023 1531 2051 κῳ
1579 2022 1593 2040 ν
1606 2010 1736 2051 τιμωρία
1748 2011 1848 2049 δεσμεῖ,

1077 2052 1121 2081 ἵνα
1131 2052 1175 2081 τὸν
1190 2051 1266 2091 ὅρκον
1281 2051 1349 2084 Θεὸς
1362 2051 1562 2089 δυσωπουμενος
1571 2072 1579 2087 ,
1592 2050 1632 2088 μὴ
1646 2050 1714 2086 λύση
1727 2050 1776 2085 τὴν
1788 2050 1846 2079 κατ’

1078 2091 1184 2121 ἐκείνων
1196 2090 1337 2130 ἀπόφασιν.
1346 2089 1462 2129 Ἀγαθὸς,
1475 2089 1549 2130 φησὶ,
1562 2085 1626 2129 περῖ
1637 2082 1730 2122 αὔτοὸς
1743 2091 1757 2118 ὁ
1767 2087 1847 2124 Θεὸς,

1079 2131 1125 2161 καὶ
1140 2135 1242 2170 μικροῖς
1256 2131 1319 2169 παρ’
1333 2130 1419 2158 αὐτῶν
1433 2129 1605 2169 θεραπεύεται
1622 2128 1747 2169 δάκρυσι,
1765 2132 1850 2157 ταῦτα

1081 2171 1108 2200 δὲ
1119 2170 1226 2203 τούτους
1235 2171 1272 2202 εἷς
1281 2169 1497 2209 εἶδωλολοιτρείαν
1507 2168 1680 2207 παιδστριῧεῖ.
1693 2170 1733 2203 Ζῆ
1744 2167 1784 2197 Κύ
1805 2179 1850 2203 ιος,

1081 2211 1170 2251 φησὶν,
1182 2211 1230 2239 οὒκ
1243 2209 1318 2238 ἔσται
1331 2209 1365 2238 τὰ
1375 2209 1420 2244 ἔτι]
1433 2211 1517 2238 ταῦτα
1527 2207 1617 2247 δρόσος
1627 2208 1672 2237 καὶ
1681 2201 1762 2241 ὓετός.
1774 2179 1851 2243 ἐῖτα,

1081 2252 1117 2283 ὣς
1138 2253 1184 2279 τοῦ
1207 2250 1277 2279 Θεοῦ
1299 2248 1364 2288 πρὸς
1387 2249 1464 2278 αὐτὸν
1484 2247 1718 2288 ἀντιφθεγγομένου
1728 2260 1735 2266 ·
1756 2247 1782 2276 τί
1795 2243 1851 2283 οὖν,

1083 2290 1114 2319 ἂν
1128 2290 1278 2319 κολακευθῶ
1292 2290 1354 2328 παρ’
1371 2288 1476 2317 ἐκείνων
1491 2287 1534 2317 ’διὰ
1546 2287 1700 2327 μετανοίας,
1713 2286 1808 2322 Ἠλία,
1821 2286 1853 2315 ἂν

1085 2328 1185 2368 δάκρυα
1202 2329 1397 2369 προσφέροντας
1418 2327 1530 2361 ἐκείνους
1544 2327 1690 2366 θεάσωμαι,
1705 2327 1737 2355 ἂν
1751 2325 1794 2355 ἐπὶ
1807 2325 1854 2358 τὰς

1084 2371 1162 2407 πλημ
1197 2368 1268 2401 λείας
1280 2371 1477 2407 μετανοοῦντας,
1486 2367 1560 2400 εὐθὺς
1571 2366 1608 2405 μὴ
1619 2365 1696 2395 δώσω
1704 2364 1792 2401 ὑετόν,
1801 2364 1853 2400 Ob,

1085 2410 1116 2448 ζῇ
1129 2410 1238 2448 Κυριος,
1254 2409 1277 2437 εἷ
1291 2407 1328 2446 μὴ
1345 2407 1388 2436 διὰ
1401 2405 1531 2446 στόματός
1545 2418 1604 2445 μου.
1621 2404 1663 2434 Ob
1673 2427 1680 2441 ,
1695 2406 1727 2440 ζῆ
1748 2404 1854 2444 Κύριος.

1086 2448 1211 2483 Ἐκεῖνοι,
1226 2447 1322 2488 φησὶν,
1337 2444 1452 2479 εἰδώλοις
1470 2446 1665 2486 προσήλωνται,
1681 2438 1733 2483 ἐγὼ
1745 2443 1772 2473 δὲ
1785 2443 1856 2473 κατὰ

1086 2491 1133 2523 τῆς
1148 2489 1196 2522 σῆς
1209 2487 1298 2526 ὀμνύω
1317 2486 1447 2521 θεότητος.
1469 2484 1558 2518 Δεῖξόν
1581 2496 1630 2523 μου
1652 2483 1697 2513 τὸν
1720 2483 1796 2524 ὅρκον
1811 2483 1854 2513 τὸν

1088 2527 1155 2556 κατὰ
1170 2531 1216 2556 σοῦ
1229 2526 1345 2561 δυνατὸν,
1356 2525 1400 2554 ἵνα
1413 2525 1459 2554 καὶ
1472 2525 1515 2553 διὰ
1524 2523 1616 2553 τούτου
1630 2523 1733 2562 μάθωσι
1745 2522 1794 2559 τὴν
1803 2524 1856 2551 τῶν

1089 2566 1200 2595 εἰδώλων
1214 2565 1358 2595 ἀσθένειαν.
1374 2564 1430 2601 Ob,
1442 2566 1473 2604 ζῇ
1489 2563 1584 2604 Κύριος
1593 2585 1602 2599 ,
1621 2564 1668 2592 οὐκ
1681 2563 1765 2597 ἔσται,
1778 2562 1855 2602 φησὶ,

1088 2605 1122 2634 τὰ
1135 2605 1181 2642 ἔτη
1196 2608 1279 2634 ταῦτα
1291 2605 1381 2645 δρόσος
1395 2603 1439 2634 καὶ
1456 2603 1543 2640 ὑετὸς,
1556 2604 1579 2632 εἰ
1592 2602 1630 2642 μὴ
1647 2602 1689 2632 διὰ
1702 2602 1780 2640 λόγου
1795 2601 1856 2631 στό-
