1904 2840
618 232 1162 311 DIATRIBA

335 417 453 474 AD
507 366 732 477 opus
784 415 1436 477 IMPERFECTUM

701 582 750 619 IN
774 552 1081 626 MATTHAEUM,

487 730 579 763 QUOD
604 729 836 753 CHRYSOSTOMI
863 729 994 752 NOMINE
1020 728 1288 752 CIRCUMFERTUR.

147 867 228 896 Hunc
249 864 352 895 libnun
375 864 404 894 in
422 864 476 893 fine
498 863 611 904 hujusce
629 863 709 892 Tomi
730 863 797 893 sexti
812 863 950 903 publicare
972 864 1171 904 compellimur,
1190 864 1254 903 quia
1271 874 1404 903 sequens,
1423 874 1518 905 nempe
1541 865 1670 905 septimus

107 912 222 949 Tomus,
237 921 331 940 verum
348 909 532 950 chrysostomi
553 909 582 938 in
603 909 762 939 Matthaenm
786 908 1013 938 Commentarium
1034 909 1231 948 complectitur,
1247 909 1294 949 qui
1309 920 1389 940 verus
1410 910 1621 940 Commentarius
1634 910 1670 939 ita

107 958 215 998 amplus
227 965 277 992 est,
291 957 340 988 vix
353 963 383 986 ut
396 956 479 997 possit
497 966 552 986 uno
565 955 594 985 in
606 955 744 985 volumine
763 954 954 994 comprehendi
968 961 1050 983 totus.
1065 955 1246 992 Quamobrem
1261 966 1304 992 ne,
1320 955 1391 995 quod
1405 955 1537 985 Morellus
1549 956 1623 993 fecit,
1643 956 1670 984 in

107 1012 231 1035 octavum
251 1006 379 1041 Tomum,
394 1010 455 1033 ante
476 1003 706 1033 Commentarium
726 1003 754 1032 in
775 1003 916 1038 Jozmnem,
932 1002 983 1031 hoc
999 1001 1185 1040 imperfectum
1199 1003 1277 1042 Opus
1296 1002 1440 1032 amandare
1452 1013 1590 1042 cogamur,
1609 1013 1624 1031 e
1643 1013 1672 1031 re

107 1051 261 1092 putavimus
280 1051 348 1087 fore,
373 1050 395 1080 si
409 1050 490 1079 illum
513 1049 541 1078 in
557 1050 610 1078 fine
628 1049 710 1088 hujus
724 1048 792 1078 sexti
802 1048 885 1078 Tomi
898 1048 1056 1077 locaremus.
1079 1047 1158 1077 Nacti
1181 1059 1274 1078 sumus
1287 1049 1414 1079 Codicem
1432 1048 1672 1079 Carthusianorum

107 1097 198 1127 Vallis
209 1097 270 1134 Dei,
284 1107 364 1135 quem
375 1102 469 1136 sponte
479 1106 528 1124 sua
542 1095 675 1125 obtulerat
688 1094 756 1124 mihi
769 1096 805 1124 D.
817 1095 988 1124 Innocentius
1001 1096 1039 1124 Le
1050 1094 1153 1123 Tellier
1165 1095 1285 1134 ejusdem
1294 1095 1441 1126 Carthusiae
1451 1095 1541 1132 Prior,
1555 1105 1609 1134 quo
1619 1105 1672 1123 non

107 1142 144 1172 ita
158 1142 264 1183 pridem
280 1143 405 1172 defuncto
424 1143 483 1182 ejus
495 1152 632 1171 successor
648 1142 684 1171 D.
704 1142 819 1171 Joannes
832 1140 950 1180 Baptista
964 1141 1103 1180 Soucanye
1118 1141 1318 1180 perhumaniter
1331 1141 1389 1180 ejus
1403 1140 1471 1170 milii
1481 1141 1586 1181 copiam
1598 1141 1671 1170 fecit.

106 1187 167 1218 Etsi
176 1199 258 1228 porro
268 1187 361 1218 Codex
373 1197 427 1216 non
442 1194 520 1217 tantae
533 1186 568 1216 sit
579 1187 719 1218 vetustatis
730 1209 737 1224 ‚
752 1193 792 1216 est
804 1193 892 1215 tamen
903 1193 1026 1215 accurate
1039 1185 1206 1226 descriptus‘,
1220 1187 1352 1226 nobisque
1364 1187 1511 1217 admodum
1522 1187 1597 1216 utilis
1609 1187 1669 1216 fuit.

146 1234 286 1273 Ingentem
297 1233 539 1263 controversiarum
561 1244 652 1263 ansam
665 1233 741 1263 dedit
758 1233 804 1263 hic
817 1232 1031 1262 Commentarius
1042 1255 1050 1270 ,
1065 1243 1145 1271 quem
1165 1232 1266 1262 idcirco
1279 1239 1374 1263 vocant
1388 1233 1466 1272 Opus
1485 1233 1671 1273 imperfectum

108 1278 136 1307 in
150 1279 324 1317 Matthaeum,
336 1279 398 1319 quia
410 1290 463 1309 non
475 1286 516 1308 est
527 1279 624 1320 plenus
635 1279 820 1319 perfectusque
831 1278 1036 1308 commentarius
1047 1290 1057 1318 5
1070 1278 1117 1307 sed
1129 1279 1213 1308 multa
1228 1279 1414 1309 desiderantur
1426 1280 1455 1308 in
1469 1279 1557 1309 medio
1572 1286 1598 1308 et
1607 1279 1671 1311 fine.

108 1325 283 1366 Disputatum
294 1333 383 1356 autem
402 1333 442 1355 est
459 1325 608 1366 praecipue,
622 1335 657 1354 au
677 1336 740 1356 vere
752 1324 936 1366 Chrysostomi
949 1331 1019 1354 esset
1030 1347 1039 1362 ‚
1064 1335 1147 1354 necne
1163 1337 1170 1354 ε
1185 1332 1211 1355 et
1224 1333 1258 1355 an
1271 1326 1317 1356 hic
1337 1326 1461 1365 quisquis
1474 1326 1510 1355 sit
1521 1326 1655 1365 interpres
1666 1349 1674 1362 ,

107 1371 266 1409 catholicus,
279 1383 313 1401 an
327 1372 479 1409 haereticus,
501 1372 651 1402 Arianusve
671 1378 748 1402 esset.
770 1372 809 1402 Ea
829 1379 918 1402 autem
932 1371 966 1401 de
986 1382 1016 1401 re
1033 1371 1084 1402 hoc
1097 1372 1174 1402 nohis
1187 1372 1321 1412 agendum
1334 1372 1486 1408 incumbit;
1506 1372 1675 1402 referendum

107 1426 212 1457 nempe,
226 1418 294 1457 quid
307 1419 434 1448 Erasmus
443 1417 477 1448 de
489 1418 641 1458 hocrOpere
653 1418 774 1455 senserit,
787 1418 854 1458 quid
866 1419 981 1448 Joannes
993 1418 1135 1448 Mahusius
1147 1429 1182 1448 ex
1195 1418 1290 1448 ordine
1303 1419 1429 1448 Fratrum
1442 1419 1592 1455 Minoi-um,
1608 1418 1675 1458 quid

106 1463 200 1494 Sixtus
213 1466 346 1504 Senensis,
365 1466 510 1503 Batonius,
522 1465 723 1495 Tillemontius.
739 1465 844 1495 Deinde
855 1465 1020 1504 disquiretur
1031 1476 1064 1495 an
1075 1466 1120 1495 hic
1131 1466 1254 1505 quisquis
1265 1466 1301 1495 sit
1311 1466 1425 1506 scriptor
1436 1466 1520 1507 possit
1533 1466 1567 1498 ab
1580 1466 1674 1498 haeresi

109 1511 218 1550 purgari
234 1525 241 1541 ι
257 1522 290 1541 an
302 1512 337 1541 sit
347 1512 564 1552 chrysostomus,
576 1522 657 1541 necne
674 1524 680 1539 ε
696 1511 730 1540 de
742 1518 860 1551 tempore
876 1521 984 1550 quoque
996 1517 1101 1550 agetur,
1119 1511 1153 1540 de
1167 1511 1248 1552 stylo,
1269 1519 1295 1540 et
1309 1511 1343 1540 de
1363 1511 1526 1552 apocryphis
1544 1511 1622 1540 libris
1639 1512 1674 1539 ab

108 1561 168 1600 ipso
179 1558 306 1594 laudatis,
320 1564 370 1587 etc.
384 1558 475 1587 Primo
492 1564 581 1586 autem
595 1557 703 1587 Erasmi
714 1557 765 1586 hac
781 1557 816 1586 de
829 1569 857 1586 re
867 1556 1001 1596 judicium
1018 1557 1166 1594 afferimus,
1181 1557 1261 1595 quale
1275 1557 1388 1586 habetur
1401 1556 1427 1585 in
1443 1557 1569 1586 Editione
1582 1556 1672 1595 Chry-

108 1606 217 1635 sostomi
230 1603 374 1635 Basileensi
384 1604 447 1632 anni
459 1604 548 1640 1530,
562 1604 648 1632 Temo
660 1602 749 1640 tertio,
762 1614 791 1644 p.
802 1604 875 1640 475,
886 1602 933 1633 ubi
945 1602 1124 1642 quorumdam
1137 1603 1228 1640 etiam,
1240 1603 1288 1642 qui
1304 1609 1500 1642 praecesserant,
1517 1602 1672 1633 sententiani

110 1653 199 1682 refert.

855 1748 883 1788 §-
906 1749 930 1777 1.

453 1854 570 1883 Erasmi
585 1854 681 1893 opinio
697 1854 776 1882 cirea
790 1853 868 1892 Opus
886 1852 1085 1896 imperfectum
1098 1855 1130 1882 in
1146 1854 1330 1883 Mauhoeum.

151 1971 167 1987 ι
188 1958 314 1990 Primum·
324 1957 399 1987 nulla
412 1956 546 1986 dubitatio
559 1963 609 1993 est,
624 1956 676 1985 hoc
688 1966 756 1996 opus
769 1965 822 1986 non
841 1966 898 1985 csse
911 1955 1105 1996 chrysostomi,
1119 1956 1192 1995 quod
1206 1957 1332 1996 quoniam
1345 1958 1471 1988 hactenus
1493 1958 1568 1988 illius
1589 1961 1669 1995 titulo

113 2020 127 2035 n
149 2007 299 2045 frequenter
315 2014 445 2034 excusum
458 2010 507 2039 est,
522 2002 659 2032 noluimus
673 2003 882 2043 praetermittere,
896 2003 1044 2042 praesertim
1056 2013 1118 2032 cum
1131 2002 1166 2032 sit
1178 2002 1295 2032 hominis
1308 2004 1409 2034 eruditi
1427 2013 1452 2035 et
1472 2006 1580 2036 facundi
1599 2015 1625 2037 et
1642 2009 1668 2038 in

114 2068 127 2081 n
148 2052 249 2084 divinis
263 2052 348 2082 literis
370 2051 409 2081 sic
420 2050 568 2087 exercitati,
583 2057 613 2079 ut
627 2061 684 2079 mea
698 2050 806 2089 quidem
827 2050 954 2079 sententia
967 2050 1017 2080 hac
1030 2050 1059 2078 in
1080 2057 1155 2089 parte
1167 2060 1220 2093 non
1234 2051 1309 2081 cedat
1322 2053 1524 2093 Chrysostomo.
1540 2055 1670 2096 Suspicor

113 2112 128 2127 ι»
149 2099 230 2129 illum
241 2098 336 2129 Latine
348 2096 497 2137 scripsisse,
511 2095 575 2125 licet
587 2103 613 2125 et
622 2097 716 2126 Graece
729 2095 845 2126 noverit.
857 2094 962 2132 Sermo,
975 2095 1049 2135 quod
1059 2095 1092 2125 ad
1104 2106 1181 2126 voces
1195 2097 1298 2135 attinet,
1311 2098 1435 2139 impurus
1446 2107 1495 2130 est.
1507 2101 1534 2131 Is
1546 2109 1604 2131 tum
1613 2109 1668 2132 erat

112 2156 128 2173 n
149 2144 237 2184 stylus
249 2142 453 2178 ecclesiasticus,
464 2148 490 2171 et
502 2141 604 2182 populo
615 2148 643 2171 ut
655 2141 816 2179 communis,
828 2141 864 2171 ita
877 2148 978 2181 gratus.
995 2143 1098 2171 Caetera
1110 2148 1171 2171 sunt
1178 2141 1294 2173 hominis
1304 2143 1408 2174 diserti.
1424 2147 1517 2185 Itaque
1531 2147 1668 2187 piaculum

112 2204 127 2219 ιι
147 2191 251 2227 suisset,
265 2189 288 2219 si
300 2189 353 2218 hoc
365 2199 433 2228 opus
445 2188 633 2226 intercidisset,
646 2188 720 2227 quod
733 2188 858 2218 tamenin
873 2188 985 2218 vetustis
994 2188 1193 2228 exemplaribus
1209 2196 1235 2219 ct
1245 2190 1351 2221 varium
1363 2192 1490 2223 hactenus
1503 2194 1662 2232 habebatur,

112 2249 127 2265 n
149 2246 197 2266 nee
207 2246 262 2265 uno
272 2234 353 2264 modo
363 2234 500 2263 mutilum.
513 2234 574 2264 Nos
584 2234 735 2274 proximam
748 2234 913 2270 Editionem,
927 2244 987 2273 quae
999 2234 1052 2264 fuit
1063 2235 1173 2275 optima,
1183 2236 1289 2275 sequuti
1300 2248 1404 2274 sumus,
1419 2239 1465 2268 sed
1479 2251 1541 2269 cum
1555 2243 1665 2271 vetustis

112 2295 127 2312 a
149 2280 349 2322 exemplaribus
367 2279 502 2309 collatam.
529 2281 598 2317 Quis
616 2280 697 2310 fuerit
722 2287 825 2317 auctor,
844 2281 977 2319 quibusve
1004 2281 1169 2321 temporibus
1192 2282 1309 2321 vixerit,
1330 2283 1453 2315 divinare
1482 2286 1551 2315 nihil
1574 2288 1662 2317 refert.

111 2341 127 2356 n
150 2329 213 2368 lpse
233 2333 345 2356 testatur
357 2335 385 2354 sc
407 2324 562 2364 scripsisse,
578 2333 750 2365 posteaquam
768 2326 906 2363 Ecclesia,
919 2326 970 2355 sub
993 2326 1152 2357 Christianis
1171 2329 1340 2366 Caesaribus,
1354 2330 1500 2360 innumeris
1520 2332 1664 2361 haeresibus

111 2386 126 2402 n
149 2379 340 2404 concuteretur.
358 2372 490 2401 Caeterum
513 2377 691 2410 praeterquam
708 2371 782 2410 quod
802 2371 937 2401 interdum
951 2372 979 2402 in
995 2373 1151 2403 enarrandis
1169 2375 1316 2414 Scripturis
1330 2376 1408 2405 habet
1432 2387 1484 2405 non
1507 2377 1574 2405 nihil
1595 2378 1662 2407 Ori-

111 2431 126 2446 »
149 2419 246 2459 genicae
266 2416 406 2453 libertatis,
428 2415 553 2455 inspersae
579 2422 641 2445 sunt
660 2416 763 2455 aliquot
778 2417 923 2455 sententiae,
938 2428 1000 2457 quoe
1018 2429 1071 2449 non
1091 2420 1207 2450 multum
1229 2421 1373 2450 abhorrent
1385 2432 1400 2450 a
1414 2421 1584 2460 dogmatibus
1608 2423 1662 2452 im-

112 2478 127 2494 »
147 2465 277 2505 probatis.
292 2465 415 2500 Quarum
428 2461 530 2501 aliquot
543 2461 666 2492 indicabo
679 2463 783 2501 lectori,
802 2474 856 2503 quo
870 2466 904 2494 sit
916 2465 945 2495 in
961 2465 1073 2506 legendo
1087 2468 1201 2497 cautior.
1216 2468 1276 2497 Non
1291 2474 1353 2497 sunt
1367 2467 1496 2504 homiliae,
1514 2467 1561 2496 sed
1574 2470 1662 2498 nescio

112 2524 127 2539 n
149 2511 211 2550 quis
229 2511 264 2540 ita
282 2509 409 2540 dissecuit
426 2520 504 2549 opus.
607 2509 725 2539 Homilia
742 2511 772 2547 1,
797 2511 871 2550 quod
888 2512 1013 2552 legimus,
1033 2513 1156 2552 Spiritus
1169 2520 1287 2543 sanctus
1309 2515 1490 2552 superveniet
1511 2515 1542 2542 in
1556 2520 1595 2550 te,
1603 2517 1664 2546 vult

111 2571 126 2586 η
149 2557 262 2596 intelligi
273 2556 307 2586 de
319 2556 438 2591 Christo,
450 2565 501 2584 non
513 2554 547 2585 dc
559 2555 693 2586 paracleto
706 2569 713 2585 ε
729 2567 889 2597 quamquam
901 2559 976 2588 locus
989 2559 1056 2588 mihi
1070 2559 1179 2590 videtur
1191 2566 1341 2597 corruptus.
1465 2558 1578 2596 Eadem,
1594 2562 1663 2590 Non

110 2615 125 2630 n
147 2602 282 2635 cooenovit
304 2611 380 2637 eam,
397 2600 426 2630 id
439 2606 489 2638 est,
509 2610 561 2630 non
580 2601 703 2640 cognovit
717 2602 791 2632 illius
804 2602 960 2644 dignitatem
973 2611 1033 2634 ante
1045 2611 1163 2644 partum,
1179 2610 1239 2643 post
1253 2610 1358 2643 partum
1373 2604 1496 2643 cognovit
1510 2605 1585 2635 illius
1596 2608 1662 2637 emi-
