1890 2826
238 183 310 228 364
819 193 977 216 nia-ruina
1004 193 1036 216 m
1064 193 1239 217 emersus.

234 255 343 298 pristini
359 265 439 287 tenax
459 255 602 297 propositi,
614 264 648 285 ne
664 261 782 295 tempore
799 254 909 294 quidem
930 254 1074 285 Justiniani
1095 254 1268 296 Imperatoris
1289 254 1349 284 illas
1365 253 1455 284 adhuc
1473 254 1646 295 adoptaverat
1652 267 1661 294 ;
1684 255 1712 285 id
1730 254 1806 294 quod

234 305 365 344 Syrorum
378 303 521 344 proprium
535 309 602 340 erat,
615 308 645 332 ut
662 301 743 332 modo
760 301 924 331 videbimus.

276 353 359 390 Quod
372 359 461 382 autem
475 350 596 381 Ecclesia
612 349 777 379 Antiochena
792 348 936 379 secundam
949 355 975 378 et
988 348 1095 379 tertiam
1109 349 1221 380 Joannis
1235 359 1288 379 non
1302 349 1441 389 reciperet,
1455 348 1484 379 id
1498 348 1602 389 liquido
1615 350 1807 390 comprobatur

236 411 269 429 ex
280 399 400 429 Homilia
410 409 475 428 mox
486 397 600 435 edenda,
615 407 696 436 quam
709 397 785 437 prior
798 396 949 437 publicavit
960 396 1072 426 Joannis
1088 396 1276 437 Chrysostomi
1291 396 1399 425 nomine
1412 396 1577 432 Cotelerius‚
1592 406 1726 435 quamque
1738 406 1803 436 pro-

234 447 330 476 bamus
342 446 369 475 in
383 445 488 475 Monito
501 444 571 474 infra
583 454 638 474 non
649 442 835 484 Chrysostomi
847 453 914 480 esse,
928 441 975 472 sed
988 441 1128 482 cujusdam
1143 442 1292 483 presbyteri
1306 442 1466 472 Antiocheni
1477 442 1554 472 illius
1567 442 1618 472 aevi
1631 453 1722 472 eoram
1736 442 1801 472 Fla-

234 493 314 522 viano
324 492 449 532 episcopo
462 490 653 521 concionantis.
669 490 702 519 In
713 489 763 519 hac
775 489 861 528 igitur
874 488 1004 525 Humilia,
1019 498 1095 517 num.
1111 489 1142 526 6,
1156 488 1191 518 de
1200 488 1311 519 Joannis
1323 488 1494 527 evangelistae
1507 487 1630 528 Epistola
1644 486 1761 517 secunda
1777 494 1804 517 et

234 538 310 568 tertia
329 539 386 567 haec
399 537 545 567 dicuntur:
559 536 636 569 αὐτὸς
652 537 750 569 ἐκεῖνος
761 537 776 565 ὁ
788 534 885 575 κῆρυξ,
898 536 913 564 ὁ
927 537 1011 564 ταῦτα
1029 533 1156 574 κηρύξας,
1171 534 1247 568 αὐτὸς
1261 535 1288 564 ἐν
1303 537 1336 575 τῇ
1351 534 1498 575 Ἐπιστολῇ
1517 537 1551 575 τῇ
1571 536 1664 564 ἑαυτοῦ
1677 533 1785 574 γράφων
1795 546 1802 552 ·

236 587 288 614 τῶν
302 584 329 614 δὲ
343 583 597 623 ἐκκλησιαζομένων,
611 583 640 612 οὗ
654 584 706 612 τῶν
719 581 878 622 ἀποκρύφων
893 585 941 620 μὲν
959 583 976 616 ἡ
994 580 1087 621 πρώτη
1100 580 1320 617 Ἐπιστολή·τὴν
1333 580 1385 621 γὰρ
1400 580 1523 621 δευτέραν
1535 580 1580 611 καὶ
1600 581 1692 622 τρίτην
1713 581 1737 610 οἱ
1750 592 1803 609 πα-

235 632 308 672 τέρες
329 631 557 665 ἀποκανονίζουσι·
572 630 620 667 τὴν
640 629 729 670 μέντοι
744 629 853 670 πρώτην
870 628 1032 664 Ἐπιστολὴν
1049 629 1162 662 ἅπαντες
1174 623 1241 657 εἶναι
1252 627 1385 667 Ἰωάννου,
1401 629 1547 669 συμφώνως
1560 627 1737 669 ἀπεφήναντο.
1746 628 1804 657 Hoc

233 686 272 708 est
287 692 292 708 :
309 679 391 709 Idem
403 678 454 707 ille
463 687 570 718 praeco,
586 679 637 718 qui
654 678 715 707 hoec
723 677 906 716 praedicavit,
922 677 955 704 in
967 675 1107 715 Epistola
1116 685 1171 704 sua
1181 677 1285 705 scribit
1295 688 1304 705 .·
1314 677 1411 715 prima
1421 682 1520 706 autem
1528 675 1668 716 Epistola
1679 676 1757 703 inter
1766 684 1803 703 ea

233 736 297 765 quoe
307 727 339 755 in
350 725 488 755 Ecclesia
506 726 696 765 recipiuntur,
708 734 767 753 non
785 724 863 752 inter
873 723 1045 762 apocrypha
1065 729 1230 751 recensetur
1240 733 1251 751 .·
1267 732 1338 752 nam
1351 723 1512 752 secundam
1528 728 1557 752 et
1574 723 1692 752 tertiam
1704 727 1802 761 patres

234 779 317 801 extra
331 781 474 802 canonem
483 777 597 812 ponunt
607 783 619 806 ;
629 772 755 811 primam
771 779 843 799 vero
859 769 1027 809 Epistolam
1039 778 1100 798 esse
1116 769 1245 798 Joannis
1261 779 1362 798 omnes
1377 770 1571 799 consentiunt.
1589 768 1658 798 Hinc
1671 766 1749 797 vides
1759 777 1803 796 se-

233 818 350 849 cundam
359 826 385 848 et
393 818 499 848 tertiam
507 817 618 849 Joannis
630 816 779 857 Epistolam
790 816 859 846 inter
871 815 1011 845 canonicas
1022 815 1171 845 Antiochiae
1181 825 1234 844 non
1244 814 1364 844 habitam
1374 814 1466 845 fuisse.
1477 814 1630 845 Secundam
1639 814 1704 844 item
1715 813 1802 850 Petri,

232 873 258 895 et
275 865 427 906 Epistulam
444 864 523 896 Judae
542 864 656 905 apostoli
672 862 783 904 perinde
800 869 881 902 atque
899 861 1044 892 secundam
1057 869 1083 892 et
1094 861 1201 892 tertiam
1214 861 1337 900 Joannis,
1353 873 1368 891 a
1381 860 1471 902 Syris,
1487 868 1566 902 atque
1579 860 1645 891 adeo
1656 860 1691 890 ab
1705 861 1803 890 Antio-

232 912 323 942 chenis
334 922 387 942 non
400 911 529 941 admissas
541 911 623 941 fuisse
635 910 735 940 diserte
745 909 823 939 docet
830 910 940 939 cosmas
953 908 1110 949 AEgypfius,
1123 908 1171 948 qui
1183 915 1303 949 tempore
1316 909 1333 939 J
1335 909 1461 938 ustiniani
1470 908 1642 949 Imperatoris
1655 906 1799 938 scribebat.

231 960 255 989 H
260 970 310 989 unc
327 960 484 1000 scriptorem
500 957 634 988 edidimus
645 967 714 986 anno
730 957 831 987 1706.
847 956 893 987 Sic
905 962 994 985 autem
1010 955 1092 985 habet
1104 966 1133 995 p.
1146 955 1225 992 299,
1235 955 1320 985 multa
1335 955 1370 985 de
1381 955 1520 985 catholicis
1529 955 1660 996 Epistolis
1673 961 1699 984 et
1708 953 1743 983 de
1756 964 1800 984 ea-

230 1016 293 1035 rum
311 1005 468 1035 auctoritate
481 1011 542 1034 ante
555 1004 684 1042 loquutus
698 1015 704 1032 ε
717 1002 791 1043 παρὰ
802 1001 896 1042 Σύροις
911 1001 938 1032 δὲ
952 1003 975 1031 εἰ
989 1001 1027 1041 μὴ
1040 1003 1067 1031 αἱ
1080 1006 1149 1042 τρεῖς
1161 1001 1240 1041 μόναι
1253 1002 1281 1031 αἱ
1294 1001 1544 1043 προγεγραμμέναι,
1555 1003 1607 1042 οὐχ
1619 1000 1799 1042 εὖρίσκονται·

230 1050 299 1091 λέγω
315 1051 363 1089 δὴ,
375 1050 504 1081 Ἰακώὸου
526 1050 571 1081 καὶ
592 1049 696 1090 Πέτρου
716 1048 762 1078 καὶ
780 1047 919 1078 Ἰωάννου·
935 1048 963 1077 αἱ
984 1047 1063 1077 ἄλλαι
1081 1047 1134 1088 γὰρ
1158 1047 1218 1078 οὔτε
1236 1052 1337 1077 κεῖνται
1357 1050 1421 1088 παρ’
1437 1049 1535 1082 αὐτοῖς.
1556 1049 1597 1078 Οὔ
1612 1047 1667 1089 χρὴ
1687 1042 1732 1077 οὗν
1754 1046 1802 1076 τὸν

230 1096 328 1127 τέλειον
348 1096 506 1137 Χριστιανὸν
526 1097 557 1127 ἐκ
577 1097 630 1125 τῶν
651 1094 890 1135 ἀμφιὸαλλομένων
914 1094 1145 1134 ἐπιστηρίζισθαι,
1159 1096 1212 1124 τῶν
1233 1094 1386 1124 ἐνδιαθέτων
1408 1095 1454 1124 καὶ
1474 1096 1567 1129 κοινῶς
1587 1093 1800 1135 ὡμολογημένων

231 1145 343 1184 Γραφῶν
357 1145 453 1176 ἱκανῶς
461 1142 549 1172 πάντα
564 1142 715 1182 μηνυόντων
721 1142 795 1181 [sic].
810 1141 843 1171 Id
854 1148 893 1171 est
904 1153 912 1170 z
926 1141 1021 1181 Apud
1029 1141 1121 1180 Syros
1130 1148 1228 1172 autem
1240 1152 1300 1171 non
1309 1144 1367 1172 nisi
1376 1148 1433 1172 tres
1440 1143 1588 1183 proedictae
1598 1144 1782 1183 reperiuntur
1785 1153 1800 1179 ,-

230 1191 368 1220 videlicet
378 1191 496 1226 Jacobi,
507 1189 590 1218 Petri
599 1194 627 1218 et
636 1189 764 1218 Joannis
774 1200 781 1217 :
791 1188 859 1218 alioe
873 1189 979 1228 quippe
990 1198 1078 1227 penes
1090 1188 1159 1218 illos
1174 1198 1211 1218 ne
1223 1189 1341 1229 quidem
1355 1189 1511 1218 habentur.
1522 1188 1692 1230 Perfectum
1702 1189 1801 1227 itaque

232 1238 432 1267 Christianum
443 1236 538 1265 dubiis
551 1237 641 1264 inniti
653 1245 713 1264 non
726 1241 850 1274 oportet,
863 1244 929 1263 cum
939 1245 981 1264 eoe
994 1234 1162 1274 Scripturoe,
1177 1245 1242 1276 quoe
1254 1237 1285 1265 in
1297 1246 1410 1266 canone
1421 1238 1566 1276 repositoe,
1573 1242 1603 1265 et
1612 1235 1693 1276 apud
1701 1244 1800 1264 omnes

229 1285 260 1313 in
277 1285 412 1325 confesso
426 1282 511 1319 sunt',
527 1284 627 1311 omnia
643 1284 715 1312 satis
731 1282 891 1314 declarent.
907 1281 978 1312 Hinc
995 1281 1133 1311 manifeste
1147 1282 1224 1313 vides
1237 1282 1318 1312 etiam
1334 1289 1454 1323 tempore
1465 1281 1611 1313 Justiniani
1627 1280 1802 1322 Imperatoris

228 1341 262 1359 ex
274 1329 413 1359 catholicis
426 1329 482 1358 illis
493 1327 626 1369 Epistolis
637 1327 744 1358 nonnisi
759 1334 812 1357 tres
829 1327 903 1367 apud
918 1328 1012 1368 Syros,
1025 1335 1105 1367 atque
1124 1328 1191 1358 adeo
1201 1328 1230 1358 in
1243 1329 1365 1359 Ecclesia
1381 1329 1558 1368 Anfiochena,
1572 1335 1690 1369 receptas
1703 1327 1796 1357 fuisse.

267 1376 337 1407 Hinc
349 1376 434 1417 igitur
445 1375 535 1416 palam
546 1381 585 1404 est
597 1374 670 1403 hunc
683 1373 858 1414 Scriptorem‚
875 1384 955 1414 quem
970 1375 1028 1414 jam
1047 1374 1074 1403 in
1091 1374 1234 1415 publicum
1251 1375 1410 1413 emittimus,
1424 1375 1526 1414 quique
1539 1382 1592 1405 tres
1609 1381 1714 1405 tantum
1727 1373 1799 1414 Epi—

227 1423 308 1453 stolas
322 1422 466 1454 catholicas
479 1422 537 1452 sive
547 1420 687 1450 canonicas
701 1419 830 1458 admittit,
842 1420 1040 1451 Antiochenum
1052 1431 1108 1450 esse
1118 1423 1243 1462 ;jamque
1250 1421 1314 1451 hinc
1326 1421 1446 1461 aliquam
1459 1421 1540 1451 titulo
1551 1420 1689 1451 conciliari
1702 1420 1798 1458 fidem,

225 1469 254 1498 in
268 1480 322 1509 quo
335 1469 436 1499 dicitur
449 1479 506 1498 esse
521 1467 632 1499 Joannis
646 1467 843 1508 chrysostomi.
856 1467 893 1497 Et
909 1478 971 1498 vere
985 1474 1092 1497 sanctus
1109 1467 1154 1498 hic
1169 1466 1274 1505 doctor,
1287 1468 1336 1508 qui
1349 1467 1498 1508 Scripturae
1511 1463 1592 1498 sacrae
1606 1467 1692 1497 libros
1705 1477 1799 1498 omnes

226 1515 254 1545 in
269 1515 397 1546 Homiliis
409 1514 465 1544 suis
475 1514 601 1551 adhibet,
615 1521 732 1553 quatuor
744 1513 856 1543 illarum
868 1513 1055 1553 Epistularum
1067 1514 1126 1543 loca
1139 1524 1272 1554 nusquam
1285 1515 1382 1550 affert;
1397 1521 1444 1544 aut
1458 1514 1552 1544 saltem
1563 1513 1726 1555 hujusmodi
1739 1514 1798 1544 loca

225 1560 252 1589 in
264 1562 322 1601 ejus
333 1560 441 1601 scriptis
451 1560 571 1590 nondum
581 1559 746 1600 deprehendi
757 1573 763 1589 :
774 1559 878 1589 etiamsi
889 1570 952 1590 vero
963 1559 1237 1600 deprehenderentur,
1246 1570 1301 1590 non
1313 1567 1400 1590 tamen
1413 1560 1476 1591 inde
1486 1568 1641 1601 sequeretur
1651 1573 1710 1592 eam
1723 1562 1799 1593 Scri—

225 1615 311 1648 pturae
328 1614 431 1648 partem
443 1606 599 1636 canonicam
613 1606 706 1636 haberi
718 1618 726 1635 z
738 1616 800 1636 nam
812 1605 869 1635 illis
882 1605 1050 1645 temporibus
1064 1615 1118 1634 non
1131 1616 1219 1646 pauca
1235 1612 1310 1635 erant
1319 1605 1347 1636 in
1359 1606 1523 1645 quibusdam
1537 1607 1676 1646 Ecclesiis,
1687 1619 1747 1648 quae
1760 1609 1799 1639 le-

226 1655 357 1694 gebantur
370 1653 490 1693 quidem,
505 1653 552 1683 sed
560 1652 687 1683 canonica
700 1663 757 1682 esse
768 1662 820 1682 non
832 1653 1027 1693 reputabantur
1040 1664 1047 1682 t
1059 1650 1294 1693 ἀναγινωσκόμενα
1308 1652 1367 1692 μὲν,
1381 1653 1418 1692 μὴ
1433 1653 1621 1694 κανονιζόμενα
1630 1654 1667 1685 δέ.
1681 1657 1796 1686 Monen-

224 1699 291 1730 dum
309 1706 399 1730 autem
416 1699 559 1737 existimo,
573 1698 664 1728 locum
681 1698 776 1728 haberi
794 1698 912 1729 Homilia
929 1705 1005 1728 sexta
1024 1699 1136 1729 Joannis
1157 1699 1343 1740 Chrysostomi
1360 1698 1389 1728 in
1406 1700 1549 1738 Genesim,
1564 1711 1593 1741 p.
1609 1702 1650 1732 40
1663 1702 1798 1734 Editionis

223 1753 335 1784 nostrae,
350 1745 398 1775 ubi
411 1745 450 1775 sic
466 1746 584 1785 legitur:
598 1745 692 1775 ἄλλοτε
707 1744 734 1775 δὲ
749 1747 784 1779 εἷς
798 1744 832 1775 τὰ
845 1748 891 1775 τοῦ
907 1745 1029 1775 διαὸόλου
1046 1745 1139 1776 δίκτυα
1161 1746 1269 1780 ἑαυτοὺς
1287 1746 1437 1780 ἐκδιδόντας
1449 1752 1503 1781 τοῖς
1520 1748 1582 1778 κυσὶ
1598 1750 1765 1790 παραὸάλλει
1777 1753 1795 1788 ἡ

225 1793 281 1823 θεία
298 1792 406 1833 Γραφή·
417 1792 567 1833 Ἀνθρωπος
583 1792 650 1833 γὰρ,
661 1792 754 1832 φησὶν,
768 1792 940 1834 ἀποστρέφων
956 1793 1008 1822 ἀπὸ
1021 1794 1070 1829 τῆς
1083 1792 1215 1833 ἁμαρτίας
1228 1795 1308 1823 αὖτοῢ
1318 1816 1327 1830 ,
1342 1793 1388 1823 καὶ
1408 1793 1489 1824 πάλιν
1507 1796 1545 1829 εἰς
1562 1797 1646 1833 αὐτὴν
1664 1797 1795 1835 ἐπανιὼν,

225 1839 313 1878 ὅμοιός
326 1840 383 1868 ἔστι
394 1838 452 1868 κυνὶ
463 1838 646 1879 ἐπιστρέφοντι
659 1838 703 1868 ἐπὶ
717 1838 761 1868 τὸν
775 1838 839 1869 ἴδιον
854 1838 956 1878 ἔμετον.
967 1839 1025 1869 Hoc
1038 1846 1096 1868 est:
1111 1840 1142 1868 Ii
1151 1850 1225 1870 vero
1246 1841 1298 1880 qui
1311 1840 1477 1880 aliquando
1494 1850 1525 1870 se
1544 1844 1576 1870 in
1593 1843 1706 1873 diaboli
1721 1846 1797 1874 retia

227 1887 375 1926 injiciunt,
390 1886 512 1915 canibus
530 1892 738 1925 comparantur
750 1895 770 1914 a
783 1885 934 1926 Scriptura
946 1887 1050 1916 divina
1062 1898 1070 1915 .·
1084 1886 1171 1916 Homo
1187 1885 1259 1916 enim
1269 1909 1278 1924 ,
1292 1888 1403 1926 inquit,
1418 1886 1465 1926 qui
1479 1889 1647 1918 convertitur
1657 1900 1671 1919 a
1687 1898 1794 1930 peccato

225 1943 286 1969 suo,
298 1932 432 1962 etiterum
445 1931 473 1959 in
487 1931 607 1971 idipsum
617 1931 697 1968 redit,
707 1931 804 1961 similis
818 1939 858 1961 est
867 1933 927 1962 cani
938 1932 974 1962 ad
988 1932 1121 1963 vomitum
1133 1931 1268 1962 redeunti.
1282 1932 1326 1962 Ibi
1339 1943 1405 1963 vero
1414 1942 1464 1963 nos
1476 1934 1504 1963 in
1517 1935 1638 1974 margine
1649 1936 1739 1966 locum
1749 1938 1794 1967 in-

224 1978 375 2009 dicavimus
387 1979 406 2006 ἐζ
418 1976 489 2006 Petri
502 1979 532 2014 9,
543 1979 582 2006 22
596 1990 603 2006 :
620 1984 647 2007 at
660 1978 709 2007 etsi
723 1978 763 2007 ihi
775 1977 809 2008 de
820 1989 884 2009 cane
897 1979 932 2010 ad
943 1980 1077 2009 vomitum
1090 1989 1198 2008 reverso
1209 1985 1314 2019 agatur,
1325 1986 1429 2009 certum
1445 1987 1485 2010 est
1499 1980 1573 2011 hunc
1591 1982 1681 2013 locum
1698 1983 1735 2013 ad
1751 1995 1793 2015 se-

225 2025 341 2054 cundam
362 2023 433 2054 Petri
453 2023 604 2063 Epistulam
625 2034 678 2054 non
700 2025 867 2055 referendum
884 2037 950 2063 esse,
971 2026 1019 2056 sed
1037 2026 1072 2055 ad
1090 2026 1299 2056 Proverbiorum
1315 2026 1429 2064 librum,
1445 2037 1506 2068 cap.
1521 2029 1572 2064 26,
1595 2040 1623 2060 v.
1642 2032 1692 2068 Η,
1713 2038 1794 2071 atque

225 2072 291 2101 adeo
310 2069 484 2110 marginalem
501 2077 591 2099 notam
605 2070 644 2100 sic
665 2071 857 2101 restituendam
876 2084 942 2111 esse,
960 2074 1041 2103 Prov.
1061 2073 1113 2103 26.
1139 2073 1205 2102 Η*.
1226 2072 1278 2102 Hic
1300 2072 1498 2103 animadvertas
1518 2075 1612 2112 velim,
1629 2076 1791 2117 Chrysosto-

226 2131 300 2150 mum
318 2118 517 2149 concionantem
534 2117 580 2146 hic
598 2124 624 2146 et
636 2118 783 2148 sexcenties
804 2119 870 2149 alibi
885 2120 1031 2160 Scripturae
1043 2119 1113 2155 loca,
1129 2126 1210 2159 prout
1228 2119 1364 2149 memorie
1381 2130 1437 2149 sese
1451 2120 1607 2158 offerebant,
1621 2123 1791 2164 allegavisse,

225 2167 355 2207 longeque
370 2165 478 2195 diverso
498 2174 513 2193 a
533 2163 679 2204 Scripturae
694 2171 768 2194 textu
792 2165 883 2196 modo.
903 2168 991 2196 Locus
1009 2177 1072 2207 ergo
1091 2166 1250 2206 Scripturae,
1269 2177 1351 2205 quem
1370 2165 1416 2196 hic
1441 2167 1551 2208 respicit
1572 2169 1790 2211 Chrysostomus,

225 2221 264 2244 est
277 2212 427 2243 versiculus
444 2211 493 2240 ille
507 2210 727 2247 Proverbiorum,
741 2221 821 2249 quem
837 2213 884 2242 ille
905 2223 955 2253 pro
972 2223 1047 2243 more
1063 2219 1089 2242 et
1103 2212 1138 2242 ad
1157 2223 1238 2243 suum
1258 2223 1369 2253 scopum
1391 2214 1572 2252 concinnavit,
1586 2223 1616 2246 ut
1633 2216 1669 2246 ad
1682 2225 1792 2259 captum

226 2260 314 2301 plebis
337 2265 406 2289 esset
432 2256 655 2287 accommodatior
670 2268 676 2285 :
691 2256 729 2286 sic
749 2264 837 2287 autem
854 2258 935 2289 habet
957 2259 984 2288 in
1004 2269 1063 2288 Lxx
1082 2258 1274 2299 interpretibus
1292 2272 1299 2288 z
1318 2258 1425 2300 Ὥσπερ
1443 2259 1527 2297 κύων,
1549 2261 1611 2291 ὅταν
1630 2263 1728 2300 ἐπέλθη
1747 2266 1792 2295 ἐπὶ

180 2315 217 2335 :¹10
227 2308 271 2338 τὸν
300 2308 392 2336 ἑαυτοῦ
415 2305 517 2343 ἔμετον,
528 2303 574 2333 καὶ
602 2302 711 2342 μισητὸς
734 2303 853 2342 γένηται,
875 2305 956 2339 οὕτως
982 2306 1072 2346 ἄφρων
1094 2308 1127 2347 τῇ
1146 2308 1239 2336 ἑαυτοῦ
1264 2306 1345 2346 κακίᾳ
1368 2307 1533 2348 ἀναστρέψας
1558 2308 1601 2338 ἐπὶ
1626 2308 1675 2345 τὴν
1697 2295 1790 2341 ἑαυτοῦ

226 2352 357 2393 ἁμαρτίαν
379 2363 385 2380 z
407 2351 488 2380 Sicut
514 2350 595 2378 canis
613 2359 678 2378 cum
690 2358 820 2379 reversus
839 2358 882 2380 est
900 2352 942 2380 ad
957 2353 1101 2381 vomitum
1125 2363 1229 2390 suum,
1249 2359 1279 2383 et
1297 2354 1414 2383 odiosus
1432 2360 1475 2383 est
1496 2354 1639 2396 effectus,
1659 2357 1702 2386 sic
1721 2358 1793 2387 stul-

226 2406 271 2429 tus
290 2398 404 2427 malitia
419 2405 474 2426 sua
487 2405 618 2425 reversus
631 2394 673 2423 ad
681 2401 833 2434 peccatum
846 2406 941 2426 suum.
954 2399 1024 2427 Cum
1036 2398 1088 2428 hoc
1105 2398 1165 2428 loco
1178 2410 1287 2439 prorsus
1299 2407 1426 2430 consonat
1440 2400 1487 2430 ille
1499 2411 1582 2441 supra
1590 2413 1600 2440 5
1612 2401 1648 2431 ad
1659 2402 1790 2444 Epistola,-

226 2456 292 2476 vero
306 2443 427 2475 secundae
443 2442 514 2472 Petri
527 2442 616 2472 locum
635 2452 688 2471 non
707 2442 818 2483 perinde
835 2444 967 2482 quadrat;
980 2445 1019 2474 sie
1032 2456 1114 2486 porro
1128 2446 1175 2475 ille
1189 2446 1269 2476 habet
1281 2459 1288 2476 ι
1302 2447 1462 2487 Συμὸέὸηκε
1477 2448 1504 2478 δὲ
1519 2450 1607 2483 αὐτοῖς
1619 2449 1650 2479 τὸ
1663 2452 1711 2486 τῆς
1723 2452 1789 2488 ἀλη,

225 2495 283 2526 Οοῦς
301 2490 458 2531 παροιμίας·
474 2489 542 2519 κύων
557 2489 715 2531 ἐπιστρέψας
735 2489 778 2520 ἐπὶ
792 2490 822 2520 τὸ
840 2491 905 2521 ἴδιον
925 2491 1055 2533 ἐξέραμα,
1073 2494 1131 2530 καὶ,
1146 2490 1176 2527 ῧς
1189 2494 1339 2534 λουσαμένη
1350 2497 1387 2529 εἷς
1400 2494 1517 2535 κῦλισμα
1531 2495 1666 2537 βορὸόρου.
1680 2497 1712 2527 ld
1729 2506 1785 2528 est:

257 2584 267 2596 *
287 2582 380 2617 [Quod
392 2582 494 2607 fecimus
507 2581 532 2607 in
542 2590 607 2607 noxa
619 2580 665 2606 hac
675 2580 813 2616 mitione]
