1890 2826
200 129 269 172 104

194 199 349 241 praedicens.
368 200 422 230 Sed
436 199 498 239 quia
513 200 593 229 etiam
605 200 644 230 sic
653 199 800 229 verisimile
809 207 866 230 erat
878 210 934 236 eos,

195 246 293 286 ingrati
305 257 367 276 cum
380 253 477 283 essent,
489 245 608 275 dicturos
618 256 684 281 esse.
694 247 755 276 Non
764 245 938 286 praedixistis‚

194 303 247 322 non
259 292 336 333 prius
349 292 513 328 audivimus,
537 295 610 322 nunc
623 292 652 322 id
673 292 773 332 fingitis
785 299 845 333 post
858 303 939 323 even-

193 345 251 369 tum
269 351 275 368 ε
291 349 344 368 non
358 339 430 368 enim
442 339 525 369 nostis
537 349 568 368 ea
580 349 639 378 quae
653 345 779 369 eventura
791 346 853 370 sunt
869 353 876 369 z
892 350 942 370 un—

193 385 290 415 denam
304 396 367 425 ergo
381 385 411 414 id
429 385 519 425 palam
543 385 605 421 erit,
628 384 703 424 quod
724 395 818 426 nempe
837 386 941 416 dictum

194 434 295 463 fucrit?
310 433 373 463 vide
383 433 518 472 quomodo
532 432 587 462 illis
597 433 669 463 clare
683 433 855 463 ineluctabile
867 441 942 474 paret

195 488 394 521 argumentum,
410 479 576 520 impudentia
588 490 718 509 consuens
728 490 785 510 ora.
797 481 859 511 Non
871 480 941 510 enim
956 479 974 502 Β

196 527 327 568 permittit
346 534 377 556 ut
401 533 504 556 tantum
527 526 608 562 dicat,
636 526 683 556 sed
700 526 779 567 jubet
802 527 829 557 in
851 527 942 557 cham

196 574 277 604 scribi
291 585 320 603 ea
334 584 394 613 quae
407 574 546 607 dicuntur-3
563 570 647 612 neque
660 572 740 603 modo
755 572 849 610 scribi,
862 584 895 603 ne
911 574 943 603 li-

196 628 266 651 ceret
276 621 314 650 cis
322 620 423 658 dicere,
434 621 492 650 Hoc
504 626 595 660 postea
606 619 698 656 finxit,·
710 618 757 649 sed
768 620 847 649 etiam
867 627 943 650 testes

197 668 359 708 scriptorum
372 674 450 697 vocat
464 666 585 697 homines
604 666 658 696 fide
671 666 767 707 dignos
780 674 805 697 et
821 678 835 696 a
849 668 941 708 digni-

197 722 249 744 tate
270 722 297 744 et
317 726 332 744 a
345 726 452 744 morum
471 714 614 755 probitate.
628 715 697 743 Nam
718 713 756 743 ait
771 727 777 743 :
794 716 858 744 Fac
871 715 944 744 mihi

198 767 294 798 testes,
302 762 412 804 fideles
432 762 574 797 homines,
592 761 693 790 Uriam
706 761 896 799 sacerdotem,
917 769 944 791 ee

198 809 224 836 Z
226 809 393 845 acharimn5
407 814 438 836 ut
450 806 558 846 quando
573 817 664 836 rerum
684 806 772 836 exitus
786 809 848 845 erit,
862 814 888 837 et
901 807 943 837 illi

546 138 574 162 S.
604 138 741 163 JOANNIS
767 137 950 162 cunYSOST.
981 138 1134 162 Anculnt‘.
1163 140 1429 166 CONSTAM·1NOP.

992 200 1114 237 τίθεσαν,
1137 202 1228 242 φθάνει
1247 206 1263 239 ἡ
1285 204 1432 244 προφητεία
1445 204 1544 241 ταύτην
1562 204 1767 246 ἀναιροῦσαλτὴν

994 246 1098 283 ἀπάτην
1108 270 1115 281 ,
1130 248 1174 276 καὶ
1189 249 1240 288 πρὸ
1253 250 1359 291 πολλῶν
1372 250 1439 280 αὐτὰ
1452 251 1638 291 διαγορεύουσα
1650 253 1764 293 χρόνων.

994 292 1063 321 Ἀλλ’
1079 293 1169 329 ἐπειδὴ
1189 294 1234 323 καὶ
1248 294 1330 328 οὕτως
1343 294 1412 329 εἰκὸς
1429 291 1462 332 ἧν
1479 296 1572 330 αὐτοὺς
1586 299 1767 337 ἀγνωμονοῦν-

994 350 1042 371 τας
1055 338 1159 378 λέγειν,
1184 342 1213 369 οὗ
1235 341 1376 381 προείπετε
1392 363 1400 378 ,
1428 343 1458 372 οὖ
1477 343 1699 384 προηκούσαμεν,
1721 347 1767 374 νῦν

994 385 1141 415 πλάττεσθε
1154 387 1222 425 μετὰ
1235 387 1284 423 τὴν
1297 388 1407 418 ἔκὸασιν
1418 400 1425 407 ·
1445 390 1474 418 οὗ
1488 388 1539 430 γὰρ
1554 389 1636 420 εἴδετε
1648 389 1683 420 τὰ
1696 402 1765 430 συμ-

994 430 1128 470 ὅησόμενα
1138 444 1144 451 ·
1167 433 1247 463 πόθεν
1263 429 1307 462 οὖν
1325 438 1403 463 τοῦτο
1417 435 1511 472 δῆλον,
1530 434 1571 465 ὅτι
1588 435 1705 476 εἴρηταις
1719 438 1768 477 δρα

993 479 1050 511 πῶς
1061 479 1151 518 σαφῶς
1162 479 1276 519 ἄφυκτον
1289 480 1376 513 αὐτοῖς
1390 481 1582 516 κατασκευάζει
1592 482 1638 512 τὸν
1647 482 1768 523 ῑλεγχον,

994 522 1039 552 καὶ
1060 523 1094 552 τὰ
1117 524 1278 565 ἀναίσχυντα
1302 527 1479 567 ἀποῤῥάπτων
1498 528 1628 567 στόματα.
1655 530 1697 559 Οὐ
1716 528 1768 570 γὰρ

995 569 1102 610 ἀφίησιν
1121 572 1204 600 εἰπεῖν
1233 572 1311 610 μόνον
1320 595 1328 608 ,
1355 574 1422 603 ἀλλὰ
1444 573 1547 604 κελεύει
1565 573 1610 604 καὶ
1632 575 1660 604 ἐν
1678 574 1767 615 χάρτῃ

993 619 1126 656 γραφῆναι
1147 617 1181 646 τὰ
1198 618 1329 657 λεγόμενα
1340 642 1348 656 ,
1370 619 1415 649 καὶ
1429 620 1488 650 οὐδὲ
1509 620 1600 654 ἁπλῶς
1611 623 1744 661 γραφῆναι
1758 644 1767 657 ,

994 661 1036 692 ἵνα
1049 662 1087 702 μὴ
1099 662 1143 703 ἐξῇ
1158 666 1245 698 αὐτοῖς
1258 664 1343 704 λέγειν
1355 688 1362 702 ,
1385 665 1426 695 ὅτι
1441 665 1510 705 μετὰ
1530 669 1616 696 ταῦτα
1633 667 1748 697 ἔπλασεν
1759 689 1767 703 ,

996 708 1064 738 ἀλλὰ
1077 709 1122 738 καὶ
1132 710 1266 750 μάρτυρας
1276 713 1328 740 τῶν
1339 712 1504 752 γραμμάπυν
1512 714 1588 743 καλεῖ
1595 713 1692 754 ἄνδρας
1699 713 1769 748 ἀξιο-

995 754 1104 789 πίστους
1117 755 1162 785 καὶ
1176 756 1228 786 ἀπὸ
1239 759 1284 786 τοῦ
1299 757 1447 797 ἀξιώματος
1461 758 1506 788 καὶ
1524 758 1578 789 ἀπὸ
1591 762 1638 790 τοῦ
1655 759 1766 800 τρόπον.

997 800 1111 836 Ποίησον
1122 801 1173 842 γάρ
1187 813 1241 841 μοι,
1254 803 1328 843 φησὶ,
1341 804 1476 845 μάρτυρας
1483 804 1591 839 πιστοὺς
1605 805 1768 846 ἀνθρώπους,

198 853 326 888 dixerint,
334 854 398 883 Haec
409 854 469 882 ante
483 853 567 882 multa
578 859 699 894 tempora
706 863 758 882 non
773 852 844 883 dicta
859 854 942 891 fuere,
956 864 981 884 oo
995 846 1039 876 τὸν
1051 845 1151 887 Οὐρίαν
1158 847 1203 877 τὸν
1212 847 1285 888 ῖερέα
1294 871 1302 885 ι
1316 849 1361 878 καὶ
1374 850 1521 890 Ζαχαρίαν·
1531 850 1574 880 ἵνα
1584 850 1647 881 ὅταν
1662 851 1768 892 ἐξέλθῃ,

197 901 311 930 eductus
324 900 393 929 liber
414 907 440 929 et
456 902 542 929 'testes
554 901 603 939 qui
616 899 727 929 aderant
740 899 944 940 impudentibus
958 892 978 915 Λ

197 947 253 976 illis
265 958 294 977 os
315 947 451 976 obturent.
466 946 531 976 Ideo
550 946 596 982 ait,
610 945 696 975 Sume
709 947 819 976 chartoe
834 954 943 977 tomum

197 1004 315 1030 novum,
342 999 372 1022 ut
393 994 428 1022 he
450 993 473 1022 si
493 998 570 1023 vetus
583 993 636 1032 jam
655 992 699 1029 sit,
715 992 767 1022 cito
780 999 880 1032 pere-‘iu
896 993 944 1023 sed

196 1041 243 1080 qni
255 1040 341 1070 multo
353 1039 432 1069 duret
441 1046 573 1079 tempore,
587 1045 613 1068 et
624 1049 672 1078 per
684 1039 782 1079 scripta
796 1039 858 1069 illos
868 1039 943 1069 incu-

196 1094 245 1117 set.
259 1089 299 1117 Ει
322 1088 414 1116 scribe
437 1086 519 1123 stylo
543 1087 681 1123 hominis,
710 1085 739 1115 id
765 1092 804 1115 est
828 1086 941 1123 calamo,

198 1135 379 1176 quoesutura
390 1139 469 1162 sunt.
481 1134 612 1170 Quaenam
623 1133 712 1161 sutura
726 1139 788 1161 sunt
797 1132 811 1161 Ρ
823 1133 941 1170 Bellum,

196 1181 308 1210 victoria
320 1180 510 1217 barbarorum,
526 1179 674 1219 spoliorum
686 1178 863 1219 depraedatio,
876 1190 942 1209 exu-

195 1227 301 1256 viarum
315 1226 421 1266 rapina.
437 1226 501 1255 Haec
514 1226 603 1264 itaque
617 1224 718 1261 omnia,
730 1223 828 1263 inquit,
844 1225 941 1262 scribe,

199 1274 237 1303 Ue
255 1273 396 1302 velociter
408 1272 761 1312 deproedationemsaciat
772 1271 940 1311 spoliorum.

195 1320 291 1349 Adest
307 1320 395 1348 enim.
412 1318 487 1356 Quid
499 1317 552 1347 sibi
565 1317 626 1348 vult
639 1317 721 1354 illud,
736 1317 832 1348 Adest
842 1319 917 1348 enim
929 1322 942 1347 Ρ

195 1367 258 1396 Haec
271 1366 327 1396 duo
341 1365 509 1406 significant:
526 1375 621 1406 nempe
630 1365 687 1405 jam
701 1371 764 1394 tune
773 1372 942 1405 peccatorum

195 1412 407 1453 magnitudinem
431 1411 562 1441 ultionem
574 1411 731 1452 expetiisse,
746 1418 772 1441 ct
793 1411 820 1441 in
840 1413 944 1442 foribus
959 1405 977 1428 Β

193 1459 249 1499 jam
263 1469 320 1488 esse
333 1458 483 1488 vindictam
495 1470 501 1486 :
514 1457 605 1497 ipsum
614 1467 679 1487 vero
692 1457 824 1493 cunctari,
839 1458 942 1498 patien-

197 1504 234 1533 tia
251 1515 299 1533 sua
314 1504 409 1534 volens
422 1503 485 1533 illos
499 1503 623 1532 meliores
636 1502 760 1540 reddere,
772 1511 798 1534 et
811 1504 944 1534 ultionem

196 1561 321 1582 amovere
337 1564 344 1581 ε
361 1551 467 1591 ipsique
480 1550 557 1579 facile
579 1560 635 1579 esse
649 1550 706 1579 solo
719 1557 787 1580 nutu
807 1551 895 1580 omnia
909 1550 944 1581 ad

196 1599 320 1628 effectum
333 1597 489 1638 perducere.
506 1597 578 1634 Quia
591 1597 662 1626 enim
674 1597 709 1626 de
721 1597 843 1628 barbaris
856 1609 943 1628 sermo

196 1651 262 1683 erat,
275 1645 324 1684 qui
335 1644 439 1674 bellum
453 1643 557 1673 illaturi
570 1651 655 1681 erant,
669 1645 710 1673 Ne
720 1645 830 1684 putetis,
844 1645 942 1684 inquit,

198 1691 247 1722 viae
273 1690 470 1731 longitudinem
479 1712 487 1727 ‚
524 1689 710 1729 exercitusque
742 1690 943 1721 multitudinem

197 1737 396 1766 cunctationem
410 1735 557 1775 quamdam
571 1735 715 1765 allaturam
730 1746 805 1773 esse;
829 1736 857 1766 id
871 1738 944 1777 quod

196 1785 264 1815 solet
278 1785 351 1826 apud
365 1784 488 1814 homines
501 1782 631 1813 accidere.

69 1935 116 1957 De„
129 1937 190 1958 adesi
238 1922 269 1949 2.
291 1921 361 1950 Nam
374 1920 432 1949 Deo
443 1919 518 1948 adest
528 1918 551 1947 is
562 1918 610 1957 qui
623 1917 719 1958 procul
732 1924 788 1947 est:
803 1918 839 1948 ita
848 1919 946 1949 sacilli·
960 1926 979 1950 C

46 1968 63 1988 ³⁵
85 1969 123 1995 ’μή
136 1975 189 1996 1’1’0-
199 1977 273 1996 mum
286 1966 338 2007 ipsi
358 1973 396 1995 est
411 1976 466 1994 uno
478 1965 606 2005 temporis
626 1972 760 1994 momento
773 1965 807 1994 ab
818 1967 944 1997 extremis

46 1998 81 2019 cul
92 2003 134 2022 est.

198 2021 275 2044 terrae
282 2014 415 2054 partibus,
424 2012 527 2042 etlamsi
535 2012 576 2040 illi
584 2022 681 2051 magno
693 2022 806 2041 numero
813 2013 875 2048 sint,
884 2014 945 2044 illos

196 2061 286 2091 statim
300 2060 433 2090 adducere
446 2059 577 2098 vobisque
597 2059 700 2088 sistere.
714 2060 757 2088 Et
773 2066 858 2090 testes
872 2064 945 2091 mihi

187 2108 360 2147 fac-fideles
373 2107 516 2142 homines,
536 2106 636 2135 Uriam
646 2107 835 2144 sacerdotem,
851 2116 876 2137 et
886 2110 912 2137 Z
913 2120 944 2138 a·

196 2154 327 2182 chariam
347 2153 453 2193 filium
476 2152 641 2181 Barachioe.
667 2152 752 2192 Cujus
779 2152 816 2182 rei
842 2160 919 2184 testes
929 2155 943 2184 ἶ)

195 2199 338 2240 Temporis
361 2212 367 2227 :
385 2206 415 2228 ut
437 2199 460 2228 si
483 2197 584 2238 'scripta
606 2197 749 2227 calumniis
770 2198 942 2239 impetantur,

194 2246 316 2275 homines
333 2245 422 2274 adhuc
444 2244 576 2279 viventes,
590 2243 638 2283 qui
652 2243 719 2273 dum
730 2244 787 2274 haec
797 2245 944 2275 scriberen-

194 2298 239 2321 tur
250 2298 391 2332 praesentes
405 2296 490 2327 erant,
505 2296 663 2329 tempusque
679 2290 801 2330 apprime
813 2300 941 2322 noverant

193 2349 247 2378 quo
258 2339 315 2368 haec
327 2337 498 2374 dicebantur,
509 2336 611 2376 possint
620 2347 650 2365 os
663 2337 788 2366 obturare
798 2337 939 2378 impuden-

194 2394 232 2416 ter
243 2384 452 2415 oblatrantibus.
459 2382 556 2412 Eidem
565 2382 648 2411 haeret
658 2390 813 2422 argumento
825 2384 853 2413 id
864 2386 937 2424 quod

228 2498 238 2509 ἔ·
251 2491 312 2522 Reg.
324 2495 349 2514 et
361 2488 438 2515 Suvil.
452 2490 510 2517 αὕτη
522 2491 535 2517 ἡ
553 2492 634 2523 κρίσις,
643 2486 726 2512 minus
738 2493 814 2520 reete,
825 2489 851 2514 ui
863 2488 936 2514 fallor
955 2503 958 2515 2

194 2538 244 2554 nun
257 2530 322 2554 enim
335 2528 376 2553 hic
390 2528 422 2553 de
433 2526 528 2561 judicio
539 2528 657 2560 quopiam
671 2528 761 2560 agitur.

995 892 1041 922 καὶ
1051 893 1178 934 λέγωσιν,
1192 894 1233 924 ὅτι
1245 895 1292 925 οὔκ
1306 895 1402 936 ἐλέχθη
1416 900 1500 926 ταῦτα
1514 897 1566 938 πρὸ
1579 898 1685 927 πολλῶν
1703 897 1769 939 χρό-

994 951 1061 975 νων,
1074 940 1104 969 τὸ
1118 939 1218 980 βιὸλίον
1234 941 1366 983 ἐξενεχθὲν
1378 942 1423 972 καὶ
1433 943 1457 973 οἱ
1466 943 1596 984 μάρτυρες
1606 945 1630 973 οἱ
1641 944 1769 984 παρόντες

995 985 1040 1014 καὶ
1053 987 1289 1026 ἀναισχυντοῦντας
1303 987 1397 1022 αὐτοὺς
1409 989 1612 1029 ἐπιστομίσωσι.
1627 989 1679 1020 Διὰ
1690 990 1768 1020 τοῦτό

996 1042 1077 1071 φησι,
1096 1032 1171 1062 Ades
1183 1032 1283 1073 χάρτου
1297 1034 1377 1074 τόμον
1389 1035 1478 1065 καινὸν
1488 1058 1496 1072 ,
1507 1035 1550 1064 ἵνα
1559 1035 1597 1075 μὴ
1610 1035 1769 1070 παλαιωθεὶς

997 1078 1145 1115 ἀπόληται,
1167 1079 1237 1109 ἀλλὰ
1257 1079 1322 1120 μένῃ
1344 1082 1382 1121 τῷ
1402 1081 1491 1122 χρόνῳ
1516 1082 1752 1122 παρεκτεινόμενος
1760 1105 1768 1119 ,

996 1124 1041 1154 καὶ
1055 1127 1209 1166 κατηγορῶν
1228 1125 1271 1155 διὰ
1281 1127 1334 1156 τῶν
1349 1128 1516 1167 γραμμάτων
1527 1130 1623 1158 αὐτῶν.
1638 1128 1691 1158 Καὶ
1706 1129 1769 1169 γρά-

994 1172 1043 1211 ψον
1067 1171 1174 1211 γραφίδι
1188 1172 1340 1212 ἀνθρώπου,
1362 1174 1484 1204 τουτέστι
1503 1174 1633 1216 καλάμῳ,
1657 1174 1692 1204 τὰ
1707 1175 1770 1215 μέλ-

994 1218 1075 1246 λοντα
1086 1217 1200 1247 ἔσεσθαι.
1212 1219 1238 1247 Τ
1240 1218 1280 1247 ίνα
1301 1218 1330 1249 δὲ
1348 1219 1382 1249 τὰ
1394 1219 1540 1259 μέλλοντας
1559 1221 1695 1260 Πόλεμος,
1708 1221 1768 1258 νίκη

997 1262 1146 1304 βαρὸαρικὴ
1161 1286 1169 1300 ,
1201 1264 1326 1305 λαφύρων
1355 1266 1466 1305 διανομὴ
1481 1288 1489 1303 ,
1520 1266 1623 1296 σκύλων
1650 1267 1768 1307 ἁρπαγή.

996 1310 1090 1338 Ταῦτα
1103 1309 1189 1339 τοίνυν
1202 1333 1212 1345 ,
1236 1310 1330 1350 φησὶν,
1346 1311 1451 1342 ἅπαντα
1463 1312 1578 1353 γράψον,
1599 1314 1625 1343 Τ
1625 1315 1655 1342 οῦ
1666 1313 1769 1354 ταχέως

995 1355 1132 1395 προνομὴν
1144 1358 1254 1392 ποιῆσαι
1273 1357 1387 1388 σκύλων.
1407 1358 1526 1399 Πάρεστι
1543 1358 1604 1400 γάρ.
1632 1359 1668 1389 Τί
1693 1361 1768 1397 ἐστι,

996 1401 1115 1442 Πάρεστι
1128 1402 1193 1443 γάρ;
1214 1402 1268 1433 Δύο
1290 1407 1373 1434 ταῦτα
1392 1405 1467 1442 δηλοῖ
1484 1405 1572 1441 ἀὕτη
1585 1408 1603 1443 ἡ
1621 1408 1709 1446 ῥῆσις·
1728 1406 1768 1436 ὅτι

995 1449 1055 1479 τότε
1069 1450 1120 1485 ἤδη
1142 1451 1195 1479 τῶν
1214 1451 1414 1491 ἁμαρτημάτων
1432 1452 1520 1482 αὖτῶν
1532 1451 1563 1482 τὸ
1577 1452 1686 1492 μέγεθος
1699 1453 1770 1493 ἀπῄ-

995 1507 1036 1525 τει
1057 1495 1107 1532 τὴν
1123 1496 1197 1532 δίκην
1208 1519 1216 1533 ,
1235 1497 1280 1526 καὶ
1294 1497 1338 1526 ἐπὶ
1351 1497 1442 1538 θύραις
1452 1500 1470 1534 ἡ
1482 1498 1610 1539 τιμωρία.
1633 1499 1719 1533 Αὐτὸς
1740 1499 1769 1529 δὲ

996 1541 1172 1571 ἀναὸάλλεται
1179 1565 1187 1579 ,
1199 1544 1233 1581 τῇ
1249 1543 1417 1584 μακροθυμίᾳ
1430 1544 1587 1583 βουλόμενος
1600 1545 1694 1579 αὐτοὺς
1707 1546 1768 1585 βελ-

994 1586 1064 1620 τίους
1071 1589 1189 1625 ποιῆσαι,
1201 1588 1246 1617 καὶ
1255 1588 1448 1629 ἀποκρούεσθαι
1461 1589 1510 1626 τὴν
1521 1591 1661 1631 τιμωρίαν·
1672 1590 1718 1621 καὶ
1728 1590 1770 1620 ὅτι

997 1632 1086 1673 ῥᾴδιον
1097 1635 1169 1674 αὐτῷ
1182 1634 1227 1663 καὶ
1235 1633 1343 1663 εὔκολον
1356 1637 1447 1664 νεῦσαι
1461 1635 1540 1675 μόνον
1551 1658 1559 1672 ,
1571 1637 1616 1666 καὶ
1630 1636 1719 1666 πάντα
1732 1638 1771 1671 εἷς

996 1679 1078 1718 πέρας
1090 1681 1207 1719 ἀγαγεῖν.
1231 1679 1342 1716 Ἐπειδὴ
1356 1680 1408 1721 γὰρ
1421 1681 1482 1721 περὶ
1496 1682 1638 1723 βαρὸάρων
1657 1685 1671 1712 ὁ
1691 1682 1770 1723 λόγος

997 1721 1029 1761 ἦν
1040 1728 1094 1755 τῶν
1114 1725 1262 1765 μελλόντων
1276 1727 1490 1767 ἐπιστρατεύειν,
1511 1728 1548 1767 μὴ
1560 1728 1702 1768 νομίσητε,
1719 1741 1770 1770 φη-

998 1771 1054 1807 σὶν,
1065 1771 1106 1800 ὅτι
1120 1773 1168 1807 τῆς
1177 1773 1237 1801 ὁδοῦ
1249 1774 1348 1811 μῆκος,
1361 1773 1407 1802 καὶ
1419 1772 1488 1809 Ι’τῆς
1501 1775 1640 1815 στρατείας
1653 1775 1684 1805 τὸ
1696 1776 1769 1811 πλῆ-

998 1821 1040 1850 θος
1052 1817 1180 1857 με’λλησίν
1195 1829 1254 1847 τινα
1266 1823 1353 1848 ποιεῖ·
1371 1819 1439 1860 ἅπερ
1453 1820 1495 1849 ἐπ’
1510 1819 1654 1860 ἀνθρώπων
1662 1819 1769 1850 ἔσεσθαι

997 1863 1106 1904 πέφυκε.

1038 1920 1093 1960 Τῷ
1106 1919 1157 1960 γὰρ
1176 1922 1239 1961 Θεῷ
1254 1921 1422 1961 παρέστηκεν
1434 1924 1449 1952 ὁ
1459 1922 1593 1963 πόῤῥωθεν
1612 1923 1648 1953 ὤν
1659 1935 1667 1942 ·
1687 1923 1769 1958 οὕτως

998 1966 1070 2007 αὐτῷ
1083 1966 1170 2007 ῥᾴδιον
1190 1967 1235 1996 καὶ
1258 1967 1364 1998 εὔκολον
1389 1970 1417 1998 ἐν
1440 1974 1489 2009 μιᾷ
1507 1973 1600 2010 καιροῦ
1616 1972 1700 2011 ῥοπῇ,
1724 1971 1769 2000 καὶ

997 2013 1023 2041 ἐν
1035 2013 1165 2053 ἀκαριαίῳ
1180 2013 1232 2042 ἀπὸ
1251 2016 1304 2043 τῶν
1319 2015 1440 2055 ἐσχάτων
1457 2017 1505 2051 τῆς
1516 2017 1581 2055 γῆς,
1603 2016 1651 2046 κᾶν
1663 2016 1769 2050 πλείους

997 2054 1078 2095 ὦσιν,
1093 2061 1200 2099 ἀγαγεῖν
1215 2060 1308 2094 εὐθέως
1320 2061 1365 2090 καὶ
1388 2063 1538 2098 ἐπιστῆσαι.
1562 2062 1615 2092 Καὶ
1634 2062 1769 2103 μάρτυράς

998 2117 1043 2144 μοι
1064 2106 1174 2143 ποίησον
1197 2107 1305 2141 πιστοὺς
1331 2108 1483 2148 ἀνθρώπους
1493 2131 1501 2145 ,
1531 2108 1576 2138 τὸν
1598 2108 1698 2149 Οὖρίαν
1725 2108 1770 2138 τὸν

997 2153 1080 2192 ἱερέα,
1090 2153 1136 2183 καὶ
1150 2153 1288 2194 Ζαχαρίαν
1300 2153 1355 2184 υἱὸν
1374 2154 1520 2195 Βαραχίου.
1528 2154 1674 2196 Μάρτυρας
1681 2154 1750 2189 τίνος
1762 2169 1769 2192 ;

997 2201 1052 2238 Τοῦ
1067 2199 1175 2241 χρόνου·
1190 2200 1232 2230 ἵνα
1246 2201 1294 2230 κᾶν
1304 2201 1338 2230 τὰ
1349 2201 1495 2241 γράμματα
1509 2204 1704 2242 συκοφαντῆται
1717 2224 1725 2238 ,
1745 2203 1770 2231 οῐ

997 2249 1090 2281 ζῶντες
1104 2247 1236 2288 ἄνθρωποι
1249 2247 1294 2276 καὶ
1307 2247 1434 2287 παρόντες
1457 2248 1535 2284 ἡνίκα
1557 2249 1686 2289 ἐγράφετο
1695 2271 1703 2283 ,
1725 2248 1771 2278 καὶ

995 2294 1040 2322 τὸν
1056 2294 1149 2334 χρόνον
1164 2295 1254 2334 σαφῶς
1264 2294 1376 2330 εἰδότες,
1394 2293 1459 2323 πότε
1467 2297 1550 2324 ταῦτα
1561 2294 1675 2334 ἐλέγετο,
1688 2295 1767 2329 δυνη-

996 2343 1074 2370 θῶσιν
1097 2340 1274 2379 ἐπιστομίζειν
1295 2340 1355 2373 τοὺς
1369 2342 1551 2381 ἀναισχυντεῖν
1563 2342 1768 2381 ἐπιχειροῦντας.

995 2388 1053 2423 Τῆς
1067 2389 1148 2424 αὐτῆς
1162 2386 1309 2420 ὑποθέσεως
1323 2386 1413 2426 ἔχεται
1425 2387 1511 2417 καὶτὸ
1522 2387 1594 2423 ἑξῆς,
1609 2386 1768 2427 σαφέστερον

1046 2493 1058 2510 b
1076 2491 1220 2524 Lrgt‘ndum
1233 2498 1295 2524 puto
1308 2498 1347 2523 τῆς
1359 2499 1475 2527 στρατιᾶς.
