1890 2826
92 246 113 291 Ξ,
124 239 200 261 Thess.
210 245 232 260 2.

245 155 315 203 276

242 230 315 259 enim
329 228 392 259 talia
405 229 535 269 loquitur.
550 229 637 259 Homo
648 235 699 267 cst,
714 229 812 269 inquit.
825 231 883 260 Cur
898 237 986 260 autem

242 286 327 306 cornu
340 286 465 316 parvum,
478 282 503 305 et
514 285 566 305 non
577 275 612 305 ab
622 275 698 306 initio
711 286 839 316 maguum
857 277 986 317 apparet?

241 324 277 352 At
290 322 400 362 posthac
421 328 530 358 ciescet,
541 322 568 351 et
579 321 760 361 quorumdam
781 333 876 362 regum
894 322 986 352 domi-

239 369 360 399 nabitur.
383 368 458 407 Quid
477 368 581 408 igitur?
595 369 711 399 Nullum
733 380 846 410 regnum
872 370 988 410 excipiet

240 416 314 445 hune
329 425 419 455 regem
437 414 502 444 =sed
515 414 595 444 illum
609 415 683 445 Deus
695 415 807 455 ipsemet
819 415 948 447 dissolvet
956 427 987 446 ac

241 461 370 491 destruet.
395 471 440 501 9:
448 461 648 500 Aspiciebam,
669 461 762 491 donec
779 462 879 492 throni
897 464 987 502 positi

241 513 320 544 sunt,
339 513 367 536 et
385 508 525 546 antiquus
545 507 658 537 dierum
675 507 770 538 sedit:
785 514 814 537 et
832 510 988 538 vestimem

242 561 303 583 tum
318 555 381 593 ejus
397 554 556 583 candidum
579 555 655 583 sicut
673 555 744 583 nit:
757 561 786 584 et
798 555 924 595 capillus
939 565 988 584 ca·

584 166 614 190 S.
641 151 776 191 JOANNIS
802 167 983 191 CHRYSOST.
1013 168 1166 192 aucun-:tn
1194 169 1463 193 CONSTANTlNOP.

1039 232 1078 271 τῷ
1092 231 1183 272 κέρατι
1195 231 1291 272 *rod-up,
1303 231 1348 261 καὶ
1362 231 1449 271 στόμα
1468 232 1564 261 λαλοῦν
1578 231 1692 271 μεγάλα.
1708 230 1744 262 Τί
1757 231 1809 272 γὰρ

1039 277 1138 308 ἐκείνου
1151 280 1197 308 τοῦ
1207 277 1339 317 στόματος
1358 279 1446 316 μεῖζον
1460 277 1554 318 γένοιτ’
1573 278 1604 308 ἂν
1619 281 1666 308 τοῦ
1678 277 1809 317 λέγοντος,

1040 323 1104 353 Ἐπὶ
1114 323 1201 354 πάντα
1212 324 1353 364 λεγόμενον
1366 324 1436 354 Θεὸν
1449 323 1467 359 ἢ
1486 323 1626 364 σέὸασμα,
1648 323 1718 354 ὥστε
1732 323 1810 354 αὐτὸν

1039 371 1075 403 εἷς
1088 369 1132 400 τὸν
1152 369 1214 400 ναὸν
1227 371 1273 399 τοῦ
1294 371 1366 400 Θεοῦ
1388 370 1512 408 καθίσαι,
1529 371 1564 400 Εἴ
1578 369 1606 400 δὲ
1619 370 1750 411 ὀφθαλμοὶ
1763 371 1811 399 ἀν-

1039 415 1159 456 θρώπου,
1181 415 1221 455 μὴ
1237 416 1392 456 θαυμάσῃς·
1406 415 1452 446 καὶΙ
1465 415 1516 456 γὰρ
1538 418 1648 446 τοιαῦτα
1661 415 1810 456 φθέγγεται.

1037 460 1188 502 Ἄνθρωπός
1207 463 1280 499 ἐστι,
1301 462 1375 503 φησί.
1396 461 1448 492 Διὰ
1461 461 1488 491 τί
1504 461 1532 492 δὲ
1547 461 1650 502 μικρὸν,
1663 461 1709 491 καὶ
1721 462 1770 491 οὔκ
1783 460 1812 495 ἐξ

1038 509 1124 548 ἀρχῆς
1148 507 1218 548 μέγα
1239 508 1375 549 φαίνεται,
1391 508 1461 538 Ἀλλ’
1484 508 1594 549 ὕστερον
1614 506 1812 544 αὐξηθήσεται,

1038 553 1083 583 καὶ
1092 554 1219 594 κρατήσει
1227 556 1307 584 τινῶν
1318 554 1500 595 {tuomst
1507 549 1553 584 ou³v
1561 566 1569 591 ;
1580 552 1681 584 Οὐκέτι
1688 551 1811 592 βασιλεία

241 602 310 640 pitis
328 602 390 640 ejus
413 603 499 640 quasi
519 600 593 630 lana
609 600 723 630 munda
741 609 752 631 :
781 602 904 631 thronus
925 603 988 642 ejus
1005 604 1025 628 1)
1039 599 1189 640 διαδέχεται
1199 603 1300 636 τοῦτον,
1308 601 1367 630 ἀλλ’
1377 600 1553 635 αὖτὸςδθεὸς
1564 598 1701 630 καταλύει.
1713 597 1812 628 Ἐθεώ-

233 648 363 690 flamma
373 649 448 687 ignis
460 660 468 676 .-
482 653 554 677 rotoe
561 649 626 687 ejus
637 648 839 690 igniseirdens.
850 650 897 678 10.
912 649 988 678 Flu-

244 695 307 724 vius
318 696 394 733 ignis
406 695 547 723 manabat
556 694 707 734 egrediens
717 704 736 723 a
746 701 902 734 compe-ctu
915 697 988 735 ejus.

243 742 331 771 Mille
347 741 445 770 millia
467 742 675 771 ministrabant
690 742 729 778 ei,
750 747 779 771 et
793 742 872 771 dena
893 742 990 771 millia

244 788 352 817 denum
371 787 498 817 millium
520 789 696 817 assistebant
715 794 786 818 ante
804 798 880 818 eum.
902 789 990 818 Judi-

244 835 323 863 cium
341 835 427 870 sedit,
442 840 471 863 et
489 834 558 863 libri
577 835 672 873 aperti
689 840 769 866 sunt.
790 833 990 864 Contendamus

243 879 353 916 animo,
379 879 521 909 carissimi.
550 880 612 909 Non
633 879 706 909 enim
731 880 823 920 parvis
849 879 884 909 de
909 880 1009 910 rebus*

243 925 344 965 agitur.
362 926 482 962 Thr-oni,
501 925 600 964 inquit,
614 926 702 964 positi
716 933 797 963 sunt,
809 933 837 955 ει
850 928 992 966 antiquus

244 973 358 1002 dierum
369 973 453 1001 sedit.
465 971 536 1009 Quis
555 977 596 1000 est
613 970 685 1000 iste?
698 971 784 1001 Sicuti
802 982 865 1002 cum
882 972 993 1002 audiisti

246 1029 351 1055 ursmn,
372 1028 425 1047 non
444 1017 479 1048 de
500 1028 563 1048 urso
581 1017 715 1057 cogitasti,
736 1024 764 1047 et
785 1027 848 1048 cum
869 1018 991 1056 leaenam,

244 1073 298 1096 non
314 1064 343 1094 id
361 1064 462 1094 animal
483 1063 675 1104 suspicabaris,
698 1063 746 1093 sed
767 1074 866 1104 regna;
884 1071 910 1094 et
930 1075 994 1094 cum

1039 658 1112 687 ρουν,
1136 646 1186 680 ἕως
1202 643 1233 676 οὗ
1251 646 1338 687 θρόνοι
1353 646 1490 683 ἐτέθησαν,
1507 646 1553 676 καὶ
1568 645 1681 679 παλαιὸς
1702 646 1811 684 ἡμερῶν

1039 693 1153 730 ἐκάθητο
1162 705 1168 712 ·
1183 694 1228 723 καὶ
1241 693 1272 723 τὸ
1283 693 1383 732 ἔνδυμα
1397 695 1478 724 αὐτοῦ
1489 692 1582 723 λευκὸν
1595 691 1659 722 ὡσεὶ
1669 690 1736 732 χιών
1748 703 1755 710 ·
1766 691 1813 721 καὶ

1040 741 1058 776 ἦ
1070 738 1125 779 θρὶξ
1136 741 1184 776 τῆς
1197 740 1314 780 κεφαλῆς
1327 740 1407 769 αὐτοῦ
1420 738 1484 769 ὡσεὶ
1495 739 1563 779 ἔριον
1576 738 1690 778 καθαρόν
1698 749 1706 756 ·
1721 740 1735 767 ὁ
1749 737 1812 778 θρό-

1041 797 1083 819 νος
1096 787 1175 815 αὐτοῦ
1196 786 1260 826 φλὸξ
1280 786 1376 827 πυρός·
1391 787 1415 816 οἰ
1436 784 1528 826 τροχοὶ
1542 785 1622 814 αὐτοῦ
1635 787 1690 825 πῦρ
1705 783 1812 826 φλέγον.

1042 831 1168 870 Ποταμὸς
1187 831 1269 872 πυρὸς
1284 828 1369 862 εἷλκεν
1384 830 1588 871 ἐκπορευόμενος
1602 829 1749 871 ἔμπροσθεν
1764 830 1814 859 αὖ-

1042 880 1099 908 τοῧ.
1117 877 1210 908 Χίλιαι
1223 877 1341 918 χιλιάδες
1353 877 1532 917 ἐλειτούργουν
1546 877 1619 916 αὐτῷ
1629 899 1637 914 ,
1657 875 1702 905 καὶ
1723 874 1815 916 μύριαι

1043 924 1167 964 μυριάδες
1180 924 1402 964 παρειστήκεισαν
1413 924 1560 964 ἔμπροσθεν
1571 925 1661 953 αὐτοῦ.
1673 922 1815 963 Κριτήριον

1042 971 1149 1000 ἐκάθισε
1157 991 1165 1006 ,
1183 970 1229 1000 καὶ
1251 970 1337 1010 βίὸλοι
1362 969 1545 1011 ἀνεῴχθησαν.
1567 969 1749 1008 Συντεζνιιηιεν
1766 968 1815 1004 τὴν

1044 1016 1170 1052 διάνοιαν,
1180 1017 1323 1056 ἀγαπητοί.
1334 1018 1376 1047 Οὔ
1389 1016 1440 1057 γὰρ
1451 1016 1513 1056 περὶ
1525 1017 1627 1056 μικρῶν
1637 1017 1652 1047 ὁ
1661 1015 1737 1055 λόγος
1749 1014 1815 1045 ἐστί.

1044 1062 1158 1103 Θρόνοι,
1171 1062 1262 1103 φησὶν,
1274 1062 1410 1098 ἐτέθησαν,
1423 1062 1469 1092 καὶ
1481 1064 1496 1092 ὁ
1508 1062 1620 1096 παλαιὸς
1633 1063 1740 1101 ἡμερῶν
1752 1061 1815 1091 ἐκά-

202 1138 204 1143 2
245 1121 333 1149 maro,
349 1121 403 1141 non
423 1122 507 1148 mare,
531 1110 579 1141 sed
601 1110 694 1141 orbem
716 1117 860 1149 terrarum,
883 1111 913 1141 in
933 1112 995 1142 aliis
1011 1110 1030 1134 Ε
1045 1112 1119 1146 θητο.
1127 1109 1176 1143 Τίς
1188 1110 1259 1139 ἐστιν
1268 1104 1357 1146 οὗτοςς
1370 1108 1475 1149 Ὥσπερ
1485 1108 1602 1143 ἀκούσας
1611 1108 1702 1148 ἄρκον,
1712 1108 1760 1138 οὐκ
1771 1107 1817 1147 ἄρ·

97 1438 154 1467 Sap.
163 1436 187 1460 5.
202 1437 238 1461 18.

99 1485 157 1507 lsai.
166 1484 237 1509 63.3.

100 1716 166 1736 Osce.
178 1713 201 1736 6.
215 1713 238 1736 5,

101 1806 185 1829 «unuln.
204 1814 238 1837 ¹9.

245 1157 298 1187 alia
309 1157 428 1198 cogitans
440 1169 447 1186 ι
461 1159 497 1186 ita
510 1164 538 1187 et
550 1167 632 1187 nunc.
649 1156 784 1196 Antiquus
806 1156 914 1187 dierum
927 1158 995 1197 quid
1044 1168 1091 1187 κον
1104 1156 1230 1193 ἐνόησας,
1245 1156 1290 1185 καὶ
1303 1155 1420 1193 λέαιναν,
1432 1155 1462 1185 οὓ
1475 1157 1553 1185 τοῦτο
1565 1154 1735 1189 ὖπώπτευες,
1750 1153 1817 1183 ἀλλὰ

249 1202 308 1231 est?
319 1202 383 1234 Seni
401 1201 510 1231 cuidam
534 1201 632 1231 similis
651 1208 718 1231 erat.
734 1202 805 1231 Nam
817 1201 853 1231 ad
870 1212 934 1232 usus
951 1212 993 1232 re·
1045 1201 1195 1242 βασιλείας·
1210 1201 1256 1232 καὶ
1269 1201 1413 1239 θάλασσαν,
1427 1202 1457 1231 οὗ
1471 1200 1621 1237 θάλασσαν,
1637 1199 1706 1230 ἀλλὰ
1719 1199 1768 1236 τὴν
1782 1199 1818 1228 οἰ-

245 1258 318 1285 rum,
327 1254 436 1288 propter
445 1258 512 1287 quas
525 1254 648 1287 apparet,
662 1247 782 1288 seipsum
794 1247 903 1282 forman
914 1254 995 1286 atque
1045 1248 1186 1288 κουμένην,
1208 1248 1241 1278 δι’
1266 1246 1361 1288 ἑτέρων
1376 1248 1454 1288 ἔτερα
1465 1259 1472 1267 ·
1489 1247 1559 1277 οὕτω
1572 1246 1617 1276 καὶ
1631 1248 1685 1275 νῦν.
1700 1245 1820 1278 Παλαιὸς

245 1294 291 1324 hic
318 1294 436 1324 ostendit
461 1294 570 1323 senibus
590 1293 696 1333 judicia
716 1304 772 1323 esse
791 1293 992 1323 committenda.
1044 1295 1153 1334 ἡμερῶν
1160 1293 1186 1323 τί
1195 1295 1279 1331 ἐστιν;
1290 1294 1456 1334 Γεγηρακότι
1469 1293 1520 1323 τινὶ
1533 1293 1620 1334 ἐῴκει.
1632 1291 1704 1333 Πρὸς
1712 1291 1763 1332 γὰρ
1771 1291 1819 1325 τὰς

245 1340 323 1371 Sicut
339 1340 410 1370 enim
427 1351 492 1371 cum
513 1339 591 1370 audis
604 1340 745 1377 thronum,
761 1350 815 1370 non
836 1339 992 1370 cathedram
1001 1361 1039 1381 ²39
1045 1340 1136 1381 χρείας
1147 1341 1204 1374 τῶνΙ
1213 1340 1389 1380 πραγμάτων,
1400 1341 1433 1369 δι’
1447 1340 1477 1374 ἃς
1489 1339 1619 1380 φαίνεται,
1629 1342 1707 1369 τυποῖ
1717 1337 1819 1375 ἑαυτὸν,

246 1386 377 1427 intelligis
392 1399 400 1416 ι
416 1397 512 1418 verum
530 1386 591 1426 quis
614 1385 681 1416 adeo
699 1386 782 1416 vilem
802 1396 834 1416 ac
851 1386 994 1426 vulgarem
1012 1389 1031 1412 Α
1045 1385 1258 1420 δεικνὺςὸτιτοῖς
1266 1386 1392 1420 τοιούτοις
1402 1385 1744 1426 πιστεύεσθαιτὰκριτ-ήρια
1751 1384 1818 1425 χρή.

247 1443 355 1464 sensum
373 1433 516 1474 arriperet,
530 1444 593 1464 cum
605 1440 632 1463 et
647 1434 715 1464 alibi
728 1435 804 1464 Deus
817 1440 936 1464 armatus
948 1434 992 1464 vi-

247 1479 355 1516 deatur,
371 1486 399 1509 et
417 1479 485 1509 alibi
503 1479 676 1510 cruentatus?
688 1481 746 1510 Hoc
767 1480 857 1519 itaque
876 1479 995 1510 indicare

246 1523 323 1560 vult,
340 1530 446 1563 tempus
474 1523 574 1564 judicii
594 1534 661 1554 esse.
684 1525 894 1554 Vestimentum
914 1525 992 1564 ejus,

269 1571 333 1600 uasi
345 1572 409 1608 nix,
422 1570 593 1600 candidum.
605 1568 717 1608 Quare?
728 1570 865 1608 Quoniam
876 1580 929 1599 non
940 1580 994 1599 rno-

266 1626 283 1646 ο
294 1623 401 1657 tempus
410 1623 450 1646 est
459 1615 570 1657 judicii,
590 1616 638 1646 sed
656 1615 842 1646 retributionis
860 1626 968 1655 quoque
983 1627 992 1644 :

246 1663 375 1703 quoniam
392 1670 503 1693 cunctos
522 1663 575 1703 ipsi
597 1662 703 1692 adstare
723 1669 829 1702 oportet
843 1675 850 1691 ε
866 1662 995 1702 quoniam

247 1711 400 1740 Juda'cium
420 1709 511 1747 illius,
529 1708 631 1749 inquit,
650 1710 735 1748 quasi
753 1709 806 1738 luz·
822 1709 994 1749 egredietur.

247 1755 355 1786 Deinde
369 1756 395 1785 T
392 1756 478 1785 broni
484 1757 574 1795 positi
580 1761 659 1785 sunt.
675 1756 771 1785 Nonne
787 1755 876 1784 throni
885 1755 914 1784 in
929 1755 993 1794 qui-

247 1803 300 1832 bus
309 1802 461 1840 sedebitis,
473 1802 572 1841 inquit,
585 1812 675 1842 super
683 1802 835 1831 duodecim
850 1802 970 1831 thronos
980 1804 994 1830 P

247 1850 290 1879 Et
310 1849 435 1889 capillus
455 1850 560 1888 capitis
579 1850 642 1888 ejus
665 1849 752 1888 quasi
775 1848 847 1878 lana
869 1849 992 1879 munda.

247 1895 323 1934 Ignis
335 1895 404 1928 nihil
418 1894 601 1931 consumebat,
610 1893 830 1933 quandoquidem
843 1894 912 1924 lenis
924 1901 991 1924 erat.

249 1941 336 1971 Vides
347 1941 443 1971 faciem
455 1941 618 1970 ethabitum
639 1940 748 1970 civilem
764 1951 795 1971 ac
807 1941 969 1982 popularem
979 1941 994 1971 ?

248 1987 377 2017 Thronus
395 1988 522 2025 terrebat,
541 1987 615 2026 quod
632 1987 694 2026 igne
712 1987 879 2022 abundarct;
896 1994 923 2017 et
940 1998 993 2018 non

249 2035 311 2074 igno
321 2034 490 2074 simpliciter,
504 2033 552 2063 sed
561 2034 622 2073 igne
630 2033 749 2063 ardente.
766 2035 835 2064 Nam
849 2045 882 2064 ue
897 2034 993 2064 existi-

249 2091 345 2118 mares,
355 2091 404 2120 per
414 2080 618 2110 similitudinem
635 2081 732 2110 factam
745 2091 801 2111 esse
814 2081 993 2121 comparatio-

248 2137 321 2163 nem,
341 2126 448 2155 addidit
468 2126 538 2165 ignis
557 2126 632 2155 illius
653 2126 810 2163 efficaciam,
831 2137 885 2156 non
905 2127 992 2156 solum

249 2173 337 2212 ignem
347 2172 451 2207 dicens,
464 2171 511 2201 sed
523 2172 610 2210 ignem
621 2172 767 2210 ardentem.
782 2175 906 2203 Flavius
914 2174 995 2212 ignis

248 2220 390 2248 manabat
400 2226 582 2257 aconspectu
597 2221 669 2259 ejus.
691 2220 778 2249 Mille
793 2220 891 2249 millia
911 2221 995 2249 mini-

281 2329 292 2342 u
310 2321 374 2349 Ᾰλλὰ
385 2327 432 2351 πῶς
445 2326 484 2348 τὸν
496 2324 587 2355 χυδαῖον
600 2334 633 2352 τις
652 2326 809 2350 ἐπισπάσαιτο.
822 2322 849 2348 Si
859 2322 969 2356 legamus
982 2327 1009 2350 τὸ

248 2363 348 2395 χυδαῖον,
359 2360 427 2386 clara
442 2366 515 2386 erunt
523 2361 617 2385 omnia.
631 2362 721 2386 Postea
732 2362 842 2387 rescribo
854 2365 956 2397 ἑτέρωθι.

282 2401 296 2420 ¹³
316 2403 390 2427 Χίλιαι
403 2402 502 2434 χιλιάδες
513 2402 665 2435 ἐλειτούργουν
675 2404 744 2434 αὐτῷ,
758 2405 796 2427 καὶ
809 2403 889 2436 μύριαι
899 2404 1007 2435 μυριάδες

248 2446 435 2474 παρειστήκεισαν
446 2442 573 2475 ἔμπροσθεν
584 2443 662 2465 αὐτοῦ.
675 2440 800 2464 Numerus
812 2446 896 2465 certus
910 2448 957 2472 pro
969 2441 1008 2464 in-

247 2484 326 2504 certo.
341 2479 426 2509 Quare
441 2477 495 2503 haec
506 2476 583 2503 verba
595 2479 662 2503 varie
678 2477 711 2502 ab
729 2477 846 2503 Ecclesiae
864 2479 1009 2504 doctoribus

247 2517 323 2542 allata
335 2518 460 2550 invenies,
473 2518 500 2543 S.
514 2518 612 2543 Irenaeo
629 2516 674 2544 lib,
694 2518 719 2548 2,
738 2526 794 2550 cap.
813 2521 837 2548 6,
854 2517 1010 2543 Tertulliano

248 2555 369 2582 advorsus
379 2557 502 2582 Praxeam
513 2565 570 2591 cap.
582 2556 605 2588 8,
615 2556 724 2581 Auctore
730 2555 788 2582 libri
798 2556 829 2582 ad
842 2557 1011 2582 Novatianum

1044 1433 1152 1473 εὨσπερ
1157 1433 1208 1473 γὰρ
1218 1433 1307 1473 θρόνον
1318 1432 1420 1463 ἀκούων
1430 1432 1490 1472 οὐχὶ
1501 1431 1628 1472 καθέδραν
1639 1436 1706 1465 νοεῖς
1713 1443 1720 1450 ·
1732 1434 1742 1447 “
1751 1431 1819 1460 ἀλλὰ

1045 1481 1102 1513 πῶς
1114 1479 1159 1509 τὸν
1173 1478 1282 1519 χυδαῖόν
1304 1491 1343 1512 τις
1357 1478 1550 1514 ἐπισπάσαιτο,
1569 1477 1627 1508 ἐπεὶ
1642 1477 1687 1507 καὶ
1700 1477 1819 1517 ἀλλαχοῦ

1045 1525 1212 1564 ὡπλισμένος
1221 1525 1352 1565 φαίνεται,
1365 1524 1411 1554 καῖ
1419 1524 1543 1563 ἑτέρωθεν
1553 1523 1721 1564 ᾐμαγμένοςς
1732 1524 1819 1552 Τοῦτο

1045 1566 1090 1601 οὖν
1107 1571 1229 1611 βούλεται
1244 1570 1344 1606 δεῖξαι,
1357 1569 1398 1600 ὅτι
1417 1569 1528 1610 κρίσεως
1548 1569 1647 1610 καιρός.
1667 1569 1708 1599 Τὸ
1719 1569 1818 1608 ,ἔνδυμα

1046 1619 1144 1655 αὐτοῦ,
1156 1617 1220 1647 ὡσεὶ
1233 1616 1310 1658 χιὼν,
1323 1616 1428 1646 λευκόν.
1449 1615 1529 1650 Τίνος
1549 1616 1655 1652 ἔνεκεν;
1673 1615 1738 1646 Ὅτι
1759 1615 1819 1655 οὐχὶ

1046 1664 1157 1705 κρίσεως
1180 1664 1270 1704 καιρὸς
1292 1663 1384 1703 μόνον,
1407 1662 1476 1692 ἀλλὰ
1489 1663 1534 1693 καὶ
1557 1663 1765 1696 ἀνταποδόσεως·
1779 1663 1819 1692 ὅτι

1046 1711 1147 1744 πάντας
1171 1711 1210 1740 δεῖ
1228 1712 1301 1751 αὐτῷ
1318 1712 1502 1750 παραστῆναν
1515 1709 1556 1739 ὅτι
1571 1709 1612 1739 Τὸ
1625 1709 1709 1750 κρίμα
1722 1709 1802 1738 αὐτοῦ
1811 1732 1819 1744 ,

1047 1757 1122 1798 φησὶ,
1133 1759 1169 1792 ὣς
1182 1758 1237 1798 φῶς
1250 1756 1422 1791 ἐξελεύσεται.
1437 1751 1507 1786 Εἶτα
1518 1755 1618 1796 Θρόνοι
1628 1755 1763 1792 ἐτέθησαν.
1777 1756 1818 1784 Οὔ

1046 1804 1151 1844 θρόνοι,
1164 1805 1191 1833 ἐν
1203 1799 1241 1837 οἷς
1252 1802 1422 1839 Καθήσεσθε,
1433 1801 1511 1843 φησὶ,
1525 1801 1570 1832 ἐπὶ
1583 1801 1686 1831 δώδεκα
1697 1800 1800 1841 θρόνους
1810 1813 1819 1837 ;

1047 1849 1101 1880 Καὶ
1115 1851 1133 1886 ἡ
1152 1848 1208 1889 θρὶξ
1227 1851 1275 1885 τῆς
1296 1850 1413 1889 κεφαλῆς
1425 1850 1505 1878 αὐτοῦ
1526 1847 1590 1877 ὡσεὶ
1607 1847 1675 1887 ἔριον
1692 1850 1761 1877 καθα
1793 1859 1817 1876 ν.

1012 1898 1030 1922 Β
1048 1897 1089 1926 Τὸ
1100 1899 1155 1936 π’ῦρ
1168 1895 1243 1925 οὐδὲν
1257 1895 1409 1931 ἀνήλισκεν,
1430 1893 1522 1930 ἐπειδὴ
1541 1893 1593 1934 γὰρ
1611 1893 1723 1932 ἥμερον.
1755 1902 1760 1912 ⁴
1778 1893 1819 1925 δες

1046 1943 1105 1983 ὄψιν
1119 1942 1164 1972 καὶ
1178 1943 1272 1981 σχῆμα
1286 1940 1421 1970 πολιτικὸν
1435 1939 1480 1970 καὶ
1492 1938 1695 1979 δημαγωγικόν;
1708 1938 1743 1967 ‘O
1757 1938 1816 1978 θρό»

1046 2000 1088 2022 νος
1103 1987 1208 2028 ἐφόὸει,
1230 1988 1268 2026 τῷ
1290 1985 1440 2026 πολύπυρος
1461 1981 1545 2015 εἶναι·
1564 1987 1619 2025 πῦρ
1641 1985 1692 2024 οὐχ
1707 1984 1798 2017 ἅπλῶς
1810 2005 1818 2018 ,

1046 2033 1115 2064 ἀλλὰ
1125 2033 1230 2073 φλέγον.
1242 2031 1303 2062 Ἵνα
1312 2031 1364 2072 γὰρ
1374 2031 1411 2071 μὴ
1423 2031 1533 2070 νομίσῃς
1543 2030 1587 2060 διὰ
1598 2030 1647 2067 τὴν
1666 2030 1753 2060 εἰκόνα
1763 2042 1819 2059 πα-

1048 2080 1243 2121 ραὸεὸλῆσθαι,
1257 2078 1420 2119 προσέθηκεν
1430 2081 1509 2108 αὐτοῦ
1522 2077 1572 2114 τὴν
1586 2076 1727 2117 ἐνέργειαν,
1737 2076 1818 2106 εἰπὼν

1046 2128 1098 2167 οὐχ
1111 2127 1202 2159 ἅπλῶς
1215 2127 1278 2165 πῦρ,
1294 2124 1379 2160 ἀλλὰ,
1393 2125 1453 2164 Πῦρ
1467 2123 1573 2165 φλέγον.
1593 2122 1719 2163 Ποταμὸς
1737 2122 1819 2162 πυρὸς

1044 2169 1133 2203 εἷλκεν
1148 2171 1296 2211 ἔμπροσθεν
1317 2172 1408 2200 αὐτοῦ.
1422 2168 1435 2186 ¹¹
1444 2170 1536 2200 Χίλιαι
1555 2169 1673 2211 χιλιάδες
1686 2168 1819 2208 ἐλειτούρ-

1047 2230 1109 2259 γουν
1121 2220 1210 2258 αὐτῷ,
1223 2217 1269 2248 καὶ
1283 2216 1377 2257 μύριαι
1391 2216 1514 2257 μυριάδες
1531 2215 1753 2255 παρειστήκεισαν
1771 2214 1819 2253 ἔμ-

1058 2323 1124 2348 inter
1133 2321 1216 2355 Opera
1226 2321 1253 2347 S.
1267 2320 1398 2355 Cypriani,
1412 2320 1520 2346 Eusebio
1529 2321 1626 2354 Evang.
1642 2321 1750 2352 Praepar.
1763 2318 1780 2344 l.
1792 2321 1817 2350 7,

1057 2372 1081 2388 c.
1100 2365 1140 2395 ⁴5,
1158 2369 1233 2396 atque
1262 2363 1338 2386 etiam
1353 2362 1382 2386 B.
1403 2360 1586 2395 chrysostomo
1601 2360 1677 2386 Hom.
1699 2361 1713 2384 6
1730 2364 1818 2384 contra

1055 2404 1207 2433 Anomoeos;
1225 2409 1272 2427 nec
1290 2410 1341 2426 non
1361 2400 1386 2426 in
1403 2398 1610 2427 Ordinationihus
1627 2398 1818 2424 Maronitarum.

1058 2442 1091 2466 At
1099 2443 1230 2468 Editiones
1238 2440 1265 2466 S.
1276 2440 1427 2475 Hieronymi
1434 2439 1468 2465 ad
1475 2439 1543 2464 hunc
1551 2438 1636 2464 locum
1643 2438 1738 2463 vitiosae
1745 2444 1816 2463 sunt:

1059 2481 1165 2515 Duplex
1180 2486 1264 2505 aulem
1281 2479 1427 2513 angelorum
1449 2477 1566 2513 officium
1587 2483 1642 2510 es1,·
1654 2478 1761 2502 alionum
1774 2479 1820 2511 qui

1054 2519 1135 2553 justis
1146 2521 1253 2553 proemia
1265 2519 1390 2551 tribuunt;
1402 2518 1510 2543 “lionam
1529 2518 1575 2550 qui
1582 2517 1693 2550 singulis
1708 2522 1821 2550 preerunt

1063 2558 1222 2584 cruciatibus.
1236 2559 1316 2584 Nemo
1328 2566 1379 2584 non
1392 2556 1462 2585 videt
1472 2555 1633 2585 scribendum
1643 2564 1695 2583 esse
1703 2557 1818 2581 civitati-
