1890 2826
60 471 146 519 1¹5311171.
163 476 200 492 21.

62 509 128 554 'pilu
142 532 166 554 8.
176 533 199 555 3.

57 746 126 768 mm.
138 754 158 774 7.
196 748 200 756 ¹

56 784 123 829 isshl.
137 813 186 835 ¹09·

56 838 70 867 4

56 855 120 891 μ’κιῑι.
139 877 161 892 2.
173 877 195 900 7.

57 927 193 958 Illnlllt.9.9.

49 1812 101 1834 Luc.
113 1819 134 1834 2.
150 1812 185 1843 14.

213 170 282 216 460

213 244 262 283 qui
281 254 315 273 ex
335 245 449 284 Virgine
467 251 544 274 natus
557 251 607 282 est,
626 251 657 274 ut
674 245 796 274 mulieris
809 244 915 275 dolores
926 245 955 274 in

212 290 330 319 laetitiam
343 297 502 320 commutet:
513 290 642 331 virgines,
654 290 744 320 filium
757 290 891 330 Virginis,
906 289 954 320 ad-

212 335 337 366 mirantes
352 337 400 375 qui
418 337 464 365 fiat
479 343 508 365 ut
528 336 604 366 lactis
616 336 749 373 conditor,
769 337 817 375 qui
829 336 912 365 efficit
926 342 955 366 ut

213 382 327 412 uberum
348 383 432 413 fontes
456 390 600 423 spontanea
621 382 720 412 fluenta
739 382 912 419 diffundant,
938 393 954 411 a

212 428 327 468 Virgine
340 436 423 458 matre
433 429 541 469 pueruli
551 429 709 459 alimentum
723 428 850 468 accipiat:
866 428 952 457 insan-

212 482 261 512 tes,
274 487 335 505 eum
344 476 391 515 qni
402 477 487 505 factus
497 482 540 505 est*
550 476 647 513 infans,
663 482 693 505 ut
703 485 737 505 ex
751 485 797 505 ore
811 474 954 504 infantium

211 528 236 550 et
250 521 403 551 lactentium
421 521 529 551 laudem
539 521 696 561 perficeret:
709 520 805 561 pueri,
821 526 937 560 puerum
946 543 953 557 ,

211 568 258 606 qui
278 575 408 608 martyres
424 568 459 597 ob
481 567 597 598 Herodis
617 568 747 597 insaniam
764 566 866 596 effecit:
879 566 951 603 viri,

210 626 271 643 eum
285 615 330 653 qui
345 615 426 644 homo
444 614 530 645 factus
543 621 593 653 est,
607 621 637 644 ut
650 624 791 644 servorum
804 613 883 643 malis
896 624 953 642 me-

208 660 331 690 deretur:
351 669 481 702 pastores,
502 661 605 691 bonnm
617 667 762 701 pastorem,
777 660 824 699 qui
836 660 952 689 animam

208 718 257 747 pro
273 708 438 738 ovibuseuis
451 708 541 748 ponit:
556 708 716 744 sacerdotes,
731 718 793 737 enm
807 707 855 746 qui
866 707 952 737 factus

208 760 246 782 est
273 754 398 784 Pontifex
426 754 575 784 secundum
602 753 724 783 ordinem
750 752 929 783 Melchisedec
941 765 948 783 ι

207 800 286 835 servi,
305 811 366 830 eum
380 802 428 840 qui
442 801 513 831 servi
526 801 639 831 formam
656 800 768 840 accepit,
790 807 820 829 ut
833 807 950 830 nostram

206 846 362 876 servitutem
379 847 482 877 honore
499 846 630 877 libertatis
642 853 766 884 ornaret3
785 846 931 886 piscatores
941 868 948 878 .

204 902 266 921 eum
280 893 327 931 qui
341 903 375 922 ex
393 893 571 932 piscatoribus
584 892 726 922 hominum
745 891 827 921 efficit
840 898 948 921 venato-

203 949 260 968 res:
281 939 430 979 publicani‚
450 950 513 969 eum
531 939 579 979 qui
599 950 633 969 ex
652 938 806 979 publicanis
821 938 948 967 selectum

203 986 393 1025 evangelistam
407 986 543 1026 designat;
558 985 720 1020 meretrices,
734 995 795 1014 eum
802 984 948 1025 quilaery-

203 1031 255 1061 mis
268 1032 424 1061 meretriciis
435 1031 516 1072 pedes
530 1042 593 1061 suos
603 1031 731 1071 exponit;
743 1037 822 1069 atque
837 1037 865 1060 ut
879 1041 947 1061 com-

202 1078 305 1116 plectar
327 1079 415 1113 brevi,
437 1086 588 1119 peccatores
609 1088 701 1108 omnes
723 1077 900 1115 advenerunt,
916 1084 947 1107 ut

202 1133 301 1162 agnum
314 1125 364 1154 Dei
383 1132 537 1161 cernerent,
550 1125 596 1164 qui
616 1124 688 1154 tollit
705 1131 812 1164 peecata
831 1124 944 1161 mundi,

201 1171 273 1209 magi
289 1177 318 1199 ut
331 1181 393 1199 eum
414 1170 540 1200 satellitio
561 1180 609 1199 suo
625 1170 744 1210 cingant,
765 1177 894 1210 pastores,
915 1179 946 1201 ut

201 1225 262 1244 eum
276 1216 443 1253 benedicant,
458 1216 608 1256 publicani,
623 1224 653 1245 ut
668 1217 837 1256 evangelium
849 1217 946 1257 praedi-

200 1269 260 1291 cent
270 1285 277 1299 ‚
293 1263 443 1292 meretrices
453 1286 460 1298 ,
477 1270 506 1292 ut
526 1269 658 1302 unguenta
671 1262 807 1300 deferant,
824 1264 943 1294 Samari-

199 1314 272 1344 tana,
284 1315 313 1337 ut
327 1309 425 1338 fontem
435 1309 497 1338 vitae
508 1309 588 1344 sitiat,
598 1309 757 1346 Cbananoea,
769 1317 798 1338 ut
810 1309 946 1339 indubita-

199 1360 253 1382 tam
268 1353 348 1383 fidem
361 1354 499 1383 exhibeat.
513 1355 584 1384 Cum
597 1354 681 1394 igitur
693 1365 784 1384 omnes
797 1356 942 1394 exsultent,

198 1400 268 1429 mihi
282 1411 389 1439 quoque
401 1400 488 1440 placet
499 1400 645 1437 exsultare,
660 1400 770 1430 choreas
782 1412 860 1441 agere
871 1403 943 1439 volo,

198 1447 348 1486 festumque
366 1447 518 1476 celebrare:
535 1457 617 1487 porro
630 1447 740 1477 choreas
756 1459 817 1488 ago,
834 1459 886 1478 non
899 1449 942 1479 ci-

198 1493 302 1522 tharam
314 1493 436 1533 pulsans,
448 1504 501 1523 non
515 1494 639 1533 thyrsum
652 1493 784 1532 quatiens,
796 1505 849 1524 non
863 1495 943 1526 tibias

196 1538 306 1575 inflans,
321 1550 374 1568 non
386 1540 456 1569 faces
475 1539 632 1576 accendens,
648 1539 696 1569 sed
715 1540 880 1570 musicorum
899 1542 941 1571 in-

197 1591 409 1615 strumentorum
424 1587 482 1620 loco
503 1586 604 1616 Christi
624 1596 756 1615 cunarum
776 1587 870 1616 fascias
893 1599 940 1628 ge-

195 1637 278 1661 stans.
299 1633 347 1661 Hae
362 1642 478 1671 namque
490 1631 557 1661 mihi
569 1638 631 1660 sunt
645 1642 716 1672 spes,
731 1632 772 1661 hae
786 1633 854 1662 mihi
868 1634 939 1671 vita,

545 184 574 206 S.
602 183 744 207 JOANMS
770 183 954 207 cuRYsosT.
984 184 1139 209 ancmEP.
1168 185 1442 211 CONSTANTINOP-

1010 247 1175 282 θηλαζόντων
1195 249 1341 289 καταρτίσῃ
1356 244 1442 278 αἶνον·
1465 250 1490 279 οἱ
1510 250 1601 284 παῖδες
1625 249 1670 280 τὸν
1696 251 1779 280 παῖδα

1011 292 1145 333 μάρτυρας
1159 294 1201 324 διὰ
1221 294 1270 331 τὴν
1284 294 1405 334 Ἡρώδου
1420 295 1516 334 μανίαν
1537 295 1742 336 εἶργασᾶμενον·
1755 297 1780 326 οἱ

1010 337 1101 378 ἄνδρες
1114 339 1158 369 τὸν
1171 340 1409 382 ἐνανθρωπήσαντα
1422 340 1467 370 καὶ
1479 340 1513 371 τὰ
1526 342 1579 370 τῶν
1594 341 1692 371 δούλων
1707 344 1780 381 θερα-

973 388 992 412 C
1010 384 1144 414 πεύσαντα
1158 386 1228 416 κακά
1238 398 1244 405 ·
1260 389 1284 416 οἱ
1295 385 1418 426 ποιμένες
1431 386 1476 416 τὸν
1489 387 1603 427 ποιμένα
1620 387 1664 417 τὸν
1684 387 1780 423 καλὸν,

1009 430 1053 459 τὸν
1076 431 1124 467 τὴν
1144 432 1232 472 ψυχὴν
1247 432 1313 473 ὑπὲρ
1327 435 1380 462 τῶν
1393 433 1534 474 προὸάτων
1556 433 1731 473 προθέμενον·
1754 435 1779 463 οἱ

1007 478 1084 516 ἱερεῖς
1095 478 1140 507 τὸν
1154 478 1223 508 κατὰ
1235 478 1284 515 τὴν
1297 479 1369 514 τάξιν
1382 479 1552 520 Μελχισεδὲκ.
1565 479 1690 520 ἀρχιερέα
1702 479 1779 519 γενό-

1007 534 1100 561 μενον·
1116 524 1140 552 οἱ
1162 525 1250 554 δοῦλοι
1271 524 1316 554 τὸν
1341 524 1445 566 μορφὴν
1466 525 1558 555 δούλου
1579 525 1710 562 λαθόντα,
1734 525 1778 555 ἵνα

1005 571 1084 607 ἡμῶν
1095 569 1144 605 τὴν
1163 570 1280 600 δουλείαν
1300 571 1434 612 ἐλευθερίᾳ
1450 571 1567 611 τιμήσῃ·
1586 573 1610 601 οἱ
1631 572 1714 606 ἁλιεῖς
1732 572 1777 602 τὸν

1007 614 1059 643 ἀπὸ
1070 614 1165 644 ἁλιέων
1179 616 1306 656 θηρευτὰς
1323 616 1466 656 ἀνθρώπων
1485 617 1657 657 ἐργαζόμενον
1667 629 1674 636 ·
1693 619 1718 647 οἱ
1730 630 1777 647 τε-

1005 661 1088 690 λῶναι
1101 661 1144 691 τὸν
1167 662 1220 691 ἀπὸ
1240 663 1360 692 τελωνῶν
1379 662 1567 702 εὐαγγελιστῆν
1589 663 1775 698 ἀναδείξαντα·

1005 707 1033 735 αἱ
1055 707 1150 747 πόρναι
1172 707 1217 736 τὸν
1237 712 1291 741 τοῖς
1314 713 1448 748 πορνικοῖς
1470 708 1582 748 δάκρυσι
1605 709 1665 742 τοὺς
1693 710 1776 743 πόδας

1004 753 1172 793 προϊέμενον·
1185 754 1230 784 καὶ
1242 754 1285 785 ἵνα
1297 754 1432 794 συντόμως
1446 754 1512 784 εἴπω
1520 775 1528 789 ,
1542 754 1638 788 πάντες
1651 756 1676 784 οἱ
1688 755 1776 795 ἁμαρ-

1003 800 1083 830 τωλοὶ
1096 796 1175 836 ἦλθον
1191 802 1255 831 ἰδεῖν
1273 801 1317 831 τὸν
1337 801 1419 840 ἀμνὸν
1440 804 1486 830 τοῦ
1506 802 1576 831 Θεοῦ
1599 801 1644 831 τὸν
1668 801 1776 842 αἴροντα

968 847 988 871 D
1003 846 1052 883 τὴν
1071 846 1203 887 ἁμαρτίαν
1225 851 1271 876 τοῦ
1294 847 1411 886 κόσμου,
1435 846 1535 887 1’μιιίγοι
1559 844 1775 888 δορυφοροῦντῖς,

1002 892 1124 931 ποιμένες
1138 893 1318 932 εὔλογοῦντες,
1332 895 1445 923 τελῶναι
1458 893 1699 933 εὖαγγελιζόμενοι,
1710 895 1775 936 πόρ-

1002 950 1044 967 ναι
1059 942 1270 980 μυροφοροῢσαι,
1284 941 1448 980 Σαμαρεῖτις
1466 939 1556 980 πηγὴν
1571 940 1676 979 διψῶσα
1689 942 1774 977 ζωῆς,

1002 986 1139 1015 Χαναναία
1158 986 1248 1015 πίστιν
1272 986 1453 1016 ἀνενδοίαστον
1466 986 1572 1027 ἔχουσα.
1595 987 1708 1016 Πάντων
1729 982 1775 1016 οὗν

1001 1031 1180 1072 σκιρτώντων,
1196 1034 1338 1072 σκιρτῆσαι
1356 1032 1424 1062 θέλω
1438 1032 1526 1072 κάγὼ,
1538 1036 1666 1073 χορεῦσαι
1678 1032 1773 1072 βούλο-

1001 1090 1063 1116 μαι,
1089 1078 1287 1118 οπανηγυρίσαι
1308 1078 1392 1108 θέλω·
1419 1078 1522 1119 χορεύω
1545 1080 1589 1115 δὲ,
1611 1080 1640 1109 οὑ
1663 1080 1773 1119 κιθάραν

998 1123 1133 1160 πλήττων,
1147 1126 1176 1154 οὗ
1192 1124 1285 1164 θυρσὸν
1299 1127 1389 1160 κινῶν,
1400 1125 1449 1154 οὒκ
1465 1124 1561 1158 αὐλοὺς
1583 1122 1664 1165 ἔχων,
1680 1125 1710 1154 οὖ
1724 1125 1772 1165 δᾷ-

999 1170 1044 1204 δας
1054 1170 1154 1206 ἅπτων,
1169 1171 1228 1200 ἀλλ’
1243 1170 1302 1200 ἀντὶ
1317 1172 1451 1210 μουσικῶν
1465 1170 1583 1210 ὀργάνων
1596 1170 1630 1200 τὰ
1643 1173 1690 1200 τοῦ
1704 1172 1772 1211 Χρι-

997 1219 1059 1246 στοῦ
1074 1216 1213 1256 σπάργανα
1225 1216 1320 1257 φέρων.
1332 1216 1406 1246 Αὐτὰ
1418 1216 1469 1257 γάρ
1479 1228 1524 1256 μοι
1537 1216 1612 1250 ἐλπὶς
1623 1239 1631 1254 ,
1645 1216 1713 1247 αὐτά
1727 1229 1773 1256 μοι

964 1266 982 1289 ss
998 1261 1051 1298 ζωὴ
1061 1284 1069 1298 ,
1081 1262 1149 1292 αὐτοί
1163 1274 1208 1301 μοι
1222 1262 1355 1302 σωτήρια,
1371 1263 1439 1292 αὐτά
1460 1275 1507 1302 μοι
1525 1262 1621 1300 αὐλὸς,
1641 1263 1709 1293 αὐτοί
1726 1275 1772 1302 μοι

997 1307 1104 1347 κιθάρα.
1124 1308 1174 1337 Διὸ
1191 1308 1236 1337 καὶ
1250 1308 1319 1338 αὐτὰ
1332 1308 1446 1349 ἔρχομαι
1460 1308 1556 1348 φέρων,
1574 1308 1618 1338 ἵνα
1632 1311 1665 1348 τῇ
1684 1310 1771 1338 αὐτῶν

998 1353 1107 1392 δυνάμει
1129 1354 1207 1394 ἰσχὺν
1233 1354 1319 1394 λόγων
1342 1354 1433 1384 λαὸὼν
1459 1356 1518 1393 μετ’
1543 1354 1663 1394 ἀγγέλων
1686 1354 1770 1391 εἴπω,

996 1399 1066 1434 Δόξα
1091 1401 1118 1429 ἐν
1139 1400 1259 1440 ὑψίστοις
1271 1402 1343 1440 Θεῷ·
1363 1400 1431 1439 μετὰ
1446 1400 1473 1430 δὲ
1490 1400 1632 1439 ποιμένων,
1655 1400 1709 1431 Καὶ
1725 1400 1771 1431 ἐπὶ

994 1447 1043 1484 γῆς
1056 1445 1162 1486 εἰρήνη,
1177 1447 1204 1475 ἐν
1219 1446 1364 1486 ἀνθρώποις
1380 1446 1496 1476 εὐδοκία.
1510 1445 1634 1486 Σήμερον
1648 1448 1662 1476 ὁ
1674 1457 1770 1484 γεννη-

995 1491 1047 1525 θεὶς
1069 1491 1191 1532 ἀρῤήτως
1216 1493 1247 1521 ἐκ
1270 1491 1395 1532 Πατρὸς,
1420 1493 1451 1521 ἐκ
1479 1491 1608 1531 παρθένου
1633 1492 1771 1528 τίκτεται,

995 1537 1135 1577 ἀφράστως
1145 1538 1178 1567 δι’
1192 1538 1248 1576 ἐμέ.
1263 1537 1343 1568 Ἀλλὰ
1356 1538 1416 1567 τότε
1428 1537 1476 1577 μὲν
1490 1537 1560 1567 κατὰ
1573 1537 1650 1578 φύσιν
1669 1539 1700 1568 ἐκ
1722 1541 1770 1567 τοῦ

994 1583 1101 1623 Πατρὸς
1122 1583 1174 1623 πρὸ
1194 1583 1296 1613 αἰώνων
1310 1583 1449 1623 ἐγεννήθη,
1471 1585 1508 1617 ὡς
1521 1585 1535 1612 ὁ
1548 1583 1676 1623 γεννήσας
1699 1579 1768 1614 οἶδε·

994 1629 1109 1669 σήμερον
1125 1629 1152 1659 δὲ
1165 1629 1246 1659 πάλιν
1257 1630 1331 1670 παρὰ
1344 1629 1422 1670 φύσιν
1433 1628 1543 1670 ἐτέχθη,
1558 1631 1594 1663 ὥς
1606 1632 1624 1665 ἡ
1633 1632 1679 1659 τοῦ
1692 1629 1770 1670 ἁγίου

195 1677 237 1706 hae
251 1678 318 1707 mihi
333 1678 417 1714 salus,
436 1678 478 1707 hae
494 1678 562 1707 mihi
577 1677 660 1715 tihiae,
680 1678 721 1707 ltae
734 1678 802 1707 mihi
816 1679 918 1709 cithara
930 1693 938 1710 =
951 1701 987 1723 aet.
994 1675 1149 1715 Πνεύματος
1164 1675 1304 1706 ἐπίσταται
1317 1677 1403 1716 χάρις·
1415 1675 1470 1706 Καὶ
1483 1678 1501 1712 ἡ
1516 1675 1570 1705 ἄνω
1583 1677 1663 1706 αὐτοῦ
1675 1675 1769 1716 γέννη-

195 1731 334 1764 propterea
348 1732 375 1754 et
388 1725 459 1765 ipsas
475 1731 579 1764 gestans
595 1724 720 1761 advenio,
735 1731 764 1754 ut
777 1735 871 1756 earum
884 1727 940 1756 vir·
959 1731 980 1753 A
995 1734 1036 1755 σις
1050 1721 1151 1758 ἀληθὴς
1163 1745 1170 1758 ,
1186 1721 1231 1751 καὶ
1244 1724 1261 1758 ἣ
1273 1722 1347 1752 κάτω
1358 1721 1478 1762 γέννησις
1493 1721 1621 1762 ἀψευδὴς,
1640 1722 1686 1752 καὶ
1699 1723 1770 1759 ἅλη-

195 1777 252 1800 tute
274 1771 427 1800 facultatem
455 1770 584 1800 sermonis
616 1770 728 1810 adeptus
753 1782 815 1801 cum
839 1773 941 1812 angelis

196 1816 294 1854 dicam,
310 1818 415 1846 Gloria
422 1819 453 1845 in
460 1817 610 1846 altissimis
620 1817 683 1845 Deo
688 1830 701 1852 ;
709 1828 769 1846 cum
778 1819 940 1858 pastoribus,

195 1865 237 1892 Et
258 1865 290 1892 in
305 1871 382 1893 terra
395 1874 473 1902 pax,
488 1865 520 1891 in
533 1864 698 1893 hominibus
712 1865 938 1904 beneplacitum.

195 1909 282 1938 Hodie
300 1910 348 1948 qni
365 1920 399 1938 ex
419 1911 496 1939 Patre
518 1908 688 1938 ineffabiliter
709 1911 813 1949 genitus
833 1920 888 1950 est,
905 1925 939 1944 ex

195 1955 311 1993 Virgine
330 1962 440 1995 propter
458 1965 501 1984 me
515 1954 699 1994 inexplicabili
715 1956 795 1986 modo
808 1959 936 1990 nascitur·

194 2000 249 2030 Sed
261 2007 320 2029 tum
331 2000 442 2039 quidem
461 2000 609 2030 secundum
626 2008 750 2031 naturam
767 2010 828 2033 ante
840 2006 937 2035 saecula

195 2046 300 2085 genitus
310 2054 349 2075 est
363 2057 397 2075 ex
411 2047 500 2082 Pau-e,
515 2054 596 2084 prout
608 2047 684 2076 novit
697 2048 753 2086 ille,
769 2050 815 2088 qui
831 2052 938 2090 genuit:

194 2092 276 2122 hodie
290 2103 355 2122 vero
364 2103 459 2121 rursus
473 2103 506 2121 ex
517 2092 633 2132 Virgine
643 2101 738 2133 praeter
748 2103 871 2126 naturam
885 2108 936 2128 na-

193 2145 238 2167 tus
252 2145 300 2174 est,
312 2145 395 2178 prout
408 2138 526 2178 Spiritus
539 2139 622 2167 sancti
643 2140 719 2169 novit
731 2143 826 2179 gratia.
840 2144 876 2173 Et
889 2154 936 2173 su-

193 2195 277 2225 perna
296 2186 354 2224 ejus
366 2184 499 2224 generatio
512 2195 575 2214 vera
594 2191 644 2220 est,
659 2192 685 2214 et
697 2186 806 2217 inferior
818 2190 877 2229 ejus
889 2201 935 2231 ge-

193 2231 294 2261 neratio
311 2231 420 2260 minime
432 2230 514 2259 falsa:
529 2237 556 2260 et
573 2241 635 2260 vere
649 2233 721 2262 Deus
735 2243 770 2262 ex
783 2235 840 2264 Deo
859 2237 937 2275 geni-

193 2284 237 2307 tus
251 2285 301 2315 est,
316 2284 342 2307 et
355 2288 415 2307 vere
428 2277 508 2306 homo
522 2276 593 2306 idem
607 2288 641 2306 ex
654 2278 769 2318 Virgine
786 2288 864 2311 natus
885 2290 935 2313 est.

193 2324 308 2353 Sursum
319 2324 393 2353 solus
404 2334 438 2352 ex
450 2323 508 2352 solo
530 2323 708 2362 Unigenitus,
722 2323 848 2356 deorsum
862 2329 936 2358 solus

193 2380 226 2398 ex
248 2369 304 2399 sola
326 2369 442 2409 Virgine
455 2368 525 2398 idem
538 2370 709 2409 Unigenitus.
731 2372 808 2401 Sicut
823 2373 894 2403 enim
908 2375 935 2404 in

193 2426 308 2455 superna
335 2415 502 2456 generatione
521 2422 632 2445 matrem
653 2416 802 2457 intelligere
821 2418 936 2459 impium

227 2496 240 2513 b
255 2495 324 2524 Haec,
333 2498 402 2526 μάγοι
411 2495 657 2528 δορυφοροῦντες,εῑο.,
666 2503 743 2528 usque
756 2494 790 2520 ad
803 2500 892 2523 πάντων
903 2499 949 2530 οὖν,

192 2534 283 2558 desunt
294 2535 319 2558 in
331 2534 392 2567 Reg.

227 2582 236 2593 t
255 2574 293 2597 Ita
306 2574 378 2606 Regu,
395 2573 481 2598 melius
501 2582 575 2605 quam
596 2572 673 2606 Editi,
685 2574 726 2606 qni
740 2576 861 2601 omittunt.
876 2589 947 2607 πανη-

995 1775 1047 1806 θῶς
1061 1773 1129 1807 Θεὸς
1141 1774 1171 1803 ἐκ
1183 1774 1254 1803 Θεοῦ
1271 1773 1410 1812 ἐγεννήθη,
1425 1773 1471 1803 καὶ
1490 1774 1593 1809 ἀληθῶς
1606 1773 1742 1814 ἄνθρωπος
1753 1775 1769 1803 ὁ

995 1819 1073 1852 αὐτὸς
1087 1820 1117 1849 ἐκ
1131 1820 1260 1859 παρθένου
1275 1818 1381 1859 ἐτέχθη.
1395 1818 1463 1848 Ἄνω
1477 1818 1555 1858 μόνος
1571 1820 1602 1848 ἐκ
1613 1818 1692 1858 μόνου
1706 1820 1768 1849 Μο-

993 1870 1099 1909 νογενὴς
1107 1891 1115 1905 ,
1127 1869 1201 1899 κάτω
1216 1869 1293 1908 μόνος
1307 1870 1338 1898 ἐκ
1351 1868 1480 1909 παρθένου
1494 1869 1577 1908 μόνης
1589 1869 1740 1908 Μονογενῆς
1753 1871 1768 1899 ὅ

992 1919 1079 1953 αὐτός.
1100 1919 1205 1958 Ὥσπερ
1225 1919 1276 1960 γὰρ
1299 1919 1344 1949 ἐπὶ
1362 1921 1409 1955 τῆς
1431 1919 1486 1948 ἅνω
1507 1919 1652 1959 γεννήσεως
1673 1918 1768 1953 ἀσεὸὲς

990 1971 1112 2006 ἐννοῆσαι
1130 1969 1248 2010 μητέρα·
1269 1969 1339 1999 οὕτω
1362 1969 1520 2010 βλάσφημόν
1537 1970 1608 1999 ἐστιν
1622 1969 1765 2000 ὑπολαὸεῖν

990 2020 1035 2050 καὶ
1047 2020 1091 2049 ἐπὶ
1110 2022 1158 2056 τῆς
1172 2020 1245 2050 κάτω
1258 2019 1405 2060 γεννήσεως
1425 2020 1538 2060 πατέρα.
1552 2019 1587 2049 Ὁ
1599 2019 1696 2060 Πατὴρ
1715 2021 1764 2060 ἆῤ-

991 2069 1105 2109 ρεύστως
1119 2069 1240 2109 ἐγέννησε
1249 2090 1257 2104 ,
1279 2069 1325 2099 καὶ
1337 2072 1355 2105 ἡ
1369 2070 1497 2110 παρθένος
1519 2069 1639 2110 ἀφθόρως
1658 2070 1746 2099 ἔτεκεν
1756 2082 1763 2089 ·

990 2118 1048 2149 οὗτε
1059 2119 1109 2159 γὰρ
1122 2121 1135 2148 ὁ
1149 2117 1217 2152 Θεὸς
1231 2121 1318 2159 ῥεῦσιν
1325 2119 1450 2159 ὑπέμεινε
1460 2119 1600 2159 γεννήσας·
1613 2121 1765 2159 θεοπρεπῶς

990 2169 1041 2210 γὰρ
1053 2169 1190 2209 ἐγέννησεν
1201 2181 1208 2188 ·
1224 2169 1284 2199 οὔτε
1296 2170 1313 2206 ἡ
1328 2170 1455 2210 παρθένος
1468 2170 1565 2211 φθορὰν
1579 2170 1704 2210 ὓπέμεινε
1717 2182 1764 2200 τε-

990 2223 1088 2251 κοῦσα·
1102 2222 1289 2260 πνευματικῶς
1310 2220 1362 2260 γὰρ
1376 2220 1474 2251 ἔτεκεν.
1492 2221 1575 2251 ’Όθεν
1594 2221 1655 2251 οὔτε
1673 2223 1691 2257 ἡ
1709 2221 1764 2251 ἄνω

991 2272 1071 2301 αὐτοῦ
1090 2271 1210 2311 γέννησις
1230 2270 1355 2311 ἐξήγησιν
1377 2271 1434 2312 ἔχει
1443 2295 1452 2307 ,
1474 2271 1534 2301 οὔτε
1557 2274 1574 2308 ἡ
1596 2273 1623 2301 ἐν
1646 2271 1764 2312 ὑστέροις

991 2326 1091 2362 καιροῖς
1113 2325 1124 2338 “
1132 2321 1243 2361 πρόοδος
1254 2322 1534 2361 πολυπραγμονεῖσθαι
1547 2321 1678 2360 ἀνέχεται.
1694 2320 1763 2351 “On

990 2372 1038 2411 μὲν
1055 2372 1106 2412 γὰρ
1126 2372 1214 2402 ἔτεκεν
1229 2374 1245 2408 ἡ
1260 2371 1401 2412 παρθένος,
1422 2371 1539 2412 σήμερον
1559 2367 1631 2408 οἶδα,
1653 2371 1698 2401 καὶ
1711 2371 1761 2401 ’ὅτι

990 2422 1126 2462 ἐγέννησεν
1139 2425 1153 2453 ὁ
1164 2423 1233 2457 Θεὸς
1247 2422 1378 2463 ἄχρόνως,
1398 2422 1532 2452 πιστεύω·
1554 2421 1598 2451 τὸν
1621 2422 1648 2451 δὲ
1662 2422 1760 2462 τρόπον

999 2504 1086 2535 *supleat
1097 2504 1162 2527 θέλω.

1014 2541 1042 2595 ¹¹
1059 2534 1121 2566 Κεὶς.
1136 2536 1230 2568 πρόοδος
1246 2539 1337 2565 παθητὴ
1350 2540 1444 2568 γέγονεν’
1465 2537 1500 2560 ὅτι
1517 2537 1569 2567 μέν.
1583 2534 1640 2560 Mox
1661 2541 1759 2570 σήμερον

998 2580 1011 2595 a
1022 2577 1067 2596 sest
1080 2581 1093 2595 n
1104 2573 1164 2605 Reg.
