1890 2826
678 164 710 185 IN

106 224 276 263 κατόρθωσιν.
285 223 338 252 Διὰ
349 225 425 252 τοῦτο
436 223 562 263 εὐπρεπὲς
573 223 604 252 τὸ
617 224 695 261 σῶμα
701 224 747 251 τοῦ
760 222 869 261 Κυρίου,

104 265 152 292 οὐκ
163 262 254 298 ἐπειδὴ
266 263 344 300 σῶμα
354 258 388 298 ἦν
394 262 482 301 μόνον,
495 263 554 292 ἀλλ’
563 262 674 298 Ἐπειδὴ
684 261 816 301 ἁμαρτίαν
823 262 871 290 οὐκ

104 301 235 338 ἐποίησεν,
248 301 307 331 οὐδὲ
321 301 395 335 δόλος
408 302 500 342 εὑρέθη
514 303 541 331 ἐν
554 304 593 342 τῷ
607 302 720 340 στόματι
732 302 821 330 αὐτοῦ.
835 300 870 330 Ὁ

104 341 201 381 Κύριος
211 341 389 378 ἐὸασίλευσεν,
403 341 560 382 εὐπρέπειαν
571 341 718 371 ἐνεδύσατο.
733 340 813 370 Οὕτω
825 339 871 370 καὶ

102 380 217 414 ‘Hocine
238 380 329 421 φησὶν,
351 381 392 410 ὅτι
404 380 505 414 πάντας
518 381 670 421 ἀνθρώπους
688 379 788 409 ἐνδύσει
796 401 804 414 ,
825 379 871 409 καὶ

103 420 240 460 περιθήσει
253 422 289 453 ὡς
302 421 401 459 κόσμον
414 421 526 461 νύμφης.
539 420 700 450 Ἔνεδύσατο
714 419 809 459 Κύριος
823 418 870 448 δύ-

103 471 191 499 ναμιν,
202 459 247 489 καὶ
259 460 436 500 περιεζώσατο
444 473 450 479 ·
464 461 519 498 καὶ,
529 459 732 501 Περίζωσαιτὴν
755 458 870 499 ομφαίαν

105 510 151 528 σου
169 499 212 528 ἐπὶ
235 499 280 528 τὸν
302 500 386 540 μηρόν
399 511 456 535 σου,
479 500 587 536 δυνατὲ,
610 499 656 529 καὶ
678 498 713 528 τὰ
727 462 795 534 ἒέἧς.
817 498 871 527 Καὶ

104 541 188 568 ταῦτα
198 538 289 580 ὥσπερ
301 540 411 575 ὁπλίτην
423 540 482 569 τινὰ
495 539 611 572 δείκνυσι
623 540 668 569 τὸν
682 537 793 578 βασιλέα
805 539 871 578 Χρι-

105 578 176 614 στὸν,
199 577 269 608 ὅπλα
291 579 351 609 τινὰ
373 582 420 609 τοῦ
439 579 530 619 γηΐνου
552 579 675 630 σώματος
698 578 850 616 ἐνδυόμενον
863 589 870 596 ·

103 618 148 648 καὶ
163 618 270 651 εἰκότως
291 619 392 658 γηΐνου.
409 620 450 649 Οὐ
472 619 523 659 γὰρ
537 621 634 657 ὁμοιως
655 622 709 651 τοῖς
726 617 872 657 ἀνθρώποις

103 658 254 692 ὁπλίζεται·
274 659 319 687 καὶ
332 658 422 695 ὅπως,
448 659 536 688 ἄκουε.
556 659 651 697 Ἡμεῖς
671 658 803 697 ἄνθρωποι
828 657 872 687 ὅτι

103 697 231 730 πολλάκις
241 698 410 737 ὁπλιζόμεθα,
423 698 454 728 τὸ
467 698 570 732 ἀσθενὲς
581 697 745 738 φυλάττομεν
760 697 811 726 ὑπὸ
824 700 870 727 τοῦ

105 739 213 778 ἰσχυροῦ
224 748 232 755 ·
243 739 258 767 ὁ
270 737 339 771 Θεὸς
351 737 388 767 ὢν
399 739 461 777 ἰοχυ
479 738 486 748 “
509 759 518 774 ,
528 738 573 767 καὶ
618 737 723 773 αταιὸς,
736 736 781 766 καὶ
793 737 871 766 δυνα-

103 776 162 811 τὸς,
176 776 207 805 τὸ
223 777 312 815 γήϊνον
325 776 370 806 καὶ
385 778 461 806 ἀσθεν
477 789 490 811 ς
501 777 581 817 περιό
646 788 691 806 ται
709 778 789 815 σῶμα
799 799 807 813 ,
821 778 871 816 οὐχ

104 815 216 856 ὗὸρίζων
228 816 276 852 τὴν
286 815 369 852 ἀξίαν,
379 816 448 846 ἀλλὰ
458 816 502 846 διὰ
512 819 558 846 τοῦ
569 818 692 849 ἀσθενοῦς
702 815 732 845 τὸ
743 816 872 856 ὓπερὸἄλ-

102 857 147 885 λον
156 857 204 891 τῆς
217 856 350 895 δυνάμιος
363 855 555 895 ἐνδεικνύμενος
564 868 571 875 ·
584 857 621 889 ὣς
631 855 730 895 ἔλεγεν,
742 855 872 885 ἱκετεύον·

104 907 147 929 τος
168 895 245 926 αὐτὸν
264 899 310 925 τοῦ
327 895 452 925 Παύλου·
466 895 552 936 Ἀρκεῖ
570 907 611 926 σοι
631 898 650 931 ἡ
669 895 747 935 χάρις
766 906 816 934 μου
831 907 838 914 ·
852 897 870 931 ἡ

103 935 154 975 γὰρ
167 934 276 973 δύναμίς
289 947 339 974 μου
353 936 380 964 ἐν
394 935 515 975 ἀσθενείᾳ
524 936 681 965 τελειοῦται.
697 934 779 964 Ὅθεν
798 935 843 964 καὶ
857 937 871 964 ὁ

104 979 218 1014 γενναῖος
231 970 305 1008 οὗτος
324 974 470 1008 ἀπόστολος
482 976 570 1008 καλῶς
583 974 678 1010 νοήσας
691 974 725 1003 τὰ
737 974 802 1014 πρὸς
821 976 871 1004 αὖ-

103 1015 148 1084 ῗιὸέ
162 1014 466 1084 {fflfflssssmsseffi
476 1014 625 1083 ⁸3⁹&ss
642 1014 871 1083 ἷτὲῗτὲξᾊῗί

103 1093 183 1123 ἐστίν.
197 1066 356 1123 Ἐνεςδύσατο
372 1065 595 1134 Κύριοςοέύνᾟιε
601 1105 608 1112 ·
620 1093 753 1129 τουτέστι,
769 1065 812 1122 δεῖ
824 1095 871 1129 τ’ἠς

104 1132 200 1173 σαρκὸς
213 1133 407 1173 ἀναλάμψασαν
424 1132 582 1172 οἰκονομίαν.
596 1132 634 1162 Τί
645 1132 697 1172 γὰρ
710 1132 812 1168 ἐκείνης
824 1135 872 1169 τῆς

104 1172 195 1211 τιμίας
210 1172 255 1201 καὶ
268 1172 343 1211 ἁγίας
365 1173 461 1212 σαρκὸς
476 1172 653 1212 δυνατώτερον
661 1184 670 1208 ;
683 1171 709 1202 τί
723 1172 751 1202 δὲ
765 1172 872 1213 ἰσχυρό-

104 1223 179 1263 τερον
190 1224 198 1248 ;
209 1212 262 1241 Διὰ
279 1211 331 1252 γὰρ
344 1211 467 1251 σώματος
483 1212 543 1246 τοὺς
555 1212 712 1251 ἀσωμάτους
731 1212 777 1241 καὶ
789 1223 872 1248 πονη-

105 1264 164 1291 ρους
182 1250 308 1288 δαίμονας
326 1252 534 1291 κατηγωνίσατο,
553 1251 599 1281 καὶ
620 1251 664 1281 διὰ
688 1254 802 1292 σταυροῦ
825 1251 873 1285 τὰς

104 1290 284 1329 ἀντικειμένας
291 1291 413 1330 δυνάμεις
423 1291 604 1332 ἐθριάμβευσε.
614 1290 736 1341 Πρόσεᾈε
747 1291 871 1331 ἀκριὸῶς.

103 1331 145 1361 Τὸ
155 1331 349 1370 περιζωσθῆναι
358 1333 552 1371 περιγραφῆναι
559 1330 692 1370 σημαίνει.
716 1331 785 1361 Επεὶ
796 1327 841 1360 οὖν
853 1333 870 1367 ἡ

104 1370 168 1410 ἇγία
185 1369 230 1399 καὶ
251 1369 445 1410 ἀπερίγραπτος
464 1370 540 1411 φύσις
560 1369 645 1404 ἔδοξεν
662 1371 691 1400 ἐν
708 1372 747 1411 τῷ
765 1370 870 1410 σώματι

104 1409 328 1450 περιγράφεσθαι,
342 1412 371 1440 οὗ
386 1413 578 1450 περιγραφεῑσα
598 1410 645 1449 μὲν
659 1409 727 1439 κατὰ
740 1410 789 1446 τὴν
802 1410 870 1439 ἰδίαν

104 1450 191 1490 φύσιν,
206 1449 412 1490 περιγεγράφθω
425 1449 454 1480 δὲ
468 1452 620 1489 νομισθεῑσα
635 1449 703 1479 κατὰ
714 1449 764 1486 τὴν
778 1461 870 1490 φαινο-

105 1489 185 1528 μένην
198 1489 268 1528 ὄψιν,
281 1489 388 1523 εἰκότως
400 1489 489 1528 ἔλεγεν
498 1502 504 1508 ·
517 1489 676 1519 Ἐνεδύσατο
688 1489 785 1529 Κύριος
797 1489 871 1518 δύνα-

105 1541 160 1567 μιν,
175 1529 220 1558 καὶ
242 1528 431 1568 περιεζώσατο.
454 1528 507 1558 Καὶ
528 1527 555 1557 τί
576 1528 606 1558 τὸ
622 1528 784 1567 ἐπαγόμενον
795 1541 802 1566 ;
818 1529 871 1558 Καὶ

104 1569 155 1608 γὰρ
166 1567 309 1603 ἐστερέωσε
322 1567 371 1604 τὴν
384 1567 548 1606 οἰκουμένην,
562 1567 620 1602 ἥτις
630 1569 659 1597 οὗ
671 1567 871 1603 σαλευθήσεται.

104 1607 183 1638 Ἐπεὶ
208 1604 253 1637 οὗν
278 1607 312 1636 τὰ
335 1609 429 1646 πρῶτα
453 1606 578 1636 ἐσάλευσε
603 1606 652 1642 τὴν
678 1608 832 1645 οἰκουμένην
854 1609 870 1643 ἠ

105 1646 223 1687 ἁμαρτία
234 1670 242 1684 ,
266 1645 347 1675 ἐλθὼν
370 1649 384 1675 ὁ
407 1646 504 1686 Σωτὴρ
525 1645 605 1681 ἔπηξε
628 1646 671 1675 τὸν
687 1646 808 1686 σταυρὸν,
826 1646 872 1675 καὶ

104 1686 247 1726 ἐστερέωσε
268 1685 317 1722 τὴν
338 1686 502 1724 οἰκουμένην.
526 1685 565 1715 Σὺ
583 1681 608 1715 εἶ
628 1685 744 1726 Πέτρος,
764 1686 810 1715 καὶ
827 1686 871 1715 ἐπὶ

104 1726 189 1765 ταύτῃ
206 1728 240 1766 τῇ
262 1725 347 1765 πέτρᾳ
365 1725 532 1764 οἰκοδομήσω
552 1736 602 1763 μου
623 1724 672 1761 τὴν
695 1725 871 1761 Ἐκκλησίαν,

105 1765 149 1795 καὶ
163 1764 245 1795 πύλαι
258 1764 321 1805 ᾅδου
334 1765 363 1794 οὐ
375 1776 457 1794 κατισ
472 1764 577 1794 ύσουσιν
593 1765 682 1800 αὐτῆς.
698 1765 752 1794 Καὶ
765 1767 779 1794 ὁ
793 1765 871 1794 Παῦ-

103 1807 156 1838 λος·
164 1805 198 1834 Ὁ
205 1804 294 1844 μέντοι
301 1804 404 1843 στερεὸς
411 1777 528 1843 θεμχέλιος
535 1804 645 1841 ἕστηκεν
654 1803 722 1844 ἔχων
728 1804 775 1840 τὴν
783 1815 871 1844 σφρα-

103 1845 164 1883 γῖδα
177 1844 282 1880 ταύτην.
298 1843 352 1872 Δύο
365 1839 409 1872 οὖν
425 1844 531 1883 ῥήματα
541 1844 675 1883 ἐξήνεγκεν
690 1846 704 1873 ὁ
716 1843 853 1879 Δεσπότης
864 1855 871 1862 ·

105 1884 169 1914 Ἐπὶ
191 1883 274 1920 ταύτῃ
297 1885 330 1922 τῇ
350 1883 434 1923 πέτρᾳ
449 1884 614 1923 οἰκοδομήσω
629 1895 679 1921 μου
693 1883 740 1919 τὴν
751 1883 870 1919 Ἐκκλη-

104 1924 173 1958 σίαν,
192 1923 237 1953 καὶ
250 1923 332 1953 πύλαι
357 1922 419 1963 ᾅδου
442 1923 472 1952 οὐ
486 1923 689 1963 κατισχύσουσιν
703 1924 794 1958 αὖτ’-ῆς.
810 1924 870 1952 Οὐκ

103 1963 238 2003 ἐχρήσατο
259 1963 346 2002 πολλῇ
367 1962 482 2002 περιόδῳ
499 1963 584 2003 λόγων
595 1974 601 1981 ·
617 1964 664 1992 οὐκ
678 1957 747 1992 εἶπε·
771 1964 869 2002 στερεῶ

103 2003 152 2040 τὴν
165 2002 339 2039 Ἐκκλησίαν,
359 2002 405 2032 καὶ
417 2004 477 2032 οὗτε
499 2004 615 2042 βασιλεῖς
625 2024 632 2038 ,
647 2002 707 2031 οὔτε
726 2002 851 2042 ἄρχοντες
861 2026 869 2040 ,

103 2042 162 2072 οὔτε
172 2042 203 2072 τύ
222 2053 302 2078 αννοι,
310 2041 370 2071 οὔτε
385 2041 485 2081 δήμιοι,
497 2042 556 2072 οὗτε
568 2041 642 2082 σοφοὶ
653 2065 661 2078 ,
671 2041 731 2071 οὔτε
742 2042 870 2093 ἄγροικοι,

103 2082 164 2111 οὗτε
177 2054 241 2122 §aa
259 2093 284 2115 ες
296 2082 511 2121 περιγενήσονται
522 2084 570 2118 τῆς
580 2081 754 2117 Ἐκκλησίας·
767 2093 870 2122 αμαχος

102 2121 154 2161 γὰρ
169 2121 214 2150 καὶ
269 2120 444 2160 αταγώνιστος
464 2123 481 2157 ἡ
505 2121 626 2161 βασιλεία
648 2122 763 2161 Χριστοῦ
775 2133 781 2139 ·
802 2122 870 2151 ἀλλὰ

103 2163 141 2200 τῷ
156 2159 255 2200 ῥήματι
267 2160 316 2196 τὴν
331 2160 441 2199 δύναμιν
452 2161 569 2200 ἐσήμανε
578 2182 586 2195 ,
598 2161 643 2191 καὶ
658 2162 722 2201 ψιλῇ
740 2160 809 2195 λέξει
820 2161 868 2197 τὴν

103 2199 262 2239 ἐπαγγελίαν
273 2199 414 2249 ὠχύρωσεν
424 2211 431 2219 ·
446 2199 510 2229 Ἐπὶ
520 2200 604 2240 ταύτῃ
618 2203 651 2240 τῇ
665 2201 751 2240 πέτρᾳ
764 2201 866 2230 οἰκοδο-

103 2239 182 2278 μήσω
199 2249 248 2277 μου
264 2238 314 2275 τὴν
337 2238 499 2276 Εκκλησίαν,
513 2240 558 2269 καὶ
575 2239 657 2269 πύλαι
672 2240 734 2280 ᾅδου
749 2242 777 2269 οὗ
794 2252 869 2269 κατι-

102 2278 244 2319 σχύσουσιν
265 2280 356 2314 αὐτῆς.
380 2278 434 2307 Δύο
456 2278 563 2318 ῥήματα
575 2302 582 2315 ,
606 2281 635 2309 οὐ
655 2279 720 2319 ψιλὰ
745 2279 851 2319 ῥήματα
859 2303 867 2317 ,

103 2318 172 2348 ἀλλὰ
185 2319 257 2348 Θεοῦ
269 2318 384 2358 ῥήματα.
399 2317 434 2347 Ὁ
446 2317 498 2357 γὰρ
513 2318 611 2358 ῥήματι
624 2318 669 2348 τὸν
683 2319 790 2358 οὐρανὸν
804 2331 865 2349 στε-

119 2358 220 2394 ιώσας,
244 2357 289 2387 καὶ
303 2357 351 2393 τὴν
368 2359 418 2397 γῆν
432 2357 593 2396 θεμελιιῖισας
613 2358 730 2398 ῥήματι,
751 2359 795 2388 καὶ
819 2359 867 2395 τὴν

113 2397 264 2433 Εκκλησίαν
284 2398 293 2409 ’
302 2397 433 2435 κοδόμησε
442 2419 450 2433 ,
465 2397 510 2426 καὶ
523 2396 654 2437 ἐτείχισε,
668 2398 713 2426 καὶ
725 2398 868 2438 ἑστερέωσε

102 2437 266 2475 οἰκουμένην,
278 2410 336 2472 {tic
347 2439 376 2466 οὗ
391 2436 589 2472 σαλευθήσεται.
602 2437 798 2477 Προσπέσωμεν
812 2439 868 2468 τοί-

102 2487 156 2510 νυν,
174 2476 324 2514 ἀγαπητοὶ,
336 2478 375 2516 τῷ
387 2475 436 2511 τὴν
451 2475 605 2514 οἰκουμένην
619 2477 809 2516 στερεώσαντι,
823 2479 868 2509 καὶ

103 2515 268 2553 κλαύσωμεν,
288 2515 333 2544 καὶ
346 2515 585 2553 ἑκδυσωπήσωμεν,
601 2515 643 2545 ἵνα
658 2516 700 2546 διὰ
718 2519 767 2553 τῆς
788 2520 867 2549 αὐτοῦ

739 161 887 185 GENESIM
913 161 1024 184 Si-:Ritio
1052 163 1072 184 Il
1081 178 1086 184 .

1597 150 1666 197 627

923 222 1032 250 tionem.
1062 222 1216 259 Quinetiam
1240 230 1316 253 vocat
1343 223 1502 260 decentiam,
1529 223 1665 263 propriam

923 270 1038 296 carnem,
1046 271 1098 291 non
1109 262 1144 290 ob
1155 262 1275 301 corporis
1287 270 1421 298 naturam,
1429 262 1476 292 scd
1485 262 1521 292 ob
1533 262 1667 292 virtutum

922 300 1122 339 perfectionem.
1146 301 1250 331 Idcirco
1274 302 1403 331 decorum
1425 312 1524 342 corpus
1546 301 1666 338 Domini,

922 350 975 369 non
987 340 1061 378 quod
1078 351 1177 380 corpus
1190 341 1271 370 suerit
1288 341 1387 376 solum,
1399 341 1448 372 sed
1459 342 1547 380 Quod
1562 351 1668 380 pecca-
1677 347 1735 370 lsai.
1744 347 1781 370 53.
1793 356 1815 377 ς),

925 386 986 409 tum
1006 390 1066 409 non
1076 380 1198 420 secer-it,
1213 391 1306 419 neque
1322 381 1409 411 dolus
1428 383 1564 410 inventus
1584 383 1621 410 sit
1635 383 1666 410 i'n

924 429 974 448 ore
990 420 1064 449 e'us.
1076 421 1219 449 Dominus
1243 422 1388 457 regnavit,
1398 422 1529 450 decorem
1545 421 1666 449 indutiis

924 464 976 489 est.
988 431 1035 490 Slic
1045 459 1126 488 etiam
1139 459 1177 488 ait
1190 458 1284 495 Isaias,
1296 459 1370 498 quod
1388 470 1479 489 omnes
1490 459 1612 490 homines
1625 460 1666 488 in-
1677 466 1813 495 [summas.

923 498 1034 533 diiet,et
1045 498 1225 528 circumdabit
1236 499 1313 537 quasi
1326 506 1481 529 ornamento
1494 509 1608 539 sponsae.
1617 501 1666 528 ln·
1676 508 1786 537 Psi-stiffi,
1795 514 1816 529 1.

924 538 1012 568 dutus
1029 545 1073 568 est
1086 539 1232 568 Dominus
1234 538 1457 579 fortitudinem,
1470 546 1499 568 et
1512 540 1665 578 proeciuxit
1677 539 1772 567 81444-

922 588 966 613 se,·
980 585 1017 615 et,
1028 578 1193 618 Accingere
1200 578 1302 618 gladio
1312 584 1362 607 tuo
1373 588 1459 618 super·
1465 579 1562 617 femur·
1572 585 1664 615 tuum,

922 625 1036 657 poteris,
1048 625 1075 648 et
1097 628 1157 657 quae
1177 624 1335 657 sequuntur.
1351 619 1438 656 Atque
1456 613 1514 648 liaec
1528 624 1666 656 tamquam

924 664 1056 687 armatum
1065 657 1218 698 quempiam
1228 667 1317 696 regem
1326 657 1466 687 Christum
1474 657 1665 693 demonstrant,

888 699 907 723 B
924 708 998 726 arma
1011 697 1134 736 quaedam
1146 697 1245 727 terreni
1260 699 1381 736 corporis
1397 697 1523 726 indutum
1539 708 1546 725 :
1562 704 1589 726 et
1606 707 1666 726 me-

924 737 976 767 rito
988 737 1096 767 terreni.
1111 738 1172 767 Non
1184 737 1256 766 enim
1265 737 1390 766 similiter
1400 743 1479 776 atque
1491 736 1612 766 homines
1625 747 1667 765 ar-

925 783 1025 812 matur,
1039 785 1065 807 et
1077 777 1152 813 audi,
1164 776 1312 816 quomodo.
1325 777 1383 806 Nos
1395 776 1518 806 homines
1531 787 1593 805 cum
1606 775 1665 816 plc-

924 827 1039 855 rumque
1054 827 1201 852 armamur,
1215 816 1289 855 quod
1301 816 1439 845 infirmum
1452 823 1492 845 est
1503 822 1622 845 tutamur
1635 826 1667 844 co

944 856 999 886 uod
1017 856 1085 886 forte
1100 863 1158 894 est;
1172 855 1219 885 scd
1239 857 1313 885 Deus
1331 855 1378 894 qui
1397 855 1473 885 fortis
1490 862 1540 892 est,
1555 862 1582 884 et
1594 854 1666 884 vali-

924 867 988 932 dus,
1000 903 1026 926 et
1036 903 1139 936 potens,
1153 902 1289 932 terrenum
1308 902 1334 924 et
1347 895 1498 924 invalidum
1513 905 1612 934 coi-pus
1625 894 1666 923 in-

925 934 997 971 duit,
1009 945 1062 966 non
1070 935 1232 965 dedecorans
1244 934 1400 974 dignitatem
1413 945 1500 972 suam,
1512 944 1608 964 verum
1617 944 1666 974 po-

925 975 1026 1004 testatis
1037 985 1092 1004 suae
1102 974 1281 1014 praestantiam
1293 985 1341 1014 per
1352 973 1489 1004 infirmum
1502 972 1641 1003 ostendens
1655 984 1662 1000 ε

924 1014 995 1044 sicut
1013 1014 1085 1044 dixit
1098 1014 1194 1051 Paulo,
1209 1012 1257 1052 qui
1270 1013 1440 1053 supplicabat
1451 1013 1504 1053 ipsi
1519 1025 1527 1042 ε
1542 1013 1665 1052 Sufficit
1676 1028 1698 1044 2.
1710 1022 1761 1044 Cor.
1781 1029 1815 1045 η.

926 1056 981 1083 tibi
991 1056 1089 1094 gratia
1107 1063 1173 1083 mea
1184 1065 1194 1081 .·
1208 1063 1277 1082 nam
1298 1054 1394 1082 virtus
1414 1063 1479 1082 mea
1497 1054 1528 1082 i'n
1542 1054 1664 1093 infir-mi-
1674 1060 1698 1082 9-

927 1100 987 1124 tate
1021 1095 1158 1135 erficitur.
1171 1092 1252 1123 Unde
1271 1103 1334 1122 cum
1354 1092 1454 1122 nobilis
1464 1092 1509 1121 hic
1527 1092 1665 1133 apostolus

925 1105 1052 1174 praeciiire
1069 1132 1229 1178 percepisset
1249 1142 1279 1161 ea
1299 1141 1359 1171 quae
1376 1131 1428 1161 sibi
1441 1131 1511 1161 dicta
1530 1138 1615 1168 erant,
1629 1132 1664 1161 ad

925 1173 1080 1204 Corinthios
1105 1173 1223 1202 scribens
1246 1172 1302 1207 ait,
1329 1171 1417 1211 Quod
1441 1172 1588 1211 infirmum
1620 1178 1664 1201 est
1678 1186 1698 1201 ι.
1715 1179 1766 1200 σωκ
1786 1186 1803 1200 ι.

926 1215 984 1243 Dei
994 1237 1001 1248 ‚
1015 1214 1131 1254 fortius
1153 1218 1198 1242 est
1218 1213 1394 1242 hominibus.
1404 1212 1531 1241 Indutus
1547 1217 1590 1240 est
1600 1212 1664 1241 Do·
1677 1210 1713 1232 ²5·

925 1255 1023 1283 minus
1036 1252 1249 1295 fortitudinem
1264 1262 1272 1279 =
1287 1252 1338 1282 hoc
1362 1258 1418 1286 est,
1439 1251 1664 1296 dispensationem

889 1296 908 1320 C
925 1292 1073 1323 elucentem
1087 1302 1136 1333 per
1157 1301 1272 1321 carnem.
1292 1290 1368 1328 Quid
1387 1291 1461 1321 enim
1484 1291 1533 1320 illa
1549 1291 1663 1330 pretiosa

924 1339 952 1362 et
971 1339 1061 1363 sancta
1087 1341 1167 1361 carne
1185 1330 1338 1371 potentius?
1353 1330 1421 1370 quid
1445 1340 1526 1370 porro
1545 1331 1664 1360 fortius?

925 1372 1031 1402 Etenim
1046 1383 1093 1412 per
1114 1381 1212 1411 corpus
1230 1370 1352 1410 corporis
1364 1376 1486 1410 expertes
1496 1376 1522 1400 et
1532 1370 1664 1410 malignos

923 1411 1056 1441 daemones
1072 1410 1235 1447 debellavit;
1251 1417 1277 1439 et
1289 1420 1338 1450 per
1355 1420 1462 1440 crucem
1482 1409 1516 1439 de
1538 1410 1664 1440 adversa-

923 1452 972 1481 riis
984 1451 1158 1492 potestatibus
1175 1450 1364 1489 triumphavit.
1379 1448 1492 1479 Attende.
1509 1449 1662 1489 diligenter.

923 1491 1052 1521 Indutum
1075 1497 1101 1520 et
1122 1489 1354 1520 circumamictum
1376 1499 1432 1519 esse
1453 1489 1585 1528 significat
1607 1489 1664 1518 cir-

923 1531 1114 1570 cumscriptum
1128 1539 1196 1559 esse.
1208 1530 1278 1559 Cum
1292 1528 1375 1567 igitur
1386 1535 1475 1558 sancta
1487 1535 1513 1557 et
1524 1528 1666 1557 incircum-

923 1570 1023 1610 scripta
1037 1576 1129 1598 natura
1145 1568 1282 1597 videretur
1294 1567 1323 1596 in
1337 1577 1448 1607 corpore
1466 1567 1663 1601 circumscribi,

923 1620 976 1639 non
997 1608 1197 1653 circumscripta
1221 1606 1330 1645 quidem
1354 1606 1502 1636 secundum
1522 1606 1664 1651 propriam

923 1656 1056 1684 naturam,
1071 1647 1119 1676 sed
1139 1646 1272 1686 ejusmodi
1292 1645 1442 1675 existimata
1456 1656 1491 1675 ex
1501 1645 1604 1675 visione
1616 1656 1665 1686 ap-

923 1694 1047 1729 parente3
1069 1687 1165 1716 merito
1198 1685 1269 1715 dixit
1285 1696 1291 1712 ι
1306 1686 1432 1715 Indutus
1453 1692 1495 1715 est
1519 1686 1665 1714 Dominus

915 1728 1136 1769 fortitudinem,
1152 1732 1181 1754 et
1192 1726 1345 1764 proeci'nxit
1358 1735 1400 1755 se.
1412 1726 1448 1756 Et
1461 1723 1527 1764 quid
1541 1731 1581 1754 est
1590 1724 1665 1764 quod

924 1778 988 1797 mox
999 1765 1157 1796 inducitur?
1171 1767 1291 1797 Etenim
1299 1765 1436 1805 firmavit
1457 1766 1555 1794 orbem
1568 1771 1662 1802 terroe,
1675 1769 1814 1798 Psal.92.1.

923 1809 975 1847 qui
985 1817 1044 1836 non
1057 1806 1292 1835 commovebitur.
1307 1805 1441 1842 Quoniam
1452 1814 1515 1843 ergo
1525 1810 1664 1844 peccatum

924 1852 1092 1877 concusserat
1103 1845 1221 1885 primum
1234 1844 1327 1874 orbem
1341 1851 1484 1881 terrarum,
1499 1854 1561 1873 cum
1572 1843 1659 1873 venis-

924 1894 963 1916 set
980 1887 1106 1916 servator
1121 1884 1182 1914 fixit
1194 1895 1312 1920 crucem,
1325 1890 1351 1913 et
1363 1884 1456 1913 orbem
1475 1890 1552 1913 terrae
1569 1883 1664 1912 firina-

888 1931 906 1953 1)
924 1927 974 1956 vit.
995 1926 1035 1955 Tu
1050 1934 1080 1954 es
1093 1925 1209 1961 Petrus,
1223 1930 1253 1953 et
1269 1934 1355 1962 super
1365 1925 1444 1953 hanc
1454 1930 1566 1963 petram
1589 1923 1662 1951 oedi-
1676 1930 1751 1951 Μηιιῐ,
1779 1930 1813 1950 io.

914 1967 1018 2007 ficabo
1034 1964 1200 1994 Ecclesiam
1222 1973 1327 1999 meam,
1340 1970 1369 1992 et
1385 1970 1478 2002 por-tce
1496 1962 1587 2002 inseri
1604 1973 1663 1991 non
1677 1960 1712 1982 ¹3·

922 2005 1123 2046 praevalebunt
1133 2004 1271 2033 adversus
1285 2013 1361 2032 eam.
1372 2004 1409 2032 Et
1421 2003 1522 2032 Paulus
1530 2013 1536 2031 :
1545 2002 1610 2031 Sed
1613 2002 1663 2041 fir·
1675 2016 1695 2031 2.
1713 2010 1772 2031 Tim.
1790 2016 1812 2030 τε.

898 2044 900 2046 ’
925 2056 1002 2074 mum
1012 2044 1238 2082 fundamentum
1255 2043 1312 2072 Dei
1322 2049 1391 2079 stat,
1403 2044 1514 2072 liabens
1525 2043 1662 2081 signacu-
1677 2046 1711 2069 ¹9·

925 2086 986 2114 lum
1000 2079 1065 2113 hoc.
1078 2084 1141 2113 Duo
1160 2082 1250 2121 itaque
1265 2082 1348 2112 verba
1366 2081 1552 2122 pronuntiavit
1568 2081 1661 2110 Domi-

924 2135 974 2154 nus
986 2135 992 2151 :
1004 2124 1095 2163 Super
1118 2124 1196 2152 hanc
1207 2129 1318 2161 petram
1333 2122 1484 2162 oedi'ficabo
1497 2121 1661 2150 Ecclesiam

924 2174 1029 2200 meam,
1045 2169 1074 2193 et
1090 2169 1182 2202 portoe
1203 2163 1292 2203 inseri
1307 2172 1366 2190 non
1385 2161 1586 2202 praevalebunt
1605 2161 1661 2188 ad-

926 2213 1021 2233 versus
1033 2213 1108 2232 eam.
1123 2204 1184 2232 Non
1204 2212 1268 2230 usus
1281 2208 1320 2231 est
1333 2211 1429 2239 magno
1442 2200 1587 2230 vei-borum
1604 2210 1661 2227 am-

922 2244 999 2282 bitu;
1029 2252 1082 2272 non
1105 2242 1176 2271 dixit
1195 2254 1202 2271 ε
1224 2241 1352 2271 Firmabo
1376 2239 1536 2275 Ecclesiam,
1563 2245 1589 2267 et
1613 2248 1661 2282 nec

922 2294 1007 2323 reges,
1022 2293 1070 2313 nec
1083 2281 1228 2323 principes,
1241 2291 1326 2319 neque
1345 2279 1463 2324 tyranni,
1479 2289 1562 2316 neque
1574 2287 1660 2306 carni-

923 2323 995 2359 fices,
1008 2333 1095 2361 neque
1105 2321 1246 2361 sapientes,
1259 2330 1345 2358 neque
1354 2319 1458 2351 rustici,
1476 2327 1561 2354 neque
1572 2322 1659 2360 o'rato-

921 2373 962 2393 res
974 2362 1138 2402 superabunt
1150 2359 1295 2390 Ecclesiam
1308 2370 1314 2386 τ
1325 2369 1386 2387 nam
1400 2357 1530 2386 invictum
1544 2362 1570 2383 et
1584 2364 1660 2383 inex-

922 2402 1066 2443 pugnabile
1086 2407 1126 2430 est
1146 2410 1258 2439 regnum
1270 2398 1370 2428 Christi
1376 2409 1383 2432 3
1398 2404 1571 2438 verumuino¹
1578 2393 1660 2438 verbo

921 2442 978 2472 vim
991 2449 1016 2471 ct
1035 2441 1178 2481 potentiam
1197 2437 1353 2471 declaravit,
1371 2447 1402 2464 ac
1417 2434 1532 2472 simplici
1544 2432 1660 2461 dictione

920 2481 1124 2522 promissionem
1137 2477 1254 2507 munivit
1264 2489 1270 2505 z
1282 2476 1373 2513 Super
1385 2476 1461 2503 lianc
1468 2478 1580 2511 petram
1593 2472 1660 2500 ‹edi-

917 2523 1015 2562 ficabo
1036 2519 1199 2549 Ecclesiam
1224 2525 1326 2549 meum,
1348 2519 1374 2541 el
1392 2518 1481 2551 porloe
1499 2512 1588 2551 itiseri
1603 2521 1660 2539 non.

104 2554 297 2594 φιλανθρωπίας
314 2555 358 2583 καὶ
372 2552 471 2593 ‘inlini-:ou
487 2555 619 2593 δυνάμεως
634 2557 731 2595 ἑδραῖοι
745 2558 788 2587 καὶ
801 2560 866 2597 ἀμε-
886 2567 904 2591 Ε
920 2561 1121 2598 [η-[εραῑεῠιιηι
1141 2557 1279 2586 adversus
1306 2564 1381 2582 eam,
1409 2553 1471 2581 Duo
1495 2551 1587 2586 verba,
1608 2560 1659 2579 non
