1890 2826
678 172 710 194 IN
738 172 888 195 GENESffl
915 172 1027 196 SERMO
1055 173 1103 196 111.

114 230 246 267 ἐποίησεν·
257 230 280 260 ὦ
288 233 335 267 τῆς
345 231 448 265 κακίας·
457 231 481 260 ὢ
491 233 539 268 τῆς
550 231 707 271 ἀφροσύνης·
719 232 741 261 ὢ
751 234 800 268 τ’ἥς
811 233 881 263 ἀποί-

112 282 170 307 της.
181 270 273 301 Πείθσι
281 270 326 300 τὸν
338 271 421 333 ἄνδρα
433 275 487 304 τοῖς
499 272 516 300 λ
574 283 586 304 ς
596 272 692 307 αὐτῆς,
703 271 750 302 καὶ
761 272 881 302 λαὸοῦσα

112 310 166 339 ἀπὸ
178 313 224 340 τοῦ
235 322 270 340 κα
302 344 308 346 ς
320 313 346 346 ῦ,
360 321 433 350 φ..ρει
443 311 508 351 πρὸς
520 322 565 340 τον
580 311 763 348 ἀπατηθέντα,
774 312 819 341 καὶ
834 325 880 342 κα-

111 349 185 388 τάγει
200 352 236 383 εἷς
257 322 322 390 ἰδοῗ
333 350 454 389 πυθμένα
468 350 513 379 τὸν
533 351 633 390 ὑψηλὸν
652 356 706 385 τοῖς
722 351 822 392 θηρίοις
835 352 880 381 καὶ

111 394 238 422 πετεινοῖς
248 390 403 430 φαινόμενον
410 402 417 408 ·
431 390 593 420 καταὸάλλει
606 390 655 427 τὴν
665 391 747 431 φρένα
757 391 810 428 τὴν
816 403 880 421 παν-

111 428 156 462 τὸς
172 431 217 458 τοῦ
231 429 283 458 ὑπὸ
301 429 347 458 τὸν
366 430 476 470 οὐρανὸν
497 431 696 470 ἀκεραιοτέραν·
717 431 836 460 σὸεννύει
848 431 880 460 τὸ

111 470 166 507 φῶς
176 471 230 498 τῶν
243 470 384 509 ὀφθαλμῶν
395 471 447 499 τῶν
464 472 523 499 καθ’
538 470 653 506 ἑκάστην
665 470 735 500 Θεὸν
747 471 879 508 καθορών-

110 519 163 537 των
172 519 179 526 ·
192 508 320 547 ἕμὸάλλει
335 508 432 538 δειλίαν
446 515 504 543 ταῖς
524 510 600 551 φρεσὶ
618 513 664 540 τοῦ
685 512 802 550 συνεχῶς
814 512 878 551 Θεῷ

111 548 313 588 ἐντυγχάνοντος
320 560 328 566 ·
339 549 470 588 παραλύει
480 550 527 583 τὰς
536 554 628 590 χεῖρας
638 549 685 583 τὰς
698 550 879 589 εὔλογησάσας

105 587 145 615 ’τὰ
157 587 265 617 πετεινὰ
282 590 329 617 τοῦ
342 589 451 628 οὐρανοῦ
474 590 520 619 καὶ
539 590 574 619 τὰ
593 589 671 630 θηρία
689 591 736 626 τῆς
752 592 814 630 γῆς,
832 591 877 620 καὶ

110 626 212 660 τούτοις
224 627 271 662 τὰς
289 628 439 666 ἐπωνυμίας
460 629 639 666 &meno-aierem·
655 629 760 659 Γίνεται
773 632 788 659 ὁ
801 632 877 670 βασι-

110 665 170 700 zeb<
182 667 272 704 πίνης,
286 669 300 696 ὁ
317 667 442 702 πλούσιος
456 669 601 710 προσδεὴς,
615 671 630 699 ὁ
644 669 735 710 φιλικῆ
750 671 877 711 συντυχίᾳ

110 708 149 744 τῷ
162 707 226 746 Θεῷ
246 708 318 736 διαλε
337 706 429 746 όμενος
446 710 483 742 ὡς
495 708 611 744 κλέπτης
623 709 676 738 ὑπὸ
696 701 800 749 δένδρον
814 722 876 750 κρυ-

111 745 255 784 πτάμενος·
276 749 291 776 ὁ
330 758 399 787 ρχων
422 748 526 785 οἰκέτης
531 771 548 787 ,,
560 751 575 778 ὃ
593 748 707 789 καθαρὸς
724 751 759 789 τῇ
781 750 877 790 καρδίᾳ

111 785 294 825 ῥερυπωμένος
309 785 385 822 ὅλως,
399 790 414 816 ὁ
426 789 460 827 τῇ
474 789 547 828 ψυχῇ
559 787 758 829 ὓπέρλαμπρος,
772 801 877 819 σκοτει-

109 825 151 858 νὸς
164 825 306 859 καθεστώς.
326 826 378 855 Καὶ
399 822 435 863 ἦν
457 828 520 857 ἰδεῖν
538 828 584 857 τὸν
599 829 636 861 ὣς
648 828 723 864 ἥλιον
736 828 877 868 λάμποντα

111 865 273 905 ἐζοφωμὲνον
287 865 395 905 αἴφνης·
417 865 460 896 τὸν
484 867 595 908 φοὸερὸν
614 872 670 902 τοῖς
691 868 826 907 δαίμοσιν,
840 872 876 903 ὥς

108 903 228 943 παίγνιον
247 904 418 945 προκείμενον
427 919 434 926 ·
447 907 492 936 τὸν
509 906 644 947 ἐλεύθερον
663 909 825 946 πλασθέντα,
840 911 876 943 ὡς

1601 162 1671 211 637

931 233 1045 272 simam;
1063 233 1209 273 exstinguit
1228 234 1319 264 lumen
1335 235 1478 264 oculorum
1495 236 1584 266 Deum
1601 247 1671 276 quo-

929 272 998 301 tidie
1017 273 1276 313 contemplantium:
1300 285 1427 314 pavorem
1446 274 1534 315 injicit
1557 275 1586 304 in
1608 286 1671 306 enm

930 312 979 350 qui
989 312 1139 351 frequenter
1150 313 1238 342 Deum
1249 313 1436 352 alloquebatur
1454 326 1466 342 :·
1475 314 1600 345 dissolvit
1614 326 1671 345 ma-

929 361 981 380 nus
1003 351 1083 388 illas,
1099 362 1158 391 quae
1178 352 1370 382 benedixerant
1385 353 1481 383 avibus
1498 354 1557 383 caeli
1575 361 1601 384 ct
1620 355 1669 384 be-

930 390 990 420 stiis
1010 397 1103 426 terrae,
1119 397 1199 430 atque
1221 391 1277 421 illis
1300 393 1407 422 nomina
1432 392 1594 423 indiderant.
1609 395 1671 425 Rex

928 429 1045 459 efficitur
1065 430 1280 471 panper‚dives,
1300 442 1416 471 egenus;
1432 433 1479 471 qui
1500 433 1585 462 amica
1604 443 1669 466 cou-

928 469 1071 500 suetudine
1083 471 1171 500 Deum
1188 470 1386 509 alloquebatur,
1398 471 1475 511 quasi
1490 472 1535 501 sur
1553 472 1606 502 sub
1622 483 1668 502 ar-

894 519 912 542 E
927 508 993 538 bore
1005 509 1171 548 occultatur3
1186 509 1320 555 princeps,
1335 511 1463 548 famulus,
1478 522 1564 551 purus
1577 512 1668 550 corde,

927 554 999 578 totus
1009 549 1146 587 sordidus,
1156 559 1246 579 ammo
1256 550 1426 589 splendidus,
1437 551 1594 581 tenebrosus
1605 562 1669 581 con-

927 587 1056 618 stituitur.
1072 589 1175 619 Videre
1194 596 1251 618 erat
1276 600 1352 626 eum,
1366 590 1414 629 qui
1436 597 1466 619 ut
1486 590 1527 619 sol
1547 591 1670 631 splende-

924 626 985 662 bat,
998 628 1026 657 in
1043 628 1159 668 caligine
1170 635 1279 669 repente
1291 629 1430 669 positum5
1443 629 1490 668 qui
1502 629 1670 660 daemonibus

925 667 1080 697 tremendus
1092 675 1158 705 erat,
1174 667 1203 697 in
1217 668 1369 698 ludibrium
1383 669 1502 709 positum
1511 680 1521 708 3
1537 670 1586 708 qui
1598 670 1669 699 liber

925 705 1055 737 formatus
1076 715 1145 746 erat,
1159 715 1189 737 ut
1201 718 1311 738 servum
1331 708 1516 738 absconditum
1524 720 1534 747 3
1549 709 1669 748 quirglo-

925 745 1013 776 riosus
1032 754 1059 776 et
1079 747 1246 777 honorabilis
1270 755 1337 783 erat,
1356 755 1387 778 ut
1410 748 1558 787 inglorium
1577 749 1668 778 sordi-

925 784 1048 824 dumque
1070 786 1212 826 jacentem.
1238 789 1424 828 Quapropter,
1446 787 1582 818 auditores
1614 789 1668 818 be-

925 826 1033 861 nevoli,
1059 826 1130 856 hanc
1162 827 1303 856 historiam
1332 834 1499 868 repetenteS,
1526 827 1667 858 videamus

924 864 1069 904 Scripturae
1088 866 1226 907 abyssum,
1243 867 1405 897 narrationis
1422 867 1518 896 seriem
1536 867 1668 897 exhiben-

924 910 973 933 tes.
988 905 1031 934 Et
1040 906 1120 934 vidit
1130 906 1238 935 mulier
1250 908 1330 946 quod
1343 908 1451 935 bonnm
1465 913 1538 935 esset
1551 906 1665 946 lignum
1678 921 1734 943 Gen.
1746 919 1767 942 3,
1779 920 1803 942 (5,

109 944 201 973 δοῦλον
221 945 414 984 κρυπτόμενον·
437 946 482 976 τὸν
506 946 608 980 ἔνδοξον
630 948 675 977 χαὶ
698 948 818 987 ἔντιμον,
839 943 967 989 &mad
984 946 1204 982 comedendum,
1219 951 1248 974 et
1257 947 1337 985 quod
1350 946 1442 975 oculis
1459 946 1620 985 placidum,
1636 954 1665 978 et

79 986 85 992 '
108 983 198 1018 ἄδοξον
212 984 257 1014 καὶ
271 985 396 1025 ῥυποιιδῆ·
407 986 605 1025 κατακείμενον,
622 988 680 1023 Διὸ,
717 986 874 1027 ιλαέφοάμο.
890 996 909 1018 A
923 986 1082 1021 speciosum
1099 986 1141 1013 ad
1149 985 1387 1024 intelligendum.
1398 986 1441 1015 Et
1450 987 1594 1025 accipiens
1604 997 1665 1016 mu<

107 1034 157 1058 νες,
172 1025 449 1067 ἀνακεφαλαιώσαντες
459 1025 508 1061 τὴν
519 1026 637 1065 ἱστορίαν
655 1039 764 1063 ταυτην,
776 1027 874 1066 ἴδωμεν

107 1064 154 1098 τῆς
163 1063 186 1092 Γ
188 1065 272 1103 ραφῆς
282 1064 331 1100 τὴν
350 1065 481 1101 &Gneo-ov,
498 1065 543 1094 τὸν
559 1066 648 1106 εἱρμὸν
663 1068 711 1102 τῆς
729 1067 875 1106 διηγήσεως

105 1102 282 1142 ἐμφαίνοντες.
295 1104 349 1133 Καὶ
367 1100 434 1134 εἶδεν
444 1107 462 1140 ἡ
480 1104 545 1144 γυνὴ
560 1105 601 1134 ὅτι
611 1106 691 1136 καλὸν
704 1106 735 1135 τὸ
748 1106 822 1140 ξύλον
838 1109 874 1141 εἷς

107 1143 222 1180 βρῶσιν,
235 1142 280 1172 καὶ
300 1142 341 1172 ὅτι
360 1143 469 1183 ἀρεστὸν
490 1148 545 1178 τοῖς
563 1146 706 1185 ὀφθαλμοῖς
725 1146 805 1184 ἰδεῖν,
827 1147 872 1176 καὶ

105 1181 201 1220 ὡραῖόν
213 1183 269 1211 ἐστι
282 1186 328 1212 τοῦ
338 1187 510 1220 κατανοῆσαι.
524 1184 578 1214 Καὶ
590 1186 709 1215 λαὸοῦσα
721 1188 738 1220 ἡ
783 1186 814 1222 νὴ
826 1189 871 1216 τοῦ

105 1224 208 1260 καρποῦ
220 1223 309 1257 αὐτοῦ,
318 1222 407 1263 ἔφαγε,
421 1224 465 1253 καὶ
479 1224 562 1253 ἔδωκε
574 1225 619 1254 καὶ
639 1227 677 1264 τῷ
690 1226 753 1266 ἀνδρ
777 1227 869 1261 αὐτῆς.

106 1259 189 1300 Ὁρᾷς
201 1261 301 1302 τρυφὴν
314 1262 424 1292 θάνατον
439 1263 628 1303 προξενοῦσαν;
642 1267 704 1304 ὁρᾶς
719 1265 820 1306 τρυφὴν
835 1267 872 1300 εἰς

105 1298 171 1338 ᾅδην
182 1301 383 1340 ἕκπέμπουσανς
393 1304 455 1343 ὁρᾷς
466 1307 555 1342 γεῦσιν
570 1305 671 1344 παραδε
684 1316 731 1334 σου
744 1307 871 1334 ποιοῦσαν

105 1338 175 1372 ξένον
193 1339 238 1370 τὸν
249 1341 505 1382 μεταλαμὸάνοντας
518 1343 571 1374 Καὶ
588 1343 680 1382 μηδεὶς
692 1347 744 1374 τῶν
756 1344 871 1395 ἐχόντων

104 1379 288 1420 ἀκεραιότερον
298 1384 357 1410 νοῦν
368 1386 408 1424 τῷ
418 1383 486 1424 ξύλῳ
497 1383 545 1420 τὴν
555 1383 655 1424 μέμψιν
665 1395 868 1424 προσαγαγοιτο,

103 1420 171 1450 ἀλλὰ
180 1422 220 1460 τῷ
233 1423 418 1459 μεταλαὸόντι.
429 1423 535 1463 Ὥσπερ
545 1423 597 1463 γάρ
605 1435 645 1456 τις
656 1423 779 1463 βασιλεὺς
789 1436 869 1464 στρα-

101 1462 184 1502 *ruht-fl
209 1461 289 1493 αὐτοῦ
314 1463 493 1504 παραγγείλας
502 1486 510 1500 ,
535 1463 572 1502 μὴ
595 1464 720 1500 εἰσελθεῖν
745 1475 803 1493 τινα
816 1466 870 1493 τῶν

101 1502 236 1542 ἀρχόντων
248 1502 348 1533 ἔνδοθεν
355 1506 401 1533 τοῦ
417 1504 554 1542 βασιλικοῦ
565 1504 697 1539 κοιτῶνος,
708 1504 731 1531 εἷ
742 1502 780 1541 μὴ
793 1503 870 1537 αὐτὸς

100 1552 122 1570 π
175 1542 242 1576 .άξει
252 1542 346 1582 τούτῳ,
359 1542 377 1578 ἢ
392 1542 536 1582 μυστήριον
547 1543 626 1571 αὐτοῦ
638 1542 804 1582 ἀναγγείλας,
818 1554 869 1581 μη·-

102 1581 117 1609 δ
130 1592 163 1610 να
185 1583 238 1611 τῶν
261 1581 354 1615 ἔξωθεν
384 1585 547 1620 καταμαθεῖν
572 1580 641 1617 πλὴν
666 1583 746 1610 αὐτοῦ
772 1581 850 1620 μόνον
862 1593 869 1600 ·

101 1621 198 1654 ἐκεῖνος
219 1620 247 1649 δὲ
269 1620 378 1655 ἐξελθὼν
398 1621 547 1656 κατάδηλον
560 1620 660 1659 ποιήσῃ
674 1620 719 1650 τὸν
731 1621 809 1660 λόγον
832 1617 870 1654 οἷς

101 1658 132 1688 ἂν
154 1659 216 1697 θέλῃ
239 1660 284 1689 καὶ
307 1661 450 1700 βούληται·
473 1660 531 1689 εἶπέ
546 1672 606 1699 μοι,
619 1661 667 1699 οὐχ
690 1660 868 1696 ὗποστήσεται

100 1698 176 1735 δίκην
189 1701 203 1729 ὁ
216 1703 340 1735 τοιοῦτος,
350 1701 390 1730 ὅτι
402 1701 539 1739 βασιλικῷ
553 1694 732 1740 κατεφρύνησε
743 1700 867 1750 κράτους

99 1739 126 1767 Τ
127 1742 226 1769 οισῦτον
237 1739 282 1768 καὶ
295 1740 338 1770 ἐπὶ
351 1740 395 1769 τὸν
409 1739 494 1778 Ἀδὰμ
508 1739 707 1779 ἐκαινουργήθη.
722 1740 816 1768 Παντα
826 1739 868 1769 δέ·

99 1778 182 1808 δωκεν
197 1780 267 1819 αὐτῷ
288 1782 302 1809 ὃ
322 1780 391 1813 Θεὸς
412 1780 449 1812 εἷς
471 1781 486 1818 β
507 1781 568 1809 ’σιν
590 1779 635 1808 καὶ
654 1779 815 1816 ἀπόλαυσιν,
834 1779 868 1809 τὰ

99 1818 183 1858 φυτὰ,
197 1818 256 1852 τοὺς
275 1818 407 1859 καρποὺς,
419 1818 452 1848 τὰ
470 1818 554 1848 ὔοατα
561 1841 570 1854 ,
585 1822 631 1848 τοῦ
644 1818 805 1858 παραδείσου
817 1818 866 1855 τὴν

97 1869 126 1886 τε
195 1869 272 1893 τητα,
280 1859 324 1888 τὸν
335 1859 418 1895 ἥλιον,
427 1858 476 1894 τὴν
488 1858 601 1906 σελήνην
611 1857 656 1887 καὶ
667 1857 726 1891 τοὺς
739 1857 865 1898 ἀστέρας·

97 1899 110 1927 ἑ
141 1910 153 1932 ς
169 1897 198 1927 δὲ
246 1910 289 1927 νον
305 1898 381 1932 ξύλου
396 1898 506 1927 δέδωκεν
527 1899 599 1937 αὖτῳ
619 1897 777 1936 φυλάσσειν,
800 1898 866 1928 ὑπό-

96 1937 192 2013 Ξῖἕμα
207 1938 358 2008 “emim-mov
379 1937 512 2007 ἷξονίζοέἑ
525 1937 570 2013 aa?
590 1937 696 1988 ἐντολὴν
717 1938 782 2005 zebe:
795 1939 865 1967 ὑπα-

147 1989 161 2006 ν
178 1989 223 2006 του
237 1989 259 2006 π
276 1989 366 2007 αστου.
408 1989 468 2011 υτος
525 1989 544 2016 μ
565 1989 594 2006 τε
608 1989 707 2006 τουτων
738 1989 774 2006 ων
787 1989 865 2018 γαρι-

96 2017 204 2055 σμάτων
212 2017 283 2051 ἐντὸς
291 2017 436 2057 γενόμενος,
446 2016 514 2056 μήτε
523 2019 572 2052 τῆς
579 2016 652 2050 ἀξίας
660 2016 708 2052 τὴν
717 2012 864 2056 ὓπερὸολὴν
896 2044 899 2046 .

95 2067 122 2085 τι
143 2057 222 2093 ήσας,
233 2057 301 2095 μήτε
315 2060 360 2086 τοῦ
374 2057 485 2097 κράτους
498 2059 577 2086 αὐτοῦ
588 2057 637 2092 τὴν
653 2057 738 2086 ἐλευθε
758 2056 798 2085 ίαν
812 2069 863 2097 φυ-

94 2097 111 2125 λ
131 2095 191 2132 ξας,
211 2098 250 2136 τῷ
265 2097 410 2137 παρανόμῳ
423 2096 469 2126 καὶ
482 2097 568 2136 ἐχθρῷ
588 2098 636 2132 τ’ἠς
657 2097 779 2132 ἀληθειας
794 2097 864 2132 ἕπη-

95 2136 243 2176 κροάσατο,
263 2137 309 2165 καὶ
330 2136 418 2176 ἥψατο
438 2138 486 2171 τῆς
508 2138 659 2176 παρακοῆς,
673 2135 719 2165 καὶ
732 2135 837 2175 γέγονεν
851 2138 864 2165 ὁ

95 2175 222 2208 ἀθάνατος
235 2175 338 2211 θνητὸς,
350 2177 364 2204 ὃ
379 2175 468 2216 ἄρχων
477 2178 523 2204 τοῦ
535 2175 696 2215 παραδείσου
710 2187 742 2214 γυ
765 2175 807 2208 νὸς
818 2178 865 2211 τῆς

94 2214 186 2244 τούτου
200 2213 336 2250 οἰκήσεως,
349 2216 363 2243 ὃ
378 2209 483 2254 τρίδους
495 2217 543 2250 τῆς
556 2214 679 2250 ἀληθείας
692 2216 797 2250 ὁδευων,
812 2216 865 2243 τῶν

94 2254 226 2294 δαιμόνων
246 2252 384 2293 ἐπίχαρμα
405 2253 558 2292 γενόμενος,
578 2256 592 2283 ὁ
612 2254 769 2293 Πνεύματος
789 2254 864 2292 ἁγίου

93 2293 323 2332 ἐμπεπλησμένος,
335 2292 493 2331 πνευμάτων
507 2305 574 2328 πονη
593 2295 629 2322 ὦν
644 2292 861 2333 πεπληρωμένος,

93 2323 113 2363 ὁι
128 2333 277 2373 προφητείᾳ
303 2332 498 2372 ἠγλαϊσμένος,
522 2304 592 2371 μηδς

92 2374 180 2406 ὁποῖος
191 2377 202 2389 ”
211 2369 254 2409 ἦν.
271 2371 487 2412 ’Λπαρτισθείσης
499 2373 547 2406 τῆς
565 2383 603 2401 πα
621 2374 701 2407 ακοῆς
713 2372 804 2403 λοιπὸν
816 2374 864 2408 τῆς

93 2413 283 2453 θανατηφόρου,
297 2411 454 2449 θεασάμενοι
472 2411 556 2450 Ἀδὰμ
568 2422 602 2440 κα
628 2410 699 2447 Εὔα,
716 2411 756 2440 ὅτι
770 2412 864 2450 γυμνοὶ

92 2454 212 2492 ὓπῆργον
234 2452 277 2482 διὰ
296 2454 344 2487 τῆς
364 2450 540 2490 παραὸάσεως
562 2452 648 2480 αὐτῶν
657 2462 664 2468 ·
677 2450 720 2480 ὅτι
750 2450 783 2491 ὰρ
805 2454 863 2481 θεο-

92 2485 226 2530 κόσμητον
238 2491 335 2527 στολὴν
346 2493 393 2526 τῆς
403 2490 546 2523 ἀθανασίας
553 2486 620 2526 ἦσαν
631 2462 862 2530 περιθεέλημένοι,

614 2332 707 2362 ἑαυτὸν
732 2332 864 2372 γνωρίζων
916 2339 950 2369 pe
1545 2369 1550 2374 Ι
1577 2369 1583 2374 ,

915 2368 1020 2398 Deinde
1031 2369 1213 2404 Audiet-unt,
1230 2368 1446 2407 inquit‚-vocem
1465 2368 1580 2395 Donum
1596 2378 1661 2396 am-
1673 2380 1729 2402 Gen.
1749 2380 1773 2403 3,
1787 2379 1810 2402 3,

924 1022 979 1051 lier
986 1023 1023 1051 de
1031 1024 1150 1092 (ructu,
1164 1025 1300 1061 comedit,
1315 1032 1341 1053 el
1360 1026 1442 1054 dedit
1456 1028 1525 1055 vtro
1535 1037 1600 1057 suo.
1613 1027 1664 1057 Vi-

923 1061 983 1091 den'
997 1073 1032 1092 vo
1046 1069 1174 1103 uptatem‚
1196 1074 1255 1103 quae
1275 1071 1388 1094 mortem
1409 1066 1557 1105 procurat?
1571 1066 1664 1096 viden’

922 1102 1087 1141 voluptatem
1098 1113 1157 1142 quae
1169 1104 1197 1133 in
1206 1105 1340 1133 infernum
1353 1104 1466 1144 dejicit?
1476 1105 1567 1134 viden'
1575 1114 1664 1146 gusta-

920 1141 1030 1177 tionem,
1055 1153 1116 1181 quae
1140 1150 1290 1182 gustantem
1306 1154 1320 1172 a
1338 1143 1462 1184 paradiso
1484 1145 1602 1175 alienum
1626 1147 1664 1176 fa-

921 1181 976 1210 cit?
996 1182 1081 1211 Nemo
1105 1182 1232 1212 cordatus
1254 1183 1359 1222 lignum
1385 1184 1414 1212 in
1438 1183 1547 1223 culpam
1573 1187 1662 1223 vocet,

920 1220 968 1250 sed
989 1221 1180 1252 comedentem.
1199 1222 1433 1259 Quemadmodum
1458 1224 1530 1253 enim
1553 1225 1575 1253 si
1602 1227 1665 1264 quis

921 1273 968 1292 rex
990 1261 1071 1290 militi
1092 1262 1241 1307 praecipiat,
1261 1272 1294 1291 ue
1315 1273 1394 1302 quem
1416 1263 1572 1303 principum
1593 1264 1663 1295 intra

921 1303 1025 1343 regium
1039 1301 1196 1331 cubiculum
1209 1302 1313 1342 ingredi
1321 1303 1399 1338 sinat,
1409 1309 1455 1332 aut
1468 1313 1594 1333 arcanum
1610 1305 1664 1345 ipsi

921 1343 1042 1372 revelans
1053 1364 1061 1378 ,
1075 1348 1147 1371 vetet
1168 1351 1201 1370 ne
1223 1343 1286 1381 quis
1305 1342 1376 1372 alius
1394 1341 1517 1372 ediscat:
1531 1343 1579 1372 ille
1599 1355 1663 1374 vcro

921 1393 1041 1422 egressus
1059 1381 1089 1410 id
1105 1381 1238 1411 renuntiet
1258 1382 1319 1412 aliis
1346 1393 1395 1422 pro
1412 1382 1515 1418 lubito;
1528 1382 1573 1412 dic
1595 1385 1663 1414 mihi

921 1433 955 1451 an
974 1433 1027 1452 non
1048 1431 1139 1463 poenas
1156 1419 1233 1450 dabit
1255 1421 1314 1458 ille,
1335 1421 1409 1461 quod
1431 1422 1536 1461 regium
1554 1433 1663 1463 spreve-

921 1462 956 1491 rit
971 1461 1137 1502 imperium?
1150 1460 1272 1500 Idipsum
1286 1462 1313 1490 in
1323 1461 1426 1491 Adamo
1437 1461 1546 1492 factum.
1565 1464 1664 1493 Omnia

921 1501 972 1541 ipsi
986 1503 1060 1531 Deus
1075 1501 1184 1530 dederat
1201 1500 1229 1529 in
1250 1501 1341 1530 cibum
1355 1507 1382 1529 et
1392 1500 1568 1540 voluptatem,
1583 1503 1663 1532 arbo-

886 1549 904 1572 n
921 1551 974 1576 res,
995 1541 1109 1576 fructus,
1133 1550 1227 1578 aquas,
1249 1539 1367 1579 paradisi
1388 1540 1596 1580 jucunditatem,
1619 1553 1663 1572 so-

920 1580 984 1616 lem,
997 1580 1090 1609 lunam
1103 1586 1128 1608 et
1141 1579 1232 1608 stellas
1248 1590 1254 1607 :
1270 1579 1350 1619 unius
1371 1590 1436 1609 vero
1456 1579 1524 1619 ligni
1545 1581 1662 1611 fructum

919 1619 1083 1648 servandum
1115 1617 1244 1655 tradidit,
1268 1617 1382 1647 dominii
1414 1626 1602 1657 argumentum
1636 1628 1663 1651 et

920 1658 1065 1698 imaginem
1083 1658 1214 1698 praebens,
1235 1667 1320 1697 praecc
1341 1664 1451 1696 tumque
1471 1657 1538 1687 dans
1559 1659 1594 1688 ad
1615 1661 1663 1690 ob-

918 1698 1083 1734 sequentiam
1103 1707 1120 1726 o
1140 1696 1206 1726 iflcii
1226 1696 1279 1725 sui.
1298 1697 1321 1726 ΙΙ
1334 1707 1349 1726 e
1366 1707 1430 1727 vero
1452 1697 1572 1727 nondum
1590 1698 1662 1730 intra

918 1736 1084 1776 haec¹gratiae
1107 1708 1177 1765 «ἧσε
1198 1736 1353 1773 consistens,
1375 1746 1423 1765 nec
1443 1736 1583 1777 dignitatis
1603 1749 1661 1769 ma-

937 1776 1087 1806 nitudinem
1106 1776 1134 1805 in
1155 1776 1242 1816 pretio
1260 1776 1371 1812 habens,
1387 1786 1404 1805 n
1439 1787 1473 1805 ue
1490 1777 1597 1817 imperii
1616 1779 1660 1808 sui

917 1786 1069 1845 libertatem
1088 1815 1251 1852 custodiens,
1277 1815 1400 1854 iniquum
1420 1815 1500 1845 ilum
1523 1823 1549 1846 et
1570 1818 1660 1847 iuimi-

917 1865 979 1885 cum
994 1854 1113 1885 veritatis
1131 1854 1248 1892 audivit,
1276 1862 1303 1884 et
1317 1855 1525 1894 inobsequentiae
1537 1867 1566 1886 se
1583 1857 1660 1887 dedi-

916 1894 967 1931 dit,
979 1895 1118 1934 factusque
1129 1901 1167 1924 cst
1177 1905 1212 1924 ex
1222 1894 1367 1924 immortali
1382 1895 1519 1932 mortalis;
1534 1896 1659 1937 princeps

915 1934 1034 1974 paradisi
1055 1935 1113 1974 ejus
1130 1934 1293 1964 habitatione
1313 1934 1458 1974 privatus;
1478 1935 1525 1973 qui
1540 1936 1659 1966 veritatis

916 1973 1023 2003 semitas
1044 1974 1162 2011 terebat,
1178 1973 1331 2003 daemonum
1355 1973 1507 2003 ludibrium
1529 1975 1656 2011 effectus;

916 2014 964 2052 qui
978 2013 1075 2054 plenus
1097 2013 1200 2053 Spiritu
1223 2020 1313 2046 sancto
1333 2020 1400 2049 erat,
1413 2013 1554 2053 spiritibus
1577 2016 1657 2045 mali-

909 2053 975 2093 gnis
998 2063 1026 2081 re
1046 2052 1134 2087 letus;
1152 2053 1200 2092 qui
1222 2053 1370 2093 prophetiae
1383 2053 1455 2082 dono
1475 2054 1605 2093 fulgebat,
1625 2066 1659 2085 nc

916 2092 958 2122 sui
972 2064 1081 2130 quid-'em
1101 2092 1109 2121 i
1129 2092 1186 2122 sius
1202 2102 1311 2132 gnarus.
1327 2093 1467 2132 Completa
1483 2093 1599 2132 denique
1610 2094 1658 2124 illa

917 2132 1052 2161 mortifera
1072 2131 1117 2161 ino
1137 2132 1284 2171 sequentia,
1299 2142 1361 2161 cum
1379 2132 1556 2162 advertissent
1570 2133 1657 2162 Adam

916 2178 942 2200 ct
951 2171 1010 2200 Eva
1020 2181 1048 2200 se
1058 2171 1143 2201 nudos
1153 2181 1210 2201 esse
1222 2172 1258 2200 ob
1267 2171 1513 2212 praeva1·icationem
1529 2184 1536 2200 .-
1550 2173 1658 2211 quando

916 2211 988 2240 enim
1001 2209 1094 2241 divino
1106 2210 1313 2240 immortalitatis
1321 2211 1419 2240 vestitu
1435 2218 1583 2250 ornatuque
1591 2212 1657 2240 ami-

916 2250 952 2279 cti
966 2256 1051 2285 ctant,
1066 2249 1215 2280 nuditatem
1229 2261 1305 2280 suam
1319 2260 1372 2279 non
1381 2250 1525 2286 videbant3
1538 2262 1600 2279 cum
1613 2262 1658 2279 nu-

916 2296 969 2319 tem
988 2289 1097 2319 accessit
1117 2290 1314 2330 praevaricatio,
1329 2296 1354 2319 et
1370 2289 1575 2328 inobsequentiae
1591 2300 1660 2329 opus

952 2329 1063 2358 rfectum
1076 2336 1126 2365 est,
1140 2336 1204 2359 tunc
1222 2328 1417 2369 turpitudinem
1431 2339 1507 2357 suam
1521 2328 1658 2358 viderunt.

917 2409 1048 2438 balantis
1066 2411 1096 2437 in
1107 2409 1247 2448 paradiso
1261 2409 1338 2437 circa
1354 2406 1513 2441 meridiem,
1526 2412 1554 2434 ec
1567 2416 1598 2435 se
1611 2417 1661 2435 oc-

917 2447 1067 2477 calcarunt
1089 2448 1192 2477 Adam
1212 2455 1239 2476 el
1259 2455 1333 2476 uxor
1344 2447 1407 2485 ejus
1421 2445 1528 2484 asacie
1541 2446 1663 2475 Domini

917 2492 984 2521 Dei.
1002 2491 1123 2523 Fiduciae
1143 2501 1221 2520 cansa
1236 2490 1346 2531 praecisa
1361 2495 1399 2518 cst
1414 2501 1420 2517 z
1437 2489 1511 2519 vonit
1530 2490 1661 2529 pracvari-

125 2584 134 2594 ι·
151 2575 159 2608 l
169 2573 244 2600 Savil.
257 2578 290 2605 ηὐ,
305 2579 345 2602 ἀπ.
362 2586 382 2601 τ.
394 2586 419 2602 π.
433 2579 453 2601 λ,
464 2582 503 2604 τῆς
512 2579 660 2610 ψυχορθόρου,
674 2581 696 2603 0.
711 2577 765 2602 δὲ...
780 2577 889 2611 ὑπῆρχον,
902 2578 938 2603 διὰ
950 2583 990 2606 τῆς
1001 2579 1150 2611 παραέάπως
1169 2579 1286 2608 ἐγνώρισαν
1300 2577 1340 2602 τὴν
1353 2575 1462 2605 γύμνωσιν
1476 2572 1570 2606 αὖα-ὤν’]
