1890 2826
568 184 612 206 DE
638 182 746 205 MUNDI
773 179 965 203 CREATIONE
992 180 1120 203 ORATIO
1148 181 1193 204 111.

97 250 143 280 καὶ
155 237 229 279 πᾶσα
244 249 352 287 γλῶσσα
365 244 510 285 μαινομένη
539 243 719 283 βλασφημίαν,
739 241 862 280 ιὑμνήσῃ

98 294 206 334 Πατέρα
219 291 264 322 καὶ
276 292 341 322 Υἱὸν
355 290 400 320 καὶ
412 290 486 330 ἅγιον
501 291 612 329 Πνεῦμα
632 290 668 322 εἰς
679 287 739 321 τοὺς
755 288 862 319 αἰῶνας.

98 339 188 379 Ἀμήν,

90 621 150 650 Τοῦ
169 621 248 650 αὐτοῦ
269 621 306 653 εἷς
319 603 368 655 την
383 618 475 659 τρίτην
496 617 598 658 ἡμέραν
612 618 659 652 τῆς
673 602 862 655 κοσμοῗοιίας,

321 664 366 694 καὶ
378 665 440 704 περὶ
456 663 634 696 ἀναστάσεως.

133 757 167 786 Ὁ
179 757 228 796 μὲν
241 759 286 786 τοῦ
305 756 405 795 κόσμου
421 755 542 796 τεχνίτης
555 754 623 794 ἡλίῳ
635 753 681 783 καὶ
704 753 805 793 σελήνῃ
816 753 863 783 καὶ

94 803 201 842 ἄστροις
217 802 262 832 τὸν
273 801 381 842 οὐρανὸν
399 800 579 837 ἐκαλλώπισε,
594 799 639 829 καὶ
650 798 698 838 τὴν
711 800 761 838 γῆν
776 798 863 836 ἄνθεσι

94 848 139 878 καὶ
152 852 242 889 φυτοῖς
255 847 418 888 ἐστεφάνωσε
426 846 494 884 ‚Qud
511 851 599 876 πᾶσαν
613 845 662 882 τὴν
675 845 760 874 κτίσιν
775 844 864 885 διαφό-

95 906 147 933 ρως
164 893 312 930 ἐποίκιλλεν
324 905 331 912 ·
353 895 425 931 ἡμᾶς
447 892 476 922 δὲ
496 892 535 921 δεῖ
555 891 600 921 τὸν
623 893 671 927 τῆς
691 890 864 930 δημιουργίας
879 900 897 923 ι)

93 940 169 980 λόγον
177 939 354 973 ἀναλαὸόντας
363 938 505 978 θαυμάζειν
514 937 562 978 μὲν
571 938 604 968 τὰ
610 937 864 977 γεγενημένα,προσ-

89 990 178 1016 κυνεῖν
192 985 220 1016 δὲ
232 986 276 1016 τὸν
290 985 422 1026 τεχνίτην.
433 986 474 1015 Ota
483 984 535 1024 γὰρ
548 984 650 1025 ἐγράφη
664 987 748 1013 ταῦτα
757 983 801 1012 ἵνα
812 983 866 1021 μά-

92 1035 178 1071 θωμεν
202 1031 242 1061 ὅτι
261 1031 462 1071 γέγονεμόνον,
481 1029 550 1060 ἀλλὰ
570 1029 616 1059 καὶ
629 1029 807 1068 θαυμάσωμεν
820 1029 865 1061 τὸν

91 1078 249 1114 ποιήσαντα.
271 1077 386 1117 Εἴρηται
409 1077 451 1106 ὅτι
470 1078 506 1116 τῇ
531 1074 625 1115 πρώτῃ
650 1073 698 1108 τὰς
722 1074 786 1107 ὕλας
812 1075 865 1103 τῶν

91 1124 244 1163 κτισμάτων
262 1123 403 1163 παρήγαγε
413 1134 420 1141 ·
435 1124 469 1161 τῇ
487 1121 599 1161 δευτέρᾳ
613 1122 670 1154 πῶς
681 1120 713 1150 τὸ
727 1120 865 1160 στερέωμα

90 1169 119 1203 ἐξ
133 1168 300 1209 ἠραιωμένης
313 1168 415 1208 φύσεως
427 1169 480 1197 τῶν
496 1166 598 1196 ὑδάτων
611 1166 807 1202 συνεστήσατο,
820 1166 865 1195 καὶ

93 1215 137 1244 διὰ
160 1218 237 1244 τοῦτο
263 1214 402 1255 στερέωμα
427 1213 535 1249 ἐκλήθη.
558 1212 611 1242 Διὰ
633 1215 711 1242 τοῦτο
735 1211 763 1241 δὲ
786 1212 830 1242 καὶ
851 1215 865 1242 ὁ

94 1261 206 1301 Χριστὸς
227 1260 276 1297 τὴν
297 1259 453 1299 οἰκουμένην
472 1264 561 1288 πᾶσαν
582 1258 780 1298 ἐξηραιωμένην
789 1281 798 1294 ,
818 1258 864 1287 καὶ

90 1307 296 1347 κεχαυνωμένην
306 1328 314 1342 ,
338 1305 470 1346 διαφόροις
495 1304 623 1334 πολυθέου
654 1303 758 1340 πλάνης
789 1304 863 1337 ὕλαις

88 1354 313 1394 ἕσκορπισμένην,
327 1352 475 1391 συνήγαγε,
489 1351 534 1381 καὶ
548 1351 611 1390 μίαν
630 1350 741 1386 ἐποίησε
753 1351 843 1380 πίστιν
853 1373 861 1388 ,

92 1400 138 1429 καὶ
151 1401 226 1429 καλεῖ
237 1398 319 1435 αὐτὴν
329 1400 344 1428 ὁ
357 1397 501 1431 ἀπόστολος
511 1396 659 1437 στερέωμα,
671 1395 755 1436 λέγων
765 1408 771 1415 ·
785 1396 863 1426 Κατὰ

68 1444 70 1446 ’
91 1446 122 1475 τὸ
135 1445 273 1486 στερέωμα
285 1446 334 1480 τῆς
347 1445 383 1477 εἷς
395 1443 440 1473 τὸν
454 1443 569 1483 Χριστὸν
580 1442 704 1476 πίστεως.
716 1442 862 1483 Ἐμερίσθη

93 1493 179 1521 τοίνυν
191 1494 209 1527 ἡ
224 1489 407 1526 ἄὸυσσος,,καὶ
418 1485 451 1525 ἦν
462 1489 492 1518 τὸ
505 1493 596 1528 μεῖναν
607 1488 681 1519 κάτω
694 1488 763 1528 ὕδωρ
779 1488 863 1518 ἄὸυσ-

92 1536 147 1574 σος,
156 1536 243 1567 καὶτὸ
257 1535 358 1576 ὑψωθὲν
372 1535 426 1564 ἅνω
438 1534 560 1568 ἄὸυσσος.
574 1534 660 1572 Πόθεν
674 1537 768 1571 τοῦτο;
784 1534 863 1573 Λέγει

92 1583 177 1613 Δαυίδ
188 1595 194 1602 ·
208 1583 336 1615 Ἀὅυσσος
349 1581 463 1611 ἄὸυσσον
477 1581 642 1610 ἐπικαλεῖται
656 1582 692 1614 εἷς
706 1581 794 1621 φωνὴν
810 1583 862 1610 τῶν

94 1629 268 1669 καταρακτῶν
281 1639 338 1664 σου.
361 1626 507 1667 Ἔμερίσθη
531 1626 617 1655 τοίνυν
639 1628 656 1662 ἦ
673 1625 803 1662 ἄὸυσσος,
818 1627 864 1656 καὶ

92 1674 196 1713 ἐγένετο
206 1673 345 1714 στερέωμα
354 1684 360 1691 ·
368 1671 459 1702 λοιπὸν
466 1674 484 1706 ἡ
496 1673 531 1710 γῆ
541 1671 705 1701 ἐκεκάλυπτο
713 1671 797 1701 ὕδατι.
810 1671 863 1701 Καὶ

93 1715 167 1754 εἶπε,
189 1719 286 1760 φησὶν,
298 1721 312 1748 ὁ
327 1717 411 1751 Θεός·
435 1717 590 1757 συναχθήτω
612 1717 643 1746 τὸ
664 1717 735 1757 ὕδωρ
756 1717 787 1747 τὸ
799 1719 864 1747 ὑπο-

92 1766 166 1796 κάτω
180 1768 226 1795 τοῦ
237 1766 346 1805 οὐρανοῦ
360 1765 397 1798 εἷς
409 1763 564 1803 συναγωγὴν
579 1763 652 1802 μίαν,
667 1763 712 1793 καὶ
725 1763 835 1804 ὀφθήτω,
845 1766 862 1800 ἡ

94 1811 169 1851 ξηρά.
185 1811 295 1846 Ἐπειδὴ
311 1809 398 1840 πάντα
410 1809 424 1826 ¹’
435 1807 573 1849 βούλονται
584 1810 608 1839 οἳ
623 1808 708 1839 ἄθλιοι
719 1811 772 1839 τῶν
787 1811 862 1850 αἱρε-

1585 169 1650 206 531

915 240 983 269 lium
995 241 1131 271 excelsum
1142 250 1168 272 et
1185 243 1328 281 elevatum,
1341 243 1507 273 sanctificare
1519 253 1552 273 ne
1569 254 1658 274 cesse-

915 296 987 324 mus;
1001 285 1099 326 gratias
1113 298 1177 318 vero
1189 298 1299 328 agamus
1309 299 1360 329 pro
1373 288 1462 322 anima
1474 300 1538 328 quae-
1548 289 1659 320 seducta

915 332 1012 369 fuerat,
1025 343 1106 371 quam
1122 333 1204 374 lupus
1222 334 1321 374 rapuit,
1343 345 1425 373 quam
1443 334 1542 364 avulsit
1555 342 1656 375 pastor,

916 388 998 416 quam
1011 379 1103 418 rapuit
1115 379 1251 417 diabolus,
1261 380 1309 409 sed
1319 380 1430 410 abstulit
1441 379 1490 410 ille
1502 381 1618 411 clemens
1627 382 1660 410 ac

914 424 1047 464 benignus
1064 437 1071 458 ς
1084 432 1156 455 utos
1167 437 1245 456 omne
1262 426 1430 464 haereticum,
1451 434 1477 456 et
1488 427 1583 468 lingua
1598 428 1657 458 bla-

914 470 1027 510 sphema
1038 471 1140 508 furens,
1157 471 1248 501 laudet
1258 474 1362 508 Patrem
1369 480 1394 503 et
1408 473 1512 504 Filium
1525 481 1551 504 et
1569 474 1657 514 Spiri-

914 523 971 545 tum
985 524 1105 547 sanctum
1127 518 1154 547 in
1166 519 1274 548 saecula.
1289 520 1385 548 Amen.

915 615 1059 654 Ejusdem
1080 616 1113 643 in
1137 615 1214 644 diem
1235 617 1352 645 tertium
1375 617 1541 654 creationis,
1571 624 1599 647 et
1622 618 1677 646 de'

1180 663 1398 691 resurrectione.

953 754 966 780 1
976 775 982 780 .
992 752 1098 782 Mundi
1113 753 1219 783 Artifex
1230 753 1297 791 sole,
1313 754 1389 791 luna,
1403 753 1490 783 stellis
1502 754 1597 785 caelum
1612 764 1657 784 01·-

913 797 998 834 navit‚
1023 804 1176 837 terramque
1199 798 1314 828 floribus
1335 806 1361 828 et
1381 799 1480 840 plantis
1509 801 1658 837 coronavit,

912 852 992 884 atque
1009 856 1116 875 omnem
1131 853 1284 881 creaturam
1297 846 1380 877 variis
1396 847 1535 877 decoravit
1555 848 1659 877 ornati-

912 891 964 921 bus
981 904 988 920 :
1001 902 1049 922 nos
1066 903 1129 922 vero
1145 903 1194 932 par
1213 899 1263 929 est,
1279 899 1397 933 resumto
1408 892 1442 921 de
1460 893 1591 924 creatione
1603 904 1661 924 sest

913 948 1002 976 moue,
1025 938 1133 978 opificia
1153 938 1263 977 quidem
1281 938 1387 976 mirari,
1415 938 1548 978 Opificem
1569 946 1659 969 autem

913 982 1034 1013 adorare.
1050 984 1145 1022 Neque
1161 985 1234 1013 enim
1247 984 1306 1013 haec
1320 984 1418 1024 scripta
1431 991 1494 1014 sunt
1513 985 1612 1022 solum,
1629 993 1660 1015 ut

913 1028 1048 1059 discamus
1067 1030 1114 1059 illa
1135 1030 1208 1059 facta
1226 1041 1294 1068 esse,
1309 1030 1356 1060 sed
1372 1037 1400 1060 ut
1413 1030 1547 1070 Opificem
1568 1032 1660 1061 admi-

913 1087 1015 1107 remur.
1036 1077 1146 1107 Dictum
1159 1085 1198 1107 est
1211 1078 1291 1107 illum
1309 1078 1398 1118 primo
1415 1078 1460 1108 die
1477 1086 1659 1110 creaturarum

914 1123 1054 1152 materiam
1071 1123 1253 1163 produxisse:
1270 1124 1388 1155 secundo
1409 1125 1465 1162 die,
1476 1126 1612 1164 quomodo
1625 1137 1661 1156 ex

914 1166 1015 1196 rariore
1033 1167 1210 1206 mollior-eque
1226 1178 1358 1206 aquarum
1378 1169 1488 1198 materia
1501 1170 1659 1200 firmamen-

910 1217 972 1244 tum
991 1211 1170 1248 constituerit,
1183 1211 1297 1250 ideoque
1316 1212 1515 1242 firmamentum
1535 1221 1659 1244 vocatum

912 1256 1003 1285 fuerit.
1019 1255 1127 1286 Idcirco
1138 1256 1220 1286 etiam
1233 1257 1358 1287 Christus
1369 1265 1456 1287 totum
1470 1259 1563 1288 orbem
1578 1266 1659 1289 terra-

914 1311 976 1330 rum
994 1308 1166 1332 extenuatum
1184 1309 1212 1332 et
1231 1302 1394 1341 emollitum,
1414 1302 1576 1344 diversoque
1593 1306 1660 1346 plu—

913 1346 986 1375 rium
1011 1347 1125 1377 deorum
1153 1359 1244 1378 errore
1272 1359 1322 1378 ceu
1351 1349 1462 1387 materia
1486 1349 1660 1391 dissipatum,

880 1403 899 1426 1)
914 1393 1034 1433 collegit,
1046 1401 1073 1423 et
1085 1404 1166 1423 unam
1178 1394 1262 1424 fidem
1281 1395 1355 1432 fecit,
1368 1406 1450 1435 quam
1462 1396 1659 1428 firmamentum

914 1447 992 1470 vocat
999 1441 1137 1480 apostolus
1148 1441 1190 1483 his
1202 1442 1292 1471 verbis
1303 1454 1311 1471 :
1322 1442 1488 1473 Secundum
1497 1446 1661 1483 firmamen-
1674 1461 1723 1483 001.
1738 1468 1759 1483 Ζ,
1773 1462 1796 1483 3.

916 1493 977 1516 tum
984 1487 1062 1527 fidei
1076 1489 1108 1516 in
1128 1488 1287 1518 Christum.
1305 1488 1399 1519 Divisa
1417 1498 1457 1520 est
1473 1490 1558 1530 igitur
1575 1492 1659 1532 abys-

914 1544 960 1563 sus
976 1547 983 1563 :
997 1541 1107 1574 eratque
1120 1546 1190 1575 aqua
1209 1535 1259 1565 illa
1271 1546 1331 1575 quae
1350 1536 1418 1566 infra
1433 1539 1556 1568 manebat
1575 1540 1659 1580 abys—

913 1591 970 1616 sus,
985 1587 1064 1619 atque
1077 1581 1156 1611 etiam
1176 1582 1224 1611 illa
1237 1593 1296 1621 quae
1310 1593 1418 1612 sursum
1430 1591 1456 1613 et
1466 1585 1591 1616 sublimis
1602 1593 1660 1616 erat

913 1626 1036 1665 abyssus.
1053 1626 1134 1656 Unde
1147 1627 1220 1656 hoc?
1232 1627 1279 1657 Ait
1290 1628 1381 1659 David
1390 1641 1404 1661 ⁴:
1419 1630 1558 1667 Abyssus
1569 1633 1658 1669 abys-
1670 1646 1736 1668 Psal.
1745 1645 1811 1676 413,

913 1681 978 1701 sum
986 1673 1104 1700 invocat
1117 1672 1148 1701 in
1161 1683 1234 1702 voce
1243 1679 1461 1704 cataractarum
1470 1682 1597 1707 tuarum.
1611 1678 1659 1708 Di-

913 1717 972 1746 visa
979 1724 1019 1746 est
1032 1716 1121 1756 itaque
1126 1718 1249 1758 abyssus,
1257 1714 1286 1749 et
1291 1720 1391 1749 factum
1398 1727 1437 1750 est
1443 1721 1640 1753 firmamentum
1649 1736 1656 1754 t

913 1763 1039 1805 deinceps
1059 1771 1132 1794 terra
1148 1772 1308 1806 operta'erat
1325 1778 1404 1806 aqua.
1420 1770 1462 1798 Et
1474 1770 1656 1810 dixitDeus,
1670 1788 1724 1809 Gen.
1739 1793 1759 1809 1,
1770 1794 1795 1817 9,

914 1809 1014 1848 inquit,
1028 1810 1226 1852 Congregetur
1238 1823 1318 1852 aqua
1334 1815 1403 1853 'quae
1415 1815 1468 1844 sub
1485 1816 1558 1846 coelo
1571 1824 1614 1847 est
1626 1819 1659 1847 in

64 1868 66 1870 ·
94 1859 173 1887 τικῶν
196 1858 303 1892 παῖδες,
326 1856 371 1886 καὶ
396 1855 493 1895 τρόπον
515 1856 653 1894 ἐρευνῶσιν
674 1856 862 1892 ἄκαταλήπτου
877 1860 897 1883 Ε
914 1859 1166 1898 congregationem
1176 1862 1459 1902 unam‚et'appareat
1470 1865 1660 1903 arida.Quan-

93 1902 210 1943 φύσεως,
224 1902 318 1932 εἴπωσι
329 1903 385 1935 πῶς
400 1901 518 1941 συνήχθη
531 1901 562 1930 τὸ
575 1900 655 1941 ὕδωρ,
669 1901 715 1931 καὶ
726 1904 777 1931 ποῦ
797 1914 862 1931 συν-

94 1954 174 1994 ήχθη,
190 1953 207 1989 ἢ
222 1952 348 1993 συναχθὲν
359 1955 409 1982 ποῦ
431 1951 576 1992 ἐχώρησεν.
593 1953 633 1981 Οὔ
646 1952 697 1992 γὰρ
712 1953 862 1983 ἀκολουθεῖν

93 2005 148 2040 δεῖ,
159 2005 217 2033 καθ’
234 2005 302 2042 ὑμᾶς
313 2025 320 2039 ,
336 2003 427 2036 ἁπλῶς
440 2006 497 2036 ταῖς
513 2006 626 2043 φωναῖς,
647 2003 715 2032 ἀλλὰ
728 2004 814 2039 ζητεῖν
829 2003 863 2033 τὰ

93 2053 246 2094 πράγματα.
266 2048 348 2083 Εἶπεν
361 2055 375 2082 ὁ
392 2052 476 2088 Θεὸς,
499 2051 656 2092 συναχθήτω
670 2052 700 2082 τὸ
713 2052 791 2093 ὕδωρ.
805 2055 862 2083 Ποῦ

94 2106 228 2147 συνήχθη;
242 2106 289 2138 Εἷς
301 2104 349 2141 τὴν
360 2105 503 2134 θάλασσαν.
519 2106 559 2134 Οὐ
573 2104 624 2144 γὰρ
637 2100 669 2140 ἦν
683 2104 743 2134 τότε
757 2107 864 2141 πεπλη-

95 2156 199 2195 ρωμένη
209 2158 227 2191 ἡ
241 2155 377 2190 θάλασσα;
391 2154 426 2184 Ἥ
439 2156 474 2194 γῆ
489 2153 662 2194 ἐπεπλήρωτο
671 2175 680 2189 ,
699 2154 804 2188 πάντως
818 2156 863 2185 καὶ

93 2210 110 2242 ἡ
125 2206 258 2235 θάλασσα.
274 2206 331 2234 Ποῦ
353 2201 397 2234 οὖν
420 2204 553 2244 συνήχθη;
568 2205 604 2234 Οἱ
625 2204 660 2233 τὰ
680 2206 707 2234 ἐν
730 2206 793 2235 ποσὶ
817 2206 863 2235 καὶ

94 2255 215 2296 ὁρώμενα
229 2254 266 2294 μὴ
276 2253 415 2293 δυνάμενοι
427 2254 597 2290 καταλαὸεῖν,
611 2255 863 2295 πολυπραγμονοῦσι

95 2306 171 2345 βυθὸν
186 2304 396 2344 ἀνεξιχνίαστον,
416 2304 461 2333 καὶ
484 2303 599 2346 ἄὸυσσον
621 2303 742 2341 θεότητος
758 2305 862 2335 ἀκατά-

93 2357 205 2393 ληπτον,
220 2354 265 2384 καὶ
279 2356 326 2384 οὔκ
338 2357 349 2370 ⁰
359 2353 477 2393 ἐντρέπει
490 2353 582 2387 αὐτοὺς
595 2356 612 2389 ἡ
627 2353 747 2383 θάλασσα
761 2356 861 2385 ἄκατᾶ·
869 2385 905 2406 4⁵⁸
913 2364 1040 2395 videntur
1055 2376 1109 2395 non
1122 2374 1235 2405 possunt
1249 2378 1354 2407 capere,
1367 2368 1571 2398 inscrutabilem
1593 2370 1659 2399 alti-

1731 1879 1813 1901 Contra

913 1904 1060 1944 doquidem
1085 1906 1174 1936 omnia
1201 1906 1351 1947 intelligere
1377 1909 1473 1940 volunt
1497 1912 1589 1941 miseri
1616 1913 1660 1943 illi
1672 1910 1800 1953 ᾹΡΟΙΜἭ·

903 1951 1041 1993 ¹haaretici,
1069 1958 1095 1982 et
1116 1952 1396 1993 incomprehensibilis
1420 1962 1521 1994 naturae
1546 1959 1659 1989 modum

887 1997 889 1999 ’
913 1997 1076 2035 scrutantur,
1097 1997 1187 2027 dicant
1202 1999 1338 2042 quomodo
1356 2009 1515 2042 congregata
1531 2004 1566 2033 sit
1579 2015 1660 2044 aqua,

913 2050 961 2072 aut
974 2050 1133 2083 congregata
1151 2054 1267 2083 quonam
1281 2047 1426 2077 recesserit.
1440 2049 1500 2078 Non
1516 2050 1599 2085 enim,
1615 2062 1659 2081 se—

914 2088 1035 2122 cundum
1055 2099 1115 2127 vos,
1129 2089 1206 2120 nullo
1223 2091 1347 2121 examine
1367 2093 1480 2132 vocibus
1501 2089 1659 2127 haerenaum

914 2141 964 2172 est,
978 2134 1026 2164 sed
1039 2146 1081 2165 res
1095 2142 1158 2166 sunt
1178 2137 1340 2175 quaereudae.
1354 2140 1440 2170 Dixit
1460 2142 1542 2172 Deus
1557 2156 1566 2172 .·
1581 2144 1659 2173 Con—

913 2188 1048 2221 gregetur
1059 2192 1149 2222 aqua.
1164 2183 1289 2220 Quonam
1303 2193 1461 2226 congregata
1474 2187 1546 2217 fuit?
1558 2190 1588 2219 In
1602 2201 1660 2219 ma-

883 2244 885 2247 .
913 2237 952 2256 re.
971 2228 1011 2256 An
1032 2238 1104 2257 mare
1123 2234 1188 2258 tunc
1200 2229 1311 2269 plenum
1325 2241 1377 2260 non
1396 2235 1472 2262 erat?
1484 2234 1567 2264 Terra
1580 2235 1660 2274 plena

914 2280 980 2310 crat,
996 2273 1089 2312 utique
1101 2284 1164 2304 sane
1176 2282 1202 2304 et
1214 2286 1298 2305 mare.
1313 2278 1437 2314 Quonam
1452 2279 1535 2317 igitur
1549 2290 1660 2319 congre-

914 2325 974 2359 gata
985 2326 1025 2349 est
1033 2319 1047 2348 Ρ
1059 2320 1114 2357 Qui
1126 2320 1175 2350 illa
1182 2331 1242 2360 quae
1255 2321 1282 2365 iu
1297 2322 1412 2361 pedibus
1424 2324 1532 2361 habeut,
1546 2335 1658 2363 quaeque

93 2408 192 2441 ληπτος
205 2400 270 2435 οὖσα
293 2406 398 2444 ἐρευνᾷν
419 2403 480 2443 περὶ
502 2406 547 2433 τοῦ
572 2403 701 2443 τεχνίτου.
721 2404 773 2434 Διὰ
785 2408 862 2435 τοῦτο
878 2413 896 2441 Β
915 2411 1036 2441 tudinem
1056 2412 1160 2442 curiose
1174 2413 1344 2452 perquirunt,
1358 2421 1384 2443 et
1398 2415 1657 2455 incomprehensibi-

95 2455 215 2495 καὶπρὸς
234 2454 379 2494 αἰρετικοὺς
400 2455 498 2493 λεγέτω
512 2455 526 2482 ὁ
542 2453 696 2493 προφήτης·
716 2455 860 2495 αἰσχυνθή-

128 2541 138 2551 -
157 2532 198 2556 Sic
209 2530 303 2556 desinit
312 2531 456 2556 Vaticanus.

130 2572 143 2589 ¹»
162 2571 208 2594 Hic
220 2568 357 2595 desiderari
367 2568 466 2595 videtur
477 2574 530 2596 νοεῖν
538 2574 582 2594 aut
590 2572 676 2597 εἰδέναι.

913 2457 966 2487 lem
973 2457 1124 2488 divinitatis
1137 2459 1275 2498 abyssum,
1290 2470 1374 2498 neque
1387 2470 1469 2497 mare,
1477 2460 1551 2499 quod
1566 2468 1604 2491 est
1618 2461 1662 2491 in-

938 2543 948 2554 ι·
966 2534 1054 2567 [savit.
1065 2535 1196 2569 ἐνιτράπη]
