1890 2826
154 114 167 157 ξι

621 187 757 211 CONTRA
782 187 892 210 LUDOS
920 188 961 210 ET
987 188 1156 212 TflEATRA.

109 252 234 288 διηνεκῶς
245 250 438 290 ἔμπίπρασθαι,
450 249 495 279 καὶ
511 255 546 276 ¹¹7
554 248 664 288 κάμινον
674 249 769 289 ἔρωτος
777 247 875 277 ἀτόπου

1604 177 1672 213 325

930 257 1032 278 necnon
1051 249 1218 279 conscientiae
1242 250 1455 280 accusationem?
1474 250 1618 287 Quomodo
1637 250 1672 279 ad

107 300 243 337 πανταχοῦ
265 295 432 336 περιφέρειν,
458 295 504 325 καὶ
532 294 678 328 συνειδότος
702 294 921 335 κατηγορίαν;,,,,
930 293 1024 323 limina
1044 294 1092 324 illa
1114 306 1189 325 sacra
1208 295 1334 325 accedes?
1353 294 1488 334 quomodo
1515 302 1604 336 tanges
1622 307 1673 325 cae·

107 342 233 382 Πῶςγὰρ
244 342 407 382 ἐπιδήσῃ“8
414 343 467 371 τῶν
474 341 610 381 προθύρων
618 340 723 370 ἐκείνων
730 341 782 368 τῶν
790 341 876 379 ἱερῶν,
893 345 914 367 Δ
930 341 1023 371 lestem
1043 344 1185 378 mensam?
1206 342 1348 381 Quomodo
1371 353 1505 372 sermones
1528 343 1563 372 de
1586 343 1673 372 conti-

105 390 163 422 πῶς
176 388 231 429 ἅψῃ
245 389 293 423 τῆς
306 387 426 427 οὐρανίου
442 386 629 427 υἑὶτραπέζηςς
643 388 701 419 πῶς
713 385 741 414 δὲ
755 385 877 418 amoses<

106 434 152 463 τὸν
164 434 226 474 περὶ
238 432 408 475 σωφροσύνης
426 432 512 472 λόγον,
527 434 612 462 ἑλκῶν
622 432 712 472 γε’μων
731 431 777 461 καὶ
796 442 878 471 τραυ-

108 480 199 520 μάτων
218 479 360 519 ‘cocenim-w,
384 478 429 508 καὶ
445 477 495 514 τὴν
512 478 628 508 διάνοιαν
651 477 721 518 ἔχων
742 479 780 517 τῷ
798 477 878 506 πάθει

107 524 294 562 δουλεύουσαν,
314 524 368 555 Καὶ
383 524 410 554 τί
423 525 462 553 δεῖ
481 523 515 553 τὰ
534 523 604 553 ἄλλα
618 523 719 563 λέγειν;
741 523 805 553 Ἀπὸ
824 524 877 552 τῶν

107 574 153 600 νῦν
169 572 274 611 ¹²⁹·mp'
285 571 362 610 ἡμῶν
370 569 512 609 γινομένων
526 569 612 604 ἔξεστι
623 571 672 605 τῆς
686 569 801 602 διανοίας
813 569 876 598 ἰδεῖν

108 616 156 653 τὴν
169 616 273 653 ὀδύνην.
289 618 345 646 Νῦν
358 619 421 655 γοῦν
433 618 487 656 ὁρῶ
501 615 599 655 μεταξὺ
616 618 669 646 τῶν
683 615 768 655 λόγων
778 614 877 644 τούτων

107 662 142 692 τὰ
159 662 271 702 μέτωπα
286 662 441 698 τύπτοντας,
454 662 500 692 καὶ
518 662 619 698 πολλὴν
637 661 698 701 ὑμῖν
721 661 775 702 ἔχω
788 660 876 701 χάριν,

108 708 149 738 ὅτι
165 709 248 748 δῆμος
266 708 348 742 οὕτως
365 708 425 738 ἐστὲ
447 715 481 727 ¹²¹
492 708 681 748 εὖσπλαγχνος.
707 714 742 727 ¹²²
749 707 830 747 Τάχα
849 706 877 736 δὲ

108 751 183 794 οἶμαι
200 754 312 788 πολλοὺς
329 756 382 784 τῶν
403 754 484 793 μηδὲν
498 753 691 794 ἡμαρτηκότων
710 755 794 783 ταῦτα
814 765 878 783 ποι-

110 805 159 837 εῖν,
173 802 317 840 ἀλγοῦντας
334 800 402 841 ὑπὲρ
417 802 470 830 τῶν
483 801 630 840 ἀδελφικῶν
642 800 810 840 τραυμάτων.
826 799 877 829 Διὰ

108 850 186 876 τοῦτο
197 848 330 886 ὀδυνῶμαι
340 846 386 876 καὶ
398 845 540 885 κόπτομαι,
559 845 600 876 ὅτι
613 846 737 882 τοιαύτην
754 845 851 885 ἀγέλην
863 847 877 875 ὁ

109 892 229 926 διάὸολος
252 892 417 931 λυμαίνεται.
433 893 502 922 Ἀλλ’
519 893 542 922 εἷ
570 893 606 912 ¹²³
615 893 802 932 βουληθείητε,
828 903 878 921 τα-
892 893 911 916 Β

108 939 177 979 χέως
190 940 268 968 αὐτοῦ
286 938 334 974 τὴν
349 938 449 969 εἴσοδον
468 939 663 979 ἀποφράξομεν.
682 939 746 971 Πῶς
763 938 808 967 καὶ
828 938 879 967 τίνι

108 984 215 1024 τρόπῳ;
241 985 276 1015 Εἰ
298 984 358 1018 τοὺς
379 987 518 1018 νοσοῦντας
537 984 701 1024 ὑγιαίνοντας
720 984 755 1008 ““4
763 985 860 1023 ἴδοιμεν
872 996 879 1002 ·

109 1032 133 1060 εἰ
143 1030 178 1060 τὰ
191 1030 284 1060 δίκτυα
294 1032 343 1066 τῆς
356 1030 526 1064 διδασκαλίας
543 1029 714 1062 ἁπλώσαντες
731 1029 879 1069 περιέλθοι-

109 1089 157 1116 μεν
183 1076 244 1110 τοὺς
262 1076 298 1096 ¹²⁵
311 1075 489 1116 θηριαλιίπους
513 1077 659 1111 ζητοῦντες,
681 1074 726 1104 καὶ
748 1075 775 1109 ἐξ
799 1075 881 1111 αὐτῆς

109 1125 155 1151 τοῦ
178 1121 215 1142 ¹²⁶
222 1121 326 1155 λέοντος
343 1124 392 1158 τῆς
415 1121 547 1161 φάρυγγος
564 1120 658 1154 αὐτοὺς
674 1120 878 1160 ἐξαρπάσοιμεν.

109 1167 156 1204 Μὴ
171 1168 223 1208 γάρ
239 1179 284 1207 μοι
299 1167 360 1207 λέγε
370 1179 377 1186 ·
391 1167 474 1207 ὀλίγοι
489 1167 555 1196 εἰσὶν
569 1168 593 1196 οἱ
608 1167 880 1201 ἀποδουκολισθέντες.

110 1214 168 1244 Κᾶν
184 1220 219 1241 ¹²7
224 1214 288 1243 δέκα
302 1213 380 1252 μόνον
397 1208 472 1249 ὦσιν,
486 1215 536 1253 οὐχ
552 1215 570 1249 ἡ
585 1215 703 1253 τυχοῦσα
716 1212 816 1252 ζημία·
831 1213 880 1242 κᾶν

109 1259 198 1298 πέντε,
211 1259 260 1289 κᾶν
271 1259 326 1295 δύο,
335 1259 384 1289 κᾶν
397 1255 443 1293 εἷς.
458 1259 536 1290 Ἐπεὶ
549 1259 596 1288 καὶ
608 1261 622 1288 ὁ
633 1258 733 1298 ποιμὴν
743 1260 839 1292 ἐκεῖνος
847 1258 882 1287 τὰ

111 1307 266 1342 ἐνενήκοντα
274 1305 348 1335 ἐννέα
358 1305 401 1336 διὰ
408 1308 486 1335 τοῦτο
494 1304 648 1335 καταλιπὼν
662 1305 793 1346 πρόὸατα,
800 1305 844 1335 ἐπὶ
851 1305 882 1335 τὸ

113 1352 141 1381 ἓν
154 1352 255 1392 ἔτρεχε,
268 1352 314 1382 καὶ
327 1353 375 1381 οὐκ
388 1352 534 1387 ἐπανῆλθεν
547 1351 596 1384 ἕως
612 1352 692 1380 πάλιν
706 1351 770 1380 αὗτὸ
783 1350 882 1387 ἐπανή-

112 1410 193 1438 γαγε,
211 1398 258 1428 καὶ
276 1397 321 1427 τὸν
342 1399 394 1427 τῶν
413 1397 505 1427 ἑκατὸν
531 1397 641 1438 ἀριθμὸν
669 1396 823 1437 χωλεύοντα
846 1398 879 1426 δι’

930 387 1019 417 nentia
1039 388 1182 418 auditurus
1205 399 1244 425 cs,
1264 389 1401 418 ulceribus
1423 388 1520 428 plenus
1541 389 1674 427 tantisque

930 433 1100 471 vulneribus,
1114 434 1287 473 animumque
1300 434 1402 464 habens
1421 433 1486 462 huic
1509 433 1604 463 morbo
1620 444 1674 463 ser-

929 479 1066 509 vientem?
1079 480 1187 519 Ecquid
1196 491 1265 520 opus
1276 487 1315 510 est
1327 480 1379 510 alia
1390 479 1498 509 dicere?
1509 480 1554 510 Ex
1566 479 1600 509 iis
1616 490 1675 519 quae

930 536 1002 556 nunc
1018 525 1092 566 apud
1109 536 1158 556 nos
1174 533 1290 566 aguntur
1304 526 1367 556 lieet
1384 525 1467 555 animi
1480 525 1601 555 dolorem
1612 536 1674 565 per-

930 571 1041 612 spicere.
1058 573 1119 603 Jam
1133 573 1204 602 enim
1217 572 1296 603 video
1309 572 1440 612 quosdam
1450 594 1458 609 ‚
1472 572 1520 610 qui
1533 571 1600 601 dum
1618 572 1676 601 haec

929 618 1042 657 loquor,
1053 619 1151 648 frontes
1169 618 1222 648 sibi
1235 619 1405 658 percutiunt,
1420 618 1586 656 multamque
1599 617 1676 647 vobis

931 664 1042 704 gratiam
1054 664 1150 701 habeo,
1165 664 1238 704 quod
1248 665 1366 704 populus
1379 664 1437 693 sitis
1447 663 1676 693 commiseratione

930 711 1034 751 plenus.
1055 712 1124 741 Puto
1148 718 1237 740 autem
1257 711 1356 740 multos
1381 711 1491 739 sonasse
1511 719 1604 738 eorum
1627 709 1676 748 qui

928 757 1000 787 nihil
1014 764 1158 797 peccarunt
1171 757 1201 786 id
1213 756 1425 797 agere,dolentes
1441 755 1476 784 de
1488 755 1601 784 fratrum
1610 755 1674 784 vul-

928 803 1200 843 neribus-Propterea
1213 802 1293 832 doleo
1305 809 1330 831 et
1344 801 1503 838 discrucior,
1514 800 1587 839 quod
1594 801 1676 830 talem

929 861 1036 891 gregem
1055 850 1182 880 diabolus
1192 848 1356 890 pessumdet.
1369 850 1474 879 Verum
1487 848 1509 877 si
1523 847 1674 885 volueritis,

929 900 982 926 cito
993 896 1034 926 illi
1042 897 1192 936 ingressum
1198 895 1379 924 obstruemus.
1387 893 1530 930 Quomodo
1537 900 1561 922 et
1572 904 1626 932 qua
1633 904 1677 922 ra-

929 942 1020 972 tione?
1028 943 1058 972 Si
1072 942 1193 971 infirmos
1209 941 1279 970 hona
1290 939 1444 969 valetudine
1451 949 1508 968 esse
1519 938 1674 968 videamus:

930 988 952 1017 si
963 987 1094 1017 doctrinae
1109 987 1174 1016 retia
1185 984 1364 1026 expandentes
1377 985 1571 1014 circumeamus
1579 984 1676 1023 quaesi-

930 1041 1039 1063 tumeos
1050 1033 1118 1072 quia
1129 1032 1193 1061 feris
1200 1031 1270 1071 capti
1278 1037 1340 1060 sunt
1349 1053 1356 1068 ‚
1365 1037 1391 1060 et
1403 1041 1437 1060 ex
1450 1030 1516 1070 ipsis
1527 1030 1610 1060 leonis
1616 1031 1677 1059 fau-

930 1078 1008 1108 cibus
1018 1088 1063 1107 eos
1069 1076 1266 1106 abstrahamus.
1275 1076 1316 1105 Ne
1333 1074 1402 1104 mihi
1414 1074 1488 1104 dicas
1500 1085 1506 1102 ε
1522 1074 1604 1104 Pauci
1615 1081 1678 1103 sunt

931 1124 950 1152 ii
963 1123 1010 1162 qui
1024 1133 1040 1151 a
1051 1133 1130 1162 grege
1147 1129 1210 1152 sunt
1223 1120 1323 1151 avulsi.
1346 1120 1459 1150 Etiamsi
1474 1119 1566 1149 decem
1575 1126 1677 1149 tantum

930 1169 1045 1206 fuerint,
1059 1179 1112 1198 non
1133 1178 1248 1208 parvum
1270 1167 1334 1196 hinc
1354 1166 1544 1196 detrimentum
1559 1177 1566 1194 ε
1581 1166 1675 1195 etiam-

932 1262 1012 1291 etiam
1030 1267 1120 1300 pastor
1142 1259 1190 1288 ille
1200 1281 1208 1295 ‚
1225 1258 1286 1287 ideo
1301 1257 1401 1288 relictis
1420 1257 1564 1296 nonaginta
1581 1267 1678 1287 novem

932 1307 1040 1344 ovibus,
1054 1306 1088 1335 ad
1104 1316 1185 1334 unam
1203 1305 1333 1341 cucurrit,
1348 1314 1396 1333 nec
1408 1303 1490 1332 rediit
1502 1302 1588 1332 donec
1600 1303 1678 1334 illam

933 1353 1086 1389 reduceret,
1099 1358 1125 1381 et
1141 1350 1336 1380 claudicantem
1356 1356 1462 1379 centum
1480 1349 1573 1379 ovium
1585 1359 1679 1378 nume-

933 1410 995 1428 rum
1010 1421 1018 1436 ‚
1046 1409 1095 1438 per
1117 1396 1312 1427 restitutionem
1338 1396 1418 1436 ejuS‚
1444 1405 1503 1434 quae
1526 1402 1677 1432 erraverat,

113 1445 213 1475 ἐκείνου
234 1444 284 1481 τὴν
311 1444 347 1464 ¹²⁸
355 1443 571 1474 ἆπῦκᾱτᾶσῒασῑν
597 1445 683 1473 “’9τοῧ
704 1443 881 1478 πλανηθέντος
896 1448 915 1470 C
934 1445 1090 1486 complevit.
1105 1445 1147 1474 Ne
1163 1443 1255 1480 dicas,
1270 1452 1355 1471 unum
1366 1448 1470 1471 tantum
1485 1452 1542 1471 esse
1555 1441 1620 1470 :sed
1634 1451 1679 1470 co-

112 1490 263 1530 ἐπλήρωσι.
285 1489 334 1526 Μὴ
353 1489 428 1530 λέγε,
446 1489 487 1519 ὅτι
507 1485 544 1523 εἷς
563 1490 647 1519 ἐστιν·
666 1488 726 1519 ἀλλ’
743 1488 880 1526 ἐννόησον,

114 1536 155 1565 ὅτι
167 1535 241 1576 ψυχή
254 1537 325 1573 ἐστι,
340 1536 373 1565 δι’
388 1536 422 1572 ἣν
437 1535 512 1566 ῑ3οτὰ
525 1535 646 1576 ὁρώμενα
660 1535 748 1565 πάντα
762 1534 879 1575 γέγονεν·

149 1645 180 1662 '¹⁷
196 1644 290 1673 κάμινον
303 1639 314 1675 ]
330 1635 476 1666 Sufficiebat
503 1639 587 1666 dicere
614 1641 702 1675 φλόγα,
728 1644 771 1664 aut
789 1641 871 1673 πυράν-

115 1679 190 1704 Τοῐιι.
203 1680 245 1704 111
253 1698 260 1710 ‚
277 1687 304 1713 p.
323 1680 382 1710 489,
398 1681 420 1704 E
429 1698 437 1711 ,
447 1678 527 1705 habet
538 1684 617 1715 φθόνου
629 1683 721 1712 κάμινον
732 1683 771 1705 καὶ
781 1682 854 1713 πυράν
865 1684 870 1698 ²

114 1716 178 1743 ibid.
190 1726 218 1752 p.
230 1718 287 1750 265,
300 1717 320 1743 C
335 1727 341 1732 ·
354 1722 447 1751 κάμινον
457 1722 575 1751 ἐπιθυμίας
582 1721 666 1744 oedem.

150 1756 182 1773 ¹¹⁸
199 1764 244 1783 τῶν
255 1756 499 1792 πραθὺρων]Δδίιιιω
515 1756 550 1782 ad
568 1757 661 1789 templa
673 1754 798 1789 intelligit.
809 1753 873 1780 Vide

115 1794 273 1821 schemen-um
283 1794 317 1820 ad
328 1795 380 1820 ΕΙ.
394 1796 425 1820 V.
436 1796 469 1822 Η.
479 1797 516 1827 11,
526 1797 553 1820 44
561 1815 568 1826 ‚
579 1795 606 1828 p.
618 1797 674 1820 ¹49.

150 1839 181 1855 112
199 1834 330 1870 τραπέζης]
349 1835 387 1860 De
404 1843 475 1860 sacre
491 1843 564 1860 coena
576 1834 702 1868 loquum-5
719 1837 819 1869 οὐράνιος
830 1842 873 1857 au-

117 1879 168 1898 tem
179 1871 245 1898 dixit
256 1873 362 1899 fortasse
374 1882 404 1899 ex
415 1875 457 1900 Jo.
471 1875 495 1906 6,
510 1875 536 1900 5¹
560 1883 566 1898 ε
584 1877 596 1900 ὁ
610 1876 736 1909 ἄρτος-ὸ
745 1876 770 1898 ἐκ
781 1877 821 1899 τοῦ
833 1876 871 1899 οὐ·

116 1917 186 1947 ρανοῦ
195 1915 304 1942 ›ea-raeda.

151 1956 182 1968 ¹²⁰
200 1953 255 1986 παρ’
270 1951 352 1985 ἡμῶν]
370 1953 447 1978 Forte
455 1971 462 1983 ‚
486 1954 542 1987 παρ’
563 1954 634 1985 ὑμῶν.
654 1948 787 1976 Auditores
805 1950 871 1975 enim

117 1989 213 2015 frontes
229 1990 344 2016 manibus
360 1990 510 2023 puls-abant,
527 1990 597 2024 quod
614 1996 652 2015 est
668 1989 807 2015 dolentium
828 1995 872 2014 aut

118 2029 302 2062 poenitentium.
321 2030 370 2054 Aut
380 2050 388 2062 ,
405 2032 461 2064 παρ’
473 2034 536 2063 ἡμῖν,
548 2029 618 2063 apud
630 2038 691 2061 nos,
710 2027 827 2054 nimirum
847 2028 873 2052 in

118 2067 222 2093 ecclesia
230 2087 237 2100 ‚
250 2068 311 2094 dum
329 2067 382 2094 haec
401 2067 504 2094 dicebat
523 2068 727 2103 Chrysostomus.
747 2067 805 2092 Mox
817 2072 855 2092 est
865 2086 872 2098 ‚

119 2108 171 2139 ὑμῖν
182 2110 227 2141 ἔχω
237 2111 314 2142 χάριν.

154 2149 183 2162 ¹‘¹
202 2148 351 2179 ιῦσπλαγχνος
359 2146 370 2179 ]
378 2146 521 2172 misericors
533 2154 592 2180 erga
603 2154 654 2178 eos,
667 2146 711 2178 qui
721 2150 873 2178 peccarunt3

122 2182 260 2208 condolent.
270 2184 346 2210 enim.

155 2226 186 2238 ¹²²
203 2226 266 2255 τάχα
274 2242 282 2254 ,
292 2223 327 2247 ita
336 2222 488 2248 collocatum
497 2243 504 2255 ‚
514 2222 598 2248 locum
615 2222 708 2248 habere
719 2222 815 2256 nequit.
828 2224 874 2247 In-

121 2267 217 2294 terpres
227 2260 254 2285 id
265 2260 361 2294 longina
374 2264 511 2295 promovit.
523 2261 575 2288 Sed
586 2263 637 2296 ejus
647 2263 824 2295 interpretatio
836 2270 876 2286 ar-

123 2298 228 2325 bin-aria
238 2305 286 2324 eat.
296 2301 374 2325 Forte
385 2308 444 2334 ergo
455 2307 508 2333 aut,
524 2306 586 2335 τάχα
598 2305 621 2328 δὲ
630 2321 637 2332 ,
648 2304 712 2335 οἶμαι
721 2321 727 2332 ,
741 2304 822 2328 πολλοὶ
833 2308 877 2327 τῶν

121 2342 192 2373 μηδἰν
201 2343 366 2374 ἡμαρτηκότων
374 2343 448 2366 ταῦτα
457 2343 562 2371 ποιοῦσιν,
572 2343 698 2373 ἀλγοῦντες.
709 2341 749 2365 Ita
759 2342 823 2372 οἶμαι
832 2347 878 2371 po-

122 2379 198 2404 mum
209 2383 246 2403 est
255 2380 379 2407 ἀπολὺτως.
392 2378 440 2402 Aut
449 2398 457 2410 ‚
469 2381 544 2405 ταῦτα
554 2381 578 2405 δὲ
587 2382 651 2413 οἶμαι
661 2398 668 2409 ,
681 2377 781 2403 excluso
793 2378 879 2411 proxi-

124 2426 168 2443 mo
177 2422 261 2444 ταῦτα.
274 2418 337 2447 Aut,
350 2421 381 2443 τὰ
392 2420 428 2443 νῦν
439 2419 463 2443 δὲ
477 2419 549 2450 οἶμαι.

158 2458 189 2472 ¹¹³
205 2459 352 2490 βουληθείητε
363 2454 433 2490 ]Ν”ιεὶ
446 2467 487 2488 7«,
505 2461 562 2488 post
576 2459 734 2490 βουληθείητε,
747 2455 878 2481 exciderit.

158 2495 189 2515 ¹³⁴
207 2496 312 2529 ἴδοιμεν]
330 2493 467 2526 Quomodo
492 2503 553 2520 vero
575 2495 634 2520 iicet
653 2494 739 2520 videre
757 2500 864 2529 aegrotos
872 2515 879 2526 ‚

125 2533 261 2558 sanitatem
280 2532 477 2566 recuperantes?
489 2533 603 2565 Scilicet,
622 2534 644 2559 εἰ
661 2543 690 2559 ea
707 2533 785 2560 velint
803 2533 883 2560 facere

286 2590 357 2609 ΤΟΜ,
379 2590 422 2608 vl.

934 1490 988 1530 gita
998 1511 1006 1527 ‚
1020 1499 1077 1518 esse
1094 1488 1221 1524 animam,
1236 1492 1346 1526 propter
1359 1496 1440 1524 quam
1455 1484 1575 1514 visibilia
1590 1484 1679 1513 omnia

931 1534 1001 1564 facta
1012 1539 1089 1572 sunt3
1103 1538 1212 1573 propter
1225 1541 1306 1570 quam
1319 1530 1402 1569 leges,
1411 1528 1544 1569 supplicia
1560 1551 1567 1565 ,
1582 1534 1679 1557 statuta

921 1636 1062 1668 auditores,
1074 1643 1128 1670 quae
1135 1634 1331 1669 Chrysostomus
1338 1631 1435 1658 suadet.
1448 1632 1522 1657 Hunc
1532 1631 1617 1656 locum
1625 1639 1678 1657 non

921 1675 1038 1701 sollicito.
1051 1676 1146 1699 Tamen
1165 1673 1239 1698 alicui
1257 1674 1284 1697 in
1295 1677 1406 1696 mentem
1417 1672 1502 1696 venire
1512 1670 1592 1703 possit
1603 1675 1676 1697 ποιοῖ-

921 1726 973 1748 μεν.
987 1716 1028 1739 Ita
1039 1712 1127 1745 saepius
1138 1718 1176 1737 est
1186 1712 1227 1736 Jo.
1243 1711 1266 1735 5.
1281 1712 1321 1741 Η,
1335 1718 1406 1742 seqq.

956 1754 987 1769 ¹²⁵
1005 1749 1212 1787 θηριαλώτουςμῑ.
1226 1749 1243 1774 l.
1263 1754 1322 1774 sunt
1333 1749 1363 1780 ii,
1380 1748 1423 1780 qui
1442 1746 1511 1779 capti
1527 1752 1586 1771 sunt
1603 1746 1678 1772 vitio·

922 1801 979 1817 rum
987 1799 1030 1816 seu
1041 1788 1136 1814 diaboli
1150 1789 1254 1822 laqueis.

955 1830 987 1846 ¹²⁶
1005 1829 1110 1861 λέοντος]
1120 1828 1226 1854 diaboli.

955 1874 986 1891 ¹²⁷
1004 1868 1080 1900 δέκα]
1098 1866 1222 1892 Eamdem
1241 1864 1392 1891 sententiam
1412 1869 1505 1888 tractat
1525 1868 1588 1888 tom.
1605 1863 1657 1887 ΧΠ
1671 1882 1678 1892 ,

921 1917 978 1943 pag.
992 1908 1051 1938 888,
1064 1907 1095 1932 Ε.

955 1946 985 1963 ¹²⁸
1003 1943 1202 1976 ἀποκατάστατιν]
1218 1943 1406 1967 restitutionem.
1419 1941 1494 1966 Tom.
1508 1941 1554 1970 lv,
1574 1949 1601 1974 p.
1615 1940 1663 1964 378
1673 1959 1680 1971 ,

920 1988 949 2019 B,
959 1989 1150 2015 ἀποκατάστασιν,
1162 1983 1341 2008 restitutionem
1360 1982 1387 2005 in
1401 1981 1526 2014 pam'am,
1546 1985 1571 2004 et
1590 1982 1682 2009 ἐκὸολήν

921 2026 1038 2060 opponit.
1051 2025 1085 2048 Et
1096 2022 1158 2048 ibid.
1172 2031 1198 2054 p.
1213 2022 1270 2053 603,
1283 2021 1404 2045 restitutio
1413 2019 1449 2044 ac!
1459 2020 1554 2053 priores
1566 2018 1679 2042 honores.

922 2067 988 2091 Item
1008 2070 1028 2089 t.
1044 2063 1075 2095 V,
1093 2071 1120 2098 p.
1141 2062 1200 2094 332,
1211 2062 1231 2086 Α
1242 2073 1246 2087 :
1260 2065 1315 2095 πρὸς
1327 2065 1367 2090 τὴν
1377 2063 1413 2086 ἐπὶ
1424 2064 1453 2093 τῇ
1465 2061 1556 2094 πατρίδι
1566 2062 1683 2085 anonae&-

924 2115 1009 2131 στασιν.
1021 2103 1127 2136 Gregor.
1142 2101 1206 2126 Naz.
1218 2108 1243 2132 p.
1257 2100 1305 2123 239
1320 2111 1325 2124 ;
1337 2102 1351 2128 ἡ
1366 2102 1396 2126 εἰς
1412 2102 1438 2123 τὸ
1457 2101 1552 2132 ἀρχαῖον
1563 2101 1683 2124 ἀποκατά-

924 2155 1006 2173 στασις.
1030 2141 1216 2169 [innumeram
1234 2137 1329 2163 dicitur
1348 2138 1425 2162 etiam
1445 2135 1477 2160 de
1499 2135 1558 2160 solis
1576 2141 1601 2159 et
1619 2134 1683 2160 lunae

906 2200 908 2202 -
923 2181 1022 2212 eodem,
1034 2180 1101 2206 unde
1112 2178 1227 2212 profecta
1238 2182 1305 2208 sunt,
1318 2176 1468 2201 reversione.
1482 2173 1569 2199 AEsch.
1583 2174 1681 2199 Socrat.

924 2222 949 2252 3,
968 2221 998 2246 ⁴7
1010 2229 1017 2252 3
1030 2219 1123 2244 Zosim.
1136 2226 1162 2250 p.
1181 2218 1206 2243 2.
1224 2214 1296 2249 Apud
1314 2214 1446 2248 Chrysost.
1460 2218 1480 2237 t.
1495 2213 1525 2245 V,
1539 2222 1565 2245 p.
1580 2213 1637 2243 337,
1650 2213 1682 2243 1),

924 2267 962 2286 est
972 2260 1048 2285 etiam
1059 2260 1246 2286 ἀπακαταστῆσαί
1258 2266 1307 2282 τινα
1317 2257 1440 2288 ὶλεύθιρον.

958 2303 990 2320 ¹²⁹
1006 2302 1046 2325 τοῦ
1062 2294 1231 2329 πλανηθέντας]
1248 2295 1280 2319 In
1291 2292 1340 2318 hoc
1357 2290 1469 2317 offendo.
1487 2291 1554 2315 Nam
1571 2293 1639 2315 έκεῖνο
1659 2293 1685 2312 et

925 2342 1036 2368 πλανηθέν
1047 2335 1115 2362 idem
1130 2341 1168 2361 est
1180 2334 1206 2359 h.
1217 2334 1234 2359 l.
1248 2332 1344 2358 Deinde
1360 2332 1435 2356 etiam
1451 2331 1578 2364 χωλεύοντα
1599 2329 1635 2352 ita
1648 2326 1686 2352 vi-

928 2377 1001 2403 detur
1012 2379 1126 2411 χωλεὺιιν.
1146 2376 1222 2400 Forte
1241 2381 1301 2406 ergo
1316 2373 1350 2397 ita
1368 2371 1518 2402 scripserat:
1532 2371 1570 2392 καὶ
1585 2370 1623 2393 τὸν
1640 2372 1685 2392 τῶν

930 2421 1009 2444 ἑκατὸν
1020 2420 1126 2452 ἀριθμὸν,
1137 2415 1267 2448 χωλεύοντα
1284 2414 1311 2438 δι’
1324 2415 1400 2442 ἐκεῖνο,
1414 2414 1443 2443 τῇ
1455 2409 1635 2434 ἀπακαταστάσει
1647 2409 1687 2430 τοῦ

930 2459 1079 2485 πλανηθέντας
1094 2457 1220 2487 ἐπλήρωσε.
1417 2484 1422 2488 ¹
1570 2480 1575 2486 ‘

965 2497 994 2511 ¹³⁰
1012 2499 1043 2521 τὰ
1052 2497 1156 2528 ὁρώμενα
1165 2492 1173 2525 l
1183 2495 1194 2518 ὁ
1206 2496 1296 2523 κόσμος.
1311 2488 1367 2512 Hoc
1380 2486 1453 2511 latius
1464 2487 1618 2515 persequitur
1631 2482 1687 2506 loco

934 2533 1047 2560 laudato.

1495 2576 1531 2595 2⁸2

932 1215 955 1245 si
975 1214 1114 1254 quinque,
1131 1213 1176 1243 vel
1196 1212 1268 1249 duo,
1283 1212 1326 1242 vel
1345 1221 1426 1241 unus.
1450 1210 1677 1249 Quandoquidem
1687 1188 1773 1240 igaal..
1790 1187 1825 1211 ιδ’
