1890 2826
594 199 754 224 SYNOPSIS
783 200 975 224 SCRIPTURAE
1000 201 1126 224 sncnffi.
1575 192 1645 237 415

79 260 235 301 δρυοτόμους
260 261 341 294 αἰτῶν
361 260 406 290 ἐπὶ
420 262 520 299 μισθῷ·
545 263 560 290 6
578 260 610 297 δὴ
624 261 769 301 παρέσχεν.
787 262 852 291 Ἐν-

77 311 160 338 ταῦθα
173 307 289 346 ἔγκειται
300 308 353 336 τῶν
372 306 554 347 ἐργαζομένων
569 308 583 336 6
595 307 719 346 ἀριθμὸς,
735 306 780 337 καὶ
805 308 854 342 τῆς

78 353 276 392 {mamaeae-0<
288 354 325 386 εἰς
337 352 382 382 τὸν
391 352 451 382 ναὸν
463 352 527 389 ὕλης
539 352 570 382 τὸ
578 353 686 389 πλῆθος.
704 348 773 383 Εἶτα
786 355 803 388 ἡ
815 354 853 382 οἷ-

77 399 178 438 κοδομὴ
192 401 238 428 τοῦ
247 401 320 428 ναοῦ.
334 397 454 439 Εὔχεται
467 401 481 429 6
495 399 624 438 Σολομῶν
638 400 665 428 ἐν
677 400 715 439 τῷ
729 401 793 439 ναῷ,
808 398 853 428 καὶ

78 446 147 482 θύει,
171 446 217 476 καὶ
230 446 370 486 ἐγκαινίζει
383 446 427 476 τὸν
441 441 521 476 οἷκον.
540 445 753 486 Ἐπαγγέλλεται
767 445 853 485 α’γαθὰ

78 493 149 532 αὐτῷ
162 495 176 522 ὁ
189 492 271 528 Θεὸς,
280 492 325 522 ἐὰν
337 491 443 532 φυλάξῃ
451 492 486 522 τὰ
497 491 691 532 προστάγματα
706 493 795 529 αὐτοῦ,
807 491 853 521 καὶ

78 539 182 567 ἀπειλεῖ
200 537 344 573 τάναντία,
366 537 412 567 ἐὰν
425 538 545 578 παραὸῇ.
559 533 614 568 ³112
640 538 668 568 δὲ
693 539 764 578 αὐτῷ
791 540 853 571 ναῦς

77 583 187 624 χρυσίον
201 584 325 624 φέρουσα.
347 583 392 614 Τὰ
404 584 473 614 κατὰ
499 586 548 621 τῆν
575 584 733 625 βασίλισσαν
756 585 830 615 νότου
842 606 850 621 ,

76 630 126 666 τὴν
140 631 266 661 ἐλθοῦσαν
291 631 401 660 ἀκοῦσαι
421 633 470 667 τῆς
491 631 584 672 σοφίας
603 632 695 661 αὐτοῦ.
721 631 765 662 Τὰ
782 631 852 662 κατὰ

904 260 939 290 ad
952 262 1158 292 exstructionem
1173 261 1264 302 templi
1286 269 1378 303 parata
1391 275 1399 292 z
1412 262 1533 302 sequitur
1550 262 1650 293 deinde

902 307 998 346 templi
1011 307 1184 337 constructio.
1207 309 1334 338 Precatur
1350 308 1475 339 Salomon
1490 309 1517 337 in
1535 310 1647 349 templo,

903 358 928 380 et
940 352 1070 390 immolat,
1082 352 1244 392 domumque
1253 353 1370 383 dedicat.
1382 353 1517 384 promittit
1527 353 1569 383 illi
1579 354 1650 383 bona

903 398 989 433 Deus,
1002 398 1024 426 si
1036 397 1190 427 evstodierit
1202 398 1325 428 mandata
1339 399 1435 439 ipsius,
1449 406 1475 429 et
1486 400 1650 428 contrarium

904 443 1031 480 minatur,
1049 445 1070 473 si
1085 444 1275 484 praevaricatus
1297 445 1388 475 fuerit.
1412 445 1479 476 Erat
1498 451 1587 474 autem
1608 445 1651 474 illi

903 490 979 520 navis
993 501 1052 529 quae
1062 501 1159 520 aurum
1169 491 1292 521 vehebat.
1306 492 1422 522 Historia
1434 493 1533 532 regium
1547 492 1651 527 Austri,

903 548 962 576 quae
974 538 1058 575 venit,
1074 545 1103 567 ut
1121 537 1227 568 audiret
1244 539 1401 579 sapientiam
1415 540 1484 579 ejus.
1500 540 1541 568 De
1557 538 1651 578 ingen-

903 583 978 614 tibus
988 584 1046 623 ejus
1062 583 1179 621 divitiis,
1191 584 1225 613 de
1238 585 1321 614 armis
1331 585 1420 616 ameis
1433 595 1493 624 quae
1507 585 1564 625 ipse
1574 585 1650 621 secit;

901 629 936 659 de
948 631 1024 669 regni
1037 630 1096 670 ejus
1109 630 1252 660 limitibus.
1266 631 1336 661 Hinc
1347 631 1381 660 de
1395 631 1548 661 idololatria
1559 631 1618 671 ejus
1626 643 1654 668 et

76 676 122 706 τὸν
135 678 248 707 πλοῦτον
270 677 350 707 αὑτοῦ
363 677 408 707 τὸν
431 679 515 717 μέγαν
525 699 533 714 ,
558 678 592 708 τὰ
606 678 668 718 περὶ
683 680 736 708 τῶν
762 678 851 708 ὅπλων
866 685 887 708 1)
902 676 937 706 de
950 677 1109 714 offensione,
1121 688 1174 716 qua
1189 678 1275 707 Deum
1291 677 1412 707 offendit.
1427 678 1499 707 Hinc
1512 677 1591 707 minae
1602 677 1653 707 ad-

76 724 130 752 τῶν
149 725 255 763 χρυσῶν
267 745 276 759 ,
301 718 338 752 ὧν
362 723 471 760 ἐποίησε
480 745 488 759 ,
513 723 547 754 τὰ
570 724 632 764 περὶ
648 725 696 759 τῆς
717 724 852 764 βασιλείας

77 770 172 804 αὐτοῦ,
191 768 269 799 πόθεν
288 768 334 799 καὶ
352 769 433 810 μέχρι
453 771 503 799 ποῦ
527 769 689 810 παρέτεινεν.
715 771 853 800 Ἐντεῦθεν

76 814 196 855 περὶτῆς
209 814 424 855 εἷδωλολατρείας
434 816 578 851 αὐτ-οἱκαὶ
592 817 641 851 τῆς
651 815 853 856 προσκρούσεως

77 857 108 897 ἧς
121 861 300 902 προσέκρουσε
322 863 360 901 τῷ
373 862 446 901 Θεῷ.
463 862 599 891 Ἐντεῦθεν
613 862 709 898 α’πειλὴ
723 862 788 903 πρὸς
802 865 853 893 αὗ-

76 907 121 937 τὸν
130 929 139 943 ,
163 907 208 937 καὶ
231 909 279 943 τῆς
293 906 428 947 βασιλείας
449 907 613 947 παράλυσις,
635 908 741 948 εἰρήνης
760 910 855 949 ἀφανι-

77 954 151 993 σμός.
165 954 359 984 Ἐπανίσταται
368 953 420 994 γὰρ
431 955 504 994 αὖτῷ
518 954 592 995 Ἀδὲρ
604 956 619 984 6
632 956 794 995 Ἰδουμαῖος,
809 956 854 986 καὶ

76 1002 91 1029 6
112 999 247 1040 Ἐσδρώμ.
267 999 461 1030 Ἐπανίσταται
483 1002 555 1040 αὐτῷ
569 1000 614 1031 καὶ
628 1002 642 1030 6
656 1002 747 1035 δοῦλος
773 1004 853 1032 αὐτοῦ

76 1045 226 1086 Ἱεροὸοάμ.
239 1045 370 1086 Ἔρχεται
383 1045 448 1086 πρὸς
461 1045 505 1075 τὸν
517 1045 657 1086 Ἱεροὸοὰμ
671 1047 747 1087 Ἀχιᾶ
758 1050 772 1077 6
785 1060 853 1088 προ-

76 1092 161 1132 φήτης
170 1113 178 1127 ,
200 1092 245 1121 καὶ
259 1092 365 1121 δίδωσιν
379 1093 451 1132 αὐτῷ
472 1092 610 1132 διαρῥῆξαι
629 1091 734 1131 ἱμάτιον
749 1096 761 1110 ⁰
772 1094 852 1123 τελα-

77 1140 166 1176 μῶνας
181 1137 262 1173 δέκα,
287 1137 445 1178 προμηνύων
459 1139 549 1178 αὐτῷ,
565 1137 605 1167 ὅτι
625 1138 727 1172 καθέξει
741 1139 775 1168 τὰ
790 1139 853 1169 δέκα

77 1186 210 1224 σκῆπτρα.
225 1184 272 1217 Ὡς
286 1183 313 1213 δὲ
326 1183 418 1219 ἤθελεν
442 1183 521 1213 αὐτὸν
541 1185 643 1214 ἀνελεῖν
664 1185 678 1213 6
705 1185 833 1223 Σολομῶν
844 1206 853 1220 ,

903 732 996 752 versus
1007 722 1089 752 illum
1100 722 1245 759 intentatae,
1258 723 1387 763 regnique
1399 724 1459 763 ejus
1468 722 1577 760 solutio,
1589 734 1654 763 pax-

902 778 955 806 que
980 767 1099 797 sublata.
1125 768 1253 798 Rebellat
1273 769 1344 798 enim
1367 776 1459 798 contra
1479 769 1559 798 illum
1580 769 1654 799 Ader

902 813 1050 850 Idumaeas,
1071 822 1098 844 et
1118 815 1248 845 Esdrom.
1266 815 1392 845 Rebellat
1405 815 1484 845 etiam
1504 822 1596 845 contra
1615 816 1651 845 il-

903 860 962 889 lum
982 861 1128 891 Jeroboam
1149 872 1244 892 servus
1266 862 1334 902 ejus.
1349 862 1433 892 Venit
1452 861 1487 890 ad
1509 862 1653 892 Jeroboam

904 906 989 936 Achia
1013 908 1156 947 propheta,
1181 908 1279 947 datque
1301 908 1344 937 illi
1365 907 1542 937 scindendum
1568 909 1651 938 vesti-

904 960 1024 983 mentum
1049 954 1077 984 in
1103 951 1213 984 lacinias
1245 954 1348 991 decem,
1372 954 1581 994 praesignificans
1609 954 1652 984 illi

903 1000 976 1039 quod
999 1000 1091 1030 decem
1112 1007 1215 1041 sceptra
1229 1001 1372 1030 habiturus
1391 1008 1468 1031 esset.
1484 1002 1553 1031 Cum
1572 1012 1653 1042 porro

902 1046 984 1075 vellet
995 1047 1121 1076 Salomon
1133 1046 1213 1075 illum
1225 1046 1356 1083 occidere,
1369 1047 1439 1087 sugit
1449 1047 1477 1076 in
1488 1047 1648 1087 AEgyptum.

902 1092 984 1122 Redit
999 1092 1033 1121 ab
1052 1092 1172 1133 AEgypto
1190 1094 1349 1129 Jeroboam,
1369 1100 1476 1122 multuo
1496 1094 1650 1124 Salomone.

902 1139 1024 1179 Populus
1038 1146 1128 1168 autem
1141 1139 1235 1169 adiens
1249 1140 1372 1170 Roboam
1384 1139 1473 1169 filium
1487 1141 1650 1178 Salomonis,

903 1185 1014 1224 rogabat
1023 1184 1124 1215 leviore
1136 1186 1191 1216 frui
1202 1185 1327 1226 imperio,
1340 1196 1420 1224 quam
1430 1186 1480 1216 sub
1492 1186 1635 1216 Salomone
1640 1199 1650 1226 3

76 1229 169 1270 ἔφυγεν
181 1231 218 1263 εἰς
235 1229 379 1269 Αἴγυπτον.
397 1230 566 1265 Ἐπανῆλθεν
582 1230 629 1259 ἀπ’
639 1229 774 1269 Αἰγύπτου
799 1230 852 1260 Ἱε-
867 1234 887 1258 Ε
903 1230 950 1259 ille
967 1241 1032 1260 vero
1050 1241 1084 1261 ex
1103 1230 1219 1261 consilio
1236 1232 1368 1271 juvenum
1389 1231 1582 1270 quorumdam,
1604 1233 1652 1271 qui

78 1275 188 1316 ροὸοὰμ,
201 1275 375 1309 ἀποθανόντος
388 1276 570 1314 Σολομῶντος.
584 1275 619 1306 ‘0
632 1275 660 1306 δὲ
665 1276 727 1310 λαὸς
738 1278 852 1316 προσελ-

77 1320 128 1351 θὼν
143 1323 182 1362 τῷ
195 1321 316 1360 Ῥοὸοὰμ
327 1322 376 1362 υἱῷ
384 1321 572 1360 Σολομῶντος,
586 1321 660 1358 ἠξίου
675 1322 852 1362 ἐλαφροτέραν

76 1369 164 1401 αὐτοῖς
176 1367 297 1407 γενέσθαι
309 1367 358 1403 τὴν
372 1367 458 1407 ἀρχὴν
473 1369 522 1403 τῆς
541 1370 587 1398 τοῦ
615 1368 796 1406 Σολομῶντος.
817 1368 852 1398 ‘O

77 1413 104 1443 δὲ
119 1413 170 1443 ὑπὸ
180 1415 233 1443 τῶν
247 1412 397 1454 συντρόφων
411 1414 490 1443 αὐτοῦ
502 1413 566 1443 νέων
579 1416 658 1444 τινῶν
673 1414 851 1451 ἀναπεισθεὶς,

75 1458 204 1495 ἠπείλησε
218 1459 263 1489 καὶ
278 1458 424 1499 βαρυτέραν
436 1460 524 1493 αὐτοῖς
534 1459 664 1495 ποιήσειν.
679 1459 773 1490 Ἔνθεν
787 1461 852 1490 ἀπε-

77 1505 224 1544 σχίσθησαν
238 1506 265 1534 αἱ
286 1504 350 1534 δέκα
361 1504 461 1545 φυλαὶ,
485 1504 530 1534 καὶ
544 1505 718 1536 ἐὸασίλευσαν
735 1507 775 1547 ἐφ’
790 1508 850 1535 ἑαυ-

76 1552 129 1580 τῶν
147 1550 193 1580 τὸν
211 1550 360 1591 Ἱεροὸοάμ.
389 1550 442 1580 Καὶ
471 1550 628 1590 βουλόμενον
648 1553 851 1592 ἐπιστρατεῦσαι

902 1286 965 1305 cum
977 1276 1037 1316 ipso
1054 1275 1159 1306 educati
1171 1277 1287 1312 fuerant,
1305 1276 1423 1307 minatus
1435 1283 1475 1307 cst
1486 1287 1514 1306 se
1526 1277 1651 1317 graviore

902 1332 1016 1352 usurum
1030 1322 1151 1362 imperio.
1169 1322 1238 1352 Inde
1250 1322 1345 1352 divisae
1366 1329 1428 1352 sunt
1441 1322 1533 1353 decem
1550 1324 1650 1361 tribus,

902 1374 928 1396 et
935 1378 1024 1407 regem
1031 1367 1084 1397 sibi
1092 1368 1286 1397 constituerunt
1294 1368 1310 1398 J
1313 1369 1448 1398 erobuam.
1458 1369 1580 1398 Roboam
1587 1381 1651 1400 vero

901 1413 1036 1442 volentem
1046 1420 1138 1443 contra
1149 1413 1229 1443 illum
1242 1424 1350 1444 movere
1364 1414 1470 1443 bellum
1488 1415 1562 1444 Deus
1576 1415 1652 1445 cohi-

901 1457 970 1488 buit.
987 1460 1057 1489 Cum
1068 1466 1156 1488 autem
1168 1459 1306 1499 aegrotaret
1316 1459 1391 1489 filius
1400 1460 1555 1497 Jeroboam,
1569 1461 1652 1491 mittit

902 1514 1016 1534 uxorem
1028 1515 1106 1534 suam
1123 1505 1159 1534 ad
1179 1505 1293 1535 Achiam
1313 1505 1485 1545 prophetam,
1504 1506 1539 1536 de
1556 1507 1651 1536 morbo

901 1551 1095 1581 sciscitaturam
1109 1563 1116 1580 ε
1131 1552 1179 1582 ille
1197 1562 1261 1582 vero
1277 1552 1348 1582 dixit
1364 1563 1421 1581 esse
1437 1552 1611 1590 moriturum,
1625 1561 1653 1583 et

78 1597 150 1636 αὖτῷ
165 1595 210 1625 τὸν
226 1596 347 1635 Ῥοὸοὰμ.
363 1596 493 1626 ἐκώλυσεν
512 1599 526 1626 6
540 1597 616 1630 Θεός.
630 1600 641 1613 “
652 1597 700 1630 Ὡς
720 1597 748 1627 δὲ
762 1598 852 1638 ἡῤῥώ-
868 1609 887 1631 A
902 1604 1026 1627 mortuus
1035 1605 1085 1628 est.
1095 1599 1195 1628 Statuit
1207 1599 1352 1629 Jeroboam
1365 1599 1466 1629 vitulas
1474 1610 1577 1637 aureas,
1587 1600 1651 1630 alte-

78 1653 158 1678 στησε
170 1642 201 1672 τὸ
212 1642 315 1672 παιδίον
326 1642 582 1682 “Ιερο6οὰμ,ζπέμπει
589 1642 637 1679 τὴν
646 1647 759 1682 γυναῖκα
772 1645 852 1673 αὐτοῦ

77 1688 142 1728 πρὸς
156 1687 232 1728 Ἀχιὰ
243 1687 288 1717 τὸν
300 1687 439 1728 προφήτην
452 1688 617 1727 πευσομένην
628 1688 690 1728 περὶ
703 1690 752 1724 τῆς
765 1689 840 1718 νόσου
850 1711 857 1719 .

77 1733 154 1773 Ὁοδὲ
169 1729 241 1763 εἶπεν
252 1755 260 1769 ,
277 1734 318 1763 ὅτι
332 1735 517 1773 ἀποθανεῖται,
536 1733 581 1763 καὶΙ
596 1734 732 1763 ἀπέθανεν.
748 1734 853 1770 Ἵστησι

78 1780 205 1819 δαμάλεις
215 1784 316 1820 χρυσᾶς
336 1781 350 1809 6
372 1779 527 1819 Ἱεροὸοὰμ,
551 1779 614 1819 μίαν
627 1781 654 1809 ἐν
668 1780 787 1817 Βαιθὴλ,
808 1781 853 1810 καὶ

79 1827 141 1865 μίαν
162 1827 189 1856 ἐν
202 1825 258 1855 Δὰν
268 1849 276 1862 ,
299 1825 341 1855 ἵνα
354 1825 392 1865 μὴ
408 1826 585 1856 ἀναὸαίνωσιν
599 1827 635 1859 εἶς
649 1825 826 1866 Ἰερουσαλὴμ
839 1830 853 1857 6

77 1872 150 1906 λαός.
175 1871 292 1905 Θύοντος
319 1871 347 1901 δὲ
371 1873 450 1901 αὐτοῦ
472 1873 526 1901 ἐκεῖ
535 1894 543 1908 ,
566 1871 621 1901 ἰδοὺ
649 1871 784 1911 ἄνθρωπος
807 1875 852 1901 τοῦ

77 1920 148 1948 Θεοῦ
161 1917 243 1947 ἐλθὼν
253 1939 261 1953 ,
275 1917 435 1958 προφητεύει
460 1917 494 1947 τὰ
517 1917 586 1947 κατὰ
599 1917 644 1947 τὸν
658 1917 773 1947 Ἰωσίαν.
799 1918 854 1948 Καὶ

78 1964 206 2005 ἐξηράνθη
223 1966 240 2000 ἡ
254 1963 314 2004 χεὶρ
337 1966 383 1992 τοῦ
409 1962 556 2002 βασιλέως,
583 1963 628 1992 καὶ
649 1962 748 2003 ἔῤῥᾶγη
762 1963 793 1993 τὸ
806 1966 852 1993 θυ-

79 2010 242 2050 σιαστήριον.
269 2009 413 2045 Δεηθέντος
426 2009 453 2038 δὲ
473 2011 519 2039 τοῦ
544 2009 679 2049 προφήτου
700 2012 746 2038 τοῦ
765 2011 853 2047 Θεοῦ,

78 2056 182 2095 ὑγίανεν
198 2059 212 2086 6
226 2055 359 2096 βασιλεύς.
381 2053 458 2085 1’Καὶ
476 2055 621 2094 παρεκάλει
644 2054 689 2084 τὸν
714 2055 853 2095 προφήτην

81 2103 232 2138 ἑστιαθῆναι
251 2103 315 2142 παρ’
330 2102 411 2140 αὐτῷ.
426 2100 460 2131 Ὁ
476 2101 503 2130 δὲ
514 2103 562 2131 οὔκ
573 2101 717 2141 ἠνέσχετο,
740 2102 853 2141 πρόστα-

81 2159 137 2186 γμα
153 2147 290 2188 φυλάττων
305 2149 351 2176 τοῦ
375 2148 465 2183 Θεοῦ,
487 2146 552 2186 ὅπερ
578 2146 686 2186 ὕστερον
708 2147 831 2187 mipace<
844 2175 852 2190 ‚

904 1654 962 1673 ram
976 1645 1002 1673 in
1012 1644 1125 1680 Baefflel,
1138 1645 1249 1674 alteram
1263 1645 1290 1673 in
1300 1646 1372 1687 Dan,
1383 1655 1416 1674 ne
1425 1646 1544 1685 populus
1557 1657 1651 1675 ascen·

901 1688 975 1718 deret
984 1690 1011 1718 in
1020 1690 1179 1720 Jerusalem.
1192 1691 1262 1720 Cum
1271 1697 1360 1719 autem
1370 1690 1520 1720 immolaret
1529 1691 1580 1728 ihi,
1590 1702 1651 1721 ecce

902 1735 983 1765 homo
993 1736 1044 1765 Dei
1054 1736 1163 1765 veniens
1174 1736 1316 1775 prophetat
1327 1736 1361 1765 de
1374 1737 1449 1766 Josia
1459 1747 1532 1776 rege.
1543 1737 1579 1766 Et
1586 1748 1650 1767 exa-

903 1781 958 1810 ruit
972 1782 1043 1822 regis
1057 1792 1162 1819 manus,
1174 1788 1199 1811 et
1208 1788 1287 1821 rupta
1298 1789 1340 1812 est
1351 1793 1407 1811 ara.
1418 1782 1551 1822 Propheta
1561 1790 1650 1812 autem

903 1828 991 1857 Deum
1008 1834 1141 1868 precante,
1163 1838 1211 1857 rex
1231 1837 1313 1857 sanus
1326 1828 1410 1857 factus
1428 1834 1476 1857 est.
1493 1828 1529 1858 Et
1541 1829 1652 1868 rogabat

903 1873 1062 1913 prophetam
1075 1880 1106 1903 ut
1117 1873 1276 1913 epularetur
1289 1873 1364 1913 apud
1377 1884 1415 1902 se.
1426 1874 1480 1903 Ille
1495 1885 1562 1904 vero
1575 1875 1650 1904 nole-

902 1919 958 1955 bat,
984 1919 1035 1949 Dei
1055 1926 1219 1960 praeceptum
1240 1930 1360 1957 servam,
1383 1920 1458 1958 quod
1478 1931 1540 1950 cum
1560 1928 1650 1961 postea

903 1972 1082 2006 transgressus
1095 1973 1173 2001 esset,
1195 1966 1299 1996 occisus
1316 1972 1355 1995 est
1371 1977 1386 1995 a
1406 1966 1491 1995 leone.
1509 1967 1651 1997 Jeroboam

902 2018 990 2040 autem
1010 2011 1099 2041 adhuc
1119 2011 1242 2042 manebat
1264 2011 1292 2040 in
1313 2011 1449 2051 impietate
1468 2023 1527 2049 sua,
1547 2019 1574 2042 et
1593 2014 1651 2042 Ro-

902 2055 983 2085 boam
1003 2056 1075 2085 idola
1095 2056 1180 2086 coluit
1199 2056 1326 2086 omnibus
1342 2057 1404 2086 vitae
1424 2068 1479 2086 suae
1489 2058 1578 2088 annis.
1595 2060 1652 2089 Ve-

903 2102 978 2131 niens
998 2102 1120 2132 Susacim
1140 2102 1243 2143 accepit
1262 2102 1412 2132 thesauros.
1433 2105 1496 2134 Post
1515 2104 1588 2134 hunc
1606 2116 1652 2134 re—

903 2154 966 2187 gnat
977 2147 1058 2177 Abias
1065 2148 1140 2177 filius
1151 2149 1220 2188 ejus,
1229 2155 1254 2178 et
1264 2155 1326 2189 post
1340 2147 1413 2177 hunc
1421 2150 1472 2178 Asa
1487 2150 1562 2180 filius
1574 2151 1652 2180 Abia.

80 2192 194 2233 ἀνῃρέθη
211 2193 262 2222 ὑπὸ
274 2194 320 2222 τοῦ
343 2192 456 2226 λέοντος.
481 2191 515 2222 ‘0
530 2192 558 2222 δὲ
571 2191 710 2232 Ἱεροὸοὰμ
724 2192 763 2222 ἔτι
789 2193 853 2222 ἐπέ·
869 2204 887 2228 Β
903 2195 966 2223 Post
990 2194 1142 2228 Jeroboam
1161 2201 1253 2234 regnat
1272 2195 1346 2225 filius
1367 2197 1425 2236 ejus
1445 2196 1523 2225 Adab
1544 2209 1551 2226 ι
1573 2208 1651 2235 quem

80 2251 141 2278 μενε
165 2240 199 2278 τῇ
217 2238 298 2278 κακία
318 2240 414 2273 αὐτοῦ,
437 2237 482 2268 καὶ
502 2240 516 2268 ὁ
529 2238 650 2277 Ῥοὸοὰμ.
663 2239 853 2279 εἰδωλολάτρη-

80 2296 124 2314 σεν
138 2284 184 2321 ἔτη
203 2283 291 2313 πάντα
301 2285 349 2319 τῆς
361 2283 495 2323 βασιλείας
507 2283 596 2313 αὐτοῦ.
610 2283 712 2314 Ἐλθὼν
731 2285 846 2314 *Σουσα

113 2369 122 2380 ²
139 2363 305 2389 Coislininnus
329 2361 416 2388 Codex
436 2365 526 2396 ἱμάτιον
559 2365 689 2395 τελαμῶνος
714 2362 842 2389 mendose.

80 2402 253 2437 Lugdunensis
264 2405 397 2435 τελαμῶνας
408 2403 484 2433 3112st
490 2401 625 2435 usai-cias,
637 2402 663 2426 t'n
675 2402 787 2427 lacinias
797 2403 844 2427 de-

81 2455 142 2471 cem,
163 2446 261 2483 U’Y'lp
277 2448 397 2480 ῥήγματα,
409 2444 527 2474 lacinias,
537 2443 573 2468 εἰσ
594 2447 614 2470 ot
631 2443 667 2470 ο’.
680 2444 744 2469 Puto
762 2449 845 2468 autem

81 2485 131 2510 hoc
151 2486 175 2510 in
194 2484 328 2516 exemplari
346 2482 523 2517 Chrysostomi
542 2482 616 2506 fuisse
630 2494 635 2508 :
650 2490 708 2506 nam
725 2488 752 2507 ut
770 2481 847 2507 modo

82 2524 207 2555 dicebam,
226 2524 290 2548 mira
301 2527 356 2547 erat
375 2521 583 2554 exemplariorum
603 2519 756 2546 Biblicorum
768 2521 847 2547 verie-

83 2570 130 2590 ias.

117 2612 126 2622 ³
146 2604 205 2628 Haec
222 2611 276 2635 qua:
296 2601 326 2626 de
344 2600 491 2634 :egritudine
511 2599 554 2625 tini
570 2599 844 2627 Jerobonmidicuuzur

904 2250 965 2269 cum
982 2239 1122 2270 occidisset
1135 2240 1214 2275 Basa,
1238 2241 1359 2280 regnavit
1379 2249 1405 2272 et
1423 2242 1541 2272 bellabat
1561 2251 1652 2273 contra

904 2287 969 2315 Asa.
993 2286 1045 2316 Hic
1066 2286 1170 2316 auxilio
1193 2297 1258 2316 usus
1277 2286 1350 2316 Ader
1363 2288 1426 2328 Syri
1445 2290 1569 2328 superior
1587 2290 1648 2318 suit.

892 2357 1018 2397 pertinent
1039 2363 1071 2389 nd
1085 2370 1162 2397 caput
1181 2364 1241 2389 XIV
1263 2363 1321 2389 libri
1338 2365 1404 2389 tertii
1420 2366 1531 2398 Regum,
1551 2371 1576 2389 et
1594 2371 1652 2398 post

892 2403 1027 2429 vitulinum
1049 2412 1180 2428 aurearum
1199 2402 1293 2427 cultum
1315 2402 1439 2428 habentur
1455 2405 1478 2428 in
1491 2402 1596 2428 Hebraeo
1606 2423 1612 2433 ‚
1626 2405 1651 2428 iu

894 2442 1022 2476 Vulgafis,
1042 2448 1118 2475 atque
1137 2443 1162 2467 in
1184 2441 1313 2474 hexaplari
1331 2442 1458 2468 Editione.
1479 2441 1529 2467 Sed
1552 2443 1576 2466 in
1598 2442 1653 2467 aliis

894 2481 987 2507 Graecis
999 2481 1160 2506 Editionibus
1171 2482 1267 2505 inversa
1278 2486 1344 2505 saint.

928 2522 943 2541 b
960 2522 1008 2545 Hic
1020 2520 1111 2545 desunt
1122 2519 1228 2552 paucula
1238 2518 1313 2543 verba
1326 2519 1351 2542 in
1360 2523 1466 2550 utroque
1474 2518 1576 2543 Codice.

928 2568 939 2580 v
956 2560 1026 2585 Lxx
1036 2561 1184 2591 interpretes
1193 2561 1303 2590 Σουσακίμ
1312 2556 1442 2586 habent‚et
1453 2556 1489 2582 sic
1499 2558 1573 2583 etiam
1584 2559 1651 2591 Lng-

895 2600 1013 2625 dunensis
1023 2596 1292 2624 Codex.Coistinianus
1304 2604 1363 2620 vero
1376 2602 1494 2625 Σουσακήν.
