1890 2826
726 143 759 165 IN

129 219 221 242 σεται,
239 206 282 235 ἵνα
293 205 338 235 καὶ
350 206 465 234 ἐντεῦθεν
478 204 608 243 μάθωσιν,
622 204 663 232 ὅτι
674 202 734 243 οὐχὶ
746 204 777 232 ἐκ
786 213 894 242 περιφο-

129 258 175 292 ρᾶς
187 263 255 285 τινος
269 251 314 280 καὶ
328 250 468 290 συντυχίας
478 252 496 286 ἦ
506 250 570 290 πρὸς
583 249 613 279 τὸ
625 249 728 289 βέλτιον
742 248 833 288 γέγονε
847 259 895 286 με-

126 299 250 331 τάστασις
265 319 273 332 ,
297 298 354 327 ἀλλ’
380 298 410 326 ἐκ
433 299 481 332 τῆς
503 296 600 326 ἄνωθεν
625 295 758 335 δυνάμεως
785 294 816 323 τὸ
841 299 896 323 πᾶν

126 344 311 383 κατώρθωται,
333 343 380 376 Ὡς
394 343 483 382 ι’πυρὸς
496 342 636 381 καιομένου
661 340 752 374 νυκτὸς
762 363 770 378 ,
798 340 877 381 φησὶν
886 363 894 377 ,

125 390 208 424 οὕτως
221 393 238 426 ἡ
258 389 391 429 μεταὸολὴ
413 389 565 428 γενήσεται,
587 388 642 418 Καὶ
663 387 738 417 ἔσται
759 389 795 421 εἷς
817 386 895 416 σκιὰν

125 437 235 477 ἡμέρας.
249 436 299 470 Τίς
311 437 399 472 {mu
413 435 448 465 ‘H
461 437 507 465 τοῦ
521 436 592 465 Θεοῦ
606 434 723 474 βοήθεια,
733 433 807 474 φησὶ,
821 433 866 462 καὶ
876 435 894 468 ἡ

126 482 276 523 συμμαχία,
291 482 381 522 ὥσπερ
392 481 454 511 σκιὰ
466 482 493 510 ἐν
505 480 636 519 καύματι,
647 480 692 510 καὶ
701 479 792 519 ὥσπερ
803 479 896 519 ὄροφος

125 528 142 564 ἢ
157 529 299 563 κατάδυσίς
310 539 349 561 τις
360 527 506 564 σπηλαίου,
528 526 628 566 ὄμὸρου
647 525 895 566 καταῤῥηγνυμένου

125 575 254 614 σφοδροῦ,
269 576 296 604 ἐν
311 573 440 614 ἀσφαλεία
460 573 503 603 τὸν
521 575 575 603 ἐκεῖ
589 572 772 613 καταφυγόντα
785 573 896 607 εδιατη-

126 623 221 659 ροῦσα·
232 620 301 650 οὕτω
310 621 342 656 δὴ
357 621 402 650 καὶ
415 623 433 657 ἡ
447 632 493 650 του
507 622 578 650 Θεου
587 619 729 659 συμμαχία
737 620 785 648 οὐκ
798 618 895 658 ἀφήσει

125 667 207 696 δεινὸν
229 667 302 697 οὐδὲν
323 670 430 702 παθεῖν,
445 667 490 697 καὶ
509 663 633 697 τοσούτου
647 666 894 719 καταρῤηγνυμένου

125 713 254 752 πολέμου,
271 713 342 747 οὖς’
329 726 360 743 αν
374 713 467 751 ἕληται
487 713 543 748 ἐξ’
527 715 612 753 αρχῆς
624 713 761 742 διασῶσαι.

412 813 553 841 ΚΕΦΑΛ.
577 811 609 840 ε’.

126 902 201 945 ᾍσω
215 902 246 939 δὴ
262 905 299 943 τῷ
311 903 476 943 ἠγαπημένῳ
490 899 563 944 ᾆσμα
579 905 625 932 τοῦ
642 904 780 942 ἀγαπητοῦ
795 914 845 942 μου
856 905 894 943 τῷ

400 949 538 988 ἀμπελῶνί
556 961 617 988 μου.

164 1041 292 1077 thuein<
306 1047 360 1076 τοῖς
373 1044 513 1082 λυπηροῖς,
537 1042 667 1082 εὐφράνας
687 1046 740 1075 τοῖς
754 1047 893 1082 χρηστοῖς,

126 1087 249 1123 ποικίλην
268 1087 315 1124 τὴν
329 1088 470 1128 θεραπείαν
484 1088 676 1128 ἐργασάμενος,
688 1089 725 1121 εἷς
738 1088 825 1128 ἀρχὴν
839 1088 895 1117 πά·-

126 1135 167 1163 λιν
182 1133 272 1173 ἑτέραν
286 1134 378 1174 ἀνάγει
392 1134 436 1163 τὸν
449 1134 536 1173 λόγον,
550 1133 635 1174 ἀρχὴν
647 1135 762 1164 ἐοικυῖαν
774 1136 812 1175 τῷ
826 1145 894 1174 προ

126 1180 204 1220 οιμίῳ
217 1182 265 1215 τ-ἥς
283 1179 451 1220 προφητείας.
468 1179 593 1219 Καθάπερ
612 1179 663 1220 γὰρ
685 1180 830 1222 ἀρχόμενος
849 1180 896 1213 τὰς

126 1226 274 1265 εὐεργεσίας
290 1226 435 1265 ἀπήγγειλε
449 1229 495 1255 τοῦ
508 1227 579 1256 Θεοῦ
593 1225 640 1259 τὰς
653 1227 690 1259 εἷς
708 1225 801 1259 αὐτοὺς
821 1237 895 1265 γεγε-

125 1271 239 1310 νημένας
247 1294 255 1307 ,
273 1271 370 1311 λέγων,
388 1271 467 1304 Υἱοὺς
477 1271 603 1311 ἐγέννησα
612 1271 657 1301 καὶ
670 1271 777 1312 ὕψωσα,
791 1272 836 1301 καὶ
848 1272 895 1306 τὰς

126 1318 290 1357 παρανομίας
311 1318 356 1351 τὰς
369 1319 414 1346 ὕπ’
430 1318 516 1347 αὐτῶν
530 1317 704 1356 τολμηθείσας
716 1318 822 1358 ἐπάγων
849 1319 894 1348 καὶ

125 1365 282 1404 ’προτιθεὶς,
294 1364 334 1394 ὅτι
348 1364 430 1394 Αὖτοί
444 1376 477 1403 με
489 1363 636 1402 ἠθέτησαν,
656 1365 715 1401 καὶ,
729 1365 770 1394 ὅτι
783 1365 894 1406 Ἰσραὴλ

126 1410 154 1439 δέ
167 1422 200 1447 με
212 1412 259 1440 οὐκ
273 1410 347 1450 ἔγνω,
360 1410 404 1439 καὶ
413 1413 427 1440 ὁ
437 1410 500 1444 λαός
510 1422 559 1449 μου
573 1410 620 1449 ἐμὲ
641 1412 669 1440 οὗ
685 1414 796 1448 συνῆκεν
805 1424 812 1430 ·
824 1411 894 1441 οὕτω

126 1455 157 1492 δὴ
172 1456 216 1486 καὶ
228 1457 339 1486 ἐνταῦθα
355 1456 441 1490 λέξεσι
463 1456 510 1495 μὲν
532 1456 645 1497 ἑτέραις,
667 1457 780 1496 νοήμασι
794 1457 822 1487 δὲ
839 1462 893 1491 τοῖς

125 1504 212 1535 αὐτοῖς
237 1502 271 1531 τὰ
289 1502 356 1531 αὐτὰ
378 1507 432 1535 τοῖς
457 1502 592 1542 προτέροις
617 1503 786 1533 ἐνδείκνυται.
813 1503 892 1534 Ἀλλὰ

124 1549 191 1582 τίνος
218 1549 304 1578 ἕνεκεν
322 1553 478 1588 κατηγορεῖν
491 1548 611 1587 μέλλων,
633 1545 707 1589 ᾆσμα
720 1550 768 1585 τὴν
782 1562 893 1590 κατηγο-

127 1595 184 1635 ρίαν
202 1595 293 1631 καλεῖ,
307 1596 424 1630 Μωϋσης
438 1594 486 1633 μὲν
498 1594 549 1635 γὰρ
563 1595 669 1629 εἰκότως
687 1599 765 1625 τοῦτο
785 1596 893 1632 ἐποίησε

127 1640 194 1678 μετὰ
213 1641 262 1674 τῆς
274 1639 379 1679 Μαρίας
391 1663 398 1676 ,
420 1640 466 1669 ἅτε
490 1640 538 1676 τὴν
556 1640 680 1670 ἐπινίκιον
704 1642 808 1680 μέλλων
822 1643 894 1683 ᾅδειν

126 1685 213 1725 (ξ,)δὴν
227 1685 272 1714 καὶ
284 1685 389 1718 εἰκότως
403 1682 484 1718 οὕτως
498 1685 641 1725 ἀρχόμενος
654 1686 755 1726 ἔλεγεν·
769 1687 895 1730 ’ᾼσωμεν

126 1744 164 1771 τῳ
178 1731 283 1771 Κυρίῳ·
299 1730 406 1765 ἐνδόξως
419 1731 470 1771 γὰρ
483 1731 653 1768 δεδόξασται,
677 1732 758 1762 ἵππον
776 1735 850 1763 καὶ’
835 1746 895 1763 ανα-

127 1761 210 1813 δότην
222 1777 326 1817 ἔῤῥιψεν
340 1778 376 1810 εἷς
386 1777 529 1807 θάλασσαν.
543 1777 597 1806 Καὶ
608 1780 624 1813 ἡ
637 1778 741 1819 Δεὸόρα
750 1778 777 1808 δὲ
788 1779 855 1818 μετὰ
866 1779 896 1808 τὸ

126 1823 276 1862 Θαυμαστὸν
291 1824 375 1852 ἐκεῖνο
386 1823 511 1863 τρόπαιον
518 1846 527 1859 ,
539 1823 584 1852 καὶ
593 1823 642 1859 τὴν
651 1824 799 1865 παράδοξον
808 1825 882 1862 νίκην
889 1848 896 1862 ,

126 1870 233 1903 εἰκότως
244 1870 314 1910 ᾠδὴν
329 1869 430 1909 ὑφαίνει
441 1869 489 1905 τὴν
501 1869 627 1900 ἐπινίκιον
639 1871 750 1907 ἐκείνην,
764 1871 896 1911 εὐφημίαν

127 1916 292 1957 ἀναφέρουσα
318 1917 356 1956 τῷ
369 1917 443 1956 Θεῷ.
468 1912 553 1950 Οὗτος
565 1917 592 1946 δὲ
607 1922 762 1958 κατηγορεῖν
777 1918 880 1957 μέλλων
889 1940 897 1954 ,

127 1962 171 1991 καὶ
185 1962 307 1991 συντόνου
320 1961 399 2001 λόγου
414 1961 551 2001 δεόμενος,
565 1962 610 1992 καὶ
621 1965 709 2003 ψυχῆς
722 1965 770 1993 οὐκ
789 1965 896 2004 ἀνειμέ-

126 2020 185 2044 νης,
205 2007 273 2037 ἀλλὰ
292 2007 498 2047 συντεταμένης,
518 2008 590 2048 ᾆσειν
607 2004 674 2048 ἡμῖν
689 2010 896 2049 ἐπαγγέλλεται,

127 2055 171 2084 καὶ
180 2051 254 2095 ᾆσμα
267 2054 300 2083 τὰ
314 2055 468 2094 ἐγκλήματα
481 2056 567 2085 καλεῖ.
584 2057 643 2085 Οὔκ
661 2057 738 2090 αὐτὸς
758 2057 785 2086 δὲ
800 2057 876 2096 μόνος
888 2081 895 2094 ,

127 2099 195 2130 ἀλλὰ
208 2099 253 2129 καὶ
268 2102 282 2129 ὁ
295 2099 376 2140 μέγας
389 2101 486 2134 ἐκεῖνος
505 2102 622 2137 Μωΰσῆς
635 2101 684 2137 τὴν
698 2102 824 2132 ἐπινίκιον
837 2103 897 2132 τότε

128 2145 192 2186 ᾅσας
206 2147 291 2186 ᾠδὴν,
305 2149 459 2187 κατηγορῶν
474 2149 526 2176 τῶν
541 2146 675 2176 Ἰουδαίων
685 2169 693 2183 ,
713 2148 839 2189 μακρὰν
826 2149 897 2186 ὠδὴν

131 2191 164 2220 τὰ
176 2191 359 2231 ἐγκλήματαὴ
365 2192 495 2228 πεποίηκε
514 2192 612 2232 λέγων·
637 2194 732 2223 Ταῦτα
744 2197 782 2223 τῶ
806 2195 897 2236 Κυρίῳ

130 2238 331 2276 &nauantem
352 2234 437 2272 Οὗτος
445 2241 460 2269 ὁ
472 2239 535 2273 λαὸς
547 2240 634 2279 μωρὸς
643 2263 651 2276 ,
673 2240 717 2269 καὶ
731 2241 792 2280 οὐχὶ
805 2241 896 2282 σοφός·

130 2283 175 2312 καὶ
189 2284 288 2317 πολλὰς
301 2283 400 2318 συνθεὶς
411 2285 580 2325 κατηγορίας,
589 2285 698 2326 ᾅδοντας
712 2286 805 2321 αὐτοὺς
814 2291 899 2318 ταυτα

129 2330 214 2369 λέγειν
228 2330 387 2368 ἐνομοθέτει·
411 2331 456 2360 καὶ
469 2331 509 2360 ἔτι
522 2331 567 2361 καὶ
581 2336 626 2361 νῦν
639 2333 744 2372 ᾄδοντες
755 2336 838 2363 ταῦτα
851 2335 896 2364 λέ-

163 2438 338 2469 ῦΔιατηῙαυσα.
355 2433 404 2459 Hic
417 2433 548 2468 legendum
564 2441 637 2468 putat
652 2435 760 2462 §avilius
771 2439 880 2474 διατηρεῖ.

129 2472 202 2498 Sed
191 2477 327 2507 οιατηροῦσα
339 2472 462 2506 quadrare
474 2473 534 2500 mihi
548 2474 656 2501 xidetur.

161 2513 250 2545 -Ιὶεις,
264 2517 290 2537 et
301 2511 624 2547 53νὶ1.προστιθιις,Μοι-ει.
642 2519 764 2550 προτιθιίς.

162 2552 176 2571 b
194 2556 304 2581 nen-oram
311 2551 398 2577 deest'
393 2560 418 2577 lu
430 2552 491 2586 Reg.
505 2558 530 2577 et
541 2553 619 2579 Sat-il.
630 2553 677 2579 ula
687 2559 770 2580 autem
782 2554 880 2580 sublata

788 141 917 171 tSAlAM,

946 141 1022 164 CAP.
1053 142 1085 164 V.

946 202 1063 240 quadam
1076 210 1101 231 et
1113 203 1222 232 fortuito
1236 204 1409 233 mutationem
1428 203 1455 232 in
1470 204 1567 233 melius
1578 214 1635 232 esse
1649 203 1687 232 fa-

946 255 1032 286 ctam5
1056 248 1103 277 sed
1122 259 1156 278 ex
1172 260 1287 289 superna
1303 249 1404 280 virtute
1423 256 1509 278 totum
1526 260 1584 279 esse
1601 249 1689 279 conse·

946 300 1030 330 ctum,
1042 294 1124 324 Sicut
1135 299 1200 334 igne
1212 296 1370 326 ardentein
1385 301 1479 331 nocte,
1488 295 1586 334 inquit,
1595 295 1633 325 sic
1645 295 1689 324 fiet

946 341 1070 377 mutatio,
1083 342 1124 370 Et
1136 344 1191 371 erit
1201 344 1234 371 in
1247 344 1380 371 umbram
1393 352 1446 381 per
1455 343 1542 370 ιίἰεηι,
1559 342 1689 379 Quaenam

913 395 932 417 D
947 386 1004 416 haee
1021 388 1135 417 umbra?
1145 389 1196 418 Dei
1213 388 1359 426 auxilium,
1375 388 1474 427 inquit,
1486 395 1512 417 et
1524 387 1687 423 subsidium,

947 435 1023 473 quasi
1038 435 1134 464 umbra
1147 435 1175 464 in
1190 443 1266 472 ωεῑιι,
1275 443 1302 465 et
1313 437 1390 475 quasi
1401 442 1501 465 tectum
1512 436 1556 465 vel
1570 446 1690 465 cavernae

947 480 1103 518 latibulum,
1116 482 1203 511 imbre
1215 481 1365 511 vehementi
1384 481 1503 517 cadente,
1517 482 1544 510 in
1559 488 1617 511 tuto
1634 492 1688 510 ser-

946 534 991 557 vat
1009 537 1071 556 eum
1092 528 1140 566 qui
1165 528 1213 557 illo
1234 528 1354 568 confugit
1366 541 1374 556 :
1388 529 1427 558 sie
1445 535 1471 557 et
1489 527 1539 557 Dei
1556 528 1688 557 commili-

945 573 1014 602 tium
1027 573 1096 602 nihil
1115 574 1184 603 sinet
1207 575 1262 614 pati
1280 574 1444 610 detrimenti,
1459 581 1532 604 tanto
1551 575 1690 614 ingruente

945 619 1027 657 hello,
1041 631 1085 650 eos
1098 631 1165 659 quos
1179 632 1193 649 a
1207 620 1342 661 principio
1362 631 1468 650 servare
1482 621 1606 650 voluerit.

1229 816 1353 845 CAPUT
1372 816 1411 845 V.

986 905 1013 932 1.
1034 902 1154 933 cantabo
1171 902 1269 932 dilecto
1289 902 1422 932 canticum
1436 901 1528 930 dilecti
1543 902 1688 932 meivineae

1281 959 1354 978 meae.

911 910 929 933 Ε

988 1047 1015 1073 1.
1038 1042 1181 1080 Postquam
1194 1041 1312 1070 tristium
1325 1040 1530 1070 comminatione
1544 1042 1685 1078 exterruit,

945 1094 972 1116 et
991 1088 1125 1117 bonorum
1146 1087 1322 1127 promissione
1340 1086 1513 1123 exhilaravit,
1532 1087 1688 1127 variamque

910 1155 933 1174 5,
947 1133 1078 1163 medelam
1096 1133 1240 1170 adhibuit,
1262 1132 1289 1161 in
1310 1132 1387 1161 aliud
1409 1132 1498 1162 denuo
1523 1133 1687 1173 principium

912 1184 931 1205 Α
945 1190 1095 1209 sermonem
1121 1179 1236 1215 reducit,
1260 1178 1437 1218 principium,
1465 1179 1586 1218 inquam,
1615 1180 1689 1219 quod

945 1225 1092 1266 prophetiae
1114 1223 1258 1254 exordium
1290 1223 1427 1254 videatur.
1454 1225 1689 1261 Quemadmodum

944 1273 1016 1302 enim
1029 1283 1044 1301 a
1058 1271 1190 1312 principio
1200 1271 1289 1300 statim
1308 1271 1463 1300 beneficia·
1455 1271 1521 1311 ipsis
1534 1282 1549 1301 a
1563 1274 1620 1302 Deo
1632 1274 1687 1303 col-

944 1319 997 1348 lata
1018 1317 1150 1347 recensuit
1167 1316 1269 1353 dicens,
1281 1317 1376 1346 Filios
1386 1319 1474 1356 genui
1494 1323 1523 1346 et
1544 1318 1687 1355 exaltavi,
1701 1329 1758 1350 lsai.
1774 1335 1824 1349 με.

944 1363 1067 1394 adductis
1087 1362 1283 1403 propositisque
1297 1362 1454 1398 sceleribus,
1469 1373 1530 1402 quae
1550 1364 1591 1393 illi
1603 1371 1688 1404 patra-

945 1418 1049 1448 verant,
1068 1421 1175 1450 nempe,
1190 1412 1251 1450 Ipsi
1270 1416 1439 1450 spreverunt
1465 1421 1520 1448 me,
1530 1418 1566 1447 et,
1595 1412 1690 1442 Israel
1701 1423 1758 1444 ιςιιῑ.
1771 1422 1822 1444 [34

944 1466 1040 1489 autem
1060 1469 1106 1488 me
1127 1467 1187 1487 non
1199 1458 1343 1497 cognovit,
1358 1464 1386 1486 et
1409 1458 1534 1497 populus
1553 1469 1633 1488 meus
1646 1470 1691 1488 me

946 1517 1006 1535 non
1023 1506 1172 1535 intellexit
1183 1515 1191 1531 :
1206 1504 1244 1534 sic
1263 1510 1288 1533 et
1307 1503 1359 1533 hoc
1381 1503 1442 1533 loco
1459 1503 1519 1533 aliis
1539 1504 1630 1540 dictis,
1643 1505 1690 1535 sed

945 1551 1038 1581 eadem
1047 1549 1277 1589 sententiaeaipsa
1292 1559 1352 1588 quae
1366 1549 1442 1589 prius
1454 1550 1574 1579 exbibet.
1587 1552 1690 1581 Verum

946 1608 1000 1636 qua
1023 1597 1058 1627 de
1085 1607 1165 1626 causa
1198 1595 1410 1635 reprehensurus
1421 1618 1429 1633 ,
1459 1597 1691 1636 reprehensionem

945 1644 1080 1674 canticum
1092 1643 1188 1673 vocat?
1199 1644 1308 1682 Moyses
1329 1641 1401 1671 enim
1423 1641 1452 1671 id
1468 1643 1530 1682 jure
1551 1643 1612 1672 fecit
1628 1654 1689 1673 cum

946 1690 1045 1726 Maria,
1059 1695 1152 1729 utpote
1165 1687 1328 1727 triumphale
1343 1687 1478 1717 canticum
1491 1688 1690 1727 modulaturus,

947 1736 1096 1774 meritoque
1106 1735 1145 1764 sic
1157 1734 1252 1773 incipit
1268 1746 1275 1762 ε
1293 1735 1452 1763 Cantemus
1465 1735 1595 1764 Domino
1606 1747 1616 1763 .·
1625 1736 1691 1772 glo·
1703 1746 1779 1770 Exod.
1797 1745 1831 1767 15.

948 1784 1023 1811 riose
1033 1781 1109 1810 enim
1118 1781 1321 1820 magnificatus
1334 1786 1389 1817 est,
1403 1790 1509 1820 equum
1520 1787 1548 1810 et
1556 1791 1691 1811 ascenso·
1706 1782 1726 1798 ¹·

949 1838 1007 1857 rem
1018 1828 1140 1867 projecit
1150 1830 1180 1855 in
1190 1836 1279 1855 mare.
1292 1827 1328 1856 Et
1343 1827 1447 1856 Dehora
1471 1834 1531 1867 post
1554 1827 1624 1857 illud
1643 1827 1690 1857 ad·
1702 1834 1781 1856 Jmnc.
1795 1834 1817 1856 5,

949 1874 1074 1903 mirabile
1091 1880 1231 1913 tropaeum,
1248 1879 1274 1902 et
1289 1873 1449 1913 insperatam
1465 1874 1616 1911 victoriam,
1629 1875 1692 1914 jure

949 1920 1083 1950 canticum
1102 1919 1172 1949 illud
1186 1919 1350 1959 triumphale
1366 1919 1513 1957 contexuit,
1527 1919 1634 1949 laudem
1648 1931 1691 1949 re-

949 1967 1034 1996 serens
1047 1967 1116 1995 Deo.
1131 1965 1183 1995 Hic
1202 1972 1291 1994 autem
1310 1964 1511 2002 criminaturus,
1524 1976 1587 1995 cum
1608 1966 1691 1996 vehe-

948 2012 1031 2042 menti
1050 2022 1172 2042 sermone
1185 2017 1270 2051 egeat,
1284 2017 1310 2040 et
1327 2010 1416 2040 animo
1436 2021 1490 2040 non
1508 2011 1630 2048 remisso,
1646 2012 1691 2041 sed

948 2058 1089 2095 concitato,
1103 2067 1131 2087 se
1143 2064 1313 2088 cantaturum
1331 2056 1408 2086 nobis
1421 2056 1564 2096 promittit,
1578 2064 1604 2086 et
1613 2067 1692 2086 accu-

949 2102 1064 2134 sationes
1077 2103 1211 2133 canticum
1225 2109 1311 2132 vocat.
1325 2103 1358 2131 At
1372 2112 1424 2131 non
1439 2102 1496 2142 ipse
1507 2103 1590 2139 solus,
1603 2102 1649 2132 sed
1668 2110 1693 2132 et

949 2160 1063 2191 magnus
1081 2150 1128 2179 ille
1149 2151 1268 2189 Moyses,
1286 2148 1335 2187 qui
1354 2154 1418 2177 tunc
1437 2147 1602 2188 triumphale
1623 2149 1693 2178 illud

949 2197 1083 2226 canticum
1106 2193 1347 2233 cecinera15dum
1374 2193 1483 2224 Judaeos
1509 2195 1691 2234 r,eprehendit

915 2253 933 2277 c
949 2242 1060 2282 longum
1088 2241 1159 2270 illud
1187 2241 1321 2270 ranticum
1347 2240 1410 2269 fecit
1440 2240 1692 2280 reprehensionibus

951 2289 1061 2329 plenum
1094 2287 1208 2317 dicens,
1222 2287 1358 2316 Hoeccine
1383 2287 1511 2316 Domino
1545 2286 1693 2315 redditis?
1706 2296 1738 2316 οι
1740 2294 1838 2317 ιιι,3ι.6,

952 2336 1010 2364 Hic
1025 2334 1148 2374 populus
1159 2332 1265 2362 stultus
1277 2339 1305 2362 et
1321 2334 1461 2372 insipiens
1469 2345 1481 2368 ;
1495 2339 1520 2361 et
1533 2332 1626 2360 multis
1639 2332 1694 2361 col-

931 2446 1001 2471 voce,
1012 2436 1084 2462 locus
1094 2445 1199 2462 mancus
1205 2444 1257 2461 esse
1264 2436 1374 2466 videtur,
1385 2435 1425 2459 cui
1435 2434 1599 2459 restaurando
1608 2444 1693 2461 vocem

932 2481 995 2504 καλεῖ
1006 2477 1125 2509 proponit
1137 2475 1256 2501 savinus.
1276 2474 1327 2501 Sed
1340 2482 1398 2499 cum
1411 2477 1517 2503 πεποίηκε
1530 2473 1554 2498 in
1568 2475 1654 2501 Bavar.
1670 2481 1695 2499 et

932 2516 1018 2542 Morel,
1033 2516 1139 2549 legatur,
1155 2514 1223 2540 locus
1231 2515 1284 2547 jam
1297 2514 1393 2546 integer
1405 2517 1451 2536 est.
