1890 2826
75 1378 129 1401 Act.
138 1376 172 1408 ¹4.
179 1385 214 1400 io.

77 1662 215 1691 Romddq.

232 146 304 190 244

227 215 401 246 traditionem
417 215 537 254 inhibet5
566 215 626 246 etin
639 223 709 246 terra
725 216 818 256 gentili
841 215 975 246 somnium

227 262 349 300 videtur,
359 262 459 302 templo
466 272 569 298 everso,
580 262 713 302 legalibus
722 262 846 292 sublatis.
857 264 975 295 Verum-

228 316 315 341 tamen
329 319 377 349 per
390 308 517 338 Hebraeos
530 308 691 348 explicatur.
709 308 769 338 Etsi
781 308 854 338 enim
871 308 898 338 in
914 319 976 348 gen-

228 355 289 385 tiles
301 354 530 384 disseminandum
544 361 612 384 esset
624 354 806 394 evangelium,
821 362 849 384 at
859 355 907 395 per
919 356 976 384 He-

228 401 313 431 braeos
332 401 417 437 viros,
438 411 532 440 nempe
550 400 695 441 apostolos,
711 400 741 430 id
763 401 886 430 futurum
907 408 974 430 erat.

228 449 285 479 Hoc
300 448 368 478 etin
389 447 517 478 Cornelio
538 447 660 487 contigit.
688 446 845 477 Praecedunt
872 442 974 487 gentes,

227 504 281 524 non
293 502 383 524 autem
396 500 557 533 sequuntur.
570 494 610 523 Ita
623 500 649 523 et
661 493 707 523 hic
717 493 861 533 imaginem
870 493 975 534 primus

226 541 297 572 vidit
308 540 566 576 Nabuchodonosor,
576 539 699 570 notitiam
708 550 773 571 vero
784 540 889 580 primus
900 550 975 569 acce·
991 534 1010 558 D

227 587 268 628 pit
281 587 389 617 Daniel.
405 587 441 617 Et
455 593 485 616 ut
502 597 646 627 cognoscas
659 586 733 626 quod
745 593 772 616 et
790 586 873 626 primi
886 593 913 615 et
926 596 975 626 po-

227 633 351 663 steriores
365 640 427 662 sunt
440 634 457 663 J
460 632 528 662 udaei
543 645 549 661 :
565 632 648 672 primi
667 632 768 672 quippe
782 632 852 661 bona
866 642 976 672 accepe-

226 687 298 716 rant,
309 680 356 710 sed
366 679 519 709 nesciebant
530 678 598 718 quid
609 679 782 720 accepissent,
794 685 824 708 ut
833 689 883 719 par
893 678 979 708 utrin-

227 737 280 765 que
300 727 386 756 fieret.
409 727 450 756 Ita
472 732 497 755 et
515 725 573 755 illic
595 732 656 754 ante
680 724 847 765 baptismum
871 724 977 765 Spiritu

226 767 331 812 dignati
343 780 417 802 sunt.
433 773 480 803 Sic
493 772 558 802 etin
579 771 733 801 Abrahamo
752 771 842 811 prima
859 771 912 800 fuit
930 771 977 800 illa

227 818 374 848 multitudo
393 820 524 859 gentium,
545 817 676 858 posterior
693 828 758 848 vero
781 816 951 847 circumcisio
968 829 974 845 ε

228 864 276 894 scd
289 875 339 904 per
352 864 582 895 circumcisionem
605 864 690 893 salus.
712 864 775 893 Haec
794 863 894 892 millies
914 873 977 903 pro-

227 910 314 950 phetae
328 910 432 940 Judaeis
449 909 589 952 dixerunt,
607 916 633 939 et
652 909 705 938 nisi
726 909 812 938 multa
834 908 907 948 apud
929 919 978 939 vos

226 964 295 986 esset
311 956 434 993 tarditas,
456 955 536 985 etiam
561 954 609 984 ubi
628 961 654 984 et
673 954 781 993 quando
799 954 974 994 aperuissem.

227 1004 370 1042 Postquam
384 1009 474 1032 autem
486 1011 540 1031 non
555 1000 737 1037 attenderunt,
752 1000 848 1029 transit
862 999 896 1029 ad
912 1010 974 1040 gen-

226 1057 266 1079 tes
279 1050 416 1090 deinceps.
428 1050 491 1079 Haec
504 1048 585 1078 verba
594 1048 612 1078 J
615 1046 684 1076 udaei
695 1045 847 1086 audientes,
861 1045 976 1086 despue·
993 1056 1011 1080 E

225 1097 309 1127 bant:
332 1095 440 1135 gentilis
461 1106 525 1125 cum
544 1094 674 1131 audisset,
696 1092 832 1124 adoravit.
856 1092 977 1123 Adverte

225 1154 255 1173 ea
265 1143 345 1174 etiam
360 1153 419 1181 quae
432 1142 484 1172 suh
495 1142 604 1172 Christo
618 1140 788 1180 contigerunt
800 1139 916 1169 describi
928 1150 977 1180 per

225 1189 335 1230 figuras.
352 1189 501 1219 Chananaea
515 1188 628 1218 adorat:
648 1186 738 1217 Judaei
758 1193 860 1224 contra,
882 1186 978 1215 Domi-

225 1246 290 1266 num
304 1236 405 1266 scilicet
420 1235 569 1275 expellunt.
583 1236 623 1264 Ita
633 1234 716 1263 ethic
726 1235 743 1264 J
746 1233 815 1262 udaei
829 1233 976 1263 Jeremiam

225 1282 253 1311 in
267 1282 374 1313 vincula
384 1282 553 1322 conjecerunt
568 1292 574 1309 ε
591 1279 841 1310 Nabuchodonosor
853 1278 977 1309 adoravit

225 1327 374 1358 Danielem.
389 1329 495 1357 Rursus
504 1328 520 1357 J
524 1326 593 1356 udaei
600 1326 736 1366 apostolos
743 1325 871 1365 ejiciunt:
885 1326 976 1356 Graeci
991 1359 994 1360 ⁷

225 1381 314 1404 autem
328 1374 423 1404 dicunt
436 1387 443 1403 ι
466 1375 519 1403 Dii
541 1374 735 1403 ascenderunt
754 1372 795 1401 ad
817 1382 880 1402 nos.
904 1372 974 1402 Cum

225 1421 297 1451 enim
311 1420 449 1460 judicium
470 1420 528 1449 sine
551 1420 647 1449 affectu
667 1419 770 1455 fertur,
789 1418 976 1458 incorruptum

225 1474 281 1504 est,
309 1478 340 1497 ac
362 1467 507 1504 sincerum.
536 1465 622 1496 Vides
649 1472 726 1505 typos
752 1475 893 1494 coruscare
903 1464 917 1493 Ξ)
944 1465 976 1494 In

225 1514 365 1554 Babylone
383 1524 443 1553 quae
461 1512 497 1542 ad
514 1512 654 1542 Christum
674 1517 794 1551 spectant
814 1510 974 1548 audiuntur,

226 1567 253 1590 et
263 1561 394 1590 barbarus
405 1559 512 1589 auditor
518 1559 560 1595 Iit,
577 1556 745 1597 utintelligas
754 1567 807 1586 non
814 1557 895 1586 modo
908 1567 977 1597 gen-

225 1607 286 1636 tiles
296 1629 304 1643 ,
319 1606 367 1636 sed
381 1613 407 1636 et
418 1605 547 1635 barbaros
560 1605 609 1634 ista
619 1614 675 1634 esse
687 1603 838 1640 audituros,
850 1603 977 1643 quemad-

227 1653 338 1683 modum
352 1652 453 1682 Paulus
468 1653 505 1681 ait
515 1652 657 1681 :Debitor
669 1660 732 1680 sum
746 1656 778 1678 ut
791 1650 977 1689 evangellum

225 1701 379 1740 praedicem
398 1699 508 1728 Groecis
521 1708 557 1727 ac
571 1698 714 1726 barbaris.
728 1697 765 1726 Et
780 1707 813 1726 ne
838 1696 975 1737 desperes,

227 1756 302 1786 spem
317 1744 434 1774 delineat
448 1755 479 1774 ac
503 1743 622 1784 subjicit.
637 1741 718 1780 Quod
732 1742 805 1771 enim
818 1741 910 1772 aberat
924 1742 975 1772 im-

227 1791 431 1833 pedimentum?
444 1793 466 1821 F
468 1798 540 1821 astus
563 1790 671 1830 regalis,
686 1789 791 1820 indoles
809 1790 867 1830 ipsa
884 1790 978 1820 barba-

228 1841 294 1877 rica,
315 1838 448 1878 loquentis
467 1838 577 1874 vilitas;
594 1837 733 1866 eratenim
747 1836 870 1876 captivus
880 1843 977 1875 3aetas;

229 1892 285 1914 erat
304 1885 433 1925 juvenis;
453 1884 549 1924 religio
572 1883 667 1912 aliena.
691 1884 786 1921 Neque
807 1893 856 1912 rex
879 1882 951 1911 dixit
968 1894 975 1911 =

994 1671 1014 1695 A

229 1933 269 1961 Te
279 1939 323 1961 tua
338 1930 488 1972 praevidere
499 1929 631 1970 oportuit,
640 1928 716 1959 urbis
730 1935 782 1958 tuae
796 1929 923 1959 videlicet
936 1940 978 1959 ca-

229 1978 378 2017 ptivitatem
398 1989 404 2006 ε
421 1976 468 2006 illa
482 1975 621 2016 ignorasti,
635 1982 662 2004 et
683 1975 741 2004 haec
762 1974 908 2014 praedicis?
930 1977 978 2004 In-

232 2024 299 2063 grati
310 2024 382 2053 enim
406 2024 442 2053 ita
463 2022 538 2062 loqui
555 2022 641 2052 solent
655 2031 661 2048 :
677 2021 826 2061 Oportebat
839 2021 977 2051 Christum

231 2069 348 2109 scipsum
363 2069 513 2099 suscitasse.
530 2067 612 2105 Quod
623 2067 726 2096 dietum
738 2067 789 2097 fuit
803 2067 908 2097 eversio
921 2074 978 2098 erat

233 2116 308 2155 regni
322 2115 491 2155 Babyloniei,
500 2121 527 2144 et
540 2113 734 2144 consummatio
748 2113 832 2143 totius
845 2113 930 2143 orbis.
943 2116 979 2145 Et

232 2161 348 2191 credidit
359 2161 617 2190 Nabuchodonosor.
631 2161 724 2199 Neque
738 2159 821 2195 enim,
832 2160 883 2189 nisi
894 2161 980 2190 credi-

232 2207 326 2243 disset,
334 2207 505 2236 sacrificasset
523 2206 637 2236 Danieli.
651 2205 743 2236 Credit
760 2206 979 2237 Nabuchodono-

233 2264 290 2288 sor3
302 2253 413 2293 quidam
421 2260 509 2282 autem
517 2263 568 2282 non
577 2252 698 2282 credunt.
706 2253 818 2292 Propter
826 2252 878 2282 hoc
886 2254 979 2283 multae
995 2253 1014 2277 Β

233 2297 419 2337 praedictiones
432 2296 540 2326 fiebant.
554 2296 584 2326 Si
607 2297 659 2325 illae
672 2303 798 2326 eventum
812 2307 865 2326 non
879 2297 980 2328 habue-

234 2348 308 2377 runt,
317 2351 402 2380 neque
410 2340 452 2370 his
466 2340 556 2370 crede.
564 2342 604 2370 Ne
613 2347 702 2369 autem
715 2340 819 2371 diutius
830 2353 980 2372 sermonem

235 2386 382 2415 obscurum
392 2384 530 2420 faciamus,
539 2395 588 2423 age
601 2395 663 2413 eum
673 2385 750 2414 vobis
763 2385 979 2425 interpretemur.

236 2429 364 2468 Quinque
384 2428 455 2458 vidit
481 2428 615 2465 materias,
632 2439 740 2465 aurum,
759 2437 909 2468 argentum,
931 2441 977 2468 aes,

235 2473 348 2508 ferrum,
365 2479 469 2502 testam.
482 2471 586 2502 Deinde
605 2478 659 2501 tota
683 2472 773 2511 imago
785 2479 890 2513 tempus
905 2482 979 2505 estet

238 2517 364 2557 temporis
388 2517 585 2556 consequentia.
609 2517 644 2546 Et
669 2525 739 2546 recte
761 2517 832 2547 dixit
845 2530 851 2545 z
864 2521 977 2560 Imago.

239 2561 353 2600 Imagini
367 2561 500 2600 siquidem
517 2561 618 2591 similes
638 2569 700 2592 sunt
722 2573 762 2591 res
787 2570 893 2599 nostran,
909 2564 976 2593 ima-

566 155 595 179 S.
624 154 766 179 JOANNIS
791 154 977 179 CHRYSOS'I'.
1010 139 1167 178 Anofflm’.
1195 155 1469 179 CONSTANTINOP-

1027 215 1105 251 Πλὴν
1119 215 1163 246 διὰ
1177 215 1310 256 Ἑὸραίων
1322 217 1505 256 ἑρμηνεύεται.
1517 217 1552 247 Εἰ
1564 217 1616 257 γὰρ
1629 217 1674 247 καὶ
1684 218 1720 251 εἷς
1733 217 1804 247 ἔθνι·

1027 268 1087 301 nois<
1101 268 1195 307 ἔμελλε
1208 268 1386 306 διαδίδοσθαι,
1401 269 1471 311 ἀλλὰ
1483 268 1527 299 διὰ
1540 268 1674 308 Ἓὸραίων
1687 269 1803 310 ἀνδρῶν,

1026 322 1079 350 τῶν
1094 321 1260 351 ἀποστόλων.
1273 322 1361 351 Τοῦτο
1372 321 1417 351 καὶ
1429 321 1473 351 ἐπὶ
1483 323 1529 351 τοῦ
1544 321 1691 361 Κορνηλίου
1703 321 1805 360 γέγονε.

1026 372 1217 412 Προλαμὸάνει
1231 372 1266 415 τὰ
1279 372 1354 409 ἔθνη,
1379 373 1425 402 καὶ
1437 373 1486 402 οὐκ
1497 373 1645 403 ἀκολουθεῖ.
1666 372 1747 413 Οὕτω
1761 372 1806 403 καὶ

1025 426 1137 454 ἐνταῦθα
1160 424 1209 461 τὴν
1232 424 1320 454 εἰκόνα
1348 426 1451 465 πρῶτος
1476 419 1544 454 εἶδεν
1567 427 1581 454 ὁ
1601 425 1806 466 Ναὸουχοδονό-

1026 488 1073 517 σορ
1082 500 1091 513 ,
1116 477 1165 513 τὴν
1191 476 1221 507 δὲ
1241 479 1339 517 γνῶσιν
1360 479 1468 518 πρῶτος
1490 467 1544 507 εἶδε
1564 477 1682 522 ’Δανιήλ
1706 477 1759 508 Καὶ
1771 477 1804 521 ἵν’

1026 530 1098 569 εἰδῇς
1108 529 1149 559 ὅτι
1162 530 1208 559 καὶ
1223 531 1324 569 πρῶτοι
1338 529 1384 559 καὶ
1398 530 1504 569 ὕστεροι
1519 531 1543 560 οἱ
1556 529 1679 559 Ἰουδαῖοι
1688 541 1694 548 ·
1705 530 1806 569 πρῶτοι

1026 581 1059 611 τὰ
1073 581 1160 621 ἀγαθὰ
1175 581 1272 611 ἔλα6ον
1281 604 1289 619 ,
1304 581 1374 612 ἀλλὰ
1385 582 1434 611 οὐκ
1444 581 1552 621 ᾔδεισαν
1567 581 1632 622 ὅπερ
1643 580 1753 618 ἔλαὸον,
1763 581 1806 611 ἵνα

1027 633 1218 674 ἶσον-γένηται.
1241 633 1322 663 Οὗτω
1342 635 1419 664 κάκεῖ
1433 633 1485 673 πρὸ
1497 637 1543 664 τοῦ
1559 633 1743 677 βαπτίσματος
1757 645 1806 663 κα-

1028 685 1194 723 τηξιώθησαν
1229 686 1395 724 Πνεύματος.
1426 686 1508 716 Οὕτω
1539 686 1585 729 καὶ
1611 686 1656 715 ἐπὶ
1684 685 1807 726 Ἀδραὰμ

1026 738 1120 779 πρώτη
1134 741 1151 775 ἡ
1166 738 1267 774 πληθὺς
1282 738 1368 774 ἐκείνη
1380 740 1433 768 τῶν
1447 739 1526 768 ἐθνῶν
1537 759 1545 774 ,
1568 738 1667 778 ὑστέρα
1681 735 1709 767 31
1723 740 1740 774 ἡ
1751 749 1801 767 πε-

1032 792 1126 831 ριτομή
1134 804 1140 810 ·
1153 791 1221 821 ἀλλὰ
1233 791 1276 821 διὰ
1287 793 1434 831 περιτομῆς
1446 793 1464 827 ἡ
1479 791 1607 831 σωτηρία.
1620 785 1705 835 Εἶπον
1722 782 1807 820 ταῦτα

1027 843 1151 884 μυριάκις
1162 846 1186 873 οἱ
1199 846 1334 884 προφῆται
1347 848 1401 877 τοῖς
1413 843 1561 879 Ἰουδαίοις,
1572 833 1621 881 Ικαῖ
1635 844 1659 872 εἷ
1671 842 1709 882 μὴ
1718 842 1805 879 πολλὴ

1025 899 1088 936 παρ’
1102 899 1163 936 ὑμῖν
1176 899 1193 932 ἡ
1208 896 1302 926 νωθεία
1313 919 1322 934 ,
1344 895 1394 926 κᾶν
1407 895 1554 936 ἐξεκᾶλυψα
1565 918 1573 932 ,
1599 897 1651 926 ποῦ
1665 894 1711 925 καὶ
1726 895 1802 925 πότε.

1027 947 1148 989 Ἐπειδὴ-
1161 948 1188 978 δὲ
1208 950 1237 978 οὐ
1262 952 1420 988 προσεῖχον,
1449 947 1604 986 μεταὸαίνει
1625 948 1662 980 εἷς
1684 946 1719 976 τὰ
1744 946 1805 983 ἔθνη

1026 999 1127 1029 λοιπόν.
1141 999 1292 1034 Ἀκούοντες
1305 1001 1401 1029 ἐκεῖνοι
1414 999 1513 1029 τούτων
1525 1002 1578 1029 τῶν
1590 988 1735 1040 ῥημάτων,
1755 1010 1806 1029 κα·

1027 1052 1140 1082 τέπτυον
1150 1064 1156 1070 ·
1177 1054 1192 1082 ὁ
1203 1051 1301 1085 ἐθνικὸς
1313 1051 1427 1085 ἀκούσας
1439 1051 1648 1095 προσεκύνησεν.
1675 1051 1747 1091 ΙὈρα
1759 1053 1805 1083 καὶ

1031 1104 1066 1134 τὰ
1075 1103 1119 1133 ἐπὶ
1133 1105 1250 1144 Χριστοῦ
1263 1101 1468 1142 διατυπούμενα.
1483 1102 1519 1133 Ἥ
1533 1104 1674 1136 Χανανῖτις
1689 1114 1806 1143 προσκυ-

1034 1161 1085 1187 νεῖ·
1100 1152 1171 1186 οῧτοι
1192 1157 1221 1185 οὗ
1241 1158 1346 1185 ποιοῦσι
1358 1157 1447 1193 τοῦτο,
1466 1156 1525 1185 ἀλλ’
1541 1145 1704 1186 ἐλαύνοοσιν.
1727 1155 1807 1185 Οὕτω

1011 1209 1078 1239 ’καὶ
1101 1211 1214 1239 ἐνταῦθα
1241 1210 1336 1238 ἐκεῖνοι
1373 1208 1478 1244 ἔδησαν,
1500 1207 1544 1238 τὸν
1569 1207 1711 1248 Ἱερεμίαν,
1733 1204 1807 1243 οἶτος

1029 1261 1211 1302 προσεκύνησε
1226 1261 1270 1291 τὸν
1287 1261 1398 1297 Δανιήλ.
1420 1250 1507 1291 Ποὶλιν
1521 1260 1645 1290 Ἰουδαῖοι
1658 1259 1719 1295 τοὺς
1738 1250 1807 1291 ἀπο-ζ

1029 1314 1137 1355 στόλους
1161 1312 1373 1349 ἀπελαύνουσιν,
1397 1314 1421 1342 οἱ
1444 1302 1576 1349 ἽΞλληνες
1596 1304 1737 1352 λέγουσιν,
1764 1313 1806 1343 ὅτῑ

1028 1367 1064 1395 Οἱ
1084 1364 1139 1394 θεοὶ
1164 1364 1316 1400 κατέδησαν
1335 1364 1401 1404 πρὸς
1418 1367 1500 1404 ἡμᾶς.
1526 1364 1613 1394 Ὅταν
1626 1364 1678 1404 γὰρ
1703 1367 1720 1401 ἡ
1745 1355 1807 1405 κρί-

1031 1430 1073 1452 σις
1097 1418 1181 1459 χωρὶς
1206 1417 1305 1451 πάθους
1329 1417 1456 1457 γίνηται,
1491 1416 1634 1451 ἀδέκαστός
1658 1418 1716 1447 ἐστι
1729 1439 1738 1456 ,
1762 1418 1808 1447 καὶ

1034 1470 1149 1511 καθαρά.
1174 1470 1256 1510 Ὁρᾷς
1280 1469 1341 1504 τοὺς
1367 1469 1464 1504 τύπους
1483 1469 1660 1510 λάμπονταςς
1685 1469 1732 1500 Ἐν
1752 1471 1807 1500 Βα-

1033 1524 1131 1554 ὅυλῶνι
1153 1523 1187 1553 τὰ
1213 1523 1275 1563 περὶ
1301 1524 1418 1564 Χριστοῦ
1432 1522 1580 1559 ἀκούεται,
1608 1522 1654 1552 καὶ
1674 1521 1807 1563 ἀκροατὴς

1034 1579 1048 1606 ὁ
1071 1576 1208 1616 βάρὸαρος-
1216 1576 1333 1615 γίνεται,
1360 1575 1404 1604 ἵνα
1417 1574 1503 1614 μάθῃς
1522 1574 1564 1604 ὅτι
1587 1575 1617 1604 οὗ
1639 1574 1717 1614 μόνον
1737 1576 1806 1604 ἐθνι-

984 1643 1022 1663 2¹³
1030 1628 1087 1664 κοὶ,
1109 1627 1178 1657 ἀλλὰ
1199 1627 1245 1657 καὶ
1269 1627 1397 1667 βάρὸαροι
1413 1629 1498 1657 ταῦτα
1521 1627 1694 1663 ἀκούσονται,
1714 1625 1807 1667 ὥσπερ

1030 1678 1045 1705 ὁ
1060 1674 1165 1708 Παῢλός
1183 1685 1262 1715 φησι·
1275 1673 1432 1714 Ὀφειλέτης
1441 1669 1497 1713 εἰμὶ
1509 1673 1728 1713 εὖαγγελίσασθαι
1743 1672 1808 1704 Ἕλ-

1031 1725 1098 1762 λησί
1125 1738 1155 1756 τε
1178 1726 1224 1756 καὶ
1245 1726 1398 1767 βαρὸάροις.
1418 1726 1473 1756 Καὶ
1492 1725 1536 1756 ἵνα
1549 1725 1588 1765 μὴ
1602 1727 1740 1766 ἀπογνῷς,
1760 1725 1808 1760 τὰς
1831 1761 1837 1766 ⁸

1039 1778 1148 1812 ἐλπίδας
1161 1779 1350 1809 {amru-moveat.
1371 1778 1408 1809 Τί
1429 1778 1480 1820 γὰρ
1501 1779 1549 1808 οὐκ
1567 1773 1600 1815 ἦν
1621 1778 1748 1819 adimis-&3
1773 1778 1807 1810 Ὁ

1035 1834 1115 1872 τῦφος
1135 1834 1149 1861 ὁ
1164 1830 1317 1871 βασιλικὸς,
1338 1833 1356 1867 ἡ
1376 1830 1454 1872 φύσις
1468 1830 1534 1867 αὖε-ὴ
1548 1833 1566 1867 ἡ
1588 1830 1738 1872 βαρὸαρικὴ
1751 1852 1760 1867 ‚
1777 1830 1807 1861 τὸ

1030 1884 1133 1918 εὐτελὲς
1145 1887 1191 1913 τοῦ
1204 1884 1327 1923 λέγοντος
1336 1895 1343 1902 ·
1358 1882 1527 1924 αἰχμάλωτος
1539 1883 1591 1924 γὰρ
1600 1877 1632 1920 ἧν
1642 1895 1649 1902 ·
1671 1886 1688 1920 ἡ
1700 1884 1806 1920 ἡλικία·

1030 1934 1085 1967 νέος
1092 1933 1157 1974 γάρ·
1171 1934 1201 1964 τὸ
1214 1935 1261 1969 τῆς
1277 1932 1418 1973 θρησκείας
1429 1933 1576 1973 ἀλλότριον.
1589 1934 1649 1964 Οὐκ
1657 1929 1740 1972 εἶπεν,
1753 1934 1806 1964 ἔδει

1029 1998 1058 2016 σε
1081 1987 1198 2027 προϊδεῖν
1224 1985 1259 2014 τὰ
1281 1985 1315 2015 σὰ
1329 2007 1337 2021 ,
1362 1984 1411 2022 τὴν
1424 1984 1612 2026 αἰχμαλωσίαν
1625 1987 1674 2022 τῆς
1687 1986 1788 2020 πόλεως
1799 1998 1805 2005 ·

1029 2040 1118 2069 ἐκεῖνα
1131 2037 1273 2078 ἠγνόησας,
1288 2037 1333 2067 καὶ
1344 2039 1428 2066 ταῦτα
1441 2037 1595 2078 προλέγεις;
1610 2032 1694 2078 “Aia-sp
1707 2037 1805 2077 λέγου-

1029 2103 1071 2121 σιν
1081 2092 1110 2120 οἱ
1125 2090 1291 2131 ἀγνώμονες·Ι
1302 2089 1365 2119 νέδει
1385 2089 1429 2119 τὸν
1443 2090 1558 2130 Χριστὸν
1576 2091 1727 2126 ἀναστῆσαι
1741 2092 1806 2120 ἑαυ-
1851 2113 1853 2115 -

1030 2143 1086 2173 τόν.
1096 2143 1168 2173 Αὐτὸ
1176 2142 1208 2172 τὸ
1218 2141 1359 2182 λεγόμενον
1369 2141 1513 2176 κατάλυσις
1523 2143 1571 2178 τῆς
1584 2141 1718 2182 βασιλείας
1727 2143 1806 2172 αὐτοῦ

1030 2192 1062 2233 ἧν
1071 2218 1078 2232 ,
1093 2195 1138 2226 καὶ
1151 2197 1199 2231 τῆς
1216 2193 1371 2234 οἰκουμένης
1385 2193 1491 2230 ἁπάσης
1513 2194 1658 2224 συντέλεια.
1674 2194 1727 2224 Καὶ
1741 2194 1803 2224 ἐπί-

1031 2260 1125 2279 στευσε
1145 2246 1388 2288 Ναὸουχοδονόσορ.
1403 2248 1444 2277 Οὐ
1459 2247 1509 2287 γὰρ
1524 2247 1555 2276 ἂν
1565 2269 1573 2284 ,
1590 2249 1612 2277 εἷ
1633 2237 1805 2286 μὴ’ἐπίστευὲ

1032 2290 1077 2330 σεν
1084 2324 1092 2338 ,
1115 2300 1189 2330 ἔθυσε
1209 2302 1247 2340 τῷ
1271 2300 1384 2336 Δανιήλζ
1407 2299 1534 2330 Πιστεύει
1554 2299 1787 2340 Ναὸουχοδονόσορ
1795 2323 1804 2338 ,

1032 2353 1100 2387 τινὲς
1113 2353 1141 2383 δὲ
1155 2355 1296 2382 ἀπιστοῦσι
1316 2355 1402 2381 τοῦτο.
1415 2351 1467 2382 Διὰ
1480 2355 1557 2382 τοῦτο
1570 2351 1667 2381 πολλαὶ
1680 2352 1803 2392 προῤῥή-

1033 2418 1088 2439 σεις
1101 2405 1224 2445 ἐγίνοντό.
1242 2405 1276 2434 Ei
1297 2404 1334 2444 μὴ
1349 2404 1468 2444 ἐγένοντο
1482 2405 1596 2439 ἐκεῖναι,
1611 2403 1679 2443 μηδὲ
1696 2401 1805 2438 ταύταις

1033 2458 1148 2488 πίστευε.
1163 2457 1220 2487 Ἵνα
1233 2457 1260 2487 δὲ
1273 2457 1311 2496 μὴ
1323 2457 1368 2486 ἐπὶ
1379 2456 1460 2487 πλέον
1474 2458 1563 2496 ἀσαφῆ
1573 2458 1641 2486 ποιῶ
1652 2455 1696 2485 τὸν
1710 2456 1786 2495 λόγον
1794 2478 1804 2493 ,

1033 2511 1095 2551 φέρε
1120 2514 1210 2540 τοῦτον
1233 2511 1295 2549 ὑμῖν
1309 2509 1523 2550 ἑρμηνεύσωμεν.
1539 2507 1624 2538 Πέντε
1644 2503 1711 2538 εἶδεν
1723 2508 1802 2544 ὕλας,

1033 2563 1143 2604 χρυσὸν,
1165 2563 1294 2602 ἄργυρον,
1312 2562 1431 2602 χαλκὸν,
1444 2561 1560 2601 σίδηρον,
1572 2561 1709 2604 ὄστρακον.
1732 2556 1798 2590 Εἶτα
1822 2577 1825 2579 <
