1890 2826
57 283 128 305 Num.
142 289 179 304 22.

205 201 275 247 492.

204 272 284 300 asinae
302 271 436 308 Balaami,
456 279 486 301 ut
500 282 547 301 nec
560 271 595 301 ad
608 272 756 308 dexteram,
771 283 819 307 nec
832 271 867 301 ad
881 271 946 301 sini-

204 324 286 346 stram
312 324 401 357 posset
427 316 572 353 declinare,
600 325 710 358 propter
734 318 870 358 angelum,
899 317 946 357 qui

918 211 1053 234 INCERTI

1003 284 1085 302 σαντα
1096 275 1177 316 ταύτῃ
1189 288 1194 293 ·
1217 276 1299 311 οὕτως
1313 277 1408 307 ἔπαθεν
1421 281 1438 314 ἡ
1453 279 1585 315 Ἰουδαϊκὴ
1600 278 1681 309 κακία
1690 301 1698 314 ,
1711 279 1782 309 οὔτε,

1001 319 1066 358 πρὸς
1079 320 1113 349 τὰ
1123 321 1194 355 δεξιὰ
1207 324 1255 358 τῆς
1267 323 1390 359 ἀληθείας
1404 324 1563 363 τολμήσασα
1577 326 1649 362 ἰδεῖν,
1665 325 1708 355 διὰ
1721 325 1769 361 τὴν

203 362 302 392 obvius
326 363 429 392 stabat:
454 362 484 391 id
505 362 602 393 accidit
624 363 744 393 Juda'icae
766 363 946 404 improbitati,
965 376 983 398 Ε
1001 367 1047 393 τοῦ
1071 367 1196 407 Σωτῆρος
1218 369 1337 408 ἄρνησιν,
1357 370 1417 400 οὔτε
1438 370 1503 411 πρὸς
1526 370 1560 400 τὰ
1581 371 1707 411 ἀριστερὰ
1725 374 1771 400 τοῦ

205 419 264 447 quae
277 419 325 438 nec
340 409 375 438 ad
387 409 526 438 dexteram
537 409 657 439 veritatis
671 421 734 440 ausa
747 417 787 440 est
799 409 930 450 respicere
939 431 947 441 .

207 456 243 485 ob
262 457 430 486 Servatorem
452 457 611 496 abnegatum
623 479 631 494 ,
651 468 737 496 neque
758 457 792 487 ad
816 457 951 487 sinistram

84 511 199 533 nmmum
206 502 349 539 mendacii,
362 509 433 532 metu
447 503 546 543 plebis.
560 505 673 543 Oportet
683 504 766 544 igitur
774 514 822 533 nos
829 513 948 542 quoquc,

57 544 169 571 quomodo

57 575 180 602 responden
189 587 199 592 -

58 606 120 627 dum.

58 997 176 1018 Anomoeos

57 1030 136 1056 agitur.

60 1984 130 2038 glabr.
154 1991 190 2006 11·

206 549 299 578 fratres
310 571 318 586 ,
333 549 383 578 hac
396 550 488 589 regula
500 560 515 579 a
529 550 645 580 Domino
656 557 773 591 accepta,
789 560 841 580 non
860 549 948 579 omnia

206 595 337 624 haereticis
350 595 575 635 interrogantibus
588 596 686 626 dicere.
701 598 770 626 Cum
781 597 851 627 male
865 597 947 626 inter-

205 642 340 681 rogaverit
363 642 521 679 haereticus,
540 643 623 673 altera
643 644 715 683 justa
743 643 948 683 interrogatione

205 687 349 717 absurdam
362 689 420 729 ejus
433 689 605 726 quaestionem
619 689 705 720 solve.
717 691 794 730 Saepe
806 696 948 730 perconta-

206 741 251 763 tur
271 734 431 764 haereticus:
449 735 528 765 Nosti
552 737 650 773 Deum,
670 747 704 765 an
728 747 780 766 non
803 736 895 765 nosti?
918 735 949 766 Si

207 779 320 815 dixeris,
341 780 422 817 Novi,
443 781 532 810 statim
553 783 675 822 reponit:
696 782 770 822 Ergo
788 782 855 812 nosti
874 782 949 821 quod

206 826 292 855 colis?
315 827 394 862 Sane,
422 827 509 866 inquit
533 828 603 868 pius.
630 829 699 867 Quis
723 829 795 858 enim
821 829 950 859 sustinent

206 872 306 910 dicere,
322 883 350 902 se
364 872 392 902 id
406 873 492 904 colere
503 874 577 913 quod
590 885 643 904 non
662 875 761 906 novit?
781 877 864 905 Instat
879 875 928 905 ille
941 888 947 905 z

960 901 995 920 (122

1002 409 1110 451 ψεύδους
1117 432 1125 446 ,
1138 411 1181 441 διὰ
1190 413 1234 442 τὸν
1244 417 1290 444 τοῦ
1301 414 1366 444 λαοῦ
1376 415 1468 455 φόὸον.
1480 416 1527 445 Δεῖ
1537 415 1623 446 τοίνυν
1634 415 1678 445 καὶ
1690 418 1770 455 ἡμᾶς,

1003 457 1126 497 ἀδελφοὶ,
1140 462 1231 487 τοῦτον
1241 459 1286 488 τὸν
1299 460 1396 490 κανόνα
1409 460 1483 501 παρὰ
1495 463 1541 491 τοῦ
1557 461 1654 501 Κυρίου
1666 460 1771 500 λαμὸά-

1002 514 1107 539 νοντας,
1124 503 1160 542 μὴ
1176 504 1263 535 πάντα
1272 509 1327 539 τοῖς
1341 507 1486 546 ἐρωτήσεσι
1505 509 1558 536 τῶν
1577 509 1715 547 αἱρετικῶν
1729 509 1771 537 δι-

1003 548 1084 578 δόναι.
1098 549 1185 579 “Orow
1199 553 1287 584 κακῶς
1298 551 1420 592 ἐρωτήσῃ
1436 552 1581 592 αἱρετικὸς,
1595 551 1772 593 ἀντερωτήσει

1003 595 1091 635 δικαίᾳ
1110 596 1189 626 λῦσον
1209 598 1281 638 αὐτῷ
1299 598 1348 634 τὴν
1367 598 1464 629 ἄτοπον
1486 602 1588 628 πεῦσιν.
1607 598 1773 628 Πυνθᾶνεται

1002 641 1128 675 πολλάκις
1155 643 1298 683 αἱρετικός·
1321 639 1393 677 οἶδας
1413 644 1457 674 τὸν
1479 645 1558 680 Θεὸν,
1580 644 1598 680 ἢ
1616 645 1664 674 οὐκ
1684 640 1772 681 οἶδας;

1003 686 1068 717 Ἐὰν
1093 687 1186 729 εἴπῃς,
1205 689 1247 719 ὅτι
1267 685 1343 727 οἶδα,
1365 690 1459 724 εῧθέως
1480 691 1590 730 ἐπάγει·
1604 686 1675 724 οἶδας
1696 686 1741 720 οὖν
1759 691 1774 720 ὃ

1002 734 1134 771 εὐσεὸεἷςς
1149 735 1217 772 Ναὶ,
1234 736 1313 776 φησὶν
1324 739 1338 766 ὁ
1351 737 1471 773 εὐσεὸής.
1481 736 1531 770 Τίς
1543 736 1595 777 γὰρ
1614 737 1685 770 ὅπως
1706 739 1774 766 ὓπο-

1003 780 1075 819 μένει
1087 781 1181 820 λέγων,
1191 781 1231 811 ὅτι
1242 781 1256 811 ὃ
1270 783 1306 822 μὴ
1320 778 1378 812 οἶδα
1390 783 1474 819 σέ6ω;
1486 783 1574 813 Πάλιν
1582 782 1676 823 ἐπάγει
1685 795 1691 801 ·
1703 778 1774 813 οἶδας

1003 824 1046 857 οὖν
1060 831 1105 857 τοῦ
1118 828 1188 857 Θεοῦ
1203 829 1251 865 τὴν
1266 829 1375 866 οὖσίανς
1390 829 1455 860 Ἐὰν
1474 829 1567 869 εἴπῃς,
1581 829 1622 859 ὅτι
1633 831 1680 860 οὔκ
1699 824 1774 865 οἶδα,

1004 873 1097 907 εὐθέως
1109 874 1270 911 ἀντιτίθησιν
1280 887 1287 894 ·
1307 876 1400 906 οὐκοῦν
1413 878 1461 905 οὐκ
1474 871 1546 909 οἶδας
1556 874 1582 904 τί
1594 875 1686 909 σέὸεις.
1702 875 1775 915 ‘⁷092

207 919 284 948 Nosti
297 929 359 959 ergo
374 920 424 949 Dei
438 921 631 951 substantiam?
646 921 675 952 Si
685 929 710 951 te
721 921 788 952 scire
797 923 948 961 negaveris,
968 930 987 952 Α
1005 932 1050 959 μοι
1062 920 1097 950 τὰ
1106 921 1200 951 σκολιὰ
1215 921 1338 962 ῥήματα·
1352 922 1401 963 ὅρα
1417 934 1462 961 μοι
1474 923 1527 951 τῶν
1554 923 1676 962 πονηρῶν
1690 921 1774 962 ὄφεων

118 969 199 990 C⁰¹¹¹r³
207 965 295 995 statim
309 966 421 1007 objicit:
438 966 511 1007 Ergo
523 978 577 996 non
591 969 661 997 nosti
670 967 700 997 id
708 968 781 1007 quod
792 969 869 998 colis.
878 969 951 1000 Vide

207 1012 275 1041 mihi
288 1012 392 1041 detorta
405 1012 503 1051 verbm
517 1013 581 1043 vide
595 1014 774 1053 malignorum
788 1015 951 1054 serpentium

206 1058 438 1089 versutias.Vides
448 1072 454 1088 z
465 1070 559 1089 verum
568 1060 673 1090 turbari
683 1071 736 1090 non
747 1068 862 1100 oportet.
877 1061 952 1091 Illud

206 1104 293 1140 enim„
303 1105 409 1142 fratres,
425 1105 563 1135 sciendum
586 1113 636 1143 est,
654 1106 755 1136 multos
774 1117 831 1136 esse
850 1107 951 1137 sciendi

207 1150 309 1179 modos.
327 1152 416 1180 Potest
428 1151 489 1190 quis
509 1152 577 1181 scire
595 1154 684 1182 Deum
703 1164 770 1190 esse,
795 1164 843 1184 nec
862 1161 951 1184 tamen

205 1197 273 1226 scire
284 1197 418 1235 quomodo
431 1197 476 1226 sit.
493 1198 719 1238 Quandoquidem
730 1200 809 1230 etiam
819 1200 893 1240 apud
904 1211 952 1230 nos

205 1242 328 1271 homines
347 1243 439 1272 multae
461 1251 523 1273 sunt
540 1245 699 1284 cognitionis
713 1246 772 1275 vioe.
788 1247 859 1276 Novi
879 1247 952 1277 hunc

207 1288 343 1317 hominem
358 1289 385 1317 in
399 1289 449 1318 ista
470 1290 537 1319 urbe
561 1301 678 1328 manere,
703 1302 751 1321 nec
775 1299 862 1322 tamen
888 1294 952 1324 novi

206 1344 287 1372 quam
308 1341 391 1364 artem
404 1342 524 1364 exerceat
538 1349 545 1365 z
562 1337 625 1366 novi
639 1337 723 1366 alium
734 1338 814 1368 talem
828 1349 952 1369 exercen—

205 1387 259 1409 tem
279 1388 374 1417 artem,
394 1392 442 1411 nec
458 1382 521 1411 novi
541 1383 613 1412 unde
633 1394 716 1423 genus
733 1384 822 1414 ducat.
846 1387 949 1417 Partim

205 1437 301 1467 nempe
318 1438 458 1467 cognosco,
471 1429 570 1468 partim
585 1429 687 1469 ignoro.
706 1432 737 1460 In
752 1442 869 1470 summa,
887 1436 949 1474 par-

1003 966 1049 1000 τὰς
1060 967 1201 1001 ποικιλίας.
1215 967 1305 1008 Ὁρᾷς·
1317 969 1412 998 ἀλλὀὐ
1423 969 1461 998 δεῖ
1473 967 1659 1008 ταράττεσθαι.
1669 967 1775 998 Ἐκεῖνο

1010 1012 1072 1053 γὰρ,
1092 1013 1212 1054 ἀδελφοὶ,
1232 1014 1327 1044 εἰδέναι
1351 1014 1422 1054 χρὴ,
1443 1013 1484 1043 ὅτι
1500 1017 1546 1043 τοῦ
1566 1013 1663 1043 εἰδέναι
1679 1013 1774 1043 πολλοὶ

1003 1058 1105 1099 τρόποι.
1119 1059 1236 1089 Δύναταί
1249 1071 1290 1093 τις
1303 1059 1399 1090 εἰδέναι
1410 1059 1452 1089 ὅτι
1466 1060 1522 1090 ἔστι
1535 1060 1616 1097 Θεὸς,
1630 1060 1660 1089 οὗ
1673 1059 1705 1089 τὸ
1717 1061 1774 1093 πῶς

1005 1107 1072 1135 ἑστι.
1088 1105 1166 1135 Ἐπεὶ
1180 1106 1278 1146 καὶέᾷ
1293 1108 1370 1145 ἡμῶν
1389 1108 1442 1135 τῶν
1457 1106 1600 1146 ἀνθριίπτων
1614 1105 1711 1135 πολλαὶ
1726 1107 1774 1140 τῆς

1004 1153 1125 1192 γνώσεως
1139 1152 1204 1182 ὁδοί.
1223 1147 1293 1183 Οἶδα
1314 1153 1389 1182 τόνδε
1401 1152 1446 1181 τὸν
1467 1151 1604 1192 ἄνθρωπον
1621 1153 1649 1182 ἐν
1661 1152 1725 1191 τῇδε
1739 1154 1773 1191 τῇ

1004 1199 1079 1229 πόλει
1103 1199 1245 1239 διάγοντα,
1265 1201 1294 1229 οὔ
1309 1199 1363 1238 μὴν
1381 1193 1439 1228 οἶδα
1459 1198 1504 1228 καὶ
1525 1198 1603 1228 ποίαν
1618 1198 1775 1238 μετέρχεται

1003 1246 1142 1286 ἐργασίαν·
1156 1241 1214 1275 οἶδα
1234 1245 1322 1285 ἕτερον
1341 1245 1418 1281 τήνδε
1433 1244 1557 1283 μετιόντα
1569 1244 1618 1280 τὴν
1631 1244 1772 1284 ἐργασίαν,

1003 1294 1032 1322 οὐ
1046 1294 1099 1331 μὴν
1111 1287 1169 1322 οἶδα
1182 1292 1227 1321 καὶ
1241 1291 1320 1321 πόθεν
1334 1291 1407 1332 φέρει
1420 1291 1451 1320 τὸ
1463 1290 1545 1330 γένος.
1558 1290 1612 1320 Καὶ
1630 1290 1704 1331 μέρει
1723 1290 1775 1330 γὰρ

1003 1337 1136 1377 γινώσκω,
1149 1338 1224 1377 μέρει
1235 1337 1262 1366 δὲ
1275 1339 1371 1376 ἀγνοῶ.
1382 1337 1436 1367 Καὶ
1447 1337 1552 1370 πάντως
1560 1358 1568 1372 ,
1580 1337 1639 1366 οὔτε
1649 1339 1667 1372 ἡ
1679 1336 1774 1376 μερικὴ

1003 1386 1099 1423 γνῶσις
1118 1383 1262 1423 ὁλόκληρον
1279 1383 1378 1423 εἰσάγει
1391 1386 1498 1422 γνῶσιν,
1511 1383 1571 1415 οὕτε
1595 1383 1626 1413 τὸ
1648 1382 1686 1422 μὴ
1705 1382 1774 1413 κατὰ

1003 1430 1090 1459 πάντα
1099 1429 1247 1469 γινώσκειν,
1258 1429 1306 1465 τὴν
1319 1429 1429 1469 μερικὴν
1440 1430 1541 1469 ἀναιρεῖ
1551 1432 1658 1469 γνῶσιν.
1667 1429 1704 1459 Τί
1714 1424 1775 1465 03η

205 1473 327 1502 ticularis
340 1474 457 1513 cognitio
467 1485 520 1504 non
531 1475 635 1505 inducit
645 1477 788 1516 perfectam
799 1479 948 1516 scientiam,
968 1479 986 1502 B
1003 1471 1072 1505 Οἶδα
1088 1475 1132 1504 τὸν
1144 1475 1226 1511 Θεὸν,
1242 1475 1283 1504 ὅτι
1295 1475 1375 1511 ἐστὶν,
1389 1475 1430 1505 ὅτι
1444 1474 1539 1514 ἀγαθός
1553 1476 1633 1511 ἔστιν,
1652 1477 1693 1505 ὅτι
1707 1475 1771 1504 ἀθά-

205 1528 291 1557 neque
304 1529 358 1548 non
371 1519 460 1549 omnia
478 1531 647 1560 cognoscere,
671 1523 860 1562 particularem
881 1526 952 1555 tollit

205 1564 395 1604 cognitionem.
412 1566 487 1603 Quid
497 1567 581 1606 ergo?
594 1568 665 1599 Novi
679 1579 735 1599 esse
745 1571 841 1607 Deum,
851 1572 951 1602 illum-

205 1618 257 1648 que
270 1611 383 1648 bonum,
399 1611 593 1650 immortalem,
610 1609 855 1655 incorruptibilem,
871 1629 952 1657 quem

205 1655 364 1695 cogitatione
377 1668 471 1697 capere
482 1669 534 1688 non
548 1660 682 1699 possimus
691 1683 700 1698 ‚
722 1661 950 1702 incomprehensi*

205 1701 300 1740 bilem,
322 1703 520 1743 incorporeum,
545 1705 751 1736 immutabilem.
777 1710 841 1739 Haec
862 1711 951 1741 omnia

205 1749 281 1786 novi,
300 1757 326 1779 et
343 1760 503 1789 cognoscens
524 1751 616 1782 adoro.
640 1754 784 1791 Quomodo
805 1764 894 1787 autem
917 1759 953 1788 sit

206 1805 259 1824 non
273 1797 348 1832 novi,
363 1806 448 1835 neque
459 1796 570 1826 edoctus
584 1809 643 1827 sum
663 1801 803 1839 exquirere
817 1805 952 1841 quomodo

206 1841 252 1877 sit,
269 1841 315 1871 sed
329 1841 402 1880 quod
415 1842 459 1871 sit.
486 1844 612 1882 Apostolo
631 1845 702 1874 enim
719 1849 847 1887 majorem
865 1851 951 1880 nemi-

206 1895 268 1914 nem
282 1886 389 1916 invenio
403 1886 550 1924 doctorem,
569 1887 616 1927 qui
634 1890 719 1928 possit
738 1892 865 1931 majorem
883 1895 952 1924 mihi

207 1931 331 1970 pietatem
342 1932 513 1973 suppeditare
525 1945 531 1962 ε
548 1934 595 1972 qui
607 1934 678 1964 clara
688 1946 752 1966 voce
763 1949 827 1967 usus
836 1940 869 1968 ad
880 1941 952 1971 hunc

209 1977 321 2007 modum
333 1978 410 2007 docet
424 1990 430 2006 :
446 1979 569 2008 Credere
586 1983 664 2010 enim
682 1991 793 2021 oportet
807 1988 952 2018 acceden-

209 2030 266 2053 tem
280 2025 321 2052 ad
330 2025 437 2061 Deum,
455 2027 525 2065 quia
535 2033 578 2055 est
589 2039 597 2055 .-
613 2038 665 2057 non
682 2032 818 2067 quomodo
832 2041 882 2072 est,
903 2035 951 2064 sed

211 2071 289 2108 Quia
300 2076 342 2099 est
352 2093 359 2107 ,
373 2077 401 2100 et
414 2072 627 2111 inquirentibus
638 2085 668 2104 se
683 2087 886 2110 remunerator
895 2088 949 2111 est.

207 2117 300 2154 Itaque
307 2116 378 2154 quod
391 2117 453 2146 novi
465 2118 535 2147 colo.
546 2120 606 2148 Non
617 2120 702 2151 didici
713 2124 764 2153 Dei
776 2126 949 2157 substantiam

208 2161 359 2202 explorare.
376 2162 491 2192 Credere
508 2164 608 2203 didici,
630 2167 742 2209 fratres3
757 2171 875 2210 credere,
898 2185 950 2204 non

208 2207 332 2238 scrutari.
356 2209 427 2248 Lege
445 2210 635 2242 confessionem
657 2221 742 2252 tuam,
767 2217 900 2256 haeretice,
924 2221 951 2250 in

208 2264 304 2282 arcano
316 2260 341 2283 et
351 2255 488 2284 tremendo
496 2258 624 2296 mysterio
634 2260 775 2298 prolatam.
790 2265 905 2300 Quando
916 2266 952 2295 ad

207 2300 372 2340 baptismum
384 2302 528 2340 accessisti,
552 2304 619 2342 quid
639 2305 751 2336 dixisti?
765 2319 798 2338 an
818 2321 949 2349 quaerens,

208 2357 243 2375 an
257 2346 360 2376 curiose
370 2347 523 2387 explorans,
534 2350 579 2379 vel
587 2351 714 2382 credens?
728 2354 789 2383 Alia
800 2357 952 2388 conditione

1003 1522 1079 1555 νατός
1104 1523 1184 1559 ἔστιν,
1209 1522 1249 1551 ὅτι
1272 1522 1402 1563 ἄφθαρτός
1429 1523 1510 1557 ἐστιν,
1536 1522 1578 1552 ὅτι
1606 1521 1775 1562 ἄπερινόητός

1004 1570 1085 1604 ἐστιν,
1102 1568 1143 1598 ὅτι
1156 1567 1342 1604 ἀκατάληπτός
1355 1570 1435 1603 ἔστιν,
1450 1568 1591 1607 ἀσώματός
1603 1570 1683 1603 ἐστιν,
1698 1569 1776 1597 ἀναλ-

1003 1615 1110 1648 λοίωτός
1121 1616 1186 1644 ἐστι.
1199 1615 1293 1644 Ταῦτα
1302 1614 1390 1644 πάντα
1400 1609 1458 1643 οἶδα
1467 1637 1475 1652 ,
1485 1614 1530 1644 καὶ
1542 1613 1618 1647 εἰδὼς
1626 1616 1774 1654 προσκυνῶ.

1004 1660 1044 1690 Τὸ
1058 1661 1086 1690 δὲ
1099 1663 1156 1694 πῶς
1170 1662 1240 1690 ἐστιν
1254 1662 1302 1690 οὐκ
1316 1655 1389 1696 οἶδα,
1407 1659 1466 1689 οὐδὲ
1480 1659 1621 1700 ἐδιδάχθην
1635 1661 1774 1699 πολυπρα-

1003 1711 1109 1746 γμονεῖν
1129 1707 1160 1736 τὸ
1182 1708 1238 1740 πῶς
1255 1708 1336 1743 ἐστιν,
1351 1707 1409 1735 ἀλλ’
1424 1705 1466 1735 ὅτι
1480 1706 1560 1736 ἐστίν.
1575 1708 1630 1736 Τοῦ
1643 1705 1694 1747 γὰρ
1709 1707 1775 1736 ἀπο-

1005 1753 1098 1783 στόλου
1113 1752 1206 1783 οὖδένα
1217 1752 1331 1793 εὑρίσκω
1343 1752 1449 1791 μείζονα
1458 1752 1624 1788 διδάσκαλον,
1633 1753 1775 1793 δυνάμενόν

1005 1812 1050 1839 μοι
1061 1799 1199 1839 κρείττονα
1210 1799 1258 1835 τὴν
1274 1798 1409 1829 εὐσέὸειαν
1423 1799 1606 1829 ὑποτίθεσθαι·
1621 1799 1648 1834 ὃς
1663 1800 1776 1839 λαμπρᾷ

1004 1845 1172 1886 χρησάμενος
1188 1848 1222 1886 τῇ
1242 1847 1316 1886 φωνῇ’
1336 1841 1388 1874 ὧδέ
1406 1857 1445 1881 ἰι-η
1460 1845 1578 1875 διδάσκει
1600 1845 1684 1884 λέγων
1695 1857 1702 1864 ·
1723 1846 1776 1874 Πι-

1005 1895 1114 1922 στεῦσαι
1126 1892 1177 1932 γὰρ
1194 1893 1233 1921 δεῖ
1246 1892 1291 1922 τὸν
1310 1892 1522 1932 προσερχόμενον
1538 1893 1602 1932 Θεῷ
1613 1915 1620 1928 ,
1637 1891 1677 1921 ὅτι
1688 1891 1759 1921 ἐστίν
1768 1903 1774 1909 ·

1006 1941 1035 1968 οὖ
1049 1939 1080 1967 τὸ
1092 1941 1149 1971 πῶς
1162 1939 1243 1975 ἔστιν,
1259 1939 1317 1967 ἀλλ’
1331 1937 1397 1967 “On
1411 1938 1483 1973 ἐστὶ,
1495 1938 1540 1967 καὶ
1556 1942 1609 1971 τοῖς
1620 1939 1774 1973 ἐκζητοῦσιν

1005 1984 1082 2013 αὐτὸν
1098 1983 1293 2023 μισθαποδότης
1303 1984 1414 2023 γίνεται.
1428 1983 1514 2013 ‘'ssa-te
1525 1984 1539 2013 ὃ
1548 1979 1604 2013 οἶδα
1617 1983 1697 2013 offla).
1714 1986 1774 2014 Οὖκ

1005 2030 1101 2070 ἔμαθον
1115 2030 1205 2059 οὐσίαν
1219 2032 1291 2060 Θεοῦ
1305 2031 1549 2069 πολυπραγμονεῖν·
1563 2030 1696 2059 πιστεύειν
1710 2030 1775 2069 ἔμα-

1005 2080 1057 2113 θον,
1079 2077 1201 2116 ἀδελφοί·
1222 2076 1364 2113 πιστεύειν,
1383 2078 1413 2106 οὐ
1434 2077 1674 2116 πολυπραγμονεῖν.
1696 2077 1773 2107 Ἀνά-

1005 2123 1084 2162 γνωθί
1095 2134 1143 2152 σου
1155 2122 1203 2158 τὴν
1212 2122 1362 2162 ὁμολογίαν,
1374 2122 1489 2162 αἱρετικὲ
1501 2145 1508 2156 ,
1520 2121 1570 2158 τὴν
1580 2124 1607 2151 ἐν
1617 2124 1655 2162 τῷ
1664 2125 1774 2163 κρυπτῷ

1005 2168 1049 2198 καὶ
1071 2168 1174 2208 φοὸερῷ
1199 2168 1335 2208 μυστηρίῳ
1357 2171 1584 2208 συμφωνηθεῖσαν.
1606 2168 1675 2198 Ὅτε
1692 2181 1775 2210 προσ·

1004 2216 1081 2251 ἦλθες
1094 2216 1287 2254 βαπτισθῆναι,
1298 2214 1324 2243 τί
1339 2209 1428 2250 εἷπεςς
1445 2216 1530 2250 ζητῶν
1540 2237 1547 2249 ,
1570 2217 1775 2256 “πολυπραγμο-

1005 2261 1075 2290 νείαν
1090 2262 1211 2301 ἐρευνῶν,
1223 2261 1240 2296 ἢ
1251 2260 1398 2297 πιστεύων;
1412 2260 1513 2294 Ἄλλως
1526 2257 1618 2297 ἦλθες,
1637 2262 1683 2291 καὶ
1705 2262 1774 2301 μετὰ

1005 2308 1092 2336 ἄλλων
1115 2305 1272 2344 Ι’συνθηκιίἶὶν
1295 2306 1459 2343 κατηξιώθης
1472 2309 1520 2343 τῆς
1537 2308 1644 2348 χάριτος
1665 2309 1774 2345 ἐκείνης.

1006 2358 1041 2387 Εἴ
1051 2370 1081 2397 γε
1095 2356 1257 2394 κατηξίωσαι
1271 2361 1380 2388 τοιαῦτα
1400 2362 1511 2400 φρονῶν,
1528 2358 1573 2388 καὶ
1586 2360 1773 2399 παρεσπόνδη-

210 2393 324 2432 νοιιῐεῑίξ,
339 2400 366 2423 et
382 2404 444 2424 cum
456 2396 511 2426 alio
522 2404 600 2436 pacto
612 2397 739 2438 dignatus
755 2412 783 2430 es
795 2401 842 2431 illa
855 2405 948 2443 gratia.
972 2415 988 2436 ι)
1009 2419 1056 2441 σας
1068 2408 1114 2442 τὰς
1129 2409 1259 2445 συνθήκας
1268 2431 1276 2445 ,
1286 2409 1330 2439 καὶ
1343 2410 1385 2440 ἐπὶ
1400 2411 1448 2450 μὲν
1457 2413 1509 2440 τῶν
1524 2410 1640 2450 φοὸερῶν
1654 2412 1699 2440 καὶ
1710 2424 1772 2453 φρι-

243 2491 254 2502 2
271 2485 347 2509 Forte
355 2488 557 2520 πολυπραγμονῶν,
570 2492 671 2524 ἐρευνῶν.
682 2490 787 2516 Coteler.

243 2523 257 2541 ¹³
275 2527 396 2552 Συνθηκῶν.
415 2524 596 2552 Emendandus
615 2536 659 2560 per
674 2531 834 2556 occasionem
852 2539 892 2558 est
910 2535 965 2559 Lei-

210 2560 303 2586 dradus
315 2562 347 2587 de
359 2564 488 2596 Baptismo
500 2574 556 2598 cap.
569 2568 592 2598 6,
604 2574 629 2591 ut
644 2569 669 2593 in
687 2577 718 2594 co
730 2571 765 2594 sic
781 2570 876 2603 legatur
890 2582 894 2595 :
910 2573 965 2598 Has

208 2603 338 2633 pactiones
347 2602 440 2635 fideles
453 2605 478 2628 in
491 2607 584 2630 curiam
598 2607 727 2640 proferunt
739 2611 881 2643 angelicam
894 2623 901 2636 :
921 2622 965 2637 no-

1014 2500 1083 2523 mina
1103 2500 1273 2534 profitentium
1296 2503 1323 2526 in
1340 2501 1403 2526 libro
1418 2503 1580 2536 excipiuntur
1592 2504 1667 2536 viae,
1688 2513 1737 2529 non
1757 2514 1773 2528 a

1015 2538 1126 2570 quolibet
1135 2538 1244 2570 homine,
1253 2541 1297 2565 sed
1307 2551 1323 2565 α
1339 2543 1461 2574 super-[om
1471 2541 1570 2566 caelitus
1579 2548 1711 2575 potestate.
1722 2545 1771 2568 Ve-

1015 2583 1095 2601 terum
1107 2578 1284 2604 Analeciorum
1297 2581 1371 2605 Tom.
1386 2582 1409 2606 3.
1426 2580 1527 2606 coteler.
