<?xml version="1.0" encoding="UTF-8"?>
<!DOCTYPE html PUBLIC "-//W3C//DTD XHTML 1.0 Transitional//EN"
    "http://www.w3.org/TR/xhtml1/DTD/xhtml1-transitional.dtd">
<html xmlns="http://www.w3.org/1999/xhtml" xml:lang="en" lang="en">
 <head>
  <title>
</title>
<meta http-equiv="Content-Type" content="text/html;charset=utf-8" />
  <meta name='ocr-system' content='tesseract 3.04.00' />
  <meta name='ocr-capabilities' content='ocr_page ocr_carea ocr_par ocr_line ocrx_word'/>
</head>
<body>
  <div class='ocr_page' id='page_1' title='image "./operaomniaquaeex06johnuoft_0534.png"; bbox 0 0 1890 2826; ppageno 0'>
   <div class='ocr_carea' id='block_1_1' title="bbox 103 1852 144 1874">
    <p class='ocr_par' dir='ltr' id='par_1_1' title="bbox 103 1852 144 1874">
     <span class='ocr_line' id='line_1_1' title="bbox 103 1852 144 1874; baseline 0 -1"><span class='ocrx_word' id='word_1_1' title='bbox 103 1852 144 1874; x_wconf 68' lang='lat'>¹6.</span> 
     </span>
    </p>
   </div>
   <div class='ocr_carea' id='block_1_2' title="bbox 130 1883 189 1904">
    <p class='ocr_par' dir='ltr' id='par_1_2' title="bbox 130 1883 189 1904">
     <span class='ocr_line' id='line_1_2' title="bbox 130 1883 189 1904; baseline 0.034 -2"><span class='ocrx_word' id='word_1_2' title='bbox 130 1883 189 1904; x_wconf 68' lang='lat' dir='ltr'>Caelo</span> 
     </span>
    </p>
   </div>
   <div class='ocr_carea' id='block_1_3' title="bbox 267 158 1140 204">
    <p class='ocr_par' dir='ltr' id='par_1_3' title="bbox 267 158 1140 204">
     <span class='ocr_line' id='line_1_3' title="bbox 267 158 1140 204; baseline 0.003 -11"><span class='ocrx_word' id='word_1_3' title='bbox 267 158 338 204; x_wconf 71' lang='lat'>514</span> <span class='ocrx_word' id='word_1_4' title='bbox 959 172 1140 196; x_wconf 70' lang='lat' dir='ltr'>SEVERIANI</span> 
     </span>
    </p>
   </div>
   <div class='ocr_carea' id='block_1_4' title="bbox 266 232 1837 280">
    <p class='ocr_par' dir='ltr' id='par_1_4' title="bbox 266 232 1837 280">
     <span class='ocr_line' id='line_1_4' title="bbox 266 232 1837 280; baseline 0.006 -19"><span class='ocrx_word' id='word_1_5' title='bbox 266 232 373 261; x_wconf 84' lang='lat' dir='ltr'>Daniel.</span> <span class='ocrx_word' id='word_1_6' title='bbox 389 233 421 262; x_wconf 82' lang='lat' dir='ltr'>ln</span> <span class='ocrx_word' id='word_1_7' title='bbox 433 233 511 263; x_wconf 74' lang='lat' dir='ltr'>Novo</span> <span class='ocrx_word' id='word_1_8' title='bbox 521 234 691 264; x_wconf 69' lang='lat' dir='ltr'>Testamenti)</span> <span class='ocrx_word' id='word_1_9' title='bbox 715 233 858 264; x_wconf 84' lang='lat' dir='ltr'>duodecim</span> <span class='ocrx_word' id='word_1_10' title='bbox 877 234 1003 275; x_wconf 87' lang='lat' dir='ltr'>apostoli,</span> <span class='ocrx_word' id='word_1_11' title='bbox 1023 237 1042 259; x_wconf 88' lang='lat' dir='ltr'>C</span> <span class='ocrx_word' id='word_1_12' title='bbox 1058 234 1109 274; x_wconf 81' lang='grc' dir='ltr'>γὰρ</span> <span class='ocrx_word' id='word_1_13' title='bbox 1122 234 1167 264; x_wconf 86' lang='grc' dir='ltr'>τὸν</span> <span class='ocrx_word' id='word_1_14' title='bbox 1191 237 1310 273; x_wconf 80' lang='grc' dir='ltr'>Μωῦσῆν</span> <span class='ocrx_word' id='word_1_15' title='bbox 1325 237 1369 267; x_wconf 79' lang='grc' dir='ltr'>καὶ</span> <span class='ocrx_word' id='word_1_16' title='bbox 1383 237 1427 267; x_wconf 88' lang='grc' dir='ltr'>τὸν</span> <span class='ocrx_word' id='word_1_17' title='bbox 1442 238 1543 279; x_wconf 79' lang='grc' dir='ltr'>Ἀαρὼν</span> <span class='ocrx_word' id='word_1_18' title='bbox 1563 239 1684 280; x_wconf 82' lang='grc' dir='ltr'>πρώτους</span> <span class='ocrx_word' id='word_1_19' title='bbox 1698 239 1817 280; x_wconf 78' lang='grc' dir='ltr'>κήρυκας</span> <span class='ocrx_word' id='word_1_20' title='bbox 1826 238 1837 258; x_wconf 50' lang='lat'>·&#39;</span> 
     </span>
    </p>
   </div>
   <div class='ocr_carea' id='block_1_5' title="bbox 260 280 1005 693">
    <p class='ocr_par' dir='ltr' id='par_1_5' title="bbox 260 280 1005 693">
     <span class='ocr_line' id='line_1_5' title="bbox 264 280 1004 320; baseline 0.003 -13"><span class='ocrx_word' id='word_1_21' title='bbox 264 285 290 308; x_wconf 84' lang='lat' dir='ltr'>ct</span> <span class='ocrx_word' id='word_1_22' title='bbox 303 286 418 318; x_wconf 86' lang='lat' dir='ltr'>quatuor</span> <span class='ocrx_word' id='word_1_23' title='bbox 431 280 610 320; x_wconf 66' lang='lat' dir='ltr'>evangelistae.</span> <span class='ocrx_word' id='word_1_24' title='bbox 627 280 688 310; x_wconf 86' lang='lat' dir='ltr'>Illic</span> <span class='ocrx_word' id='word_1_25' title='bbox 708 291 802 310; x_wconf 86' lang='lat' dir='ltr'>rursus</span> <span class='ocrx_word' id='word_1_26' title='bbox 823 280 909 320; x_wconf 85' lang='lat' dir='ltr'>prima</span> <span class='ocrx_word' id='word_1_27' title='bbox 923 291 1004 311; x_wconf 85' lang='lat' dir='ltr'>voca-</span> 
     </span>
     <span class='ocr_line' id='line_1_6' title="bbox 264 325 1005 368; baseline 0.004 -15"><span class='ocrx_word' id='word_1_28' title='bbox 264 325 302 353; x_wconf 78' lang='lat' dir='ltr'>lio</span> <span class='ocrx_word' id='word_1_29' title='bbox 324 325 375 354; x_wconf 91' lang='lat' dir='ltr'>Dei</span> <span class='ocrx_word' id='word_1_30' title='bbox 393 337 408 355; x_wconf 87' lang='lat' dir='ltr'>a</span> <span class='ocrx_word' id='word_1_31' title='bbox 421 326 535 355; x_wconf 81' lang='lat' dir='ltr'>fatribus</span> <span class='ocrx_word' id='word_1_32' title='bbox 557 326 638 367; x_wconf 86' lang='lat' dir='ltr'>coepit</span> <span class='ocrx_word' id='word_1_33' title='bbox 650 339 656 355; x_wconf 90' lang='lat'><strong>:</strong></span> <span class='ocrx_word' id='word_1_34' title='bbox 669 327 770 367; x_wconf 78' lang='lat' dir='ltr'>accepit</span> <span class='ocrx_word' id='word_1_35' title='bbox 789 326 860 356; x_wconf 89' lang='lat' dir='ltr'>enim</span> <span class='ocrx_word' id='word_1_36' title='bbox 884 329 1005 368; x_wconf 87' lang='lat' dir='ltr'>Moysem</span> 
     </span>
     <span class='ocr_line' id='line_1_7' title="bbox 263 373 1004 414; baseline 0.003 -13"><span class='ocrx_word' id='word_1_37' title='bbox 263 379 290 401; x_wconf 85' lang='lat' dir='ltr'>et</span> <span class='ocrx_word' id='word_1_38' title='bbox 302 374 431 402; x_wconf 75' lang='lat' dir='ltr'><strong>Aaronem</strong></span> <span class='ocrx_word' id='word_1_39' title='bbox 447 374 549 412; x_wconf 82' lang='lat' dir='ltr'>primos</span> <span class='ocrx_word' id='word_1_40' title='bbox 567 384 700 414; x_wconf 82' lang='lat' dir='ltr'>praecones</span> <span class='ocrx_word' id='word_1_41' title='bbox 717 385 723 401; x_wconf 75' lang='grc' dir='ltr'>ε</span> <span class='ocrx_word' id='word_1_42' title='bbox 740 373 766 402; x_wconf 91' lang='lat' dir='ltr'>in</span> <span class='ocrx_word' id='word_1_43' title='bbox 779 374 917 414; x_wconf 82' lang='lat' dir='ltr'>evangelio</span> <span class='ocrx_word' id='word_1_44' title='bbox 936 384 1004 413; x_wconf 87' lang='lat' dir='ltr'>qno·</span> 
     </span>
     <span class='ocr_line' id='line_1_8' title="bbox 263 419 1002 459; baseline 0.005 -13"><span class='ocrx_word' id='word_1_45' title='bbox 263 429 316 456; x_wconf 86' lang='lat' dir='ltr'>que</span> <span class='ocrx_word' id='word_1_46' title='bbox 340 419 453 459; x_wconf 77' lang='lat' dir='ltr'>primam</span> <span class='ocrx_word' id='word_1_47' title='bbox 465 420 631 450; x_wconf 82' lang='lat' dir='ltr'>vocationem</span> <span class='ocrx_word' id='word_1_48' title='bbox 653 420 717 450; x_wconf 82' lang='lat' dir='ltr'>facit</span> <span class='ocrx_word' id='word_1_49' title='bbox 738 420 810 450; x_wconf 87' lang='lat' dir='ltr'>Petri</span> <span class='ocrx_word' id='word_1_50' title='bbox 835 428 860 450; x_wconf 86' lang='lat' dir='ltr'>et</span> <span class='ocrx_word' id='word_1_51' title='bbox 879 420 1002 450; x_wconf 80' lang='lat' dir='ltr'>Andreae.</span> 
     </span>
     <span class='ocr_line' id='line_1_9' title="bbox 262 465 1005 508; baseline 0.003 -14"><span class='ocrx_word' id='word_1_52' title='bbox 262 465 299 494; x_wconf 89' lang='lat' dir='ltr'>Et</span> <span class='ocrx_word' id='word_1_53' title='bbox 312 465 369 494; x_wconf 90' lang='lat' dir='ltr'>illic</span> <span class='ocrx_word' id='word_1_54' title='bbox 391 465 501 504; x_wconf 88' lang='lat' dir='ltr'>quidem</span> <span class='ocrx_word' id='word_1_55' title='bbox 522 466 639 507; x_wconf 84' lang='lat' dir='ltr'><strong>simplex</strong></span> <span class='ocrx_word' id='word_1_56' title='bbox 651 467 747 507; x_wconf 85' lang='lat' dir='ltr'>gratia,</span> <span class='ocrx_word' id='word_1_57' title='bbox 759 467 805 497; x_wconf 86' lang='lat' dir='ltr'>hic</span> <span class='ocrx_word' id='word_1_58' title='bbox 817 474 906 496; x_wconf 84' lang='lat' dir='ltr'>autem</span> <span class='ocrx_word' id='word_1_59' title='bbox 919 466 1005 508; x_wconf 92' lang='lat' dir='ltr'>duplo</span> 
     </span>
     <span class='ocr_line' id='line_1_10' title="bbox 263 510 1005 553; baseline 0.005 -15"><span class='ocrx_word' id='word_1_60' title='bbox 263 510 375 539; x_wconf 87' lang='lat' dir='ltr'>auctior.</span> <span class='ocrx_word' id='word_1_61' title='bbox 388 511 450 540; x_wconf 89' lang='lat' dir='ltr'>Illic</span> <span class='ocrx_word' id='word_1_62' title='bbox 463 512 534 541; x_wconf 91' lang='lat' dir='ltr'>enim</span> <span class='ocrx_word' id='word_1_63' title='bbox 549 512 603 542; x_wconf 90' lang='lat' dir='ltr'>duo</span> <span class='ocrx_word' id='word_1_64' title='bbox 616 513 710 542; x_wconf 88' lang='lat' dir='ltr'>fratres</span> <span class='ocrx_word' id='word_1_65' title='bbox 730 513 817 543; x_wconf 87' lang='lat' dir='ltr'>vocati</span> <span class='ocrx_word' id='word_1_66' title='bbox 830 520 903 550; x_wconf 89' lang='lat' dir='ltr'>sunt,</span> <span class='ocrx_word' id='word_1_67' title='bbox 919 513 1005 553; x_wconf 86' lang='lat' dir='ltr'>Moy—</span> 
     </span>
     <span class='ocr_line' id='line_1_11' title="bbox 262 557 1005 596; baseline 0.004 -10"><span class='ocrx_word' id='word_1_68' title='bbox 262 567 303 586; x_wconf 89' lang='lat' dir='ltr'>ses</span> <span class='ocrx_word' id='word_1_69' title='bbox 315 565 342 586; x_wconf 89' lang='lat' dir='ltr'>et</span> <span class='ocrx_word' id='word_1_70' title='bbox 355 557 459 589; x_wconf 81' lang='lat' dir='ltr'>Aaron:</span> <span class='ocrx_word' id='word_1_71' title='bbox 475 558 520 588; x_wconf 89' lang='lat' dir='ltr'>hic</span> <span class='ocrx_word' id='word_1_72' title='bbox 530 566 619 588; x_wconf 86' lang='lat' dir='ltr'>autem</span> <span class='ocrx_word' id='word_1_73' title='bbox 633 560 675 589; x_wconf 88' lang='lat' dir='ltr'>bis</span> <span class='ocrx_word' id='word_1_74' title='bbox 687 559 742 589; x_wconf 88' lang='lat' dir='ltr'>duo</span> <span class='ocrx_word' id='word_1_75' title='bbox 754 560 859 596; x_wconf 77' lang='lat' dir='ltr'>fratres,</span> <span class='ocrx_word' id='word_1_76' title='bbox 872 561 967 590; x_wconf 85' lang='lat' dir='ltr'>Petrus</span> <span class='ocrx_word' id='word_1_77' title='bbox 980 567 1005 589; x_wconf 88' lang='lat' dir='ltr'>ct</span> 
     </span>
     <span class='ocr_line' id='line_1_12' title="bbox 262 603 1005 643; baseline 0.007 -12"><span class='ocrx_word' id='word_1_78' title='bbox 262 603 393 641; x_wconf 78' lang='lat' dir='ltr'>Andreas,</span> <span class='ocrx_word' id='word_1_79' title='bbox 407 605 526 634; x_wconf 75' lang='lat' dir='ltr'>,Iacobus</span> <span class='ocrx_word' id='word_1_80' title='bbox 540 612 565 635; x_wconf 84' lang='lat' dir='ltr'>et</span> <span class='ocrx_word' id='word_1_81' title='bbox 578 606 704 636; x_wconf 86' lang='lat' dir='ltr'>Joannes.</span> <span class='ocrx_word' id='word_1_82' title='bbox 720 606 790 643; x_wconf 90' lang='lat' dir='ltr'>Quia</span> <span class='ocrx_word' id='word_1_83' title='bbox 804 606 892 636; x_wconf 90' lang='lat' dir='ltr'>voluit</span> <span class='ocrx_word' id='word_1_84' title='bbox 904 607 1005 636; x_wconf 82' lang='lat' dir='ltr'>Serva-</span> 
     </span>
     <span class='ocr_line' id='line_1_13' title="bbox 260 652 1004 693; baseline 0.004 -14"><span class='ocrx_word' id='word_1_85' title='bbox 260 657 302 679; x_wconf 86' lang='lat' dir='ltr'>tor</span> <span class='ocrx_word' id='word_1_86' title='bbox 315 662 343 680; x_wconf 84' lang='lat' dir='ltr'>ea</span> <span class='ocrx_word' id='word_1_87' title='bbox 349 663 372 680; x_wconf 90' lang='lat' dir='ltr'>m</span> <span class='ocrx_word' id='word_1_88' title='bbox 388 662 447 691; x_wconf 82' lang='lat' dir='ltr'>quae</span> <span class='ocrx_word' id='word_1_89' title='bbox 461 652 609 682; x_wconf 80' lang='lat' dir='ltr'>secundum</span> <span class='ocrx_word' id='word_1_90' title='bbox 623 652 758 693; x_wconf 87' lang='lat' dir='ltr'>Spiritum</span> <span class='ocrx_word' id='word_1_91' title='bbox 770 659 891 682; x_wconf 85' lang='lat' dir='ltr'>sanctum</span> <span class='ocrx_word' id='word_1_92' title='bbox 903 660 944 682; x_wconf 89' lang='lat' dir='ltr'>est</span> <span class='ocrx_word' id='word_1_93' title='bbox 956 664 1004 682; x_wconf 82' lang='lat' dir='ltr'>ca-</span> 
     </span>
    </p>
   </div>
   <div class='ocr_carea' id='block_1_6' title="bbox 1056 281 1835 694">
    <p class='ocr_par' dir='ltr' id='par_1_6' title="bbox 1056 281 1835 694">
     <span class='ocr_line' id='line_1_14' title="bbox 1058 281 1833 326; baseline 0.008 -17"><span class='ocrx_word' id='word_1_94' title='bbox 1058 281 1103 310; x_wconf 83' lang='grc' dir='ltr'>καὶ</span> <span class='ocrx_word' id='word_1_95' title='bbox 1117 282 1144 310; x_wconf 83' lang='grc' dir='ltr'>ἐν</span> <span class='ocrx_word' id='word_1_96' title='bbox 1158 284 1196 322; x_wconf 80' lang='grc' dir='ltr'>τῷ</span> <span class='ocrx_word' id='word_1_97' title='bbox 1210 283 1355 324; x_wconf 80' lang='grc' dir='ltr'>εὐαγγελίῳ</span> <span class='ocrx_word' id='word_1_98' title='bbox 1370 284 1480 324; x_wconf 80' lang='grc' dir='ltr'>πρώτην</span> <span class='ocrx_word' id='word_1_99' title='bbox 1493 285 1586 320; x_wconf 77' lang='grc' dir='ltr'>κλῆσιν</span> <span class='ocrx_word' id='word_1_100' title='bbox 1601 290 1716 315; x_wconf 78' lang='grc' dir='ltr'>ποιεῖται</span> <span class='ocrx_word' id='word_1_101' title='bbox 1728 285 1833 326; x_wconf 83' lang='grc' dir='ltr'>Πέτρου</span> 
     </span>
     <span class='ocr_line' id='line_1_15' title="bbox 1057 326 1835 372; baseline 0.008 -16"><span class='ocrx_word' id='word_1_102' title='bbox 1057 326 1102 356; x_wconf 74' lang='grc' dir='ltr'>καὶ</span> <span class='ocrx_word' id='word_1_103' title='bbox 1117 326 1246 367; x_wconf 80' lang='grc' dir='ltr'>Ἀνδρέου.</span> <span class='ocrx_word' id='word_1_104' title='bbox 1272 331 1357 359; x_wconf 85' lang='grc' dir='ltr'>Κάκεῖ</span> <span class='ocrx_word' id='word_1_105' title='bbox 1371 330 1418 369; x_wconf 80' lang='grc' dir='ltr'>μὲν</span> <span class='ocrx_word' id='word_1_106' title='bbox 1430 331 1503 366; x_wconf 73' lang='grc' dir='ltr'>ἁπλῆ</span> <span class='ocrx_word' id='word_1_107' title='bbox 1517 332 1612 372; x_wconf 84' lang='grc' dir='ltr'>χάρις,</span> <span class='ocrx_word' id='word_1_108' title='bbox 1626 327 1677 361; x_wconf 63' lang='grc' dir='ltr'>ὧδε</span> <span class='ocrx_word' id='word_1_109' title='bbox 1700 332 1728 362; x_wconf 80' lang='grc' dir='ltr'>δὲ</span> <span class='ocrx_word' id='word_1_110' title='bbox 1740 331 1835 362; x_wconf 80' lang='grc' dir='ltr'>διπλά-</span> 
     </span>
     <span class='ocr_line' id='line_1_16' title="bbox 1058 374 1833 416; baseline 0.008 -15"><span class='ocrx_word' id='word_1_111' title='bbox 1058 383 1122 402; x_wconf 87' lang='grc' dir='ltr'>σιον.</span> <span class='ocrx_word' id='word_1_112' title='bbox 1137 374 1212 403; x_wconf 87' lang='grc' dir='ltr'>Ἐκεῖ</span> <span class='ocrx_word' id='word_1_113' title='bbox 1225 374 1276 415; x_wconf 83' lang='grc' dir='ltr'>γὰρ</span> <span class='ocrx_word' id='word_1_114' title='bbox 1299 375 1344 405; x_wconf 81' lang='grc' dir='ltr'>δύο</span> <span class='ocrx_word' id='word_1_115' title='bbox 1358 377 1466 416; x_wconf 80' lang='grc' dir='ltr'>ἀδελφοὶ</span> <span class='ocrx_word' id='word_1_116' title='bbox 1478 377 1627 413; x_wconf 79' lang='grc' dir='ltr'>ἐκλήθησαν</span> <span class='ocrx_word' id='word_1_117' title='bbox 1643 380 1760 414; x_wconf 82' lang='grc' dir='ltr'>Μωϋσῆς</span> <span class='ocrx_word' id='word_1_118' title='bbox 1788 378 1833 407; x_wconf 72' lang='grc' dir='ltr'>καὶ</span> 
     </span>
     <span class='ocr_line' id='line_1_17' title="bbox 1058 417 1833 464; baseline 0.006 -17"><span class='ocrx_word' id='word_1_119' title='bbox 1058 417 1156 458; x_wconf 82' lang='grc' dir='ltr'>Ἀαρών</span> <span class='ocrx_word' id='word_1_120' title='bbox 1164 430 1171 438; x_wconf 86' lang='grc'><em>·</em></span> <span class='ocrx_word' id='word_1_121' title='bbox 1194 421 1304 451; x_wconf 81' lang='grc' dir='ltr'>ἐνταῦθα</span> <span class='ocrx_word' id='word_1_122' title='bbox 1316 421 1343 451; x_wconf 81' lang='grc' dir='ltr'>δὲ</span> <span class='ocrx_word' id='word_1_123' title='bbox 1356 423 1436 459; x_wconf 78' lang='grc' dir='ltr'>διπλῆ</span> <span class='ocrx_word' id='word_1_124' title='bbox 1451 423 1655 463; x_wconf 14' lang='grc' dir='ltr'>δυὰςῒᾶδελφῶν,</span> <span class='ocrx_word' id='word_1_125' title='bbox 1676 424 1778 464; x_wconf 78' lang='grc' dir='ltr'>Πέτρος</span> <span class='ocrx_word' id='word_1_126' title='bbox 1788 424 1833 454; x_wconf 78' lang='grc' dir='ltr'>καὶ</span> 
     </span>
     <span class='ocr_line' id='line_1_18' title="bbox 1057 463 1833 506; baseline 0.008 -13"><span class='ocrx_word' id='word_1_127' title='bbox 1057 463 1192 505; x_wconf 80' lang='grc' dir='ltr'>Ἀνδρέας,</span> <span class='ocrx_word' id='word_1_128' title='bbox 1207 466 1334 501; x_wconf 62' lang='lat' dir='ltr'>’Idm-‚605</span> <span class='ocrx_word' id='word_1_129' title='bbox 1347 468 1392 497; x_wconf 80' lang='grc' dir='ltr'>καὶ</span> <span class='ocrx_word' id='word_1_130' title='bbox 1406 469 1539 505; x_wconf 77' lang='grc' dir='ltr'>Ἰωάννης.</span> <span class='ocrx_word' id='word_1_131' title='bbox 1552 469 1662 506; x_wconf 82' lang='grc' dir='ltr'>Ἐπειδὴ</span> <span class='ocrx_word' id='word_1_132' title='bbox 1676 470 1805 506; x_wconf 82' lang='grc' dir='ltr'>ἠθέλησεν</span> <span class='ocrx_word' id='word_1_133' title='bbox 1819 471 1833 498; x_wconf 83' lang='grc' dir='ltr'><strong>ὁ</strong></span> 
     </span>
     <span class='ocr_line' id='line_1_19' title="bbox 1058 511 1833 555; baseline 0.006 -15"><span class='ocrx_word' id='word_1_134' title='bbox 1058 511 1155 552; x_wconf 84' lang='grc' dir='ltr'>Σωτὴρ</span> <span class='ocrx_word' id='word_1_135' title='bbox 1164 511 1212 548; x_wconf 83' lang='grc' dir='ltr'>τὴν</span> <span class='ocrx_word' id='word_1_136' title='bbox 1227 512 1295 542; x_wconf 79' lang='grc' dir='ltr'>κατὰ</span> <span class='ocrx_word' id='word_1_137' title='bbox 1308 514 1339 543; x_wconf 90' lang='grc' dir='ltr'>τὸ</span> <span class='ocrx_word' id='word_1_138' title='bbox 1353 514 1426 553; x_wconf 82' lang='grc' dir='ltr'>ἅγιον</span> <span class='ocrx_word' id='word_1_139' title='bbox 1440 516 1552 554; x_wconf 81' lang='grc' dir='ltr'>Πνεῦμα</span> <span class='ocrx_word' id='word_1_140' title='bbox 1566 515 1672 555; x_wconf 83' lang='grc' dir='ltr'>ἀγάπην</span> <span class='ocrx_word' id='word_1_141' title='bbox 1682 516 1833 545; x_wconf 71' lang='grc' dir='ltr'>ἔντυπῶσαι</span> 
     </span>
     <span class='ocr_line' id='line_1_20' title="bbox 1057 558 1830 603; baseline 0.009 -18"><span class='ocrx_word' id='word_1_142' title='bbox 1057 559 1121 595; x_wconf 84' lang='grc' dir='ltr'>ἡμῖν</span> <span class='ocrx_word' id='word_1_143' title='bbox 1130 579 1138 593; x_wconf 91' lang='grc'><strong>,</strong></span> <span class='ocrx_word' id='word_1_144' title='bbox 1150 558 1195 587; x_wconf 81' lang='grc' dir='ltr'>καὶ</span> <span class='ocrx_word' id='word_1_145' title='bbox 1210 559 1336 599; x_wconf 80' lang='grc' dir='ltr'>ἀδελφοὺς</span> <span class='ocrx_word' id='word_1_146' title='bbox 1348 563 1458 597; x_wconf 79' lang='grc' dir='ltr'>ποιῆσαι</span> <span class='ocrx_word' id='word_1_147' title='bbox 1468 564 1500 601; x_wconf 84' lang='grc' dir='ltr'>τῇ</span> <span class='ocrx_word' id='word_1_148' title='bbox 1515 562 1630 591; x_wconf 85' lang='grc' dir='ltr'>διαθέσει</span> <span class='ocrx_word' id='word_1_149' title='bbox 1642 562 1687 592; x_wconf 76' lang='grc' dir='ltr'>καὶ</span> <span class='ocrx_word' id='word_1_150' title='bbox 1698 564 1737 603; x_wconf 82' lang='grc' dir='ltr'>τῷ</span> <span class='ocrx_word' id='word_1_151' title='bbox 1748 562 1830 592; x_wconf 82' lang='grc' dir='ltr'>πνεύ-</span> 
     </span>
     <span class='ocr_line' id='line_1_21' title="bbox 1058 603 1832 648; baseline 0.009 -17"><span class='ocrx_word' id='word_1_152' title='bbox 1058 613 1139 640; x_wconf 87' lang='grc' dir='ltr'>ματι,</span> <span class='ocrx_word' id='word_1_153' title='bbox 1161 603 1240 633; x_wconf 74' lang='grc' dir='ltr'>ἔλαὸε</span> <span class='ocrx_word' id='word_1_154' title='bbox 1257 605 1377 644; x_wconf 79' lang='grc' dir='ltr'>θεμέλιον</span> <span class='ocrx_word' id='word_1_155' title='bbox 1391 606 1439 643; x_wconf 83' lang='grc' dir='ltr'>τὴν</span> <span class='ocrx_word' id='word_1_156' title='bbox 1451 606 1529 647; x_wconf 82' lang='grc' dir='ltr'>φύσιν</span> <span class='ocrx_word' id='word_1_157' title='bbox 1541 630 1548 642; x_wconf 96' lang='grc'><strong>,</strong></span> <span class='ocrx_word' id='word_1_158' title='bbox 1574 607 1619 637; x_wconf 83' lang='grc' dir='ltr'>καὶ</span> <span class='ocrx_word' id='word_1_159' title='bbox 1635 607 1785 648; x_wconf 75' lang='grc' dir='ltr'>προσέτι-ηξε</span> <span class='ocrx_word' id='word_1_160' title='bbox 1798 608 1832 637; x_wconf 79' lang='grc' dir='ltr'>τὰ</span> 
     </span>
     <span class='ocr_line' id='line_1_22' title="bbox 1056 649 1830 694; baseline 0.008 -16"><span class='ocrx_word' id='word_1_161' title='bbox 1056 651 1104 684; x_wconf 73' lang='grc' dir='ltr'>τῆς</span> <span class='ocrx_word' id='word_1_162' title='bbox 1118 649 1220 690; x_wconf 80' lang='grc' dir='ltr'>φύσεως</span> <span class='ocrx_word' id='word_1_163' title='bbox 1234 652 1391 692; x_wconf 77' lang='grc' dir='ltr'>σπλάγχνα,</span> <span class='ocrx_word' id='word_1_164' title='bbox 1405 652 1451 682; x_wconf 77' lang='grc' dir='ltr'>καὶ</span> <span class='ocrx_word' id='word_1_165' title='bbox 1465 654 1493 682; x_wconf 77' lang='grc' dir='ltr'>ἐν</span> <span class='ocrx_word' id='word_1_166' title='bbox 1504 653 1590 694; x_wconf 81' lang='grc' dir='ltr'>ἐκείνῃ</span> <span class='ocrx_word' id='word_1_167' title='bbox 1605 655 1773 693; x_wconf 77' lang='grc' dir='ltr'>ἐποικοδομεῖ</span> <span class='ocrx_word' id='word_1_168' title='bbox 1786 654 1830 684; x_wconf 86' lang='grc' dir='ltr'>τὸν</span> 
     </span>
    </p>
   </div>
   <div class='ocr_carea' id='block_1_7' title="bbox 260 695 1831 740">
    <p class='ocr_par' dir='ltr' id='par_1_7' title="bbox 260 695 1831 740">
     <span class='ocr_line' id='line_1_23' title="bbox 260 695 1831 740; baseline 0.002 -14"><span class='ocrx_word' id='word_1_169' title='bbox 260 696 365 727; x_wconf 79' lang='lat' dir='ltr'>ritatem</span> <span class='ocrx_word' id='word_1_170' title='bbox 386 699 463 728; x_wconf 89' lang='lat' dir='ltr'>nobis</span> <span class='ocrx_word' id='word_1_171' title='bbox 483 699 629 736; x_wconf 85' lang='lat' dir='ltr'>insinuare,</span> <span class='ocrx_word' id='word_1_172' title='bbox 643 706 669 728; x_wconf 88' lang='lat' dir='ltr'>et</span> <span class='ocrx_word' id='word_1_173' title='bbox 691 700 786 730; x_wconf 79' lang='lat' dir='ltr'>fratres</span> <span class='ocrx_word' id='word_1_174' title='bbox 806 700 902 730; x_wconf 83' lang='lat' dir='ltr'>affectu</span> <span class='ocrx_word' id='word_1_175' title='bbox 921 700 1004 730; x_wconf 84' lang='lat' dir='ltr'>simul</span> <span class='ocrx_word' id='word_1_176' title='bbox 1020 697 1041 721; x_wconf 75' lang='lat' dir='ltr'>D</span> <span class='ocrx_word' id='word_1_177' title='bbox 1056 695 1175 734; x_wconf 69' lang='grc' dir='ltr'>θεμέλιον</span> <span class='ocrx_word' id='word_1_178' title='bbox 1186 698 1233 732; x_wconf 73' lang='grc' dir='ltr'>τῆς</span> <span class='ocrx_word' id='word_1_179' title='bbox 1248 697 1420 732; x_wconf 77' lang='grc' dir='ltr'>Ἐκκλησίας-</span> <span class='ocrx_word' id='word_1_180' title='bbox 1436 699 1547 739; x_wconf 75' lang='grc' dir='ltr'>Πρῶτον</span> <span class='ocrx_word' id='word_1_181' title='bbox 1559 704 1669 738; x_wconf 85' lang='grc' dir='ltr'>σημεῖον</span> <span class='ocrx_word' id='word_1_182' title='bbox 1684 701 1710 729; x_wconf 85' lang='grc' dir='ltr'>ἐν</span> <span class='ocrx_word' id='word_1_183' title='bbox 1725 703 1758 740; x_wconf 72' lang='grc' dir='ltr'>τῇ</span> <span class='ocrx_word' id='word_1_184' title='bbox 1771 701 1831 729; x_wconf 80' lang='grc' dir='ltr'>Πα-</span> 
     </span>
    </p>
   </div>
   <div class='ocr_carea' id='block_1_8' title="bbox 254 745 1001 1240">
    <p class='ocr_par' dir='ltr' id='par_1_8' title="bbox 254 745 1001 1240">
     <span class='ocr_line' id='line_1_24' title="bbox 259 745 1001 784; baseline 0.004 -11"><span class='ocrx_word' id='word_1_185' title='bbox 259 750 284 772; x_wconf 83' lang='lat' dir='ltr'>et</span> <span class='ocrx_word' id='word_1_186' title='bbox 303 745 401 784; x_wconf 89' lang='lat' dir='ltr'>spiritu</span> <span class='ocrx_word' id='word_1_187' title='bbox 423 746 519 782; x_wconf 77' lang='lat' dir='ltr'>facere,</span> <span class='ocrx_word' id='word_1_188' title='bbox 532 745 737 776; x_wconf 85' lang='lat' dir='ltr'>fundamentum</span> <span class='ocrx_word' id='word_1_189' title='bbox 755 746 851 776; x_wconf 83' lang='lat' dir='ltr'><strong>sumsit</strong></span> <span class='ocrx_word' id='word_1_190' title='bbox 868 753 1001 784; x_wconf 81' lang='lat' dir='ltr'>naturam,</span> 
     </span>
     <span class='ocr_line' id='line_1_25' title="bbox 258 792 1001 834; baseline 0.004 -14"><span class='ocrx_word' id='word_1_191' title='bbox 258 792 424 832; x_wconf 79' lang='lat' dir='ltr'>inseruitque</span> <span class='ocrx_word' id='word_1_192' title='bbox 444 800 546 823; x_wconf 83' lang='lat' dir='ltr'>naturae</span> <span class='ocrx_word' id='word_1_193' title='bbox 559 793 671 830; x_wconf 85' lang='lat' dir='ltr'>viscera,</span> <span class='ocrx_word' id='word_1_194' title='bbox 687 800 713 823; x_wconf 91' lang='lat' dir='ltr'>et</span> <span class='ocrx_word' id='word_1_195' title='bbox 732 793 759 823; x_wconf 91' lang='lat' dir='ltr'>in</span> <span class='ocrx_word' id='word_1_196' title='bbox 771 794 818 823; x_wconf 82' lang='lat' dir='ltr'>illa</span> <span class='ocrx_word' id='word_1_197' title='bbox 832 793 1001 834; x_wconf 80' lang='lat' dir='ltr'>superaedifi·</span> 
     </span>
     <span class='ocr_line' id='line_1_26' title="bbox 257 838 1001 879; baseline 0.003 -12"><span class='ocrx_word' id='word_1_198' title='bbox 257 839 328 868; x_wconf 82' lang='lat' dir='ltr'>cavit</span> <span class='ocrx_word' id='word_1_199' title='bbox 340 838 545 869; x_wconf 78' lang='lat' dir='ltr'>fundamentum</span> <span class='ocrx_word' id='word_1_200' title='bbox 563 839 701 870; x_wconf 81' lang='lat' dir='ltr'>Ecclesiae.</span> <span class='ocrx_word' id='word_1_201' title='bbox 716 840 838 870; x_wconf 89' lang='lat' dir='ltr'>Primum</span> <span class='ocrx_word' id='word_1_202' title='bbox 854 840 962 879; x_wconf 83' lang='lat' dir='ltr'>signum</span> <span class='ocrx_word' id='word_1_203' title='bbox 973 840 1001 870; x_wconf 91' lang='lat' dir='ltr'>in</span> 
     </span>
     <span class='ocr_line' id='line_1_27' title="bbox 258 885 1000 927; baseline 0.001 -12"><span class='ocrx_word' id='word_1_204' title='bbox 258 885 353 915; x_wconf 74' lang='lat' dir='ltr'>Veteri</span> <span class='ocrx_word' id='word_1_205' title='bbox 372 885 425 914; x_wconf 86' lang='lat' dir='ltr'>suit</span> <span class='ocrx_word' id='word_1_206' title='bbox 446 893 564 915; x_wconf 72' lang='lat' dir='ltr'>mutatus</span> <span class='ocrx_word' id='word_1_207' title='bbox 578 886 605 915; x_wconf 90' lang='lat' dir='ltr'>in</span> <span class='ocrx_word' id='word_1_208' title='bbox 622 886 778 925; x_wconf 83' lang='lat' dir='ltr'>sanguinem</span> <span class='ocrx_word' id='word_1_209' title='bbox 796 886 916 925; x_wconf 87' lang='lat' dir='ltr'>ssuvius;</span> <span class='ocrx_word' id='word_1_210' title='bbox 942 888 1000 927; x_wconf 85' lang='lat' dir='ltr'>pri-</span> 
     </span>
     <span class='ocr_line' id='line_1_28' title="bbox 256 931 1001 972; baseline 0.005 -12"><span class='ocrx_word' id='word_1_211' title='bbox 256 942 330 961; x_wconf 86' lang='lat' dir='ltr'>mum</span> <span class='ocrx_word' id='word_1_212' title='bbox 351 931 459 971; x_wconf 81' lang='lat' dir='ltr'>signum</span> <span class='ocrx_word' id='word_1_213' title='bbox 477 932 505 961; x_wconf 91' lang='lat' dir='ltr'>iu</span> <span class='ocrx_word' id='word_1_214' title='bbox 520 934 598 963; x_wconf 87' lang='lat' dir='ltr'>Novo</span> <span class='ocrx_word' id='word_1_215' title='bbox 621 932 674 962; x_wconf 82' lang='lat' dir='ltr'>fuit</span> <span class='ocrx_word' id='word_1_216' title='bbox 697 933 810 962; x_wconf 87' lang='lat' dir='ltr'>mutatio</span> <span class='ocrx_word' id='word_1_217' title='bbox 831 944 906 972; x_wconf 86' lang='lat' dir='ltr'>aquae</span> <span class='ocrx_word' id='word_1_218' title='bbox 921 933 1001 964; x_wconf 49' lang='lat' dir='ltr'>invia</span> 
     </span>
     <span class='ocr_line' id='line_1_29' title="bbox 255 978 1000 1019; baseline 0.003 -12"><span class='ocrx_word' id='word_1_219' title='bbox 255 988 331 1007; x_wconf 87' lang='lat' dir='ltr'>num.</span> <span class='ocrx_word' id='word_1_220' title='bbox 350 979 456 1008; x_wconf 86' lang='lat' dir='ltr'>Verum</span> <span class='ocrx_word' id='word_1_221' title='bbox 479 989 531 1008; x_wconf 90' lang='lat' dir='ltr'>non</span> <span class='ocrx_word' id='word_1_222' title='bbox 553 986 592 1008; x_wconf 88' lang='lat' dir='ltr'>est</span> <span class='ocrx_word' id='word_1_223' title='bbox 611 978 749 1019; x_wconf 77' lang='lat' dir='ltr'>praesentis</span> <span class='ocrx_word' id='word_1_224' title='bbox 770 979 898 1019; x_wconf 83' lang='lat' dir='ltr'>temporis</span> <span class='ocrx_word' id='word_1_225' title='bbox 917 986 1000 1009; x_wconf 87' lang='lat' dir='ltr'>totam</span> 
     </span>
     <span class='ocr_line' id='line_1_30' title="bbox 254 1023 1000 1065; baseline 0.003 -13"><span class='ocrx_word' id='word_1_226' title='bbox 254 1023 459 1054; x_wconf 79' lang='lat' dir='ltr'>similitudinem</span> <span class='ocrx_word' id='word_1_227' title='bbox 472 1023 598 1065; x_wconf 86' lang='lat' dir='ltr'>deinceps</span> <span class='ocrx_word' id='word_1_228' title='bbox 617 1025 741 1064; x_wconf 81' lang='lat' dir='ltr'>persequi</span> <span class='ocrx_word' id='word_1_229' title='bbox 757 1036 764 1053; x_wconf 76' lang='grc' dir='ltr'>ι</span> <span class='ocrx_word' id='word_1_230' title='bbox 780 1024 828 1054; x_wconf 92' lang='lat' dir='ltr'>sed</span> <span class='ocrx_word' id='word_1_231' title='bbox 841 1024 876 1054; x_wconf 87' lang='lat' dir='ltr'>ad</span> <span class='ocrx_word' id='word_1_232' title='bbox 890 1025 1000 1055; x_wconf 87' lang='lat' dir='ltr'>institu-</span> 
     </span>
     <span class='ocr_line' id='line_1_31' title="bbox 256 1071 1000 1111; baseline 0.003 -12"><span class='ocrx_word' id='word_1_233' title='bbox 256 1076 312 1098; x_wconf 88' lang='lat' dir='ltr'>tum</span> <span class='ocrx_word' id='word_1_234' title='bbox 328 1077 501 1100; x_wconf 76' lang='lat' dir='ltr'>revertamur.</span> <span class='ocrx_word' id='word_1_235' title='bbox 514 1074 552 1099; x_wconf 90' lang='lat' dir='ltr'>In</span> <span class='ocrx_word' id='word_1_236' title='bbox 564 1072 708 1110; x_wconf 80' lang='lat' dir='ltr'>principio</span> <span class='ocrx_word' id='word_1_237' title='bbox 709 1071 789 1111; x_wconf 83' lang='lat' dir='ltr'>fecit</span> <span class='ocrx_word' id='word_1_238' title='bbox 804 1071 884 1100; x_wconf 81' lang='lat' dir='ltr'>Deus</span> <span class='ocrx_word' id='word_1_239' title='bbox 895 1071 1000 1101; x_wconf 84' lang='lat' dir='ltr'>coelum</span> 
     </span>
     <span class='ocr_line' id='line_1_32' title="bbox 255 1117 996 1157; baseline 0.005 -14"><span class='ocrx_word' id='word_1_240' title='bbox 255 1122 283 1144; x_wconf 79' lang='lat' dir='ltr'>et</span> <span class='ocrx_word' id='word_1_241' title='bbox 304 1122 420 1146; x_wconf 83' lang='lat' dir='ltr'>terram.</span> <span class='ocrx_word' id='word_1_242' title='bbox 434 1118 489 1147; x_wconf 85' lang='lat' dir='ltr'>Sex</span> <span class='ocrx_word' id='word_1_243' title='bbox 510 1117 616 1146; x_wconf 89' lang='lat' dir='ltr'>dierum</span> <span class='ocrx_word' id='word_1_244' title='bbox 638 1118 724 1157; x_wconf 87' lang='lat' dir='ltr'>spatio</span> <span class='ocrx_word' id='word_1_245' title='bbox 733 1117 796 1146; x_wconf 83' lang='lat' dir='ltr'>fecit</span> <span class='ocrx_word' id='word_1_246' title='bbox 811 1118 884 1147; x_wconf 90' lang='lat' dir='ltr'>Deus</span> <span class='ocrx_word' id='word_1_247' title='bbox 897 1117 996 1147; x_wconf 84' lang='lat' dir='ltr'>omnia.</span> 
     </span>
     <span class='ocr_line' id='line_1_33' title="bbox 255 1162 999 1204; baseline 0.003 -13"><span class='ocrx_word' id='word_1_248' title='bbox 255 1162 308 1191; x_wconf 85' lang='lat' dir='ltr'>Sed</span> <span class='ocrx_word' id='word_1_249' title='bbox 324 1162 411 1202; x_wconf 82' lang='lat' dir='ltr'>prima</span> <span class='ocrx_word' id='word_1_250' title='bbox 421 1162 480 1192; x_wconf 89' lang='lat' dir='ltr'>dies</span> <span class='ocrx_word' id='word_1_251' title='bbox 493 1163 584 1192; x_wconf 79' lang='lat' dir='ltr'>dissert</span> <span class='ocrx_word' id='word_1_252' title='bbox 597 1175 613 1192; x_wconf 85' lang='lat' dir='ltr'>a</span> <span class='ocrx_word' id='word_1_253' title='bbox 627 1163 811 1202; x_wconf 83' lang='lat' dir='ltr'>sequentibus.</span> <span class='ocrx_word' id='word_1_254' title='bbox 829 1164 898 1193; x_wconf 90' lang='lat' dir='ltr'>Nam</span> <span class='ocrx_word' id='word_1_255' title='bbox 910 1164 999 1204; x_wconf 84' lang='lat' dir='ltr'>prima</span> 
     </span>
     <span class='ocr_line' id='line_1_34' title="bbox 254 1209 998 1240; baseline 0.003 -2"><span class='ocrx_word' id='word_1_256' title='bbox 254 1209 300 1238; x_wconf 91' lang='lat' dir='ltr'>die</span> <span class='ocrx_word' id='word_1_257' title='bbox 313 1209 375 1239; x_wconf 86' lang='lat' dir='ltr'>fecit</span> <span class='ocrx_word' id='word_1_258' title='bbox 385 1210 457 1238; x_wconf 88' lang='lat' dir='ltr'>Deus</span> <span class='ocrx_word' id='word_1_259' title='bbox 470 1220 503 1238; x_wconf 91' lang='lat' dir='ltr'>ex</span> <span class='ocrx_word' id='word_1_260' title='bbox 521 1220 574 1239; x_wconf 90' lang='lat' dir='ltr'>non</span> <span class='ocrx_word' id='word_1_261' title='bbox 588 1210 753 1239; x_wconf 75' lang='lat' dir='ltr'>exstantibus</span> <span class='ocrx_word' id='word_1_262' title='bbox 769 1221 774 1237; x_wconf 92' lang='lat'>:</span> <span class='ocrx_word' id='word_1_263' title='bbox 790 1221 805 1239; x_wconf 89' lang='lat' dir='ltr'>a</span> <span class='ocrx_word' id='word_1_264' title='bbox 819 1210 936 1239; x_wconf 90' lang='lat' dir='ltr'>secundo</span> <span class='ocrx_word' id='word_1_265' title='bbox 948 1221 998 1240; x_wconf 86' lang='lat' dir='ltr'>au-</span> 
     </span>
    </p>
   </div>
   <div class='ocr_carea' id='block_1_9' title="bbox 1050 739 1833 1244">
    <p class='ocr_par' dir='ltr' id='par_1_9' title="bbox 1050 739 1833 1244">
     <span class='ocr_line' id='line_1_35' title="bbox 1054 739 1832 786; baseline 0.006 -15"><span class='ocrx_word' id='word_1_266' title='bbox 1054 742 1117 782; x_wconf 77' lang='grc' dir='ltr'>λαιᾷ</span> <span class='ocrx_word' id='word_1_267' title='bbox 1136 744 1150 771; x_wconf 85' lang='grc' dir='ltr'><strong>ὁ</strong></span> <span class='ocrx_word' id='word_1_268' title='bbox 1171 743 1290 782; x_wconf 87' lang='grc' dir='ltr'>ποταμὸς</span> <span class='ocrx_word' id='word_1_269' title='bbox 1312 745 1348 776; x_wconf 89' lang='grc' dir='ltr'>εἷς</span> <span class='ocrx_word' id='word_1_270' title='bbox 1372 739 1439 783; x_wconf 72' lang='grc' dir='ltr'>αἷμα</span> <span class='ocrx_word' id='word_1_271' title='bbox 1459 744 1704 784; x_wconf 73' lang='grc' dir='ltr'>μεταὸαλλόμενος·</span> <span class='ocrx_word' id='word_1_272' title='bbox 1727 749 1832 786; x_wconf 84' lang='grc' dir='ltr'>πρῶτον</span> 
     </span>
     <span class='ocr_line' id='line_1_36' title="bbox 1054 786 1830 830; baseline 0.006 -13"><span class='ocrx_word' id='word_1_273' title='bbox 1054 793 1163 827; x_wconf 74' lang='grc' dir='ltr'>σημεῖον</span> <span class='ocrx_word' id='word_1_274' title='bbox 1177 789 1204 818; x_wconf 79' lang='grc' dir='ltr'>ἐν</span> <span class='ocrx_word' id='word_1_275' title='bbox 1218 791 1251 829; x_wconf 79' lang='grc' dir='ltr'>τῇ</span> <span class='ocrx_word' id='word_1_276' title='bbox 1263 790 1347 828; x_wconf 80' lang='grc' dir='ltr'>Καινῇ</span> <span class='ocrx_word' id='word_1_277' title='bbox 1363 790 1392 819; x_wconf 91' lang='grc' dir='ltr'>τὸ</span> <span class='ocrx_word' id='word_1_278' title='bbox 1405 789 1475 830; x_wconf 75' lang='grc' dir='ltr'>ὕδωρ</span> <span class='ocrx_word' id='word_1_279' title='bbox 1491 792 1527 824; x_wconf 89' lang='grc' dir='ltr'>εἷς</span> <span class='ocrx_word' id='word_1_280' title='bbox 1539 786 1616 820; x_wconf 72' lang='grc' dir='ltr'>οἶνον.</span> <span class='ocrx_word' id='word_1_281' title='bbox 1632 792 1701 820; x_wconf 85' lang='grc' dir='ltr'>Ἀλλ’</span> <span class='ocrx_word' id='word_1_282' title='bbox 1716 793 1763 821; x_wconf 76' lang='grc' dir='ltr'>οὐκ</span> <span class='ocrx_word' id='word_1_283' title='bbox 1773 791 1830 822; x_wconf 86' lang='grc' dir='ltr'>ἔστι</span> 
     </span>
     <span class='ocr_line' id='line_1_37' title="bbox 1053 833 1833 877; baseline 0.008 -15"><span class='ocrx_word' id='word_1_284' title='bbox 1053 837 1100 863; x_wconf 81' lang='grc' dir='ltr'>τοῦ</span> <span class='ocrx_word' id='word_1_285' title='bbox 1119 833 1250 874; x_wconf 76' lang='grc' dir='ltr'>παρόντος</span> <span class='ocrx_word' id='word_1_286' title='bbox 1264 838 1357 874; x_wconf 78' lang='grc' dir='ltr'>καιροῦ</span> <span class='ocrx_word' id='word_1_287' title='bbox 1371 840 1460 864; x_wconf 79' lang='grc' dir='ltr'>πᾶσαν</span> <span class='ocrx_word' id='word_1_288' title='bbox 1473 837 1555 865; x_wconf 82' lang='grc' dir='ltr'>εἰπεῖν</span> <span class='ocrx_word' id='word_1_289' title='bbox 1567 836 1660 877; x_wconf 75' lang='grc' dir='ltr'>ἐφεξῆς</span> <span class='ocrx_word' id='word_1_290' title='bbox 1674 837 1723 874; x_wconf 65' lang='grc' dir='ltr'>τὴν</span> <span class='ocrx_word' id='word_1_291' title='bbox 1743 838 1833 877; x_wconf 81' lang='grc' dir='ltr'>ὁμοιό-</span> 
     </span>
     <span class='ocr_line' id='line_1_38' title="bbox 1052 880 1831 925; baseline 0.008 -17"><span class='ocrx_word' id='word_1_292' title='bbox 1052 891 1123 916; x_wconf 69' lang='grc' dir='ltr'>τητα</span> <span class='ocrx_word' id='word_1_293' title='bbox 1135 892 1141 898; x_wconf 95' lang='grc'>·</span> <span class='ocrx_word' id='word_1_294' title='bbox 1163 881 1201 913; x_wconf 88' lang='grc' dir='ltr'>εἰς</span> <span class='ocrx_word' id='word_1_295' title='bbox 1214 880 1242 910; x_wconf 80' lang='grc' dir='ltr'>δὲ</span> <span class='ocrx_word' id='word_1_296' title='bbox 1257 880 1288 910; x_wconf 91' lang='grc' dir='ltr'>τὸ</span> <span class='ocrx_word' id='word_1_297' title='bbox 1300 880 1472 921; x_wconf 85' lang='grc' dir='ltr'>προκείμενον</span> <span class='ocrx_word' id='word_1_298' title='bbox 1486 882 1680 922; x_wconf 84' lang='grc' dir='ltr'>ἐπανέλθωμεν.</span> <span class='ocrx_word' id='word_1_299' title='bbox 1696 883 1743 913; x_wconf 87' lang='grc' dir='ltr'>Ἐν</span> <span class='ocrx_word' id='word_1_300' title='bbox 1759 886 1831 925; x_wconf 80' lang='grc' dir='ltr'>ἀρχῇ</span> 
     </span>
     <span class='ocr_line' id='line_1_39' title="bbox 1052 924 1831 969; baseline 0.008 -15"><span class='ocrx_word' id='word_1_301' title='bbox 1052 924 1176 961; x_wconf 74' lang='grc' dir='ltr'>ἐποίησεν</span> <span class='ocrx_word' id='word_1_302' title='bbox 1188 928 1202 955; x_wconf 82' lang='grc' dir='ltr'>ὁ</span> <span class='ocrx_word' id='word_1_303' title='bbox 1215 926 1283 960; x_wconf 83' lang='grc' dir='ltr'>Θεὸς</span> <span class='ocrx_word' id='word_1_304' title='bbox 1299 926 1343 955; x_wconf 82' lang='grc' dir='ltr'>τὸν</span> <span class='ocrx_word' id='word_1_305' title='bbox 1358 926 1467 967; x_wconf 79' lang='grc' dir='ltr'>οὐρανὸν</span> <span class='ocrx_word' id='word_1_306' title='bbox 1481 927 1526 957; x_wconf 82' lang='grc' dir='ltr'>καὶ</span> <span class='ocrx_word' id='word_1_307' title='bbox 1537 927 1585 964; x_wconf 72' lang='grc' dir='ltr'>τὴν</span> <span class='ocrx_word' id='word_1_308' title='bbox 1597 930 1657 968; x_wconf 85' lang='grc' dir='ltr'>γ’ἧν.</span> <span class='ocrx_word' id='word_1_309' title='bbox 1671 931 1718 959; x_wconf 89' lang='grc' dir='ltr'>Ἐν</span> <span class='ocrx_word' id='word_1_310' title='bbox 1729 929 1755 964; x_wconf 79' lang='grc' dir='ltr'>ἓξ</span> <span class='ocrx_word' id='word_1_311' title='bbox 1764 930 1831 969; x_wconf 80' lang='grc' dir='ltr'>ἡμέ-</span> 
     </span>
     <span class='ocr_line' id='line_1_40' title="bbox 1053 970 1830 1016; baseline 0.008 -17"><span class='ocrx_word' id='word_1_312' title='bbox 1053 981 1109 1009; x_wconf 74' lang='grc' dir='ltr'>ραις</span> <span class='ocrx_word' id='word_1_313' title='bbox 1122 970 1244 1007; x_wconf 80' lang='grc' dir='ltr'>ἐποίησεν</span> <span class='ocrx_word' id='word_1_314' title='bbox 1259 974 1272 1001; x_wconf 88' lang='grc' dir='ltr'>ὁ</span> <span class='ocrx_word' id='word_1_315' title='bbox 1285 972 1353 1006; x_wconf 86' lang='grc' dir='ltr'>Θεὸς</span> <span class='ocrx_word' id='word_1_316' title='bbox 1364 972 1399 1001; x_wconf 76' lang='grc' dir='ltr'>τὰ</span> <span class='ocrx_word' id='word_1_317' title='bbox 1411 972 1506 1002; x_wconf 76' lang='grc' dir='ltr'>πάντα.</span> <span class='ocrx_word' id='word_1_318' title='bbox 1523 973 1593 1003; x_wconf 80' lang='grc' dir='ltr'>Ἀλλ’</span> <span class='ocrx_word' id='word_1_319' title='bbox 1607 977 1624 1010; x_wconf 86' lang='grc' dir='ltr'>ἡ</span> <span class='ocrx_word' id='word_1_320' title='bbox 1636 974 1730 1015; x_wconf 82' lang='grc' dir='ltr'>πρώτη</span> <span class='ocrx_word' id='word_1_321' title='bbox 1742 975 1830 1016; x_wconf 83' lang='grc' dir='ltr'>ἡμέρα</span> 
     </span>
     <span class='ocr_line' id='line_1_41' title="bbox 1052 1014 1828 1061; baseline 0.01 -18"><span class='ocrx_word' id='word_1_322' title='bbox 1052 1014 1169 1055; x_wconf 78' lang='grc' dir='ltr'>διαφέρει</span> <span class='ocrx_word' id='word_1_323' title='bbox 1184 1018 1237 1045; x_wconf 79' lang='grc' dir='ltr'>τῶν</span> <span class='ocrx_word' id='word_1_324' title='bbox 1257 1016 1345 1046; x_wconf 74' lang='grc' dir='ltr'>ἄλλων</span> <span class='ocrx_word' id='word_1_325' title='bbox 1372 1018 1424 1045; x_wconf 82' lang='grc' dir='ltr'>τῶν</span> <span class='ocrx_word' id='word_1_326' title='bbox 1450 1019 1508 1056; x_wconf 79' lang='grc' dir='ltr'>μετ’</span> <span class='ocrx_word' id='word_1_327' title='bbox 1523 1018 1615 1054; x_wconf 67' lang='grc' dir='ltr'>αὐτ-ἡν.</span> <span class='ocrx_word' id='word_1_328' title='bbox 1642 1020 1686 1059; x_wconf 84' lang='grc' dir='ltr'>Τῇ</span> <span class='ocrx_word' id='word_1_329' title='bbox 1710 1020 1758 1059; x_wconf 78' lang='grc' dir='ltr'>μὲν</span> <span class='ocrx_word' id='word_1_330' title='bbox 1777 1021 1828 1061; x_wconf 85' lang='grc' dir='ltr'>γὰρ</span> 
     </span>
     <span class='ocr_line' id='line_1_42' title="bbox 1051 1060 1828 1103; baseline 0.009 -14"><span class='ocrx_word' id='word_1_331' title='bbox 1051 1060 1143 1101; x_wconf 85' lang='grc' dir='ltr'>πρώτῃ</span> <span class='ocrx_word' id='word_1_332' title='bbox 1158 1061 1246 1102; x_wconf 79' lang='grc' dir='ltr'>ἡμέρᾳ</span> <span class='ocrx_word' id='word_1_333' title='bbox 1267 1061 1389 1098; x_wconf 77' lang='grc' dir='ltr'>ἐποίησεν</span> <span class='ocrx_word' id='word_1_334' title='bbox 1404 1065 1418 1092; x_wconf 84' lang='grc' dir='ltr'>ὁ</span> <span class='ocrx_word' id='word_1_335' title='bbox 1433 1063 1500 1097; x_wconf 84' lang='grc' dir='ltr'>Θεὸς</span> <span class='ocrx_word' id='word_1_336' title='bbox 1513 1065 1545 1093; x_wconf 79' lang='grc' dir='ltr'>ἐκ</span> <span class='ocrx_word' id='word_1_337' title='bbox 1559 1064 1596 1103; x_wconf 86' lang='grc' dir='ltr'>μὴ</span> <span class='ocrx_word' id='word_1_338' title='bbox 1611 1065 1692 1095; x_wconf 81' lang='grc' dir='ltr'>ὄντων</span> <span class='ocrx_word' id='word_1_339' title='bbox 1703 1077 1709 1084; x_wconf 93' lang='grc'><em>·</em></span> <span class='ocrx_word' id='word_1_340' title='bbox 1734 1066 1787 1096; x_wconf 80' lang='grc' dir='ltr'>ἀπὸ</span> <span class='ocrx_word' id='word_1_341' title='bbox 1801 1067 1828 1096; x_wconf 79' lang='grc' dir='ltr'>δὲ</span> 
     </span>
     <span class='ocr_line' id='line_1_43' title="bbox 1050 1107 1826 1151; baseline 0.009 -16"><span class='ocrx_word' id='word_1_342' title='bbox 1050 1109 1099 1143; x_wconf 74' lang='grc' dir='ltr'>τῆς</span> <span class='ocrx_word' id='word_1_343' title='bbox 1122 1107 1244 1148; x_wconf 82' lang='grc' dir='ltr'>δευτέρας</span> <span class='ocrx_word' id='word_1_344' title='bbox 1257 1107 1360 1148; x_wconf 82' lang='grc' dir='ltr'>ἡμέρας</span> <span class='ocrx_word' id='word_1_345' title='bbox 1373 1108 1447 1138; x_wconf 82' lang='grc' dir='ltr'>οὐδὲν</span> <span class='ocrx_word' id='word_1_346' title='bbox 1459 1109 1582 1145; x_wconf 81' lang='grc' dir='ltr'>ἐποίησεν</span> <span class='ocrx_word' id='word_1_347' title='bbox 1600 1112 1615 1140; x_wconf 80' lang='grc' dir='ltr'><strong>ὁ</strong></span> <span class='ocrx_word' id='word_1_348' title='bbox 1636 1111 1705 1145; x_wconf 84' lang='grc' dir='ltr'>Θεὸς</span> <span class='ocrx_word' id='word_1_349' title='bbox 1732 1113 1762 1141; x_wconf 80' lang='grc' dir='ltr'>ἐκ</span> <span class='ocrx_word' id='word_1_350' title='bbox 1788 1113 1826 1151; x_wconf 84' lang='grc' dir='ltr'>μὴ</span> 
     </span>
     <span class='ocr_line' id='line_1_44' title="bbox 1050 1149 1828 1197; baseline 0.006 -15"><span class='ocrx_word' id='word_1_351' title='bbox 1050 1153 1148 1190; x_wconf 82' lang='grc' dir='ltr'>ὄντων,</span> <span class='ocrx_word' id='word_1_352' title='bbox 1164 1155 1222 1183; x_wconf 84' lang='grc' dir='ltr'>ἀλλ’</span> <span class='ocrx_word' id='word_1_353' title='bbox 1237 1149 1273 1183; x_wconf 74' lang='grc' dir='ltr'>ὧν</span> <span class='ocrx_word' id='word_1_354' title='bbox 1287 1154 1395 1190; x_wconf 80' lang='grc' dir='ltr'>ἐποίησε</span> <span class='ocrx_word' id='word_1_355' title='bbox 1409 1156 1442 1193; x_wconf 81' lang='grc' dir='ltr'>τῇ</span> <span class='ocrx_word' id='word_1_356' title='bbox 1454 1155 1547 1195; x_wconf 84' lang='grc' dir='ltr'>πρώτῃ</span> <span class='ocrx_word' id='word_1_357' title='bbox 1567 1156 1667 1197; x_wconf 77' lang='grc' dir='ltr'>ἡμέρᾳ,</span> <span class='ocrx_word' id='word_1_358' title='bbox 1684 1157 1828 1196; x_wconf 78' lang='grc' dir='ltr'>μετέὸαλεν</span> 
     </span>
     <span class='ocr_line' id='line_1_45' title="bbox 1050 1200 1828 1244; baseline 0.006 -15"><span class='ocrx_word' id='word_1_359' title='bbox 1050 1201 1085 1234; x_wconf 85' lang='grc' dir='ltr'>ὡς</span> <span class='ocrx_word' id='word_1_360' title='bbox 1106 1200 1228 1236; x_wconf 83' lang='grc' dir='ltr'>ἠθέλησε.</span> <span class='ocrx_word' id='word_1_361' title='bbox 1252 1200 1291 1230; x_wconf 77' lang='grc' dir='ltr'>Σὺ</span> <span class='ocrx_word' id='word_1_362' title='bbox 1307 1201 1335 1230; x_wconf 78' lang='grc' dir='ltr'>δὲ</span> <span class='ocrx_word' id='word_1_363' title='bbox 1358 1204 1372 1230; x_wconf 79' lang='grc' dir='ltr'>ὁ</span> <span class='ocrx_word' id='word_1_364' title='bbox 1385 1202 1550 1242; x_wconf 77' lang='grc' dir='ltr'>σκεψάμενος</span> <span class='ocrx_word' id='word_1_365' title='bbox 1563 1203 1610 1233; x_wconf 77' lang='grc' dir='ltr'>καὶ</span> <span class='ocrx_word' id='word_1_366' title='bbox 1622 1203 1764 1244; x_wconf 80' lang='grc' dir='ltr'>ἐρευνήσας</span> <span class='ocrx_word' id='word_1_367' title='bbox 1774 1228 1782 1242; x_wconf 88' lang='grc'><em>,</em></span> <span class='ocrx_word' id='word_1_368' title='bbox 1805 1207 1828 1234; x_wconf 84' lang='grc' dir='ltr'>εἰ</span> 
     </span>
    </p>
   </div>
   <div class='ocr_carea' id='block_1_10' title="bbox 254 1245 1828 1293">
    <p class='ocr_par' dir='ltr' id='par_1_10' title="bbox 254 1245 1828 1293">
     <span class='ocr_line' id='line_1_46' title="bbox 254 1245 1828 1293; baseline 0.004 -9"><span class='ocrx_word' id='word_1_369' title='bbox 254 1262 307 1284; x_wconf 86' lang='lat' dir='ltr'>tem</span> <span class='ocrx_word' id='word_1_370' title='bbox 321 1254 366 1284; x_wconf 88' lang='lat' dir='ltr'>die</span> <span class='ocrx_word' id='word_1_371' title='bbox 379 1255 448 1284; x_wconf 88' lang='lat' dir='ltr'>nihil</span> <span class='ocrx_word' id='word_1_372' title='bbox 461 1256 523 1285; x_wconf 80' lang='lat' dir='ltr'>fecit</span> <span class='ocrx_word' id='word_1_373' title='bbox 541 1257 614 1285; x_wconf 90' lang='lat' dir='ltr'>Deus</span> <span class='ocrx_word' id='word_1_374' title='bbox 627 1267 661 1286; x_wconf 91' lang='lat' dir='ltr'>ex</span> <span class='ocrx_word' id='word_1_375' title='bbox 674 1266 727 1285; x_wconf 93' lang='lat' dir='ltr'>non</span> <span class='ocrx_word' id='word_1_376' title='bbox 749 1256 915 1286; x_wconf 81' lang='lat' dir='ltr'>exstantibus</span> <span class='ocrx_word' id='word_1_377' title='bbox 926 1269 934 1293; x_wconf 85' lang='lat'>;</span> <span class='ocrx_word' id='word_1_378' title='bbox 952 1256 1000 1286; x_wconf 92' lang='lat' dir='ltr'>sed</span> <span class='ocrx_word' id='word_1_379' title='bbox 1016 1256 1035 1280; x_wconf 77' lang='grc' dir='ltr'>Ε</span> <span class='ocrx_word' id='word_1_380' title='bbox 1051 1245 1099 1284; x_wconf 66' lang='grc' dir='ltr'>μὲν</span> <span class='ocrx_word' id='word_1_381' title='bbox 1113 1245 1242 1286; x_wconf 61' lang='grc' dir='ltr'>εὑρίσκεις</span> <span class='ocrx_word' id='word_1_382' title='bbox 1254 1246 1395 1283; x_wconf 64' lang='grc' dir='ltr'>ἀλήθειαν,</span> <span class='ocrx_word' id='word_1_383' title='bbox 1419 1247 1595 1288; x_wconf 63' lang='grc' dir='ltr'>συμφώνησον</span> <span class='ocrx_word' id='word_1_384' title='bbox 1606 1261 1613 1268; x_wconf 84' lang='grc'><em>’</em></span> <span class='ocrx_word' id='word_1_385' title='bbox 1637 1251 1661 1279; x_wconf 61' lang='grc' dir='ltr'>εἰ</span> <span class='ocrx_word' id='word_1_386' title='bbox 1675 1249 1702 1280; x_wconf 67' lang='grc' dir='ltr'>δὲ</span> <span class='ocrx_word' id='word_1_387' title='bbox 1715 1252 1766 1291; x_wconf 66' lang='grc' dir='ltr'>οὐχ</span> <span class='ocrx_word' id='word_1_388' title='bbox 1782 1253 1828 1280; x_wconf 67' lang='grc' dir='ltr'>εὖ*</span> 
     </span>
    </p>
   </div>
   <div class='ocr_carea' id='block_1_11' title="bbox 243 1301 1000 1759">
    <p class='ocr_par' dir='ltr' id='par_1_11' title="bbox 243 1301 1000 1529">
     <span class='ocr_line' id='line_1_47' title="bbox 255 1301 997 1342; baseline 0.003 -12"><span class='ocrx_word' id='word_1_389' title='bbox 255 1301 335 1330; x_wconf 87' lang='lat' dir='ltr'>exiis</span> <span class='ocrx_word' id='word_1_390' title='bbox 355 1312 415 1340; x_wconf 81' lang='lat' dir='ltr'>quae</span> <span class='ocrx_word' id='word_1_391' title='bbox 436 1302 524 1342; x_wconf 88' lang='lat' dir='ltr'>prima</span> <span class='ocrx_word' id='word_1_392' title='bbox 538 1302 583 1331; x_wconf 91' lang='lat' dir='ltr'>die</span> <span class='ocrx_word' id='word_1_393' title='bbox 604 1303 701 1332; x_wconf 79' lang='lat' dir='ltr'>fecerat</span> <span class='ocrx_word' id='word_1_394' title='bbox 722 1303 837 1332; x_wconf 83' lang='lat' dir='ltr'>mutavit</span> <span class='ocrx_word' id='word_1_395' title='bbox 850 1309 880 1332; x_wconf 85' lang='lat' dir='ltr'>ut</span> <span class='ocrx_word' id='word_1_396' title='bbox 897 1303 997 1333; x_wconf 86' lang='lat' dir='ltr'>voluit.</span> 
     </span>
     <span class='ocr_line' id='line_1_48' title="bbox 254 1349 999 1390; baseline 0.003 -12"><span class='ocrx_word' id='word_1_397' title='bbox 254 1350 298 1378; x_wconf 92' lang='lat' dir='ltr'>Tu</span> <span class='ocrx_word' id='word_1_398' title='bbox 312 1360 376 1379; x_wconf 88' lang='lat' dir='ltr'>vero</span> <span class='ocrx_word' id='word_1_399' title='bbox 390 1349 432 1378; x_wconf 88' lang='lat' dir='ltr'>his</span> <span class='ocrx_word' id='word_1_400' title='bbox 456 1349 631 1379; x_wconf 83' lang='lat' dir='ltr'>consideratis</span> <span class='ocrx_word' id='word_1_401' title='bbox 645 1357 671 1379; x_wconf 89' lang='lat' dir='ltr'>et</span> <span class='ocrx_word' id='word_1_402' title='bbox 684 1349 843 1390; x_wconf 79' lang='lat' dir='ltr'>exploratis,</span> <span class='ocrx_word' id='word_1_403' title='bbox 861 1350 884 1380; x_wconf 87' lang='lat' dir='ltr'>si</span> <span class='ocrx_word' id='word_1_404' title='bbox 898 1351 999 1380; x_wconf 83' lang='lat' dir='ltr'>verita-</span> 
     </span>
     <span class='ocr_line' id='line_1_49' title="bbox 254 1395 999 1436; baseline 0.003 -12"><span class='ocrx_word' id='word_1_405' title='bbox 254 1401 309 1425; x_wconf 88' lang='lat' dir='ltr'>tem</span> <span class='ocrx_word' id='word_1_406' title='bbox 335 1395 525 1436; x_wconf 82' lang='lat' dir='ltr'>deprehendis,</span> <span class='ocrx_word' id='word_1_407' title='bbox 541 1406 677 1425; x_wconf 86' lang='lat' dir='ltr'>assensum</span> <span class='ocrx_word' id='word_1_408' title='bbox 695 1395 798 1436; x_wconf 79' lang='lat' dir='ltr'>p1·aebe;</span> <span class='ocrx_word' id='word_1_409' title='bbox 812 1395 853 1425; x_wconf 90' lang='lat' dir='ltr'>sin</span> <span class='ocrx_word' id='word_1_410' title='bbox 874 1406 926 1426; x_wconf 91' lang='lat' dir='ltr'>non</span> <span class='ocrx_word' id='word_1_411' title='bbox 952 1396 999 1426; x_wconf 90' lang='lat' dir='ltr'>de-</span> 
     </span>
     <span class='ocr_line' id='line_1_50' title="bbox 254 1441 1000 1482; baseline 0.001 -11"><span class='ocrx_word' id='word_1_412' title='bbox 254 1441 409 1482; x_wconf 87' lang='lat' dir='ltr'>prehendis,</span> <span class='ocrx_word' id='word_1_413' title='bbox 427 1442 531 1478; x_wconf 87' lang='lat' dir='ltr'>incusa,</span> <span class='ocrx_word' id='word_1_414' title='bbox 556 1449 582 1471; x_wconf 90' lang='lat' dir='ltr'>et</span> <span class='ocrx_word' id='word_1_415' title='bbox 604 1441 799 1472; x_wconf 81' lang='lat' dir='ltr'>accusationem</span> <span class='ocrx_word' id='word_1_416' title='bbox 823 1441 936 1472; x_wconf 85' lang='lat' dir='ltr'>admitto</span> <span class='ocrx_word' id='word_1_417' title='bbox 950 1455 957 1472; x_wconf 74' lang='lat' dir='ltr'>z</span> <span class='ocrx_word' id='word_1_418' title='bbox 971 1442 1000 1472; x_wconf 87' lang='lat' dir='ltr'>id</span> 
     </span>
     <span class='ocr_line' id='line_1_51' title="bbox 243 1488 936 1529; baseline 0.001 -12"><span class='ocrx_word' id='word_1_419' title='bbox 243 1488 325 1518; x_wconf 80' lang='lat' dir='ltr'>&#39;enim</span> <span class='ocrx_word' id='word_1_420' title='bbox 338 1489 450 1518; x_wconf 87' lang='lat' dir='ltr'>multam</span> <span class='ocrx_word' id='word_1_421' title='bbox 465 1488 626 1518; x_wconf 84' lang='lat' dir='ltr'>defensionis</span> <span class='ocrx_word' id='word_1_422' title='bbox 638 1499 730 1517; x_wconf 88' lang='lat' dir='ltr'>ansam</span> <span class='ocrx_word' id='word_1_423' title='bbox 744 1488 812 1518; x_wconf 87' lang='lat' dir='ltr'>mihi</span> <span class='ocrx_word' id='word_1_424' title='bbox 826 1489 936 1529; x_wconf 87' lang='lat' dir='ltr'>praebet.</span> 
     </span>
    </p>

    <p class='ocr_par' dir='ltr' id='par_1_12' title="bbox 251 1534 1000 1759">
     <span class='ocr_line' id='line_1_52' title="bbox 292 1534 1000 1575; baseline 0.001 -10"><span class='ocrx_word' id='word_1_425' title='bbox 292 1537 321 1565; x_wconf 67' lang='lat'>4.</span> <span class='ocrx_word' id='word_1_426' title='bbox 349 1536 441 1565; x_wconf 88' lang='lat' dir='ltr'>Primo</span> <span class='ocrx_word' id='word_1_427' title='bbox 467 1536 558 1575; x_wconf 87' lang='lat' dir='ltr'>itaque</span> <span class='ocrx_word' id='word_1_428' title='bbox 584 1534 629 1564; x_wconf 91' lang='lat' dir='ltr'>die</span> <span class='ocrx_word' id='word_1_429' title='bbox 653 1542 835 1564; x_wconf 83' lang='lat' dir='ltr'>creaturarum</span> <span class='ocrx_word' id='word_1_430' title='bbox 862 1537 1000 1566; x_wconf 86' lang='lat' dir='ltr'>materiam</span> 
     </span>
     <span class='ocr_line' id='line_1_53' title="bbox 253 1580 998 1620; baseline 0.003 -10"><span class='ocrx_word' id='word_1_431' title='bbox 253 1581 314 1611; x_wconf 88' lang='lat' dir='ltr'>fecit</span> <span class='ocrx_word' id='word_1_432' title='bbox 325 1582 409 1620; x_wconf 84' lang='lat' dir='ltr'>Deus;</span> <span class='ocrx_word' id='word_1_433' title='bbox 425 1581 537 1620; x_wconf 86' lang='lat' dir='ltr'>reliquis</span> <span class='ocrx_word' id='word_1_434' title='bbox 555 1591 619 1611; x_wconf 85' lang='lat' dir='ltr'>vero</span> <span class='ocrx_word' id='word_1_435' title='bbox 637 1580 732 1610; x_wconf 89' lang='lat' dir='ltr'>diebus</span> <span class='ocrx_word' id='word_1_436' title='bbox 751 1581 865 1610; x_wconf 81' lang='lat' dir='ltr'>sormam</span> <span class='ocrx_word' id='word_1_437' title='bbox 878 1588 904 1611; x_wconf 88' lang='lat' dir='ltr'>et</span> <span class='ocrx_word' id='word_1_438' title='bbox 916 1593 998 1612; x_wconf 84' lang='lat' dir='ltr'>orna-</span> 
     </span>
     <span class='ocr_line' id='line_1_54' title="bbox 252 1626 998 1667; baseline 0.003 -11"><span class='ocrx_word' id='word_1_439' title='bbox 252 1634 311 1656; x_wconf 92' lang='lat' dir='ltr'>tum</span> <span class='ocrx_word' id='word_1_440' title='bbox 333 1634 525 1657; x_wconf 85' lang='lat' dir='ltr'>creaturarum.</span> <span class='ocrx_word' id='word_1_441' title='bbox 546 1626 673 1667; x_wconf 85' lang='lat' dir='ltr'>Exempli</span> <span class='ocrx_word' id='word_1_442' title='bbox 692 1637 783 1663; x_wconf 81' lang='lat' dir='ltr'>causa,</span> <span class='ocrx_word' id='word_1_443' title='bbox 807 1627 870 1657; x_wconf 78' lang='lat' dir='ltr'>fecit</span> <span class='ocrx_word' id='word_1_444' title='bbox 892 1628 998 1664; x_wconf 84' lang='lat' dir='ltr'>eaelum,</span> 
     </span>
     <span class='ocr_line' id='line_1_55' title="bbox 252 1672 1000 1714; baseline 0.003 -12"><span class='ocrx_word' id='word_1_445' title='bbox 252 1673 326 1712; x_wconf 89' lang='lat' dir='ltr'>quod</span> <span class='ocrx_word' id='word_1_446' title='bbox 337 1679 398 1703; x_wconf 88' lang='lat' dir='ltr'>ante</span> <span class='ocrx_word' id='word_1_447' title='bbox 416 1684 469 1703; x_wconf 90' lang='lat' dir='ltr'>non</span> <span class='ocrx_word' id='word_1_448' title='bbox 487 1680 554 1710; x_wconf 87' lang='lat' dir='ltr'>erat;</span> <span class='ocrx_word' id='word_1_449' title='bbox 576 1683 629 1702; x_wconf 91' lang='lat' dir='ltr'>non</span> <span class='ocrx_word' id='word_1_450' title='bbox 650 1672 702 1702; x_wconf 92' lang='lat' dir='ltr'>hoc</span> <span class='ocrx_word' id='word_1_451' title='bbox 724 1672 831 1708; x_wconf 82' lang='lat' dir='ltr'>caelum,</span> <span class='ocrx_word' id='word_1_452' title='bbox 856 1673 903 1703; x_wconf 91' lang='lat' dir='ltr'>sed</span> <span class='ocrx_word' id='word_1_453' title='bbox 925 1674 1000 1714; x_wconf 89' lang='lat' dir='ltr'>quod</span> 
     </span>
     <span class='ocr_line' id='line_1_56' title="bbox 251 1718 1000 1759; baseline 0.001 -10"><span class='ocrx_word' id='word_1_454' title='bbox 251 1719 376 1759; x_wconf 80' lang='lat' dir='ltr'>superius</span> <span class='ocrx_word' id='word_1_455' title='bbox 387 1726 445 1749; x_wconf 86' lang='lat' dir='ltr'>est:</span> <span class='ocrx_word' id='word_1_456' title='bbox 460 1719 512 1748; x_wconf 86' lang='lat' dir='ltr'>hoe</span> <span class='ocrx_word' id='word_1_457' title='bbox 523 1718 625 1759; x_wconf 89' lang='lat' dir='ltr'>quippe</span> <span class='ocrx_word' id='word_1_458' title='bbox 643 1719 739 1749; x_wconf 82' lang='lat' dir='ltr'>caelum</span> <span class='ocrx_word' id='word_1_459' title='bbox 755 1719 873 1748; x_wconf 90' lang='lat' dir='ltr'>secundo</span> <span class='ocrx_word' id='word_1_460' title='bbox 892 1718 938 1749; x_wconf 89' lang='lat' dir='ltr'>die</span> <span class='ocrx_word' id='word_1_461' title='bbox 957 1721 1000 1751; x_wconf 80' lang='lat' dir='ltr'>fa—</span> 
     </span>
    </p>
   </div>
   <div class='ocr_carea' id='block_1_12' title="bbox 1050 1292 1827 1380">
    <p class='ocr_par' dir='ltr' id='par_1_13' title="bbox 1050 1292 1827 1380">
     <span class='ocr_line' id='line_1_57' title="bbox 1052 1292 1827 1335; baseline 0.008 -14"><span class='ocrx_word' id='word_1_462' title='bbox 1052 1292 1148 1332; x_wconf 85' lang='grc' dir='ltr'>ρίσκεις</span> <span class='ocrx_word' id='word_1_463' title='bbox 1163 1292 1288 1328; x_wconf 79' lang='grc' dir='ltr'>ἀλήθειαν</span> <span class='ocrx_word' id='word_1_464' title='bbox 1300 1315 1307 1329; x_wconf 89' lang='grc'>,</span> <span class='ocrx_word' id='word_1_465' title='bbox 1323 1293 1482 1334; x_wconf 86' lang='grc' dir='ltr'>κατηγόρει,</span> <span class='ocrx_word' id='word_1_466' title='bbox 1498 1295 1542 1323; x_wconf 83' lang='grc' dir='ltr'>καὶ</span> <span class='ocrx_word' id='word_1_467' title='bbox 1552 1294 1666 1335; x_wconf 84' lang='grc' dir='ltr'>δέχομαι</span> <span class='ocrx_word' id='word_1_468' title='bbox 1681 1296 1729 1333; x_wconf 79' lang='grc' dir='ltr'>τὴν</span> <span class='ocrx_word' id='word_1_469' title='bbox 1740 1309 1827 1333; x_wconf 75' lang='grc' dir='ltr'>κατη-</span> 
     </span>
     <span class='ocr_line' id='line_1_58' title="bbox 1050 1337 1651 1380; baseline 0.008 -14"><span class='ocrx_word' id='word_1_470' title='bbox 1050 1337 1155 1377; x_wconf 86' lang='grc' dir='ltr'>γορίαν·</span> <span class='ocrx_word' id='word_1_471' title='bbox 1178 1337 1251 1378; x_wconf 80' lang='grc' dir='ltr'>φέρει</span> <span class='ocrx_word' id='word_1_472' title='bbox 1261 1338 1312 1378; x_wconf 85' lang='grc' dir='ltr'>γάρ</span> <span class='ocrx_word' id='word_1_473' title='bbox 1325 1350 1369 1378; x_wconf 80' lang='grc' dir='ltr'>μοι</span> <span class='ocrx_word' id='word_1_474' title='bbox 1382 1339 1484 1375; x_wconf 81' lang='grc' dir='ltr'>πολλὴν</span> <span class='ocrx_word' id='word_1_475' title='bbox 1498 1341 1651 1380; x_wconf 80' lang='grc' dir='ltr'>ἀπολογίαν.</span> 
     </span>
    </p>
   </div>
   <div class='ocr_carea' id='block_1_13' title="bbox 1051 1526 1826 1759">
    <p class='ocr_par' dir='ltr' id='par_1_14' title="bbox 1051 1526 1826 1759">
     <span class='ocr_line' id='line_1_59' title="bbox 1091 1526 1826 1573; baseline 0.01 -15"><span class='ocrx_word' id='word_1_476' title='bbox 1091 1531 1153 1569; x_wconf 67' lang='grc' dir='ltr'>Ι’Τῇ</span> <span class='ocrx_word' id='word_1_477' title='bbox 1171 1530 1219 1569; x_wconf 76' lang='grc' dir='ltr'>μὲν</span> <span class='ocrx_word' id='word_1_478' title='bbox 1241 1526 1286 1560; x_wconf 73' lang='grc' dir='ltr'>οῧν</span> <span class='ocrx_word' id='word_1_479' title='bbox 1307 1530 1400 1572; x_wconf 74' lang='grc' dir='ltr'>πρώτῃ</span> <span class='ocrx_word' id='word_1_480' title='bbox 1415 1532 1503 1573; x_wconf 75' lang='grc' dir='ltr'>ἡμέρᾳ</span> <span class='ocrx_word' id='word_1_481' title='bbox 1517 1532 1639 1570; x_wconf 81' lang='grc' dir='ltr'>ἐποίησεν</span> <span class='ocrx_word' id='word_1_482' title='bbox 1662 1536 1677 1564; x_wconf 84' lang='grc' dir='ltr'>ὀ</span> <span class='ocrx_word' id='word_1_483' title='bbox 1697 1535 1765 1569; x_wconf 85' lang='grc' dir='ltr'>Θεὸς</span> <span class='ocrx_word' id='word_1_484' title='bbox 1779 1535 1826 1570; x_wconf 85' lang='grc' dir='ltr'>τὰς</span> 
     </span>
     <span class='ocr_line' id='line_1_60' title="bbox 1051 1575 1824 1620; baseline 0.009 -16"><span class='ocrx_word' id='word_1_485' title='bbox 1051 1575 1116 1609; x_wconf 80' lang='grc' dir='ltr'>ὕλας</span> <span class='ocrx_word' id='word_1_486' title='bbox 1141 1578 1192 1605; x_wconf 83' lang='grc' dir='ltr'>τῶν</span> <span class='ocrx_word' id='word_1_487' title='bbox 1215 1577 1384 1616; x_wconf 84' lang='grc' dir='ltr'>κτισμάτων·</span> <span class='ocrx_word' id='word_1_488' title='bbox 1399 1583 1456 1612; x_wconf 86' lang='grc' dir='ltr'>ταῖς</span> <span class='ocrx_word' id='word_1_489' title='bbox 1477 1578 1505 1608; x_wconf 81' lang='grc' dir='ltr'>δὲ</span> <span class='ocrx_word' id='word_1_490' title='bbox 1527 1579 1620 1613; x_wconf 80' lang='grc' dir='ltr'>ἄλλαις</span> <span class='ocrx_word' id='word_1_491' title='bbox 1641 1580 1753 1620; x_wconf 78' lang='grc' dir='ltr'>ἡμέραις</span> <span class='ocrx_word' id='word_1_492' title='bbox 1775 1581 1824 1618; x_wconf 78' lang='grc' dir='ltr'>τὴν</span> 
     </span>
     <span class='ocr_line' id='line_1_61' title="bbox 1052 1621 1824 1665; baseline 0.008 -14"><span class='ocrx_word' id='word_1_493' title='bbox 1052 1621 1187 1662; x_wconf 76' lang='grc' dir='ltr'>μόρφωσιν</span> <span class='ocrx_word' id='word_1_494' title='bbox 1199 1622 1245 1652; x_wconf 80' lang='grc' dir='ltr'>καὶ</span> <span class='ocrx_word' id='word_1_495' title='bbox 1258 1622 1307 1659; x_wconf 79' lang='grc' dir='ltr'>τὴν</span> <span class='ocrx_word' id='word_1_496' title='bbox 1328 1624 1502 1663; x_wconf 82' lang='grc' dir='ltr'>διακόσμησιν</span> <span class='ocrx_word' id='word_1_497' title='bbox 1517 1627 1569 1654; x_wconf 83' lang='grc' dir='ltr'>τῶν</span> <span class='ocrx_word' id='word_1_498' title='bbox 1582 1626 1745 1665; x_wconf 79' lang='grc' dir='ltr'>κτισμάτων.</span> <span class='ocrx_word' id='word_1_499' title='bbox 1759 1623 1824 1657; x_wconf 69' lang='grc' dir='ltr'>Οῗόν</span> 
     </span>
     <span class='ocr_line' id='line_1_62' title="bbox 1052 1668 1825 1712; baseline 0.009 -15"><span class='ocrx_word' id='word_1_500' title='bbox 1052 1680 1078 1697; x_wconf 93' lang='grc' dir='ltr'>τι</span> <span class='ocrx_word' id='word_1_501' title='bbox 1095 1668 1179 1708; x_wconf 85' lang='grc' dir='ltr'>λέγω·</span> <span class='ocrx_word' id='word_1_502' title='bbox 1194 1669 1303 1705; x_wconf 86' lang='grc' dir='ltr'>ἐποίησε</span> <span class='ocrx_word' id='word_1_503' title='bbox 1327 1669 1372 1698; x_wconf 86' lang='grc' dir='ltr'>τὸν</span> <span class='ocrx_word' id='word_1_504' title='bbox 1386 1669 1494 1710; x_wconf 82' lang='grc' dir='ltr'>οὐρανὸν</span> <span class='ocrx_word' id='word_1_505' title='bbox 1518 1670 1555 1710; x_wconf 81' lang='grc' dir='ltr'>μὴ</span> <span class='ocrx_word' id='word_1_506' title='bbox 1580 1671 1657 1708; x_wconf 78' lang='grc' dir='ltr'>ὄντα,</span> <span class='ocrx_word' id='word_1_507' title='bbox 1671 1674 1700 1702; x_wconf 83' lang='grc' dir='ltr'>οὔ</span> <span class='ocrx_word' id='word_1_508' title='bbox 1723 1676 1825 1712; x_wconf 81' lang='grc' dir='ltr'>τοῦτον,</span> 
     </span>
     <span class='ocr_line' id='line_1_63' title="bbox 1052 1711 1824 1759; baseline 0.008 -16"><span class='ocrx_word' id='word_1_509' title='bbox 1052 1713 1120 1743; x_wconf 82' lang='grc' dir='ltr'>ἀλλὰ</span> <span class='ocrx_word' id='word_1_510' title='bbox 1141 1714 1186 1744; x_wconf 87' lang='grc' dir='ltr'>τὸν</span> <span class='ocrx_word' id='word_1_511' title='bbox 1208 1715 1343 1755; x_wconf 58' lang='grc' dir='ltr'>ὑπεράνω</span> <span class='ocrx_word' id='word_1_512' title='bbox 1357 1711 1431 1750; x_wconf 70' lang='grc' dir='ltr'>οἶτος</span> <span class='ocrx_word' id='word_1_513' title='bbox 1453 1715 1504 1756; x_wconf 77' lang='grc' dir='ltr'>γὰρ</span> <span class='ocrx_word' id='word_1_514' title='bbox 1521 1719 1555 1757; x_wconf 83' lang='grc' dir='ltr'>τῇ</span> <span class='ocrx_word' id='word_1_515' title='bbox 1581 1717 1690 1759; x_wconf 71' lang='grc' dir='ltr'>δευτέρᾳ</span> <span class='ocrx_word' id='word_1_516' title='bbox 1713 1719 1824 1759; x_wconf 83' lang='grc' dir='ltr'>ἐγένετο.</span> 
     </span>
    </p>
   </div>
   <div class='ocr_carea' id='block_1_14' title="bbox 101 1759 1825 1852">
    <p class='ocr_par' dir='ltr' id='par_1_15' title="bbox 101 1759 1825 1852">
     <span class='ocr_line' id='line_1_64' title="bbox 251 1759 1825 1806; baseline 0.003 -11"><span class='ocrx_word' id='word_1_517' title='bbox 251 1773 324 1795; x_wconf 86' lang='lat' dir='ltr'>ctum</span> <span class='ocrx_word' id='word_1_518' title='bbox 338 1773 387 1795; x_wconf 87' lang='lat' dir='ltr'>est.</span> <span class='ocrx_word' id='word_1_519' title='bbox 403 1765 479 1796; x_wconf 87' lang='lat' dir='ltr'>Fecit</span> <span class='ocrx_word' id='word_1_520' title='bbox 491 1766 565 1795; x_wconf 89' lang='lat' dir='ltr'>Deus</span> <span class='ocrx_word' id='word_1_521' title='bbox 575 1764 671 1794; x_wconf 82' lang='lat' dir='ltr'>caelum</span> <span class='ocrx_word' id='word_1_522' title='bbox 685 1764 819 1805; x_wconf 84' lang='lat' dir='ltr'>superius,</span> <span class='ocrx_word' id='word_1_523' title='bbox 835 1765 869 1794; x_wconf 88' lang='lat' dir='ltr'>de</span> <span class='ocrx_word' id='word_1_524' title='bbox 880 1776 934 1805; x_wconf 88' lang='lat' dir='ltr'>quo</span> <span class='ocrx_word' id='word_1_525' title='bbox 946 1767 1000 1796; x_wconf 74' lang='lat' dir='ltr'>Da·</span> <span class='ocrx_word' id='word_1_526' title='bbox 1009 1759 1195 1797; x_wconf 67' lang='grc' dir='ltr'>ιιιοῈπθῖησεν</span> <span class='ocrx_word' id='word_1_527' title='bbox 1209 1762 1223 1789; x_wconf 67' lang='grc' dir='ltr'><strong>ὃ</strong></span> <span class='ocrx_word' id='word_1_528' title='bbox 1237 1760 1306 1794; x_wconf 69' lang='grc' dir='ltr'>Θεὸς</span> <span class='ocrx_word' id='word_1_529' title='bbox 1324 1761 1369 1790; x_wconf 67' lang='grc' dir='ltr'>τὸν</span> <span class='ocrx_word' id='word_1_530' title='bbox 1383 1761 1491 1802; x_wconf 59' lang='grc' dir='ltr'>Οὐρανὸν</span> <span class='ocrx_word' id='word_1_531' title='bbox 1511 1762 1556 1792; x_wconf 62' lang='grc' dir='ltr'>τὸν</span> <span class='ocrx_word' id='word_1_532' title='bbox 1578 1763 1646 1799; x_wconf 71' lang='grc' dir='ltr'>ἄνω,</span> <span class='ocrx_word' id='word_1_533' title='bbox 1659 1765 1720 1806; x_wconf 77' lang='grc' dir='ltr'>περὶ</span> <span class='ocrx_word' id='word_1_534' title='bbox 1734 1761 1764 1795; x_wconf 58' lang='grc' dir='ltr'>οὗ</span> <span class='ocrx_word' id='word_1_535' title='bbox 1779 1765 1825 1795; x_wconf 79' lang='grc' dir='ltr'>καὶ</span> 
     </span>
     <span class='ocr_line' id='line_1_65' title="bbox 101 1805 1824 1852; baseline 0.006 -11"><span class='ocrx_word' id='word_1_536' title='bbox 101 1821 166 1842; x_wconf 69' lang='lat' dir='ltr'>Psal.</span> <span class='ocrx_word' id='word_1_537' title='bbox 188 1820 239 1842; x_wconf 80' lang='lat'>113.</span> <span class='ocrx_word' id='word_1_538' title='bbox 251 1812 300 1841; x_wconf 87' lang='lat' dir='ltr'>vid</span> <span class='ocrx_word' id='word_1_539' title='bbox 316 1824 322 1840; x_wconf 73' lang='grc' dir='ltr'>ε</span> <span class='ocrx_word' id='word_1_540' title='bbox 342 1812 453 1842; x_wconf 86' lang='lat' dir='ltr'>Coelum</span> <span class='ocrx_word' id='word_1_541' title='bbox 465 1812 530 1840; x_wconf 79' lang='lat' dir='ltr'>coeli</span> <span class='ocrx_word' id='word_1_542' title='bbox 557 1812 696 1840; x_wconf 78' lang='lat' dir='ltr'>Domino.</span> <span class='ocrx_word' id='word_1_543' title='bbox 727 1811 803 1841; x_wconf 88' lang='lat' dir='ltr'>Illud</span> <span class='ocrx_word' id='word_1_544' title='bbox 830 1822 896 1842; x_wconf 88' lang='lat' dir='ltr'>vero</span> <span class='ocrx_word' id='word_1_545' title='bbox 922 1814 999 1852; x_wconf 78' lang='lat' dir='ltr'>quasi</span> <span class='ocrx_word' id='word_1_546' title='bbox 1018 1805 1037 1827; x_wconf 62' lang='grc' dir='ltr'><strong>Α</strong></span> <span class='ocrx_word' id='word_1_547' title='bbox 1051 1807 1064 1833; x_wconf 72' lang='grc' dir='ltr'>ὁ</span> <span class='ocrx_word' id='word_1_548' title='bbox 1087 1806 1172 1835; x_wconf 50' lang='lat' dir='ltr'>Ami&amp;</span> <span class='ocrx_word' id='word_1_549' title='bbox 1192 1805 1279 1846; x_wconf 58' lang='grc' dir='ltr'>λέγει·</span> <span class='ocrx_word' id='word_1_550' title='bbox 1291 1806 1326 1837; x_wconf 81' lang='grc' dir='ltr'><strong>Ὁ</strong></span> <span class='ocrx_word' id='word_1_551' title='bbox 1339 1807 1447 1848; x_wconf 63' lang='grc' dir='ltr'>οὐρανὸς</span> <span class='ocrx_word' id='word_1_552' title='bbox 1470 1811 1516 1837; x_wconf 68' lang='grc' dir='ltr'>τοῦ</span> <span class='ocrx_word' id='word_1_553' title='bbox 1541 1810 1650 1849; x_wconf 64' lang='grc' dir='ltr'>Οὐρανοῦ</span> <span class='ocrx_word' id='word_1_554' title='bbox 1665 1813 1703 1851; x_wconf 66' lang='grc' dir='ltr'>τῷ</span> <span class='ocrx_word' id='word_1_555' title='bbox 1723 1811 1824 1852; x_wconf 63' lang='grc' dir='ltr'>Κυρίῳ·</span> 
     </span>
    </p>
   </div>
   <div class='ocr_carea' id='block_1_15' title="bbox 220 1857 1000 1902">
    <p class='ocr_par' dir='ltr' id='par_1_16' title="bbox 220 1857 1000 1902">
     <span class='ocr_line' id='line_1_66' title="bbox 220 1857 1000 1902; baseline 0.001 -14"><span class='ocrx_word' id='word_1_556' title='bbox 220 1869 406 1902; x_wconf 80' lang='lat' dir='ltr'>msupremum</span> <span class='ocrx_word' id='word_1_557' title='bbox 428 1858 579 1894; x_wconf 78' lang='lat' dir='ltr'>tabulatum</span> <span class='ocrx_word' id='word_1_558' title='bbox 596 1864 645 1887; x_wconf 86' lang='lat' dir='ltr'>est.</span> <span class='ocrx_word' id='word_1_559' title='bbox 668 1859 707 1887; x_wconf 89' lang='lat' dir='ltr'>Ac</span> <span class='ocrx_word' id='word_1_560' title='bbox 729 1857 958 1897; x_wconf 85' lang='lat' dir='ltr'>quemadmodum</span> <span class='ocrx_word' id='word_1_561' title='bbox 971 1859 1000 1890; x_wconf 88' lang='lat' dir='ltr'>in</span> 
     </span>
    </p>
   </div>
   <div class='ocr_carea' id='block_1_16' title="bbox 99 1904 999 1945">
    <p class='ocr_par' dir='ltr' id='par_1_17' title="bbox 99 1904 999 1945">
     <span class='ocr_line' id='line_1_67' title="bbox 99 1904 999 1945; baseline 0.003 -11"><span class='ocrx_word' id='word_1_562' title='bbox 99 1913 210 1934; x_wconf 69' lang='lat' dir='ltr'>formano.</span> <span class='ocrx_word' id='word_1_563' title='bbox 251 1905 333 1936; x_wconf 91' lang='lat' dir='ltr'>domo</span> <span class='ocrx_word' id='word_1_564' title='bbox 350 1906 466 1935; x_wconf 88' lang='lat' dir='ltr'>duarum</span> <span class='ocrx_word' id='word_1_565' title='bbox 486 1904 714 1945; x_wconf 82' lang='lat' dir='ltr'>contignationum</span> <span class='ocrx_word' id='word_1_566' title='bbox 734 1905 874 1935; x_wconf 88' lang='lat' dir='ltr'>intercedit</span> <span class='ocrx_word' id='word_1_567' title='bbox 893 1906 999 1937; x_wconf 84' lang='lat' dir='ltr'>tabula—</span> 
     </span>
    </p>
   </div>
   <div class='ocr_carea' id='block_1_17' title="bbox 249 1950 999 2038">
    <p class='ocr_par' dir='ltr' id='par_1_18' title="bbox 249 1950 999 2038">
     <span class='ocr_line' id='line_1_68' title="bbox 250 1950 998 1983; baseline 0.003 -2"><span class='ocrx_word' id='word_1_568' title='bbox 250 1959 308 1981; x_wconf 90' lang='lat' dir='ltr'>tum</span> <span class='ocrx_word' id='word_1_569' title='bbox 319 1952 439 1981; x_wconf 89' lang='lat' dir='ltr'>medium</span> <span class='ocrx_word' id='word_1_570' title='bbox 451 1964 457 1980; x_wconf 78' lang='lat' dir='ltr'><strong><em>z</em></strong></span> <span class='ocrx_word' id='word_1_571' title='bbox 474 1950 512 1980; x_wconf 88' lang='lat' dir='ltr'>sic</span> <span class='ocrx_word' id='word_1_572' title='bbox 526 1957 551 1980; x_wconf 89' lang='lat' dir='ltr'>et</span> <span class='ocrx_word' id='word_1_573' title='bbox 565 1953 697 1980; x_wconf 89' lang='lat' dir='ltr'>Dominus</span> <span class='ocrx_word' id='word_1_574' title='bbox 707 1951 839 1981; x_wconf 89' lang='lat' dir='ltr'>mundum</span> <span class='ocrx_word' id='word_1_575' title='bbox 849 1963 941 1982; x_wconf 84' lang='lat' dir='ltr'>creans</span> <span class='ocrx_word' id='word_1_576' title='bbox 949 1964 998 1983; x_wconf 90' lang='lat' dir='ltr'>ceu</span> 
     </span>
     <span class='ocr_line' id='line_1_69' title="bbox 249 1997 999 2038; baseline 0.003 -10"><span class='ocrx_word' id='word_1_577' title='bbox 249 1999 372 2034; x_wconf 86' lang='lat' dir='ltr'>domum,</span> <span class='ocrx_word' id='word_1_578' title='bbox 388 1997 510 2027; x_wconf 90' lang='lat' dir='ltr'>medium</span> <span class='ocrx_word' id='word_1_579' title='bbox 522 1997 672 2027; x_wconf 76' lang='lat' dir='ltr'>tabulatum</span> <span class='ocrx_word' id='word_1_580' title='bbox 689 1999 778 2038; x_wconf 87' lang='lat' dir='ltr'>posuit</span> <span class='ocrx_word' id='word_1_581' title='bbox 791 1999 842 2028; x_wconf 92' lang='lat' dir='ltr'>hoc</span> <span class='ocrx_word' id='word_1_582' title='bbox 853 1999 960 2037; x_wconf 86' lang='lat' dir='ltr'>caelum,</span> <span class='ocrx_word' id='word_1_583' title='bbox 972 2007 999 2030; x_wconf 92' lang='lat' dir='ltr'>et</span> 
     </span>
    </p>
   </div>
   <div class='ocr_carea' id='block_1_18' title="bbox 100 2043 998 2087">
    <p class='ocr_par' dir='ltr' id='par_1_19' title="bbox 100 2043 998 2087">
     <span class='ocr_line' id='line_1_70' title="bbox 100 2043 998 2087; baseline 0.002 -13"><span class='ocrx_word' id='word_1_584' title='bbox 100 2053 167 2075; x_wconf 76' lang='lat' dir='ltr'>Psal.</span> <span class='ocrx_word' id='word_1_585' title='bbox 189 2053 239 2075; x_wconf 78' lang='lat'>103.</span> <span class='ocrx_word' id='word_1_586' title='bbox 250 2055 332 2085; x_wconf 89' lang='lat' dir='ltr'>supra</span> <span class='ocrx_word' id='word_1_587' title='bbox 345 2044 425 2074; x_wconf 86' lang='lat' dir='ltr'>illum</span> <span class='ocrx_word' id='word_1_588' title='bbox 445 2054 538 2083; x_wconf 85' lang='lat' dir='ltr'>aquas.</span> <span class='ocrx_word' id='word_1_589' title='bbox 561 2043 627 2073; x_wconf 88' lang='lat' dir='ltr'>Ideo</span> <span class='ocrx_word' id='word_1_590' title='bbox 648 2044 686 2074; x_wconf 86' lang='lat' dir='ltr'>ait</span> <span class='ocrx_word' id='word_1_591' title='bbox 707 2044 819 2074; x_wconf 84' lang='lat' dir='ltr'>David:</span> <span class='ocrx_word' id='word_1_592' title='bbox 848 2046 908 2084; x_wconf 77' lang='lat' dir='ltr'>Qui</span> <span class='ocrx_word' id='word_1_593' title='bbox 925 2049 998 2087; x_wconf 80' lang='lat' dir='ltr'>teg1&#39;s</span> 
     </span>
    </p>
   </div>
   <div class='ocr_carea' id='block_1_19' title="bbox 98 2083 122 2105">
    <p class='ocr_par' dir='ltr' id='par_1_20' title="bbox 98 2083 122 2105">
     <span class='ocr_line' id='line_1_71' title="bbox 98 2083 122 2105; baseline 0.042 -1"><span class='ocrx_word' id='word_1_594' title='bbox 98 2083 122 2105; x_wconf 83' lang='lat'>3.</span> 
     </span>
    </p>
   </div>
   <div class='ocr_carea' id='block_1_20' title="bbox 248 2090 997 2408">
    <p class='ocr_par' dir='ltr' id='par_1_21' title="bbox 248 2090 997 2408">
     <span class='ocr_line' id='line_1_72' title="bbox 250 2090 997 2131; baseline 0.003 -11"><span class='ocrx_word' id='word_1_595' title='bbox 250 2091 334 2130; x_wconf 79' lang='lat' dir='ltr'>aquis</span> <span class='ocrx_word' id='word_1_596' title='bbox 353 2092 503 2130; x_wconf 81' lang='lat' dir='ltr'>superiora</span> <span class='ocrx_word' id='word_1_597' title='bbox 521 2091 592 2129; x_wconf 85' lang='lat' dir='ltr'>ejus.</span> <span class='ocrx_word' id='word_1_598' title='bbox 615 2090 690 2120; x_wconf 84' lang='lat' dir='ltr'>Fecit</span> <span class='ocrx_word' id='word_1_599' title='bbox 705 2090 789 2131; x_wconf 87' lang='lat' dir='ltr'>igitur</span> <span class='ocrx_word' id='word_1_600' title='bbox 808 2091 904 2121; x_wconf 82' lang='lat' dir='ltr'>caelum</span> <span class='ocrx_word' id='word_1_601' title='bbox 923 2093 997 2131; x_wconf 92' lang='lat' dir='ltr'>quod</span> 
     </span>
     <span class='ocr_line' id='line_1_73' title="bbox 249 2137 997 2178; baseline 0.004 -13"><span class='ocrx_word' id='word_1_602' title='bbox 249 2142 310 2166; x_wconf 81' lang='lat' dir='ltr'>ante</span> <span class='ocrx_word' id='word_1_603' title='bbox 320 2146 372 2165; x_wconf 93' lang='lat' dir='ltr'>non</span> <span class='ocrx_word' id='word_1_604' title='bbox 387 2143 452 2173; x_wconf 84' lang='lat' dir='ltr'>erat,</span> <span class='ocrx_word' id='word_1_605' title='bbox 467 2143 564 2165; x_wconf 79' lang='lat' dir='ltr'>terram</span> <span class='ocrx_word' id='word_1_606' title='bbox 580 2147 639 2175; x_wconf 80' lang='lat' dir='ltr'>quae</span> <span class='ocrx_word' id='word_1_607' title='bbox 657 2143 717 2166; x_wconf 84' lang='lat' dir='ltr'>autc</span> <span class='ocrx_word' id='word_1_608' title='bbox 731 2147 783 2166; x_wconf 91' lang='lat' dir='ltr'>non</span> <span class='ocrx_word' id='word_1_609' title='bbox 803 2144 870 2175; x_wconf 89' lang='lat' dir='ltr'>erat,</span> <span class='ocrx_word' id='word_1_610' title='bbox 886 2137 997 2178; x_wconf 82' lang='lat' dir='ltr'>abyssos</span> 
     </span>
     <span class='ocr_line' id='line_1_74' title="bbox 248 2183 993 2223; baseline 0.004 -12"><span class='ocrx_word' id='word_1_611' title='bbox 248 2192 307 2221; x_wconf 83' lang='lat' dir='ltr'>quae</span> <span class='ocrx_word' id='word_1_612' title='bbox 319 2189 379 2212; x_wconf 84' lang='lat' dir='ltr'>ante</span> <span class='ocrx_word' id='word_1_613' title='bbox 389 2192 442 2211; x_wconf 90' lang='lat' dir='ltr'>non</span> <span class='ocrx_word' id='word_1_614' title='bbox 454 2189 539 2218; x_wconf 88' lang='lat' dir='ltr'>erant,</span> <span class='ocrx_word' id='word_1_615' title='bbox 554 2189 657 2219; x_wconf 85' lang='lat' dir='ltr'>ventos,</span> <span class='ocrx_word' id='word_1_616' title='bbox 666 2193 765 2220; x_wconf 87' lang='lat' dir='ltr'>aerem,</span> <span class='ocrx_word' id='word_1_617' title='bbox 775 2183 875 2222; x_wconf 81' lang='lat' dir='ltr'>ignem,</span> <span class='ocrx_word' id='word_1_618' title='bbox 885 2195 993 2223; x_wconf 87' lang='lat' dir='ltr'>aquam.</span> 
     </span>
     <span class='ocr_line' id='line_1_75' title="bbox 248 2228 994 2269; baseline 0.004 -12"><span class='ocrx_word' id='word_1_619' title='bbox 248 2228 379 2258; x_wconf 88' lang='lat' dir='ltr'>Omnium</span> <span class='ocrx_word' id='word_1_620' title='bbox 392 2238 451 2266; x_wconf 83' lang='lat' dir='ltr'>quae</span> <span class='ocrx_word' id='word_1_621' title='bbox 463 2228 531 2257; x_wconf 81' lang='lat' dir='ltr'>faeta</span> <span class='ocrx_word' id='word_1_622' title='bbox 542 2235 605 2258; x_wconf 89' lang='lat' dir='ltr'>sunt</span> <span class='ocrx_word' id='word_1_623' title='bbox 618 2228 757 2258; x_wconf 85' lang='lat' dir='ltr'>materiam</span> <span class='ocrx_word' id='word_1_624' title='bbox 770 2229 859 2269; x_wconf 83' lang='lat' dir='ltr'>prima</span> <span class='ocrx_word' id='word_1_625' title='bbox 868 2229 913 2259; x_wconf 88' lang='lat' dir='ltr'>die</span> <span class='ocrx_word' id='word_1_626' title='bbox 923 2230 994 2260; x_wconf 85' lang='lat' dir='ltr'>fecit.</span> 
     </span>
     <span class='ocr_line' id='line_1_76' title="bbox 249 2275 996 2316; baseline 0.003 -11"><span class='ocrx_word' id='word_1_627' title='bbox 249 2275 301 2306; x_wconf 90' lang='lat' dir='ltr'>Sed</span> <span class='ocrx_word' id='word_1_628' title='bbox 311 2275 386 2305; x_wconf 87' lang='lat' dir='ltr'>haud</span> <span class='ocrx_word' id='word_1_629' title='bbox 399 2275 482 2304; x_wconf 90' lang='lat' dir='ltr'>dubie</span> <span class='ocrx_word' id='word_1_630' title='bbox 493 2275 563 2305; x_wconf 85' lang='lat' dir='ltr'>dicet</span> <span class='ocrx_word' id='word_1_631' title='bbox 574 2276 674 2315; x_wconf 87' lang='lat' dir='ltr'>aliquis</span> <span class='ocrx_word' id='word_1_632' title='bbox 685 2288 692 2304; x_wconf 71' lang='grc' dir='ltr'>ε</span> <span class='ocrx_word' id='word_1_633' title='bbox 708 2275 846 2316; x_wconf 86' lang='lat' dir='ltr'>Scriptum</span> <span class='ocrx_word' id='word_1_634' title='bbox 856 2283 895 2305; x_wconf 89' lang='lat' dir='ltr'>est</span> <span class='ocrx_word' id='word_1_635' title='bbox 906 2276 996 2316; x_wconf 87' lang='lat' dir='ltr'>ipsum</span> 
     </span>
     <span class='ocr_line' id='line_1_77' title="bbox 248 2321 995 2361; baseline 0 -9"><span class='ocrx_word' id='word_1_636' title='bbox 248 2322 341 2352; x_wconf 83' lang='lat' dir='ltr'>secisse</span> <span class='ocrx_word' id='word_1_637' title='bbox 354 2322 448 2351; x_wconf 86' lang='lat' dir='ltr'>caelum</span> <span class='ocrx_word' id='word_1_638' title='bbox 461 2327 487 2351; x_wconf 86' lang='lat' dir='ltr'>et</span> <span class='ocrx_word' id='word_1_639' title='bbox 500 2329 609 2359; x_wconf 86' lang='lat' dir='ltr'>terram,</span> <span class='ocrx_word' id='word_1_640' title='bbox 625 2322 659 2351; x_wconf 86' lang='lat' dir='ltr'>de</span> <span class='ocrx_word' id='word_1_641' title='bbox 671 2332 752 2360; x_wconf 88' lang='lat' dir='ltr'>aqua,</span> <span class='ocrx_word' id='word_1_642' title='bbox 768 2321 829 2361; x_wconf 56' lang='lat' dir='ltr'>igue</span> <span class='ocrx_word' id='word_1_643' title='bbox 840 2328 866 2351; x_wconf 86' lang='lat' dir='ltr'>et</span> <span class='ocrx_word' id='word_1_644' title='bbox 875 2333 934 2352; x_wconf 81' lang='lat' dir='ltr'>aere</span> <span class='ocrx_word' id='word_1_645' title='bbox 943 2333 995 2352; x_wconf 91' lang='lat' dir='ltr'>non</span> 
     </span>
     <span class='ocr_line' id='line_1_78' title="bbox 249 2367 997 2408; baseline 0.001 -11"><span class='ocrx_word' id='word_1_646' title='bbox 249 2368 379 2408; x_wconf 87' lang='lat' dir='ltr'>scriptum</span> <span class='ocrx_word' id='word_1_647' title='bbox 397 2375 447 2397; x_wconf 86' lang='lat' dir='ltr'>est.</span> <span class='ocrx_word' id='word_1_648' title='bbox 468 2367 560 2397; x_wconf 91' lang='lat' dir='ltr'>Primo</span> <span class='ocrx_word' id='word_1_649' title='bbox 573 2368 673 2406; x_wconf 87' lang='lat' dir='ltr'>itaque,</span> <span class='ocrx_word' id='word_1_650' title='bbox 688 2367 794 2404; x_wconf 81' lang='lat' dir='ltr'>fratres,</span> <span class='ocrx_word' id='word_1_651' title='bbox 809 2378 843 2396; x_wconf 82' lang='lat' dir='ltr'>ex</span> <span class='ocrx_word' id='word_1_652' title='bbox 857 2378 911 2406; x_wconf 89' lang='lat' dir='ltr'>quo</span> <span class='ocrx_word' id='word_1_653' title='bbox 925 2367 997 2398; x_wconf 83' lang='lat' dir='ltr'>dixit</span> 
     </span>
    </p>
   </div>
   <div class='ocr_carea' id='block_1_21' title="bbox 1046 1855 1828 2405">
    <p class='ocr_par' dir='ltr' id='par_1_22' title="bbox 1046 1855 1828 2405">
     <span class='ocr_line' id='line_1_79' title="bbox 1050 1855 1824 1903; baseline 0.008 -17"><span class='ocrx_word' id='word_1_654' title='bbox 1050 1855 1204 1897; x_wconf 64' lang='grc' dir='ltr'>““Υπερῷον</span> <span class='ocrx_word' id='word_1_655' title='bbox 1218 1857 1247 1886; x_wconf 87' lang='grc' dir='ltr'>δέ</span> <span class='ocrx_word' id='word_1_656' title='bbox 1255 1859 1314 1887; x_wconf 82' lang='grc' dir='ltr'>ἐστι</span> <span class='ocrx_word' id='word_1_657' title='bbox 1323 1860 1410 1888; x_wconf 84' lang='grc' dir='ltr'>τοῦτο.</span> <span class='ocrx_word' id='word_1_658' title='bbox 1426 1859 1479 1888; x_wconf 82' lang='grc' dir='ltr'>Καὶ</span> <span class='ocrx_word' id='word_1_659' title='bbox 1486 1858 1576 1899; x_wconf 82' lang='grc' dir='ltr'>ὥσπερ</span> <span class='ocrx_word' id='word_1_660' title='bbox 1589 1861 1615 1889; x_wconf 83' lang='grc' dir='ltr'>ἐν</span> <span class='ocrx_word' id='word_1_661' title='bbox 1629 1860 1692 1901; x_wconf 82' lang='grc' dir='ltr'>οἴκῳ</span> <span class='ocrx_word' id='word_1_662' title='bbox 1705 1862 1824 1903; x_wconf 80' lang='grc' dir='ltr'>διωρόφῳ</span> 
     </span>
     <span class='ocr_line' id='line_1_80' title="bbox 1050 1906 1823 1947; baseline 0.008 -11"><span class='ocrx_word' id='word_1_663' title='bbox 1050 1907 1194 1946; x_wconf 73' lang='grc' dir='ltr'>μεσολαὸεῖ</span> <span class='ocrx_word' id='word_1_664' title='bbox 1213 1907 1295 1947; x_wconf 85' lang='grc' dir='ltr'>στέγη</span> <span class='ocrx_word' id='word_1_665' title='bbox 1323 1908 1406 1947; x_wconf 83' lang='grc' dir='ltr'>μέση·</span> <span class='ocrx_word' id='word_1_666' title='bbox 1419 1908 1501 1943; x_wconf 76' lang='grc' dir='ltr'>οὕτως</span> <span class='ocrx_word' id='word_1_667' title='bbox 1523 1911 1558 1943; x_wconf 82' lang='grc' dir='ltr'>ὥς</span> <span class='ocrx_word' id='word_1_668' title='bbox 1576 1909 1622 1940; x_wconf 77' lang='grc' dir='ltr'>ἕνα</span> <span class='ocrx_word' id='word_1_669' title='bbox 1636 1906 1711 1942; x_wconf 67' lang='grc' dir='ltr'>οἶκον</span> <span class='ocrx_word' id='word_1_670' title='bbox 1730 1912 1823 1947; x_wconf 84' lang='grc' dir='ltr'>κτίσας</span> 
     </span>
     <span class='ocr_line' id='line_1_81' title="bbox 1049 1957 1821 2000; baseline 0.006 -13"><span class='ocrx_word' id='word_1_671' title='bbox 1049 1960 1063 1987; x_wconf 86' lang='grc' dir='ltr'><strong>ὁ</strong></span> <span class='ocrx_word' id='word_1_672' title='bbox 1077 1957 1173 1998; x_wconf 84' lang='grc' dir='ltr'>Κύριος</span> <span class='ocrx_word' id='word_1_673' title='bbox 1190 1958 1234 1988; x_wconf 87' lang='grc' dir='ltr'>τὸν</span> <span class='ocrx_word' id='word_1_674' title='bbox 1250 1959 1360 1998; x_wconf 82' lang='grc' dir='ltr'>κόσμον,</span> <span class='ocrx_word' id='word_1_675' title='bbox 1373 1958 1458 1998; x_wconf 81' lang='grc' dir='ltr'>μέσην</span> <span class='ocrx_word' id='word_1_676' title='bbox 1476 1959 1573 2000; x_wconf 84' lang='grc' dir='ltr'>στέγην</span> <span class='ocrx_word' id='word_1_677' title='bbox 1588 1960 1702 1997; x_wconf 85' lang='grc' dir='ltr'>ἐπέθηκε</span> <span class='ocrx_word' id='word_1_678' title='bbox 1717 1963 1761 1992; x_wconf 80' lang='grc' dir='ltr'>τὸν</span> <span class='ocrx_word' id='word_1_679' title='bbox 1774 1964 1821 1992; x_wconf 82' lang='grc' dir='ltr'>οὗ-</span> 
     </span>
     <span class='ocr_line' id='line_1_82' title="bbox 1049 2008 1821 2053; baseline 0.008 -16"><span class='ocrx_word' id='word_1_680' title='bbox 1049 2008 1125 2048; x_wconf 87' lang='grc' dir='ltr'>ρανὸν</span> <span class='ocrx_word' id='word_1_681' title='bbox 1137 2011 1238 2047; x_wconf 74' lang='grc' dir='ltr'>τοῦτον,</span> <span class='ocrx_word' id='word_1_682' title='bbox 1253 2009 1298 2039; x_wconf 88' lang='grc' dir='ltr'>καὶ</span> <span class='ocrx_word' id='word_1_683' title='bbox 1309 2009 1432 2050; x_wconf 78' lang='grc' dir='ltr'>ὑπεράνω</span> <span class='ocrx_word' id='word_1_684' title='bbox 1445 2010 1479 2039; x_wconf 84' lang='grc' dir='ltr'>τὰ</span> <span class='ocrx_word' id='word_1_685' title='bbox 1493 2010 1586 2040; x_wconf 76' lang='grc' dir='ltr'>ὕδατα.</span> <span class='ocrx_word' id='word_1_686' title='bbox 1596 2010 1648 2040; x_wconf 81' lang='grc' dir='ltr'>Διὰ</span> <span class='ocrx_word' id='word_1_687' title='bbox 1659 2015 1736 2042; x_wconf 80' lang='grc' dir='ltr'>τοῦτο</span> <span class='ocrx_word' id='word_1_688' title='bbox 1748 2013 1821 2053; x_wconf 85' lang='grc' dir='ltr'>λέγει</span> 
     </span>
     <span class='ocr_line' id='line_1_83' title="bbox 1047 2058 1821 2102; baseline 0.009 -15"><span class='ocrx_word' id='word_1_689' title='bbox 1047 2058 1144 2088; x_wconf 83' lang='grc' dir='ltr'>Δαυίδ·</span> <span class='ocrx_word' id='word_1_690' title='bbox 1159 2059 1193 2088; x_wconf 91' lang='grc' dir='ltr'>Ὁ</span> <span class='ocrx_word' id='word_1_691' title='bbox 1207 2059 1340 2099; x_wconf 85' lang='grc' dir='ltr'>στεγάζων</span> <span class='ocrx_word' id='word_1_692' title='bbox 1361 2060 1438 2090; x_wconf 73' lang='grc' dir='ltr'>ὕδασι</span> <span class='ocrx_word' id='word_1_693' title='bbox 1451 2060 1486 2090; x_wconf 77' lang='grc' dir='ltr'>τὰ</span> <span class='ocrx_word' id='word_1_694' title='bbox 1504 2062 1613 2102; x_wconf 81' lang='grc' dir='ltr'>ὑπερῷα</span> <span class='ocrx_word' id='word_1_695' title='bbox 1626 2063 1715 2092; x_wconf 80' lang='grc' dir='ltr'>αὐτοῦ·</span> <span class='ocrx_word' id='word_1_696' title='bbox 1727 2064 1821 2100; x_wconf 74' lang='grc' dir='ltr'>ἐποίη-</span> 
     </span>
     <span class='ocr_line' id='line_1_84' title="bbox 1047 2104 1820 2150; baseline 0.006 -12"><span class='ocrx_word' id='word_1_697' title='bbox 1047 2121 1091 2139; x_wconf 90' lang='grc' dir='ltr'>σεν</span> <span class='ocrx_word' id='word_1_698' title='bbox 1102 2104 1147 2138; x_wconf 66' lang='grc' dir='ltr'>οὖν</span> <span class='ocrx_word' id='word_1_699' title='bbox 1158 2108 1202 2138; x_wconf 80' lang='grc' dir='ltr'>τὸν</span> <span class='ocrx_word' id='word_1_700' title='bbox 1215 2109 1324 2150; x_wconf 72' lang='grc' dir='ltr'>οὐρανὸν</span> <span class='ocrx_word' id='word_1_701' title='bbox 1336 2109 1374 2150; x_wconf 84' lang='grc' dir='ltr'>μὴ</span> <span class='ocrx_word' id='word_1_702' title='bbox 1389 2110 1467 2148; x_wconf 85' lang='grc' dir='ltr'>ὄντα,</span> <span class='ocrx_word' id='word_1_703' title='bbox 1481 2110 1530 2147; x_wconf 82' lang='grc' dir='ltr'>τὴν</span> <span class='ocrx_word' id='word_1_704' title='bbox 1544 2113 1595 2150; x_wconf 82' lang='grc' dir='ltr'>γῆν</span> <span class='ocrx_word' id='word_1_705' title='bbox 1611 2111 1648 2150; x_wconf 81' lang='grc' dir='ltr'>μὴ</span> <span class='ocrx_word' id='word_1_706' title='bbox 1671 2109 1761 2150; x_wconf 69' lang='grc' dir='ltr'>οὖσαν,</span> <span class='ocrx_word' id='word_1_707' title='bbox 1772 2114 1820 2148; x_wconf 79' lang='grc' dir='ltr'>τὰς</span> 
     </span>
     <span class='ocr_line' id='line_1_85' title="bbox 1047 2159 1819 2204; baseline 0.008 -16"><span class='ocrx_word' id='word_1_708' title='bbox 1047 2159 1177 2193; x_wconf 76' lang='grc' dir='ltr'>ἀὸύσσους</span> <span class='ocrx_word' id='word_1_709' title='bbox 1203 2159 1241 2199; x_wconf 81' lang='grc' dir='ltr'>μὴ</span> <span class='ocrx_word' id='word_1_710' title='bbox 1268 2160 1347 2195; x_wconf 84' lang='grc' dir='ltr'>οὔσας</span> <span class='ocrx_word' id='word_1_711' title='bbox 1357 2183 1365 2197; x_wconf 89' lang='grc'>,</span> <span class='ocrx_word' id='word_1_712' title='bbox 1388 2161 1514 2200; x_wconf 73' lang='grc' dir='ltr'>ἀνέμους,</span> <span class='ocrx_word' id='word_1_713' title='bbox 1539 2161 1619 2202; x_wconf 81' lang='grc' dir='ltr'>ἀέρας</span> <span class='ocrx_word' id='word_1_714' title='bbox 1628 2184 1636 2200; x_wconf 85' lang='lat'>‚</span> <span class='ocrx_word' id='word_1_715' title='bbox 1651 2166 1715 2203; x_wconf 80' lang='grc' dir='ltr'>πῦρ,</span> <span class='ocrx_word' id='word_1_716' title='bbox 1739 2163 1819 2204; x_wconf 73' lang='grc' dir='ltr'>ὕδωρ.</span> 
     </span>
     <span class='ocr_line' id='line_1_86' title="bbox 1046 2210 1819 2255; baseline 0.005 -16"><span class='ocrx_word' id='word_1_717' title='bbox 1046 2210 1160 2239; x_wconf 82' lang='grc' dir='ltr'>Πάντων</span> <span class='ocrx_word' id='word_1_718' title='bbox 1173 2212 1226 2239; x_wconf 85' lang='grc' dir='ltr'>τῶν</span> <span class='ocrx_word' id='word_1_719' title='bbox 1248 2210 1396 2250; x_wconf 88' lang='grc' dir='ltr'>γενομένων</span> <span class='ocrx_word' id='word_1_720' title='bbox 1414 2211 1464 2248; x_wconf 80' lang='grc' dir='ltr'>τὴν</span> <span class='ocrx_word' id='word_1_721' title='bbox 1484 2211 1549 2247; x_wconf 77' lang='grc' dir='ltr'>ὅλην</span> <span class='ocrx_word' id='word_1_722' title='bbox 1567 2215 1600 2253; x_wconf 85' lang='grc' dir='ltr'>τῇ</span> <span class='ocrx_word' id='word_1_723' title='bbox 1616 2213 1710 2254; x_wconf 81' lang='grc' dir='ltr'>πρώτῃ</span> <span class='ocrx_word' id='word_1_724' title='bbox 1731 2215 1819 2255; x_wconf 73' lang='grc' dir='ltr'>ἡμέρᾳ</span> 
     </span>
     <span class='ocr_line' id='line_1_87' title="bbox 1046 2260 1828 2304; baseline 0.006 -15"><span class='ocrx_word' id='word_1_725' title='bbox 1046 2260 1179 2296; x_wconf 82' lang='grc' dir='ltr'>ἐποίησεν.</span> <span class='ocrx_word' id='word_1_726' title='bbox 1195 2260 1275 2290; x_wconf 83' lang='grc' dir='ltr'>Ἀλλὰ</span> <span class='ocrx_word' id='word_1_727' title='bbox 1288 2260 1393 2295; x_wconf 80' lang='grc' dir='ltr'>πάντως</span> <span class='ocrx_word' id='word_1_728' title='bbox 1409 2263 1462 2302; x_wconf 84' lang='grc' dir='ltr'>ἐρεῖ</span> <span class='ocrx_word' id='word_1_729' title='bbox 1482 2274 1537 2300; x_wconf 88' lang='grc' dir='ltr'>τις,</span> <span class='ocrx_word' id='word_1_730' title='bbox 1550 2263 1699 2304; x_wconf 84' lang='grc' dir='ltr'>γέγραπται</span> <span class='ocrx_word' id='word_1_731' title='bbox 1717 2265 1765 2303; x_wconf 83' lang='grc' dir='ltr'>μὲν</span> <span class='ocrx_word' id='word_1_732' title='bbox 1778 2265 1828 2294; x_wconf 75' lang='grc' dir='ltr'>ὅτι.</span> 
     </span>
     <span class='ocr_line' id='line_1_88' title="bbox 1046 2310 1819 2354; baseline 0.005 -14"><span class='ocrx_word' id='word_1_733' title='bbox 1046 2310 1155 2347; x_wconf 75' lang='grc' dir='ltr'>ἐποίησε</span> <span class='ocrx_word' id='word_1_734' title='bbox 1175 2310 1219 2340; x_wconf 84' lang='grc' dir='ltr'>τὸν</span> <span class='ocrx_word' id='word_1_735' title='bbox 1233 2311 1342 2352; x_wconf 79' lang='grc' dir='ltr'>οὐρανὸν</span> <span class='ocrx_word' id='word_1_736' title='bbox 1354 2312 1400 2342; x_wconf 76' lang='grc' dir='ltr'>καὶ</span> <span class='ocrx_word' id='word_1_737' title='bbox 1412 2311 1461 2348; x_wconf 78' lang='grc' dir='ltr'>τὴν</span> <span class='ocrx_word' id='word_1_738' title='bbox 1474 2315 1534 2353; x_wconf 68' lang='grc' dir='ltr'>γῆν,</span> <span class='ocrx_word' id='word_1_739' title='bbox 1546 2314 1607 2354; x_wconf 83' lang='grc' dir='ltr'>περὶ</span> <span class='ocrx_word' id='word_1_740' title='bbox 1626 2314 1652 2343; x_wconf 81' lang='grc' dir='ltr'>δὲ</span> <span class='ocrx_word' id='word_1_741' title='bbox 1667 2314 1760 2349; x_wconf 72' lang='grc' dir='ltr'>ὓδατος</span> <span class='ocrx_word' id='word_1_742' title='bbox 1772 2315 1819 2344; x_wconf 83' lang='grc' dir='ltr'>καὶ</span> 
     </span>
     <span class='ocr_line' id='line_1_89' title="bbox 1046 2361 1819 2405; baseline 0.006 -13"><span class='ocrx_word' id='word_1_743' title='bbox 1046 2361 1128 2402; x_wconf 85' lang='grc' dir='ltr'>πυρὸς</span> <span class='ocrx_word' id='word_1_744' title='bbox 1139 2361 1184 2391; x_wconf 80' lang='grc' dir='ltr'>καὶ</span> <span class='ocrx_word' id='word_1_745' title='bbox 1196 2362 1272 2403; x_wconf 77' lang='grc' dir='ltr'>ἀέρος</span> <span class='ocrx_word' id='word_1_746' title='bbox 1283 2364 1313 2392; x_wconf 79' lang='grc' dir='ltr'>οὗ</span> <span class='ocrx_word' id='word_1_747' title='bbox 1326 2363 1482 2404; x_wconf 85' lang='grc' dir='ltr'>γέγραπται.</span> <span class='ocrx_word' id='word_1_748' title='bbox 1492 2365 1604 2404; x_wconf 81' lang='grc' dir='ltr'>Πρῶτον</span> <span class='ocrx_word' id='word_1_749' title='bbox 1620 2365 1667 2405; x_wconf 82' lang='grc' dir='ltr'>μὲν</span> <span class='ocrx_word' id='word_1_750' title='bbox 1682 2362 1736 2402; x_wconf 67' lang='grc' dir='ltr'>οὖν,</span> <span class='ocrx_word' id='word_1_751' title='bbox 1746 2368 1819 2397; x_wconf 81' lang='grc' dir='ltr'>ἀδελ-</span> 
     </span>
    </p>
   </div>
   <div class='ocr_carea' id='block_1_22' title="bbox 246 2409 1820 2458">
    <p class='ocr_par' dir='ltr' id='par_1_23' title="bbox 246 2409 1820 2458">
     <span class='ocr_line' id='line_1_90' title="bbox 246 2409 1820 2458; baseline 0.003 -14"><span class='ocrx_word' id='word_1_752' title='bbox 246 2415 343 2444; x_wconf 80' lang='lat' dir='ltr'>caelum</span> <span class='ocrx_word' id='word_1_753' title='bbox 357 2422 382 2444; x_wconf 90' lang='lat' dir='ltr'>et</span> <span class='ocrx_word' id='word_1_754' title='bbox 400 2422 498 2444; x_wconf 86' lang='lat' dir='ltr'>terram</span> <span class='ocrx_word' id='word_1_755' title='bbox 511 2415 578 2444; x_wconf 87' lang='lat' dir='ltr'>facta</span> <span class='ocrx_word' id='word_1_756' title='bbox 590 2425 658 2451; x_wconf 80' lang='lat' dir='ltr'>esse,</span> <span class='ocrx_word' id='word_1_757' title='bbox 673 2425 707 2443; x_wconf 84' lang='lat' dir='ltr'>ex</span> <span class='ocrx_word' id='word_1_758' title='bbox 728 2414 761 2444; x_wconf 88' lang='lat' dir='ltr'>iis</span> <span class='ocrx_word' id='word_1_759' title='bbox 781 2425 840 2453; x_wconf 86' lang='lat' dir='ltr'>quae</span> <span class='ocrx_word' id='word_1_760' title='bbox 859 2415 996 2445; x_wconf 84' lang='lat' dir='ltr'>continent</span> <span class='ocrx_word' id='word_1_761' title='bbox 1013 2424 1031 2447; x_wconf 86' lang='grc' dir='ltr'><em>Β</em></span> <span class='ocrx_word' id='word_1_762' title='bbox 1049 2413 1092 2454; x_wconf 69' lang='lat' dir='ltr'>epol</span> <span class='ocrx_word' id='word_1_763' title='bbox 1102 2436 1110 2452; x_wconf 91' lang='lat'>‚</span> <span class='ocrx_word' id='word_1_764' title='bbox 1125 2413 1169 2453; x_wconf 80' lang='grc' dir='ltr'>ἀφ’</span> <span class='ocrx_word' id='word_1_765' title='bbox 1185 2409 1214 2443; x_wconf 70' lang='grc' dir='ltr'>οὗ</span> <span class='ocrx_word' id='word_1_766' title='bbox 1229 2410 1287 2443; x_wconf 71' lang='grc' dir='ltr'>εἶπε</span> <span class='ocrx_word' id='word_1_767' title='bbox 1307 2413 1351 2443; x_wconf 86' lang='grc' dir='ltr'>τὸν</span> <span class='ocrx_word' id='word_1_768' title='bbox 1376 2415 1482 2454; x_wconf 80' lang='grc' dir='ltr'>οὐρανὸν</span> <span class='ocrx_word' id='word_1_769' title='bbox 1504 2414 1549 2444; x_wconf 84' lang='grc' dir='ltr'>καὶ</span> <span class='ocrx_word' id='word_1_770' title='bbox 1571 2416 1619 2452; x_wconf 86' lang='grc' dir='ltr'>τὴν</span> <span class='ocrx_word' id='word_1_771' title='bbox 1643 2419 1694 2457; x_wconf 73' lang='grc' dir='ltr'>γῆν</span> <span class='ocrx_word' id='word_1_772' title='bbox 1708 2421 1820 2458; x_wconf 72' lang='grc' dir='ltr'>γεγενῆ-</span> 
     </span>
    </p>
   </div>
   <div class='ocr_carea' id='block_1_23' title="bbox 248 2517 1010 2589">
    <p class='ocr_par' dir='ltr' id='par_1_24' title="bbox 248 2517 1010 2589">
     <span class='ocr_line' id='line_1_91' title="bbox 282 2517 1010 2552; baseline 0.003 -10"><span class='ocrx_word' id='word_1_773' title='bbox 282 2527 292 2537; x_wconf 60' lang='lat' dir='ltr'>e</span> <span class='ocrx_word' id='word_1_774' title='bbox 310 2520 369 2543; x_wconf 73' lang='lat' dir='ltr'>Haec</span> <span class='ocrx_word' id='word_1_775' title='bbox 382 2519 456 2544; x_wconf 83' lang='lat' dir='ltr'>affert</span> <span class='ocrx_word' id='word_1_776' title='bbox 467 2520 570 2545; x_wconf 75' lang='lat' dir='ltr'>Cosmus</span> <span class='ocrx_word' id='word_1_777' title='bbox 582 2518 716 2552; x_wconf 80' lang='lat' dir='ltr'>AEgyptius</span> <span class='ocrx_word' id='word_1_778' title='bbox 729 2517 753 2544; x_wconf 86' lang='lat' dir='ltr'>in</span> <span class='ocrx_word' id='word_1_779' title='bbox 760 2518 916 2545; x_wconf 82' lang='lat' dir='ltr'>Collectione</span> <span class='ocrx_word' id='word_1_780' title='bbox 923 2525 1010 2545; x_wconf 84' lang='lat' dir='ltr'>nostra</span> 
     </span>
     <span class='ocr_line' id='line_1_92' title="bbox 248 2558 425 2589; baseline 0.006 -8"><span class='ocrx_word' id='word_1_781' title='bbox 248 2558 425 2589; x_wconf 33' lang='lat' dir='ltr'>‘1¹.2‚p‡320⁴</span> 
     </span>
    </p>
   </div>
   <div class='ocr_carea' id='block_1_24' title="bbox 1059 2520 1823 2594">
    <p class='ocr_par' dir='ltr' id='par_1_25' title="bbox 1059 2520 1823 2594">
     <span class='ocr_line' id='line_1_93' title="bbox 1091 2520 1823 2557; baseline 0.008 -13"><span class='ocrx_word' id='word_1_782' title='bbox 1091 2527 1102 2539; x_wconf 75' lang='lat'>⁸</span> <span class='ocrx_word' id='word_1_783' title='bbox 1119 2520 1226 2546; x_wconf 73' lang='lat' dir='ltr'>Cosmus</span> <span class='ocrx_word' id='word_1_784' title='bbox 1237 2523 1275 2546; x_wconf 69' lang='grc' dir='ltr'>καὶ</span> <span class='ocrx_word' id='word_1_785' title='bbox 1286 2522 1389 2555; x_wconf 74' lang='grc' dir='ltr'>ὑπεράνω</span> <span class='ocrx_word' id='word_1_786' title='bbox 1401 2522 1424 2546; x_wconf 76' lang='grc' dir='ltr'>δι’</span> <span class='ocrx_word' id='word_1_787' title='bbox 1435 2523 1481 2546; x_wconf 63' lang='grc' dir='ltr'>ἐστι</span> <span class='ocrx_word' id='word_1_788' title='bbox 1493 2522 1581 2554; x_wconf 71' lang='grc' dir='ltr'>τούτου,</span> <span class='ocrx_word' id='word_1_789' title='bbox 1590 2525 1627 2548; x_wconf 77' lang='grc' dir='ltr'>καὶ</span> <span class='ocrx_word' id='word_1_790' title='bbox 1638 2525 1667 2552; x_wconf 80' lang='grc' dir='ltr'>ὡς</span> <span class='ocrx_word' id='word_1_791' title='bbox 1677 2526 1700 2549; x_wconf 67' lang='grc' dir='ltr'>ἐν</span> <span class='ocrx_word' id='word_1_792' title='bbox 1711 2527 1763 2557; x_wconf 71' lang='grc' dir='ltr'>οἴκῳ</span> <span class='ocrx_word' id='word_1_793' title='bbox 1773 2525 1823 2550; x_wconf 79' lang='grc' dir='ltr'>διο-</span> 
     </span>
     <span class='ocr_line' id='line_1_94' title="bbox 1059 2563 1478 2594; baseline -0.002 -9"><span class='ocrx_word' id='word_1_794' title='bbox 1059 2565 1120 2594; x_wconf 70' lang='grc' dir='ltr'>ρὸφῳ</span> <span class='ocrx_word' id='word_1_795' title='bbox 1133 2563 1291 2592; x_wconf 69' lang='grc' dir='ltr'>μεσολαὸεῐται</span> <span class='ocrx_word' id='word_1_796' title='bbox 1303 2566 1342 2589; x_wconf 81' lang='grc' dir='ltr'>τῆς</span> <span class='ocrx_word' id='word_1_797' title='bbox 1351 2565 1391 2592; x_wconf 75' lang='grc' dir='ltr'>γῆς</span> <span class='ocrx_word' id='word_1_798' title='bbox 1402 2563 1478 2592; x_wconf 69' lang='grc' dir='ltr'>μέσον.</span> 
     </span>
    </p>
   </div>
  </div>
 </body>
</html>
