1890 2826
83 415 152 438 x⁷13.

85 745 142 787 Cap.
154 751 190 772 27.
203 751 224 765 2.

84 787 137 804 -4‚

85 975 95 986 v
134 971 212 987 11.—

89 997 123 1019 13.

84 1125 104 1138 v.
123 1116 158 1146 14.
174 1117 208 1139 ι5,

86 1216 109 1230 v.
127 1208 162 1230 16.

87 1255 146 1284 Cup.
157 1252 194 1276 28.
206 1261 225 1275 Ι.

86 1292 108 1307 2.

85 1354 109 1370 V.
124 1353 159 1369 10.

85 1398 109 1413 V·
126 1397 162 1413 12.

86 1447 109 1461 v.
124 1441 157 1468 ¹4·

86 1492 108 1507 v.
126 1483 210 1514 18.19.

86 1621 227 1644 v.23.-25.

88 1813 112 1828 v.
125 1805 163 1828 28.

91 1900 149 1928 Cap.
175 1906 212 1928 29.

89 1938 112 1953 2.
125 1931 148 1953 3.

90 2039 114 2055 v·
127 2040 150 2063 7.

91 2089 114 2103 v.
128 2081 215 2103 12.13.

90 2179 105 2194 v
130 2171 208 2193 ¹5.—

103 2326 117 2339 r.
131 2318 168 2340 23.

94 2376 114 2388 v.
130 2367 168 2388 25.

97 2458 154 2487 Cap.
166 2456 235 2480 3&ss-

93 2495 164 2510 —lO.

97 2554 118 2566 v.
137 2552 172 2574 19,

98 2648 118 2660 ι’,
134 2645 159 2660 21

236 199 307 243 4³4

231 272 349 309 julurus
363 272 424 299 ³es?
446 274 474 299 et
502 281 586 309 quem
607 272 760 310 sequeris?
783 271 891 300 Nonne
912 280 978 299 eum

193 335 198 340 -
234 317 281 344 cui
295 317 424 345 maxima
447 315 602 353 potestas?
614 316 720 346 Nudus
741 316 814 346 enim
832 323 875 346 est
887 317 979 358 infer-

236 373 289 392 nus
309 373 408 392 coram
429 373 474 391 eo.
495 363 554 401 Qui
573 362 722 402 suspendit
738 370 845 392 terram
859 364 889 391 in
903 363 979 391 nihi—

236 409 308 445 lum,
334 409 430 449 ligans
453 419 561 449 aquam
587 412 617 437 in
647 408 768 438 nubIbus
798 410 867 437 suis.
897 409 977 437 Prae-

235 462 317 494 cepto
332 461 429 483 autem
441 456 563 493 peremit
578 454 735 484 draconem
747 454 933 483 desertorem.

274 502 344 531 Cum
358 501 463 541 Sophar
474 501 553 544 tertio
563 500 637 540 loqui
648 511 702 530 non
711 500 911 541 aggrederetur,
924 501 979 530 imo
999 503 1017 526 Β

235 554 261 576 et
274 547 321 577 alii
338 547 393 577 duo
405 548 508 588 priores
520 554 646 581 tacerent,
663 554 754 587 utpote
766 547 814 586 qui
830 557 883 576 non
898 547 979 576 habe-

236 601 304 630 rent,
317 594 386 633 quid
406 595 524 634 amplius
541 594 671 631 dicerent,
687 604 718 623 eo
734 593 808 633 quod
825 588 877 624 job
891 604 920 622 se
934 593 979 632 ju-

235 646 305 668 stum
325 650 381 669 esse
401 646 523 680 poneret,
538 639 672 669 subnectit
691 639 807 669 secundo
822 639 875 669 Job
887 638 979 668 eadem

235 685 269 715 de
280 697 308 715 re
319 686 480 726 prooemium
490 699 496 715 ι
506 685 551 721 illi
562 696 627 716 vero
639 696 700 715 cum
714 685 819 715 silentio
832 686 922 725 ipsum
936 695 981 714 au-

235 732 326 769 diunt,
342 743 390 762 nec
404 733 463 762 sine
475 732 597 762 utilitate.
612 733 702 768 Vivit,
718 732 816 771 inquit,
833 733 979 761 Dominus

237 781 288 818 qui
299 781 340 808 sic
350 790 396 808 me
398 779 556 819 judicavit,
566 785 593 808 et
605 779 804 818 Omnipotens,
816 780 868 818 qui
875 778 980 819 affecit

237 826 434 855 amaritudine
444 828 574 855 animam
596 835 691 854 meam
703 837 711 854 .·
723 835 789 855 cum
807 825 905 854 adhuc
925 826 980 855 ha-

238 872 307 902 litus
314 883 394 902 meus
405 875 555 909 immanet,
570 874 745 912 spiritusque
751 873 867 902 divinus
881 882 979 911 super-

236 925 279 948 est
292 920 324 947 in
337 921 457 949 naribus
471 922 552 955 meis,
564 919 646 947 labia
663 929 728 948 mea
746 928 805 947 non
822 918 980 958 loquentur

236 967 350 1005 iniqua.
366 966 563 995 Annuntiaho
586 966 670 994 vobis
691 965 762 1004 quid
780 969 818 993 sit
838 967 868 993 in
890 975 980 994 manu

991 992 1027 1011 ³71

569 209 598 232 S.
627 209 767 232 Jomms
794 209 977 232 CHRYSOST.
1008 208 1163 230 ARCfflEP.
1185 206 1459 230 CONSTANTINOP-

1033 271 1088 303 λεις
1102 271 1222 311 βοηθεῖν,
1235 268 1253 304 ἢ
1265 268 1316 298 τίνι
1327 267 1564 304 ἐπακολουθήσεις;
1579 268 1642 307 Οὖχ
1654 262 1677 307 ᾧ
1688 266 1801 306 μεγίστη

1035 315 1157 354 δύναμις;
1170 315 1273 355 Γυμνὸς
1285 314 1337 355 γὰρ
1351 317 1365 344 ὃ
1378 314 1443 354 ᾅδης
1455 313 1566 343 ἐνώπιον
1581 314 1670 343 αὐτοῦ.
1689 313 1726 343 ‘O
1738 324 1803 353 κρε-

1011 372 1014 376 *
1036 361 1125 400 μάζων
1138 362 1187 401 γῆν
1199 362 1241 390 ἐπ’
1265 360 1367 394 οὐδενὸς
1377 382 1385 398 ,
1401 359 1536 399 δεσμεύων
1550 359 1619 399 ὕδωρ
1635 360 1664 388 ἐν
1686 358 1806 399 νεφέλαις

1035 409 1123 436 αὐτοῦ.
1145 406 1338 448 Προστάγματι
1361 406 1389 436 δὲ
1413 405 1562 436 ἐθανάτωσε
1586 405 1716 446 δράκοντα
1737 406 1806 434 ἀπο-

1035 465 1144 490 στατην.

1076 499 1183 535 Μηκέτι
1200 499 1358 539 προσθέντος
1372 498 1417 528 καὶ
1430 501 1477 528 τοῦ
1499 498 1599 539 Σωφὰρ
1621 498 1731 538 τρίτοις,
1747 497 1806 526 ἀλλ’

1034 545 1280 581 ὑποσιωπησάντων
1293 545 1339 574 καὶ
1352 547 1405 574 τῶν
1429 544 1555 584 μειζόνων
1577 544 1638 580 δύο,
1661 545 1697 577 ὡς
1718 542 1808 573 οὐκέτι

1033 591 1110 631 λόγον
1125 591 1239 632 ἑχόντων
1251 593 1279 620 ἐν
1293 591 1421 630 στόματι,
1437 590 1480 620 διὰ
1491 590 1522 620 τὸ
1537 590 1627 621 θέσθαι
1650 591 1750 620 δίκαιον
1762 590 1807 619 τὸν

1035 637 1097 666 Ἰὼὸ
1105 660 1113 673 ,
1130 636 1304 666 ἐπισυνάπτει
1317 636 1348 666 τὸ
1366 637 1428 676 περὶ
1441 639 1521 666 αὐτοῦ
1535 637 1673 677 προοίμιον
1688 636 1806 676 δεύτερον

1034 683 1098 712 ’1ώὸ
1107 695 1114 701 ·
1136 685 1252 713 κάκεῖνοι
1267 683 1450 719 σιωπήσαντες
1463 682 1601 712 ἀκούωσιν
1620 681 1806 722 ὠφελούμενοι.

1034 731 1091 770 Ζῇ,
1106 729 1184 770 φησὶ,
1198 729 1311 768 Κύριος,
1324 728 1352 762 ὃς
1363 728 1434 758 οὕτω
1448 741 1482 768 με
1494 729 1613 769 κέκρινε,
1627 727 1673 758 καὶ
1685 730 1700 758 ὁ
1712 739 1810 757 παντο-

1034 776 1139 816 κράτωρ
1148 787 1208 815 μου,
1217 777 1230 804 ὁ
1243 774 1374 815 πικρᾶνας
1385 787 1434 814 μου
1445 774 1494 811 τὴν
1504 774 1602 815 ψυχήν·
1616 770 1635 811 ἦ
1646 773 1702 813 μὴν
1710 773 1750 803 ἔτι
1760 775 1809 809 τῆς

1034 824 1116 858 πνοῆς
1126 820 1247 857 ἐνούσης,
1263 823 1370 860 πνεῦμα
1384 821 1412 850 δὲ
1427 823 1494 850 θεῖον
1504 821 1534 850 τὸ
1543 820 1632 861 περιόν
1647 831 1692 859 μοι
1701 821 1727 849 ἐν
1741 820 1809 860 ῥισὶ,

1035 867 1073 906 μὴ
1087 868 1214 904 λαλήσειν
1231 879 1281 907 μου
1296 867 1329 897 τὰ
1343 867 1422 907 χείλη
1438 866 1557 907 ἀνομίαν-
1571 867 1718 906 Ἀναγγελῶ
1738 869 1809 906 ὑμῖν,

1035 914 1061 943 τί
1073 916 1144 944 ἐστιν
1158 916 1184 944 ἐν
1195 914 1266 955 χειρὶ
1283 914 1392 954 Κυρίου.
1408 913 1476 943 Ἰδοὺ
1495 914 1526 950 δὴ
1541 913 1638 947 πάντες
1651 913 1738 943 οἴδατε
1747 936 1755 949 ,
1769 913 1810 943 ὅτι

1035 960 1099 990 κενὰ
1118 964 1202 994 κενοῖς
1219 960 1411 990 ἐπιδουλεύετε.
1433 959 1507 996 Αὕτη
1532 962 1549 996 ἡ
1574 959 1650 1000 μερὶς
1672 959 1810 1000 ἀνθρώπω

236 1012 369 1040 Domini.
385 1013 464 1041 Ecce
484 1022 583 1040 omnes
596 1013 697 1047 nostis,
713 1012 785 1050 quia
795 1021 878 1039 vana
891 1013 980 1040 vanis
1000 1021 1019 1043 Α
1038 1007 1148 1040 ἆσεὸοῧς
1162 1006 1236 1046 παρὰ
1259 1006 1366 1048 Κυρίου.
1379 1006 1445 1037 Ὅτι
1459 1007 1504 1036 ἐὰν
1521 1006 1616 1036 πολλοὶ
1634 1006 1763 1046 γένωνται
1786 1008 1810 1035 οἱ

236 1059 373 1087 insidiose
386 1058 525 1097 adjicitis.
540 1059 613 1087 Haec
620 1059 715 1096 portio
729 1064 770 1086 est
786 1058 910 1086 hominis
925 1059 980 1086 im-

233 1107 276 1144 pii
290 1116 309 1134 a
323 1106 461 1134 Domino.
478 1105 565 1144 Quod
577 1106 604 1133 si
618 1104 703 1133 multi
705 1103 825 1144 suerint
834 1104 894 1144 filii
907 1105 981 1144 ejus,

237 1153 268 1179 in
277 1152 449 1180 occisionem
459 1157 562 1180 erunt:
572 1152 671 1180 viduis
680 1156 778 1179 autem
788 1161 887 1179 eorum
897 1161 981 1179 nemo

237 1198 426 1225 miserebitur.
441 1196 475 1225 Si
486 1197 635 1236 collegerit
645 1197 751 1235 impius
764 1203 797 1225 ut
810 1203 917 1225 terram
929 1207 981 1225 ar-

235 1239 367 1281 genlzcmx
378 1243 457 1271 locus
467 1243 544 1271 unde
547 1243 594 1281 fit,
606 1243 671 1282 quis
677 1244 807 1281 esthuis
816 1243 897 1271 locus
905 1245 980 1279 auri,

237 1289 315 1317 unde
329 1288 495 1327 percolatur
504 1290 517 1316 P
528 1289 652 1317 Ferrum
665 1288 782 1327 quidem
795 1288 831 1317 de
849 1295 925 1317 terra
932 1289 981 1329 fit,

237 1343 276 1362 oes
287 1340 383 1363 autem
392 1341 424 1363 ut
435 1333 509 1373 lapis
520 1335 652 1363 caeditur.
665 1334 928 1373 Omnepretiosum‚
944 1335 984 1363 in—

237 1379 307 1418 quit,
321 1382 399 1410 vidit
420 1381 521 1410 oculus
539 1391 628 1410 meus.
641 1380 792 1419 Sapientia
811 1386 909 1410 autem
922 1382 984 1420 ejus

237 1427 316 1455 unde
340 1429 461 1456 inventa
474 1429 539 1456 est?
555 1427 694 1463 Abyssus
716 1428 800 1464 dixit,
816 1428 883 1456 Non
897 1433 939 1456 est
953 1429 984 1455 in

238 1483 296 1507 me;
307 1479 335 1502 et
347 1484 427 1503 mare
439 1475 526 1511 dixit,
540 1474 607 1502 Non
621 1479 663 1502 est
672 1483 778 1502 meum.
790 1473 920 1503 Attrahe
932 1484 982 1503 sa-
1002 1469 1021 1492 B

235 1519 377 1557 pientiam
389 1530 475 1559 super
494 1529 530 1549 ea
552 1529 617 1559 quoe
640 1521 768 1547 maxime
778 1521 885 1548 intima
906 1526 983 1549 sunt.

236 1564 307 1593 Non
320 1567 485 1605 oequabitur
494 1568 522 1594 ei
532 1566 677 1605 topazium
689 1565 861 1604 AEehiopioe,
872 1571 901 1594 et
913 1575 985 1594 auro

235 1620 310 1648 puro
324 1621 385 1639 non
395 1611 572 1652 conseretur.
586 1609 734 1639 Dominus
749 1611 822 1640 bene
835 1613 985 1641 constituit

239 1658 324 1684 viam
337 1658 409 1696 ejus.
426 1660 493 1696 lpse
510 1658 587 1686 enim
598 1666 683 1685 omne
696 1657 777 1696 quod
786 1657 838 1686 sub
853 1657 926 1686 caelo
943 1666 987 1687 est

238 1703 384 1740 perspicit,
398 1709 469 1732 nota
494 1703 605 1732 habens
632 1704 731 1731 omnia
751 1713 816 1742 quce
842 1704 875 1731 in
897 1708 985 1740 terra,

238 1754 394 1778 ventorum
417 1749 637 1786 libramentum,
661 1759 806 1788 aquarum
827 1760 985 1780 mensuras.

239 1793 325 1822 Dixit
341 1795 452 1823 homini
465 1807 476 1823 .·
491 1796 568 1825 Eece
589 1796 685 1824 cultus
700 1795 757 1823 Dei
776 1802 818 1824 est
830 1797 983 1835 sapientia.

278 1841 338 1872 llis
353 1848 443 1871 autem
459 1841 548 1871 tribus
570 1841 720 1870 tacentibus
739 1840 869 1881 adjiciens
891 1843 945 1872 Job
958 1843 986 1872 iu

241 1887 371 1927 prooemio
389 1887 456 1916 dicit
471 1899 478 1915 ε
496 1888 570 1926 Quis
589 1897 635 1915 me
643 1893 737 1926 ponat
747 1889 778 1915 in
790 1898 888 1917 mense
906 1890 986 1928 prio-

240 1943 300 1963 rem
326 1934 438 1962 dierum
449 1956 456 1969 ‚
483 1935 588 1974 quibus
613 1943 659 1961 me
681 1933 763 1962 Deus
783 1935 985 1964 custodiebat?

243 1981 317 2009 Cum
342 1980 514 2020 splendebat
548 1980 671 2009 lucerna
699 1981 762 2020 ejus
789 1991 876 2020 super
900 1988 987 2022 caput

243 2036 349 2062 meum,
368 2027 485 2055 exibam
506 2026 666 2054 matutinus
686 2027 717 2054 in
738 2028 866 2063 civitate,
879 2029 910 2055 in
921 2029 987 2067 pla-

243 2075 297 2102 teis
310 2078 407 2102 autem
416 2074 582 2112 ponebatur
591 2073 663 2101 mihi
676 2073 762 2102 sella.
773 2074 893 2104 Servavi
909 2077 988 2104 enirn

240 2129 397 2158 pauperem
411 2120 447 2148 de
461 2129 551 2148 manu
558 2120 730 2158 potentium.
743 2121 912 2150 Benedictio
922 2131 988 2161 per·
1007 2129 1026 2154 c

242 2167 374 2194 euntium
385 2175 472 2204 super
480 2176 525 2194 me
531 2167 645 2194 veniae.
661 2165 770 2194 Oculus
772 2168 827 2206 sui
835 2177 987 2206 cavearum,

243 2217 271 2241 el
284 2222 335 2251 pes
352 2211 535 2247 claudorum,
553 2217 637 2251 pater
657 2218 755 2240 aulem
775 2214 987 2252 impotentium.

245 2259 386 2301 Consregi
399 2259 492 2287 molas
501 2259 669 2298 iniquorum
681 2270 688 2286 :
706 2259 742 2287 de
753 2260 847 2288 medio
857 2260 989 2290 dentium

244 2316 344 2335 eorum
361 2306 496 2344 rapinam
515 2306 618 2344 eripui.
632 2304 712 2334 Sicut
724 2310 801 2334 terra
813 2308 914 2336 sitiens
928 2317 990 2337 sus-

245 2354 353 2391 cipiens
370 2352 515 2391 pluviam,
526 2353 569 2380 sic
583 2352 615 2380 1ιὶ
624 2362 718 2380 meum
734 2362 905 2382 sermonem.
921 2355 989 2383 Ha-

246 2400 378 2427 bitabam
393 2400 478 2438 quasi
489 2409 540 2428 rex
553 2400 586 2427 in
598 2398 913 2429 accinctis.Stultor11m
918 2401 989 2441 filii,

248 2446 423 2484 nomineque
443 2445 586 2484 ignobiles
601 2457 610 2473 .·
625 2455 702 2474 nunc
715 2451 813 2474 autem
827 2447 943 2475 cithara
954 2447 990 2475 il-

248 2492 343 2520 lorum
352 2501 404 2531 ego
415 2501 490 2528 sum,
503 2497 532 2520 et
546 2502 591 2520 me
595 2491 740 2532 fabulam
754 2492 872 2521 habent.
886 2494 949 2522 Nec
962 2495 993 2522 in

240 2538 355 2577 faciem
375 2547 469 2566 meam
489 2544 679 2577 pepercerunt
700 2548 812 2578 spuere.
840 2539 994 2578 Reputasti

248 2591 345 2613 autem
360 2595 403 2613 me
411 2586 485 2614 sicut
498 2586 591 2615 lutum
603 2598 612 2612 :
625 2586 656 2621 in
668 2591 743 2614 terra
755 2591 783 2614 et
793 2587 890 2615 cinere
899 2588 992 2625 portio

248 2640 324 2659 mea.
341 2632 437 2660 Manu
448 2637 546 2661 autem
557 2632 669 2670 potenti
680 2642 733 2672 me
735 2631 898 2672 flagellasti
902 2654 908 2662 .
922 2635 993 2662 Fra·
1010 2643 1029 2667 n

1035 1052 1087 1082 υἱοὶ
1101 1054 1180 1082 αὐτοῦ
1189 1074 1197 1089 ,
1208 1055 1245 1086 εἰς
1266 1048 1370 1093 σφαγὴν
1386 1052 1503 1082 ἔσονται·
1517 1052 1604 1093 χήρας
1617 1052 1644 1082 δὲ
1665 1053 1750 1082 αὐτῶν
1763 1053 1810 1081 οὖ·

1036 1099 1088 1132 δεὶς
1102 1098 1215 1135 ἐλεήσει.
1230 1098 1296 1129 Ἐὰν
1309 1098 1408 1139 συνάγῃ
1423 1101 1438 1128 ὁ
1456 1098 1554 1134 ἀσεὸὴς
1566 1098 1612 1131 ἴσα
1625 1100 1660 1139 γῇ
1676 1098 1809 1138 ἀργύριον·

1036 1145 1116 1179 τόπος
1138 1144 1195 1174 ὅθεν
1209 1145 1323 1184 γίνεται;
1337 1145 1416 1179 τόπος
1431 1145 1458 1175 δὲ
1471 1145 1580 1186 χρυσίου
1598 1144 1656 1175 ὅθεν
1670 1145 1811 1181 διηθεῖται;

1037 1191 1209 1232 Σίδηροςῑμὲν
1224 1193 1254 1221 ἐκ
1267 1194 1316 1231 γῆς
1329 1191 1444 1231 γίνεται,
1452 1191 1552 1232 χαλκὸς
1566 1191 1593 1221 δὲ
1606 1191 1653 1220 ἶσα
1662 1191 1728 1231 λίθῳ
1734 1193 1824 1221 hro-⁷

1039 1243 1136 1277 μεῖται.
1149 1239 1209 1268 Πᾶν
1220 1237 1317 1277 τίμιον,
1329 1236 1417 1278 φησῗν,
1426 1234 1479 1268 εἶδέ
1488 1250 1538 1277 μου
1552 1240 1566 1267 ὁ
1579 1237 1721 1278 ὀφθαλμός.
1730 1237 1769 1267 ‘H
1783 1237 1811 1267 δὲ

1038 1283 1117 1324 σοφία
1130 1285 1211 1313 αὐτοῦ
1222 1283 1304 1313 πόθεν
1313 1283 1406 1323 εὑρέθη
1413 1295 1420 1320 ;
1428 1283 1556 1317 Ἀὅυσσος
1565 1278 1635 1319 εἶπε,
1644 1284 1692 1313 οὔκ
1699 1282 1769 1312 ἔστιν
1782 1285 1810 1313 ἐν

1038 1329 1106 1368 ἐμοί·
1117 1329 1161 1359 καὶ
1178 1329 1298 1359 θάλασσα
1311 1325 1380 1365 εἷπε,
1395 1330 1443 1360 οὐκ
1451 1329 1508 1359 ἔστι
1520 1331 1578 1369 μετ’
1590 1331 1664 1369 ἐμοῦ.
1679 1329 1811 1359 Ἔλκυσον

1039 1375 1131 1416 σοφίαν
1143 1375 1210 1416 ὑπὲρ
1220 1375 1254 1404 τὰ
1264 1376 1394 1405 ἐσώτατα.
1410 1378 1469 1406 Οὔκ
1480 1375 1640 1411 ἰσωθήσεται
1652 1377 1719 1415 αὗτῇ
1729 1374 1812 1405 τοπά-

1039 1423 1092 1455 ζιον
1106 1421 1242 1455 Αἰθιοπίας
1252 1444 1260 1457 ,
1270 1422 1315 1450 καὶ
1326 1421 1428 1463 χρυσίῳ
1441 1424 1548 1462 καθαρῷ
1561 1423 1589 1451 οὗ
1602 1421 1812 1462 cuffiam-axori-

1038 1479 1121 1497 σεται.
1136 1466 1170 1498 Ὅ
1184 1467 1280 1507 Κύριος
1295 1463 1323 1497 εῧ
1337 1467 1481 1504 συνέστησε
1494 1470 1575 1504 αὔτῆς
1587 1467 1636 1504 τὴν
1647 1467 1721 1497 ὁδόν·
1735 1467 1813 1501 αὐτὸς

1037 1514 1088 1554 γὰρ
1099 1513 1147 1549 τὴν
1160 1515 1204 1543 ὑπ’
1220 1514 1328 1554 οὐρανὸν
1347 1519 1436 1544 πᾶσαν
1459 1516 1558 1555 ἐφορᾷ,
1576 1513 1651 1547 εἰδὼς
1672 1513 1706 1542 τὰ
1728 1515 1755 1542 ἐν
1778 1515 1812 1553 τῇ

1037 1563 1071 1600 γῇ
1097 1559 1185 1589 πάντα
1196 1582 1203 1596 ,
1225 1559 1329 1598 ἀνέμων
1355 1560 1482 1600 σταθμὸν,
1496 1560 1598 1590 ὑδάτων
1617 1559 1710 1600 μέτρα.
1730 1554 1813 1589 Εἶπεν

1039 1605 1186 1645 ἀνθρώπῳ·
1201 1605 1257 1634 ἰδοὺ
1269 1608 1287 1641 ἡ
1301 1605 1435 1635 θεοσέὸειά
1449 1607 1507 1635 ἔστι
1521 1606 1611 1646 σοφία.

1078 1849 1335 1885 Ἀποσιωπησᾶντων
1355 1849 1383 1879 δὲ
1405 1850 1458 1878 τῶν
1471 1850 1562 1891 τριῶν,
1577 1849 1699 1889 προσθεὶς
1712 1848 1775 1879 ’1ὼὸ
1787 1850 1815 1879 ἐν

1038 1897 1076 1935 τῷ
1088 1895 1219 1936 προοιμίῳ
1232 1895 1303 1936 λέγει
1312 1907 1319 1914 ·
1342 1895 1391 1929 Τίς
1405 1896 1436 1926 ἄν
1459 1907 1492 1935 με
1515 1895 1571 1932 θείη
1595 1895 1665 1925 κατὰ
1679 1898 1751 1935 μῆνα
1764 1896 1815 1935 ἔμ-

1038 1945 1151 1983 προσθεν
1164 1944 1283 1982 ἡμερῶν,
1298 1938 1335 1971 ὧν
1346 1954 1379 1981 με
1394 1944 1408 1972 ὁ
1422 1942 1490 1975 Θεὸς
1501 1940 1644 1981 ἐφύλαξεν;
1660 1941 1727 1971 Ὅτε
1739 1942 1815 1981 ηὔγει

1039 1988 1159 2029 ὁλύχνος
1173 1990 1252 2018 αὐτοῦ
1267 1989 1334 2028 ὑπὲρ
1348 1989 1465 2028 κεφαλῆς
1483 2000 1532 2027 μου
1542 2010 1550 2024 ,
1562 1987 1756 2028 ἓξεπορευόμην
1769 1989 1814 2028 ὅρ-

1041 2037 1110 2074 θριος
1122 2035 1149 2063 ἐν
1160 2034 1255 2071 πόλει,
1270 2035 1297 2063 ἐν
1311 2033 1339 2063 δὲ
1354 2032 1490 2067 πλατείαις
1504 2033 1604 2063 ἐτίθετό
1625 2044 1674 2073 μου
1683 2035 1697 2063 ὁ
1711 2032 1810 2074 δίφρος.

1041 2081 1164 2111 Διέσωσα
1186 2080 1237 2122 γὰρ
1258 2080 1364 2120 πτωχὸν
1378 2081 1409 2109 ἐκ
1429 2080 1518 2120 χειρὸς
1544 2081 1670 2110 δυνατῶν.
1697 2079 1815 2120 Εὔλογία

1043 2126 1232 2167 ἀπολλυμένων
1251 2128 1293 2156 ἔπ’
1318 2126 1366 2166 ἐμὲ
1393 2125 1511 2156 ἐπέλθοι.
1537 2126 1706 2166 Ὀφθαλμὸς,
1720 2126 1814 2167 φησὶν,

1042 2172 1114 2212 ἤμην
1135 2174 1250 2213 τυφλῶν,
1262 2175 1327 2206 ποῦς
1341 2172 1368 2202 δὲ
1386 2173 1492 2212 χωλῶν,
1506 2172 1596 2213 πατὴρ
1625 2171 1654 2202 δὲ
1672 2171 1816 2202 ἀδυνάτων.

1044 2219 1194 2260 Συνέτριψα
1205 2218 1231 2248 δὲ
1246 2218 1331 2258 μύλας
1345 2217 1451 2256 ἀδίκων,
1466 2219 1496 2247 ἐκ
1508 2218 1535 2248 δὲ
1547 2217 1628 2257 μέσου
1643 2219 1695 2247 τῶν
1706 2216 1817 2247 ὀδόντων

1044 2267 1131 2295 αὐτῶν
1143 2265 1273 2305 ἅρπαγμα
1286 2265 1427 2300 ἐξέσπασα.
1443 2264 1547 2306 Ὥσπερ
1561 2267 1596 2305 γῆ
1611 2265 1714 2305 διψῶσα
1733 2264 1816 2304 προσ-

1045 2311 1175 2351 δεχομένη
1195 2311 1239 2340 τὸν
1257 2311 1341 2347 ὑετὸν,
1356 2310 1438 2344 οὕτως
1458 2306 1529 2340 οὗτοι
1551 2310 1600 2347 τὴν
1621 2310 1688 2350 ἐμὴν
1710 2309 1816 2339 λαλιάν.

1044 2358 1231 2394 Κατεσκήνουν
1255 2359 1290 2391 ὥς
1311 2357 1434 2397 βασιλεὺς
1458 2360 1484 2387 ἐν
1503 2357 1668 2397 μονοζώνοις.
1688 2355 1819 2396 Ἀφρόνων

1044 2403 1108 2440 υἱοὶ,
1121 2403 1166 2433 καὶ
1180 2402 1270 2443 ἄτιμοι
1284 2403 1380 2443 ὄνομα·
1398 2403 1454 2433 νυνὶι
1469 2403 1497 2433 δὲ
1514 2402 1610 2443 κιθάρα
1624 2401 1677 2442 ἐγώ
1700 2403 1756 2441 εἶμι
1767 2403 1816 2431 αὖ·

1044 2452 1107 2486 τῶν,
1122 2449 1167 2479 καὶ
1186 2450 1234 2489 ἐμὲ
1248 2449 1388 2490 θρύλλημα
1409 2449 1526 2491 ἔχουσιν.
1540 2449 1604 2479 Ἀπὸ
1628 2448 1655 2478 δὲ
1676 2443 1818 2488 προσώπου

1046 2507 1096 2534 μου
1111 2497 1159 2525 οὐκ
1170 2495 1309 2536 ἐφείσαντο
1319 2495 1573 2536 πτύελον.”Ηγησαι
1587 2495 1616 2525 δέ
1627 2507 1662 2534 με
1673 2494 1720 2524 ἴσα
1731 2494 1820 2534 πηλῷ,

1045 2543 1071 2570 ἐν
1085 2544 1120 2581 γῇ
1134 2542 1179 2572 καὶ
1201 2543 1291 2581 σποδῷ
1306 2554 1357 2581 μου
1371 2545 1387 2578 ἡ
1407 2541 1492 2582 μερίς.
1512 2540 1589 2582 Χειρὶ
1604 2541 1632 2571 δὲ
1655 2546 1770 2582 κραταιᾷ
1785 2552 1818 2580 με

1044 2588 1237 2627 ἑμαστίγωσας.
1249 2587 1384 2629 Ἀδελφὸς,
1395 2587 1479 2629 φησὶ,
1490 2586 1585 2627 γέγονα
1593 2587 1736 2628 Σειρήνων,
1748 2587 1818 2616 ἑταῖ·

1046 2646 1089 2674 ρος
1103 2634 1130 2664 δὲ
1154 2635 1294 2674 στρουθῶν.
1310 2635 1343 2663 Et
1362 2633 1552 2670 ἐξηκολούθησε
1565 2636 1582 2669 ἡ
1597 2633 1693 2673 καρδία
1708 2644 1757 2671 μου
1770 2644 1817 2671 γυ-
