1890 2826
249 199 318 234 272

246 266 274 289 et
288 259 476 289 abduxerunt
489 258 658 295 Danielem,
681 263 710 287 et
730 258 869 288 miserunt
886 258 999 286 eumin

251 307 350 339 laeum
359 305 485 336 leonum.
495 306 597 335 Forsan
611 303 738 334 nonnulli
750 310 869 335 vestrum
881 303 993 333 dicunt:

246 349 344 383 Nonne
354 353 444 393 potuit
456 362 505 382 rex
524 351 640 380 liberare
651 351 734 381 enmi'
748 350 869 381 Maxime
883 349 995 389 quidem

249 400 340 440 potuit
352 400 426 429 Deus
438 408 529 438 regem
540 398 626 428 faeere
638 397 825 437 potentiorem,
839 396 886 427 sed
895 396 930 426 ad
940 406 997 426 cer-

251 452 338 475 tarnen
350 445 480 476 athletam
491 444 575 475 ducit.
592 445 711 475 Noverat
720 444 813 481 finem,
827 453 882 474 non
893 443 997 483 ignora-

248 492 294 521 bat
307 491 420 521 exitum.
430 492 466 520 At
478 501 527 520 rex
536 491 561 520 si
572 490 654 520 finem
663 489 737 522 hunc
749 490 870 522 scivisset
881 495 996 520 eventu-

250 549 323 575 rum,
332 548 385 567 non
399 537 548 567 laborasset
562 536 655 577 utique
670 549 677 567 t
691 536 741 567 sed
750 547 803 567 non
819 536 996 577 potuit.Lau-

253 583 354 613 dabilis
366 590 407 613 est
419 584 455 614 ob
473 582 607 621 studium,
621 583 700 614 venia
714 583 812 624 dignus
824 583 859 613 ob
872 584 997 623 ignoran-

253 629 413 660 tiam.Adeo
425 636 566 670 exoptatus
577 639 607 659 ac
618 629 742 659 amabilis
754 636 811 659 erat
823 629 938 659 Daniel:
949 628 997 658 sed

251 675 355 706 invidia
366 686 400 706 ne
410 676 526 716 pulchra
544 675 655 716 quidem
673 676 774 706 intueri
791 675 933 706 sinit2imo
952 675 996 705 in-

251 723 322 752 tueri
332 722 443 762 quidem
454 723 584 763 permittit
591 745 599 760 ‚
614 729 642 753 at
653 733 708 754 non
721 722 817 753 iisdem
826 722 923 752 oeulis.
935 723 996 752 Non

252 776 366 809 oportet,
392 769 530 808 inquiunt,
551 769 619 800 adeo
642 769 799 810 languidam
824 780 882 799 esse
907 780 998 799 rerum

220 819 223 822 '
253 814 521 853 administrationem,
543 818 629 855 neque
647 815 719 856 leges
738 822 843 845 nostras
859 815 998 845 instabiles

253 871 320 890 csse.
345 861 415 890 Tota
431 871 496 900 gens
513 861 674 891 oontumelia
694 860 822 891 afficitur.
845 861 999 891 Immittunt

253 906 397 936 Danielem
415 906 444 936 in
462 907 561 936 fossam
574 918 580 934 :
593 908 737 948 imponunt
754 907 882 948 lapidem.
895 909 938 937 Et
953 909 999 937 di·

591 196 621 220 S.
648 196 788 220 JOANNIS
814 194 999 219 CHRYSOST·
1029 194 1185 218 Annium).
1213 194 1485 218 CONSTANTINOP-

1056 257 1110 295 μα)
1123 256 1182 296 ἄγει
1193 255 1239 286 τὸν
1252 255 1379 292 ἀθλητήν.
1388 255 1468 298 ’ᾙδει
1480 254 1512 285 τὸ
1524 254 1608 292 τέλος,
1629 255 1678 285 οὐκ
1690 255 1778 295 ἠγνόει
1792 260 1823 288 τὸ

1053 305 1144 345 πέρας.
1157 304 1229 335 Οὐδὲ
1240 306 1255 334 6
1269 302 1392 343 βασιλεὺς
1404 304 1429 332 εἰ
1441 304 1520 332 τοῦτο
1531 301 1591 342 ᾔδει
1602 302 1634 333 τὸ
1650 302 1725 337 τέλος
1739 303 1820 338 ἐκὸη-

1053 351 1172 390 σόμινον,
1182 350 1332 391 ἠγωνίσατο
1343 350 1375 380 ἄν
1386 361 1393 368 ·
1407 349 1466 379 ἀλλ’
1478 349 1526 379 οὔκ
1537 348 1657 390 ἴσχυσεν.
1670 349 1823 382 Ἀπόδεκτος

1051 399 1100 434 τῆς
1115 397 1271 438 προθυμίας,
1293 395 1459 436 συγγνωστὸς
1471 396 1520 431 τῆς
1533 395 1655 435 ἀγωνίας.
1668 395 1749 426 Οὕτω
1772 407 1823 426 πο-

1015 442 1034 466 c
1054 443 1136 478 θεινὸς
1153 439 1187 481 ἦν
1208 445 1223 474 ὁ
1244 444 1367 480 Δανιήλ·
1390 444 1450 473 ἀλλ’
1473 445 1489 474 ὁ
1510 442 1602 483 φθόνος
1619 441 1679 473 οὐδὲ
1698 442 1733 472 τὰ
1754 441 1823 472 καλὰ

1053 490 1148 531 ἀφίησι
1162 490 1279 530 βλέπειν,
1292 491 1392 530 μᾶλλον
1405 490 1433 520 δὲ
1446 489 1554 530 βλέπειν
1567 489 1616 529 μὲν
1626 488 1707 526 αὐτὰ,
1722 489 1752 519 οὖ
1769 493 1824 522 τοῖς

1052 539 1141 572 αὖτοῖς
1161 537 1189 568 δὲ
1209 539 1363 579 ὀφθαλμοῖς.
1385 539 1427 568 Οὐ
1446 538 1495 575 δεῖ,
1515 537 1606 578 φασὶν,
1624 535 1708 570 οὕτως
1725 536 1825 566 ἔκλυτα

1053 580 1119 615 εἶναι
1138 584 1172 614 τὰ
1185 584 1342 625 πράγματα,
1357 584 1417 615 οὐδὲ
1431 583 1572 617 ᾶὸεὸαίους
1584 582 1645 616 τοὺς
1657 582 1753 621 νόμους
1765 580 1826 614 τοὺς

1052 632 1116 670 παρ’
1128 632 1202 670 ἡμῖν.
1217 629 1258 660 Τὸ
1270 630 1342 664 ἔθνος
1350 629 1411 660 ὅλον
1421 630 1564 670 ὓὸρίζεται.
1576 629 1776 668 Ἐμὸάλλουσιν
1787 629 1825 661 εἷς

1053 677 1098 707 τὸν
1110 677 1209 707 λάκκον
1221 689 1228 696 ·
1246 676 1392 707 ἐπιτιθέασι
1415 677 1496 707 λίθον.
1514 676 1570 707 Καὶ
1582 671 1655 706 εἶπεν
1673 677 1688 705 ὁ
1703 674 1826 715 βασιλεὺς

1053 725 1092 764 τῷ
1106 723 1209 759 Δανιήλ
1217 735 1224 742 ·
1241 723 1340 759 ὃΘεὸς,
1357 718 1380 763 ᾧ
1390 722 1422 753 σὺ
1433 722 1569 763 λατρεύεις
1580 722 1734 761 ἐνδελεχῶς,
1748 721 1826 754 αὐτὸς

1053 769 1182 804 ἐξελεῖταί
1198 781 1239 800 σε.
1256 769 1310 800 Καὶ
1329 769 1444 809 ἤνεγκαν
1457 769 1529 799 λίθον
1543 768 1602 805 ἕνα,
1623 768 1671 798 καὶ
1693 767 1826 803 ἐπέθηκαν

1054 815 1098 846 ἐπὶ
1111 816 1141 845 τὸ
1155 816 1242 855 στόμα
1251 818 1298 846 τοῦ
1308 815 1408 846 λάκκου
1415 827 1421 835 ·
1432 815 1478 845 καὶ
1488 813 1667 855 ἐσφραγίσατο
1678 816 1691 844 ὁ
1704 812 1828 853 βασιλεὺς

1053 864 1092 903 τῷ
1106 862 1239 902 δακτυλίῳ
1256 863 1347 899 αὐτοῦ,
1362 862 1408 891 καὶ
1426 862 1465 902 τῷ
1479 860 1613 902 δακτυλίῳ
1629 862 1684 890 τῶν
1699 859 1828 899 μεγιστά-

1053 921 1104 939 νων
1117 911 1207 945 αὖτοῦ,
1218 908 1289 943 ὅπως
1302 909 1339 947 μὴ
1353 909 1484 948 ἀλλοιωθῇ
1497 912 1610 948 πρᾶγμα
1624 903 1651 936 ἐν
1661 908 1700 946 τῷ
1712 905 1827 941 Δανιήλ.

253 955 298 982 xit
316 963 368 982 rex
384 953 506 982 Danieli
516 965 524 982 ε
536 954 632 990 Deus,
646 956 696 983 eui
705 960 737 983 tu
747 955 836 984 servis
849 956 998 991 continue,
1015 967 1036 990 1)
1054 955 1109 985 Καὶ
1127 957 1244 991 ἀπῆλθεν
1263 957 1278 985 ὁ
1302 953 1425 994 βασιλεὺς
1446 955 1484 987 εἰς
1508 953 1554 983 τὸν
1576 947 1648 983 οἶκον
1667 953 1760 992 αὐτοῦ,
1781 951 1828 981 καὶ

254 1001 315 1039 ipse
341 999 479 1029 liberabit
501 1006 539 1031 te.
557 1001 606 1030 17.
616 1000 659 1030 Et
682 1001 845 1030 attulerunt
871 1001 999 1041 lapidem

255 1052 394 1082 unum,et
410 1048 609 1085 imposuerunt
628 1057 714 1087 super
731 1056 763 1076 os
783 1047 844 1076 laci
853 1059 862 1076 .-
874 1053 904 1077 et
922 1048 999 1076 obsi-

254 1093 358 1131 gnavit
368 1103 420 1122 rex
433 1093 548 1122 annulo
564 1103 629 1130 suo,
640 1100 669 1123 et
690 1095 805 1123 annulo
825 1098 999 1133 optimatum

255 1149 374 1168 suorum
383 1150 391 1166 :
399 1145 431 1168 ut
445 1139 522 1168 nihil
533 1145 696 1169 mutaretur
702 1141 736 1169 in
746 1140 882 1170 Daniele.
897 1141 946 1170 18.
958 1141 1001 1169 Et

255 1186 330 1213 abiit
339 1195 390 1214 rex
400 1186 431 1214 in
438 1185 556 1215 domum
566 1195 661 1223 suam,
674 1192 703 1215 et
715 1187 814 1216 cubuit
824 1188 999 1223 incoenatus,

257 1238 285 1261 et
295 1233 373 1262 cibos
385 1242 445 1261 non
456 1239 653 1272 apposuerunt
665 1235 703 1270 ei,
714 1239 743 1263 et
755 1243 874 1263 somnus
885 1235 1001 1263 recessit

257 1280 295 1307 ab
309 1289 354 1308 eo.
367 1277 520 1308 Recordare
531 1278 599 1308 mihi
611 1286 815 1309 monumentum
825 1279 940 1316 Christi,
952 1280 1001 1309 uhi

256 1325 274 1355 J
277 1324 346 1354 udaei
364 1324 453 1364 sigilla
467 1324 666 1364 imposuerunt.
681 1325 810 1364 Alioquin
823 1326 897 1355 enim
911 1325 1001 1355 dixis-

257 1378 315 1400 sent
328 1381 385 1400 rem
403 1381 452 1411 per
470 1370 594 1401 fraudem
603 1382 634 1401 ac
648 1371 795 1412 praestigias
813 1383 871 1402 esse
890 1372 999 1402 factam.

257 1418 277 1447 S
293 1416 425 1456 dubique
434 1427 494 1456 quae
505 1417 541 1446 ab
550 1416 667 1447 inimicis
681 1418 778 1448 nostris
791 1425 942 1459 patrantur,
951 1429 1002 1458 pro

1054 1001 1183 1040 ἐκοιμήθη
1210 1001 1343 1038 ἄδειπνος,
1368 1000 1415 1031 καὶ
1437 999 1572 1038 ἐδέσματα
1597 999 1646 1029 οὐκ
1670 997 1828 1037 εἰσήνεγκαν

1055 1048 1137 1087 αὐτῷ,
1155 1046 1200 1076 καὶ
1213 1049 1228 1077 δ
1241 1046 1321 1080 ὕπνος
1335 1046 1438 1082 ἀπέστη
1453 1046 1500 1075 ἀπ’
1521 1046 1613 1076 αὖτοῦ.
1634 1043 1830 1083 Ἀναμνήσθητί

1057 1104 1103 1132 μοι
1120 1095 1166 1122 τοῦ
1189 1093 1317 1132 μνημείου
1334 1094 1380 1122 τοῦ
1400 1092 1528 1132 Χριστοῦ,
1550 1091 1612 1121 ἔνθα
1631 1089 1666 1120 τὰ
1689 1089 1829 1130 σήμαντρα

1055 1139 1187 1177 ἐπέθηκαν
1200 1141 1226 1169 οἱ
1239 1140 1371 1170 Ἰουδαῖοι.
1384 1140 1419 1169 Εἰ
1427 1138 1479 1179 γὰρ
1490 1137 1528 1177 μὴ
1543 1140 1620 1168 τοῦτο
1635 1132 1679 1174 ἦν,
1690 1132 1768 1167 εἶπαν
1786 1137 1829 1172 ἂν,

1061 1187 1102 1217 ὅτι
1113 1186 1183 1216 κατὰ
1194 1186 1317 1227 γοητείαν
1330 1186 1362 1216 τὸ
1377 1190 1490 1226 πρᾶγμα
1501 1183 1616 1225 γέγονεν.
1633 1182 1715 1214 Ἀλλὰ
1727 1195 1831 1213 παντα-

1056 1236 1106 1273 χοῦ
1119 1232 1154 1263 τὰ
1164 1232 1239 1273 παρὰ
1248 1234 1302 1262 τῶν
1312 1233 1416 1272 ἐχθρῶν
1428 1230 1563 1272 γινόμενα,
1579 1230 1646 1270 ὑπὲρ
1657 1231 1735 1269 ἡμῶν
1747 1230 1829 1259 ἐστιν.

1057 1279 1115 1309 Ἵνα
1128 1279 1181 1319 γὰρ
1197 1283 1287 1308 πᾶσαν
1309 1280 1398 1312 αὐτοῖς
1411 1277 1492 1318 ἀνέλῃ
1511 1276 1655 1317 πρόφασιν,
1668 1278 1747 1305 τοῦτο
1757 1275 1829 1315 γίνε-

1055 1337 1101 1355 ται
1112 1337 1119 1344 ·
1133 1324 1179 1355 καὶ
1189 1326 1206 1367 ὁἸ
1218 1323 1340 1364 βασιλεὺς
1353 1324 1441 1361 τίθησι
1463 1327 1573 1362 σημεῖα,
1597 1321 1640 1352 ἵνα
1663 1321 1771 1355 ἐκείνοις
1792 1321 1829 1360 μὴ

1056 1370 1196 1411 ἐκγένηταί
1216 1382 1243 1400 τι
1265 1371 1385 1406 ποιῆσαι,
1407 1369 1426 1405 ἢ
1448 1368 1556 1406 ἐξελεῖν,
1581 1368 1626 1398 καὶ
1644 1367 1705 1401 τοὺς
1724 1367 1831 1399 λέοντας

1057 1417 1244 1448 αἰτιάσασθαι·
1263 1417 1381 1446 κάκεῖνοι
1402 1414 1430 1445 δὲ
1449 1414 1576 1451 τιθέασιν,
1599 1413 1644 1443 ἵνα
1666 1413 1705 1453 μὴ
1723 1412 1770 1452 ἐξῇ
1789 1414 1829 1452 τῷ

258 1463 337 1492 nobis
348 1469 420 1493 sunt.
449 1464 520 1493 Nam
533 1470 563 1494 ut
575 1463 741 1493 delatoribus
761 1465 848 1494 omnis
865 1465 1002 1494 auferatur
1019 1473 1039 1497 Ε
1059 1465 1163 1504 βασιλεῖ
1175 1463 1304 1504 ῥύσασθαι
1318 1461 1408 1498 αὐτὸν,
1426 1462 1486 1491 ἀλλ’
1503 1460 1586 1494 οὕτως
1599 1459 1745 1490 ἀδέκαστον
1757 1458 1830 1498 γενέ-

258 1516 415 1549 praetextus,
429 1508 460 1538 id
473 1509 562 1539 evenit
578 1521 584 1538 :
600 1516 627 1540 et
638 1520 686 1540 rex
708 1510 784 1550 ponit
800 1510 890 1550 signa,
903 1518 933 1540 ut
946 1510 1003 1540 illis

256 1557 370 1587 facultas
392 1567 446 1587 non
465 1565 534 1587 esset
554 1556 704 1597 quidquam
720 1558 902 1596 finiendi‚vel
922 1558 1003 1588 illum

258 1603 425 1639 extrahendi,
448 1611 473 1634 et
495 1604 586 1634 leones
609 1604 737 1634 causandi
751 1605 815 1634 :illi
835 1616 900 1636 vero
921 1606 1002 1636 etiam

259 1651 402 1690 imponunt
414 1650 500 1690 signa,
515 1658 545 1680 ut
557 1660 610 1680 non
623 1651 716 1680 liceret
728 1652 785 1689 regi
799 1652 914 1682 liberare
927 1664 1002 1690 eum,

258 1703 338 1735 atque
350 1696 388 1726 sic
401 1696 428 1725 in
439 1703 498 1726 tuto
511 1696 649 1726 decretum
664 1703 742 1726 esset.
758 1698 795 1727 Et
808 1708 862 1727 non
875 1700 1002 1737 coenavit,

261 1743 361 1782 inquit,
375 1753 435 1779 rex,
446 1753 534 1782 neque
546 1738 672 1773 dormiit.
687 1743 760 1774 Vide
779 1752 878 1784 quanta
903 1745 948 1776 vis
969 1746 1006 1776 sit

261 1789 371 1819 amoris.
390 1791 426 1820 Et
446 1789 536 1829 quid?
551 1790 673 1820 Primum
688 1790 799 1831 quidem
818 1792 886 1822 bene
896 1803 1004 1833 sperare

258 1836 336 1875 jubet
349 1835 441 1865 dicens
455 1847 462 1863 z
476 1836 568 1872 Deus,
581 1838 628 1866 cui
647 1842 679 1866 tu
689 1839 781 1867 servis
791 1840 938 1869 continue.
947 1841 1004 1870 Ite·
1014 1862 1050 1880 2³5

1058 1514 1119 1540 σθαι
1131 1509 1179 1546 τὴν
1193 1510 1289 1549 ᾓφον.
1303 1507 1358 1538 Καὶ
1377 1508 1426 1537 οὐκ
1446 1505 1594 1544 ἐδείπνησε,
1615 1505 1690 1547 φησὶ,
1711 1506 1726 1534 ὃ
1748 1506 1829 1544 βασι-

1058 1555 1127 1592 λεὺς,
1148 1554 1208 1585 οὐδὲ
1227 1553 1409 1589 ἐκαθεῦδησεν.
1432 1552 1507 1592 ’Όρα
1527 1552 1609 1582 πόσον
1623 1555 1694 1581 ποιεῖ
1711 1550 1829 1591 φίλτρον.

1043 1601 1045 1603 ’
1059 1602 1113 1632 Καὶ
1124 1601 1164 1637 τί,
1177 1601 1290 1641 Πρῶτον
1309 1599 1357 1638 μὲν
1375 1598 1571 1639 παρεθάρσυνεν
1583 1597 1662 1627 αὐτὸν
1676 1596 1760 1637 λέγων
1773 1608 1780 1615 ·
1795 1595 1831 1625 Ὁ

1056 1648 1124 1681 Θεὸς
1137 1643 1160 1688 ᾧ
1173 1646 1206 1677 σὺ
1218 1644 1352 1685 λατρεύεις
1365 1645 1518 1684 ἐνδελεχῶς.
1531 1643 1619 1673 Πάλιν
1633 1642 1720 1673 αἰτίαν
1737 1641 1829 1678 τίθησι

1059 1694 1172 1729 δικαίαν,
1185 1692 1332 1732 δυναμένην
1345 1693 1425 1721 αὐτοῦ
1438 1691 1587 1726 ἀναστῆσαι
1599 1689 1648 1726 τὴν
1661 1688 1759 1729 ψυχήν.
1775 1688 1831 1718 Καὶ

1057 1740 1110 1781 γὰρ
1123 1736 1156 1777 ἧν
1168 1740 1231 1773 ἴσως
1251 1737 1381 1774 ἀκηκοώς.
1392 1732 1462 1767 Εἶτα
1476 1736 1652 1777 παραγίνεται
1671 1735 1753 1774 ὕμνον
1766 1737 1830 1765 ἀνα-

1059 1786 1152 1827 φέρων.
1162 1785 1233 1816 Τότε
1245 1786 1259 1814 ὃ
1269 1782 1391 1824 βασιλεὺς
1403 1782 1471 1813 πολὺ
1484 1781 1618 1822 ἠγαθύνθη
1630 1782 1672 1811 ἐπ’
1683 1782 1756 1821 αὗτῷ
1765 1792 1772 1800 ·
1783 1780 1830 1810 καὶ

1059 1834 1104 1864 τὸν
1126 1833 1229 1870 Δανιὴλ
1250 1828 1323 1862 εἶπεν
1345 1833 1491 1870 ἀνενεγκεῖν
1514 1831 1545 1860 ἐκ
1565 1832 1612 1859 τοῦ
1636 1829 1747 1859 λάκκου.
1775 1828 1830 1859 Καὶ

262 1893 325 1911 rum
341 1893 448 1912 causam
465 1882 567 1922 justam
583 1883 669 1923 ponit,
684 1894 744 1922 qnae
758 1885 842 1924 possit
855 1885 930 1915 illius
942 1887 1003 1916 ani-
1022 1891 1042 1912 A
1060 1879 1192 1920 ἀνηνέχθη
1213 1878 1315 1915 Δανιὴλ
1335 1879 1365 1907 ἐκ
1378 1879 1424 1906 τοῦ
1435 1876 1545 1912 λάκκου,
1557 1875 1604 1908 καὶ
1613 1879 1689 1905 πᾶσα
1702 1874 1830 1915 διαφθορὰ

262 1938 338 1956 mum
358 1928 471 1967 erigere.
490 1929 591 1958 Forsan
616 1929 689 1958 enim
711 1930 851 1960 Danielem
870 1932 1003 1962 andierat.

262 1973 367 2002 Deinde
378 1974 480 2003 accedit
489 1974 619 2016 hymnum
632 1976 778 2015 proferens.
793 1979 842 2007 ⁴25.
859 1979 884 2008 T
882 1990 940 2008 une
953 1990 1006 2009 rex

263 2021 388 2049 multum
408 2021 525 2060 gavisus
544 2028 588 2050 est
607 2031 694 2061 super
705 2033 739 2051 eo
755 2035 763 2051 .·
779 2030 807 2053 et
825 2029 959 2066 praeeepit
973 2034 1005 2057 ut

262 2066 421 2095 Danielem
444 2067 598 2097 educerent
617 2068 655 2096 de
675 2067 753 2097 lacu.
766 2071 809 2099 Et
821 2071 942 2102 eductus
962 2080 1006 2102 est

264 2112 376 2141 Daniel
391 2113 428 2141 de
443 2113 522 2149 lacu,
538 2120 564 2142 el
580 2114 667 2143 nulla
685 2115 766 2145 laesio
783 2118 905 2147 inventa
917 2126 960 2148 est
973 2123 1006 2149 in

263 2158 328 2194 illo,
343 2161 414 2198 quia
432 2160 554 2188 eredidit
569 2162 634 2189 Deo
652 2170 716 2190 suo.
730 2164 780 2192 94.
795 2164 837 2192 Et
850 2165 926 2194 dixit
939 2176 1004 2203 rer,

261 2210 290 2233 et
305 2205 495 2235 adduxerunt
506 2206 586 2235 viros
598 2208 649 2247 qui
668 2217 881 2240 accusaverant
894 2212 1005 2242 Danie-

263 2251 322 2281 lem
335 2254 421 2281 :etin
439 2251 536 2281 lacum
553 2253 669 2283 leonum
693 2255 794 2294 injecti
813 2263 882 2286 sunt
893 2259 960 2297 ipsi,
975 2265 1004 2287 et

265 2334 388 2363 κάμματα,
405 2332 479 2364 φύλλα
496 2332 579 2366 δάφνης
590 2335 612 2358 ἐν
628 2334 659 2362 οἴ,-
668 2337 771 2360 σκέπουσι
779 2338 811 2360 τὰ
823 2338 920 2368 ψαιστά·
942 2339 1023 2369 ὁμοίως

265 2373 302 2396 καὶ
318 2373 342 2396 αἱ
353 2372 505 2403 >cappas-ism.
517 2369 612 2396 Verum
622 2379 651 2396 ea
661 2371 802 2398 doctissimi
815 2374 927 2407 magistri
941 2375 1020 2401 verba

265 2408 353 2433 mutila
372 2408 499 2440 videntur,
518 2415 545 2434 et
562 2410 758 2444 transpositione
776 2412 901 2441 laborant.
919 2415 973 2447 Ego
992 2423 1023 2440 ex

264 2448 376 2474 Athenaei
391 2448 435 2474 lib.
449 2450 475 2481 4,
493 2448 560 2475 unde
576 2449 709 2483 desumpta
724 2457 792 2484 sunt,
812 2454 848 2478 sic
864 2454 1022 2480 emendanda

265 2496 369 2513 censeo:
384 2490 541 2522 καμματίδαι,
560 2497 603 2514 seu
621 2490 714 2522 potius,
727 2494 878 2524 καμματίδες,
891 2496 965 2528 φύλλα
982 2496 1023 2520 δά-

266 2539 319 2561 φνης
337 2531 360 2553 ἐν
379 2530 410 2557 οἷς
421 2533 522 2556 σκέπουσι
537 2532 569 2555 τὰ
580 2533 677 2562 thalami*
691 2532 773 2562 ὁμοίως
788 2535 825 2558 καὶ
842 2535 872 2558 τὰ
890 2537 1020 2566 κάμματα,

264 2572 356 2599 ψαιστά.
370 2568 452 2593 Locus
460 2567 570 2593 Athenaei
581 2568 672 2594 obvius
679 2575 726 2600 cst,
741 2579 787 2595 nec
798 2569 887 2596 debuit
899 2581 913 2596 a
927 2573 1020 2597 Casan-

265 2604 334 2631 bono
351 2607 488 2632 sollicitari.
509 2606 562 2632 Sed
575 2606 607 2632 de
623 2606 662 2633 liis
680 2607 750 2634 alias.
770 2611 816 2635 llic
835 2611 918 2644 itaque
940 2612 1021 2637 scribe

1060 1928 1110 1966 οὐχ
1129 1925 1222 1966 εὑρέθη
1236 1926 1263 1954 ἐν
1288 1925 1371 1964 αὐτῷ,
1391 1922 1433 1952 ὅτι
1446 1921 1585 1951 ἐπίστευσε
1598 1922 1637 1960 τῷ
1655 1922 1720 1960 Θεῷ
1738 1922 1827 1950 αὐτοῦ.

1061 1972 1116 2002 Καὶ
1133 1967 1206 2001 εἶπεν
1217 1973 1231 2000 ὁ
1251 1968 1381 2010 βασιλεὺς,
1395 1968 1441 1998 καὶ
1461 1967 1560 2007 ἤγαγον
1577 1966 1638 2000 τοὺς
1658 1966 1753 2007 ἄνδρας
1770 1965 1830 1999 τοὺς

1059 2017 1249 2049 διαὸάλλοντας
1268 2015 1313 2045 τὸν
1333 2014 1452 2049 Δανιήλ·
1470 2013 1516 2043 καὶ
1539 2014 1576 2046 εἷς
1595 2012 1640 2042 τὸν
1656 2011 1754 2042 λάκκον
1774 2013 1829 2041 τῶν

1060 2063 1172 2093 λεόντων
1193 2060 1372 2097 ἐνεὸλήθησαν
1393 2058 1484 2094 αὐτοὶ,
1498 2058 1543 2088 καὶ
1563 2059 1587 2087 οἱ
1607 2057 1659 2087 υἱοὶ
1673 2059 1770 2094 αὖτῶν,
1785 2056 1830 2086 καὶ

1062 2110 1090 2139 αἱ
1107 2112 1228 2149 γυναῖκες
1241 2108 1327 2137 αὐτῶν
1338 2118 1344 2125 ·
1365 2105 1410 2135 καίΙ
1429 2106 1477 2134 οὖκ
1496 2104 1612 2145 ἔφθασαν
1632 2105 1669 2137 εἲς
1690 2102 1720 2133 τὸ
1737 2102 1831 2143 ἔδαφος

1062 2160 1107 2188 τοῦ
1121 2157 1229 2194 λάκκου,
1241 2156 1291 2189 ἕως
1304 2151 1334 2185 οὗ
1347 2154 1500 2195 ἐκυρίευσαν
1514 2154 1600 2183 αὐτῶν
1615 2154 1640 2182 οἱ
1652 2152 1768 2189 λέοντες,
1784 2152 1831 2181 καὶ

1059 2209 1147 2239 πάντα
1157 2207 1192 2237 τὰ
1203 2209 1269 2237 ὀστᾶ
1282 2207 1368 2236 αὐτῶν
1383 2204 1535 2234 ἐλέπτυναν.
1549 2207 1561 2220 ’
1570 2203 1650 2236 Τίνος
1663 2203 1749 2233 ἕνεκεν
1762 2206 1830 2232 παῖ-

1062 2259 1103 2292 δες
1129 2258 1174 2288 καὶ
1193 2261 1315 2298 γυναῖκες
1340 2255 1518 2286 ἀπόλλυνται;
1543 2253 1571 2283 τί
1596 2252 1716 2293 ἥμαρτον
1739 2247 1830 2287 οῧτοι;

1071 2341 1177 2370 σκάμμα,
1189 2344 1245 2369 quae
1255 2343 1306 2361 vox
1315 2334 1499 2368 chrysostomo
1510 2330 1650 2362 familiaris,
1663 2335 1693 2355 ut
1707 2334 1735 2355 et
1750 2334 1831 2354 meta-

1070 2375 1151 2409 phora
1162 2383 1212 2408 qua
1223 2374 1267 2400 hie
1277 2374 1365 2399 utitur.

1104 2423 1116 2435 ⁸·
1133 2420 1194 2445 Τίνος
1204 2417 1275 2440 ἔνεκεν
1283 2415 1359 2442 παῖδες
1368 2416 1405 2439 καὶ
1414 2418 1514 2445 γυναῖκες
1523 2411 1674 2440 ἀπόλλων-αις
1682 2407 1747 2432 Vera
1755 2415 1830 2432 causa

1071 2453 1194 2480 barbarus
1202 2459 1369 2488 tyrannorum
1375 2451 1489 2477 omnium
1498 2457 1562 2479 mou,
1572 2453 1599 2473 et
1606 2446 1684 2472 etiam
1692 2445 1831 2479 plerarum-

1071 2503 1119 2528 que
1131 2494 1243 2528 gentium
1253 2492 1328 2526 leges.
1341 2489 1463 2523 Exempla
1475 2489 1566 2522 passim
1579 2485 1778 2520 suppeditabunt
1791 2485 1829 2510 hi-

1071 2534 1154 2559 storiae
1164 2543 1172 2566 3
1184 2532 1243 2558 libri
1253 2533 1358 2566 Regum,
1371 2529 1491 2560 sudium,
1503 2527 1625 2559 Esfflerae,
1637 2525 1767 2558 Jeremiae3
1778 2527 1828 2551 ue-

1071 2572 1191 2598 rodotus.
1209 2573 1243 2604 Q.
1260 2572 1375 2602 Curtius,
1392 2569 1520 2601 lustinus,
1536 2567 1682 2592 Ammianus
1699 2564 1826 2591 Marcelli-

1071 2622 1130 2643 nus,
1142 2618 1190 2637 etc.
