1904 2840
62 435 65 439 Α
115 400 254 441 ,αἰουὶὴυε
278 398 336 436 suis
361 398 561 429 conturbassent
581 411 588 428 :
610 399 675 438 quia
700 399 748 428 ubi
775 399 873 439 major.

0 884 42 911 πᾳ.
54 878 78 910 4.
90 887 112 902 2.

9 918 44 934 η.
56 911 96 934 32.

0 942 111 965 Pmo.30.

630 179 663 202 IN

689 178 894 203 MATTRAEUM.
923 178 1041 201 nomn„
1070 178 1144 201 XXI.

1532 150 1540 154 ”
1587 167 1658 203 855

119 243 167 273 sed
180 248 211 271 ut
227 240 332 280 ahquid
349 239 489 270 calumnia
501 239 648 270 inveniant.
663 240 700 271 Et
719 239 781 270 ideo
793 239 860 269 sim-
878 241 899 265 A
915 239 1005 268 statim
1020 239 1048 269 in
1061 235 1162 279 ¹primis
1181 246 1284 279 ponunt
1305 239 1503 271 daemoniacum
1521 247 1659 278 curatum,

119 281 226 323 pliciter
243 280 371 310 audiebat
382 279 501 320 populus
517 279 643 325 simplex..
656 281 798 325 stantem,
813 279 860 308 ali-

114 321 168 362 qui
179 331 273 350 eorum
285 320 432 355 affuissent,
443 319 500 354 sine
510 318 596 349 dubio
610 319 747 349 silentium
757 325 784 349 et
797 329 859 358 gra-

119 359 354 405 vitatempopuli,
369 359 439 389 sicut
459 359 578 389 consueti
596 359 713 396 fuerant,
726 358 861 388 contradi-

119 437 305 476 scientia,illic
315 439 417 469 malitia
425 439 531 468 fortior.
540 439 595 475 Qui
607 438 680 468 enim
692 438 861 468 festinaverat

118 490 176 510 esse
187 478 272 519 prior,
285 478 398 509 difficile
412 485 551 508 contentus
568 485 625 508 erat
640 489 696 508 esse
713 477 857 507 secundus.

119 520 170 550 29.
182 520 259 549 Erae
269 520 347 548 enim
358 519 464 548 doeens
478 528 527 547 eos
539 521 615 554 sicat
623 524 794 556 potestatem
808 517 861 546 hae

120 560 201 589 bens.
217 558 314 588 Omnis
331 557 425 588 doctor
444 568 538 588 servus
553 564 594 587 est
605 557 761 597 legis,'quia
775 566 861 595 neque

119 609 201 639 supra
218 597 304 636 legem
321 597 420 628 addere
433 604 518 637 potest
534 597 639 636 aliquid
650 597 685 626 de
697 607 746 627 suo
766 606 858 632 sensu,

119 638 374 676 uequesuhtrahere
387 636 492 676 aliquid
504 636 804 706 secundumrgrdloprium
815 635 861 704 igi

111 677 531 756 ‘ffssqttnmfnsp‘ssehogetgnssim
551 686 643 756 poia?
656 683 861 746 men?hu21:m

119 756 261 792 directam,
277 756 306 785 id
315 763 364 791 est,
374 754 448 786 extra
461 762 564 785 rectum
574 754 670 792 facere,
682 755 784 785 scilicet
795 765 861 795 per·
871 791 873 794 Ι

120 806 230 826 versum
241 795 291 829 vel
308 795 410 825 malum
423 794 571 830 ostendere,
581 794 655 833 quod
675 795 804 835 sapientia
815 794 859 823 di-

121 836 185 864 vina
204 835 328 865 dictavit.
343 835 390 866 Sic
406 835 478 864 enim
496 834 535 864 ait
554 835 642 865 Moses
660 845 691 865 ac
709 835 836 866 Salomon
853 845 860 862 :

122 875 191 904 Non
210 875 304 904 addas
316 876 415 904 verbis
433 875 502 910 Dei,
516 884 609 913 neque
626 875 764 904 detrahas
781 874 861 903 inde.

122 914 178 951 Qui
184 921 274 944 autem
283 914 335 945 boc
345 925 427 944 ausus
435 913 517 944 fuerit
524 913 621 950 facere,
633 924 662 944 se
674 924 701 943 sa
724 913 862 943 ientiorem

121 961 198 993 putat
210 964 266 984 esse
295 964 357 984 narn
364 953 464 990 neum,-
472 954 499 982 et
512 953 607 993 incipit
617 964 672 991 esse
679 925 763 984 saisus
775 953 860 990 testis,

115 993 183 1032 quia
196 992 267 1023 illud
297 993 344 1023 icit
353 993 426 1032 quod
437 1003 484 1027 nec
494 993 569 1022 auris
579 992 696 1030 audivit,
710 1003 758 1022 nec
768 993 865 1032 oculus

119 1032 199 1063 vidit.
212 1032 337 1063 Christus
347 1040 436 1062 autem
445 1032 572 1062 dominus
583 1032 650 1072 legis
660 1039 710 1070 est,
721 1039 747 1062 et
757 1032 863 1062 subtra-

119 1071 184 1102 here
205 1079 292 1113 potest
312 1072 347 1102 de
368 1072 442 1119 lege,
462 1071 535 1111 quod
551 1079 660 1111 propter
680 1072 863 1102 necessitatem

120 1112 249 1152 temporis
261 1112 352 1152 jussit.
367 1113 405 1142 Ut
426 1119 481 1146 ute,
494 1118 606 1151 propter
624 1111 755 1143 duritiam
773 1111 863 1141 cordis

122 1150 223 1181 'ussum
235 1152 320 1181 suerat
331 1151 396 1180 dare
424 1150 538 1181 ibellum
549 1150 668 1191 repudii.
683 1151 815 1180 Dominus
826 1150 865 1192 ἰΙῇ

134 1190 171 1220 ud
192 1191 268 1230 quasi
287 1197 441 1230 potestatem
454 1190 557 1226 babens
575 1190 722 1227 subduxit,
738 1190 834 1221 dicens
845 1195 878 1220 'z‘

0 1237 58 1260 auh.
75 1243 112 1268 ¹9·
123 1231 210 1269 Quod
219 1231 300 1260 Deus
311 1230 476 1271 conjunxit,
491 1231 577 1260 homo
588 1240 648 1260 non
656 1224 783 1269 separet.
795 1229 863 1260 Item

121 1270 201 1300 etiam
209 1269 400 1309 addidit,quod
409 1276 520 1310 propter
529 1269 709 1300 infirmitatem
722 1269 863 1299 hominum

0 1320 57 1341 mh.
71 1319 94 1342 6.
120 1310 212 1339 minus
223 1310 310 1340 fuerat
319 1309 426 1350 jussum
443 1322 450 1338 :
467 1316 572 1349 utputa,
582 1309 729 1348 JAntiquis
740 1310 861 1356 dictum,

3 1365 11 1373 ι
21 1357 62 1373 22.

119 1351 187 1379 Νοὶι
207 1350 318 1378 occides
334 1361 342 1377 =
355 1360 409 1389 ego
418 1355 517 1379 autem
535 1349 612 1385 dico,
628 1349 697 1378 Non
712 1351 860 1379 irascar-15.

118 1388 183 1419 Ideo
199 1399 263 1428 ergo
274 1388 450 1425 mirabantur,
459 1388 523 1427 q'uia
534 1398 587 1418 non
599 1388 676 1427 quasi
686 1398 780 1418 servus
795 1388 863 1428 legis

915 278 945 307 in
962 278 1080 308 secundo
1094 285 1182 308 autem
1202 278 1261 308 loco
1279 280 1420 315 mulierem
1431 279 1533 309 carnali
1545 280 1661 310 infirmi-

916 324 969 347 tate
982 318 1098 348 febrium
1115 317 1267 355 liberatam,
1284 329 1315 348 ea
1327 319 1455 349 videlicet
1470 318 1584 357 ratione,
1597 320 1661 359 quia

915 358 1003 398 major
1018 368 1082 387 cura
1100 355 1148 387 D'ei
1158 365 1198 387 est
1209 357 1244 387 de
1256 359 1342 388 salute
1353 359 1460 396 animae,
1473 370 1556 398 quam
1573 359 1608 389 de
1619 370 1662 389 sa-

915 396 972 427 lute
991 397 1089 428 carnis.
1102 397 1223 428 Primum
1237 398 1359 435 quidem,
1371 399 1434 436 quia
1445 399 1604 437 dignitosior
1622 405 1661 429 est

915 437 1003 467 anima
1020 447 1102 475 quam
1120 447 1192 466 caro.
1208 436 1304 466 Anima
1318 438 1388 466 enim
1403 437 1460 467 sine
1469 449 1549 468 carne
1565 439 1661 469 vivere

913 481 1013 515 potest,
1024 486 1088 505 caro
1105 483 1195 506 autem
1208 476 1265 506 sine
1276 476 1365 506 anima
1383 477 1475 507 vivere
1487 488 1541 507 non
1559 485 1658 518 potest.

915 515 1040 545 Secundo
1049 513 1150 553 autem,
1161 516 1225 554 quia
1239 516 1353 549 inomni
1365 524 1472 556 peccato
1482 517 1559 559 prius
1570 517 1660 548 anima

914 561 1016 594 peccat,
1036 563 1126 595 postea
1140 566 1212 585 caro.
1228 556 1297 585 Nam
1315 556 1367 585 nisi
1384 556 1473 586 anima
1491 557 1567 596 prius
1579 557 1662 588 fuerit

914 594 1000 630 victa,
1011 605 1158 634 numquam
1169 605 1231 624 caro
1243 602 1330 636 potest
1337 606 1456 635 peccare.
1469 598 1539 626 Caro
1548 596 1659 636 quidem

913 633 990 673 prius
1009 634 1197 675 concupiscere
1216 635 1318 664 malum
1332 641 1428 675 potest,
1443 645 1557 676 ‘peccare
1570 643 1659 666 autem

913 683 966 703 non
981 680 1079 714 potest,
1095 674 1147 703 nisi
1164 674 1254 705 anima
1268 675 1311 704 illi
1327 675 1500 712 consenserit,
1515 676 1579 715 quia
1596 687 1658 706 caro

914 713 943 742 in
965 720 1093 753 potestate
1114 714 1210 743 animae
1228 721 1278 751 est,
1297 725 1350 744 non
1371 715 1461 744 anima
1482 715 1512 745 in
1532 722 1660 760 potestate

913 753 1012 783 carnis.
1028 753 1092 783 Ideo
1104 764 1167 793 ergo
1183 754 1360 784 necessarium
1373 755 1436 791 fuit,
1453 761 1483 784 ut
1501 765 1588 784 anima
1600 766 1660 794 quae

915 793 991 832 prius
1002 793 1143 828 ceciderat,
1156 800 1217 823 ante
1226 801 1383 834 resurgeret.
1400 794 1503 824 Deinde
1519 795 1608 824 anima
1622 795 1660 825 li-

916 833 1005 862 berata
1018 843 1034 862 a
1047 839 1175 873 potestate
1192 833 1295 863 diaboli
1307 838 1429 863 ‘carnem
1448 844 1524 863 suam
1547 834 1661 864 liberare

916 879 1003 911 potest
1014 884 1029 901 a
1059 879 1147 902 eccato
1163 874 1345 908 :carolautem
1356 881 1446 903 sanata
1458 874 1493 903 ab
1507 873 1661 903 infirmitate

917 912 1034 941 animam
1059 912 1162 942 iberare
1176 923 1229 942 non
1251 920 1338 953 potest
1353 924 1368 942 a
1384 920 1501 953 peccato,
1514 913 1560 942 sed
1576 914 1662 954 magis

916 962 978 982 eam
986 952 1092 988 evertit,
1107 952 1170 990 quia
1177 951 1348 982 incolumitas
1358 953 1446 982 carnis
1459 963 1563 992 semper
1575 953 1662 993 impu-

917 991 1096 1031 gnatjustitiae
1103 991 1285 1031 disciplinam.
1298 992 1348 1022 Hic
1359 999 1447 1022 autem
1458 992 1599 1030 Matthaeus
1607 999 1661 1022 sta-

916 1030 966 1062 tim
979 1031 1116 1070 leprosum
1126 1031 1202 1071 ponit
1211 1032 1371 1061 mundatum
1385 1032 1412 1061 in
1423 1032 1550 1072 mysterio
1559 1032 1656 1061 carnis.

917 1069 992 1107 Quid
1004 1070 1086 1110 ergo?
1101 1071 1230 1111 praeteriit
1241 1073 1381 1108 rationem,
1393 1082 1475 1110 quam
1484 1071 1533 1100 alii
1544 1081 1662 1111 evange-

916 1109 985 1139 listae
998 1110 1161 1149 tetigerunt?
1175 1111 1200 1140 N
1203 1121 1248 1147 on,
1262 1110 1310 1141 sed
1321 1111 1489 1140 abundanter
1502 1121 1561 1140 eam
1573 1122 1661 1151 expo—

916 1149 982 1179 suit.
991 1150 1050 1179 ‘Pro
1061 1160 1092 1179 eo
1105 1150 1188 1186 enim,
1203 1151 1277 1190 quod
1294 1150 1336 1180 illi
1355 1157 1503 1191 posuerunt
1516 1150 1663 1180 daemonia·-
1675 1160 1679 1165 ¹

899 1200 979 1227 „cum
1000 1196 1124 1219 curatum
1147 1189 1175 1219 in
1191 1191 1326 1230 mysterio
1351 1201 1463 1227 ammte,
1479 1191 1528 1220 iste
1552 1197 1663 1236 propter

917 1229 1031 1262 salutem
1056 1230 1151 1258 anirnae
1179 1230 1271 1270 posuit
1295 1230 1435 1261 Christum
1461 1229 1600 1259 docentem
1632 1241 1662 1259 in

917 1275 1023 1298 monte:
1036 1268 1107 1307 quod
1123 1269 1170 1298 alii
1184 1280 1236 1298 non
1245 1269 1383 1300 dixerunt.
1394 1271 1464 1300 Nam
1475 1270 1546 1300 sicut
1559 1270 1662 1310 effuga-

916 1307 955 1337 tio
968 1307 1104 1338 immundi
1118 1319 1130 1338 s
1151 1309 1229 1338 iritus
1242 1309 1339 1339 liberat
1357 1309 1474 1339 animam
1488 1309 1522 1340 de
1533 1316 1662 1355 potestate

916 1347 1118 1387 peccati,'quod
1151 1355 1161 1378 t
1174 1359 1223 1389 per
1233 1349 1432 1389 “suggestionem
1444 1349 1547 1379 diaboii
1562 1362 1569 1379 ε
1583 1350 1620 1379 ita
1636 1356 1663 1378 et

922 1387 1034 1416 verbum
1048 1386 1177 1418 doctrinae
1199 1389 1282 1418 solvit
1301 1399 1317 1418 o
1337 1389 1482 1419 erationem
1502 1389 1617 1426 diaboli,
1635 1396 1662 1419 et

117 1428 170 1458 sub
182 1428 311 1468 potestate
323 1429 482 1459 constitutus
490 1427 563 1457 illud
572 1427 685 1458 docebat
694 1427 769 1467 quod
777 1429 863 1465 fuerat
878 1434 898 1459 c
915 1427 1032 1456 animam
1044 1427 1140 1457 liberat
1153 1428 1188 1457 ab
1198 1439 1299 1464 errore,
1326 1429 1410 1459 iberat
1423 1441 1438 1458 a
1451 1436 1570 1469 peccato,
1580 1437 1661 1459 caete-

114 1467 234 1508 jussum,
248 1467 296 1498 sed
309 1468 387 1507 quasi
399 1467 526 1498 dominus
539 1467 618 1507 legis,
633 1474 659 1496 et
669 1468 771 1497 habens
802 1474 862 1497 ote-

117 1514 222 1545 statem,
236 1518 285 1537 sua
297 1507 458 1543 auctoritate,
463 1506 579 1537 addebat
591 1517 673 1546 super
684 1518 765 1546 quam
790 1514 863 1536 uerat

117 1545 334 1615 &ug-,odiatis
345 1559 352 1576 z
364 1547 490 1585 Antiqui:
502 1546 606 1576 dictum
619 1553 660 1576 eat
667 1546 719 1576 hoe
733 1559 740 1576 ε
754 1555 803 1586 ego
812 1556 863 1575 au-

263 1685 398 1715 Homilia
411 1686 475 1725 xxj.
491 1694 528 1713 ex
541 1684 634 1724 capite
646 1685 711 1723 viij.

158 1786 186 1815 1.
195 1785 236 1814 Et
245 1784 435 1814 descendente
441 1794 474 1813 eo
487 1783 524 1812 de
533 1789 640 1818 monte,
654 1789 785 1821 sequutoe
793 1791 861 1814 sunt

118 1834 184 1854 eum
198 1826 291 1854 turbae
304 1823 413 1859 multae,
425 1830 476 1853 etc.
490 1822 563 1853 Vide
597 1822 640 1851 uia
652 1833 733 1862 super
744 1829 860 1853 montem

116 1863 184 1894 disci
205 1863 245 1893 uli
253 1870 355 1894 tantum
362 1862 490 1893 dicuntur
497 1873 556 1892 asoe
595 1862 646 1892 isse
654 1862 687 1891 ad
695 1863 787 1892 Jesum
799 1874 807 1891 ε
816 1862 860 1893 de-

115 1914 158 1934 sce
197 1910 350 1942 enteautem
356 1913 387 1932 eo
393 1902 428 1933 de
435 1909 534 1939 monte,
542 1908 660 1941 sequutae
667 1908 796 1931 sunteum
802 1908 859 1932 tur-

114 1943 198 1982 1²52,ss
204 1943 297 1973 merito
303 1943 395 1973 multae
400 1943 500 1972 turbae:
510 1942 572 1981 quia
581 1951 656 1971 mons
663 1948 702 1970 est
708 1941 815 1971 virtutis
823 1942 859 1972 fa-

114 1981 236 2022 stigium,
249 1992 375 2013 cacumen
387 1981 524 2018 Ecclesiae,
536 1981 563 2011 in
575 1992 630 2020 quo
639 1980 858 2021 appropinquare

92 2022 224 2053 eChristo
237 2032 291 2052 non
305 2027 416 2062 possunt
428 2021 525 2054 turba,
538 2021 583 2052 vel
603 2021 716 2059 pcccatis
729 2028 855 2060 gravatas,

114 2061 159 2091 vel
171 2062 245 2091 curis
257 2060 442 2092 mundialibus
460 2067 583 2090 oneratae.
597 2061 653 2090 Nec
666 2066 778 2100 possunt
795 2060 856 2090 irni-

114 2101 166 2130 tari
179 2101 329 2137 Christum,
340 2111 388 2130 nec
403 2100 532 2130 sublimes
543 2099 638 2130 audire
648 2109 792 2134 sermones.
808 2100 856 2139 qui

114 2138 243 2169 dicuntur
254 2140 283 2170 in
303 2147 392 2169 monte
405 2152 413 2169 =
426 2140 476 2169 sed
493 2139 545 2169 soli
555 2139 694 2179 discipuli,
707 2139 783 2178 quia
795 2150 855 2178 pas·

114 2179 235 2208 sionibus
241 2179 530 2215 vitiorumliberisunt,
535 2179 583 2217 qui
589 2178 661 2208 curis
669 2178 855 2208 mundialibus

113 2218 214 2247 onerati
234 2228 287 2247 non
305 2224 377 2248 sunt.
389 2218 542 2257 Propterea,
555 2218 631 2256 quasi
645 2217 717 2247 leves
729 2225 756 2247 et
773 2228 854 2257 expe-

113 2257 176 2294 diti,
191 2256 226 2286 ad
237 2257 376 2287 Christum
386 2256 510 2286 accedere
527 2263 650 2296 possunt,
664 2257 727 2286 facti
739 2257 856 2286 imitato-

113 2307 155 2326 res
161 2298 219 2342 ejus
228 2297 256 2326 in
264 2296 399 2330 omnibus,
407 2302 436 2325 ut
447 2295 616 2325 sublimiores
630 2297 778 2325 sermonesi
799 2296 855 2326 sius

112 2343 213 2376 possint
226 2335 331 2365 audire.
344 2336 380 2365 Et
393 2334 480 2364 tamen
492 2345 555 2364 cum
572 2334 741 2364 descenderet
753 2345 768 2364 a
801 2335 854 2364 hu-

112 2375 186 2405 milia
204 2375 239 2405 de
258 2374 401 2404 altitudine
420 2374 523 2414 pietatis
544 2380 652 2413 propter
671 2373 853 2404 infirmitatem

112 2414 253 2445 hominum
262 2415 336 2453 sequi
344 2425 406 2444 eum
417 2424 468 2443 non
478 2412 626 2453 potentium
635 2423 716 2453 super
725 2420 851 2451 montem,

113 2460 176 2483 tunc
188 2459 406 2493 sequunture'um
417 2453 502 2482 turbae
513 2452 615 2483 mutue.
626 2453 656 2481 2.
667 2453 745 2482 Ecce
758 2453 853 2493 lepto-

33 2510 39 2517 ·
49 2479 55 2485 α
71 2510 76 2515 ·
112 2502 170 2522 sus.
186 2493 330 2523 Sciendum
339 2500 389 2530 est,
402 2492 476 2532 quod
490 2494 576 2521 Lucas
588 2489 696 2530 quidem
706 2498 732 2521 et
742 2493 851 2522 Marcus

874 2029 894 2052 n
912 2019 1000 2058 Lepra
1019 2018 1090 2048 enirn
1109 2026 1148 2048 est

915 1466 1107 1505 risque—malis,
1119 1478 1178 1505 quae
1196 1467 1304 1497 diabolo
1317 1476 1475 1508 suggerente
1487 1476 1633 1499 nascuntur
1651 1482 1658 1499 :

915 1506 979 1543 quia
994 1516 1045 1535 non
1060 1506 1149 1545 solum
1163 1506 1211 1536 ille
1222 1507 1363 1536 diabolum
1378 1508 1491 1547 patitur,
1507 1509 1585 1548 cujus
1597 1519 1659 1538 cor-

937 1555 967 1573 us
986 1552 1100 1574 vexatur
1118 1545 1153 1574 ab
1175 1556 1217 1582 eo,
1233 1546 1281 1582 sed
1305 1547 1385 1575 etiam
1405 1547 1506 1582 omnis,
1529 1548 1576 1586 qui
1596 1548 1660 1578 facit

936 1583 1018 1613 iaholi
1031 1584 1207 1618 voluntatem,
1215 1586 1294 1625 pejus
1304 1585 1448 1615 vexabitur
1460 1586 1494 1616 ab
1504 1597 1546 1616 e0.
1558 1588 1660 1627 Lepro-

915 1632 976 1652 sum
986 1629 1074 1652 autem
1086 1623 1161 1663 ponit
1172 1623 1200 1653 in
1212 1625 1338 1664 mysterio
1348 1625 1436 1654 carnis
1447 1633 1555 1656 sanatae.
1569 1628 1659 1667 Lepi-a

914 1662 986 1692 enim
999 1662 1087 1702 passio
1099 1669 1138 1692 est
1151 1664 1266 1693 carnalis
1292 1663 1347 1694 Sed
1361 1674 1395 1694 ne
1408 1665 1476 1694 forte
1488 1664 1589 1696 diceret
1606 1677 1659 1705 po—v

913 1701 997 1741 pulus
1011 1701 1133 1742 apudse,
1148 1703 1239 1735 Verba
1248 1703 1358 1742 quidem
1366 1714 1473 1744 magna,
1488 1712 1514 1734 et
1525 1705 1658 1735 terribilia

911 1747 987 1776 sunt,
999 1741 1046 1771 sed
1063 1753 1079 1771 o
1114 1753 1143 1772 ra
1163 1742 1255 1778 nulla;
1276 1742 1366 1773 dicere
1388 1743 1526 1790 granditer
1544 1755 1598 1774 non
1617 1753 1658 1776 est

914 1780 1053 1810 multum:
1080 1792 1154 1811 acere
1174 1782 1291 1812 multum
1310 1789 1369 1813 est:
1392 1783 1453 1813 ideo
1470 1784 1596 1814 excitavit
1616 1785 1655 1815 le-

914 1830 1036 1860 prosum,
1048 1827 1077 1850 ut
1084 1821 1265 1859 mundationis
1275 1822 1352 1852 illius
1365 1822 1495 1853 miraculo
1505 1824 1657 1864 praeccden-

912 1859 986 1889 tibus
999 1860 1088 1889 verbis
1105 1861 1298 1891 auctoritatem.
1306 1869 1465 1907 praestaret:
1480 1870 1508 1892 nt
1524 1864 1552 1893 in
1565 1864 1656 1894 verbis

913 1899 1058 1936 mirabilis,
1069 1900 1220 1930 mirabilior
1226 1908 1294 1930 esset
1303 1912 1331 1930 tn
1341 1913 1356 1930 o
1393 1913 1431 1931 re.
1442 1903 1512 1932 Ecce
1524 1903 1654 1944 leprosus,
1674 1919 1678 1922 -

912 1939 988 1977 quasi
999 1940 1056 1979 jam
1067 1950 1122 1979 prae
1158 1947 1241 1977 ratus,
1250 1912 1419 1971 descemigiu
1434 1942 1474 1971 illi
1485 1943 1657 1974 occurrit-Et

910 1979 979 2008 forte
997 1985 1023 2008 et
1039 1979 1100 2008 ideo
1138 1980 1323 2016 escendit‚·ut
1343 1982 1479 2021 leprosum
1501 1983 1655 2013 mundaret.

1248 2026 1306 2049 tum
1325 2021 1475 2050 animarum
1490 2029 1654 2052 nostrarum.

910 2058 975 2087 Ideo
995 2068 1058 2097 ergo
1078 2058 1211 2089 Dominus
1229 2059 1264 2089 de
1277 2059 1419 2090 altitudine
1438 2061 1508 2098 caeli,
1523 2061 1601 2100 quasi
1620 2062 1656 2091 de

910 2097 1016 2127 excelso
1036 2098 1294 2136 monte,descendit,
1314 2106 1344 2128 ut
1360 2100 1462 2140 lepram
1485 2108 1654 2140 peccatorum

910 2144 1062 2174 nostrorum
1076 2137 1227 2168 mundaret.
1241 2140 1342 2176 Quare,
1357 2146 1444 2179 putas,
1459 2140 1509 2169 iste
1520 2140 1588 2169 inter
1600 2151 1651 2169 cae-

909 2183 979 2206 teros
987 2186 1039 2206 non
1049 2178 1167 2207 ascendit
1177 2178 1205 2207 in
1217 2185 1344 2214 montem,
1360 2186 1390 2208 ut
1403 2178 1508 2208 audiret
1519 2189 1652 2208 sermones

909 2215 1037 2245 divinos?
1050 2217 1122 2254 Quia
1134 2217 1209 2257 lepra
1219 2225 1275 2247 erat
1289 2225 1423 2257 gravatus,
1436 2225 1462 2248 et
1481 2217 1651 2258 pcccatorum

909 2255 1032 2295 bajulans
1051 2255 1168 2296 pondus,
1178 2267 1286 2286 sursum
1305 2258 1445 2287 ascendere
1458 2268 1512 2286 non
1533 2258 1648 2287 valebat.

908 2296 963 2324 Aut
971 2305 1024 2324 non
1037 2295 1136 2326 audisti
1148 2297 1304 2336 prophetam
1318 2296 1460 2331 dicentem,
1471 2296 1605 2335 quomodo
1614 2296 1651 2324 le-

907 2344 954 2363 ves
971 2345 1028 2364 esse
1045 2334 1168 2373 debeant,
1182 2336 1230 2374 qui
1250 2336 1284 2365 ad
1305 2335 1511 2365 ecclesiasticum
1533 2342 1649 2363 montem

907 2373 1072 2404 ascendunt?
1093 2376 1180 2414 Quis,
1195 2375 1297 2413 inquit,
1314 2375 1449 2403 ascendet
1469 2376 1501 2402 in
1522 2380 1649 2402 montem
1660 2383 1801 2407 1)ςη1.23.3κ

909 2414 1041 2450 Domini,
1055 2421 1107 2444 aut
1127 2416 1191 2454 quis
1210 2416 1298 2443 stabit
1316 2415 1348 2441 tn
1366 2414 1430 2441 loco
1446 2419 1547 2441 sancto
1565 2414 1681 2452 ejusi’k-

905 2456 1049 2483 Innocens
1068 2455 1220 2489 manibus,
1244 2461 1270 2481 et
1289 2453 1395 2481 mundo
1413 2453 1512 2487 corde,
1532 2458 1583 2481 etc.
1603 2451 1649 2482 Sic

906 2493 1069 2533 quicumque
1079 2493 1107 2522 in
1121 2492 1203 2522 malis·
1212 2491 1341 2527 ambulat,
1359 2501 1410 2519 non
1424 2497 1509 2530 potest
1521 2490 1547 2519 in
1562 2491 1649 2521 eccle-

143 2591 152 2602 ἢ
171 2582 213 2608 sie
225 2583 254 2607 V.
269 2583 300 2610 D.
313 2589 339 2608 et
354 2582 423 2608 Editi
434 2584 459 2608 in
472 2591 561 2616 marg„
574 2588 651 2608 recte.
665 2581 734 2608 Edit}
753 2584 778 2610 in
796 2589 865 2609 textu
881 2593 979 2610 carnem
991 2593 1062 2610 suam
1073 2583 1174 2609 salvare
1185 2591 1235 2607 non
1245 2587 1325 2614 potest
1336 2590 1353 2606 α
1363 2587 1476 2614 peccato.
