1890 2826
89 1034 152 1056 ΕιϊΙ.
165 1034 215 1057 Ι.5.

251 168 321 203 538

248 251 320 270 voce
346 251 464 282 magna,
478 246 506 270 et
527 241 743 280 congregabunt
761 241 868 272 electos
891 242 953 281 eius
970 251 991 270 a

246 288 441 317 summo‘caelo
454 297 546 326 usque
553 289 594 317 ad
601 297 744 317 summum
753 289 866 318 coelum.

181 349 193 362 ιι
205 350 210 362 ι
223 343 239 362 is
288 336 316 365 5.
340 335 492 372 Quaerimus
502 341 591 364 autem
602 334 650 372 ubi
663 334 704 365 sol
717 334 830 371 occidat,
840 341 867 364 et
879 334 928 364 ubi
942 345 989 365 no-
1008 350 1026 374 B

248 388 292 410 ctu
314 387 414 410 currat.
428 380 583 411 Secundum
603 388 708 411 exteros
724 381 777 410 sub
790 387 877 423 terrm
891 390 989 410 secun-

226 426 313 456 -dum
333 437 381 456 nos
402 434 502 463 autem,
518 427 566 466 qui
582 418 683 457 ‘caelu'm
706 426 910 457 tabernaculum
932 437 989 457 esse

203 474 214 486 ²
231 473 374 512 ‘dicimus‚
387 473 538 512 quidnam?
553 473 682 503 Animum
697 473 796 503 adhibe
807 482 907 513 quaeso,
922 484 988 503 num

245 519 279 548 sit
289 520 355 549 falsa
369 519 497 549 sententia
509 531 516 549 :
531 519 579 551 sed
590 519 612 549 si
625 519 723 550 habeas
735 519 988 560 signaculum-veri-

244 565 305 594 tatis
317 565 467 595 testimonio
478 566 624 603 (limatum,
637 565 772 596 concurrit
782 576 843 596 cum
857 566 951 607 phrasi
961 573 988 596 et

245 612 329 641 locus.
346 612 444 652 Cogita
457 612 655 652 superpositam
674 612 812 642 fornicem.
828 612 926 642 Oriens
941 613 987 643 hic

244 665 293 695 est,
312 666 342 688 ut
355 659 440 698 figura
454 659 627 699 exprimitur-5
640 658 784 699 septentrio
793 669 858 689 vero
872 659 939 695 illic,
951 671 986 689 ex

243 704 366 744 opposito
378 705 516 740 meridies,
531 704 590 734 illic
602 705 736 735 occidens.
752 705 800 736 Sol
813 705 902 735 oriens
922 717 985 736 cum

243 751 269 780 in
293 755 417 781 occasum
437 752 543 792 vergit,
562 762 615 781 nou
638 752 690 781 sub
711 758 783 781 terra
807 752 905 782 occidit
915 775 923 790 ,
938 753 985 783 sed

241 808 361 836 egressus
379 797 415 828 ad
436 798 494 828 caeli
508 798 586 834 fines,
601 805 689 838 partes
702 798 823 828 boreales
839 799 983 839 percurrit,

239 844 316 882 quasi
326 854 404 873 muro
415 844 533 884 quodam
543 843 702 880 occultatus,
715 844 792 883 aquis
805 854 858 874 uon
870 845 984 875 sinenti-

238 890 290 919 bus
305 897 334 919 ut
346 892 404 930 ejus
417 901 513 920 cursus
527 897 663 931 appareat,
676 891 815 930 curritque
833 901 882 931 per
893 898 984 931 partes

237 937 368 974 boreales,
380 944 407 966 et
419 936 455 966 ad
469 937 599 966 orientem
612 937 696 967 venit.
716 936 856 966 Undenam
866 937 918 967 hoc
931 948 983 977 pa-

237 982 292 1012 lam
305 983 364 1013 est?
378 983 423 1012 Ait
434 983 527 1012 heatus
541 983 668 1013 Salomon
683 983 710 1012 in
732 982 908 1019 Ecclesiaste,
923 993 983 1022 quae

237 1036 276 1059 est
286 1030 419 1070 scriptura
435 1037 512 1059 ccrtae
526 1029 663 1066 fidei,non
681 1028 832 1058 adulterata
845 1041 852 1058 ι
872 1026 981 1066 Oritur,

236 1075 337 1114 inquit,
350 1077 406 1112 sol,
419 1083 447 1106 et
459 1077 565 1105 occidit
575 1076 630 1105 sol.
648 1077 751 1105 Oriens
765 1076 859 1115 pergit
875 1076 918 1104 ad
929 1086 982 1106 αιι-

237 1128 339 1158 strum,
347 1129 375 1152 et
385 1125 486 1152 circuit
495 1124 535 1152 ad
547 1124 663 1152 boream
672 1135 680 1150 .-
693 1123 795 1151 circuit
806 1123 982 1152 circumeun-

236 1169 285 1203 do,
295 1174 323 1197 et
335 1170 365 1197 in
376 1169 439 1198 loco
449 1179 501 1198 suo
511 1170 611 1198 oritur.
619 1170 776 1199 Curreutem
786 1167 822 1197 ad
831 1168 981 1206 meridiem,

236 1221 267 1243 ut
277 1214 386 1244 boream
399 1215 609 1245 circumeuntem
618 1216 675 1255 jam
687 1214 759 1244 disce
770 1214 798 1243 in
810 1214 906 1244 hiemis
918 1222 982 1245 tem-

237 1268 335 1300 pestate
344 1262 420 1300 :quia
433 1271 487 1290 nou
501 1272 516 1291 a
530 1261 618 1291 medio
627 1261 728 1290 oriente
740 1261 839 1298 oritur,
855 1261 903 1291 sed
911 1262 980 1292 circa

237 1307 321 1336 austri
335 1307 405 1337 latus
420 1308 529 1346 oblique
541 1309 638 1347 pergit,
653 1307 835 1347 exiguumque
854 1307 981 1338 interval-

236 1353 295 1382 lum
305 1364 407 1389 secans,
414 1354 524 1384 brevem
534 1354 606 1384 diem
619 1354 681 1384 facit
690 1366 698 1391 ;
706 1365 768 1383 cum
781 1355 879 1384 occidit
891 1362 979 1385 autem

236 1406 263 1428 ct
275 1411 370 1429 rursus
383 1400 515 1431 circulum
526 1400 656 1435 decurrit,
670 1400 777 1440 longam
789 1408 892 1431 noctem
902 1403 978 1432 facit.

236 1445 353 1481 Scimus,
362 1446 469 1482 autres,
481 1446 565 1481 solem
576 1456 629 1475 non
641 1446 749 1475 omnino
759 1446 795 1475 ab
805 1446 898 1476 eodem
911 1458 980 1487 pun-

235 1498 278 1521 ctu
291 1491 430 1532 progredi.
447 1492 590 1530 Quomodo
611 1503 674 1532 ergo
687 1492 783 1521 breves
805 1492 875 1523 fiunt
898 1494 956 1524 dies
966 1495 980 1524 ἱ)

234 1537 346 1567 Accedit
359 1538 417 1577 ejus
429 1545 505 1567 ortus
517 1537 554 1567 ad
566 1538 637 1567 latus
650 1537 773 1568 meridiei
790 1550 797 1566 ε
814 1538 912 1569 deinde
926 1550 980 1570 non

235 1584 317 1613 altam
337 1590 439 1621 tenens,
454 1583 502 1614 sed
524 1584 662 1622 obliquam
684 1584 760 1614 brevi
782 1595 873 1615 secans
897 1585 979 1624 viam,

234 1631 329 1661 breves
350 1631 434 1661 efficit
447 1638 544 1660 noctes.
561 1630 694 1660 Occidens
712 1637 802 1660 autem
822 1630 850 1660 in
873 1642 979 1664 summo

234 1676 390 1713 occidentis,
406 1676 554 1706 necessario
575 1675 671 1706 circuit
692 1687 740 1716 per
763 1683 868 1706 noctem
891 1684 979 1709 totum

233 1722 397 1752 occidentem
412 1729 439 1752 et
453 1729 538 1752 totum
550 1722 670 1759 boream,
684 1728 824 1761 totumque
836 1723 977 1762 umentem,

234 1775 313 1807 atque
325 1768 360 1798 ad
375 1768 497 1797 meridiei
517 1779 653 1798 summunt
673 1768 762 1806 veuit;
778 1779 809 1797 uc
822 1779 927 1800 necesse
939 1778 979 1801 est

234 1825 357 1854 magnam
382 1825 438 1844 esse
460 1820 575 1843 noctem.
592 1813 708 1851 Quando
732 1821 823 1844 autem
848 1817 980 1855 aequalem

234 1861 428 1900 longitudinem
452 1867 478 1889 et
501 1859 631 1898 aequalem
657 1870 767 1889 cursum
791 1861 872 1891 habet
881 1885 889 1899 ‚
914 1870 978 1893 tunc

233 1906 423 1946 aequinoctium
442 1906 516 1936 facit.
529 1907 636 1935 Rursus
656 1905 691 1935 ad
709 1906 820 1936 boream
841 1907 978 1939 declinans

234 1954 310 1982 velut
322 1953 412 1982 hieme
430 1952 465 1986 ad
486 1952 639 1988 meridiem,
651 1959 677 1981 et
701 1952 736 1982 ad
759 1953 846 1983 boreae
872 1966 977 1985 summa

234 1998 378 2028 ascendens
405 1997 556 2032 exaltatur,
580 2004 606 2026 et
633 1997 743 2037 longum
771 2000 854 2030 efficit
879 2000 952 2030 diem
969 2014 976 2030 :

233 2045 343 2075 brevem
367 2050 456 2073 autem
479 2043 613 2073 circulum
636 2043 833 2075 decurrendum
859 2046 960 2077 hahens
969 2070 977 2085 ,

234 2091 344 2120 brevem
367 2089 448 2119 efficit
470 2096 584 2118 noctem.
607 2090 669 2118 Non
692 2090 748 2119 haec
762 2091 853 2121 Graeci
866 2102 915 2122 nos
928 2093 978 2123 do·

234 2143 348 2166 cuer-unt
363 2148 369 2166 :
385 2146 472 2175 neque
485 2135 556 2164 enim
578 2135 630 2164 hoc
643 2136 753 2173 volunt;
770 2137 817 2166 sed
836 2138 888 2167 suh
907 2146 977 2170 terra

233 2183 329 2212 dicunt
361 2189 431 2212 astra
459 2192 567 2211 currere
598 2188 678 2220 atque
708 2184 801 2212 solem.
837 2185 978 2226 Scriptura

234 2239 299 2258 vero
313 2234 402 2258 nostra
411 2250 420 2265 ,
434 2227 528 2257 divina
541 2227 668 2266 magistra
682 2228 838 2268 Scriptura,
851 2241 900 2260 nos
914 2243 976 2262 cru-

235 2275 292 2312 dit,
304 2274 502 2312 illuminatque.
522 2272 626 2303 Deinde
648 2274 711 2303 fecit
731 2275 833 2313 solem,
851 2284 903 2306 non
924 2278 975 2308 de-

235 2321 326 2352 ficiens
340 2321 492 2358 luminare;
507 2319 611 2358 lunam,
625 2331 685 2359 quae
708 2321 831 2352 decorem
853 2325 929 2354 exuit
952 2332 978 2355 et

1002 894 1021 918 C

268 2419 280 2431 *
290 2417 377 2451 [Savil.
386 2417 452 2451 conj.
461 2420 538 2444 αὑτοῦ.
546 2416 681 2443 combefis.
689 2416 760 2443 dedit
772 2421 875 2451 λέγοντας
882 2424 920 2446 τὸν
925 2424 995 2456 οὖρα-

233 2465 277 2486 νόν.
291 2457 355 2483 Inde
366 2456 456 2483 Montf.
469 2457 704 2489 interpretationem
720 2466 791 2482 suam
802 2459 912 2493 sumsit]

267 2506 277 2516 Β
296 2496 337 2522 Sic
349 2497 431 2521 Vatici
445 2495 521 2522 Savil.
535 2495 587 2523 ἀλλ’
598 2500 664 2530 ἔχεις.

267 2538 281 2556 b
298 2537 339 2561 Sic
350 2537 454 2561 Cosmas
464 2541 540 2561 recte.
553 2535 602 2561 Alii
613 2539 624 2563 ὸ
635 2541 727 2571 τρόπος.

266 2584 276 2595 υ
295 2574 375 2601 Vatic.
395 2580 424 2602 τὰ
442 2578 537 2610 ,Ξοῤῥινά
551 2574 592 2600 hic
610 2581 635 2600 et
653 2575 726 2600 infra.
744 2574 819 2607 Suvil.
839 2581 932 2612 βόρεια,
958 2583 985 2602 ιιι

941 180 1082 204 SEVEtuA
1089 181 1121 204 M

1044 253 1089 281 γος
1099 242 1144 272 καὶ
1158 240 1245 283 φωνῆς
1256 242 1382 283 μεγάλης,
1396 243 1441 272 καὶ
1453 242 1589 278 συνάξουσι
1602 242 1662 276 τοὺς
1677 242 1814 276 ἐκλεκτοὺς

1045 289 1123 318 αὐτοῦ
1136 290 1182 317 ἀπ’
1195 288 1275 329 ἄκρου
1291 291 1336 318 τοῦ
1350 289 1459 328 οὐρανοῦ
1477 288 1526 323 ἕως
1539 289 1619 330 ἄκρου
1632 292 1677 319 τοῦ
1690 290 1811 329 οὐρανοῦ.

1085 335 1222 374 Ζητοῦμεν
1244 335 1272 364 δὲ
1294 337 1345 364 ποῦ
1364 334 1434 364 δύνει
1451 336 1466 364 6
1478 334 1569 371 ἥλιος,
1592 334 1638 365 καὶ
1658 338 1708 365 ποῦ
1723 335 1814 375 τρέχει

1042 379 1091 415 τὴν
1106 380 1196 413 νύκτα.
1220 380 1298 411 Κατὰ
1310 380 1370 415 τοὺς
1391 380 1441 415 ἔξω
1454 381 1507 411 ὑπὸ
1521 380 1571 417 τὴν
1586 383 1653 421 γῆν*
1668 383 1726 411 καθ’
1741 384 1814 421 ἡμᾶς

1042 425 1070 455 δὲ
1083 426 1142 459 τοὺς
1157 426 1257 471 gam-hv
1270 428 1285 444 *
1297 427 1375 457 αὐτὸν
1388 427 1512 468 λέγοντας
1521 449 1528 463 ,
1547 426 1574 456 τί
1584 440 1593 465 3
1605 426 1738 468 Πρόσεχε,
1757 439 1813 457 πα-

1043 473 1160 511 ρακαλῶ,
1177 474 1200 502 εἶ
1222 472 1260 512 μὴ
1275 472 1443 513 διαψεύδεται
1460 473 1490 504 τὸ
1506 475 1579 514 ῥῆμα
1588 485 1596 493 ·
1609 476 1622 491 ⁸
1631 474 1690 504 ἀλλ’
1705 475 1729 503 εἰ
1742 472 1812 513 ἔχεις

1041 519 1173 558 σφραγῖδα
1184 519 1423 559 μεμαρτυρημένην
1432 520 1483 550 ὑπὸ
1497 522 1544 556 τῆς
1558 518 1691 556 ἀληθείας,
1705 518 1813 558 συντρέ-

1039 576 1083 604 χει
1096 567 1130 605 τῇ
1148 565 1243 606 φράσει
1260 565 1306 596 καὶ
1318 564 1332 582 ¹·
1342 568 1358 595 6
1370 565 1458 600 τόπος.
1477 566 1595 606 Νόμισον
1609 560 1675 596 εἶναι
1687 565 1812 605 καμάραν

1039 610 1218 650 ἐπικειμένην.
1234 611 1269 642 Ἥ
1288 612 1402 648 ἀνατολὴ
1424 614 1479 643 ἐκεῖ
1497 614 1555 645 ἐστι
1567 611 1636 643 κατὰ
1651 611 1695 642 τὸν
1707 611 1793 642 τύπον
1804 623 1811 630 ·

1040 657 1134 697 ἄρκτος
1145 653 1212 695 ὧδε,
1225 657 1380 699 μεσημὸρία
1393 659 1464 696 ἐκεῖ,
1478 658 1550 692 δύσις
1563 659 1627 689 ἐκεῖ.
1639 658 1737 692 Ἥλιος
1749 659 1812 688 ἀνα-

1038 703 1137 733 τέλλων
1151 704 1196 733 καὶ
1218 703 1322 743 μέλλων
1342 703 1436 740 δύνειν,
1459 706 1510 745 οὐχ
1522 704 1574 734 ὑπὸ
1586 706 1637 744 γῆν
1650 703 1736 740 δύνει,
1750 704 1810 733 ἀλλ’

1037 748 1147 782 ἐξελθὼν
1158 749 1192 778 τὰ
1205 748 1309 789 πέρατα
1325 751 1371 778 τοῦ
1385 749 1508 789 οὐρανοῦ,
1520 748 1610 790 τρέχει
1627 750 1663 782 εἰς
1677 751 1689 764 ‘³
1699 748 1733 778 τὰ
1744 749 1811 789 βοῤ-

1039 793 1097 834 ῥινὰ
1113 794 1180 835 μέρη
1190 818 1198 831 ,
1212 794 1303 834 ὥσπερ
1318 794 1369 832 ὑπό
1383 806 1442 823 τινα
1458 798 1548 836 τοῖχον
1561 794 1740 835 κρυπτόμενος
1749 818 1757 831 ,
1771 794 1810 834 μὴ

1037 840 1245 881 συγχωρούντων
1266 842 1318 870 τῶν
1332 839 1433 870 ὑδάτων
1453 842 1568 881 φανῆναι
1588 836 1667 870 αὖτοῢ
1689 839 1734 870 τὸν
1748 840 1810 881 δρό-

1038 897 1097 925 μον,
1111 887 1156 916 καὶΙ
1169 886 1260 927 τρέχει
1271 886 1341 916 κατὰ
1351 887 1464 928 «βορῤινὰ
1476 887 1544 928 μέρη
1552 909 1561 923 ,
1571 886 1618 917 καὶ
1630 886 1810 927 καταλαμὸἄ-

1036 944 1076 962 νει
1097 932 1145 968 τὴν
1163 933 1302 969 ἀνατολήν.
1325 932 1378 963 Καὶ
1398 932 1477 962 πόθεν
1493 936 1572 963 τοῦτο
1586 933 1684 970 δῆλον;
1702 932 1782 974 Λᾶγει
1796 935 1811 963 6

1038 978 1165 1020 μακάριος
1183 979 1312 1018 Σολομὼν
1332 981 1359 1009 ἐν
1380 980 1419 1020 τῷ
1439 979 1658 1020 Ἐκκλησιαστῇ·
1672 979 1760 1021 γραφὴ
1782 979 1810 1009 δέ

1036 1025 1093 1054 ἔστι
1107 1024 1343 1065 μεμαρτυρημένη,
1353 1027 1383 1054 οὐ
1392 1024 1619 1066 παραγραφομένη
1631 1037 1638 1044 ·
1651 1025 1809 1062 Ἀνατέλλει,

1037 1070 1125 1110 φησὶν,
1146 1072 1160 1100 6
1173 1071 1262 1107 ἥλιος,
1283 1070 1329 1101 καὶ
1351 1071 1422 1101 δύνει
1440 1073 1455 1100 6
1471 1070 1554 1107 ἥλιος.
1573 1070 1735 1102 Ἀνατέλλων
1757 1083 1809 1101 πο-

1037 1116 1140 1156 ρεύεται
1155 1118 1191 1150 εἷς
1215 1116 1305 1153 δύσιν,
1321 1117 1366 1147 καὶ
1387 1118 1480 1147 κυκλοῖ
1506 1117 1572 1158 πρὸς
1588 1118 1686 1157 βοῤῥᾶν
1696 1129 1702 1136 ·
1716 1120 1810 1149 κυκλοῖ

1035 1164 1148 1199 κυκλῶν,
1168 1163 1214 1193 καὶ
1234 1165 1270 1196 εἰς
1292 1163 1337 1193 τὸν
1355 1162 1437 1193 τόπον
1458 1164 1538 1193 αὐτοῦ
1558 1162 1707 1194 ἀνατέλλει.
1729 1165 1808 1195 Κατὰ

1036 1208 1204 1248 μεσημὸρίαν
1224 1209 1352 1250 τρέχοντα
1363 1231 1371 1245 ,
1396 1207 1441 1239 καὶ
1465 1209 1509 1239 τὸν
1539 1210 1636 1250 βοῤῥᾶν
1660 1211 1808 1241 κυκλοῦντα

1035 1254 1126 1284 λοιπὸν
1141 1254 1207 1293 μάθε
1220 1257 1245 1285 ἐν
1260 1258 1294 1295 τῇ
1316 1258 1362 1285 τοῦ
1375 1257 1505 1296 χειμῶνος
1519 1255 1699 1287 καταστάσει·
1716 1257 1807 1293 ἐπειδὴ

1035 1301 1084 1329 οὐκ
1097 1299 1150 1329 ἀπὸ
1170 1300 1253 1339 μέσης
1271 1302 1320 1336 τ’ἥς
1340 1302 1469 1337 ἀνατολῆς
1488 1301 1644 1337 ἀνατέλλει,
1657 1302 1727 1333 ἀλλὰ
1745 1303 1808 1344 περὶ

1035 1344 1066 1374 τὸ
1079 1345 1163 1384 κλίμα
1182 1347 1230 1381 τῆς
1249 1346 1417 1386 μεσημὸρίας
1430 1347 1586 1386 πλαγιάζει,
1606 1348 1652 1377 καὶ
1663 1348 1751 1388 ὀλίγον
1764 1361 1807 1379 τε·

1037 1390 1093 1429 μὼν
1107 1391 1242 1431 διάστημα
1251 1414 1259 1428 ,
1274 1396 1344 1422 ποιεῖ
1365 1391 1462 1432 μικρὰν
1475 1393 1577 1433 ἡμέραν
1591 1404 1597 1412 ·
1611 1394 1690 1428 δύσας
1711 1395 1739 1425 δὲ
1761 1395 1806 1425 καὶ

1036 1437 1115 1466 πάλιν
1136 1437 1232 1468 κύκλον
1251 1437 1363 1478 τρέχων,
1383 1442 1454 1467 ποιεῖ
1472 1438 1577 1478 μακρὰν
1596 1438 1688 1469 νύκτα.
1704 1439 1807 1479 Ἰσμεν,

1035 1483 1160 1523 ἀδελφοὶ,
1174 1483 1215 1513 ὅτι
1228 1485 1242 1512 6
1256 1483 1330 1519 ἥλιος
1343 1485 1372 1513 οὗ
1385 1483 1490 1517 πάντως
1507 1483 1560 1513 ἀπὸ
1581 1487 1628 1514 τοῦ
1648 1486 1728 1515 αὐτοῦ
1743 1486 1806 1516 κέν-

1033 1539 1096 1568 τρου
1116 1529 1282 1569 προέρχεται.
1297 1531 1361 1564 Πῶς
1382 1525 1427 1559 οἶν
1447 1528 1564 1569 γίνονται
1586 1530 1679 1570 μικραὶ
1695 1532 1723 1561 αἱ
1737 1532 1807 1571 ἠμί·

1035 1586 1096 1613 ραι;
1122 1574 1270 1611 Πλησιάζει
1287 1576 1367 1605 αὐτοῦ
1391 1579 1408 1613 ἡ
1436 1577 1550 1613 ἀνατολὴ
1573 1579 1612 1618 τῷ
1634 1577 1745 1617 κλίματι
1759 1581 1808 1615 ἰῆς

1035 1620 1202 1661 μεσημὸρίας
1218 1633 1225 1639 ·
1259 1615 1317 1650 εἶτα
1347 1623 1377 1651 οὗ
1403 1621 1454 1658 τὴν
1480 1622 1584 1662 ὑψηλὴν
1609 1623 1692 1653 ἐλθὼν
1701 1645 1710 1660 ,
1738 1623 1808 1654 ἀλλὰ

1034 1666 1081 1703 τὴν
1105 1666 1220 1707 πλαγίαν
1241 1667 1394 1707 συντεμὼν,
1418 1667 1466 1700 τὰς
1484 1668 1588 1710 ἡμέρας
1609 1674 1679 1700 ποιεῖ
1700 1670 1806 1711 μικράς.

1034 1712 1123 1747 Δύσας
1146 1712 1174 1742 δὲ
1190 1714 1228 1747 εἰς
1248 1713 1280 1742 τὸ
1303 1714 1383 1754 ἄκρον
1404 1716 1453 1750 τ’ἥς
1476 1714 1591 1752 δύσεως,
1613 1715 1730 1755 ἄνᾶγκην
1749 1715 1807 1759 ἔχει

1033 1760 1176 1789 κυκλεῧσαι
1188 1759 1231 1789 διὰ
1243 1761 1291 1796 τῆς
1303 1759 1394 1794 νυκτὸς
1407 1760 1479 1791 δύσιν
1493 1761 1556 1798 ὅλην
1566 1761 1612 1791 καὶ
1626 1761 1722 1802 ἄρκτον
1732 1762 1806 1798 ὅλην,

1033 1804 1079 1834 καὶ
1104 1806 1234 1842 ἀνατολὴν
1256 1806 1336 1843 ὅλην,
1359 1806 1405 1836 καὶ
1425 1807 1524 1847 φθάσαι
1539 1807 1585 1838 ἐπὶ
1602 1808 1633 1838 τὸ
1653 1808 1733 1849 ἄκρον
1758 1811 1807 1845 τῆς

1034 1852 1202 1892 μεσημὸρίας
1213 1864 1220 1870 ·
1241 1852 1287 1881 καὶ
1308 1852 1410 1892 ἀνάγκη
1431 1853 1548 1893 μεγάλην
1561 1853 1681 1893 γενέσθαι
1695 1854 1744 1891 τὴν
1761 1855 1807 1884 νύ-

1032 1908 1091 1926 κτα.
1112 1896 1200 1927 Ὅταν
1226 1897 1316 1937 μέντοι
1338 1898 1468 1932 ἐξισοῦται
1492 1901 1530 1939 τῷ
1555 1898 1652 1938 μήκει,
1676 1899 1722 1929 καὶ
1748 1899 1804 1929 ἴσον

1035 1944 1109 1982 βῆμα
1129 1943 1177 1984 ἔχῃ
1188 1965 1196 1979 ,
1213 1943 1352 1984 ἰσημερίαν
1365 1948 1446 1973 ποιεῖ.
1467 1944 1555 1974 Πάλιν
1567 1945 1658 1979 κλίνας
1677 1945 1746 1975 κατὰ
1759 1945 1804 1975 τὸν

1035 1989 1132 2028 βορῤᾶ,
1155 1988 1245 2029 ὥσπερ
1267 1991 1399 2029 χειμῶνος
1419 1991 1456 2024 εἷς
1470 1990 1648 2031 μεσημὸρίαν,
1662 1991 1707 2020 καὶ
1721 1993 1758 2026 εἷς
1769 1991 1805 2022 τὰ

1034 2034 1103 2074 ἄκρα
1125 2037 1170 2064 τοῦ
1195 2037 1278 2076 βοῤῥᾶ
1300 2035 1458 2073 α’ναὸαίνων,
1479 2038 1592 2076 ὑψοῦται
1616 2037 1662 2067 καὶ
1684 2038 1803 2077 μεγάλην

1032 2084 1103 2110 ποιεῖ
1113 2080 1162 2117 τὴν
1173 2082 1275 2121 ἡμέραν
1287 2094 1294 2100 ·
1307 2082 1394 2122 ὀλίγον
1409 2082 1436 2111 δὲ
1452 2082 1546 2123 μικρὸν
1556 2083 1624 2123 ἔχων
1638 2084 1683 2113 τὸν
1697 2083 1803 2121 κύκλον,

1033 2127 1130 2167 μικρὰν
1152 2131 1222 2157 ποιεῖ
1245 2126 1293 2163 τὴν
1316 2128 1408 2158 νύκτα.
1428 2130 1468 2159 Οὐ
1490 2130 1584 2163 παῖδες
1598 2129 1735 2167 Ἑλλήνων
1748 2130 1804 2160 ἐδί-

1032 2174 1111 2210 δαξαν
1132 2178 1203 2214 ἡμᾶς
1223 2179 1308 2206 ταῦτα
1319 2188 1326 2195 ·
1341 2177 1400 2207 οὐδὲ
1413 2177 1465 2218 γὰρ
1483 2181 1560 2208 τοῦτο
1574 2178 1728 2219 βούλονται·
1743 2181 1802 2211 ἀλλ’

1032 2226 1083 2256 ὑπὸ
1095 2226 1143 2263 τὴν
1154 2228 1204 2266 γῆν
1218 2238 1283 2267 φασι
1296 2226 1400 2267 τρέχειν
1411 2227 1446 2257 τὰ
1459 2228 1544 2269 ἄστρα
1555 2229 1601 2259 καὶ
1613 2229 1658 2259 τὸν
1672 2229 1805 2267 ἥλιον.’ἹῙ

1030 2276 1123 2317 Γραφὴ
1144 2277 1171 2306 δὲ
1194 2276 1280 2316 ἡμῶν,
1293 2280 1311 2313 ἡ
1331 2277 1387 2307 θεία
1401 2278 1573 2317 διδάσκαλος,
1588 2282 1605 2316 ἡ
1620 2280 1712 2320 Γραφὴ
1731 2283 1803 2319 ἡμᾶς

1029 2327 1166 2364 παιδεύει,
1186 2328 1304 2368 φωτίζει.
1321 2323 1389 2358 Εἶτα
1403 2329 1512 2366 ἐποίησε
1525 2330 1570 2361 τὸν
1582 2330 1669 2366 ἥλιον,
1685 2330 1801 2361 ἀδιάλει-

1042 2423 1155 2448 Cosmas.
1168 2424 1205 2448 De
1215 2424 1333 2456 opinione
1341 2431 1425 2451 autem
1436 2425 1604 2459 quorumdam
1611 2432 1723 2452 veterum
1733 2428 1801 2453 circa

1042 2461 1165 2486 mundum
1177 2463 1203 2487 in
1215 2462 1319 2488 fornicis
1337 2472 1434 2489 morem
1448 2470 1573 2490 structum
1588 2464 1647 2491 vide
1662 2475 1718 2499 qun:
1735 2465 1801 2492 dixi-

1040 2508 1095 2525 mus
1114 2499 1139 2524 in
1150 2500 1249 2526 Monito
1263 2501 1297 2526 ad
1307 2502 1434 2537 Cosmum.
1447 2502 1498 2528 Sed
1515 2502 1568 2528 haec
1579 2503 1690 2537 pluribus
1703 2506 1801 2538 agitan-

1039 2544 1080 2562 tur
1092 2547 1106 2563 ο
1118 2539 1210 2564 cosma
1223 2540 1344 2574 AEgyptio
1356 2542 1381 2567 iu
1392 2541 1571 2576 Topographia
1583 2551 1640 2576 suo,
1654 2552 1730 2577 quam
1747 2545 1797 2570 edi-

1037 2576 1121 2602 dimus
1133 2586 1200 2603 anno
1214 2580 1288 2604 ⁴706.
