1890 2826
238 181 306 218 588

234 254 314 284 modo
330 253 381 283 hoc
398 259 424 282 et
439 250 510 280 illud
525 248 706 280 invenerunt?
719 245 872 277 reeordatus
884 245 978 286 primae
993 246 1013 270 E

235 300 309 331 vocis
326 310 378 339 qua
392 298 495 328 dietum
515 297 578 333 fuit,
598 296 757 325 Faciamus
770 294 916 323 hominem
940 293 981 321 ad

236 348 393 386 imaginem
403 351 544 381 nostram,
552 342 635 372 habes
644 340 799 381 quaestionis
809 339 978 369 solutionem.

235 393 287 423 Dei
301 393 390 431 imago
403 397 452 428 est,
467 397 494 420 et
507 399 560 419 non
580 386 726 426 intelligit?
752 385 804 416 Dei
822 385 912 424 imago
927 391 978 421 est,

236 445 262 468 et
277 448 331 468 non
352 437 473 466 imitatur
486 434 655 465 Dominum?
672 430 978 474 Censuitsoliaficus.

100 486 182 506 0⁰⁰¹¹·²
191 490 228 505 ⁴³⁰⁵
276 485 306 514 7.
328 484 494 514 Erubescant
506 481 555 522 qui
567 481 710 521 allegorice
720 480 925 519 interpretantes
937 476 981 506 di-

86 517 125 544 ’μή
166 516 181 536 d

85 547 139 568 bant
144 547 229 574 paradi-

236 537 311 567 cunt,
331 529 486 570 paradisum
506 529 533 558 in
554 527 620 558 eaelo
634 533 663 556 et
682 524 851 566 spiritualem
862 534 929 553 esse.
949 524 980 552 In

86 578 174 630 2⁸:22⁵?
186 585 226 600 ⁰¹¹²·
236 577 301 607 caelo
308 575 374 616 quid
381 574 539 610 faeitficus?
546 575 652 605 Verum
660 571 696 601 sit
704 571 732 601 in
742 570 806 600 mlo
819 568 959 610 paradisus
971 581 979 598 ι

91 808 146 828 Gen.
155 807 178 830 3.
189 813 227 829 21.

91 2104 160 2137 Juan.
177 2107 212 2131 19.

106 2336 143 2355 Jen
167 2335 189 2357 3,

237 623 350 653 flumina
375 621 446 651 unde
464 619 584 650 exeunt?
595 629 682 648 nonne
701 628 736 647 ex
746 616 840 646 terra?
859 615 889 646 Si
902 626 1024 661 para-*5⁰4

937 182 1119 206 SEVEMAM

1031 255 1117 281 νοιαν,
1137 243 1183 272 καὶ
1197 242 1289 281 εἴπῃς,
1302 243 1358 275 πῶς
1371 240 1482 276 ἐνόησαν
1504 239 1564 269 τόδε
1579 239 1597 275 ἢ
1608 239 1681 275 τόδε;
1696 249 1800 278 μνημο-

1029 289 1122 324 νεύσας
1135 291 1184 325 τῆς
1204 288 1312 329 πρώτης
1324 289 1411 328 φωνῆς
1425 288 1472 323 τ’ῆς
1484 286 1612 326 λεγούσης
1620 285 1801 324 ,Ποιήσωμεν

1031 336 1167 376 ἄνθρωπον
1181 336 1240 365 κατ’
1263 333 1350 364 εἰκόνα
1370 332 1521 372 ἡμετέραν,
1541 332 1618 373 ἔσχες
1630 333 1678 368 τῆς
1691 330 1802 371 ἀπορίας

1031 381 1080 418 τὴν
1093 381 1180 411 λύσιν.
1195 380 1283 411 Εἷκὼν
1295 381 1376 416 Θεοῦ,
1389 378 1435 408 καὶ
1446 379 1475 408 οὔ
1487 382 1554 416 νοεῖ;
1569 377 1646 408 εἰκὼν
1662 379 1743 415 Θεοῦ,
1757 376 1803 407 καὶ

1031 429 1059 457 οὔ
1074 431 1194 467 μιμεῖται
1206 426 1251 455 τὸν
1265 424 1419 462 Δεσπότην;
1431 423 1554 465 Ἔῤῥαψε
1567 423 1654 465 φύλλα
1667 425 1758 459 συκῆς.

1071 472 1294 513 Αἷσχυνέσθωσαν
1314 472 1339 501 οἳ
1353 472 1576 511 ἀλληγοροῦντες,
1587 470 1628 500 ὅτι
1646 471 1661 499 ὁ
1673 467 1805 509 παράδει-

1032 531 1075 552 σος
1088 520 1115 548 ἐν
1134 520 1236 559 οὐρανῷ
1250 519 1322 555 ἔστι,
1335 517 1380 547 καὶ
1392 516 1571 556 πνευματικός
1584 517 1666 546 ἐστιν.
1685 515 1743 545 Ἐν.
1758 515 1804 544 οὖ-

1033 567 1103 605 ρανῷ
1117 567 1184 600 συκῆ
1196 565 1222 594 τί
1234 568 1321 601 ποιεῖ;
1338 564 1408 594 Ἀλλ’
1424 563 1493 593 ἔστω
1513 565 1528 592 ὁ
1541 562 1701 603 παράδεισος
1716 563 1742 591 ἐν
1755 562 1803 590 οὔ-

1034 613 1117 652 ρανῷ·
1131 612 1155 641 οἱ
1169 611 1284 650 ποταμοὶ
1305 610 1383 640 πόθεν
1406 608 1573 649 ἐξέρχονται;
1591 609 1642 638 οὐκ
1663 608 1717 638 ἀπὸ
1738 609 1804 647 γῆς;

237 668 313 699 disus
325 679 432 699 sursum
449 674 499 705 est,
513 665 587 696 haud
606 664 689 695 dubie
704 663 816 693 flumina
838 661 872 691 de
883 672 980 701 super-
997 669 1016 691 Λ
1032 659 1066 687 Εἰ
1077 660 1091 687 ὁ
1103 657 1261 697 παράδεισος
1272 657 1340 691 ἄνω,
1356 657 1433 692 δῆλον
1449 655 1491 685 ὅτι
1503 655 1549 684 καὶ
1561 655 1586 685 οἱ
1600 654 1717 693 ποταμοὶ
1730 654 1803 684 ἄνω-

237 714 281 743 nis
301 714 400 744 fluunt.
415 714 488 744 Num
499 712 564 742 dicit
574 711 714 751 Scriptura
725 721 732 738 τ
742 708 859 739 Fluvius
868 707 980 737 descen-

237 760 279 790 dit
291 771 326 790 ex
340 759 449 790 Edem?
462 760 496 788 At
509 758 572 788 vide
585 756 731 797 sophisma.
741 754 860 784 irrident
875 764 923 783 nos
937 753 980 783 illi

237 806 427 845 allegoriarum
447 811 577 834 auctores.
592 804 695 832 Induit
708 811 768 838 eos,
786 800 885 839 inquit,
896 800 978 829 Deus

238 851 353 879 tunicas
362 849 512 888 pelliceas.
527 848 601 877 Num
613 847 696 877 boves
714 852 740 874 et
756 854 819 875 oves
838 843 976 878 mactavit,

236 895 394 935 aperuitque
401 893 508 924 coriarii
514 892 647 923 officinam
652 914 659 928 ‚
668 902 700 920 ac
705 890 812 921 coriarii
819 895 902 920 artem
910 889 979 928 egit?

236 940 439 980 Respondemus
452 949 511 976 nes,
527 936 734 967 wtum‘animal
752 933 883 975 produxit
902 934 979 964 nullo

236 997 391 1026 congressu,
397 985 472 1014 nulla
479 983 586 1024 copula.
592 982 676 1020 Quod
683 992 736 1012 non
746 987 803 1011 erat
812 981 884 1018 fecit,
892 989 981 1010 annon

1028 707 1070 735 θεν
1083 704 1180 744 ῥέουσι.
1197 704 1243 739 Μὴ
1262 703 1313 743 γὰρ
1331 698 1403 732 εἶπεν
1417 705 1434 739 ἡ
1448 702 1541 743 Γραφή
1550 714 1557 721 ·
1572 702 1692 742 ποταμὸς
1704 701 1804 741 κατέρ-

1027 762 1105 790 χεται
1115 750 1141 785 ἐξ
1154 749 1253 789 Ἐδὲμ;
1267 749 1365 779 “Ἀλλὰ
1375 749 1407 779 τὸ
1420 749 1547 789 σόφισμα.
1562 749 1681 779 Γελῶσιν
1693 750 1765 788 ἡμᾶς
1779 748 1805 777 οἱ

1028 796 1216 837 ἀλληγορηταί.
1242 795 1365 826 Ἐνέδυσε
1389 795 1440 835 γὰρ
1460 794 1554 828 αὐτοὺς
1581 796 1595 824 ὁ
1619 794 1703 830 Θεὸς,
1726 794 1807 835 φησὶ,

1027 844 1143 883 χιτῶνας
1155 836 1407 883 δερματίνους.Ἆρα
1421 841 1458 880 μὴ
1472 840 1534 880 βόας
1545 840 1563 877 ἢ
1577 841 1701 880 πρόὸατα
1714 841 1807 877 ἔθυσε,

1027 888 1073 918 καὶ
1087 891 1208 928 βυρσεῖον
1219 886 1321 924 ἤνοιξε,
1342 887 1389 916 καὶ
1403 886 1499 927 τέχνην
1518 886 1635 927 βυρσέως
1649 886 1807 924 ἀπετέλεσε;

1029 934 1149 974 Αέγομεν
1168 937 1255 973 ἡμεῖς,
1267 933 1328 963 ὅλον
1342 934 1374 964 τὸ
1391 935 1458 969 ζῶον
1481 933 1636 973 παρήγαγεν
1658 933 1720 962 ἄνευ
1734 945 1807 973 συμ-

1031 980 1132 1016 πλοκῆς
1141 1002 1150 1016 ,
1164 979 1226 1009 ἄνευ
1236 980 1370 1019 συζυγίας.
1384 978 1476 1019 Τὸ-μὴ
1488 978 1516 1008 ὃν
1528 978 1638 1015 ἐποίησε
1647 1001 1655 1016 ,
1669 979 1714 1008 καὶ
1729 979 1808 1019 μέρος

190 1032 195 1036 “
236 1039 339 1072 partem
351 1031 410 1071 ejus
417 1031 503 1060 facere
511 1029 627 1070 poterit?
646 1028 749 1058 Instant
769 1040 776 1056 τ
791 1034 819 1056 at
835 1036 982 1065 numquam
1032 1029 1079 1055 τοῦ
1091 1025 1165 1059 ὄντος
1177 1029 1261 1055 ποιεῖν
1274 1027 1322 1055 οὐκ
1336 1025 1465 1062 ἠδύνατο;
1478 1025 1579 1055 Λοιπὸν
1591 1027 1807 1065 φιλοτιμοῦνται·

235 1080 309 1108 Deus
323 1085 423 1118 partem
435 1076 559 1106 animalis
568 1074 719 1112 facit‚'nihil
729 1073 912 1114 imperfectum
920 1072 984 1102 facit
1033 1072 1093 1101 ἀλλ’
1109 1071 1232 1101 οὐδέποτε
1251 1071 1319 1104 Θεὸς
1338 1074 1410 1100 ποιεῖ
1433 1069 1511 1111 μέρος
1530 1070 1612 1107 ζώου,
1626 1070 1702 1100 οὐδὲν
1717 1071 1809 1104 ἀτελὲς

235 1126 319 1154 Deus.
334 1123 419 1153 Audit
429 1122 538 1163 pellem,
551 1129 576 1151 et
586 1120 681 1160 quaerit
692 1118 774 1149 unde.
787 1118 880 1148 Audio
894 1125 920 1147 et
933 1127 983 1157 ego
1000 1124 1018 1147 B
1033 1121 1103 1147 ποιεῖ
1117 1119 1131 1146 ὃ
1147 1116 1224 1150 Θεός.
1240 1116 1340 1146 Ἀκούει
1361 1116 1446 1156 δέρμα
1456 1139 1465 1153 ,
1482 1115 1528 1147 καὶ
1547 1117 1621 1152 ζητεῖ
1642 1116 1733 1147 πόθεν.
1749 1118 1808 1147 Οὖ-

235 1170 392 1210 sanguinem
412 1170 440 1198 in
462 1169 592 1209 AEgypto,
614 1174 641 1196 et
654 1176 756 1206 quasi-0,
778 1165 850 1195 unde
868 1164 984 1194 mutavit

236 1217 331 1246 Nilum
340 1217 368 1245 in
377 1215 543 1255 sanguinem,
556 1224 616 1253 quae
624 1212 750 1243 animalia
764 1211 901 1243 mactavit.
915 1210 983 1241 Flu-

237 1262 299 1292 vius
312 1263 340 1292 in
358 1261 515 1301 sanguinem
533 1266 664 1295 mutatur,
677 1265 703 1288 et
716 1257 823 1288 nullum
837 1262 983 1287 mactatum

237 1316 276 1338 est
287 1309 386 1339 animal
391 1320 401 1347 ;
415 1308 499 1348 pelles
513 1306 573 1336 duae
587 1307 707 1342 suerunt,
722 1311 748 1334 et
761 1304 857 1343 quaerit
870 1314 905 1334 ex
922 1303 984 1342 qui-

236 1356 288 1385 hus
307 1355 469 1385 animalibus
490 1354 613 1384 detractae
636 1353 722 1392 pelles
745 1352 856 1382 suerint.
878 1352 984 1382 Verum

237 1401 295 1430 illic
313 1401 369 1431 sine
390 1400 498 1430 animali
520 1399 608 1441 pellis.
628 1398 742 1428 Attende
762 1398 869 1435 seriem,
884 1407 984 1436 quam-

238 1458 318 1486 quam
332 1457 386 1478 vox
405 1447 519 1483 laborat,
534 1453 561 1475 et
579 1456 627 1475 nos
646 1444 707 1485 ipsi.
732 1445 767 1473 At
786 1454 819 1473 ne
840 1443 936 1473 mutila
950 1445 985 1473 sit

237 1493 332 1529 oratio,
340 1493 432 1533 paucis
441 1493 528 1522 lenius
539 1491 660 1532 prolatis,
667 1490 747 1520 finem
758 1489 867 1519 dicendi
875 1489 983 1519 faciam.

239 1537 360 1567 Consuit
372 1537 543 1576 foliafieus.
559 1535 671 1566 Utinam
684 1533 802 1564 haeretici
813 1533 883 1563 hanc
901 1539 985 1564 artem

238 1583 403 1612 didicissent.
421 1582 507 1612 Adam
522 1581 713 1622 praevaricatus
727 1590 854 1609 consuere
867 1579 982 1609 didicit:

238 1629 355 1659 haeretici
361 1629 482 1669 perversi
490 1627 611 1658 scindere
621 1626 783 1656 didicerunt.
792 1625 881 1656 Adam
894 1632 984 1656 trans-

239 1686 345 1715 gressus
364 1675 479 1712 consuit,
499 1681 529 1704 ut
547 1672 663 1704 verenda
676 1679 777 1712 tegeret
783 1684 793 1711 3
808 1671 928 1702 haeretici
952 1672 985 1703 fi·
1000 1671 1018 1696 C

238 1722 300 1751 dem
320 1728 444 1761 negantes
465 1720 601 1757 scindunt,
621 1727 652 1749 ut
672 1726 761 1749 sancta
782 1718 893 1749 nudent.
909 1720 985 1759 Saepe

239 1768 364 1798 audimus
378 1778 438 1806 quae
458 1768 486 1796 in
506 1776 584 1796 cruce
604 1765 780 1804 contigerunt,
800 1764 985 1803 miramurque

240 1814 363 1843 sumsisse
385 1813 484 1843 milites
504 1812 661 1842 vestimenta
675 1810 787 1846 Christi,
807 1817 833 1840 et
846 1810 983 1848 divisisse,

241 1859 382 1898 statimque
401 1865 489 1888 mente
502 1857 619 1887 dicimus
636 1869 642 1885 ε
659 1858 759 1897 Magna
771 1857 823 1886 Dei
843 1857 983 1897 patientia,

239 1904 314 1943 quod
326 1915 379 1934 non
392 1903 533 1934 immiserit
545 1903 658 1938 fulmen,
679 1902 754 1941 quod
775 1912 827 1932 non
848 1902 986 1933 strinxerit

241 1952 373 1991 gladium.
390 1951 444 1982 Sed
453 1950 627 1980 >contumeliis
639 1950 805 1979 afficiebatur
818 1951 943 1988 Sanctus,
958 1958 985 1981 et

240 1998 356 2038 profanas
387 2007 482 2027 manus
510 2006 564 2025 non
597 1995 843 2026 abscindebantur?
874 1997 985 2027 Miraris

241 2043 315 2083 quod
326 2043 424 2072 milites
433 2042 492 2072 ausi
501 2043 554 2072 sint
562 2042 717 2073 vestimenta
726 2042 848 2073 dividere
855 2043 869 2072 P
883 2043 985 2073 Mirare

241 2091 316 2130 quod
327 2091 357 2120 hi
369 2091 557 2121 vestimentum
575 2089 702 2119 Ecclesiae
724 2089 894 2121 disciderint.
907 2092 985 2121 Geroe

242 2137 341 2167 milites
353 2136 413 2166 visa
430 2134 531 2166 Christi
549 2135 640 2164 tunica
659 2135 824 2172 inconsutili,
845 2147 860 2165 a
880 2147 986 2167 summo

243 2189 366 2212 contexta
383 2192 433 2222 per
451 2187 549 2216 totum,
569 2180 637 2211 vesti
658 2188 847 2220 pepercerunt3
867 2182 987 2213 haeretici
1002 2187 1020 2209 D

245 2237 309 2256 vero
324 2224 429 2255 Christi
448 2231 561 2260 vestem,
580 2224 708 2254 Ecclesiae
725 2222 911 2255 indumentum
934 2227 984 2256 sci-

244 2277 354 2314 derunt,
367 2275 530 2311 diviserunt,
545 2273 722 2303 dissecarunt.
737 2273 791 2303 Sed
805 2273 840 2302 ad
862 2276 986 2315 proposi—

227 2351 233 2356 .
245 2330 303 2353 tum
310 2329 486 2353 revertamur.
503 2318 803 2360 Consuitfoliafieus.
817 2320 986 2350 Audierunt

245 2372 340 2400 Deum
358 2364 570 2404 ambulantem,
592 2376 688 2405 nempe
708 2371 738 2394 ut
758 2364 851 2394 audire
870 2365 943 2405 licet,
959 2375 987 2397 et

245 2426 275 2445 se
289 2414 511 2445 absconderunt.
526 2411 614 2441 Proba
626 2417 665 2440 est
675 2417 771 2440 natura
787 2423 793 2439 :
810 2411 860 2440 etsi
874 2420 985 2442 sexcen-

244 2463 278 2492 tis
292 2462 406 2502 peccatis
414 2460 499 2490 simus
510 2457 632 2495 obnoxii,
646 2457 806 2486 conscientia
817 2464 906 2487 nostra
919 2458 985 2488 libe-

244 2520 274 2538 ra
284 2515 333 2538 est.
343 2506 484 2537 Interdum
490 2506 563 2535 frons
572 2503 714 2544 impudens
724 2509 774 2542 est,
789 2510 814 2533 et
825 2505 982 2534 conscientia

277 2611 286 2618 ⁴«
304 2598 454 2631 [Combe-[is.
467 2597 537 2623 dedit
549 2600 608 2623 ἀλλὰ
621 2598 651 2622 ἴδε
664 2600 689 2623 τὸ
702 2596 819 2630 adempta]

1034 1166 1096 1193 κοῦν
1109 1163 1198 1193 ἀκούω
1207 1162 1282 1203 κάγὼ
1296 1157 1364 1202 αἷμα
1378 1164 1404 1192 ἐν
1419 1161 1567 1203 Αἰγύπτῳ,
1583 1161 1629 1192 καὶ
1643 1163 1715 1198 ζητῶ
1726 1161 1808 1192 πόθεν

1035 1209 1166 1249 μετέὸαλε
1196 1210 1240 1239 τὸν
1261 1210 1357 1240 Νεῖλον
1372 1210 1409 1246 εἷς
1423 1204 1505 1248 αἷμα,
1522 1212 1587 1238 ποῖα
1599 1207 1675 1238 ἔθυσε
1693 1209 1757 1243 ζῶα.
1774 1208 1809 1238 Ὁ

1034 1255 1154 1295 ποταμὸς
1168 1255 1273 1296 γέγονεν
1293 1251 1375 1294 αἷμα,
1389 1254 1435 1284 καὶ
1455 1253 1528 1284 οὐδὲν
1543 1254 1622 1290 ἐτύθη
1645 1255 1726 1288 ζῶον·
1748 1254 1810 1295 δέρ-

1035 1313 1107 1340 ματα
1121 1301 1166 1331 δύο
1178 1301 1270 1341 γέγονε
1278 1322 1286 1336 ,
1299 1301 1345 1331 καὶ
1359 1302 1431 1338 ζητεῖ
1443 1300 1496 1330 ἀπὸ
1509 1300 1594 1330 ποίων
1608 1299 1683 1334 ζώων
1696 1300 1810 1340 ἐγένετο.

1038 1348 1120 1378 Ἀλλὰ
1134 1349 1211 1378 κάκεῖ
1225 1348 1300 1382 ἐκτὸς
1319 1347 1386 1382 ζιίιου
1400 1346 1494 1387 δέρμα.
1508 1346 1630 1386 Πρόσεχε
1643 1347 1677 1386 τῇ
1699 1347 1809 1376 ἀκολου-

1035 1394 1096 1435 θίᾳ,
1111 1396 1136 1424 εἷ
1149 1394 1195 1425 καὶ
1209 1397 1226 1431 ἡ
1243 1394 1317 1438 φωνὴ
1335 1394 1437 1433 ἔκαμε,
1448 1392 1494 1423 καὶ
1508 1395 1596 1431 ἡμεῖς.
1612 1392 1681 1423 Ἀλλ’
1702 1391 1747 1421 ἵνα
1770 1391 1808 1431 μὴ

1036 1443 1241 1482 ἄκρωτηριασθῇ
1261 1444 1276 1472 ὁ
1287 1441 1364 1480 λόγος
1373 1461 1381 1476 ,
1394 1439 1472 1479 ὀλίγα
1483 1438 1573 1479 ἠρέμα
1591 1438 1703 1479 εἰρηκὼς
1723 1450 1810 1468 κατα-

1036 1491 1131 1521 παύσω
1145 1490 1190 1520 τὸν
1210 1490 1300 1530 λόγον.
1315 1489 1438 1530 ’Έῤῥαψε
1450 1488 1538 1529 φύλλα
1561 1490 1653 1524 συκῆς.
1667 1486 1731 1517 Εἴθε
1742 1485 1809 1516 ταύ-

1035 1548 1084 1574 την
1103 1536 1151 1573 τὴν
1176 1536 1273 1577 τέχνην
1295 1536 1391 1575 ἔμαθον
1417 1534 1554 1576 αἱρετικοί.
1579 1533 1664 1573 Ἀδὰμ
1686 1531 1810 1572 παραὸὰς

1037 1582 1147 1623 ῥάπτειν
1165 1582 1275 1620 ἔμαθεν·
1291 1581 1420 1622 αἱρετικοὶ
1441 1580 1616 1620 ἐκτραπέντες
1629 1579 1729 1620 σχίζειν
1743 1577 1810 1617 ἔμα-

1035 1631 1087 1658 θον.
1100 1627 1184 1667 Ἀδὰμ
1198 1627 1321 1668 παραὸὰς
1341 1627 1463 1668 ἔῤῥαψεν,
1476 1626 1521 1656 ἵνα
1532 1625 1655 1666 σκεπάσῃ
1669 1624 1700 1655 τὸ
1721 1624 1809 1665 ἄσχη-

1036 1686 1085 1713 μον
1094 1686 1101 1693 ·
1116 1674 1244 1715 αἱρετικοὶ
1258 1673 1447 1707 πιστεύσαντες
1461 1673 1500 1712 (f.
1520 1671 1735 1708 ἀπιστήσαντες)
1747 1670 1810 1711 σχί-

1036 1722 1135 1756 ζουσιν,
1149 1720 1193 1749 ’ίνα
1208 1719 1369 1760 γυμνώοωσι
1381 1719 1416 1749 τὰ
1439 1719 1512 1759 ἅγια.
1532 1718 1668 1752 Πολλάκις
1679 1717 1811 1756 ἀκούομεν

1035 1767 1069 1796 τὰ
1081 1766 1124 1796 ἐπὶ
1139 1769 1186 1796 τοῦ
1200 1768 1313 1806 σταυροῦ
1322 1787 1330 1801 ,
1341 1765 1386 1795 καὶ
1403 1764 1572 1804 θαυμάζομεν
1592 1763 1634 1794 ὅτι
1647 1765 1812 1804 στρατιῶται

1035 1812 1132 1842 ἔλαθον
1155 1816 1202 1842 τοῦ
1217 1813 1335 1852 Χριστοῦ
1349 1810 1384 1840 τὰ
1398 1811 1506 1851 ἱμάτια,
1518 1810 1564 1840 καὶ
1579 1810 1752 1849 ἐμερίσαντο,
1765 1809 1811 1839 καὶ

1035 1860 1129 1894 εὐθέως
1142 1862 1219 1899 ἡμῶν
1232 1863 1248 1896 ἡ
1263 1859 1365 1889 διάνοια
1377 1859 1462 1898 λέγει·
1477 1858 1565 1894 πολλὴ
1580 1860 1598 1894 ἡ
1611 1859 1658 1887 τοῦ
1671 1858 1744 1887 Θεοῦ
1758 1868 1812 1896 μα·

1035 1907 1182 1947 κροθυμία,
1196 1906 1234 1946 μὴ
1248 1907 1383 1935 κατελθεῖν
1397 1904 1532 1946 κεραυνὸν,
1546 1905 1583 1944 μὴ
1596 1905 1731 1933 κατελθεῖν
1745 1905 1811 1943 ῥομ-

1035 1953 1123 1993 φαίαν.
1136 1953 1205 1982 Ἀλλ’
1221 1951 1340 1992 ὑδρίζετο
1352 1953 1367 1980 ὁ
1378 1951 1467 1990 Ἄγιος
1477 1972 1485 1988 ,
1499 1950 1544 1980 καὶ
1558 1950 1586 1979 αἱ
1598 1949 1711 1989 βέὸηλοι
1724 1953 1811 1989 χεῖρες

1035 2000 1083 2029 οὐκ
1097 1998 1245 2034 ἐκόπησαν;
1258 1997 1410 2036 Θαυμάζεις
1429 1996 1470 2026 ὅτι
1492 1996 1642 2035 ἐτόλμησαν
1662 1996 1758 2024 ἐκεῖνοι
1783 1994 1808 2024 οἳ

1036 2047 1196 2084 στρατιῶται
1218 2044 1376 2084 μερίσασθαι
1397 2042 1431 2072 τὰ
1452 2042 1562 2081 iuuit-tou
1595 2041 1743 2080 Θαύμασον
1769 2040 1810 2069 ὅτι

1036 2087 1108 2121 οὗτοι
1120 2089 1257 2130 διέῤῥηξαν
1270 2089 1301 2119 τὸ
1314 2088 1419 2128 ἱμάτιον
1432 2091 1480 2125 τῆς
1493 2087 1665 2124 Ἔκκλησίας.
1680 2088 1716 2117 Οἱ
1729 2098 1811 2127 στρα-

1036 2139 1130 2168 τιῶται
1142 2132 1210 2166 εἶδον
1228 2135 1273 2165 τὸν
1296 2137 1398 2176 χιτῶνα
1418 2137 1465 2164 τοῦ
1490 2136 1607 2174 Χριστοῦ
1627 2134 1759 2174 ἄρῤαφσν,
1779 2134 1812 2162 ἐκ

1037 2186 1089 2214 τῶν
1101 2183 1159 2213 ἄνω
1170 2182 1284 2223 ὓφαντὸν
1294 2184 1328 2212 δι’
1338 2182 1400 2212 ὅλου
1411 2204 1419 2219 ,
1433 2181 1479 2212 καὶ
1491 2180 1629 2222 ἐφείσαντο
1637 2183 1683 2210 τοῦ
1695 2179 1811 2219 ἱματίου·

1039 2228 1168 2270 αἱρετικοὶ
1180 2228 1264 2264 δὲτὴν
1275 2229 1375 2264 ἐσθῆτα
1387 2230 1433 2257 τοῦ
1445 2228 1562 2268 Χριστοῦ
1570 2250 1580 2264 ,
1590 2226 1640 2263 τὴν
1654 2226 1751 2262 στολὴν
1763 2227 1812 2262 τῆς

1039 2275 1202 2312 Ἐκκλησίας
1227 2275 1347 2316 ἔσχισαν,
1370 2273 1525 2314 ἐμερίσαντο
1533 2296 1542 2311 ‚
1567 2271 1721 2311 κατέτεμον.
1740 2271 1812 2302 Ἀλλ’

1038 2322 1082 2351 ἐπὶ
1105 2321 1135 2351 τὸ
1159 2321 1332 2362 προκείμενον
1360 2319 1553 2359 ἐπανέλθωμεν.
1578 2318 1699 2358 Ἐῤῥαψε
1725 2317 1812 2358 φύλλα

1039 2369 1128 2403 συκῆς.
1149 2367 1285 2397 Ἤκουσαν
1311 2368 1357 2396 τοῦ
1385 2367 1456 2396 Θεοῦ
1481 2366 1701 2405 περιπατοῦντος,
1716 2365 1752 2396 ὣς
1773 2362 1812 2392 ἔνι

1039 2414 1164 2443 ἀκοῦσαι·
1176 2413 1304 2450 ἤκουσαν,
1325 2412 1370 2442 καὶ
1393 2411 1553 2451 ἐκρύὸησαν.
1570 2409 1724 2449 Εὗγνώμων
1735 2411 1752 2445 ἡ
1766 2409 1812 2449 φύ-

1039 2471 1079 2492 σις
1088 2471 1094 2477 ·
1109 2459 1159 2488 κᾶν
1170 2460 1294 2500 μυριάκις
1307 2453 1380 2497 ὦμεν
1395 2457 1548 2498 ἁμαρτωλοὶ
1556 2478 1564 2492 ,
1576 2455 1725 2492 συνείδησις
1734 2457 1812 2495 ἡμῶν

1036 2505 1161 2545 ἐλευθέρα
1178 2506 1260 2535 ἐστίν.
1279 2505 1384 2535 Ἐνίοτε
1406 2504 1436 2534 τὸ
1457 2503 1599 2544 πρόσωπον
1625 2503 1811 2542 ἀναισχυντεῖ,
1835 2507 1837 2509 “
