1904 2840
0 653 67 677 raim.
77 653 100 676 5.

0 699 43 737 iia.
50 724 73 738 v.
82 715 121 745 46.

1 1007 37 1023 κε.
47 1001 70 1023 6.
80 1001 120 1024 36.

0 1038 67 1062 mih.
81 1039 105 1063 5.

614 189 647 216 IN
673 191 886 217 MATTHAEUM.
915 193 1040 217 HOMIL.
1067 193 1166 217 xvili.

128 251 296 286 invenimus
310 266 318 283 :
331 252 380 284 etsi
401 253 611 294 pulsaverimus,
624 264 677 283 noti
698 254 779 284 nobis
800 265 865 294 ape-

128 294 231 323 rietur:
247 292 310 323 vide
322 293 456 332 quomodo
479 293 599 323 eamdem
617 294 767 323 clausulam
789 304 865 333 repe-

128 332 219 369 tendo,
234 341 288 363 tam
305 333 398 373 justis,
429 344 491 363 uam
512 333 696 374 peccatoribus
713 333 865 363 misericor-

127 371 201 403 diam
214 374 265 403 Dei
283 383 403 403 commen
440 379 461 410 ι,
475 372 567 403 dicens
581 385 589 401 .-
603 373 699 402 Omnis
718 373 766 411 qui
786 373 864 413 petit,

128 411 186 442 sive
200 412 290 452 justus
301 413 346 448 sit,
365 413 423 442 sive
435 419 568 452 peccator,
584 418 687 441 tantum
709 418 799 452 petere
812 422 865 442 non

129 450 246 490 dubitet,
261 462 379 492 quaerere
396 462 448 481 non
473 452 601 492 negligat,
617 452 724 497 pulsare
738 462 791 481 non
806 463 865 482 ces-

129 497 169 520 set
187 503 194 520 e
206 502 268 521 cum
281 498 382 521 constet
393 491 526 521 neminem
534 502 637 531 sperni,
651 491 703 521 nisi
717 491 765 529 qui
777 498 867 531 petere

128 527 295 561 dubitaverit
313 541 329 559 a
349 532 417 567 Deo,
431 542 549 570 quaerere
570 531 735 570 neglexerit,
758 531 867 571 pulsare

128 571 279 600 cessaverit.
291 571 331 601 Ut
341 577 430 600 autem
442 581 633 610 cognoscamus
644 570 791 600 bonitatem
802 571 865 608 Dei,

130 608 252 640 dicamus
265 609 300 640 de
320 610 391 647 Deo,
416 610 486 639 sicut
498 610 622 641 Christus
634 609 704 640 dixit
721 609 756 639 de
776 610 865 640 nobis.

131 648 210 678 Dixit
226 650 298 679 enim
320 661 403 689 supra
419 662 425 678 :
443 651 567 690 Diligite
587 651 865 688 inimicosvestros,

131 695 159 717 et
171 695 264 719 caetera
276 688 433 729 hujusmodi
447 702 454 718 :
469 696 496 719 et
514 688 629 724 addidit,
644 689 676 718 Si
687 695 785 719 autem
799 689 867 718 dili-

132 729 199 768 gitis
213 729 367 769 diligentes
380 739 443 765 vos,
461 739 550 769 quam
571 729 728 758 mercedem
744 729 868 758 habebi-

134 769 169 797 tis
179 770 193 796 P
207 779 304 798 nonne
315 769 436 808 gentiles
449 769 654 810 hocsaciunt?
667 769 723 798 Nos
737 778 800 808 ergo
821 768 866 798 di-

133 817 224 837 camus
236 808 270 837 de
284 809 340 838 Deo
354 821 361 837 ε
377 808 408 838 Si
422 810 495 839 Deus
505 807 689 838 tantummodo
699 811 787 848 justos
804 818 867 838 suos

132 854 159 876 et
170 847 269 878 amicos
281 847 391 878 exaudit
402 855 428 877 et
437 847 559 889 adjuvat,
570 858 650 887 quam
664 847 771 877 laudem
784 848 867 877 boni-

132 887 194 916 tatis
208 887 343 917 meretur?
354 897 441 917 nonne
454 894 481 927 ει
501 887 634 925 homines,
650 898 712 917 cum
725 888 778 917 sint
791 888 867 925 mali,

131 927 231 956 amicos
243 937 306 958 suos
318 934 440 967 rogantes
452 930 481 956 se
506 927 630 964 audiunt,
642 935 669 957 et
685 927 813 956 beneficia
829 928 867 958 eis

130 965 276 1005 praestant?
289 966 375 997 Vides
387 977 463 1006 ergo,
474 967 601 1006 quoniam
621 967 755 997 Dominus
766 966 867 1004 dicens,

130 1006 233 1035 Estote
247 1008 456 1041 misericordes,
471 1010 546 1036 sicut
558 1013 586 1035 et
599 1007 692 1036 Pater
703 1013 800 1036 vester
812 1010 867 1036 mi-

130 1045 250 1075 sericors
259 1052 311 1083 est,
327 1048 378 1086 qui
396 1046 487 1075 solem
501 1056 585 1075 suum
602 1048 672 1075 oriri
688 1047 772 1085 jubet
785 1056 870 1086 super

125 1085 222 1122 justos
232 1092 261 1114 et
273 1088 409 1126 injustos,
423 1092 451 1115 et
462 1086 515 1115 dat
531 1085 664 1124 pluviam
677 1095 762 1125 super
769 1092 868 1125 gratos

129 1130 159 1153 et
171 1125 311 1162 ingratos,
324 1125 470 1155 bonitatem
491 1125 543 1155 Dei
566 1125 655 1155 voluit
678 1125 868 1163 demonstrare,

129 1163 193 1201 quia
206 1171 259 1193 tain
270 1163 352 1204 justis
366 1175 447 1204 quam
461 1164 645 1204 peccatoribus
659 1172 751 1205 parata
764 1172 803 1194 est
816 1166 867 1195 ho-

129 1203 199 1233 nitas
208 1205 277 1244 ejus.
293 1206 349 1234 Nec
368 1204 440 1234 enim
453 1204 584 1234 credibile
595 1211 650 1241 est,
661 1211 690 1234 ut
710 1215 726 1233 o
746 1215 778 1234 us
790 1205 868 1234 boni-

130 1243 191 1272 tatis
204 1243 360 1273 bominibus
372 1243 482 1283 quidem
499 1243 620 1284 injungat
637 1244 666 1274 in
679 1255 722 1273 ma
735 1244 757 1273 is
771 1245 869 1275 consti-

129 1282 206 1318 tutis,
221 1283 278 1323 ipse
290 1290 379 1313 autem
397 1293 450 1313 non
463 1283 542 1313 faciat
557 1295 620 1314 cum
633 1284 667 1314 sit
678 1284 776 1314 bonus.
794 1285 868 1353 Ergo

129 1322 217 1351 omnis
229 1322 277 1361 qui
297 1333 350 1352 non
370 1323 451 1352 habet
465 1322 609 1363 justitiam,
621 1330 668 1353 aut
683 1330 714 1353 ut
732 1323 822 1353 credat
853 1335 868 1354 e

129 1371 212 1401 regno
225 1362 334 1398 caelesti,
349 1369 379 1391 ut
392 1363 478 1402 facere
487 1362 576 1393 valeat
584 1363 728 1403 justitiam,
740 1371 787 1394 aut
798 1372 868 1395 certe

129 1410 183 1429 non
195 1401 292 1441 petivit
315 1400 440 1438 fideliter,
452 1409 500 1432 aut
520 1412 573 1431 non
595 1403 719 1442 quaesivit
732 1404 822 1434 studio
841 1412 867 1435 et

130 1439 232 1477 labore,
253 1448 300 1470 aut
323 1451 376 1470 non
397 1441 518 1481 pulsavit
543 1443 670 1482 operibus
692 1443 771 1474 bonis
785 1457 792 1473 ι
807 1445 867 1474 ideo

129 1482 200 1509 ‘non
219 1487 258 1510 est
278 1480 379 1510 duritia
392 1481 442 1510 Dei
463 1492 516 1510 non
540 1482 699 1521 praestantis,
719 1483 767 1513 sed
787 1484 866 1523 culpa

129 1518 247 1549 hominis
257 1520 426 1560 negligentis.
441 1521 472 1550 9.
487 1522 559 1560 Quis
568 1528 698 1551 vestrum
711 1523 822 1553 habens
828 1524 870 1561 fi-

132 1558 214 1593 lium,
227 1566 256 1588 et
270 1562 296 1589 si
317 1566 398 1598 petat
410 1561 447 1588 ab
462 1570 496 1589 eo
508 1571 625 1598 panem,
642 1563 784 1601 numquid
795 1563 870 1600 lapi·

131 1597 197 1625 dem
219 1600 346 1638 porriget
359 1600 387 1627 ei
395 1601 408 1626 P
424 1599 471 1628 10.
484 1599 550 1628 Aut
575 1602 601 1629 si
614 1601 722 1638 piscem
743 1603 868 1641 petierit,

133 1638 276 1677 numquid
283 1644 442 1677 serpentem
453 1640 579 1678 porriget
592 1641 619 1668 ei
627 1642 640 1667 P
651 1639 724 1669 Vide
734 1640 870 1679 quomodo

131 1686 180 1706 nos
192 1676 228 1706 ad
248 1688 322 1717 spem
349 1676 448 1707 divinae
467 1678 594 1708 bonitatis
614 1678 735 1716 inclinat,
749 1690 782 1709 ne
804 1680 871 1710 forte

133 1715 231 1755 aliquis
254 1715 435 1754 considerans,
446 1724 545 1756 quanta
567 1724 607 1747 est
628 1717 778 1749 differentia
802 1719 870 1750 inter

134 1757 222 1785 Deum
244 1763 271 1786 et
294 1756 447 1793 hominem,
460 1764 486 1786 ει
505 1756 654 1797 ponderans
674 1765 781 1803 peccata
804 1770 868 1797 sua,

134 1794 201 1824 dum
214 1805 267 1825 non
286 1802 375 1837 sperat
396 1796 548 1836 impetrare,
571 1807 620 1826 nec
634 1797 745 1837 incipiat
756 1805 844 1838 petere
861 1811 868 1828 z

135 1833 195 1864 ideo
205 1843 315 1875 patrum
323 1843 349 1865 ει
359 1835 478 1866 filiorum
489 1836 695 1866 similitudinem
709 1838 870 1874 introduxit,

134 1881 165 1903 ut
176 1875 225 1904 etsi
248 1883 357 1916 propter
374 1883 481 1916 peccata
501 1883 590 1906 nostra
609 1876 794 1917 desperemus,
809 1888 872 1918 pro-

134 1920 194 1953 pter
210 1922 347 1955 paternam
369 1916 518 1952 veritatem,
533 1915 679 1946 bonitatem
705 1917 755 1946 Dei
779 1928 870 1957 spere-

134 1964 205 1983 mus.
227 1956 307 1985 Panis
327 1963 367 1986 est
391 1956 504 1986 verbum
528 1955 563 1985 de
583 1955 675 1985 notitia
698 1957 749 1986 Dei
772 1957 867 1987 Patris.

134 1995 217 2035 Lapis
230 2001 270 2024 est
280 2005 357 2025 omne
370 1995 549 2031 mendacium,
563 2002 589 2024 et
598 1996 728 2035 quicquid
741 1996 812 2026 illud
825 1997 871 2026 ha-

134 2035 180 2064 bet
192 2035 220 2064 in
229 2045 257 2064 se
268 2035 424 2065 scandalum
436 2035 588 2065 offensionis
601 2035 635 2065 ad
650 2036 779 2074 animum.
790 2036 870 2066 Unde

136 2074 202 2104 dicit
213 2074 344 2114 propheta
362 2076 396 2105 ad
415 2075 539 2115 justum:
556 2076 594 2104 In
615 2077 749 2104 manibus
769 2081 871 2115 porta-

137 2115 209 2143 bunt
222 2120 259 2147 te.
281 2115 405 2160 nasone
419 2114 558 2160 offendas
574 2116 615 2144 ad
627 2115 754 2154 lapidem
769 2116 871 2155 pedem

138 2159 230 2183 tuum.
242 2153 339 2183 Omnis
359 2154 430 2183 enim
442 2160 532 2193 Justus
545 2153 696 2183 custoditur
709 2155 744 2183 ab
758 2155 871 2194 angelis,

137 2202 170 2221 ne
189 2193 257 2221 forte
278 2192 305 2221 in
327 2193 491 2222 occasionem
516 2194 670 2223 offensionis
693 2194 811 2223 incurrat
826 2204 871 2233 pes

136 2231 343 2261 conversationis
368 2231 464 2271 ipsius.
485 2233 590 2262 Piscem
611 2239 700 2262 autem
724 2233 873 2271 intelligere

137 2280 282 2316 possumus
295 2270 411 2300 verbum
424 2270 458 2300 de
476 2271 584 2301 Christo
599 2284 606 2300 :
624 2278 772 2311 serpentem
785 2279 873 2301 autem

139 2321 146 2338 1
169 2321 229 2339 sum
242 2309 391 2339 diabolum.
403 2311 441 2339 Ut
457 2320 521 2349 ergo
533 2310 705 2350 impetremus
718 2310 791 2349 quod
802 2310 874 2340 desi·

139 2321 274 2386 (liumus,
288 2349 344 2378 duo
355 2348 412 2379 liaec
428 2349 570 2378 convenire
583 2349 690 2379 debent.
707 2351 801 2379 Unum
811 2350 875 2389 qui-

139 2388 213 2425 dem,
226 2396 256 2418 ut
303 2396 342 2418 tas
355 2389 482 2423 oratione,
499 2395 525 2417 et
537 2399 638 2427 quaeras
657 2388 758 2426 studio,
773 2395 801 2419 ει
815 2389 876 2435 pul-

141 2438 182 2457 ωε
196 2400 323 2468 operibiis
338 2440 344 2457 :
359 2428 474 2458 alterum
483 2434 583 2462 autem,
599 2434 628 2457 ut
640 2428 717 2467 panis
737 2435 784 2458 aut
797 2429 877 2469 piscis

141 2467 186 2504 sit,
201 2467 274 2535 guod
286 2468 364 2507 petis.
377 2468 406 2498 Si
430 2474 516 2497 antem
530 2477 589 2505 quae
601 2477 654 2496 non
673 2467 821 2507 expediunt
831 2479 877 2508 pe-

142 2505 187 2543 tis,
222 2517 254 2536 oc
274 2514 329 2543 est,
350 2507 483 2546 carnalia,
505 2517 564 2545 qiiae
586 2514 681 2537 nocent
693 2507 788 2538 animm
807 2514 876 2546 ium,

177 2605 187 2617 ²
204 2597 234 2623 V.
247 2598 276 2623 D.
290 2604 315 2624 ct
326 2597 397 2624 Edit.
410 2599 434 2625 in
447 2607 525 2633 marg.
541 2607 591 2624 non
604 2598 744 2633 estjustiu'a
757 2599 816 2625 Dei.

1590 182 1659 218 825

883 257 903 280 Δ
921 255 998 293 quasi
1019 255 1088 295 lapis
1101 263 1147 284 aut
1160 265 1280 295 serpens,
1295 266 1348 285 non
1361 255 1412 286 tihi
1446 263 1542 291 raestat,
1556 256 1663 287 etiamsi

921 301 1006 334 petas,
1025 295 1087 333 quia
1102 301 1177 335 pater
1189 295 1321 334 benignus
1331 303 1381 326 est.
1396 297 1417 325 A
1432 296 1506 335 ioqui
1520 296 1542 326 si
1553 304 1660 336 praestat

920 334 1016 364 nociva
1022 334 1131 374 petenti,
1140 345 1192 363 non
1212 342 1251 364 est
1262 342 1346 374 pater,
1356 335 1403 365 sed
1423 336 1559 365 inimicus.
1569 338 1601 365 11
1611 359 1618 366 .
1629 336 1661 366 Si

920 383 985 410 vos,
998 383 1064 402 cum
1077 375 1140 403 sitis
1152 374 1234 409 mali,
1249 376 1328 403 scitis
1336 377 1412 404 bona
1422 376 1495 405 data
1504 376 1576 405 dare
1582 376 1660 414 filiis

921 415 1028 443 vestr-is
1042 426 1051 442 .·
1073 420 1185 453 quanto
1209 415 1301 453 magis
1324 415 1417 444 Pater
1433 421 1540 451 vester,
1557 417 1608 456 qui
1627 417 1660 445 in

922 453 1001 482 caelis
1015 460 1066 489 est,
1077 454 1159 482 dabit
1204 455 1301 482 iritum
1314 454 1422 483 bonum
1431 457 1594 493 petentibus
1606 465 1637 484 se
1646 458 1659 483 Ρ

921 493 982 521 Non
1003 492 1065 531 quia
1089 463 1203 532 apostdfi
1226 499 1301 522 erant
1313 493 1388 529 mali,
1405 494 1452 523 sed
1471 501 1601 533 quantum
1625 494 1661 524 ad

922 532 1147 571 comparationem
1167 533 1233 568 nei,
1257 532 1304 570 qni
1330 532 1404 562 solus
1426 534 1599 574 singulariter
1621 541 1661 564 est

921 570 1019 607 bonus,
1035 581 1126 601 omnes
1145 572 1210 602 mali
1227 571 1363 601 videntur.
1376 573 1453 603 Sicut
1471 573 1506 602 ad
1520 584 1659 619 compara-

923 609 1023 639 tionem
1041 610 1112 641 nivis
1130 619 1177 641 aut
1195 611 1259 641 solis
1276 621 1355 641 omne
1368 613 1500 642 mundum
1519 612 1661 643 sordidum

922 649 1041 686 videtur,
1051 657 1078 680 et
1086 661 1165 681 omne
1176 650 1298 682 lucidum
1307 651 1463 682 obscurum.
1473 653 1509 682 Et
1518 663 1591 689 vere,
1598 664 1660 682 cum

923 699 1014 719 omnes
1024 697 1112 729 patres
1125 693 1190 722 mali
1204 692 1257 721 sint
1270 698 1366 730 praeter
1379 693 1477 728 Deum,
1494 702 1555 721 ecce
1575 693 1598 721 si
1610 692 1660 722 ho—

922 728 967 758 die
980 735 1055 769 pater
1069 729 1196 771 injuriam
1244 731 1327 760 tiatur
1338 741 1354 760 a
1366 731 1435 767 filio,
1450 731 1539 761 statim
1552 731 1662 761 affectus

923 768 999 798 illius
1012 776 1131 800 mutatur
1143 770 1171 800 in
1185 782 1201 801 o
1223 771 1290 806 ium,
1306 777 1332 799 et
1344 770 1468 800 irascitur
1486 771 1529 800 illi
1550 771 1660 801 forsitan

923 815 950 838 et
962 810 1083 848 castigat.
1098 811 1159 840 Non
1181 811 1244 850 quia
1259 810 1305 839 ille
1328 810 1427 840 faciens
1451 810 1578 850 injuriam
1591 811 1660 855 patri

923 849 1043 887 peccavit
1053 856 1114 879 ante
1122 852 1219 888 Deum,
1233 850 1293 879 ideo
1303 856 1378 890 pater
1390 861 1456 880 suus
1469 850 1511 879 illi
1526 850 1659 886 irascitur,

922 888 970 917 sed
980 888 1044 927 quia
1059 888 1100 918 ilii
1110 890 1171 919 fecit
1185 889 1322 930 injuriam.
1341 890 1449 928 Alioqui
1460 890 1483 919 si
1498 896 1584 930 pater,
1592 890 1661 929 inju-

923 927 991 956 riam
1003 939 1109 967 passus,
1123 940 1176 959 non
1201 936 1311 970 propter
1331 929 1458 969 injuriam
1471 940 1546 959 suain
1562 929 1662 958 irasce-

923 974 997 997 retur
1010 967 1078 1003 filio,
1092 968 1139 998 sed
1157 977 1267 1010 propter
1288 968 1363 997 illius
1382 975 1532 1008 peccatum,
1546 969 1574 997 in
1588 969 1661 998 omni

923 1014 1030 1046 peccato
1052 1007 1170 1038 filiorum
1188 1007 1312 1039 similiter
1336 1008 1502 1038 irasceretur.
1516 1009 1594 1038 Nunc
1614 1019 1661 1037 au-

923 1053 976 1076 iein
988 1070 996 1083 ,
1011 1047 1119 1085 quando
1143 1048 1151 1077 i
1173 1049 1196 1079 si
1212 1046 1335 1087 injuriam
1361 1048 1509 1088 patiuntur,
1524 1047 1615 1077 dolent
1636 1055 1662 1077 et

923 1087 1040 1116 fremunt
1054 1101 1059 1114 ι
1076 1098 1147 1125 quan
1168 1099 1184 1118 o
1197 1095 1285 1118 autem
1298 1087 1375 1117 aliter
1387 1087 1439 1116 filii
1459 1098 1552 1117 eorum
1566 1098 1661 1127 pecca-

922 1126 1009 1156 verint
1020 1126 1047 1155 in
1061 1128 1160 1165 Deum,
1175 1139 1223 1158 nec
1240 1133 1344 1158 curant.
1361 1128 1433 1157 Deus
1447 1134 1535 1157 autem
1546 1128 1662 1158 offensus

923 1166 958 1195 ab
971 1166 1090 1202 bomine,
1105 1177 1158 1196 non
1172 1168 1233 1198 ideo
1246 1166 1382 1203 irascitur,
1397 1166 1461 1206 quia
1473 1167 1531 1207 ipse
1544 1178 1607 1196 cum
1619 1178 1661 1197 es-

923 1212 962 1235 set
975 1206 1049 1235 Deus
1070 1207 1249 1242 constitutus,
1269 1206 1304 1235 ab
1318 1206 1425 1236 bomine
1438 1213 1478 1236 est
1501 1213 1659 1244 contemtus,

922 1244 970 1274 sed
982 1245 1046 1284 quia
1067 1245 1149 1275 homo
1172 1245 1309 1277 offendens
1323 1247 1412 1275 Deum
1437 1245 1525 1286 perdit
1545 1246 1662 1275 animam

922 1295 1007 1313 suam.
1023 1285 1095 1315 Vere
1103 1296 1166 1325 ergo
1179 1297 1232 1316 non
1246 1284 1371 1315 irascitur
1381 1285 1416 1314 de
1429 1285 1528 1325 injuria
1539 1297 1598 1323 sua,
1615 1286 1662 1315 scd

922 1323 995 1354 dolet
1003 1324 1038 1354 de
1050 1324 1199 1364 perditione
1210 1326 1339 1355 humana.
1352 1326 1387 1354 Et
1397 1325 1420 1354 si
1431 1325 1553 1365 castigat,
1565 1336 1617 1355 non
1632 1333 1662 1356 ut

922 1373 999 1393 suam
1012 1364 1140 1403 injuriam
1153 1365 1283 1403 vindicet,
1296 1364 1342 1394 sed
1358 1371 1387 1394 ut
1405 1364 1485 1394 illum
1498 1365 1614 1404 corrigat
1627 1366 1662 1395 ad

925 1403 1049 1432 salutem.
1063 1404 1134 1433 Audi
1146 1416 1207 1434 eum
1222 1416 1270 1445 per
1292 1404 1449 1444 prophetam
1462 1404 1593 1434 dicentem
1609 1417 1616 1433 :
1631 1406 1663 1435 Si
1673 1415 1739 1437 Psal.
1756 1414 1795 1438 88.

923 1443 1194 1488 dereliquerintsilii
1206 1446 1267 1484 ejus
1277 1444 1368 1490 legen}
1381 1454 1486 1479 meam,
1495 1446 1622 1474 visitabo
1630 1447 1662 1474 in
1671 1446 1711 1469 3¹·
1721 1445 1761 1469 33.
1772 1444 1811 1476 34.

925 1492 1012 1522 virga
1025 1484 1183 1521 injustitias
1196 1494 1306 1519 eorum,
1322 1483 1548 1512 misericordiam
1565 1492 1663 1514 autem

925 1531 1019 1551 meam
1034 1532 1092 1551 non
1100 1523 1196 1562 disper
1214 1533 1262 1551 am
1273 1524 1310 1551 ab
1323 1524 1375 1557 eis,
1386 1529 1438 1552 etc.
1452 1522 1586 1558 Quoniam
1600 1534 1663 1554 vero

925 1569 977 1588 non
988 1560 1078 1590 omnia
1099 1534 1249 1601 petentibus
1261 1568 1379 1602 praestat,
1394 1561 1440 1590 sed
1453 1561 1523 1590 bona
1543 1569 1662 1592 tautum-

925 1598 1018 1636 modo,
1033 1599 1094 1630 ideo
1105 1611 1158 1630 non
1172 1601 1254 1638 dixit,
1269 1603 1378 1638 Quanto
1392 1600 1477 1640 magis
1489 1601 1567 1630 Pater
1575 1609 1663 1632 vester

924 1637 1001 1668 dabit
1008 1639 1158 1678 petentibus
1168 1651 1195 1669 se
1207 1653 1213 1668 :
1225 1640 1271 1670 sed
1282 1639 1397 1677 addidit,
1409 1642 1494 1669 Bona
1522 1643 1663 1672 cientibus

925 1688 966 1708 se.
977 1680 1025 1708 12.
1044 1680 1149 1708 Omnia
1163 1690 1239 1720 ergo,
1252 1690 1440 1719 quoecumque
1452 1690 1493 1708 vu
1508 1683 1544 1709 tis
1568 1681 1663 1722 utfa-

926 1719 1006 1748 ciant
1019 1720 1104 1749 vobis
1122 1720 1264 1756 homines,
1283 1725 1313 1749 et
1323 1729 1378 1748 vos
1389 1720 1488 1760 facite
1509 1722 1559 1749 eis.
1575 1721 1662 1760 Supra

924 1765 1036 1798 propter
1057 1758 1273 1788 sanctificandam
1294 1758 1441 1788 orationem
1462 1758 1616 1797 mandavit,
1633 1768 1663 1790 iit

925 1807 978 1826 non
995 1797 1116 1837 judicent
1130 1798 1176 1837 qui
1202 1805 1311 1838 peccaut
1337 1798 1365 1827 in
1390 1798 1462 1838 ipsos
1479 1798 1534 1828 :ita
1559 1810 1593 1828 ex
1614 1810 1662 1829 ne-

924 1837 1044 1867 cessitate
1057 1837 1092 1867 ab
1109 1837 1203 1867 ordine
1221 1848 1276 1867 suae
1293 1837 1452 1867 narrationis
1462 1838 1602 1875 excedens,
1620 1840 1662 1868 in-

926 1876 1048 1906 troduxit
1063 1877 1116 1906 alia
1129 1876 1267 1916 quaedam:
1279 1877 1358 1916 quale
1368 1884 1422 1914 est,
1440 1878 1519 1916 Quid
1535 1885 1565 1908 tu
1578 1880 1664 1908 vides

918 1917 1072 1958 festucam
1082 1918 1114 1945 in
1127 1917 1327 1958 oculofratris
1339 1919 1404 1946 tui?
1417 1923 1443 1946 et
1461 1917 1532 1946 illud
1542 1940 1550 1954 ,
1563 1919 1664 1949 Nolite

925 1962 1058 1994 sanctum
1077 1956 1148 1985 dare
1174 1959 1296 1986 canibus
1309 1979 1317 1992 ‚
1339 1963 1390 1986 etc.
1417 1967 1476 1995 quae
1503 1966 1660 1996 sequuntur.
1675 1977 1723 1994 m,

925 1997 1004 2026 Nunc
1023 1995 1059 2025 ad
1076 1994 1232 2026 mandatum
1249 1993 1324 2035 quod
1344 2003 1459 2036 coeperat
1480 1997 1586 2026 rediens
1602 1998 1661 2028 ait:

890 2051 909 2074 1)
929 2037 1046 2072 Omnia,
1058 2045 1246 2074 quoecumque
1253 2036 1347 2066 vulti‘s
1354 2036 1513 2076 itt-faciant
1522 2039 1604 2067 vobis
1612 2039 1664 2067 ho-

928 2077 1030 2111 mines,
1045 2075 1144 2115 facite
1166 2081 1194 2104 et
1218 2086 1270 2105 vos
1291 2078 1357 2106 eis.-
1383 2075 1413 2104 id
1436 2082 1485 2112 est,
1500 2077 1560 2105 Non
1574 2078 1664 2108 solum

927 2114 1035 2150 mando,
1051 2115 1155 2143 Nolite
1173 2116 1323 2155 judicare,
1347 2122 1379 2144 ut
1397 2125 1456 2144 non
1477 2117 1662 2155 judicemini,

927 2154 999 2193 quod
1013 2163 1104 2183 omnes
1115 2153 1237 2184 homines
1250 2155 1302 2185 sibi
1311 2154 1371 2184 fieri
1380 2155 1486 2191 volunt,
1499 2162 1529 2184 ut
1541 2166 1603 2186 cum
1616 2166 1664 2185 no-

927 2194 1030 2223 cuerint
1040 2193 1187 2232 aliquibus,
1198 2204 1249 2223 non
1255 2194 1412 2235 judicentur
1420 2195 1454 2223 ab
1465 2195 1503 2224 eis
1515 2195 1575 2224 :sed
1585 2195 1664 2225 etiam

930 2233 1047 2269 Omnia,
1062 2243 1251 2274 quoecumque
1273 2234 1365 2263 vultis
1385 2241 1418 2263 ut
1435 2235 1560 2275 faciant
1580 2236 1665 2263 vobis

928 2272 1077 2308 homines,
1094 2282 1148 2302 vos
1159 2274 1257 2314 facite
1270 2275 1320 2310 eis,
1334 2280 1359 2302 et
1375 2280 1439 2303 tunc
1461 2272 1666 2312 impetrabiliter

927 2312 1036 2351 potestis
1048 2322 1133 2342 orare.
1148 2315 1218 2343 Nam
1231 2323 1406 2352 quaecumque
1419 2313 1464 2341 lex
1487 2319 1513 2340 et
1530 2312 1665 2350 prophetie

927 2350 1042 2391 sparsim
1050 2351 1077 2380 in
1084 2353 1210 2382 omnibus
1218 2358 1400 2392 praeceperunt
1411 2351 1468 2381 Scri
1490 2351 1568 2386 turis,
1578 2351 1604 2378 in
1615 2350 1666 2379 hoc

928 2390 1115 2431 compendioso
1125 2391 1388 2431 comprehenduntur
1397 2400 1456 2419 man
1494 2396 1530 2423 to,
1544 2389 1619 2428 quasi
1630 2389 1667 2418 in-

929 2430 1106 2460 numerabiles
1123 2431 1226 2460 arboris
1243 2430 1310 2459 rami
1324 2430 1351 2458 in
1375 2439 1428 2457 una
1441 2428 1538 2457 radice.
1551 2430 1598 2458 15.
1613 2430 1665 2457 In-

931 2475 1006 2499 trate
1014 2480 1068 2515 per
1081 2477 1234 2510 angustam
1254 2475 1378 2508 portam.
1401 2467 1492 2496 Tertia
1504 2467 1560 2497 haec
1573 2477 1666 2496 conse-

929 2516 1036 2548 quentia
1055 2509 1091 2539 ad
1111 2509 1216 2539 tertiam
1234 2508 1365 2547 justitiam
1383 2506 1478 2546 jejunii
1496 2507 1619 2546 ponium,
1643 2514 1669 2537 ct
