1904 2840
663 171 695 194 IN

131 229 267 259 idolorum
289 231 395 259 cultura
407 231 528 270 corrupti
547 236 620 267 sunt,
641 238 668 260 et
686 232 805 271 virgines
818 231 874 261 dici
889 235 911 258 A

130 279 182 298 non
197 276 318 308 possunt.
334 270 408 300 Vere
419 276 509 299 autem
517 279 564 299 nec
578 269 613 299 ad
623 269 732 300 Judaeos
746 271 872 310 pertinet,

132 319 179 337 nec
199 308 235 337 ad
248 308 404 338 haereticos:
420 309 484 347 quia
507 319 561 337 non
604 316 698 339 ossunt
715 309 805 340 Judaei
820 310 875 339 dici

132 347 258 386 virgines,
273 348 319 386 qui
333 349 451 388 projecto
462 355 487 377 et
500 320 632 378 crucifixo
643 359 753 389 sponso,
765 349 875 379 adulte-

131 398 193 416 rum
206 398 288 427 super
299 398 327 416 se
335 387 477 416 diabolum
489 395 674 428 susceperunt.
689 390 782 427 Neque
791 389 876 418 haere-

131 427 178 456 tici
190 427 309 466 virgines
327 427 383 456 dici
399 435 522 467 possunt,
535 428 583 467 qui
603 435 629 458 ct
653 428 707 468 ipsi
724 428 875 458 adulterino

132 477 212 496 sensu
225 467 345 507 corrupti
354 473 428 504 sunt,
439 474 465 496 et
475 467 657 506 virginitatem
667 468 788 498 veritatis
797 468 876 497 Chri-

133 506 168 535 sti
180 505 332 535 adulterino
345 516 466 536 sermone
478 513 666 547 corrumpunt.
684 506 737 537 Sed
751 507 786 536 ad
798 507 876 537 Chri-

133 546 248 575 stianum
259 546 444 575 tantummodo
456 547 587 586 populum
597 547 720 586 pertinet,
733 546 767 575 de
776 547 876 585 quibus

36 597 73 611 nr.
88 594 123 612 ιι·
135 585 265 625 scriptum
280 592 339 614 est:
353 585 451 615 Statui
463 596 517 615 vos
529 588 581 615 uni
592 588 657 615 viro
671 587 816 626 virginem
828 597 876 615 ca-

136 632 211 654 stam
222 626 360 654 exhibere
375 626 499 655 Christo.
521 626 616 655 Timeo
637 632 746 662 autem,
759 636 796 654 ne
804 627 878 655 sicut
891 640 892 643 ¹

135 674 251 703 serpens
274 665 391 694 seduxit
410 666 527 694 Hevam
549 666 661 694 astutia
673 675 738 702 sua,
754 666 799 694 'sic
812 675 876 694 cor-

136 710 309 743 rumpantur
329 714 430 734 sensus
443 706 536 734 ‘vestri
548 715 568 733 a
581 706 727 739 castitate,
751 714 816 743 quoe
835 711 878 734 est

136 744 167 772 in
182 745 296 773 Christo
307 745 390 773 Jesu.
403 745 495 773 Fatuae
505 751 595 773 autem
606 743 725 783 virgines
734 751 807 780 sunt,
817 755 878 782 quae

137 783 218 812 fidem
231 782 341 822 quidem
354 783 454 813 Christi
467 784 598 823 integram
611 783 720 818 habent,
734 793 816 822 opera
829 794 876 813 au-

137 830 190 852 tem
199 823 311 862 justitiae
333 833 386 852 non
405 823 515 852 habent.
531 822 620 853 Judaei
633 833 698 852 vero
716 830 742 852 et
761 823 880 852 haeretici
894 827 912 849 B

137 873 222 900 neque
236 862 317 891 iidem
327 862 438 900 habeut,
452 873 538 901 neque
549 872 631 902 opera
642 869 755 902 possunt
766 862 878 892 habere.

137 902 191 932 Sed
204 909 230 931 et
242 902 265 930 si
279 912 391 942 operum
405 902 496 931 oleum
522 902 649 936 habeant,
669 902 740 931 nihil
754 902 792 931 eis
811 913 879 941 pro-

136 941 195 971 dest
208 953 216 970 t
231 941 295 980 quia
314 941 451 981 lampades
474 941 538 970 fidei
552 952 605 970 nou
619 941 728 977 habent,
744 952 811 979 quas
830 952 878 971 ac-

136 981 261 1011 cendant.
282 982 363 1010 Tunc
375 981 472 1010 simile
494 982 560 1010 erit.
582 981 663 1014 Bene,
690 981 771 1009 Tunc
785 993 795 1009 .·
814 982 878 1019 quia

135 1020 244 1050 interim
267 1031 320 1050 non
334 1027 445 1060 apparet
458 1030 518 1059 quae
534 1019 678 1060 prudentes
691 1020 754 1056 sint,
767 1031 827 1058 quae
839 1021 879 1050 fa-

137 1067 188 1090 tuae
201 1073 208 1089 :
225 1067 364 1099 quousque
376 1066 439 1088 tunc
452 1059 543 1088 multae
554 1060 633 1088 fatuae
646 1059 710 1088 fient
723 1059 879 1099 prudentes,

135 1107 162 1129 et
175 1099 266 1129 multae
285 1110 345 1139 quae
355 1098 485 1128 videntur
498 1098 653 1139 prudentes,
671 1099 749 1128 fatuoe
761 1100 879 1129 efficien-

136 1147 190 1169 tur.
212 1140 283 1178 Quae
305 1145 480 1178 acceperunt
500 1139 649 1178 lampades
668 1149 746 1168 suas.
763 1140 878 1179 Lampas

33 1191 125 1209 cen-ui
136 1179 239 1209 dicitur
251 1178 332 1214 fides,
347 1178 410 1217 quia
424 1178 494 1208 sicut
506 1178 608 1218 lampas
621 1178 756 1208 illuminat
768 1177 879 1208 domum

136 1219 163 1248 in
180 1229 233 1257 qua
250 1225 300 1254 est,
324 1218 363 1247 sic
379 1218 446 1247 fides
459 1218 595 1247 illuminat
607 1218 724 1247 animam
738 1219 815 1258 cujus
827 1225 877 1248 est.

137 1257 301 1288 Accenditur
317 1264 406 1287 autem
419 1257 476 1287 haec
489 1258 591 1297 lampas
616 1257 676 1296 igne
690 1257 777 1287 divini
789 1258 876 1287 verbi.

137 1298 260 1328 Verbum
270 1299 342 1326 enim
358 1297 409 1326 Dei
423 1297 492 1335 iguis
505 1304 553 1332 est,
565 1297 634 1326 sicut
644 1296 712 1326 dicit
722 1297 855 1327 Dominus
869 1310 876 1326 ι

136 1339 238 1377 Ignem
264 1338 333 1366 veni
358 1338 471 1365 mittere
493 1338 526 1365 in
547 1342 664 1366 terram.
691 1337 761 1365 Item
774 1336 879 1366 dicente

135 1377 256 1416 apostolo
269 1389 276 1405 ι
292 1376 382 1406 Fides
396 1386 432 1405 ex
445 1376 560 1411 auditu,
581 1377 700 1405 auditus
718 1382 816 1404 autem
827 1386 881 1416 per

135 1418 259 1446 verbum
279 1417 347 1445 Dei.
378 1415 523 1455 Accipiunt
545 1422 636 1444 autem
662 1415 784 1444 homines
809 1415 878 1445 hanc
894 1424 912 1446 c

135 1455 298 1496 lampadem,
323 1454 431 1493 quando
444 1454 580 1484 venient&
603 1453 637 1483 ad
654 1454 806 1490 Christum,
831 1466 879 1494 per

135 1495 284 1524 sacerdotes
298 1494 432 1532 accipiunt
446 1493 571 1522 traditam
581 1493 634 1522 sibi
647 1493 765 1524 veritatis
774 1493 878 1523 doctri-

134 1544 207 1563 nam.
222 1537 278 1563 Aut
286 1534 356 1563 sicut
368 1533 438 1562 alius
450 1539 534 1572 putat,
549 1532 664 1562 verbum
674 1532 736 1568 Dei,
749 1533 823 1571 quod
836 1543 878 1563 ac-

134 1574 253 1613 cepimus
276 1572 429 1602 accedentes
453 1571 488 1608 ad
511 1571 650 1601 Christum
661 1593 669 1607 ,
694 1572 802 1600 lucerna
818 1579 857 1601 est
868 1595 876 1609 ,

6 1616 52 1638 eal.
72 1615 123 1639 ¹¹8-
134 1613 280 1642 secundum
300 1611 516 1651 quod'scriptum
530 1618 569 1640 est
585 1623 592 1639 :
607 1612 740 1640 Lucerna
757 1612 877 1650 pedibus

14 1646 38 1670 ⁵·
135 1655 205 1682 meis
219 1653 343 1681 verbum
364 1656 455 1680 tuum.
470 1651 569 1680 Oleum
592 1657 681 1680 autem
698 1650 819 1680 doctrina
833 1661 878 1680 sa-

134 1691 284 1727 cerdotum,
296 1698 342 1720 aut
354 1697 508 1720 caeterarum
519 1690 730 1730 Scripturarum.
742 1690 877 1727 Quoniam

134 1731 203 1760 sicut
215 1731 333 1766 lucerna,
346 1730 398 1759 uisi
412 1730 437 1758 ei
456 1729 701 1759 subministraveris
714 1729 814 1764 oleum,
826 1740 878 1759 ex-

134 1770 284 1810 stinguetur
297 1782 304 1798 :
317 1770 356 1799 sic
364 1769 478 1799 verbum
489 1769 552 1798 fidei
566 1776 671 1803 nostrat,
683 1768 756 1807 quod
765 1768 876 1798 creden-

132 1817 172 1839 tes
190 1820 251 1839 acce
271 1810 352 1845 imus,
376 1808 435 1838 nisi*
450 1807 566 1838 assiduis
586 1808 720 1837 nutriatur
733 1808 873 1846 doctrinis,

132 1857 179 1879 aut
199 1821 417 1878 meditationibus
435 1849 638 1893 Scripturarum
650 1869 658 1883 ,
681 1847 872 1886 exstinguitur,

132 1895 158 1918 et
171 1899 223 1918 non
236 1889 299 1918 satis
313 1888 447 1917 illuminat
458 1898 584 1917 ammam.
605 1889 660 1916 Aut
671 1887 762 1916 oleum
773 1886 874 1916 dicitur

131 1939 200 1968 opus
219 1927 419 1957 misericordiae.
436 1927 507 1964 Quia
520 1927 588 1956 sicut
600 1926 688 1955 oleum
699 1926 789 1955 lumen
804 1926 873 1955 lam—

132 1967 208 2007 padis
222 1968 304 2001 fovet,
327 1968 365 1996 sic
385 1977 465 2006 opera
483 1967 552 1996 bona
571 1966 773 1996 subministrant
787 1965 872 1995 confi-

130 2007 247 2037 dentiam
270 2006 348 2042 fidei,
371 2012 397 2035 et
413 2004 704 2045 vigorem‘accendunt.
730 2006 772 2034 Et
784 2007 874 2034 v‘ene-
888 2006 907 2029 D

129 2054 199 2076 runt
213 2049 329 2077 obviam
342 2056 444 2086 sponso
459 2052 487 2074 et
502 2055 622 2085 sponsae.
634 2045 705 2074 Bene
716 2044 764 2080 ait,
778 2044 808 2072 V
804 2055 871 2073 ene-

130 2094 209 2124 runt,
221 2086 328 2125 quando
339 2096 373 2115 ex
381 2085 428 2114 illa
441 2085 496 2122 die,
506 2096 558 2124 qua
570 2085 650 2114 homo
660 2083 744 2113 credit
753 2083 870 2119 Christo,

129 2127 205 2164 quasi
220 2127 254 2155 de
265 2126 352 2165 seipso
365 2135 496 2164 egressus,
508 2131 534 2153 et
547 2124 581 2153 de
589 2123 701 2159 mundo,
716 2124 755 2152 ire
767 2122 872 2152 videtur

128 2164 237 2195 obviam
250 2165 359 2194 Christo
377 2176 384 2191 ι
399 2165 463 2202 quia
477 2163 600 2203 quotidie
616 2163 717 2193 Christi
737 2169 872 2201 exspectat

128 2203 283 2234 adventum.
295 2204 371 2234 Sicut
383 2204 455 2232 enim
466 2203 513 2242 qui
527 2203 635 2232 obviam
646 2202 721 2231 vadit
735 2201 827 2238 alicui,
836 2202 871 2246 'in

129 2244 173 2272 via
199 2251 259 2277 stat,
274 2250 301 2273 et
321 2249 455 2282 exspectat
479 2253 541 2271 eum
560 2241 689 2280 quamdiu
709 2241 818 2271 veniat:
833 2247 870 2270 ita

36 1348 91 1364 .12.

21 1411 53 1425 m.
69 1410 104 1427 io.

2 2271 8 2332 l
127 2283 174 2321 qui
187 2283 273 2312 credit
298 2282 324 2311 in
347 2283 495 2317 Christum,
511 2281 550 2309 sic
572 2280 651 2309 debet
665 2280 755 2310 vivere
771 2280 799 2308 in
818 2279 870 2309 hoc

126 2323 235 2358 saeculo,
255 2322 332 2361 quasi
347 2320 514 2361 peregrinus,
529 2327 554 2348 et
568 2329 619 2348 non
635 2319 661 2348 in
681 2319 747 2355 suis,
771 2318 818 2363 sed
839 2319 868 2348 in

0 2366 55 2387 rod.
72 2372 106 2386 ¹2·
126 2363 239 2391 transitu
252 2361 365 2402 positus.
387 2360 531 2404 Propterea
556 2365 586 2403 et·
601 2358 689 2388 Judaei
714 2358 814 2404 exituri
835 2357 870 2387 de

127 2402 257 2470 AEgyAEto,
271 2400 390 2440 expediti
409 2406 434 2428 et
455 2405 587 2438 praecincti
600 2408 701 2442 agnum
719 2408 786 2436 jussi
806 2405 869 2426 sunt

128 2451 188 2469 man
211 2451 308 2476 ucare:
322 2447 348 2468 et
363 2439 397 2468 ad
417 2437 570 2468 exeundum
592 2443 688 2477 parati,
703 2436 869 2466 ostendentes

8 2491 118 2512 Euclmi-
127 2480 216 2515 nobis,
229 2478 363 2518 quomodo
382 2478 544 2517 quicumque
561 2476 645 2505 nostri
660 2476 729 2515 Agni
743 2475 868 2505 euchari-

127 2519 204 2548 stiam
215 2518 388 2554 manducant,
399 2518 435 2547 ita
449 2517 546 2546 debent
557 2526 661 2555 semper
672 2525 728 2544 esse
737 2515 867 2554 expediti,

126 2558 202 2597 quasi
211 2557 331 2597 quotidie
341 2557 440 2587 exituri
450 2556 484 2586 dc
493 2554 604 2585 mundo.
614 2555 670 2585 Nec
678 2554 795 2593 mireris,
806 2556 869 2594 quia

0 2522 27 2543 ia.

722 171 924 194 MATTHAEUM
930 187 937 194 .
966 172 1070 196 nomm
1076 188 1083 197 .
1112 174 1155 196 Lll
1162 189 1168 197 .

1606 164 1672 213 961

926 232 997 262 dixit
1013 233 1053 263 ire
1067 235 1176 264 obviam
1190 245 1287 275 sponso
1300 241 1325 265 et
1344 246 1458 276 sponsae,
1473 246 1536 267 cum
1553 238 1673 268 Ecclesia

925 272 995 301 inter
1009 282 1056 302 nos
1080 274 1211 303 habeatur
1234 285 1339 314 sponsa.
1362 276 1440 306 Sicut
1458 277 1530 306 euim
1549 277 1674 308 Christus

926 321 988 340 cum
996 311 1031 340 sit
1041 312 1108 341 iuter
1118 323 1177 348 nos,
1188 320 1274 343 tamen
1288 322 1416 344 venturus
1429 315 1541 352 dicitur,
1555 327 1617 346 cum
1626 327 1677 357 ap·-

926 351 1046 390 paruerit
1059 351 1086 380 in
1097 352 1182 390 gloria
1199 364 1205 380 =
1222 353 1261 382 sic
1276 361 1302 382 et
1313 355 1432 384 Ecclesia
1444 355 1567 394 quamvis
1580 357 1619 385 sic
1632 357 1673 386 in-

925 396 966 418 ter
978 400 1036 427 nos,
1051 397 1139 420 tamen
1150 398 1260 421 ventura
1274 393 1385 430 dicitur,
1400 404 1462 423 cum
1476 396 1631 435 apparuerit
1643 396 1671 425 in

926 429 1012 468 gloria
1038 440 1097 460 sua.
1127 432 1269 470 Propterea
1294 432 1360 462 dicit
1382 434 1518 473 apostolus
1534 447 1541 463 ι
1561 436 1674 465 Mortui
1683 440 1770 465 coloss.
1781 442 1804 465 3,

926 470 1004 497 enim
1016 471 1096 505 estis,
1119 473 1147 498 el
1167 472 1234 500 vita
1246 478 1348 501 vestra
1362 474 1531 502 abscondita
1550 480 1592 503 est
1605 485 1671 504 cum
1680 473 1705 496 3·

928 508 1043 537 Christo
1056 511 1088 538 in
1102 509 1165 538 Deo
1181 522 1189 538 .-
1203 521 1268 539 cum
1280 518 1377 540 autem
1393 512 1523 542 Christus
1533 524 1673 553 apparueu
1693 547 1697 549 ,

926 550 965 576 rit
976 549 1040 576 vita
1050 555 1150 578 vestra
1153 571 1161 584 ‚
1173 556 1242 578 tunc
1253 556 1282 578 et
1288 561 1342 579 vos
1351 553 1523 590 apparebitis
1534 557 1597 582 cum
1609 555 1672 592 ipso

928 589 959 615 in
968 587 1107 626 gloria-⁷).
1119 590 1223 618 Fatuae
1232 595 1328 618 autem
1339 592 1512 629 accipientes
1523 592 1672 632 lampades

927 636 1006 662 suas,
1021 637 1081 655 non
1099 634 1264 658 sumserunt
1278 629 1375 658 oleum
1388 640 1496 659 secum.
1515 632 1590 660 Sicut
1604 633 1670 662 lam-

927 676 975 705 pas
986 676 1038 694 non
1049 676 1082 695 ex
1094 667 1152 696 oleo
1163 667 1326 702 accenditur,
1338 668 1385 698 sed
1396 669 1430 697 ab
1440 669 1510 708 igne,
1523 680 1570 714 per
1580 671 1670 701 oleum

926 711 1014 734 tamen
1027 706 1156 743 nutritur,
1168 713 1195 736 et
1208 707 1260 736 nisi
1274 707 1365 737 oleum
1377 708 1401 737 ei
1413 709 1669 747 subministraveris‚

928 744 1109 784 exstinguitur
1122 757 1130 775 ε
1145 746 1184 775 sic
1198 753 1224 775 et
1237 746 1304 776 fides
1319 756 1371 776 non
1389 758 1424 776 ex
1444 748 1570 787 operibus
1583 750 1673 779 nutri·
1690 783 1692 786 ¹

929 790 986 819 tur,
1004 785 1047 814 vel
1061 785 1226 822 accenditur,
1243 786 1290 815 sed
1303 797 1335 816 ex
1350 787 1433 816 verbo
1458 788 1519 823 Dei,
1545 788 1613 818 sicut
1637 789 1674 819 ait

931 824 1080 862 apostolus,
1094 831 1180 854 tamen
1192 836 1241 864 per
1253 826 1322 855 bona
1336 837 1415 866 opera
1429 827 1547 856 nutritur
1561 840 1567 856 :
1583 835 1609 857 et
1622 829 1673 858 nisi

928 863 1174 894 subministraveris
1184 865 1209 893 ei
1220 875 1300 905 opera
1310 866 1391 900 bona,
1402 866 1503 895 deficit.
1517 866 1673 897 sicutenim

929 912 981 930 non
993 909 1079 942 potest
1093 904 1120 932 in
1133 905 1220 933 Deum
1231 915 1348 944 sperare,
1365 905 1416 934 nisi
1429 906 1476 944 qui
1490 906 1580 945 aliqua
1592 917 1671 946 opera

928 942 998 970 bona
1013 943 1074 972 facit
1092 955 1098 971 :
1115 943 1153 972 sic
1173 954 1225 972 non
1241 951 1326 984 potest
1348 945 1455 974 credere
1475 946 1542 982 Deo,
1558 946 1609 974 nisi
1623 947 1673 985 qui

928 981 992 1010 facit
1014 982 1118 1021 aliquid
1133 982 1246 1021 dignum
1261 985 1326 1013 Deo.
1348 984 1414 1013 Inde
1428 991 1478 1020 est,
1493 985 1565 1023 quod
1579 996 1673 1025 pecca-

929 1028 1000 1050 tores
1011 1031 1062 1050 non
1077 1021 1189 1051 credunt
1198 1024 1265 1059 Deo,
1280 1023 1337 1053 sive
1351 1034 1412 1052 cum
1424 1023 1458 1053 de
1472 1024 1556 1063 gloria
1570 1033 1674 1055 sancto-

930 1072 991 1090 rum
1002 1061 1063 1100 quis
1076 1061 1115 1090 eis
1125 1062 1262 1100 loquatur,
1277 1062 1334 1092 sive
1347 1063 1381 1092 de
1393 1074 1471 1103 poena
1483 1071 1652 1103 peccatorum
1663 1078 1670 1094 :

929 1107 955 1129 et
969 1100 1035 1129 dum
1051 1111 1102 1130 non
1117 1101 1230 1131 credunt
1250 1102 1372 1131 futurum
1392 1113 1448 1132 esse
1462 1102 1536 1141 quod
1559 1103 1671 1142 dicitur,

930 1150 1016 1178 neque
1030 1140 1064 1169 de
1076 1140 1147 1169 bono
1162 1142 1251 1170 futuro
1266 1141 1442 1178 delectantur,
1457 1153 1541 1181 neque
1555 1142 1589 1172 de
1603 1144 1674 1174 malo

930 1186 1075 1209 terrentur.
1095 1181 1164 1211 Vere
1177 1181 1242 1210 fatui
1252 1188 1314 1210 sunt
1325 1192 1416 1211 omnes
1425 1182 1556 1218 homines,
1570 1183 1617 1221 qui
1627 1191 1675 1213 aut

930 1219 1018 1248 solum
1032 1219 1184 1249 existimant
1197 1220 1249 1250 sibi
1265 1231 1341 1260 posse
1356 1221 1477 1250 sufficere
1497 1220 1532 1250 ad
1548 1223 1672 1259 salutem,

928 1259 992 1297 quia
1007 1259 1119 1288 credunt
1132 1260 1159 1288 in
1172 1260 1322 1295 Christum,
1333 1267 1360 1289 et
1368 1260 1515 1290 Christiani
1528 1261 1672 1299 dicuntur,

928 1305 953 1327 et
967 1308 1019 1327 non
1033 1299 1156 1328 festinant
1180 1299 1335 1338 semetipsos
1356 1299 1434 1329 bonis
1447 1300 1576 1339 operibus
1595 1312 1672 1331 com-

929 1337 1054 1367 mendare
1068 1350 1074 1366 :
1090 1349 1138 1368 nec
1151 1338 1266 1368 audiunt
1287 1338 1420 1368 Jacobum
1433 1338 1576 1377 dicentem,
1596 1341 1671 1379 Quia
1681 1352 1762 1375 Jacob.
1776 1361 1799 1376 2,

925 1377 1000 1415 fides
1013 1379 1076 1406 sine
1090 1379 1222 1417 operibus
1239 1385 1353 1407 mortua
1367 1385 1420 1408 est.
1437 1380 1465 1409 5.
1480 1380 1594 1408 Moram
1617 1391 1671 1410 au·
1682 1390 1720 1405 20-

929 1422 986 1444 tem
989 1416 1125 1456 faciente
1136 1427 1251 1456 sponso,
1263 1418 1494 1447 dormitaverunt
1505 1429 1603 1449 omnes
1614 1421 1672 1449 vir-

927 1457 1020 1494 gines,
1035 1462 1063 1484 et
1076 1457 1265 1486 dormierunt.
1282 1458 1339 1486 Hoc
1351 1457 1482 1496 significat
1495 1468 1593 1494 sermo,
1607 1460 1672 1497 quia

927 1494 1047 1524 tardante
1055 1497 1282 1525 consummatione
1296 1506 1347 1524 non
1358 1496 1446 1525 solum
1455 1504 1614 1536 peccatoreS,
1624 1499 1672 1528 sed

926 1533 1006 1562 etiam
1017 1535 1084 1572 justi
1098 1541 1124 1563 et
1140 1535 1291 1573 spirituales
1302 1534 1337 1563 ad
1350 1535 1538 1574 negligentiam
1551 1544 1612 1565 sunt
1624 1548 1670 1566 re-

926 1572 1066 1610 volvendi,
1080 1580 1106 1602 et
1119 1573 1210 1602 relicta
1225 1574 1269 1603 via
1281 1574 1399 1610 virtutis,
1415 1574 1450 1603 ad
1464 1575 1581 1604 carnalia
1592 1576 1665 1605 dele-

925 1618 1055 1641 ctamenta
1070 1619 1132 1641 sunt
1153 1613 1322 1651 aliquatenus
1342 1613 1491 1646 transituri,
1513 1621 1542 1643 ut
1559 1621 1584 1644 et
1598 1615 1668 1645 illud

925 1649 1070 1690 impleatur
1094 1652 1167 1690 quod
1187 1653 1316 1692 propheta
1337 1652 1442 1682 dicebat
1458 1653 1600 1683 :Salvum
1623 1666 1668 1684 me
1678 1666 1747 1689 psal.
1766 1674 1800 1690 ῃ,

916 1690 988 1729 fac,
1014 1692 1152 1727 Domine,
1169 1694 1306 1731 quoniam
1323 1693 1431 1733 defecit
1444 1699 1573 1730 sanctus,
1598 1705 1668 1733 quo-
1677 1703 1700 1718 ²-

925 1731 1004 1758 niam
1027 1731 1164 1759 diminuti
1178 1731 1359 1771 suntfidebes
1379 1742 1398 1760 a
1417 1732 1491 1771 filiis
1505 1733 1664 1763 hommum.

925 1769 959 1797 Et
973 1769 1023 1799 hoc
1037 1777 1076 1799 est
1096 1769 1169 1808 quod
1183 1770 1306 1800 Christus
1327 1771 1433 1800 dicebat
1453 1783 1460 1800 :
1485 1773 1588 1809 Putas,
1601 1783 1665 1803 cum
1675 1779 1730 1802 Luc.
1745 1781 1779 1806 ιε.
1791 1783 1814 1807 8.

923 1811 1039 1838 venerit
1057 1811 1152 1839 Filius
1170 1810 1308 1846 hominis,
1330 1810 1456 1840 inveniet
1464 1812 1559 1851 fidem
1582 1822 1615 1841 su
1636 1823 1668 1842 er

924 1853 1031 1877 terram
1043 1850 1055 1876 ?
1070 1850 1138 1878 Nam
1159 1849 1273 1888 vigilare
1286 1855 1324 1878 est
1342 1850 1474 1889 justitiam
1487 1851 1582 1886 facere,
1602 1824 1666 1881 ‹sdr-

922 1887 992 1916 mirc
1003 1894 1092 1916 autem
1106 1888 1241 1927 negligere
1260 1895 1299 1917 est
1311 1899 1380 1924 eam,
1394 1889 1464 1919 sicut
1483 1890 1548 1919 dicit
1563 1902 1569 1919 :
1583 1892 1665 1931 ng-
1676 1899 1761 1922 Manh.
1777 1903 1814 1931 24.

923 1926 984 1954 late
994 1937 1073 1966 ergo,
1088 1928 1158 1966 quia
1172 1929 1287 1957 nescitis
1299 1938 1358 1967 qua
1368 1929 1440 1957 hora
1454 1931 1554 1959 veniet
1568 1932 1665 1966 Domi·
1673 1929 1712 1957 42-

923 1976 988 1994 nus.
1002 1966 1037 1995 Et
1046 1977 1108 1995 vere
1122 1977 1173 1995 non
1186 1967 1282 2001 tardat,
1298 1967 1345 1996 sed
1358 1975 1487 2006 quantum
1500 1969 1535 1998 ad
1549 1976 1664 1999 nostram

922 2005 1126 2034 inconstantiam
1141 2006 1247 2035 tardare
1262 2007 1378 2036 videtur.
1395 2009 1462 2037 Nam
1475 2009 1498 2037 si
1512 2008 1663 2039 considere·
1703 2021 1754 2049 Quo
1768 2025 1813 2044 cn·-

921 2055 993 2080 mus,
1004 2055 1038 2073 ex
1051 2055 1106 2083 quo
1117 2045 1241 2075 Christus
1252 2046 1279 2075 in
1293 2046 1388 2075 caelum
1400 2047 1527 2085 ascendit,
1542 2055 1568 2078 et
1577 2059 1661 2087 quan·
1671 2053 1727 2074 citer
1757 2058 1813 2075 tem-

920 2090 978 2113 tum
999 2084 1126 2113 vivebant
1140 2084 1260 2114 homines
1278 2092 1339 2114 ante
1361 2085 1506 2124 diluvium,
1531 2094 1557 2117 et
1580 2099 1661 2132 prope
1670 2092 1723 2113 ΡΟΝΞ
1778 2086 1813 2106 ¹¹³⁰

920 2129 1024 2152 tantum
1050 2124 1167 2163 spatium
1189 2131 1237 2159 est,
1264 2131 1363 2163 quanto
1383 2132 1501 2166 tempore
1528 2134 1583 2156 erat
1606 2134 1660 2156 Vita
1670 2120 1811 2166 ξξῖζῗωΰὲἑίξ,

922 2162 1132 2202 uniuscujusque
1147 2174 1250 2193 eorum.
1265 2165 1294 2194 Si
1305 2164 1366 2202 quis
1378 2171 1467 2194 autem
1478 2166 1569 2195 oculos
1583 2166 1661 2195 habet
1671 2181 1719 2205 ptus
1729 2177 1764 2197 su.

919 2207 1037 2241 apertos,
1054 2202 1178 2242 intelligit
1191 2203 1254 2241 quia
1270 2205 1428 2243 mysterium
1442 2205 1524 2244 hujus
1538 2205 1611 2234 verbi
1632 2206 1660 2234 in

921 2241 999 2270 nobis
1012 2241 1152 2280 impletum
1165 2249 1215 2271 est.
1238 2243 1324 2272 Omne
1345 2243 1416 2272 enim
1438 2244 1556 2272 studium
1576 2244 1661 2283 spiri-

921 2280 992 2309 tuale
1014 2280 1204 2319 relinquimus,
1230 2288 1256 2310 et
1276 2281 1311 2311 ad
1333 2282 1454 2311 carnalia·
1472 2282 1662 2312 delectamenta

920 2319 1074 2349 transimus.
1091 2321 1178 2357 Quem
1192 2320 1263 2349 enim
1277 2321 1396 2350 invenies
1408 2320 1499 2357 modo,
1511 2331 1562 2350 non
1572 2320 1660 2350 dicam

920 2358 1030 2395 laicum,
1044 2358 1092 2388 sed
1104 2367 1150 2389 aut
1164 2360 1359 2400 presbyterum,
1373 2366 1419 2388 aut
1431 2360 1596 2398 episcopum,
1611 2361 1659 2398 qui

920 2396 954 2426 ad
964 2398 1111 2437 perfectum
1122 2406 1272 2428 contemnat
1285 2398 1375 2427 saeculi
1388 2398 1469 2433 bona,
1481 2398 1590 2427 credens
1598 2410 1659 2428 con-

920 2438 1124 2467 summationem
1157 2448 1213 2467 esse
1238 2438 1417 2477 propinquam
1427 2437 1440 2464 :³
1467 2438 1658 2476 Unusquisque

920 2477 991 2505 enim
1002 2477 1069 2506 dicit
1082 2477 1108 2505 in
1129 2477 1208 2506 corde
1221 2487 1280 2510 suo,
1295 2475 1461 2504 infidelitatis
1479 2476 1574 2515 spiritu
1588 2488 1657 2516 prae-

919 2516 1024 2545 valente
1036 2528 1043 2545 ε
1058 2516 1127 2545 Ecce
1140 2527 1173 2544 ex
1187 2526 1240 2554 quo
1253 2514 1375 2544 Christus
1387 2514 1439 2542 fuit
1450 2514 1478 2543 in
1490 2515 1578 2552 terris,
1589 2527 1657 2545 sem-

919 2565 967 2595 per
979 2555 1090 2591 dicitur,
1105 2553 1303 2585 Consummatio
1316 2553 1414 2591 veniet,
1430 2559 1455 2583 et
1464 2564 1523 2584 ecce
1537 2555 1655 2585 nondum
