1890 2826
384 168 418 191 ιΝ
444 167 544 190 mmm
572 166 676 197 isare,
704 166 771 189 nco
797 162 950 188 commus
976 162 1061 186 nnus
1088 163 1163 186 ruci
1190 148 1316 195 Lunam,
1345 164 1422 187 erc.

126 230 248 265 αἰσθητὸν
268 229 330 267 μέλι
345 229 372 258 ἐν
386 229 420 270 τῇ
441 226 547 267 γλώττῄ
566 226 692 258 καταλύει
712 226 760 262 τὴν
781 225 891 260 ἡδονὴν,

124 275 170 306 καὶ
191 276 228 308 εἰς
248 273 345 315 φθορὰν
364 278 460 315 χωρεῖ·
479 273 510 302 τὸ
531 273 559 303 δὲ
572 275 620 309 τῆς
642 270 811 304 διδασκαλίας
832 269 892 309 μέλι

123 319 292 360 ’ἕγκεύθεται
309 322 348 360 τῷ
368 319 510 358 συνειδότι,
532 320 638 356 διηνεκῆ
660 317 709 354 τὴν
733 316 892 357 εὐφροσύνην

122 365 276 406 παρασχὸν,
296 365 341 395 καὶ
363 365 428 406 πρὸς
450 364 594 405 ἀφθαρσίαν
612 366 684 403 ἡμᾶς
703 365 891 403 χειραγωγοῧν.

1621 151 1684 199 167

944 224 1014 253 Nam
1026 223 1077 253 hoc
1088 223 1196 263 quidem
1206 225 1258 254 mel
1271 225 1367 254 sensile
1377 225 1543 264 voluptatem
1554 224 1580 253 in
1593 224 1686 264 lingua

944 268 1015 306 finit,
1030 269 1095 299 etin
1109 271 1306 310 corruptionem
1319 270 1376 300 abit
1394 282 1400 298 :
1415 271 1468 300 mel
1483 281 1548 300 vero
1558 270 1686 300 doctrinae

943 315 1129 344 conscientiam
1141 316 1234 354 afficit,
1244 327 1358 355 eamque
1371 323 1497 356 perpetua
1518 316 1608 346 laetitia
1622 327 1685 357 per·

942 360 1041 396 fundit,
1053 367 1079 390 et
1104 361 1139 390 ad
1152 362 1377 391 immortalitatem
1392 372 1440 391 nos
1461 362 1581 391 deducit.
1597 364 1685 401 Atque

122 411 177 441 Καὶ
189 409 220 440 τὸ
231 411 279 450 μὲν
295 410 348 441 ἀπὺ
362 412 479 451 βοτανῶν
499 410 662 445 συντίθεται,
681 409 711 438 τὸ
725 409 752 438 δὲ
772 408 825 438 ἀπὸ
839 411 891 438 τῶν
907 410 925 433 Β
942 406 1014 436 illud
1027 407 1138 446 quidem
1155 418 1190 436 ex
1212 408 1304 437 herbis
1328 408 1508 448 componitur,
1524 408 1577 438 hoc
1596 416 1684 438 autem

121 456 198 486 θείων
211 457 324 497 Γραφῶν
338 456 485 497 ὑφαίνεται.
506 456 608 487 Τούτου
630 455 746 496 σήμερον
765 458 834 494 ὑμᾶς
847 457 891 484 ἐν-

123 502 237 538 έπλησεν
249 505 264 532 ὁ
275 504 362 536 καλῶς
379 502 505 543 εἰρηκὼς,
519 502 564 532 καὶ
578 504 626 538 τῆς
644 504 763 538 ὑπακοῆς
777 502 807 531 τὸ
822 504 891 542 βρα-

77 545 79 549 V
121 548 193 578 ὅεῖον
214 548 336 589 ἥρπασε,
349 549 394 578 καὶ
417 551 465 585 τῆς
486 549 592 588 ἀγάπης
606 548 654 584 τὴν
674 548 750 588 ἰσχὺν
773 547 890 582 ὑπέδειξε

121 593 229 630 καὶτῆς
241 593 354 628 πίστεως
374 594 423 631 τὴν
446 594 586 634 εὐγένειαν.
600 594 674 634 Φέρε
697 595 730 630 δὴ
749 594 794 623 καὶ
812 596 890 632 ἡμεῖς

121 638 171 675 τὴν
185 641 305 669 εἰωθυῖαν
321 640 402 670 πάλιν
418 642 481 680 ὑμῖν
494 643 655 680 παραθῶμεν
676 640 807 680 τράπεζαν
823 639 891 679 μετὰ

121 686 223 721 πολλῆς
232 686 280 720 τ’ἥς
290 685 435 725 προθυμίας
443 698 450 704 ·
461 686 506 715 καὶ
519 686 570 726 γὰρ
583 686 684 726 σφόδρα
696 686 837 727 χαίρομεν,
850 685 890 714 ὅτι

122 730 298 770 ἱπποδρομίας
309 731 389 767 οὔσης
401 733 539 772 λαμπρᾶς,
553 735 676 762 τοσοῦτον
694 733 805 764 ἐνταῦθα
818 733 890 767 πλῆ-

123 778 166 809 θος
178 778 286 816 ἀφῖκται
299 778 346 813 τῆς
357 777 412 806 ἐκεῖ
425 779 626 818 καταφρονῆσαν
641 776 784 817 διατριὸἢς.
795 776 844 806 Διὸ
855 776 887 812 δὴ

122 820 168 850 καὶ
182 821 256 851 αὖτοὶ
274 821 342 861 μετὰ
361 824 460 859 πολλῆς
480 825 528 859 τῆς
547 822 684 863 δαψιλείας
703 822 747 852 τὸν
768 824 889 862 κρατῆρα

122 868 238 906 ἱστῶμεν
246 890 254 905 ,
268 870 388 909 κρατῆρα
404 870 434 899 οὗ
453 869 535 908 μέθην
548 871 671 900 ποιοῦντα
681 890 690 904 ,
701 868 771 899 ἀλλὰ
783 880 889 909 σωφρο-

941 464 976 483 ex
988 452 1090 483 divinis
1115 453 1264 493 Scripturis
1282 454 1384 483 texitur
1397 464 1403 482 ε
1417 454 1469 483 hoc
1492 465 1540 485 vos
1552 454 1684 484 hodierno

941 499 985 528 die
997 500 1144 539 complevit
1167 500 1201 536 is,
1214 501 1260 539 qui
1280 501 1407 540 praeclare
1419 500 1500 538 dixit,
1512 508 1540 530 et
1559 501 1685 530 obedien-

939 547 983 577 tiae
1010 549 1152 588 praemium
1185 549 1343 588 reportavit,
1363 559 1394 578 ae
1417 548 1475 578 vim
1510 548 1628 578 caritatis
1659 556 1685 578 et

939 594 1003 624 fidei
1017 594 1183 624 nobilitatem
1206 594 1332 624 ostendit.
1349 596 1407 635 Age
1419 605 1483 635 ergo
1502 605 1552 624 nos
1575 606 1683 635 quoque

938 640 1024 670 multa
1035 651 1098 670 cum
1111 640 1246 670 alacritate
1265 640 1372 670 solitam
1390 651 1509 670 mensam
1524 641 1603 671 vobis
1620 653 1684 671 rur-

938 696 1000 716 sum
1017 697 1185 727 apponamus
1202 699 1209 715 z
1236 696 1290 716 non
1310 686 1382 716 enim
1400 686 1571 716 mediocriter
1584 687 1684 727 gaude—

939 743 1010 770 muS,
1021 733 1095 772 quod
1105 743 1168 762 cum
1183 732 1250 762 adeo
1263 733 1381 762 celebres
1394 732 1447 762 sint
1461 733 1521 762 ludi
1534 733 1683 770 Circenses,

938 778 987 808 illa
997 778 1105 808 ludicra
1122 779 1297 819 occupatione
1310 785 1440 808 contemta
1458 778 1513 808 huc
1523 785 1596 808 tanta
1609 779 1684 808 mul-

937 823 1202 854 titudoconfluxerit.
1217 824 1350 861 Quocirca
1361 834 1409 853 nos
1426 824 1506 854 etiam
1525 824 1611 853 multa
1621 835 1684 854 cum

935 869 1095 900 liberalitate
1103 876 1231 909 craterem
1243 869 1395 906 statuimus,
1404 876 1531 899 craterem
1537 869 1584 908 qui
1595 869 1686 900 ebrie-

123 913 204 950 σύνην
217 915 453 950 κατασκευάζοντα.
470 916 596 949 Τοιοῦτος
612 915 663 955 γὰρ
677 917 691 944 ὃ
709 916 762 944 τῶν
776 916 888 955 Γραφῶν
905 920 923 944 C
937 922 1019 946 tatem
1041 915 1152 945 minime
1179 915 1264 955 gignit
1273 938 1281 953 ,
1298 915 1346 944 sed
1372 915 1574 955 temperantiam
1600 915 1683 955 parit.

122 954 198 996 οἶνος,
212 962 321 990 τοιαῦτα
330 963 378 997 τῆς
391 961 521 1002 τραπέζης
533 961 631 997 ταύτης
645 961 679 991 τὰ
692 962 744 1002 ὄψα
754 974 760 980 ·
773 963 802 991 οὐ
814 961 888 991 πιαί-

123 1017 163 1035 νει
176 1005 270 1045 σοίρκα.
285 1006 339 1037 Καὶ
359 1010 443 1037 ταῦτα
463 1007 575 1047 λέγομεν
592 1009 639 1037 οὒκ
659 1008 829 1046 ἀτιμάζοντες
842 1009 891 1043 τ’ἥς

122 1051 220 1091 σαρκὸς
232 1052 280 1088 τὴν
293 1052 379 1093 φύσιν,
394 1053 463 1083 ἀλλὰ
481 1055 661 1093 προτιμῶντες
674 1056 722 1090 τῆς
741 1055 828 1093 ψυχῆς
842 1052 890 1088 τὴν

125 1095 269 1136 εὐγένειαν·
291 1098 350 1128 οὐδὲ
369 1098 418 1135 τὴν
437 1101 534 1139 χρῆσιν
556 1099 743 1134 ἐκὸάλλοντες,
762 1098 830 1128 ἀλλὰ
843 1098 891 1134 τὴν

126 1142 254 1182 ἀμετρίαν
265 1143 427 1178 κολάζοντες.
441 1144 499 1174 Κᾶν
510 1144 561 1184 γὰρ
573 1146 765 1185 φιλοσοφῶμεν,
775 1145 844 1174 οὕτω
855 1145 893 1174 δεῖ

127 1188 286 1228 φιλοσοφεῖν,
297 1188 368 1219 ὥστε
381 1189 419 1229 μὴ
438 1189 536 1220 διδόναι
548 1194 603 1224 τοῖς
614 1193 666 1220 τῶν
681 1193 818 1231 αἱρετικῶν
833 1190 893 1220 στό-

129 1245 196 1272 μασι
207 1234 302 1271 λαὸήν.
315 1235 368 1265 Καὶ
381 1236 432 1275 γὰρ
443 1235 473 1264 τὸ
486 1237 565 1274 σῶμα
576 1239 653 1266 τοῦτο
663 1235 772 1266 ἔλαττον
786 1236 833 1276 μὲν
847 1239 894 1272 τ’ῆς

127 1282 229 1320 ψυχῆς,
250 1282 298 1310 οὐκ
316 1281 432 1310 ἐναντίον
454 1281 482 1311 δὲ
502 1283 535 1320 τῇ
557 1283 645 1321 ψυχῇ·
667 1283 726 1311 ἀλλ’
751 1283 823 1317 ἁπλῆ
847 1281 894 1321 μὲν

128 1326 206 1362 αὐτὴ,
218 1327 375 1357 διακονεῖται
391 1326 418 1356 δὲ
429 1331 486 1360 ταῖς
498 1327 648 1366 ἐπιθυμίαις
666 1332 724 1361 ταῖς
737 1327 846 1358 ἐκείνου.
860 1327 895 1357 ‘O

128 1368 315 1414 ἀριστοτέχνης
327 1373 397 1406 Θεὸς
417 1374 465 1403 οὔκ
486 1374 517 1402 ἐκ
540 1378 602 1413 μιᾶς
622 1373 667 1403 καὶ
686 1373 732 1404 δύο
750 1374 795 1404 καὶ
815 1376 895 1414 τριῶν

129 1419 224 1447 οὐσιῶν
236 1418 296 1448 τόδε
313 1418 344 1448 τὸ
358 1423 411 1448 πᾶν
425 1418 614 1457 συνεστήσατο,
630 1419 698 1449 ἀλλὰ
717 1420 839 1454 ποικίλας
850 1419 895 1450 καὶ

939 962 1007 991 Tale
1035 971 1150 1000 namque
1178 961 1380 1001 Scripturarum
1412 968 1451 991 est
1477 961 1573 992 vinum
1587 983 1596 999 ,
1620 961 1686 991 talia

941 1017 1037 1037 mensae
1055 1013 1119 1036 sunt
1140 1007 1219 1036 istius
1234 1006 1344 1036 obsonia
1362 1018 1368 1035 ι
1382 1007 1511 1047 pinguem
1532 1014 1561 1037 et
1576 1007 1685 1038 obesam

942 1063 1051 1083 carnem
1070 1062 1123 1082 non
1136 1052 1266 1082 reddunt.
1285 1053 1322 1082 Et
1347 1053 1405 1082 haec
1426 1053 1555 1091 dicimus,
1578 1063 1632 1083 non
1657 1061 1687 1083 ut

941 1098 1088 1140 ignominia
1107 1109 1216 1128 carnem
1243 1098 1404 1136 afficiamus,
1425 1099 1472 1129 sed
1493 1099 1568 1138 quod
1590 1100 1687 1129 animae

942 1145 1110 1175 nobilitatem
1123 1144 1211 1185 pluris
1231 1145 1394 1174 aestimemus
1410 1157 1416 1172 :
1429 1156 1517 1186 neque
1528 1156 1593 1177 vero
1606 1157 1688 1176 usum

943 1191 1080 1231 rejicimus
1095 1213 1103 1228 ‚
1128 1190 1326 1220 sedexcessum
1351 1191 1534 1230 reprimimus.
1560 1193 1590 1223 Si
1615 1193 1689 1222 enim

943 1237 1177 1278 philosophemur,
1190 1236 1226 1266 ita
1239 1237 1487 1277 philosophandum
1498 1245 1548 1275 est,
1563 1245 1594 1268 ut
1606 1239 1689 1269 haere—
1709 1251 1715 1255 ·

944 1283 1059 1312 ticorum
1069 1282 1172 1322 linguis
1184 1292 1275 1311 ansam
1285 1293 1338 1312 non
1357 1283 1462 1313 demus.
1479 1284 1549 1313 Nam
1561 1284 1613 1314 hoc
1624 1285 1687 1324 qui-
1699 1289 1830 1343 ttanffhaeos

1699 1325 1746 1343 inte
1763 1323 1813 1351 sgit-

945 1328 1007 1358 dem
1023 1338 1122 1368 corpus
1141 1327 1230 1357 minus
1249 1334 1289 1358 est
1312 1329 1419 1367 anima,
1438 1330 1603 1371 contrarium
1624 1341 1690 1361 vero

945 1385 998 1404 non
1020 1380 1059 1404 est
1076 1373 1194 1403 animae:
1218 1373 1266 1403 sed
1291 1373 1407 1414 simplex
1430 1381 1470 1404 est
1492 1376 1604 1414 quidem
1617 1377 1665 1406 illa
1680 1399 1689 1415 ‚

945 1430 1041 1450 verum
1067 1419 1188 1459 corporis
1212 1419 1408 1459 cupiditatibus
1440 1421 1595 1452 famulatur.
1617 1424 1692 1452 Deus

129 1463 267 1505 διαφόρους
289 1464 378 1505 φύσεις
398 1465 537 1505 εἰσήγαγε,
557 1468 605 1502 τῆς
625 1465 722 1500 οἰκείας
743 1466 836 1507 σοφίας
849 1466 896 1503 τὴν
911 1473 930 1495 D
945 1465 1017 1495 enim
1030 1465 1126 1495 artifex
1139 1465 1374 1505 praestantissimus
1399 1477 1452 1496 uon
1463 1478 1498 1498 ex
1513 1479 1564 1498 una
1581 1475 1608 1498 et
1620 1468 1691 1499 dua-

129 1510 281 1551 περιουσίαν
294 1512 322 1540 ἐν
335 1513 370 1551 τῇ
390 1512 502 1552 διαφορᾷ
520 1513 572 1542 τῶν
586 1512 729 1552 γινομένων
748 1513 897 1543 ἐπιδεικνύ-

130 1567 218 1594 μενος.
230 1557 272 1586 Οὔ
284 1557 456 1598 γὰροῦρανὸν
470 1557 578 1594 ἐποίησε
593 1558 680 1597 μόνον,
693 1558 762 1588 ἀλλὰ
773 1558 818 1588 καὶ
831 1562 882 1598 γῆν
890 1570 896 1577 ·

131 1603 160 1631 οὗ
173 1603 225 1641 γῆν
235 1602 323 1641 μόνον,
334 1602 403 1633 ἀλλὰ
416 1603 462 1632 καὶ
473 1603 546 1639 Ιἥλιον
558 1615 564 1622 ·
576 1605 626 1643 οὔχ
636 1603 710 1639 ἥλιον
723 1604 810 1643 μόνον,
830 1604 899 1634 ἀλλὰ

131 1646 177 1677 καὶ
186 1648 297 1685 σελήνην
304 1660 311 1667 ·
323 1649 353 1678 οὗ
364 1648 476 1684 σελήνην
487 1649 575 1687 μόνον,
585 1649 654 1679 ἀλλὰ
662 1649 707 1678 καὶ
717 1650 843 1690 ἀστέρας·
851 1652 899 1680 οὐκ

133 1692 245 1734 ἀστέρας
257 1694 344 1732 μόνον,
358 1694 427 1723 ἀλλὰ
438 1694 485 1730 καὶ
498 1695 564 1734 ἀέρα
573 1706 580 1713 ·
592 1696 640 1724 οὐκ
652 1694 716 1735 ἀέρα
729 1695 816 1734 μόνον,
830 1696 899 1725 ἀλλὰ

132 1739 178 1769 καὶ
190 1734 311 1780 νεφέλας·
322 1741 352 1769 οὗ
364 1735 476 1779 ινεφέλας
489 1739 580 1778 μόνον,
593 1740 661 1770 ἀλλὰ
675 1741 720 1770 καὶ
735 1741 840 1781 αἰθέρα·
851 1744 898 1772 οὐκ

133 1784 225 1825 αἰθέρα
236 1785 323 1824 μόνον,
332 1785 400 1815 ἀλλὰ
410 1785 455 1815 καὶ
465 1785 568 1824 λίμνας,
581 1785 738 1826 καὶιτιηγὰς,
752 1787 796 1817 καὶ
810 1800 895 1818 ποτα-

135 1829 208 1870 μοὺς,
218 1831 264 1860 καὶ
276 1831 334 1871 ὄρη,
344 1831 389 1861 καὶ
401 1830 498 1868 νάπας,
510 1831 555 1860 καὶ
565 1831 684 1871 βουνοὺς,
698 1833 744 1862 καὶ
757 1834 900 1872 λειμῶνας,

134 1877 181 1907 καὶ
196 1873 386 1918 παραδείσους,
400 1877 445 1907 καὶ
459 1877 615 1918 σπέρματα,
629 1878 674 1908 καὶ
688 1879 769 1919 φυτὰ,
785 1877 901 1919 βοτανῶν

135 1922 192 1960 εἴδη
205 1923 330 1961 ποικίλα,
351 1923 396 1953 καὶ
417 1923 528 1964 διάφορα
543 1924 685 1964 σχήματα,
699 1925 744 1955 καὶ
766 1927 903 1966 διαφόρους

946 1512 998 1541 bus
1007 1518 1033 1540 et
1047 1511 1134 1540 tribus
1148 1511 1304 1541 substantiis
1317 1511 1369 1542 hoe
1376 1513 1533 1543 universum
1541 1515 1690 1553 constituit,

946 1556 1090 1587 sedvarias
1104 1567 1135 1586 ac
1150 1556 1291 1587 distinctas
1304 1557 1409 1588 invexit
1429 1566 1547 1597 naturas,
1559 1567 1589 1589 ut
1607 1561 1694 1590 abun—

947 1604 1066 1634 dantiam
1077 1603 1213 1644 sapientiae
1225 1615 1280 1634 suae
1294 1604 1321 1634 in
1337 1605 1491 1636 diversitate
1504 1618 1594 1638 rerum
1605 1615 1693 1638 osten-

947 1649 1032 1679 deret.
1046 1650 1108 1679 Non
1124 1649 1197 1678 enim
1223 1650 1318 1679 caelum
1332 1651 1453 1681 condidit
1475 1653 1574 1691 solum,
1600 1653 1648 1684 sed
1667 1661 1695 1684 et

948 1702 1063 1725 terram:
1076 1705 1130 1724 non
1141 1702 1239 1725 terram
1255 1696 1354 1733 solum,
1365 1697 1412 1726 sed
1423 1705 1450 1726 et
1465 1699 1549 1728 solem
1565 1710 1572 1727 ι
1587 1710 1641 1729 non
1652 1710 1695 1730 so-

948 1741 1003 1770 lem
1021 1740 1112 1777 modo,
1127 1740 1175 1770 sed
1200 1748 1227 1770 et
1248 1741 1341 1771 lunam
1357 1752 1364 1768 ι
1393 1752 1446 1772 nou
1471 1744 1565 1774 lunam
1579 1746 1667 1775 solum
1684 1769 1693 1784 ‚

950 1786 998 1817 sed
1011 1794 1037 1816 et
1059 1786 1169 1817 stellas:
1183 1797 1236 1817 non
1255 1788 1347 1818 stellas
1367 1789 1467 1827 solum,
1480 1790 1528 1820 sed
1540 1798 1566 1820 et
1582 1801 1670 1822 aerem
1689 1805 1697 1821 τ

950 1843 1004 1863 non
1015 1843 1102 1862 aerem
1109 1833 1209 1872 solum,
1218 1834 1265 1864 sed
1276 1841 1302 1864 et
1312 1834 1415 1865 nubes:
1431 1846 1484 1865 non
1496 1838 1581 1867 nubes
1593 1838 1693 1877 solum,

951 1878 999 1909 sed
1009 1879 1088 1909 etiam
1113 1880 1210 1909 aethera
1225 1891 1232 1907 ε
1249 1891 1303 1910 non
1320 1881 1420 1911 aethera
1434 1883 1534 1917 solum,
1547 1884 1595 1914 sed
1616 1885 1697 1916 etiam

952 1926 1043 1962 lacus,
1062 1926 1147 1955 fontes
1158 1948 1166 1963 ‚
1188 1925 1299 1964 fluvios,
1325 1934 1429 1957 montes
1440 1950 1449 1966 ‚
1475 1929 1559 1960 valles
1567 1947 1577 1968 5
1591 1931 1674 1961 colles
1687 1954 1695 1969 ‚

135 1969 275 2010 ἐνεργείας,
287 1969 332 1999 καὶ
346 1969 483 2010 διαφόρως
494 1970 592 2010 φύσεις,
605 1969 618 1986 ¹’
628 1970 644 2000 ἃ
658 1975 795 2012 πανταχοῦ
806 1975 845 2013 τῷ
859 1973 904 2003 κό-
918 1975 937 1998 E
954 1978 1041 2012 prata,
1065 1971 1168 2008 hortos,
1190 1972 1302 2010 semina,
1316 1973 1433 2013 plantas,
1458 1974 1602 2006 herbarum
1621 1978 1698 2007 varia

137 2027 198 2056 σμῳ
206 2016 316 2056 περιιὼν
328 2016 380 2046 ἴδοι
390 2028 429 2050 τις
443 2016 473 2046 ἄν
484 2029 490 2036 ·
505 2017 550 2046 καὶ
563 2016 594 2047 τὸ
605 2019 683 2056 σῶμα
694 2020 741 2054 τῆς
750 2019 904 2057 οἰκουμένης

137 2062 331 2103 ἐπιτρέχωντῷ
343 2064 476 2103 λογισμῷ,
488 2064 542 2103 ἐρεῖ
553 2063 622 2101 μετὰ
634 2066 680 2092 τοῦ
694 2064 828 2104 προφήτου
837 2076 844 2083 ·
857 2065 905 2099 Ὡς

138 2108 301 2148 ἕμεγαλύνθη
323 2109 357 2139 τὰ
380 2109 444 2149 ἔργα
467 2120 514 2138 σου
523 2131 532 2146 ,
555 2109 646 2149 Κύριε.
667 2110 762 2140 Πάντα
785 2112 812 2140 ἐν
826 2111 904 2151 σοφίᾳ

953 2028 1060 2058 genera,
1074 2018 1225 2057 formasque
1240 2018 1372 2056 diversas,
1385 2020 1456 2050 vires
1468 2020 1599 2060 diversas,
1612 2033 1642 2053 ac
1655 2022 1699 2053 di-

952 2075 1044 2095 versas
1065 2071 1174 2094 naturas
1193 2074 1300 2094 cernere
1323 2065 1432 2104 poterit,
1441 2067 1465 2096 si
1487 2067 1548 2106 quis
1567 2068 1700 2098 mundum

955 2110 1074 2150 undique
1084 2110 1222 2149 lustrarit5
1235 2117 1259 2140 et
1271 2110 1295 2140 si
1307 2117 1395 2140 totum
1408 2112 1500 2142 orbem
1510 2120 1644 2144 terrarum
1656 2125 1700 2145 oo-

138 2154 273 2190 ἑποίησας.
286 2154 372 2184 Ὥστε
391 2156 415 2184 εἰ
430 2155 518 2194 βούλει
531 2154 638 2193 θέατρον
659 2156 736 2192 ἰδεῖν,
750 2156 904 2186 καταλιπὼν
955 2157 1082 2198 gitatione
1105 2157 1278 2198 percurrerit,
1293 2168 1355 2187 cum
1380 2160 1511 2199 propheta
1534 2161 1562 2190 in
1586 2162 1633 2191 has
1651 2172 1702 2192 vo-

139 2202 223 2230 iutvo
234 2201 266 2230 τὸ
278 2200 432 2238 σατανικὸν,
445 2201 504 2230 ἐλθὲ
522 2200 567 2229 ἐπὶ
580 2204 658 2230 τοῦτο
670 2201 700 2231 τὸ
712 2201 889 2241 πνευματικόν
899 2214 905 2221 ·
912 2229 948 2250 ¹4⁶
956 2214 999 2234 ces
1019 2210 1141 2244 erumpet
1157 2214 1164 2231 z
1181 2204 1277 2243 Quam
1301 2206 1493 2245 magnificata
1519 2214 1589 2236 sunt
1614 2218 1702 2248 opera
1713 2216 1780 2238 Psal.
1801 2214 1852 2237 103.

140 2248 164 2276 εἰ
187 2246 366 2286 βούλειγλύρας
387 2245 512 2282 ἀκοῦσαι,
527 2247 600 2286 ἀφεὶς
621 2247 723 2283 ἐκείνην
744 2247 793 2283 τὴν
817 2249 903 2288 μελῳ·
923 2258 943 2280 Α
958 2256 1020 2287 tua,
1033 2250 1162 2279 Domine
1176 2247 1189 2279 !
1206 2251 1313 2279 Omnia
1325 2252 1357 2279 in
1369 2254 1515 2291 sapientia
1521 2253 1635 2293 fecisti.
1647 2255 1703 2284 Ita-
1713 2248 1752 2276 ²4·

142 2292 212 2330 δίαν,
226 2291 271 2322 καὶ
283 2293 314 2321 τὸ
328 2291 429 2321 εὔτονον
445 2293 492 2327 τῆς
507 2292 620 2326 διανοίας
634 2293 775 2329 συντείνας,
788 2293 846 2323 ἐλθὲ
862 2294 907 2324 ἐπὶ
959 2295 1017 2335 que‘
1022 2295 1046 2326 si
1055 2295 1191 2325 theatrum
1205 2303 1325 2335 spectare
1342 2297 1430 2337 cupis,
1452 2298 1488 2327 ad
1501 2299 1552 2328 hoc
1565 2299 1705 2339 spirituale

142 2337 240 2374 ταύτην
253 2337 302 2374 τὴν
320 2337 495 2377 διεγείρουσάν
510 2349 556 2367 σου
573 2339 604 2368 τὸ
617 2338 754 2379 φρόνημα,
767 2339 908 2379 νευροῦσᾶν
961 2341 1078 2371 satanico
1090 2341 1139 2371 illo
1149 2340 1279 2370 derelicto
1286 2342 1348 2372 veni
1359 2353 1365 2370 :
1377 2343 1400 2372 si
1414 2343 1502 2383 lyram
1513 2344 1589 2383 cupis
1600 2344 1705 2382 audire,

176 2437 188 2450 ⁸
203 2429 338 2463 ἑγκεὺθιται
347 2435 379 2463 τῷ
396 2431 500 2456 συνειδότι
510 2428 544 2454 ad
556 2428 656 2454 literam
667 2434 705 2454 est
714 2449 721 2462 ,
738 2429 900 2455 absconditur
946 2439 1001 2457 sum
1009 2437 1135 2464 spectans,
1149 2439 1226 2464 quam
1237 2431 1430 2465 etymologiam.

147 2471 174 2494 ἰιι
185 2470 348 2494 conscientia.
362 2467 468 2494 Snviliun
478 2467 757 2501 suspicaturlegendum
768 2475 819 2493 esse
833 2473 900 2502 ι-,ικά-
981 2471 995 2490 ¹³
1012 2468 1159 2503 Legendum
1175 2475 1249 2502 putat
1267 2469 1373 2495 Savilius
1386 2491 1392 2502 ‚
1412 2474 1544 2503 ἁπανταχοῦ
1564 2475 1605 2498 τοῦ
1626 2478 1710 2506 κόσμοι,

151 2507 281 2536 oct-208&
291 2507 353 2533 nihil
364 2513 506 2540 suspectum
514 2506 593 2533 inhac
600 2506 709 2532 lectione
718 2506 901 2534 animadverto.
950 2515 1050 2544 περιιών,
1067 2514 1093 2534 et
1109 2508 1162 2533 haec
1180 2509 1287 2541 genuina
1298 2508 1399 2534 videtur
1417 2517 1469 2534 esse
1486 2509 1572 2535 lectio.
1592 2511 1642 2536 Sed
1660 2514 1713 2538 sine

150 2547 247 2573 Fronto
257 2548 361 2572 Ducoeus
371 2545 456 2578 vertit,
465 2546 644 2571 conscientiam
651 2545 745 2580 ffet't,
758 2547 837 2581 magis
848 2555 904 2575 sen·
953 2546 1185 2580 Manum-iptorum
1197 2546 1358 2573 auctoritate
1369 2546 1432 2576 nihil
1443 2553 1540 2574 mutare
1550 2548 1680 2576 audemus.
