1890 2826
64 1139 111 1161 der.
124 1137 203 1161 25.11.

214 169 281 211 284

211 241 276 269 dum
289 238 368 267 finem
385 236 484 266 habere
506 245 547 265 res
559 239 710 274 praesentes.
730 233 766 262 Et
778 238 827 269 tot,
849 230 948 269 inquit,

211 285 300 315 adhuc
313 282 455 323 supersunt
481 281 561 310 mula.
575 278 628 310 Vel
637 278 746 315 iterum,
757 276 887 308 Nondum
899 276 948 306 Ju-

211 330 276 360 daeis
296 331 384 359 Deum
403 326 587 362 reconciliavi,
602 331 628 354 et
650 324 704 365 ipsi
716 333 777 353 eum
790 322 826 352 ad
846 321 949 352 bellum

212 382 368 417 provocant,
379 385 410 404 ac
421 374 472 403 sihi
484 372 599 403 reddunt
609 370 759 403 inimicum.
770 369 813 398 Et
825 370 949 405 surrexi,

212 429 241 452 et
258 422 406 461 faciebam
427 428 514 458 opera
526 416 611 457 regis.
627 415 662 446 Id
675 422 725 452 est,
749 413 949 444 Ministrabam.

213 469 255 497 Ee
269 467 438 496 admirabar·
449 465 607 498 visionem,·
616 468 645 491 et
657 471 716 490 non
727 466 789 490 erat
807 459 860 499 qui
869 459 953 489 intel-

213 515 324 554 ligeret.
334 512 454 543 Maxime
463 508 492 539 id
502 509 579 538 affert
584 507 716 545 dolorem,
726 516 789 536 cum
799 515 832 535 ne
841 505 951 545 quidem

213 560 274 590 licet
285 570 327 590 res
345 558 433 588 tristes
454 555 548 585 efferre
565 555 593 583 in
605 553 723 593 aliquem
739 563 746 580 z
761 561 796 582 an
819 552 883 592 quia
896 551 950 582 im·
966 566 984 590 B

212 606 290 646 probi
307 610 391 634 erant.
406 603 449 632 Et
453 601 620 644 faciebam,
634 599 733 639 inquit,
755 609 844 639 opera
864 602 949 638 regis.

212 653 270 681 Hoc
293 657 343 686 est,
355 648 432 680 Nihil
449 645 694 687 praetermittebam,
706 644 754 676 sed
767 644 898 684 hingebar
910 644 951 674 of·

214 698 275 727 ficio
289 707 357 726 meo.

484 838 606 870 CAPUT
626 838 676 869 lx.

254 937 281 963 t.
305 936 342 963 ln
365 936 457 973 primo
482 942 562 963 anno
586 932 685 969 Darii,
689 930 757 972 filii
768 930 902 967 Assuert,
917 928 954 959 de

212 983 321 1010 semine
341 982 504 1016 Medorum,
517 981 568 1020 qui
587 979 722 1016 regnavit
734 971 819 1016 su'per
833 986 954 1016 regnum

215 1027 433 1064 Chaldaeorum,
446 1029 477 1056 2.
499 1028 626 1055 in‘anno
644 1034 702 1054 nno
720 1024 802 1064 regni
815 1024 888 1062 ejus,
901 1032 954 1063 ego

214 1073 326 1102 Daniel
339 1073 473 1103 intellexi
485 1073 516 1102 in
527 1072 610 1101 libris
630 1080 780 1100 numerum
797 1079 954 1104 annorum,
970 1083 989 1109 c

213 1119 250 1148 de
261 1120 429 1161 quofactus
441 1124 484 1148 est
497 1128 589 1148 sermo
605 1117 726 1146 Domini
743 1115 784 1144 ad
796 1115 955 1144 Jeremiam

212 1165 393 1204 prophetam,
407 1165 438 1193 in
450 1164 692 1203 complementum
705 1160 895 1190 desolationis
902 1161 956 1189 Je-

214 1212 371 1249 rosolymoe
383 1211 567 1251 septuaginta
578 1211 661 1238 anni.
676 1210 705 1238 5.
720 1209 761 1238 Et
772 1208 842 1237 dedi
838 1208 956 1248 faciem

215 1267 310 1287 meam
321 1258 361 1286 ad
372 1257 533 1286 Dominum
543 1256 652 1292 Deum,
660 1260 693 1284 ut
702 1255 883 1293 exquirerem
892 1262 956 1282 ora-

216 1305 327 1332 tionem
345 1309 373 1332 et
383 1303 616 1341 deprecationem
627 1302 658 1329 in
664 1300 786 1341 jejuniis
794 1305 823 1329 et
833 1308 918 1328 sacco
929 1305 956 1328 et

215 1350 320 1378 cinere.
338 1349 392 1378 Iste
413 1354 453 1377 est
473 1347 573 1377 Darius
598 1345 706 1376 Medus.
719 1344 842 1375 Primum
867 1351 955 1374 autem

215 1405 315 1424 annum
325 1404 378 1424 non
392 1393 468 1434 regni
485 1392 570 1433 ipsius
584 1392 621 1422 ait
643 1402 650 1420 ι
673 1402 726 1422 non
738 1390 811 1421 enim
825 1389 906 1428 dixit,
922 1392 955 1421 In

214 1441 303 1481 primo
313 1441 388 1480 regni
402 1441 472 1480 ejus,
486 1438 544 1477 sed,
556 1441 594 1468 In
613 1440 706 1478 primo
719 1447 799 1467 anno
812 1437 908 1475 Darii,
923 1439 955 1467 in

216 1496 274 1515 uno
285 1488 365 1515 anno
370 1487 453 1526 regni
463 1487 526 1526 ejus
538 1497 545 1513 r
560 1484 596 1514 ita
609 1491 676 1514 utet
688 1482 743 1513 dici
753 1483 838 1523 possit
849 1482 955 1523 primus

215 1542 311 1570 annus,
326 1542 380 1571 quo
393 1531 504 1570 quidem
524 1531 571 1560 illc
584 1531 721 1570 regnabat,
734 1536 799 1559 tunc
811 1528 876 1560 vero
886 1530 954 1559 forte

212 1578 365 1609 occiderant
375 1578 548 1608 Baltasarem.
564 1578 631 1615 Ego
646 1576 758 1606 Daniel
770 1576 903 1609 intellexi
922 1578 955 1606 in

214 1625 296 1654 libris
309 1623 462 1654 numerum
474 1633 631 1653 annorum.
640 1621 675 1653 ld
685 1628 735 1659 est,
746 1621 890 1651 Baltasaris
903 1632 954 1652 cae·
968 1636 988 1660 ι)

213 1671 286 1700 dem.
297 1671 333 1700 Et
343 1669 474 1710 reputavi.
486 1669 560 1700 Vide
569 1675 598 1698 ut
605 1675 665 1698 ante
675 1667 840 1708 praefinitum
848 1675 954 1708 tempus

214 1725 267 1745 non
274 1714 370 1745 audeat
381 1713 505 1744 accedere
514 1713 551 1743 ad
561 1714 719 1744 Dominum.
733 1714 768 1743 At
779 1719 832 1743 tres
843 1713 954 1752 quidem

214 1761 293 1800 pueri
306 1760 335 1789 id
345 1767 428 1800 agunt
450 1760 479 1788 in
497 1760 602 1789 fornace
615 1770 622 1786 :
635 1759 689 1789 ‘iste
706 1769 771 1789 vero
783 1759 811 1787 in
825 1758 887 1788 lacu
900 1769 953 1789 non

214 1807 288 1836 fecit.
299 1806 375 1844 Quid
386 1806 470 1845 igitur
478 1805 492 1834 Ξ)
506 1805 549 1836 vel
561 1805 604 1834 illi
617 1805 698 1842 male,
712 1804 757 1835 vel
766 1804 811 1834 hic
820 1804 834 1833 ?
845 1805 952 1835 Neutri.

214 1852 260 1882 Illi
273 1851 406 1891 siquidem
427 1861 544 1881 amorem
562 1861 625 1890 erga
638 1850 752 1890 patriam
766 1850 952 1890 ostendebant,

217 1898 261 1928 hic
274 1908 337 1928 vero
350 1896 553 1936 intelligentiam
572 1896 700 1935 temporis
710 1895 784 1934 quod
797 1895 951 1927 advenerat.

215 1944 311 1973 Nonne
348 1952 412 1981 ergo
434 1941 614 1980 intelligenter
630 1941 741 1980 legebat
762 1941 954 1981 prophetarum

217 1988 345 2019 oracula?
357 1987 492 2018 Existimo
503 1993 590 2016 autem
608 1986 688 2016 illum
698 1996 752 2017 non
772 1987 808 2017 ab
823 1988 889 2018 urhe
907 1999 954 2019 ca-

251 2074 261 2087 u
277 2063 450 2099 ὲχπολεμοῦσιν.
468 2062 531 2090 Vide
547 2062 664 2097 suidam,
682 2065 751 2097 apud
762 2074 835 2098 quem
854 2067 880 2092 in
892 2066 970 2093 verbo

219 2109 388 2139 ἕμπολεμῶσαι,
405 2104 467 2130 nihil
479 2110 577 2130 mutare
591 2103 711 2129 debuerat
727 2104 804 2130 Henr.
819 2105 968 2139 Stephanus.

218 2144 350 2178 Eleganter
362 2149 456 2175 autem,
476 2143 519 2176 qui
536 2142 733 2168 Constitutiones
753 2145 903 2176 apostolicas
917 2145 971 2170 col-

217 2182 286 2216 legit,
307 2187 331 2210 ἐι
350 2179 499 2218 παρατάξεως
515 2185 656 2217 ἁμαρτάνειν
675 2182 702 2207 in
724 2182 772 2207 hac
791 2183 971 2216 significatione

218 2227 330 2254 usurpat,
340 2221 385 2247 lib.
399 2223 487 2254 2,cap.
499 2221 541 2246 23.

248 2262 264 2281 b
280 2260 330 2288 Ᾰπὸ
336 2264 377 2287 τοῦ
387 2265 517 2296 σπέρματος
527 2262 618 2290 Μήδων.
628 2260 690 2291 Quis
701 2260 850 2285 assentiatur
861 2262 970 2294 Josepho

216 2299 343 2333 Scaligero
363 2299 482 2324 asserenti
504 2304 656 2331 prognatum
676 2298 749 2324 Medo
763 2307 852 2332 genere
870 2301 969 2326 Medum

215 2347 267 2364 esse
287 2346 338 2364 non
353 2335 666 2374 potuisseRMardochaeus
684 2337 759 2371 igitur
776 2347 828 2364 non
848 2345 903 2364 erat
921 2339 969 2365 Ju-

216 2377 284 2403 daeus
293 2398 299 2410 ‚
313 2378 371 2412 quia
382 2376 414 2403 de
424 2377 517 2403 semine
533 2376 678 2402 Judoeorum
688 2376 700 2402 ἓ
712 2376 782 2403 Esth.
802 2379 827 2408 6,
847 2378 887 2403 ⁴3.
901 2378 968 2409 Quid

214 2417 284 2449 quod
294 2417 383 2441 Durius
395 2417 442 2441 iste
455 2415 548 2441 dicitur
559 2415 646 2440 Medus
659 2416 724 2442 Dan.
747 2417 771 2447 5,
791 2417 871 2447 3¹,‘et
884 2418 892 2441 Ι
903 2418 924 2449 ί,
937 2419 946 2441 i
958 2417 970 2442 Ρ

213 2456 287 2480 Certe
298 2464 350 2481 non
361 2456 439 2488 majus
450 2453 550 2488 pondus
560 2453 655 2479 habeut
669 2460 763 2480 caetcrae
778 2455 895 2488 scaligeri
911 2464 969 2488 pro-

214 2493 335 2526 bationes,
347 2495 390 2527 qui
402 2494 463 2519 dum
475 2492 625 2519 sententiam
636 2502 706 2518 sunm
717 2493 749 2519 de
759 2494 911 2519 Nabonnido
921 2504 968 2520 no-

213 2532 251 2558 his
263 2533 420 2567 persuadent,
433 2533 461 2559 id
470 2531 560 2568 quibus
573 2532 656 2560 modis
668 2538 822 2567 assequatur,
836 2534 967 2561 minimum

210 2577 291 2597 curat.

549 173 577 196 S.
606 170 745 195 JOANNIS
769 168 949 194 CHRYSOST.
978 167 1133 191 ARCHIEP·
1161 166 1430 191 CONSTANTINOP-

1000 229 1049 264 τὴν
1066 229 1156 268 ὅρασιν
1166 240 1173 248 ·
1185 229 1231 258 καὶ
1244 231 1292 260 οὐκ
1304 225 1337 265 ἦν
1350 231 1365 258 ὁ
1374 228 1480 258 συνιών.
1493 227 1579 258 Πόθεν
1590 225 1771 267 ἔμαλακίσθηξ

1002 274 1071 304 Ὑπὸ
1084 277 1131 311 τῆς
1139 274 1251 314 ἀθυμίας
1260 274 1324 308 ἴσως
1330 277 1383 304 τῶν
1396 273 1528 313 ἐσομένων
1541 274 1633 304 δεινῶν
1642 295 1651 310 ,
1661 273 1773 312 λογισάᾱ

1003 330 1080 360 μενος
1103 320 1167 361 πρὸς
1191 320 1300 358 ἑαυτὸν,
1319 319 1360 349 ὅτι
1373 319 1477 350 οὐδέπω
1497 318 1532 348 τὰ
1555 318 1676 360 παρόντα
1698 318 1773 351 τέλος

1004 368 1071 407 ἔχει.
1093 366 1147 397 Καὶ
1160 368 1293 402 τοσαῦτα,
1315 366 1396 406 φησὶ,
1419 365 1501 396 πάλιν
1518 365 1599 395 δεινά.
1617 365 1658 395 Ἦ
1671 362 1751 395 πάλιν
1763 385 1773 401 ,

1004 419 1078 449 οὔπω
1091 418 1244 455 κατήλλαξα
1258 419 1346 452 αὐτοῖς
1356 417 1401 448 τὸν
1412 416 1499 456 Θεὸν,
1519 417 1564 448 καὶ
1579 415 1654 448 αὐτοὶ
1677 418 1774 446 ’ἐκπο-

1003 466 1128 504 λεμοῦσιν
1142 465 1231 495 αὐτόν.
1247 464 1301 495 Καὶ
1315 460 1428 500 ἀνέστην
1439 486 1447 502 ,
1471 463 1518 494 καὶ
1535 463 1639 493 ἐποίουν
1654 461 1689 492 τὰ
1708 462 1774 502 ἔργα
1825 469 1827 471 “

1003 514 1048 541 τοῦ
1063 510 1200 551 βασιλέως.
1213 510 1372 548 Τουτέστιν,
1387 509 1543 550 ὑπηρέτουν.
1560 508 1615 539 Καὶ
1627 507 1775 547 ἐθαύμαζον

1003 558 1052 594 τὴν
1068 558 1173 598 ὅρασιν·
1194 557 1240 587 καὶ
1260 559 1308 587 οὔκ
1327 553 1360 594 ἦν
1380 558 1395 586 ὁ
1415 556 1520 586 συνιών.
1543 555 1671 586 Μάλιστα
1696 556 1776 584 τοῦτο

1004 604 1077 644 φέρει
1087 603 1147 634 τινὰ
1159 604 1267 640 ὀδύνην,
1280 603 1343 633 ὅταν
1362 602 1431 642 μηδὲ
1451 602 1591 642 ἐξενεγκεῖν
1605 601 1651 642 ἐξῇ
1666 601 1703 635 εἷς
1715 612 1775 631 τινα

1004 650 1038 679 τὰ
1049 649 1156 690 λυπηρά
1166 662 1172 669 ·
1186 650 1204 685 ἢ
1218 649 1258 679 ὅτι
1272 649 1382 689 πονηροὶ
1396 645 1473 686 ἦσαν.
1486 647 1541 678 Καὶ
1553 647 1658 678 ἐποίουν
1668 668 1677 684 ,
1695 647 1774 688 φησὶ,

1006 697 1039 727 τὰ
1050 697 1115 736 ἔργα
1125 699 1171 726 τοῦ
1192 695 1330 735 βασιλέως.
1349 695 1507 732 Τουτὲστιν,
1524 693 1598 724 οὐδὲν
1609 693 1775 733 παρελίμπα·

1007 754 1049 772 νον
1062 766 1070 780 ‚
1093 743 1151 771 ἄλλ’
1167 741 1270 772 ἐποίουν
1284 740 1318 770 τὰ
1331 740 1403 781 ἔργα.

1326 841 1413 873 ΚΕΦ.
1427 842 1459 872 θ’.

1047 939 1093 970 Ἐν
1107 941 1146 980 τῷ
1157 933 1255 979 πρώτῳ
1269 937 1323 967 ἔτει
1336 935 1463 977 Δαρείου,
1473 936 1519 965 τοῦ
1535 934 1591 965 ulo&
1603 933 1776 975 Ἀσσουήρου,

1006 984 1019 1002 ¹’
1027 985 1080 1016 ἀπὸ
1091 988 1137 1015 τοῦ
1153 984 1305 1024 σπέρματος
1318 978 1419 1019 Μήδων
1427 1003 1436 1018 ,
1450 981 1478 1015 ὃς
1491 979 1660 1011 &enachum
1671 979 1716 1010 ἐπὶ
1728 976 1778 1017 τὴν

1007 1031 1143 1071 βασιλείαν
1154 1029 1312 1066 Χαλδαίων,
1327 1029 1353 1057 ἐν
1366 1026 1465 1057 ἔτειὲνὶ
1477 1029 1525 1063 τῆς
1539 1020 1674 1066 βασιλεῗας
1687 1023 1777 1063 αὖτοῧ,

1006 1078 1059 1117 ἐγὼ
1073 1076 1175 1112 Δανιὴλ
1188 1077 1291 1112 συνῆκα
1304 1075 1331 1104 ἐν
1344 1078 1402 1107 ταῖς
1424 1072 1525 1113 βίὸλοις
1536 1071 1582 1102 τὸν
1602 1071 1713 1112 ἀριθμὸν
1725 1073 1778 1101 τῶν

1007 1125 1087 1161 ἐτῶν,
1100 1122 1162 1163 περὶ
1185 1118 1215 1152 οῧ
1231 1121 1342 1162 ἐγενήθη
1355 1120 1432 1159 λόγος
1446 1118 1545 1159 Κυρίου
1567 1118 1632 1158 πρὸς
1646 1117 1778 1158 Ἱερεμίαν

1007 1169 1051 1198 τὸν
1077 1168 1216 1210 προφήτην
1229 1189 1237 1203 ,
1266 1169 1303 1200 εἷς
1330 1164 1522 1206 συμπλήρωσιν
1547 1163 1706 1205 ἐρημώσεως
1730 1165 1779 1200 τῆς

1008 1214 1184 1254 Ἰερουσαλὴμ
1196 1212 1381 1252 ἑὸδομήκοντα
1394 1210 1452 1247 ἔτη.
1465 1211 1520 1240 Και
1533 1209 1621 1251 ἔδωκα
1634 1209 1665 1239 τὸ
1674 1208 1778 1254 πρόσω-

1007 1259 1057 1289 πόν
1070 1271 1119 1298 μου
1133 1259 1198 1299 πρὸς
1210 1258 1307 1298 Κύριον
1321 1257 1365 1287 τὸν
1380 1256 1465 1292 Θεὸν,
1479 1258 1525 1285 τοῦ
1540 1257 1684 1293 ἐκζητῆσαι
1693 1267 1777 1296 προσ·

1008 1317 1042 1335 ευ·
1057 1305 1088 1341 ἡν
1102 1305 1148 1335 καὶ
1162 1303 1251 1341 δέησιν
1267 1305 1294 1333 ἐν
1306 1301 1439 1339 νηστείαις
1453 1301 1498 1332 καὶ
1513 1301 1605 1342 σάκκῳ
1618 1301 1664 1331 καὶ
1678 1302 1778 1342 σποδῷ.

1007 1318 1093 1384 ogi-05
1112 1353 1126 1380 ὁ
1145 1351 1238 1386 Μ’ῆδος
1259 1350 1378 1389 Δαρεῖος.
1402 1347 1514 1389 Πρῶτον
1529 1347 1558 1377 δὲ
1576 1347 1633 1381 ἔτος
1654 1347 1714 1388 οὐχὶ
1731 1349 1779 1384 τῆς

1007 1396 1142 1436 βασιλείας
1161 1397 1240 1426 αὐτοῦ
1266 1406 1349 1435 φησι·
1367 1396 1396 1424 οὔ
1410 1394 1461 1434 γὰρ
1481 1389 1569 1430 εἶπεν,
1587 1394 1616 1422 ἑν
1627 1394 1666 1433 τῷ
1679 1393 1778 1434 πρώτῳ

1006 1445 1054 1479 τῆς
1066 1442 1201 1482 βασιλείας
1214 1442 1307 1478 aaron,
1328 1442 1386 1470 ἀλλ’
1396 1462 1404 1477 ,
1428 1440 1476 1470 Ἐν
1492 1441 1531 1480 τῷ
1543 1439 1642 1480 πρώτῳ
1655 1439 1708 1470 {ret
1723 1440 1779 1469 Δα-

1007 1489 1093 1528 ρείου,
1114 1490 1140 1518 ἐν
1155 1489 1193 1518 ἑνὶ
1204 1487 1257 1517 ἔτει
1269 1488 1317 1523 τ’ἧς
1331 1486 1466 1527 βασιλείας
1478 1486 1574 1522 αὐτοῦ,
1585 1485 1655 1515 ὥστε
1669 1485 1778 1516 δυνατὸν

1005 1535 1127 1574 λέγεσθαι
1136 1534 1181 1564 καὶ
1194 1535 1299 1574 πρῶτον
1313 1533 1383 1568 ἔτος,
1405 1531 1588 1572 βασιλεύοντος
1608 1531 1655 1571 μὲν
1678 1533 1758 1562 αὐτοῦ·
1769 1555 1778 1570 ,

1006 1581 1066 1611 τότε
1076 1581 1103 1610 δὲ
1117 1580 1252 1613 ἀνελόντος
1264 1578 1327 1613 ἴσως
1334 1578 1394 1612 τοὺς
1406 1577 1467 1619 περὶ
1475 1577 1628 1618 Βαλτάσαρ.
1640 1577 1714 1617 Ἐγὼ
1726 1579 1780 1607 Δα·

1006 1625 1067 1662 νιὴλ
1080 1627 1181 1661 συνῆκα
1193 1625 1220 1654 ἐν
1231 1627 1289 1657 ταῖς
1305 1623 1406 1662 βίὸλοις
1427 1622 1472 1652 τὸν
1500 1622 1610 1662 ἀριθμὸν
1631 1624 1684 1652 τῶν
1700 1624 1778 1653 ἐτῶν.

1007 1671 1153 1708 Τουτέστι,
1172 1670 1221 1707 τὴν
1236 1668 1351 1711 σφαγήν.
1367 1668 1421 1699 Καὶ
1433 1668 1638 1708 ἂνελογισάμην.
1648 1668 1723 1709 Ὅρα
1733 1667 1780 1699 αὖζ

1005 1717 1050 1746 ’τὸν
1063 1717 1115 1757 πρὸ
1126 1718 1174 1752 τῆς
1187 1715 1349 1757 προθεσμίας
1371 1715 1400 1744 οὗ
1420 1715 1561 1753 τολμῶντα
1573 1716 1727 1755 προσελθεῖν
1739 1715 1778 1755 τιῖ)

1005 1762 1138 1802 Δεσπότῃ.
1148 1762 1218 1792 Ἀλλ’
1233 1762 1258 1791 οἳ
1271 1761 1320 1801 μὲν
1338 1764 1408 1801 τρεῖς
1421 1761 1515 1794 παῖδες
1532 1762 1652 1790 ποιοῦσιν
1665 1760 1730 1798 αὐτὸ
1750 1762 1778 1791 ἐν

1005 1810 1038 1848 τῇ
1052 1808 1170 1848 καμίνῳ·
1185 1804 1260 1841 οὗτος
1275 1807 1302 1836 δὲ
1320 1808 1348 1836 ἐν
1361 1808 1399 1847 τῷ
1414 1806 1507 1846 λάκκῳ
1518 1806 1592 1836 οὐδὲν
1607 1805 1727 1843 ἐποίησε.
1741 1804 1779 1837 Τί

1006 1850 1068 1892 oliv,
1087 1855 1104 1890 ἢ
1121 1856 1216 1884 ἐκεῖνοι
1231 1855 1336 1889 κακῶς,
1349 1851 1367 1887 ἢ
1380 1847 1470 1888 οἶτος
1495 1851 1647 1892 Οὖδέτέροι.
1662 1852 1777 1883 Ἐκεῖνοι

1006 1899 1053 1938 μὲν
1066 1899 1118 1939 γὰρ
1129 1898 1177 1934 τὴν
1191 1896 1390 1938 φιλοστοργίαν,
1410 1891 1486 1929 οὗτος
1502 1895 1530 1925 δὲ
1551 1895 1600 1932 τὴν
1614 1895 1719 1926 σύνεσιν
1729 1899 1776 1926 τοῦ

1005 1947 1099 1983 καιροῦ
1123 1941 1336 1983 παραγενομένου
1360 1941 1472 1971 ἐδείκνυ.
1498 1935 1555 1980 Ἆρ’
1589 1936 1634 1970 οὗν
1662 1942 1777 1975 συνετῶς

1006 1988 1162 2028 ἀνεγίνωσκε
1186 1986 1221 2016 τὰ
1242 1985 1409 2026 προφητικά;
1428 1980 1536 2024 Ὀἶμαι
1550 1984 1575 2014 δ’
1593 1985 1671 2015 αὐτὸν
1685 1986 1734 2015 οὐκ
1745 1986 1775 2014 ἐκ

1051 2074 1062 2087 e
1079 2069 1148 2100 οἶμαι
1160 2068 1179 2092 δ’
1192 2068 1268 2098 αὐτόν,
1280 2064 1520 2097 em.captivitntem
1537 2063 1637 2089 Israelis
1654 2063 1777 2096 interpre-

1020 2111 1069 2136 tor,
1088 2113 1140 2131 non
1156 2103 1328 2130 Israelitarum
1348 2103 1552 2136 deportationem
1571 2111 1586 2127 a
1604 2102 1777 2128 salmanasare

1018 2144 1126 2176 factam,
1146 2143 1191 2169 scd
1207 2142 1353 2169 Judaeorum
1365 2142 1556 2169 translationem
1578 2141 1625 2167 sub
1643 2141 1778 2168 Nabucho-

1019 2184 1147 2210 donosoro
1163 2185 1283 2217 primam.
1301 2182 1380 2208 Reeoe
1399 2182 1475 2215 igitur
1495 2181 1653 2214 septuaginta
1669 2180 1777 2207 servitu-v

1020 2225 1053 2249 tis
1071 2232 1151 2249 annos
1177 2222 1258 2248 ordiri
1282 2221 1382 2248 videtur
1405 2220 1438 2245 ab
1463 2220 1536 2245 initio
1553 2218 1692 2249 bellorum,
1713 2225 1739 2244 et
1761 2229 1776 2245 a

1018 2264 1099 2296 prima
1119 2262 1261 2296 captivate,
1284 2270 1328 2287 seu
1349 2260 1383 2286 ab
1403 2268 1471 2286 anno
1489 2265 1581 2292 quarto
1598 2258 1715 2284 Joacimi.
1731 2259 1777 2284 At-

1018 2311 1066 2335 que
1085 2303 1120 2327 ita
1142 2307 1245 2327 censent
1261 2301 1305 2334 qui
1324 2299 1389 2325 inter
1407 2298 1575 2332 chronologos
1590 2296 1712 2323 familiam
1729 2297 1777 2323 du-

1018 2347 1088 2366 cunt.
1112 2340 1188 2373 Quod
1214 2339 1300 2366 subdit.
1324 2339 1356 2365 de
1380 2340 1453 2364 annis
1475 2338 1501 2364 in
1519 2337 1650 2371 pauciores
1675 2336 1777 2362 contra-

1018 2381 1080 2413 ctis,
1109 2381 1188 2414 magia
1211 2379 1322 2405 oratorie
1349 2380 1445 2404 aestimo
1469 2377 1581 2410 dictum,
1603 2385 1680 2410 quum
1703 2385 1774 2409 vere;

1019 2427 1096 2451 quare
1114 2418 1272 2445 verisimilius
1290 2423 1328 2443 est
1347 2417 1416 2451 quod
1427 2419 1454 2443 in
1466 2418 1482 2442 3
1494 2415 1614 2443 adversus
1623 2414 1737 2448 ludaeos,
1750 2422 1776 2441 et

1019 2458 1083 2482 iufra
1095 2457 1192 2489 scribit,
1205 2457 1323 2491 quodque
1336 2466 1361 2490 p.
1375 2458 1434 2488 227,
1446 2457 1467 2481 E
1476 2476 1482 2487 ,
1495 2461 1521 2481 et
1533 2457 1594 2488 228,
1613 2456 1632 2480 A
1641 2476 1648 2487 ‚
1668 2454 1774 2488 scripse—

1019 2502 1073 2527 rat,
1094 2503 1192 2529 tempus
1204 2497 1278 2522 fuisse
1290 2496 1443 2529 completum
1455 2505 1460 2519 z
1474 2503 1529 2528 qum
1545 2500 1583 2519 est
1600 2494 1676 2519 etiam
1689 2495 1774 2526 opinio

1018 2535 1131 2568 Origenis
1147 2537 1222 2561 Hom.
1245 2537 1260 2560 4
1279 2537 1305 2561 in
1329 2535 1627 2567 Ezechielem:quamvis
1648 2542 1695 2558 una
1716 2542 1774 2559 vera

1018 2575 1140 2600 sententia
1159 2575 1205 2606 sit,
1231 2575 1299 2608 quod
1320 2576 1476 2609 septuaginta
1495 2575 1553 2601 anni
1572 2581 1633 2601 tunc
1651 2575 1685 2601 ad
1698 2576 1773 2602 finem
