1890 2826
85 1542 142 1563 lsai>
155 1540 222 1570 53¹7.

87 1699 187 1728 Philipp.
201 1706 221 1721 2.

115 1902 151 1914 1m⁴
161 1892 224 1917 832.

232 160 303 195 (362

232 244 278 272 per
291 238 374 261 totum
389 230 481 259 orbem
494 228 659 269 praedicavit.
675 229 741 259 Ideo
757 229 852 268 tacitus
871 227 970 258 incedit

231 279 304 312 pater
322 281 384 300 cum
397 271 498 305 lsaam,
510 268 591 298 duos-
601 269 689 298 solum
708 279 798 298 seeum
815 267 916 299 ducens
927 268 969 298 fa-

231 311 329 346 mulos,
344 310 391 348 qui
404 307 529 338 sacrificii
543 308 655 348 hujusce
675 308 785 339 modum
796 308 968 348 ignorabant,

231 349 402 390 progreditur
414 355 502 378 autem
515 347 598 377 trium
611 347 716 379 dierum
728 348 834 383 itinere.
849 347 893 380 Tu
906 357 970 379 vero

230 390 303 419 disce
322 389 465 428 probatum
490 397 540 427 pro
558 387 668 417 eniteris
687 387 819 423 animum,
841 386 924 426 idque
941 386 969 415 in

230 436 303 458 tanto
313 428 416 457 itineris
427 429 530 456 interva
573 448 580 455 .
595 428 690 467 Neque
702 427 773 457 enim
785 427 860 456 Deus
869 426 921 466 ipsi
932 426 971 455 al·
989 432 1007 454 E

231 475 287 498 tare
300 478 383 508 prope
393 466 520 504 ostendit,
533 477 567 495 ne
580 465 644 496 fidei
654 465 750 496 ardore
763 466 893 496 naturalis
905 466 971 496 affe·

231 515 289 537 etus
301 513 481 543 avet-temtum
493 505 541 536 sed
558 513 588 536 ut
610 506 638 535 in
658 506 739 545 longo
758 505 863 542 itinere,
883 505 972 539 filium

231 547 280 577 diu
292 547 457 587 conspiciens
466 545 506 575 ihi
519 556 569 586 pro
590 556 664 576 more
683 545 788 574 ludicra
799 551 931 584 agentem,
944 545 972 574 in

232 587 309 616 ulnas
321 597 383 615 suas
396 592 590 622 accurrentem,
602 585 641 615 rei
656 584 823 624 perficiendae
832 584 971 624 cogitatio—

231 637 275 663 ne,
291 626 366 657 velut
377 636 474 655 aurum
487 622 516 654 in
529 625 600 664 igne5
615 624 642 654 in
659 635 749 654 amore
762 635 832 664 saepe
844 624 973 655 exercita·

231 674 274 696 tus
285 673 363 704 atque
376 665 516 706 probatus,
525 663 696 704 splendidius
706 663 864 694 obedientiae
894 674 973 703 τορο-

231 706 312 735 situm
329 704 491 735 ostenderet.
507 705 532 735 0
546 703 651 743 quoties
669 703 697 732 in
718 703 843 733 triduano
861 675 910 733 iiio
923 703 974 733 viae

232 745 373 775 intervallo
390 751 465 784 pater
477 743 505 773 in
515 743 603 783 seipso
621 743 721 773 caedem
734 742 786 772 filii
807 750 895 773 mente
912 753 972 773 ver-

232 785 321 814 savit?
336 784 440 823 quoties
452 784 520 814 intra
534 794 563 813 se
574 783 625 812 filii
636 782 749 814 cadaver
758 792 824 822 rogo
833 782 973 827 imposuit,

1015 783 1085 811 ’καθ’
1100 781 1192 811 ἑαυτὸν
1206 784 1220 811 ὁ
1233 781 1323 822 πατὴρ
1337 782 1524 811 ἀνετυπωσατο
1534 783 1581 809 τοῦ
1595 780 1652 809 υἱοῦ
1669 779 1718 815 τὴν

950 151 1085 190 εΡυκιΑζ

1024 230 1070 263 τῆς
1084 217 1239 276 οἰκουμένης
1260 227 1340 263 ἀνεκή
1375 227 1424 261 ξεν.
1445 226 1550 257 Όδεύει
1572 226 1615 257 διὰ
1635 228 1719 256 ταῦτα
1733 229 1794 267 σιγῇ

1025 267 1092 306 μετὰ
1101 270 1147 296 τοῦ
1169 267 1253 296 Ισαὰκ
1261 268 1275 296 ὁ
1283 278 1322 296 πα
1356 278 1387 317 ρ,
1401 265 1448 296 δύο
1461 265 1552 305 μόνους
1561 266 1722 306 θεράποντας
1731 267 1796 296 ἐπα-

1023 306 1132 345 γόμενος
1142 329 1150 342 ,
1163 306 1209 336 καὶ
1220 306 1327 340 τούτους
1339 310 1388 336 ουκ
1396 305 1498 339 εἰδότας
1510 308 1558 341 τῆς
1571 305 1661 338 θυσίας
1673 306 1719 335 τὸν
1732 305 1794 345 τρό-

1024 358 1073 375 πον
1083 358 1089 363 ·
1102 345 1184 375 ὁδεύει
1197 345 1225 375 δὲ
1238 348 1318 386 τριῶν
1327 347 1434 385 ἡμερῶν
1447 344 1516 375 ὁδόν.
1529 344 1569 376 Σὺ
1579 344 1607 375 δὲ
1619 344 1733 383 μάνθανε
1747 345 1796 381 τὴν

1025 382 1180 424 δοκιμασίαν
1199 387 1247 421 τῆς
1266 385 1374 425 γνώμης
1389 388 1436 415 τοῦ
1456 385 1577 425 προπάτο
1610 396 1635 421 ς,
1661 385 1707 414 καὶ
1724 387 1796 415 τοῦτ’

1024 426 1054 455 ἐκ
1072 427 1118 454 τοῦ
1137 425 1316 464 διαστήματος
1339 427 1387 461 τῆς
1408 425 1479 455 ὁδοῦ.
1502 425 1544 453 Οὐ
1557 436 1574 463 γ
1590 436 1608 464 ,ρ
1629 423 1706 463 ἐγγὺς
1724 426 1796 464 αὐτῷ

1025 465 1092 497 Θεὸς
1107 464 1221 494 δείκνυσι
1234 465 1264 494 τὸ
1278 463 1464 503 θυσιαστήριον
1473 485 1482 499 ,
1500 463 1543 492 ἵνα
1555 463 1592 502 μὴ
1605 465 1640 502 τῇ
1654 463 1797 503 θερμότητι

1024 506 1071 539 τῆς
1085 503 1199 538 πίστεως
1211 505 1301 542 κλαπῇ
1317 505 1418 544 φύσεως
1434 502 1483 539 τὴν
1498 502 1625 543 στοργήν·
1646 504 1704 532 ἀλλ’
1726 502 1798 537 ὅπως

1026 544 1131 583 μακρὰν
1147 544 1259 582 βαδίζων
1270 543 1398 581 ὁδὸν,καὶ
1409 542 1453 572 τὸν
1467 542 1522 571 υἱὸν
1537 542 1581 572 ἐπὶ
1595 543 1719 572 πλεῖστον
1733 542 1798 572 θεώ-

1026 594 1102 620 μενος
1116 583 1209 633 χρόνον
1228 582 1346 619 συνήθως
1429 581 1572 617 παίζοντα,
1590 586 1648 615 ταῖς
1668 581 1799 621 ἀγκάλαις

1025 634 1239 674 προστρεχοντα,
1263 625 1312 672 τῇ..
1320 625 1377 652 ἐννο
1396 652 1401 662 ι
1433 621 1651 670 τῶκπρακτέου,
1678 621 1798 661 καθάπερ

1025 661 1603 741 ρπυὶηόῖςπολλδιρόᾮ
1609 661 1799 740 tama:

1025 753 1077 771 σιν.
1091 741 1146 777 ῘΩ,
1166 742 1278 776 ποσάκις
1292 743 1319 771 ἐν
1334 743 1371 781 τῷ
1389 740 1526 781 τριημέρῳ
1538 739 1624 779 τούτῳ
1638 740 1799 779 διαστήματι

1446 780 1452 787 ι

232 824 308 854 toties
320 826 348 854 in
362 822 442 854 corde
454 822 624 859 vulneratus,
644 822 750 861 quoties
771 821 933 852 sacrificium
945 832 971 851 in
983 822 1088 860 56ιὶγήν;
1109 820 1221 855 ποσάκις
1241 821 1354 856 ἐπέθηκε
1366 823 1400 860 τῇ
1413 825 1485 859 πυρᾷ
1498 822 1544 848 τοῦ
1556 819 1650 849 τέκνου
1662 819 1694 848 τὸ
1705 819 1746 848 λεί
1787 836 1800 842 -

232 871 347 894 mentem
360 862 519 893 revocabat?
535 862 640 893 Malum
659 862 731 892 enim
751 861 824 899 quod
838 862 896 901 jam
908 871 973 890 eon-
991 869 1011 892 Α
1026 872 1084 896 νον,
1099 860 1256 894 τοσαυτάκις
1267 860 1316 896 τὴν
1329 859 1440 900 καρδίαν
1454 858 1580 898 πληγεὶς,
1593 859 1685 892 ὁσάκις
1699 858 1731 888 ἂν
1749 858 1799 894 τὴν

232 904 292 942 tigit
306 904 395 934 statim
409 903 463 932 fere
477 902 504 931 in
518 901 684 932 oblivionem
696 901 780 937 venit,
795 900 868 939 quod
882 907 973 931 autem

232 950 411 988 exspectatur,
424 942 500 972 toties
514 951 627 971 moerore
639 941 733 976 afficit,
745 940 849 979 quoties
862 950 973 969 succur-

232 983 267 1011 rit
283 993 310 1012 1n
328 989 454 1012 mentem.
475 980 559 1011 Videt
579 980 688 1010 demum
706 979 802 1020 procul
822 979 915 1010 beatus
928 979 975 1009 ille

232 1023 356 1052 sacrificii
369 1022 470 1058 locum,
483 1020 615 1050 ineffabili
625 1019 742 1059 quadam
752 1029 819 1049 voce
829 1018 975 1055 iudicante,

232 1061 373 1100 solumque
381 1061 470 1090 filium
481 1067 555 1100 pater
565 1070 656 1090 secum
667 1058 792 1093 assumit,
803 1058 903 1088 relictis
912 1069 975 1088 eum

232 1101 307 1130 asino
320 1101 404 1131 servis
419 1112 425 1128 :
442 1100 516 1128 solus
527 1099 636 1128 demum
643 1109 706 1128 cum
714 1099 772 1127 solo
784 1099 857 1127 Isaac
869 1108 975 1138 progre-

233 1139 318 1177 ditur,
330 1150 383 1175 nson
392 1146 422 1168 ut
433 1146 509 1178 pater
519 1149 582 1167 cum
594 1138 665 1175 filio,
677 1137 724 1168 sod
737 1144 767 1167 ut
778 1137 901 1167 sacerdos
911 1149 974 1169 cum

233 1179 328 1209 hostia.
341 1180 462 1208 Isaacum
471 1177 596 1207 sacrificii
609 1177 690 1216 lignis
701 1183 803 1213 onerat,
816 1176 938 1216 gladium
948 1184 975 1207 et

232 1218 322 1257 ignem
335 1218 392 1257 ipse
406 1223 499 1256 gestat.
515 1216 624 1245 sarcina
646 1223 737 1245 onerat
762 1226 886 1250 uvenem‚
900 1223 928 1245 ut
939 1227 973 1246 ex

233 1257 324 1286 labore
338 1267 405 1296 puer
417 1255 542 1285 sudorem
554 1256 673 1284 emittat:
685 1262 714 1284 ut
728 1226 776 1284 ilio
789 1255 905 1284 naturali
918 1256 975 1284 bal-

233 1306 284 1325 neo
297 1296 416 1332 ablutus,
437 1295 553 1324 sanctior
570 1294 617 1324 fiat
638 1295 696 1323 Deo
717 1294 814 1323 hostia.
830 1296 977 1333 Postquam

234 1336 289 1364 huc
299 1345 386 1365 sermo
396 1334 530 1374 pervenit,
540 1340 570 1362 ut
585 1333 642 1363 vidi
655 1333 782 1371 figuram,
795 1333 933 1363 veritatem
946 1334 974 1362 in

233 1382 350 1404 mentem
376 1373 513 1404 revocavi.
529 1373 633 1403 Videns
653 1372 725 1402 enim
739 1383 792 1411 quo
806 1379 884 1412 pacto
901 1373 975 1402 Isaac

234 1414 285 1443 sibi
301 1413 425 1443 sacrificii
438 1412 511 1451 ligna
523 1419 617 1451 gestat,
631 1411 770 1442 Christum
782 1411 914 1451 glorifico,
927 1412 974 1450 qui

234 1461 344 1494 propter
356 1453 498 1482 hominum
519 1452 633 1481 salutem
655 1461 763 1480 crucem
779 1462 855 1480 suam
875 1458 975 1491 gestare

235 1494 333 1523 voluit.
349 1492 445 1522 Totius
466 1491 537 1520 enim
558 1491 659 1520 Christi
676 1490 830 1519 oeeonomiae
851 1491 975 1520 umbram

235 1532 279 1561 hic
293 1537 522 1573 praeoccupantem
533 1530 620 1560 video.
632 1530 712 1559 Sicut
727 1531 788 1559 ovis
797 1530 839 1558 ad
851 1531 973 1560 occisio-

236 1583 301 1601 nem
319 1571 423 1600 duetus
440 1577 483 1599 est
501 1569 625 1599 Christus
642 1580 648 1597 :
663 1569 746 1608 hujus
760 1575 841 1608 typus
854 1570 927 1599 isaac
940 1569 975 1599 ad

235 1611 418 1641 mactationem
430 1609 528 1638 duetus
538 1615 587 1638 est.
604 1609 662 1639 Prae
675 1607 761 1637 oculis
774 1615 813 1637 est
823 1607 919 1645 caedes,
933 1619 976 1638 ne-

234 1662 287 1689 que
299 1649 457 1689 obsequium
478 1655 556 1687 negat
574 1647 650 1677 Isaac
667 1647 774 1686 parenti
790 1660 796 1676 :
811 1654 894 1687 typus
904 1648 976 1678 enim

233 1698 291 1720 erat
304 1689 418 1725 Chi-isti,
435 1689 493 1727 Qui
505 1687 633 1717 obedivit
645 1688 732 1716 Patri
744 1697 835 1726 usque
844 1688 888 1716 ad
901 1698 975 1718 mor-

235 1737 303 1765 tem,
323 1735 444 1758 mortem
465 1734 562 1756 autem
583 1727 686 1755 crucis.
703 1727 779 1755 Isaac
798 1726 880 1756 simul
901 1727 977 1757 filius

234 1776 292 1798 erat
310 1776 335 1798 et
349 1768 470 1800 victima.
498 1765 629 1796 Similiter
650 1765 730 1794 etiam
746 1765 874 1795 Christus
888 1766 977 1796 Filius

236 1808 287 1838 Dei
307 1815 334 1837 et
356 1817 441 1847 agnus
461 1806 509 1845 qui
533 1806 604 1834 tollit
625 1812 762 1844 peceatum
789 1805 895 1836 mundi.
916 1807 977 1836 Non

236 1848 322 1887 parcit
333 1849 425 1876 lsaaco
438 1852 523 1886 pater,
539 1844 585 1874 sed
595 1854 680 1882 neque
692 1846 765 1874 Deus
778 1845 902 1879 Christ03
915 1856 978 1877 nam

237 1888 316 1916 Filio
329 1897 381 1916 suo
395 1896 452 1914 non
469 1885 606 1924 pepercit,
619 1884 671 1912 sed
681 1894 734 1923 pro
747 1886 830 1914 nobis
845 1887 976 1915 omnibus

237 1927 358 1955 tradidit
368 1926 466 1954 illum.
481 1923 585 1953 Triduo
600 1929 660 1962 post
669 1924 832 1953 sacrificium
842 1931 926 1954 mater
938 1925 978 1954 vi-

236 1966 281 1995 det
302 1965 439 1995 viventem
467 1964 602 1999 Isaacum;
628 1969 689 2001 post
711 1963 835 1992 triduum
858 1964 977 1993 Ecclesia

237 2005 422 2043 incorruptum
432 2003 508 2032 videt
515 2003 693 2032 servatorem.
704 2003 768 2032 Haec
777 2002 812 2031 de
820 2002 916 2041 figuris
925 2014 978 2032 car-

237 2044 305 2082 ptim
319 2043 390 2072 dicta
404 2049 492 2071 sunto.
510 2041 646 2070 Abraham
659 2051 722 2070 vero
733 2042 789 2081 jam
811 2042 933 2081 pervenit
943 2042 979 2073 ad

237 2083 327 2112 locum
341 2081 475 2113 sacrificii,
489 2081 517 2109 in
530 2080 675 2109 certamine
685 2079 795 2110 demum
806 2081 976 2118 constitutus,

1027 900 1119 930 θυσίαν
1133 900 1313 939 ἀνελογίζετος
1335 901 1375 931 Τὸ
1390 898 1437 938 μὲν
1452 898 1504 938 γὰρ
1517 898 1704 938 πεπραγμένον
1718 898 1800 928 κακὸν

1026 939 1100 973 εὐθὺς
1114 940 1179 979 πρὸς
1191 940 1276 976 λήθην
1289 942 1351 979 ὁρᾷ,
1373 939 1404 968 τὸ
1417 938 1445 968 δὲ
1458 940 1486 968 ἐν
1500 937 1589 967 ἐλπίσι
1608 939 1687 967 λυπεῖ
1701 949 1800 968 τοσαυ-

1025 978 1114 1013 τάκις,
1127 978 1219 1012 ὁσάκις
1238 979 1270 1008 ἂν
1295 977 1505 1019 ἐλπισθῇ.-”Ορᾷ
1516 977 1609 1008 λοιπὸν
1631 980 1646 1007 ὁ
1671 978 1800 1017 μακάριος

1024 1019 1159 1058 πόῤῥωθεν
1176 1021 1223 1054 τῆς
1244 1018 1407 1058 λειτουργίας
1421 1017 1465 1047 τὸν
1480 1018 1560 1048 τόπον
1571 1039 1580 1055 ,
1602 1017 1717 1057 ἀῤῥήτου
1742 1028 1800 1057 φω-

1024 1060 1071 1094 νῆς
1097 1057 1287 1098 προσδειξάσης
1311 1059 1383 1098 αὐτῷ
1394 1078 1403 1092 ,
1429 1057 1475 1087 καὶ
1495 1056 1573 1096 μόνον
1593 1056 1799 1096 παραλαμβάνει

1024 1097 1069 1127 τὸν
1083 1098 1138 1127 υἱὸν
1147 1099 1161 1126 ὁ
1174 1098 1264 1137 πατὴρ
1274 1120 1283 1133 ,
1298 1097 1437 1128 ἀπολιπὼν
1453 1096 1522 1136 μετὰ
1536 1098 1585 1132 τῆς
1597 1095 1656 1125 ὄνου
1669 1096 1730 1130 τοὺς
1744 1095 1801 1126 δού-

1024 1138 1097 1170 λους
1121 1137 1199 1176 μόνος
1220 1137 1305 1167 ὁδεύει
1323 1137 1414 1167 λοιπὸν
1432 1136 1501 1176 μετὰ
1519 1135 1599 1175 μόνου
1613 1138 1660 1165 τοῦ
1681 1134 1775 1167 Ἰσαὰκ
1788 1156 1797 1170 ,

1024 1178 1074 1216 οὐχ
1082 1178 1118 1210 ὡς
1131 1177 1220 1216 πατὴρ
1234 1177 1302 1216 μετὰ
1315 1176 1423 1212 τέκνου,
1438 1177 1496 1206 ἀλλ’
1512 1177 1547 1208 ὥς
1561 1175 1645 1215 ἱερεὺς
1663 1174 1732 1216 μετὰ
1753 1175 1801 1206 θύ-

1025 1227 1115 1254 ματος.
1128 1216 1283 1252 Ἐπιτίθησι
1294 1216 1322 1246 δὲ
1335 1216 1380 1246 καὶ
1393 1218 1431 1256 τῷ
1443 1215 1536 1246 Ἰσαὰκ
1545 1217 1592 1251 τῆς
1605 1214 1696 1248 θυσίας
1710 1215 1745 1244 τὰ
1758 1214 1802 1248 ξύ·
1827 1214 1831 1219 ’

1024 1257 1059 1284 λα
1071 1277 1079 1292 ,
1097 1256 1173 1289 αὐτὸς
1186 1256 1271 1295 φέρων
1286 1256 1333 1292 τὴν
1349 1255 1482 1295 μάχαιραν
1501 1255 1547 1285 καὶ
1560 1255 1591 1284 τὸ
1604 1257 1666 1294 πῦρ.
1688 1254 1800 1295 Βαρύνει

1025 1296 1064 1334 τῷ
1078 1295 1177 1335 φορτίῳ
1188 1295 1232 1324 τὸν
1251 1295 1323 1331 νέον,
1346 1295 1389 1324 ἵνα
1402 1294 1549 1335 ἐφιδρώσας
1562 1296 1576 1324 ὁ
1588 1298 1651 1327 παῖς
1664 1296 1703 1334 τῷ
1716 1294 1802 1332 καμά-

1026 1346 1080 1373 τῳ,
1094 1338 1139 1363 καὶ
1150 1338 1203 1367 τοῖς
1216 1337 1264 1371 τῆς
1275 1334 1377 1374 φύσεως
1385 1335 1504 1374 λουτροῖς
1525 1334 1722 1374 καθηράμενος,
1740 1335 1799 1363 εὐα-

1026 1373 1138 1413 γεστέρα
1149 1373 1258 1413 γένηται
1271 1376 1309 1414 τῷ
1323 1375 1386 1413 Θεῷ
1399 1373 1546 1424 προσφορά.
1561 1374 1693 1403 'Eu-:azotu
1713 1373 1741 1403 δὲ
1754 1384 1801 1412 γε-

1027 1412 1135 1451 νομένου
1149 1416 1195 1442 τοῦ
1209 1413 1287 1453 λόγου
1297 1434 1305 1448 ,
1323 1413 1368 1442 τὸν
1381 1412 1463 1442 τύπον
1477 1412 1734 1450 ἷδων,’ἀνεμνήσθην
1753 1414 1801 1447 τῆς

1026 1452 1161 1488 ἀληθείας.
1176 1452 1250 1482 Ἰδὼν
1264 1452 1316 1493 γὰρ
1330 1454 1386 1486 πῶς
1408 1452 1502 1482 Ἰσαὰκ
1514 1453 1600 1501 ἑαυτῷ
1616 1452 1741 1491 βαστάζει
1753 1453 1801 1486 τῆς

993 1501 1011 1525 Β
1028 1492 1118 1525 θυσίας
1130 1491 1165 1521 τὰ
1177 1491 1240 1526 ξύλα
1253 1514 1261 1528 ,
1276 1491 1375 1527 δοξάζω
1386 1491 1431 1521 τὸν
1443 1492 1558 1531 Χριστὸν
1571 1503 1616 1521 τον
1631 1492 1674 1521 διὰ
1685 1492 1734 1527 τὴν
1747 1494 1801 1520 τῶν

1027 1531 1170 1570 ἀνθρώπων
1184 1532 1316 1571 σωτηρίαν
1331 1533 1425 1560 ἑαυτοῦ
1438 1530 1484 1560 τὸν
1495 1530 1607 1570 σταυρὸν
1620 1531 1751 1570 βαστάσαι
1761 1533 1802 1560 θε-

1027 1570 1159 1606 λήσαντα.
1180 1570 1268 1606 ”Ολης
1287 1571 1338 1611 γὰρ
1357 1572 1405 1605 τῆς
1428 1570 1497 1600 κατὰ
1521 1571 1636 1610 Χριστὸν
1654 1570 1802 1608 οἰκονομίας

1028 1610 1077 1645 τὴν
1097 1609 1174 1639 σκιὰν
1196 1612 1308 1640 ἐνταῦθα
1328 1609 1513 1650 προλαὸοῦσαν
1527 1611 1589 1650 ὁρῶ.
1603 1609 1654 1643 Ὣς
1669 1610 1815 1650 πρόὸατον,

1029 1649 1073 1679 ἐπὶ
1085 1649 1189 1689 σφαγὴν
1206 1650 1277 1690 ἤχθη
1289 1652 1303 1679 ὁ
1317 1649 1443 1690 Χριστός·
1463 1649 1556 1679 τούτου
1570 1649 1650 1682 τύπος
1664 1649 1756 1680 Ἰσαὰκ
1766 1651 1803 1683 εἰς

1030 1689 1121 1718 θυσίαν
1142 1690 1277 1728 ἀγόμενος.
1302 1691 1351 1720 Ἐν
1365 1690 1508 1729 ὀφθαλμοῖς
1525 1691 1543 1724 ἡ
1562 1688 1667 1729 σφαγὴ,
1691 1689 1738 1718 καὶ
1754 1690 1803 1719 οὐκ

1030 1730 1132 1758 ἀπειθεῖ
1143 1731 1182 1769 τῷ
1193 1729 1348 1768 γεννήσαντι
1360 1728 1454 1758 Ἰσαάκ
1461 1741 1467 1747 ·
1479 1728 1560 1762 τύπος
1570 1728 1622 1768 γὰρ
1635 1725 1668 1765 ἦν
1676 1729 1701 1758 Χ
1721 1731 1803 1765 mcii,

1029 1768 1081 1801 ξῸς
1093 1769 1226 1804 ὑπήκουσε
1239 1769 1327 1809 Πατρὶ
1339 1769 1372 1808 με’
1392 1780 1418 1808 ρι
1429 1768 1552 1805 θανάτου,
1563 1768 1674 1798 θανάτου
1723 1780 1804 1799 σταυ-

1031 1808 1186 1847 ροῦ.Ἱσαὰκ
1200 1808 1245 1838 καὶ
1256 1809 1347 1838 τέκνον
1377 1820 1390 1836 ν
1404 1809 1431 1837 ἐν
1442 1809 1531 1848 ταύτῷ
1538 1807 1585 1838 καὶ
1597 1807 1804 1847 θῦμα.”ομοίως

1029 1848 1075 1876 καὶ
1097 1849 1111 1876 ὁ
1134 1848 1248 1887 Χριστὸς
1262 1848 1325 1882 Υἱὸς
1338 1850 1427 1883 Θεοῦ,
1452 1848 1497 1877 καὶ
1517 1848 1599 1886 ἀμνὸς
1618 1849 1633 1876 ὁ
1654 1847 1735 1886 αἴρων
1754 1847 1803 1882 τὴν

1030 1887 1163 1926 ἁμαρτίαν
1174 1891 1220 1917 τοῦ
1233 1887 1343 1927 κόσμου.
1362 1888 1403 1918 Οὐ
1417 1886 1537 1927 φείδεται
1549 1890 1595 1916 τοῦ
1616 1886 1710 1916 Ἰσαὰκ
1722 1888 1737 1914 ὁ
1750 1898 1803 1915 πα-

1030 1926 1095 1965 τὴρ,
1108 1927 1166 1955 ἀλλ’
1181 1926 1241 1956 οὐδὲ
1252 1927 1321 1960 Θεὸς
1332 1930 1378 1956 τοῦ
1392 1927 1509 1966 Χριστοῦ
1522 1938 1528 1945 ·
1544 1926 1595 1959 ⁰0<
1609 1926 1680 1964 (sic)
1693 1926 1745 1976 γὰρ
1755 1928 1802 1955 τοῦ

1031 1966 1096 1996 ἰδίου
1117 1966 1182 1995 Υἱοῧ
1202 1968 1250 1996 οὐκ
1271 1966 1393 2007 ἐφείσατο
1403 1988 1411 2003 ,
1435 1966 1495 1995 ἀλλ’
1518 1965 1568 1995 tm}
1599 1967 1676 2004 ἡμῶν
1696 1977 1802 1995 παντων

1030 2004 1183 2045 παρέδωκεν
1196 2006 1284 2035 αὐτόν.
1305 2005 1456 2046 Τριήμερον
1472 2005 1539 2044 μετὰ
1552 2017 1568 2034 τ
1587 2017 1601 2034 ν
1615 2004 1707 2034 θυσίαν
1717 2007 1734 2040 ἡ
1749 2005 1804 2043 μή·

1030 2057 1080 2082 τηρ
1094 2047 1143 2084 ὁρᾷ
1160 2047 1245 2079 ζῶντα
1258 2046 1303 2075 τὸν
1317 2045 1425 2075 Ἰσαάκ·
1439 2045 1581 2084 τρὶήμερον
1595 2045 1640 2074 καὶ
1654 2047 1672 2080 ἡ
1687 2045 1804 2080 Ἐκκλη-

1030 2084 1073 2113 σία
1089 2085 1220 2124 ἄφθαρτον
1233 2087 1282 2125 ὁρᾷ
1297 2085 1341 2115 τὸν
1359 2086 1483 2124 Σωτῆρα.
1504 2084 1557 2114 Καὶ
1576 2086 1660 2113 ταῦτα
1679 2083 1727 2122 μὲν
1741 2084 1803 2123 περὶ

237 2123 266 2151 in
279 2132 333 2160 quo
348 2128 441 2150 natura
452 2127 478 2150 et
489 2119 615 2149 voluntas
631 2127 760 2158 pugnant,
774 2127 916 2150 coronatur
926 2131 976 2150 au·
993 2132 1014 2157 c
1028 2123 1136 2158 τύπων,
1151 2126 1187 2157 ὡς
1197 2125 1224 2154 ἐν
1237 2125 1354 2164 παρόδῳ.
1369 2124 1490 2164 Ἀδραὰμ
1503 2123 1531 2152 δὲ
1545 2123 1689 2163 ἐφέστηκεν
1700 2123 1752 2158 ἤδη
1765 2126 1805 2163 τῷ

236 2168 290 2191 tem
303 2161 408 2190 animus
429 2159 645 2194 nattirae.victor,
666 2165 744 2197 atque
763 2161 824 2199 jure
837 2160 978 2190 Dei‘amor

236 2201 270 2232 de
278 2199 373 2230 *amore
392 2199 444 2228 filii
464 2198 623 2237 triumphat.
638 2199 722 2227 Venit
740 2206 816 2238 pater
829 2209 891 2228 cum
908 2199 976 2234 filio,

236 2240 310 2270 solus
333 2239 457 2271 sacerdos
476 2248 539 2267 cum
564 2237 621 2266 sola
644 2237 741 2266 hostia.
765 2238 864 2267 Omnia
887 2246 976 2269 autem

202 2301 208 2305 -
235 2286 310 2309 erant
319 2279 394 2308 filius
406 2277 487 2318 patri,
502 2276 638 2309 sacrificus
656 2277 814 2314 ministerio,
836 2278 922 2308 hostia
935 2290 977 2308 sa-

85 2493 141 2514 Gen.
154 2500 189 2515 22.
200 2501 221 2523 7.

235 2319 362 2349 cerdotio.

274 2445 302 2473 6,
330 2437 389 2481 Ego
409 2450 473 2471 vero
492 2438 667 2469 adolescentis
687 2438 773 2468 miror
791 2439 973 2479 prudentiam,

234 2492 314 2520 quani
329 2487 481 2511 reverenter
491 2479 561 2519 patri
574 2478 646 2508 dicat
655 2480 773 2514 :Putem
786 2490 852 2511 ecce
859 2481 936 2519 ignis
947 2487 976 2509 et

233 2523 316 2558 ligna
325 2536 335 2557 ;
360 2521 479 2550 ubinam
494 2521 577 2549 ovis?
591 2520 652 2548 Non
673 2517 768 2548 irridet
790 2519 973 2549 immemorem

230 2569 332 2600 patrem
350 2574 355 2590 :
371 2560 471 2591 sciebat
484 2559 562 2599 enimv
574 2558 738 2591 Chananaeos
751 2558 786 2588 ob
800 2558 885 2590 risum
899 2559 971 2590 Cha-

1029 2163 1103 2203 τόπῳ
1115 2165 1163 2205 τῇς
1176 2164 1338 2204 λειτουργίας
1345 2187 1353 2200 ,
1365 2163 1428 2193 εἴσω
1435 2163 1526 2193 λοιπὸν
1534 2166 1580 2193 τοῦ
1590 2165 1689 2202 ἀγῶνος
1695 2163 1805 2202 γενόμε-

1029 2215 1080 2240 νος,
1095 2204 1122 2233 ἐν
1136 2206 1158 2244 ᾧ
1171 2203 1246 2244 φύσις
1253 2204 1301 2242 μὲν
1310 2204 1355 2233 καὶ
1365 2202 1516 2243 προαίρεσις
1527 2203 1710 2242 μάχεται,ο·εε
1729 2205 1805 2231 ανοῦ·

1029 2255 1074 2272 ται
1094 2243 1122 2272 δὲ
1139 2243 1232 2283 γνώμη
1247 2243 1316 2273 κατὰ
1335 2246 1383 2279 τῆς
1396 2242 1516 2282 φύσεως,
1538 2242 1583 2272 καὶ
1597 2242 1705 2295 egfert?
1763 2242 1805 2271 εΐα

1029 2283 1136 2316 δικαίως
1148 2283 1217 2312 κατὰ
1228 2283 1391 2322 φιλοτεκνίας
1403 2283 1436 2312 τὰ
1451 2282 1600 2322 νικητήρια.
1632 2283 1718 2313 Ηλθεν
1728 2283 1743 2310 ὁ
1753 2293 1805 2310 πα-

1029 2322 1079 2362 τὴρ
1095 2323 1162 2361 μετὰ
1175 2326 1221 2353 τοῦ
1235 2323 1326 2352 τέκνου
1337 2344 1346 2358 ,
1369 2323 1446 2362 μόνος
1459 2325 1473 2352 ὁ
1486 2322 1568 2362 ἱερεὺς
1583 2320 1651 2360 μετὰ
1685 2320 1744 2350 όνου
1757 2323 1804 2350 τοῦ

1029 2362 1152 2401 θύματος.
1171 2363 1265 2392 Πάντα
1278 2362 1306 2392 δὲ
1319 2358 1353 2398 ἦν
1362 2366 1376 2392 ὁ
1388 2366 1449 2395 παῖς
1465 2363 1504 2401 τῷ
1518 2361 1600 2400 πατρὶ
1607 2384 1618 2398 ,
1631 2372 1666 2390 κα
1687 2361 1803 2400 λειτουρ-

1029 2402 1072 2441 γὸς
1087 2402 1152 2442 πρὸς
1165 2402 1310 2442 ὑπηρεσίαν
1321 2425 1329 2439 ,
1352 2402 1397 2432 καὶ
1410 2404 1480 2440 θῦμα
1493 2401 1557 2439 πρὸς
1577 2399 1734 2440 ἱερουργίαν.

1070 2441 1141 2480 Ἐγὼ
1163 2442 1190 2471 δὲ
1203 2442 1249 2471 καὶ
1271 2444 1316 2471 τοῦ
1332 2442 1391 2471 νέου
1404 2440 1529 2479 θαυμάζω
1541 2439 1590 2475 τὴν
1604 2439 1717 2474 σύνεσιν,
1731 2438 1803 2472 ὅπως

1029 2481 1170 2519 αἷδεσίμως
1184 2481 1362 2521 προσέρχεται
1374 2484 1413 2520 τῷ
1426 2479 1524 2519 πατρὶ,
1539 2479 1584 2508 καί
1602 2491 1667 2519 φησι
1679 2490 1686 2497 ·
1700 2478 1802 2517 Πάτερ,

1029 2519 1082 2548 ἰδοὺ
1097 2514 1134 2549 ‘rbx
1140 2523 1203 2560 πῦρ,
1223 2521 1268 2551 καὶ
1280 2522 1314 2550 τὰ
1329 2520 1393 2555 ξύλα
1404 2533 1410 2539 ·
1425 2519 1456 2549 τὸ
1468 2518 1600 2559 πρόὸατον
1613 2521 1666 2548 ποῦ
1677 2531 1685 2555 ;
1697 2519 1738 2547 Οὐ
1752 2529 1802 2547 κα·-

1027 2561 1127 2598 ταγελᾷ
1139 2562 1187 2594 τῆς
1201 2561 1284 2596 λήθης
1297 2563 1343 2590 τοῦ
1363 2559 1462 2600 πατρός
1473 2571 1479 2577 ·
1497 2553 1550 2588 εἶδε
1566 2558 1620 2599 γὰρ
1638 2557 1801 2590 Χαναναίους
