1904 2840
67 1258 147 1280 Jacob.
172 1265 180 1280 ι
187 1274 192 1280 .

210 227 282 273 904

807 232 894 256 OPUS
920 230 1158 255 IMPERFECTUM

210 296 357 327 offenditur
372 308 378 324 :
394 294 494 324 animal
511 304 577 323 vero
589 292 693 324 invidia
705 293 876 324 vulneratum
895 303 949 323 non
969 296 990 319 A
1008 293 1090 330 caelo,
1106 302 1147 322 an
1168 302 1206 322 etc
1228 292 1415 322 hominibus?
1428 292 1522 323 Sciens
1546 293 1679 323 Dominus
1707 293 1751 322 in-

211 337 299 366 solum
310 346 389 364 causa
400 334 504 371 idonea,
516 333 562 362 sed
573 335 653 362 etiam
663 333 733 362 levis
742 334 845 363 occasio
853 334 951 363 excitat

213 377 240 405 in
255 376 386 405 dolorem.
401 374 446 403 Sic
456 381 481 403 ct
494 373 643 403 sacerdotes
654 373 813 403 Judaeorum
825 373 950 404 inviden-

212 423 251 445 tes
261 415 380 450 Christo,
387 414 454 443 dum
459 414 545 453 justas
555 423 647 443 causas
659 413 800 442 accusandi
811 416 863 442 non
874 413 952 443 inve-

213 456 292 484 niunt
305 454 375 483 circa
389 464 466 490 eum,
481 453 561 482 etiam
577 453 612 482 de
624 453 696 482 bono
718 453 776 493 ejus
796 453 951 488 turbantur,

214 495 330 524 dicentes
346 505 352 522 τ
368 495 406 522 In
427 503 488 533 qua
506 499 648 532 potestate
657 491 740 532 facis
753 493 835 522 hoec?
849 492 956 532 Cogita-

215 535 279 564 bant
292 534 319 562 in
343 533 437 562 dolore
462 532 536 572 apud
560 543 588 562 se
604 545 611 561 :
627 533 682 561 Nos
704 532 806 561 fuimus
823 532 955 561 columuae

215 573 320 613 templi,
331 580 358 602 et
368 583 428 602 ecce
439 583 520 612 super
530 572 609 601 illum
617 572 751 601 recumbit
760 578 814 601 tota
824 570 955 606 Ecclesia,

217 621 242 642 et
255 623 303 642 nos
317 612 419 642 inventi
429 623 523 641 sumus
533 612 591 641 sine
604 621 683 641 causa
695 612 785 648 erecti,
799 611 864 650 quia
875 611 956 640 mini-

217 653 327 682 sterium
341 651 524 692 perdidimus,
535 658 562 681 et
575 661 671 680 nomen
693 661 810 681 vacuum
833 650 955 691 posside-

217 703 288 721 mus.
304 693 360 722 Nos
374 692 477 720 fuimus
489 691 638 721 tacentium
660 691 860 731 Scripturarum
879 690 957 729 quasi

218 732 310 772 lingua
324 731 451 765 visibilis,
463 737 489 760 et
499 741 559 760 ecce
571 731 619 760 ille
629 737 733 760 resonat
747 731 774 759 in
788 730 878 760 medio
891 737 958 759 tem—

218 772 269 812 pli,
282 778 309 800 et
317 782 366 801 nos
379 771 504 800 contemti
521 771 654 800 tacuimus
693 770 749 799 uasi
762 770 865 799 eithara
877 769 959 799 dissi-

218 818 290 851 pata.
305 812 362 841 Nos
383 811 485 840 fuimus
497 817 586 850 patres
606 820 680 850 popu
695 810 719 846 i,
733 817 759 839 et
773 810 819 839 ille
837 809 959 849 quotidie

219 858 326 890 generat
339 850 421 887 filios,
434 860 484 879 nos
496 856 585 879 autem
604 848 708 879 steriles
728 860 822 878 sumus
844 849 955 879 inventi.

219 890 283 921 Ideo
293 901 345 921 non
357 890 468 919 ferentes
477 889 602 919 dicebant
614 901 622 918 ε
636 891 653 918 Ι
654 899 673 916 η
682 898 742 928 qua
751 896 894 927 potestate
898 888 959 929 fa-

219 933 261 960 cis
272 932 354 959 haec?
368 929 498 964 Dicendo,
511 930 583 967 Quis
595 930 646 958 tibi
658 929 739 957 dedit
748 929 826 958 hanc
833 934 959 968 potesta-

219 972 300 1001 tem?
309 969 454 999 ostendunt
468 969 510 998 illi
525 968 655 1007 quasdam
668 978 724 997 esse
742 979 867 1007 personas
876 991 884 1005 ,
899 978 959 1007 quae

218 1010 284 1039 dant
298 1009 454 1039 hominibus
468 1015 633 1049 potestatem,
641 1008 698 1037 sive
715 1008 960 1047 corporalem‚sive

219 1049 396 1089 spiritualem.
403 1049 554 1087 Tamquam
564 1047 586 1077 si
597 1048 633 1076 ita
643 1047 746 1076 dicant:
755 1049 794 1077 De
802 1047 960 1089 sacerdotali

219 1089 321 1118 familia
329 1089 434 1128 genitus
446 1098 498 1117 non
509 1098 547 1124 es,
555 1094 660 1117 senatus
668 1087 719 1116 tibi
729 1087 779 1116 hoc
789 1098 842 1116 non
851 1098 959 1117 conces-

220 1129 265 1165 sit,
274 1130 362 1158 Caesar
368 1138 421 1157 non
431 1127 552 1157 donavit.
563 1127 593 1157 Si
602 1134 690 1156 autem
700 1126 962 1166 credidissent‚quod

219 1168 305 1197 omnis
314 1174 428 1207 potestas
437 1178 472 1196 ex
478 1169 535 1196 Deo
543 1173 739 1205 est‚numquam
748 1169 961 1207 interrogassent,

222 1207 293 1246 Quis
307 1209 360 1237 tihi
376 1208 455 1236 dedit
477 1208 555 1235 hanc
565 1209 759 1246 potestatem?
773 1207 884 1236 scientes
897 1208 960 1246 quia

221 1248 313 1276 Omne
325 1247 427 1276 datum
437 1246 597 1286 perfectum
609 1246 759 1275 desursum
772 1253 825 1281 est,
841 1247 959 1276 descen-

218 1287 290 1316 dens
305 1297 325 1315 a
341 1287 433 1315 Patre
455 1286 611 1321 luminum,·
624 1292 660 1321 et,
674 1287 739 1324 quia
753 1287 845 1315 Nemo
865 1293 959 1326 potest

65 1331 206 1360 Joan.3.27.
218 1327 347 1364 accipere
360 1325 485 1364 aliquid,
499 1326 556 1353 nisi
575 1325 676 1353 datum
680 1325 777 1369 fuerit
791 1327 818 1354 ei
827 1326 864 1354 de
873 1327 956 1356 eoelo.

217 1365 314 1394 Omnis
332 1365 413 1394 homo
433 1363 580 1393 secundum
593 1374 620 1393 se
634 1370 746 1392 aestimat
766 1364 896 1403 alterum;
909 1376 957 1395 nec

216 1411 303 1444 potest
314 1404 371 1444 ipse
383 1403 480 1433 melius
497 1403 595 1432 sentire
607 1402 642 1432 de
653 1403 717 1439 alio,
731 1414 813 1442 quam
826 1404 885 1443 ipse
897 1415 957 1434 sen-

215 1444 279 1473 serit
288 1443 322 1473 de
336 1455 374 1473 se.
390 1444 460 1473 Ecce
470 1443 630 1472 fornicarius
644 1443 777 1472 neminem
789 1444 901 1474 aestimat
912 1455 957 1474 ca-

215 1490 295 1513 stum.
305 1485 372 1513 Item
383 1490 471 1512 castus
480 1493 533 1512 non
547 1483 626 1512 facile
638 1482 672 1511 de
680 1482 824 1512 fornicario
836 1484 955 1524 suspica-

214 1530 269 1552 tur.
285 1523 424 1563 Superbus
437 1523 569 1552 neminem
587 1529 664 1562 putat
678 1522 827 1557 humilem;
842 1523 955 1554 humilis

214 1564 347 1592 neminem
368 1562 453 1592 credit
471 1572 527 1591 esse
551 1562 707 1601 superbum.
721 1562 766 1592 Sic
779 1562 825 1601 qui
849 1573 902 1592 non
916 1571 955 1593 est

214 1613 249 1632 ex
273 1603 331 1632 Deo
353 1601 475 1632 sacerdos
484 1624 492 1638 ‚
506 1601 609 1630 nullius
630 1601 809 1631 sacerdotium
831 1609 907 1642 putat
919 1614 954 1633 ex

214 1644 282 1671 Deo.
294 1641 374 1672 Unde
385 1648 473 1671 autem
485 1647 562 1681 putas
575 1640 644 1677 fieri,
656 1648 686 1670 ut
698 1641 813 1671 invicem
826 1652 855 1671 se
866 1653 953 1673 saeer-

214 1682 289 1711 dotes
310 1688 478 1711 contemnant
497 1687 524 1710 et
538 1687 748 1749 spersequantur,
764 1682 815 1710 nisi
830 1682 893 1720 quia
907 1694 955 1723 per

214 1721 388 1751 ambitionem
395 1721 455 1750 facti
465 1731 538 1750 sacer
558 1727 624 1756 otes,
633 1731 724 1750 omnes
733 1721 798 1750 tales
807 1722 952 1761 aestimant,

214 1761 306 1799 quales
320 1767 382 1790 sunt
395 1767 421 1790 et
434 1760 508 1800 ipsi?
522 1759 650 1790 Sacerdos
664 1767 767 1797 antem,
781 1762 828 1800 qui
850 1769 889 1791 est
910 1774 953 1792 se-

214 1799 334 1830 eundum
345 1802 443 1836 Deum,
456 1810 562 1828 omnem
573 1799 737 1829 sacerdotem
747 1800 823 1830 timet
833 1801 954 1832 offende-

215 1851 254 1876 re,
270 1840 333 1879 quia
355 1850 446 1869 omnes
463 1850 497 1868 ex
511 1840 567 1868 Deo
586 1839 645 1868 fieri
659 1839 815 1873 arbitratur.
830 1843 955 1879 quamvis

212 1890 248 1908 ex
257 1879 412 1909 hominibus
422 1879 457 1908 sit
465 1879 559 1907 faetus.
571 1879 640 1908 Ecce
652 1879 723 1907 enim
732 1879 821 1909 David
829 1882 955 1919 quamvis

215 1920 384 1948 manifestum
398 1919 476 1947 sciret
489 1918 555 1948 Saiil
568 1928 621 1946 non
636 1928 692 1947 esse
706 1929 794 1957 regem
807 1920 955 1951 secundum

217 1959 314 1995 Deum,
330 1965 416 1987 tamen
427 1958 576 1995 frequenter
586 1957 639 1986 sibi
649 1957 778 1987 traditum
792 1960 898 1989 nolebat
911 1972 955 1990 oc-

69 2011 89 2027 ι.
100 2005 158 2035 [teg.
168 2008 205 2036 24.
216 1997 319 2034 cidere,
332 1997 422 2027 dicens
436 2010 442 2025 :
457 1998 527 2029 Non
539 1998 667 2036 injiciam
681 2007 798 2026 manum
814 2010 909 2029 meam
922 2003 954 2030 in

217 2044 336 2066 unctum
350 2038 478 2066 Domini.
492 2037 559 2066 Item
572 2046 635 2065 cum
657 2037 756 2066 Paulus
771 2039 955 2069 maledixisset

216 2075 377 2106 sacerdotem
401 2076 547 2111 Ananiam,
560 2083 585 2104 et
606 2075 723 2105 audisset
744 2079 873 2115 quoniam
899 2087 954 2109 erat

66 2115 354 2151 Ac1,23,5,sacerdos,
367 2115 519 2154 poenitentia
538 2115 635 2144 ductus
657 2116 794 2155 respondit
812 2130 818 2146 z
834 2120 953 2148 Nescie-

217 2156 426 2196 bam,sralres‚
440 2157 510 2194 quia
522 2156 656 2193 princeps
677 2162 738 2184 erat
756 2159 950 2188 sacerdotum.

215 2196 271 2224 Aut
283 2201 352 2224 certe
365 2194 476 2224 scientes
490 2193 649 2229 sacerdoteS,
661 2195 786 2232 quoniam
800 2198 879 2227 multi
912 2198 954 2227 ui-

214 2234 276 2263 dem
300 2234 401 2263 faciunt
422 2233 508 2272 signa,
525 2243 577 2262 non
595 2244 629 2262 ex
648 2241 773 2272 potestate
787 2237 847 2273 Dei,
860 2209 909 2266 sed
919 2249 953 2268 ex

212 2280 340 2313 potestate
361 2273 508 2309 contraria,
522 2273 590 2302 sicut
612 2273 638 2301 in
660 2274 753 2303 multis
779 2277 952 2315 exposuimus

212 2314 289 2350 locis,
301 2313 361 2342 ideo
385 2313 599 2352 blasphemantes
615 2312 823 2352 interrogabant,
838 2318 875 2344 In
892 2328 951 2356 qua

210 2359 353 2391 potestate
356 2354 442 2393 sacis
454 2353 537 2381 hoec?
551 2353 578 2380 in
600 2362 612 2380 s
633 2351 697 2380 iritu
724 2354 784 2390 Dei,
799 2365 832 2383 an
847 2355 873 2384 in
894 2357 950 2395 spi-

210 2393 265 2423 ritu
287 2393 458 2423 Beelzebub?
480 2391 557 2422 Sicut
579 2391 614 2420 ali
637 2391 646 2420 i
671 2391 883 2432 blasphemantes
907 2396 949 2424 di-

59 2438 145 2462 Mauh.
163 2447 199 2463 η.
210 2433 303 2462 cebant
313 2432 348 2461 de
358 2442 400 2468 eo,
416 2433 492 2471 Quia
505 2432 553 2460 Ιιίε
567 2441 627 2459 non
639 2432 715 2470 ejicit
727 2433 883 2470 doemonia,
894 2438 950 2464 nisi

208 2474 240 2500 in
261 2472 424 2501 Beelzebub
440 2472 572 2510 principe
591 2471 810 2501 daemoniomm.
826 2473 874 2502 24.
890 2475 947 2503 Re*-

206 2512 350 2550 spondens
371 2518 471 2540 autem
495 2512 600 2546 Jesus,
626 2511 703 2539 dixit
725 2524 734 2540 .·
757 2514 947 2552 Interrogabo

204 2561 257 2580 vos
282 2561 373 2580 unum
397 2551 535 2586 verbum,
555 2551 636 2589 quod
658 2552 684 2579 si
707 2552 838 2580 dixeritis
862 2553 944 2590 milii,

203 2597 231 2620 et
252 2601 304 2630 ego
326 2590 411 2620 vohis
425 2592 489 2619 dico
510 2593 542 2618 in
564 2601 623 2630 qua
643 2597 785 2629 potestate
808 2592 870 2620 hoec
884 2593 944 2631 fa-

202 2632 257 2661 cio.
283 2630 333 2660 25.
363 2632 514 2669 Baptisma
540 2631 667 2659 loannis
694 2631 772 2660 unde
799 2634 885 2661 erat?
906 2632 943 2662 de

1008 332 1212 362 convertibilem
1222 342 1314 361 eorum
1328 332 1468 368 malitiam,
1479 332 1620 372 proposuit
1630 333 1669 362 eis
1678 343 1752 372 quae-

1009 372 1121 401 stionem
1141 372 1260 410 undique
1279 379 1438 408 catenatam,
1451 381 1505 400 non
1517 378 1548 401 ut
1562 372 1752 412 respondentes

1010 411 1135 448 audiant,
1150 411 1199 440 sed
1216 417 1246 440 ut
1264 411 1302 440 im
1357 411 1388 440 iti
1411 421 1466 441 non
1488 411 1671 451 interrogent:
1685 412 1752 452 quia

1011 457 1171 491 praeceperat
1186 463 1192 480 :
1208 451 1310 481 Nolite
1330 457 1466 480 sanctum
1487 452 1558 481 dare
1574 453 1712 488 canibus,·
1727 459 1754 482 et
1763 457 1902 488 ΜαιιΙι.7.6.

1011 501 1064 519 non
1074 490 1195 527 decebat,
1210 497 1239 519 ut
1252 489 1480 530 transgrederetur
1492 498 1665 531 praeceptum,
1680 491 1755 530 quod

1012 530 1070 570 ipse
1093 531 1249 570 praeposuit.
1267 530 1373 559 Deinde
1394 530 1474 560 etiam
1498 530 1522 559 si
1545 529 1668 567 dixisset,
1684 531 1755 560 nihil

1012 570 1165 609 profecisset
1179 582 1186 598 :
1200 570 1264 608 quia
1274 579 1327 600 non
1339 577 1425 610 potest
1434 570 1531 599 sentire
1540 580 1600 609 quae
1612 570 1680 600 lucis
1691 578 1755 601 sunt

1013 610 1150 638 tenebrosa
1161 610 1296 639 voluntas.
1306 609 1381 646 Quid
1412 609 1513 646 rodest,
1523 610 1547 639 si
1556 620 1625 639 caeco
1634 610 1755 649 aliquam

1033 648 1243 679 ulchritudinem
1253 656 1384 679 monstras
1391 673 1397 679 .
1410 650 1521 680 Caecitas
1527 656 1615 679 autem
1622 650 1753 690 spiritua-

1013 659 1049 718 lis
1059 695 1098 718 est
1110 689 1213 718 malitia
1226 689 1325 718 cordis.
1336 689 1413 719 Sicut
1422 689 1495 719 enim
1506 699 1591 719 caecus
1603 699 1657 718 non
1667 696 1754 729 potest

1013 729 1132 768 aspicere
1151 729 1179 758 in
1200 729 1371 769 splendorem
1393 729 1517 766 luminis,
1531 729 1571 758 sic
1593 739 1646 758 non
1669 736 1756 769 potest

1013 768 1162 808 intelligere
1179 768 1259 798 homo
1270 769 1404 807 malignus
1414 769 1541 809 mysteria
1551 768 1666 809 pietatis.
1678 769 1755 799 Sicut

1013 808 1086 837 enim
1104 815 1198 837 cautus
1209 815 1330 845 venator,
1344 809 1457 838 bestiam
1470 808 1694 848 comprehendere
1706 819 1756 839 vo-

1013 847 1082 883 lens,
1097 858 1160 877 cum
1180 848 1281 878 viderit
1293 859 1328 877 ex
1345 859 1398 877 una
1411 855 1487 888 parte
1501 848 1577 878 illius
1591 849 1755 888 praecipitem

1014 887 1116 924 locum,
1125 898 1160 917 ex
1171 888 1255 917 altera
1268 895 1344 928 parte
1357 888 1437 933 erigit
1448 888 1526 925 retia,
1540 895 1569 917 ut
1578 899 1612 917 ex
1623 899 1755 927 quacum-

1014 937 1067 965 que
1080 934 1155 966 parte
1175 927 1319 964 exsilierit,
1335 934 1380 957 aut
1404 938 1432 956 ιιι
1456 928 1521 956 retia
1541 927 1654 964 incidat,
1668 928 1757 957 autin

1014 967 1194 1011 praecipitium
1214 966 1292 996 cadat
1306 979 1313 996 ι
1329 967 1369 997 sic
1381 974 1408 996 et
1418 968 1551 996 Dominus
1563 967 1620 996 illis
1638 968 1757 1008 simplici

1014 1007 1221 1050 interrogatione
1246 1007 1373 1045 laqueum
1390 1006 1489 1046 posuit,
1503 1014 1532 1036 ut
1545 1007 1567 1036 si
1591 1007 1700 1046 quidem
1721 1007 1757 1037 de

1014 1046 1079 1075 caelo
1096 1046 1225 1082 dicerent,
1241 1046 1269 1075 in
1291 1046 1416 1085 laqueum
1428 1046 1641 1086 reprehensionis
1654 1046 1757 1076 incide-

1014 1093 1074 1115 rent
1090 1098 1096 1114 :
1114 1085 1217 1115 diceret
1239 1087 1311 1115 enim
1333 1086 1370 1115 eis
1386 1097 1393 1114 ε
1409 1087 1459 1115 26.
1487 1087 1584 1125 Quare
1605 1097 1672 1126 ergo
1696 1097 1757 1116 non

1015 1126 1133 1155 creditis
1156 1128 1220 1155 eis?
1234 1126 1257 1155 si
1284 1133 1374 1155 autem
1395 1125 1430 1154 de
1449 1132 1520 1155 terra
1537 1125 1667 1162 dicerent,
1679 1126 1757 1166 quasi

1013 1164 1042 1194 in
1067 1166 1247 1206 praecipitium
1258 1188 1266 1202 ,
1289 1165 1328 1195 sic
1354 1165 1382 1194 in
1408 1166 1561 1205 periculum
1590 1165 1684 1196 mortis
1709 1166 1759 1195 in-

1013 1212 1150 1234 currerent
1176 1204 1250 1246 apud
1277 1205 1427 1246 populum,
1443 1212 1473 1234 ut
1499 1205 1694 1245 lapidarentur.
1708 1206 1758 1235 In-

1011 1251 1189 1285 terrogantem
1203 1247 1274 1275 enim
1299 1251 1404 1285 oportet
1429 1244 1535 1282 docere,
1550 1252 1693 1275 tentantem
1708 1256 1757 1275 au-

1013 1291 1065 1313 tem
1083 1295 1254 1324 quocumque
1279 1285 1360 1314 modo
1378 1285 1538 1322 retundere,
1553 1293 1579 1315 et
1602 1285 1759 1325 objectionis
1767 1293 1832 1311 cuv

1010 1324 1087 1354 illius
1115 1325 1240 1354 astutiam
1264 1325 1418 1355 rationabili
1444 1325 1615 1364 percussione
1645 1325 1758 1355 consun-

1011 1363 1085 1400 dere,
1097 1371 1122 1393 et
1136 1374 1188 1393 non
1214 1365 1351 1394 veritatem
1374 1364 1432 1393 e'us
1458 1365 1580 1404 mysterii
1604 1364 1755 1404 publicare.

1011 1404 1056 1432 Sic
1069 1404 1140 1432 enim
1152 1404 1218 1432 alibi
1233 1404 1365 1433 Dominus
1379 1375 1488 1433 diabolo
1501 1405 1574 1441 fecit,
1587 1415 1649 1433 cum
1663 1412 1757 1444 protu-

1010 1442 1084 1472 lisset
1099 1443 1229 1472 adversus
1245 1453 1308 1472 eum
1326 1443 1481 1483 exemplum
1502 1444 1659 1484 Scriptum,
1674 1455 1757 1482 quam

1010 1492 1063 1511 non
1087 1483 1269 1518 intellexerat,
1289 1482 1381 1512 dicens
1395 1495 1401 1511 :
1417 1483 1560 1522 Scriptum
1584 1490 1628 1512 est
1650 1486 1729 1513 enim
1745 1495 1753 1511 .·
1766 1486 1904 1516 Maul1.4.5⁴

1010 1522 1136 1562 Angelis
1156 1524 1216 1552 suis
1234 1523 1387 1551 mandavit
1405 1524 1442 1550 de
1459 1529 1504 1559 te,
1519 1529 1546 1551 et
1566 1525 1599 1551 in
1620 1518 1826 1571 manibusssssl

1010 1562 1115 1591 tollent
1137 1568 1176 1598 te,
1191 1573 1227 1591 ne
1239 1562 1324 1602 sorte
1344 1562 1483 1600 offendas
1508 1563 1548 1591 ad
1569 1563 1756 1608 lapidem-pe-
1769 1558 1814 1604 ,fa
1828 1566 1834 1572 '
1851 1555 1893 1579 9⁰*

1010 1602 1077 1631 dem
1103 1608 1194 1631 tuum.
1217 1603 1278 1631 Non
1299 1601 1324 1631 ei
1343 1596 1430 1637 dixit,
1449 1602 1509 1631 Non
1532 1602 1570 1631 sic
1595 1602 1757 1642 mtelligitur

1009 1641 1143 1681 scriptura
1156 1642 1215 1679 illa,
1227 1641 1273 1671 sed
1288 1641 1326 1671 sic
1339 1641 1444 1670 dimisit
1457 1651 1520 1670 eum
1540 1642 1568 1671 in
1582 1642 1731 1682 ignorantia
1747 1655 1756 1672 e

1010 1688 1036 1710 et
1055 1682 1138 1710 altero
1158 1692 1219 1711 eum
1233 1681 1408 1711 manifestiori
1429 1680 1552 1710 confudit
1571 1682 1710 1722 exemplo,
1727 1690 1758 1713 ut

1009 1727 1036 1751 et
1048 1721 1187 1751 audaciam
1200 1723 1259 1762 ejus
1279 1721 1463 1758 confunderet,
1476 1727 1501 1750 et
1519 1732 1568 1761 pro
1587 1721 1674 1752 betica
1693 1733 1758 1763 my-

1010 1763 1089 1791 steria
1101 1772 1152 1791 non
1170 1761 1309 1791 revelaret.
1323 1763 1373 1791 97.
1388 1762 1430 1790 Et
1449 1771 1531 1800 respo
1574 1769 1655 1791 entes
1675 1762 1757 1792 dixe·

1011 1808 1078 1830 runt
1087 1802 1159 1831 Jesu
1171 1814 1180 1830 .·
1193 1803 1356 1831 Nescimus.
1370 1803 1410 1831 Et
1423 1803 1483 1841 ipse
1494 1803 1538 1831 ait
1551 1803 1591 1831 eis
1602 1812 1613 1830 .-
1627 1803 1691 1831 Nec
1701 1812 1754 1843 ego

1010 1843 1098 1870 ‘vobis
1118 1843 1184 1870 dico
1204 1845 1237 1871 in
1257 1852 1317 1881 qua
1337 1846 1480 1881 potestate
1502 1842 1565 1870 hoec
1585 1842 1678 1879 facio.
1693 1843 1754 1872 Non

1010 1880 1095 1916 dixit,
1109 1882 1164 1911 Nec
1176 1892 1225 1921 ego
1244 1881 1309 1911 scio.
1327 1883 1353 1911 Ο
1367 1892 1415 1911 vos
1429 1881 1518 1915 scitis,
1533 1888 1564 1910 ut
1577 1876 1714 1919 homines,
1728 1889 1755 1912 et

1010 1920 1155 1960 denegatis,
1165 1928 1194 1950 ut
1203 1921 1268 1951 mali
1278 1933 1286 1950 ε
1297 1932 1311 1950 e
1329 1932 1345 1950 o
1355 1928 1446 1950 autem
1458 1921 1513 1950 scio
1525 1927 1555 1950 ut
1567 1923 1652 1958 Deus,
1664 1929 1689 1951 et
1701 1932 1754 1951 non

1010 1960 1071 1990 dico
1085 1961 1161 1999 quasi
1173 1963 1262 2002 justus
1276 1932 1405 2000 indignis.
1420 1962 1489 1990 Nam
1503 1960 1652 1997 mendacia,
1665 1961 1688 1990 si
1700 1972 1754 1991 non

1010 2001 1108 2029 hahent
1123 2011 1203 2039 quem
1216 2001 1362 2040 decipiant,
1378 2001 1435 2040 ipsa
1449 2001 1502 2030 sibi
1517 2001 1691 2032 mentiuntur.
1709 2001 1755 2032 Sic

1009 2047 1035 2069 et
1048 2041 1158 2076 veritas,
1171 2041 1194 2069 si
1206 2051 1259 2070 non
1273 2040 1375 2070 invenit
1389 2051 1468 2079 quem
1482 2040 1578 2076 salvet,
1592 2041 1650 2080 ipsa
1661 2051 1689 2070 se
1702 2041 1755 2070 sihi

972 2089 992 2112 1)
1009 2086 1148 2108 conservat
1160 2080 1369 2109 immaculatam.
1385 2081 1534 2124 28·.Qf¹id
1552 2086 1651 2109 autem
1669 2082 1755 2110 vobis

1010 2120 1150 2148 videtur?
1164 2120 1240 2156 Quos
1259 2129 1318 2148 reos
1338 2126 1464 2158 proponit
1481 2129 1510 2147 ιιι
1530 2129 1608 2148 causa
1619 2142 1627 2154 ,
1639 2120 1712 2159 ipsos
1728 2127 1755 2150 et

1006 2158 1113 2199 judices
1129 2159 1212 2198 petit,
1225 2165 1256 2188 ut
1273 2169 1289 2187 a
1306 2159 1383 2188 nullo
1405 2165 1558 2187 mereantur
1571 2158 1693 2196 absolvi,
1706 2160 1755 2198 qui

1009 2198 1110 2238 seipsos
1127 2198 1315 2227 condemnant.
1336 2200 1436 2238 Magna
1456 2205 1495 2227 est
1512 2197 1612 2227 fiducia
1635 2199 1751 2236 'ustitiae‚

1009 2238 1056 2267 ubi
1068 2248 1145 2267 causa
1160 2237 1313 2267 adversario
1324 2238 1377 2278 ipsi
1390 2238 1577 2272 committitur,
1592 2249 1606 2266 r
1640 2238 1669 2268 di
1680 2239 1752 2269 veri-

1007 2278 1069 2307 tatis
1082 2279 1185 2307 exitum
1196 2287 1248 2307 non
1261 2278 1345 2307 timet.
1361 2278 1392 2307 In
1405 2277 1540 2317 parabolis
1551 2277 1649 2316 figurat
1661 2289 1753 2318 perso-

1007 2328 1054 2346 nas
1067 2328 1171 2353 eorum,
1186 2324 1216 2346 ut
1228 2317 1291 2356 quia
1306 2327 1358 2346 non
1376 2317 1540 2356 intelligunt,
1558 2317 1611 2357 ipsi
1623 2317 1753 2348 adversus

1006 2368 1034 2386 se
1045 2357 1201 2386 sententiam
1214 2356 1315 2386 dicant.
1331 2357 1376 2387 Sic
1389 2364 1415 2386 et
1430 2357 1575 2395 aliquando
1587 2367 1649 2386 cum
1662 2357 1753 2387 David

1006 2396 1033 2425 in
1044 2404 1181 2436 peccatum
1200 2396 1347 2433 incidisset,
1358 2397 1436 2435 quasi
1452 2403 1561 2436 stupore
1578 2396 1694 2436 alicujus
1707 2407 1752 2426 so-

1005 2436 1070 2465 mnii
1083 2436 1226 2474 vigilabat:
1235 2447 1297 2465 nam
1304 2437 1428 2475 quamvis
1438 2443 1691 2475 peccaverat‚tamen
1705 2436 1752 2466 ad-

1003 2475 1057 2505 hue
1069 2476 1158 2505 David
1171 2483 1228 2505 erat
1241 2476 1433 2505 sanctissimus.
1450 2476 1567 2514 Itaquea
1581 2475 1687 2505 Nathan
1699 2487 1750 2515 pa·
1761 2485 1784 2501 2·
1794 2478 1854 2506 1³23·
1865 2476 1904 2500 ¹2-'

1002 2515 1157 2544 rabolarum
1178 2516 1280 2545 retibus
1298 2516 1523 2556 comprehensus,
1537 2515 1624 2553 coegit
1643 2522 1673 2544 ut
1691 2515 1750 2555 ipse

1001 2554 1130 2584 adversus
1141 2566 1169 2584 se
1179 2555 1316 2594 judicium
1326 2555 1420 2584 mortis
1433 2555 1570 2594 proferret.
1586 2555 1622 2584 Et
1631 2555 1749 2584 circum-

1002 2595 1091 2623 ventio
1104 2594 1214 2632 quidem
1226 2602 1289 2624 tunc
1304 2595 1375 2629 talis,
1387 2595 1433 2623 sed
1445 2594 1679 2623 circumventionis
1691 2595 1750 2624 exi-

1000 2639 1042 2662 tus
1063 2633 1142 2663 modo
1164 2644 1216 2663 nou
1231 2635 1312 2664 ialisa
1329 2635 1376 2663 ille
1394 2634 1465 2663 enim
1487 2634 1694 2674 comprehensus
1714 2634 1747 2663 ad
