1890 2826
705 190 737 212 {N
765 188 893 219 lsMAM,

106 256 192 292 πόνον,
206 255 251 285 καὶ
263 258 338 284 πᾶσα
352 253 447 293 καρδία
464 254 501 286 εἷς
521 251 617 288 λύπην.
631 251 694 281 Ἀπὸ
718 251 805 280 ποδῶν
826 249 874 282 ἕως

104 301 220 340 κεφαλῆς
227 301 274 330 οὐκ
281 299 352 329 ἔστιν
360 300 388 328 ἐν
397 299 470 339 αὐτῷ
482 297 625 338 ὁλοκληρία
633 309 640 316 ·
650 298 680 327 οὗ
690 297 751 336 περὶ
763 295 818 329 ἑνὸς
830 297 876 324 ἄν·

104 346 208 386 θρώπου
220 345 314 384 λήιον,
327 346 385 375 ἀλλ’
400 344 544 384 ὁλόκληρον
555 343 604 380 τὴν
617 343 708 384 χώραν
723 342 760 372 ἑνὶ
771 341 875 380 σώματι

103 392 294 432 παραὸἄλλων.
310 393 398 422 Τοῦτο
419 390 452 427 δὴ
474 390 519 420 καὶ
533 390 646 420 ἐνταῦθα’
668 401 757 429 φησιν,
771 388 812 417 ὅτι
830 388 876 417 καὶ

103 438 225 478 χαλεπὴν
239 437 419 473 ὑποστήσεται
432 436 563 477 τιμωρίαν
579 441 654 466 πᾶσα
674 438 692 471 ἡ
711 437 756 475 γῆ.
779 434 833 464 Καὶ
846 434 877 463 τὸ

104 484 153 522 μὲν
174 483 219 513 διὰ
238 486 284 513 τοῦ
308 482 396 522 ξυροῦ,
414 483 446 512 τὸ
470 481 498 512 δὲ
520 481 564 511 διὰ
576 483 625 517 τ’ἠς
642 481 764 520 σώματος
778 479 876 513 εἰκόνος

105 528 226 569 ἐνέφηνε,
246 529 333 565 δηλῶν
346 528 387 558 ὅτι
410 528 486 569 ξυροῦ
507 527 605 561 παντὸς
626 526 812 567 χαλεπώτερον
832 524 878 554 καὶ

91 560 165 608 θεοὺς
178 574 330 615 ἀνθριίητους
342 573 433 603 καὶτὰ
445 573 498 604 ἀπὸ
509 575 557 609 τ’ἥς
570 575 619 613 γῆς
632 572 763 602 ἀναλώσει
775 574 792 607 ἠ
804 569 878 611 παρὰ
893 573 912 596 Β

104 624 151 650 τοῦ
164 621 235 651 Θεοῦ
247 619 378 660 φερομένη
389 621 484 660 ᾔφος,
494 619 540 649 καὶ
549 619 651 659 γυμνὴν
666 618 747 655 αὐτὴν
758 618 803 648 καὶ
814 618 878 658 ἔρη-

106 678 155 705 μον
168 665 333 706 καταλείψει.
347 661 416 696 Εἶτα
429 665 478 702 τὴν
492 664 605 705 ἐρημίαν
619 665 719 700 ταύτην
738 665 771 694 δι’
788 664 878 704 ἑτέρας

106 713 203 746 εἰκόνος
221 712 390 742 ἐνδείκνυται.
405 713 482 742 Ποιεῖ
495 712 522 741 δὲ
542 710 622 747 αὗτὸ,
634 710 703 740 ὥστε
715 710 758 740 διὰ
771 710 878 740 πάντων

107 759 260 798 ἀκμάζοντα
274 758 362 798 μένειν
384 758 428 788 τὸν
449 757 540 798 φόὸον,
556 757 602 787 καὶ
620 758 658 796 μὴ
681 755 879 796 καταμαραίνε-

107 807 168 834 σθαι
180 807 218 844 τῷ
233 804 315 843 μήκει
328 806 374 834 τοῦ
390 803 469 844 λόγου
483 803 532 840 τὴν
543 803 668 843 ἀγωνίαν.
682 802 736 832 Καὶ
749 803 820 832 δοκεῖ
833 803 880 841 μὲν

109 854 163 883 τοῖς
181 852 210 880 οὗ
222 849 384 891 προσέχωσι
394 851 519 890 χρηστῶν
532 860 610 878 τινων
621 848 800 888 ’ἐπαγγελίαν
815 843 881 877 εἶναι

106 897 137 927 τὸ
157 897 296 937 λεγόμενον
307 908 313 915 ·
328 898 354 926 οἱ
375 896 402 926 δὲ
421 895 538 936 ἀκριὸῶς
556 895 719 930 ἐξετάζοντες
739 895 827 924 ἴσασιν
840 895 881 924 ὅτι

106 942 296 982 ἐπιτεταμένης
311 941 425 982 ἐρημίας
439 941 510 971 ἐστὶν
524 941 665 975 ἀπόδειξις.
680 941 716 971 Τί
731 941 782 981 γάρ
797 953 880 981 φησι;

113 988 167 1019 Καὶ
187 988 262 1018 ἔσται
275 989 303 1018 ἐν
316 990 350 1028 τῇ
363 987 451 1028 ἡμέρᾳ
466 987 564 1027 ἐκείνῃ,
580 987 670 1028 θρέψει
683 987 818 1027 ἄνθρωπος
832 987 881 1016 δοί-

111 1036 191 1073 μαλιν
210 1036 289 1074 βοῶν,
301 1034 347 1064 καὶ
366 1033 413 1063 δύο
426 1033 557 1074 πρόὸατα.
574 1033 630 1063 Καὶ
651 1032 744 1069 ἔσται,
767 1032 820 1062 ἀπὸ
835 1035 880 1061 τοῦ

107 1081 232 1109 πλεῖστον
243 1083 314 1108 πιεῖν
327 1078 412 1118 γάλα,
427 1077 539 1118 φάγεται
552 1077 687 1117 βούτυρον,
702 1076 743 1106 ὅτι
756 1077 881 1116 βούτυρον

924 187 999 210 ΟΑΡ.
1030 187 1091 210 vlt.
1605 185 1662 208 101

926 250 966 278 ad
986 249 1127 278 dolorem.
1144 249 1176 277 A
1191 249 1313 288 pedibus
1328 258 1419 287 usque
1442 250 1482 277 ad
1503 255 1588 287 capul
1612 258 1671 278 non

926 297 1009 324 estin
1022 306 1055 334 eo
1067 297 1179 324 sanitas
1192 307 1199 323 .-
1216 305 1268 324 non
1284 294 1318 324 de
1333 304 1387 323 uno
1400 301 1504 324 tantum
1516 294 1608 324 dicens
1619 295 1670 324 ho-

926 341 1009 378 mine,
1020 341 1067 370 sed
1080 348 1162 370 totam
1175 341 1311 381 regionem
1323 340 1370 370 uni
1383 350 1540 380 comparans
1553 341 1670 380 corpori.

927 389 985 418 Hoc
998 395 1086 417 autem
1101 388 1146 417 hic
1157 388 1224 418 dicit
1240 400 1247 417 ε
1263 394 1346 417 totam
1359 394 1458 416 terram
1471 398 1552 426 grave
1564 387 1672 417 subitu-

928 445 986 464 ram
1006 435 1171 474 supplicium
1191 445 1257 464 esse.
1272 434 1310 464 Et
1326 433 1378 463 hoc
1401 432 1512 472 quidem
1526 444 1574 474 per
1589 444 1673 464 nova-

928 481 1018 510 culam
1027 503 1035 518 ,
1051 480 1121 510 illud
1146 491 1210 510 vero
1231 491 1279 521 per
1292 479 1412 520 corporis
1426 479 1570 519 imaginem
1583 480 1675 509 decla-

928 528 1010 565 ravit,
1025 527 1176 563 ostendens‚
1190 526 1328 556 decretum
1340 536 1356 555 a
1369 525 1430 555 Deo
1443 525 1530 555 latum
1554 526 1675 555 acerbius

930 585 1012 614 quam
1028 574 1187 604 novaculam
1210 572 1358 612 quamlibet
1374 578 1400 601 et
1418 571 1541 601 homines
1556 578 1582 601 et
1601 579 1676 602 terrae

929 622 1032 650 fructus
1054 626 1258 650 consumturum
1265 641 1274 655 ,
1287 618 1416 657 illamque
1430 616 1531 647 nudam
1544 624 1570 647 et
1584 617 1677 647 deser-

930 674 984 696 tam
1007 666 1166 696 relicturum
1180 676 1247 695 esse.
1262 664 1367 694 Deinde
1380 663 1438 704 ejus
1460 663 1610 693 vastitatem
1630 675 1678 703 per

930 713 1011 742 aliam
1034 712 1261 752 comparationem
1273 710 1393 740 exbibet.
1408 709 1494 749 quue
1506 709 1569 739 facit
1583 720 1679 739 curans

930 767 959 789 ut
971 760 1052 790 timor
1075 769 1179 799 semper
1201 758 1295 798 vigens
1320 763 1437 793 maneat,
1452 763 1478 786 et
1491 766 1574 796 angor
1588 756 1679 796 longi-

930 806 1023 836 tudine
1034 805 1163 836 sermonis
1177 815 1229 834 non
1252 804 1399 833 minuatur.
1416 804 1452 833 Et
1475 801 1585 842 quidem
1598 803 1678 833 vide—

929 859 975 882 tur
1000 852 1046 881 hic
1072 862 1159 881 sermo
1183 850 1228 888 iis,
1244 850 1292 889 qui
1312 860 1365 878 non
1387 848 1539 886 attendunt,
1554 848 1678 887 quaedam

930 898 1064 928 bonorum
1084 897 1215 938 promissa
1241 895 1383 936 complecti
1399 906 1405 923 :
1422 894 1470 924 sed
1490 894 1537 933 qui
1559 901 1680 924 accurate

931 950 1094 980 scrutantur,
1114 943 1201 972 sciunt
1224 941 1339 981 ingentis
1353 940 1483 970 vastitatis
1496 950 1554 969 csse
1567 939 1680 969 demon—

930 989 1095 1019 strationem.
1119 988 1195 1026 Quid
1208 988 1281 1017 cnim
1302 987 1359 1017 ait?
1383 989 1433 1017 91.
1457 988 1498 1016 Et
1512 989 1567 1016 erit
1587 988 1620 1015 in
1633 987 1682 1016 die

930 1036 997 1073 illa,
1021 1037 1129 1065 nutriet
1153 1036 1240 1064 homo
1267 1034 1398 1064 vitulam
1425 1035 1510 1063 boum
1520 1056 1528 1071 ‚
1552 1039 1580 1062 et
1606 1033 1681 1063 duas

932 1093 1009 1112 oves.
1032 1083 1083 1111 92.
1101 1083 1143 1111 Et
1157 1083 1224 1119 erit,
1239 1091 1276 1111 ea:
1295 1080 1425 1120 plurima
1440 1082 1558 1119 potione
1582 1079 1680 1114 lactis,

108 1126 154 1155 καὶ
175 1125 237 1165 μέλι
258 1125 371 1166 φάγεται
389 1129 441 1158 πᾶς
457 1127 472 1154 ὁ
493 1124 676 1164 καταλειφθεὶς
697 1124 740 1154 ἐπὶ
763 1126 810 1160 τῆς
822 1125 880 1163 γῆς·
896 1128 916 1153 C
931 1129 1062 1158 comedet
1080 1130 1230 1166 butyr-um,
1243 1128 1315 1167 quia
1337 1127 1478 1163 butyrum
1490 1132 1518 1154 et
1533 1125 1591 1154 mel
1603 1135 1681 1154 com-

109 1173 204 1201 Ταῦτα
211 1171 323 1207 πολλὴν,
336 1173 373 1205 ὣς
386 1170 468 1210 ἔφθην
480 1170 573 1208 εἰπὼν,
586 1169 699 1210 ἐρημίαν
711 1169 880 1199 ἐνδείκνυται.

109 1217 144 1247 Ἡ
155 1217 207 1257 γὰρ
217 1216 315 1257 πυροὺς
328 1216 373 1246 καὶ
387 1216 478 1256 κριθὰς
489 1216 604 1257 φέρουσα
615 1218 659 1255 γ’ῆ,
671 1217 724 1245 τῶν
735 1215 880 1255 ἀνθρώπων

108 1265 289 1303 ἐρημωθεῖσα,
302 1263 401 1302 δαψιλῆ
420 1261 527 1302 παρέξει
547 1261 630 1300 νομὴν
648 1265 702 1295 τοῖς
719 1260 880 1301 προὸἄτοις,

108 1309 154 1338 καὶ
167 1309 235 1338 οὕτω
248 1309 358 1348 δαψιλῆ,
372 1309 408 1341 ὥς
422 1307 466 1336 διὰ
477 1307 526 1343 τὴν
545 1306 668 1342 εὐθηνίαν
686 1308 734 1342 τῆς
756 1305 880 1342 τοιαύτης

107 1354 239 1396 τραπέζης
258 1355 348 1396 ἀρκεῖν
360 1354 405 1384 καὶ
423 1354 468 1384 δύο
489 1353 610 1395 πρόὸατα
624 1353 670 1383 καὶ
687 1353 802 1393 δάμαλιν
817 1353 879 1392 μίαν

107 1401 196 1442 πηγὰς
215 1394 254 1442 ‘tif'
273 1400 429 1442 κεκτημένῳ
451 1399 577 1440 παρέχειν
601 1400 741 1440 γάλακτος.
755 1400 841 1430 Ὥστε
861 1402 878 1436 ἡ

108 1447 215 1484 εὐθηνία
227 1443 274 1484 τῆς
292 1447 405 1487 εὐωχίας
417 1448 470 1476 τῶν
485 1447 587 1486 ἀλόγων
599 1448 647 1482 τῆς
668 1448 720 1476 τῶν
734 1446 879 1486 ἀνθρώπων

108 1493 219 1533 ἐρημίας
241 1492 364 1533 μέγιστόν
387 1494 445 1523 ἐστι
465 1493 618 1533 τεκμήριον.
642 1493 695 1522 Καὶ
719 1493 750 1523 τὸ
774 1492 835 1532 μέλι
853 1492 880 1522 δὲ

108 1543 186 1570 τοῦτο
201 1540 360 1570 αἰνίττεται·
374 1538 483 1569 εἰώθασι
503 1539 554 1579 γὰρ
573 1543 630 1572 ταῖς
644 1538 753 1579 ἐρήμοις
772 1540 882 1579 ἐμφιλο·

108 1590 205 1626 χωρεῖν
220 1587 247 1615 αἱ
262 1585 400 1624 μέλιτται,
418 1585 464 1614 καὶ
478 1585 539 1615 ἔνθα
559 1585 590 1614 ἂν
603 1585 704 1620 πολλῆς
716 1587 798 1624 νομῆς
811 1587 881 1614 ἀπο-

109 1631 210 1661 λαύωσι
220 1653 228 1667 ,
242 1632 287 1660 καὶ
300 1631 361 1661 ἔνθα
375 1630 466 1670 μηδεὶς
480 1633 494 1659 ὃ
506 1632 621 1671 ἐνοχλῶν
631 1627 658 1671 ᾗ.
673 1631 727 1660 Καὶ
739 1630 782 1660 ἵνα
797 1631 883 1670 μάθῃς

110 1678 152 1706 ὅτι
169 1677 217 1714 τὴν
237 1677 427 1716 ἐπιτεταμένην
452 1676 565 1716 ἐρημίαν
579 1676 743 1711 αἰνίττεται,
766 1676 800 1705 τὰ
823 1676 882 1711 ἑξῆς

112 1724 196 1758 δηλοῖ.
221 1723 275 1752 Καὶ
295 1722 370 1752 ἔσται
384 1723 412 1751 ἐν
426 1723 460 1761 τῇ
475 1721 564 1761 ἡμέρᾳ
582 1721 683 1761 ἐκείνῃ,
698 1717 748 1750 Ιὀὗ
773 1721 817 1750 ἐὰν
834 1717 884 1750 ὦσι

111 1769 196 1808 χίλιαι
210 1768 326 1807 ἄμπελοι
338 1767 432 1808 χιλίων
453 1766 565 1804 σίκλων,
586 1769 622 1800 εἷς
642 1766 737 1807 χέρσον
761 1767 882 1802 ἔσονται,

112 1815 158 1844 καὶ
178 1816 214 1848 εἷς
228 1814 351 1844 ἄκανθαν.
369 1813 446 1843 Μετὰ
464 1813 556 1852 βέλους
575 1813 620 1842 καὶ
638 1813 795 1852 τοξεύματος
814 1815 885 1842 εἷσε-

112 1860 252 1890 λεύσονται
265 1861 335 1896 ἐκεῖ,
349 1859 390 1889 ὅτι
403 1859 498 1900 χέρσος
512 1859 557 1889 καὶ
571 1859 671 1889 ἄκανθα
690 1859 765 1889 ἔσται
778 1864 852 1888 πᾶσα
867 1862 883 1894 ἡ

112 1908 158 1946 γῆ.
181 1907 289 1942 Πολλῆς
310 1906 356 1935 καὶ
379 1909 456 1935 τοῦτο
470 1904 633 1946 δυσπραγίας
651 1909 770 1944 σημεῖον,
789 1905 830 1935 ὅτι
846 1905 884 1944 μὴ

116 1953 164 1993 ὄρη
186 1952 231 1982 καὶ
251 1952 351 1988 νάπαι,
366 1952 425 1981 ἀλλ’
446 1951 512 1988 αὐτὴ
531 1954 548 1987 ἡ
569 1950 703 1991 βαθύγειος
723 1951 768 1980 καὶ
786 1952 887 1987 πολλῆς

115 1996 284 2028 ἀπολαύουσα
298 1999 345 2032 τῆς
362 1995 515 2036 ἐπιμελείας
526 1996 641 2029 ἀκάνθας
653 1995 735 2036 φέρει.
751 1996 822 2026 Οὐδὲ
835 1996 886 2036 γὰρ

116 2043 206 2078 ἅπλῶς
228 2043 259 2073 τὸ
279 2043 384 2082 τίμημα
404 2044 456 2072 τῶν
477 2041 604 2081 ἀμπέλων
618 2041 743 2079 τέθεικεν,
763 2043 821 2071 ἀλλ’
844 2042 887 2071 ἵνα

116 2087 162 2118 καὶ
175 2088 223 2125 τὴν
238 2088 314 2129 φύσιν
332 2090 381 2124 τῆς
398 2090 447 2128 γῆς
466 2087 646 2125 ἐπιδείξηται,
661 2088 706 2118 καὶ
723 2087 772 2124 τὴν
785 2088 887 2124 πολλὴν

117 2135 170 2164 τῶν
181 2137 305 2175 γεωργῶν
316 2134 480 2173 ἐπιμέλειαν.
492 2135 560 2164 Ἀλλ’
572 2133 643 2173 ὅμως
657 2135 745 2163 ἐκεῖνα
757 2134 792 2163 τὰ
805 2134 887 2167 οὕτως

120 2180 310 2219 ιῦθηνούμενα,
331 2180 412 2222 φησὶ,
426 2180 470 2210 καὶ
483 2183 636 2220 γεωργικῶν
650 2180 816 2211 ἀπολαύοντα
828 2193 887 2221 χει-

122 2226 182 2264 ρῶν,
208 2227 245 2259 εἷς
265 2226 395 2262 τοσαύτην
416 2226 594 2267 καταστρέψει
617 2226 666 2262 τὴν
694 2227 807 2266 ἐρημίαν
817 2250 825 2264 ,
852 2229 887 2259 ὡς

122 2269 235 2304 ἀκάνθας
249 2271 296 2310 μὶν
308 2272 366 2302 ἀντὶ
379 2272 504 2311 ἀμπέλων
516 2272 614 2313 φέρειν,
629 2275 752 2302 τοσοῦτον
768 2273 795 2302 δὲ
808 2273 890 2313 παρέ-

121 2327 178 2356 χειν
201 2320 254 2350 τοῖς
267 2317 376 2346 εἰσιοῦσι
387 2318 431 2348 τὸν
452 2318 541 2359 φόὸον,
555 2320 591 2352 ὥς
613 2318 714 2358 μηδένα
727 2320 828 2359 τολμᾷν
839 2331 888 2358 γυ-

122 2361 185 2400 μνὸν
197 2362 241 2391 καὶ
253 2362 350 2392 ἄοπλον
361 2363 478 2394 εἰσιέναι.
486 2365 574 2395 Τοῦτο
587 2365 614 2394 δὲ
624 2364 704 2404 λέγει,
716 2364 765 2402 τὴν
777 2364 888 2405 ἐρημίαν

122 2412 254 2453 ἐμφαίνων
278 2415 323 2441 τοῦ
339 2413 447 2448 τόπου,
469 2414 515 2443 καὶ
531 2414 580 2450 τὴν
602 2414 703 2450 πολλὴν
728 2415 818 2444 αὐτόθι
837 2417 889 2445 τῶν

123 2462 218 2502 θηρίων
244 2462 393 2502 διατριὸήν.
424 2463 591 2498 Κατασείσας
617 2463 703 2493 τοίνυν
731 2465 817 2494 αὐτῶν
841 2465 889 2501 τὴν

100 2564 102 2566 ,
156 2546 168 2559 ⁸
184 2539 245 2573 Reg.
259 2543 403 2572 ἐπαγγελίαν,
412 2540 500 2566 melius
511 2549 587 2574 quam
599 2545 740 2575 ἐπαγγελίας,
748 2547 776 2568 ut
787 2541 882 2568 habent

126 2578 200 2604 savit.
216 2585 240 2604 et
254 2579 341 2604 Mon-el.

245 2629 317 2648 Tou.
341 2630 384 2649 Vl.

931 1176 996 1204 edet
1013 1175 1108 1204 omnis
1130 1174 1249 1203 relictus
1275 1182 1361 1211 super
1386 1179 1503 1201 terram.
1524 1172 1583 1201 Hoc
1607 1171 1682 1201 mul-

930 1228 996 1258 tam,
1011 1226 1041 1249 ut
1053 1219 1130 1256 dixi,
1142 1218 1294 1248 vastitatem
1307 1217 1418 1246 indicat.
1433 1218 1517 1246 Terra
1530 1217 1603 1247 enim
1622 1227 1682 1256 quae

929 1266 1093 1295 frumentum
1114 1271 1140 1294 et
1163 1262 1295 1293 hordeum
1315 1263 1432 1300 ferebat,
1449 1263 1605 1292 hominibus
1631 1262 1682 1292 de-

930 1311 1040 1349 stituta,
1057 1311 1167 1340 uberem
1192 1308 1393 1350 pabulationem
1417 1309 1515 1340 ovibus
1538 1309 1680 1349 praebebit,

929 1364 956 1387 et
976 1358 1013 1387 ita
1036 1357 1163 1393 uberem,
1178 1362 1209 1385 ut
1229 1355 1264 1384 ob
1285 1354 1479 1385 abundantiam
1501 1355 1563 1385 talis
1586 1354 1683 1396 pabuli

930 1403 1066 1434 sufficiant
1087 1413 1150 1432 oves
1173 1401 1234 1431 duae
1254 1408 1281 1431 et
1301 1412 1356 1431 una
1369 1401 1468 1439 vitula,
1482 1409 1512 1431 ut
1535 1401 1682 1442 possessori

929 1454 1015 1483 sontes
1034 1449 1110 1479 lactis
1129 1448 1275 1489 praebeant.
1287 1449 1382 1487 ltaque
1401 1447 1566 1478 abundantia
1584 1450 1681 1489 pabuli

929 1497 1083 1533 brutorum,
1098 1493 1254 1525 solitudinis
1267 1494 1411 1524 hominum
1425 1494 1575 1525 maximum
1587 1503 1626 1525 est
1639 1507 1684 1525 ar-

931 1542 1099 1583 gumentum.
1120 1540 1178 1575 Mel
1191 1551 1300 1580 quoque
1320 1540 1392 1569 illud
1405 1540 1558 1571 subindicat
1575 1553 1581 1570 :
1596 1542 1684 1572 solent

932 1590 1004 1619 enim
1017 1599 1079 1629 apes
1093 1587 1121 1617 in
1134 1586 1328 1617 solitudinibus
1351 1585 1476 1616 lubenter
1499 1587 1614 1625 versari,
1635 1589 1683 1618 ubi

933 1633 1081 1664 abundanti
1109 1644 1168 1663 esca
1187 1633 1321 1668 fruantur,
1335 1639 1361 1661 et
1387 1632 1435 1661 ubi
1459 1633 1554 1662 nullus
1578 1634 1612 1663 sit
1635 1635 1683 1673 qui

935 1681 1083 1720 perturbet.
1095 1680 1135 1709 Ut
1152 1689 1216 1708 vero
1229 1678 1317 1707 discas
1338 1678 1414 1707 illam
1434 1678 1568 1718 ingentem
1585 1680 1682 1710 solitu-

935 1726 1026 1755 dinem
1052 1723 1235 1760 subindicare,
1251 1734 1285 1752 ex
1309 1724 1481 1762 sequentibus
1493 1724 1561 1753 disci
1586 1733 1682 1764 potest.

935 1773 986 1801 25.
1000 1772 1041 1800 Et
1053 1772 1106 1799 erit
1121 1771 1153 1798 in
1167 1770 1215 1798 d1'e
1229 1769 1296 1805 illa,
1307 1771 1357 1798 ubi
1365 1770 1479 1809 fuerint
1492 1771 1574 1799 mille
1587 1774 1684 1802 vineoe

937 1817 1019 1846 mille
1031 1816 1178 1850 siclorum,
1190 1816 1222 1844 ιή,
1235 1814 1378 1844 incultam
1405 1821 1507 1851 erunt,
1521 1821 1549 1844 et
1573 1818 1606 1845 in
1627 1820 1684 1857 spi-

937 1874 1016 1892 nam.
1032 1864 1083 1893 94.
1110 1862 1184 1891 Cum
1210 1862 1319 1901 sagitta
1339 1868 1366 1890 et
1388 1871 1461 1890 arcu
1486 1863 1686 1902 ingredientur

935 1909 1023 1945 illuc,
1046 1909 1117 1948 quia
1139 1907 1251 1937 inculta
1264 1913 1292 1936 et
1305 1909 1396 1947 spinis
1417 1909 1512 1937 obsita
1522 1911 1576 1937 erit
1590 1911 1684 1939 omnis

938 1962 1025 1985 terra.
1049 1955 1181 1993 Magnum
1207 1960 1233 1983 et
1251 1953 1304 1982 hoc
1321 1953 1484 1984 infelicitatis
1509 1954 1616 1994 signum
1633 1963 1683 1993 cst,

936 2001 1011 2042 quod
1023 2011 1076 2031 non
1089 2007 1192 2030 montes
1205 2008 1231 2030 et
1243 2001 1331 2038 silvae,
1346 2000 1393 2030 sed
1406 2000 1465 2041 ipsa
1478 2002 1588 2032 arabilis
1604 2010 1684 2041 terra,

937 2059 996 2088 quae
1006 2047 1150 2088 diligenter
1162 2047 1311 2085 colebatur,
1321 2046 1411 2087 spinas
1421 2047 1498 2077 ferat.
1511 2049 1604 2088 Neque
1614 2050 1686 2079 enim

937 2102 1035 2124 temere
1046 2094 1186 2124 vinearum
1199 2093 1317 2134 pretium
1331 2094 1433 2134 posuit,
1448 2094 1496 2124 sed
1521 2102 1550 2124 ut
1564 2103 1685 2126 naturam

937 2148 1014 2171 terrae
1038 2139 1243 2175 demonstraret,
1267 2140 1433 2179 multamque
1458 2141 1615 2171 colonorum
1639 2154 1686 2172 cu-

938 2199 1006 2218 ram.
1035 2188 1158 2217 Attamen
1188 2186 1235 2215 illa
1263 2197 1323 2225 quae
1358 2187 1435 2227 prius
1470 2195 1525 2217 tam
1557 2200 1685 2230 prospera

939 2241 1023 2271 crant,
1038 2233 1141 2272 inquit,
1157 2240 1183 2262 ct
1208 2232 1388 2272 agricolarum
1414 2234 1538 2263 manibus
1560 2236 1687 2266 frueban-

905 2284 924 2308 Ε
939 2287 995 2318 tur,
1010 2279 1037 2309 in
1060 2286 1161 2308 tantam
1183 2285 1269 2309 vertet
1295 2278 1478 2316 solitudinem,
1493 2287 1522 2309 ut
1535 2281 1624 2320 spinas
1636 2292 1685 2321 pro

939 2326 1025 2357 vineis
1038 2326 1134 2362 serant,
1149 2332 1175 2354 ct
1197 2331 1301 2354 tantum
1318 2325 1450 2355 incutIant
1475 2326 1687 2366 ingredientibus

941 2379 1081 2407 terrorem,
1098 2378 1127 2400 ut
1152 2381 1230 2400 nemo
1245 2370 1342 2400 audeat
1367 2371 1456 2401 nudus
1480 2379 1504 2400 et
1528 2372 1586 2401 sine
1605 2373 1687 2401 armis

941 2417 1063 2447 introire.
1077 2418 1135 2446 Hoc
1148 2427 1213 2446 vero
1227 2416 1274 2453 ait,
1288 2416 1459 2446 solitudinem
1472 2416 1523 2446 loci
1537 2417 1685 2451 declarans,

942 2461 1108 2503 multamque
1123 2463 1179 2492 illis
1193 2462 1220 2492 in
1234 2462 1300 2492 locis
1312 2463 1430 2492 serarum
1448 2463 1632 2501 frequentiam.
1650 2464 1686 2493 ll-

965 2544 978 2563 b
997 2543 1027 2568 ln
1039 2541 1124 2567 Bibliis
1133 2548 1176 2571 πᾶς
1188 2546 1255 2569 τόπος
1268 2541 1291 2567 οὗ
1305 2544 1341 2566 ἐὰν
1353 2543 1400 2566 ὦσι.
