1890 2826
777 207 809 230 IN
838 204 1026 230 DANIELEM.

414 323 506 353 ΚΕΦ.
530 322 567 362 β’.

149 414 197 445 Ἐν
206 418 244 455 τῷ
252 415 425 456 ἔτειδευτέρῳ
434 417 482 451 τῆς
492 414 626 455 βασιλείας
632 410 876 452 Ναὸουχοδονόσορ,

108 461 266 498 ἐνυπνιάσθη
281 461 513 502 Ναέουχοδονόσορ
526 459 661 495 ἐνύπνιον,
675 459 721 488 καὶ
738 457 830 493 ἐξέστη
845 455 876 485 τὸ

107 510 212 546 πνεῦμα
228 509 323 543 οῶτοῧ,
336 507 382 537 καὶ
395 509 409 536 ὁ
421 506 500 540 ὕπνος
514 508 593 536 αὐτοῦ
609 505 712 545 ἐγένετο
733 503 760 538 ἐξ
784 504 875 533 αὐτοῦ.

107 552 179 588 ιιΚαὶ
192 553 244 592 μὴν
255 552 401 583 δωδέκατον
410 553 488 582 τοῦτό
497 553 567 582 ἐστιν
579 552 643 585 ἔτος.
652 552 688 582 Εἰ
698 551 749 590 γὰρ
759 549 820 590 τρία
830 548 876 584 ἔτη

107 599 175 638 μετὰ
188 599 218 628 τὸ
229 600 329 629 ἁλῶναι
342 599 390 635 τὴν
398 598 476 628 πόλιν
489 594 531 634 ἦν,
544 597 630 634 ἐκείνη
643 596 670 626 δὲ
684 595 783 636 ἐννάτῳ
794 595 875 630 ἑάλω,

105 644 252 674 δωδέκατον
265 644 343 674 τοῦτό
353 646 424 674 ἔστιν
436 644 501 678 ἔτος.
513 643 592 677 Τινές
607 654 685 684 φασιν
699 641 740 672 ὅτι
755 643 794 681 τῷ
806 642 877 681 αὐτῷ

106 690 208 731 σημείῳ
221 692 285 731 παρ’
303 690 438 730 Ἕὸραίοις
452 691 498 720 καὶ
514 686 589 723 οὗτος
606 691 725 722 κάκεῖνος
739 690 753 717 ὁ
768 685 878 727 ἀριθμὸς

105 736 214 775 γίνεται.
222 735 262 766 Ἦ
272 736 317 767 καὶ
326 736 436 777 σφάλμα
444 735 571 777 γραφικόν
581 736 663 771 ἐστιν,
672 733 690 770 ἢ
701 733 814 773 δευτέρῳ
825 733 878 762 ἔτει

105 784 275 822 παραστῆναι
294 782 354 816 τοὺς
375 783 480 816 παῖδας.
495 782 564 812 Ἀλλ’
587 782 636 811 οὐκ
657 780 688 810 ἂν
711 780 769 820 ἔχοι
787 778 876 818 λόγον.

105 829 225 868 Πρᾶγμα
238 827 266 858 δὲ
285 828 425 867 συμὸαίνει
447 827 624 868 ἀπορώτερον.
637 827 719 856 Ποῖον
733 825 761 855 δὲ
776 827 876 861 σοῦτος

106 872 147 902 Τὸ
161 873 198 912 μὴ
214 873 310 903 εἰδέναι
323 874 350 903 τί
364 873 430 904 ποτέ
443 875 499 904 ἐστι
512 873 543 903 τὸ
556 872 685 903 ἐνῦπτιον.
698 872 752 902 Καὶ
767 874 778 888 ⁶
788 873 878 911 σαφῶς

105 921 182 949 τοῦτο
192 918 304 959 γίνεται.
319 921 353 950 Εἰ
363 920 415 960 γὰρ
427 919 464 959 μὴ
476 921 553 949 τοῦτο
563 918 678 959 ἐγένετο,
690 919 738 947 οὐκ
750 917 781 947 ἂν
794 917 876 957 ἐφάνη

105 966 123 1000 ἡ
147 965 226 1005 σοφία
251 968 297 995 τοῦ
318 966 429 1002 Δανιήλ.
445 965 569 1006 (Ορῶμεν
590 964 643 1004 γὰρ
664 964 703 994 ὅτι
718 963 763 993 καὶ
777 963 876 999 ἐκλήθη

1603 194 1671 241 257

1209 314 1330 345 CAPUT
1350 315 1388 344 Π.
1435 335 1437 338 .

969 408 981 436 1
991 431 997 436 .
1006 408 1043 436 1η
1050 416 1129 436 anno
1136 407 1263 437 secundo
1272 408 1354 448 regni
1360 406 1674 443 Nabuchodonosor-1¹5,

926 455 1041 483 somnia
1046 455 1084 483 vit
1093 454 1364 484 Nabuchodonosor
1370 454 1526 491 somnium,
1536 459 1565 481 et
1575 455 1672 483 obstu-

923 502 990 538 puit
1009 501 1128 538 spiritus
1141 501 1220 539 ejus,
1236 506 1263 529 et
1277 509 1398 530 somnus
1411 501 1473 540 ejus
1486 500 1561 528 abiit
1574 500 1611 528 ab
1625 509 1670 528 eo.

893 556 912 580 n
929 548 963 576 At
974 547 1023 576 iste
1036 557 1122 577 annus
1136 547 1314 577 duodecimus
1327 555 1377 577 est.
1392 549 1462 578 Nam
1477 546 1500 576 si
1513 554 1567 577 tres
1581 547 1644 576 anni
1657 558 1673 577 a

927 600 1002 634 capta
1014 594 1088 623 urbe
1094 591 1275 634 praeterierant
1285 616 1293 631 ,
1308 601 1334 623 et
1347 594 1395 623 illa
1408 603 1477 622 anno
1494 603 1564 622 nono
1584 603 1672 633 expu-

927 647 1005 680 gnata
1026 641 1077 670 fuit
1092 641 1162 670 :iste
1178 651 1263 670 annus
1283 640 1458 677 duodecimus
1479 646 1529 669 est.
1554 639 1674 677 Quidam

926 684 1022 716 dicunt
1036 687 1130 717 eadem
1148 693 1210 716 nota
1227 687 1300 727 apud
1314 687 1440 717 Hebraeos
1457 686 1532 715 hunc
1549 692 1576 716 et
1594 685 1675 715 illum

927 743 1071 763 numerum
1083 732 1200 762 exarari.
1212 730 1349 762 Fortassis*
1356 733 1435 762 etiam
1447 738 1566 761 erratum
1577 738 1617 761 est
1627 742 1675 761 ex-

926 780 1090 821 scriptorum
1105 792 1111 809 :
1125 780 1168 820 vel
1181 779 1298 819 secundo
1312 790 1405 810 revera
1419 788 1488 808 anno
1501 779 1580 818 pueri
1594 778 1675 808 exhi-

925 826 978 856 biti
991 833 1062 856 sunt.
1071 825 1127 856 Sed
1135 826 1186 855 hoc
1198 826 1324 855 ultimum
1333 826 1436 857 ratione
1445 831 1527 854 caret.
1537 826 1674 855 Ca=1erum

925 883 968 902 res
982 872 1080 902 accidit
1093 872 1243 901 difficilior.
1261 873 1392 909 Quaenam
1404 882 1469 902 vero
1483 871 1530 899 illa
1545 871 1604 900 est?
1618 872 1674 900 Ne-

926 918 1006 947 scisse
1020 928 1109 958 regem
1127 917 1264 956 quodnam
1284 917 1365 946 fuerit
1385 916 1520 946 somnium
1534 926 1626 945 suum.
1640 917 1681 946 Et,

927 963 978 993 hoc
993 963 1168 1003 providenter
1181 962 1301 1000 contigit.
1318 962 1378 992 Nisi
1394 961 1464 990 enim
1482 960 1511 990 id
1526 961 1672 998 evenisset,

105 1010 149 1054 ἂν,
164 1010 210 1040 καὶ
223 1006 281 1041 εἷπε
295 1010 326 1041 τὸ
339 1011 435 1050 μέλλον
444 1023 451 1030 ·
465 1011 555 1051 ἔλεγον
573 1012 698 1040 κάκεῖνοι.
715 1011 772 1045 Τῆς
793 1008 871 1038 3160}-
884 1034 920 1054 2⁰7
928 1019 981 1037 non
995 1008 1164 1048 apparuisset
1174 1007 1294 1037 Danielis
1308 1006 1591 1047 sapientia.Videmus
1601 1007 1674 1037 enim

105 1068 172 1090 σεως
184 1058 233 1087 οὒκ
245 1057 324 1094 οὔσης
345 1057 385 1091 τίς
404 1056 503 1093 ἀληθὴς
514 1055 559 1086 καὶ
577 1058 591 1085 ὁ
606 1055 718 1095 ψευδής-ς
732 1054 786 1084 Καὶ
799 1057 876 1083 τοῦτο

106 1103 147 1142 ἐφ’
167 1103 264 1143 ἑτέρων
283 1104 424 1143 γυμνάζειν
446 1102 510 1142 χρή.
529 1101 600 1131 Αὐτὸ
624 1101 652 1130 δὲ
673 1103 750 1129 τοῦτο
771 1100 802 1129 τὸ
816 1099 875 1128 ἐνύ-

106 1159 181 1177 πνιον
203 1149 363 1188 παραγέσθω
384 1150 421 1182 εἷς
434 1149 526 1187 μέσον·
548 1146 648 1186 λεγέτω
669 1147 738 1186 ἅπερ
751 1148 764 1176 ὁ
776 1145 878 1182 Δανιὴλ

107 1188 175 1230 εἶπε,
188 1194 336 1234 λεγέτωσαν
357 1194 484 1224 τάναντία
501 1195 626 1223 κάκεῖνοι.
643 1193 728 1222 Πόθεν
744 1192 822 1227 δῆλον
836 1191 877 1221 ὅτι

105 1240 242 1279 ψεύδεται,
256 1240 273 1277 ἢ
287 1240 425 1278 etz-nomm
438 1241 510 1277 Ἤδη
530 1236 574 1270 οὖν
587 1237 678 1270 δίδωσι
689 1238 736 1274 τὴν
752 1238 874 1277 δοκιμήν.

107 1286 172 1316 Ἐπὶ
186 1286 214 1316 δὲ
225 1290 271 1317 τοῦ
288 1286 387 1328 Ἰωσὴφ
401 1288 452 1328 οὐχ
464 1286 532 1316 οὕτω
545 1285 659 1326 γέγονεν,
680 1284 748 1314 ἀλλὰ
761 1283 833 1323 λέγει
845 1283 876 1312 τὸ

106 1332 169 1373 ὄναρ
189 1334 301 1367 ἐκεῖνος·
315 1333 392 1373 ἐγγὺς
410 1333 461 1373 γὰρ
474 1328 507 1369 ἦν
527 1335 541 1362 ὁ
559 1331 658 1372 καιρός.
671 1329 756 1364 Ἄξιον
770 1329 797 1359 δὲ
811 1332 874 1359 θαυ-

107 1378 190 1418 μάσαι
198 1401 207 1416 ,
223 1381 279 1413 πῶς
292 1380 319 1408 ἐν
336 1378 464 1419 Αἰγύπτῳ
478 1379 525 1408 οὐκ
543 1376 676 1414 ἠθέλησάν
695 1388 722 1405 τι
735 1375 838 1405 πλάσαι
851 1376 876 1404 οἱ

105 1424 181 1464 σοφοὶ
195 1424 347 1464 Αἰγυπτίων
363 1426 394 1455 ἔκ
404 1427 450 1454 τοῦ
463 1423 609 1460 ἀκινδύνου,
624 1423 683 1452 ἀλλ’
698 1422 796 1461 ἔφασαν
811 1422 876 1451 ἀπο-

107 1474 169 1510 ρεῖν.
182 1471 216 1500 Εἰ
230 1470 258 1500 δὲ
269 1470 383 1511 ὀνείρους
395 1472 443 1500 οὐκ
454 1470 528 1500 ἴσασι
542 1471 681 1509 διακρῖναι,
693 1470 743 1497 ποῦ
757 1468 876 1506 ἀλλαχοῦ

104 1516 257 1546 πιστευτέον
271 1518 370 1554 αὐτοῖς
383 1516 484 1557 Ἄλλως
499 1517 527 1546 δὲ
545 1517 593 1546 οὐκ
606 1516 658 1545 ἔδει
672 1516 726 1544 ἐκεῖ
739 1516 816 1543 τοῦτο
829 1525 875 1552 γε-

105 1561 210 1591 νέσθαι·
226 1562 270 1592 ἐπὶ
285 1562 312 1592 δὲ
325 1564 372 1598 τῆς
394 1562 556 1602 προφητείας
576 1564 622 1591 τοῦ
644 1560 744 1601 Ἰωσὴφ
760 1560 877 1600 φανερῶς

106 1606 208 1645 ἐγένετο
217 1629 225 1645 ‚
251 1607 296 1637 καὶ
321 1607 438 1647 μάλιστα
459 1608 503 1637 ἐπὶ
525 1609 578 1637 τῶν
599 1606 738 1646 εὐνούχων.
761 1604 834 1644 “Opat
848 1604 876 1634 δὲ

106 1650 213 1685 τούτους
227 1651 264 1691 μὴ
278 1654 422 1686 καλοῦντας
436 1652 480 1682 τὸν
502 1652 620 1688 Δανιὴλ,
635 1652 693 1680 ἀλλ’
708 1650 877 1690 αἱρουμένους
903 1650 906 1653 “

107 1699 246 1727 ἀποθανεῖν
261 1697 399 1736 μᾶλλον,ἢ
413 1699 510 1727 ἐκεῖνον
525 1698 588 1727 ἰδεῖν
601 1698 797 1735 εὐδοκιμοῦντα.
809 1690 876 1734 Ἆρα

107 1742 151 1773 διὰ
164 1746 241 1773 τοῦτο
258 1743 336 1782 μόνον
349 1743 432 1783 ἐφάνη
452 1743 483 1773 τὸ
504 1744 584 1783 ὄναρ,
597 1742 642 1771 ἵνα
660 1745 675 1772 ὁ
694 1740 796 1776 Δανιὴλ
810 1742 876 1769 θαυ-

108 1792 196 1830 μασθῇ
204 1802 211 1826 ;
223 1791 282 1820 Οὔκ
295 1790 377 1829 ἔγωγε
391 1789 492 1829 εἴποιμι
507 1790 551 1819 ἄν.
567 1789 646 1819 Ἐπεὶ
659 1788 704 1818 καὶ
718 1789 740 1817 εἰ
753 1790 830 1817 τοῦτο
841 1782 873 1822 ἧν

107 1836 200 1875 μόνον,
218 1836 287 1875 μέγα
306 1832 338 1872 ἦν
352 1836 382 1865 τὸ
399 1835 558 1875 κατόρθωμα
578 1835 623 1864 καὶ
637 1833 800 1872 θαυμαστὸν,
815 1835 873 1862 θεο-

106 1882 219 1923 γνωσίαν
240 1882 362 1921 γενέσθαι
382 1881 522 1917 τοσαύτην.
544 1880 621 1917 Πλὴν
643 1882 672 1910 οὐ
695 1882 772 1909 τοῦτο
796 1879 874 1918 μόνον

106 1929 187 1959 ὄστίν.
211 1927 291 1958 Ἀλλὰ
310 1927 351 1964 τί;
373 1928 458 1957 Ὥστε
481 1927 527 1957 καὶ
549 1929 639 1956 τοῦτον
666 1927 874 1966 σωφρονισθῆναι

110 1979 288 2019 μανθάνοντα,
299 1979 340 2008 ὅτι
354 1979 383 2008 οὗ
404 1978 447 2008 διὰ
460 1977 556 2011 παντὸς
568 1977 600 2007 τὸ
620 1976 693 2016 γένος
714 1978 792 2006 αὐτοῦ
807 1987 873 2014 κρα-

142 2073 156 2093 ¹¹
174 2075 217 2099 Καὶ
227 2076 273 2105 μὴν
291 2073 414 2097 δωδέκατον
432 2075 499 2097 τοῦτό
510 2074 568 2097 ἐστιν
579 2073 635 2099 ἔτος.
646 2068 783 2094 Plurimum
795 2076 810 2092 a
822 2075 865 2093 ve-

109 2110 184 2136 ritate
194 2110 313 2135 aberrant
321 2118 384 2143 quos
393 2110 436 2134 hic
445 2115 530 2134 noster
539 2113 654 2133 auctores
662 2107 746 2132 habet.
755 2107 867 2131 Primum

109 2150 176 2174 enim
191 2148 392 2182 deportationem
412 2147 522 2173 Danielis
537 2156 589 2173 non
605 2152 740 2172 numerant
753 2145 786 2170 ab
801 2154 867 2170 anno

110 2189 184 2214 tertio
196 2187 332 2220 desinente,
341 2193 367 2213 et
382 2193 472 2220 quarto
487 2188 588 2212 ineunte
600 2187 715 2217 Joacimi,
728 2194 770 2210 seu
781 2185 868 2210 Nabu-

109 2226 290 2252 chodonosoria
301 2227 392 2259 primo,
408 2232 436 2251 ut.
446 2231 607 2259 computatur
622 2227 687 2252 Dan.
700 2227 723 2255 l,
738 2226 761 2255 4,
773 2225 865 2249 Jerem.

111 2266 175 2298 25‚t
194 2274 199 2289 :
220 2264 264 2290 sed
281 2266 307 2290 in
328 2273 357 2290 ea
379 2271 491 2298 tempora
509 2264 656 2297 conferunt,
672 2264 762 2297 quibus
777 2264 867 2288 iterum

109 2310 183 2337 eapte
195 2309 254 2328 sunt
265 2302 449 2337 Hierosolyma,
462 2311 552 2335 nempe
568 2302 616 2328 sub
630 2303 760 2328 Jechonia.
773 2301 869 2327 Deinde

109 2343 171 2369 dum
191 2342 277 2368 urbem
295 2350 363 2368 anno
375 2350 444 2367 nono
463 2347 564 2374 captam
581 2350 634 2367 esse
649 2341 753 2372 dicunt,
765 2350 780 2366 a
798 2339 869 2366 saera

109 2383 239 2416 Scriptura
258 2381 405 2412 discedunt,
417 2390 472 2414 quae
484 2380 510 2406 id
527 2389 593 2406 anno
612 2380 868 2406 Nabuchodonosoris

109 2421 202 2455 partim
211 2422 326 2454 septimo,
335 2421 429 2454 partim
439 2427 532 2446 octavo
539 2421 671 2454 contigisse
681 2419 756 2445 refert
773 2420 866 2446 Jerem.

111 2461 152 2492 52,
164 2462 205 2494 28,
217 2463 232 2485 4
246 2461 306 2493 Κείς.
316 2461 358 2490 24,
373 2461 402 2484 42
415 2459 505 2493 (neque
516 2460 582 2484 enim
594 2459 646 2484 haec
657 2457 709 2484 duo
721 2458 785 2490 loca,
798 2458 867 2492 quod

110 2499 236 2525 existimat
255 2499 376 2530 Uenerius,
387 2497 536 2531 sejungendi:
555 2506 607 2522 esse
626 2497 756 2530 arbitror).
770 2498 866 2523 uorum

110 2546 222 2563 errorum
244 2536 356 2569 exempla
374 2538 399 2562 in
417 2535 578 2561 Theodoreto
596 2536 745 2562 Praefatione
763 2538 788 2562 in
805 2537 867 2562 Eze-

111 2576 223 2606 chielem,
233 2578 258 2602 in
269 2577 356 2601 Graeca
370 2582 509 2607 temporum
522 2574 728 2609 Epitome,quam
743 2576 866 2608 Josephus

112 2615 220 2649 Scaliger
238 2615 270 2640 ad
288 2614 412 2641 chronica
425 2614 524 2640 Euscbii
542 2615 660 2648 attexuit,
672 2621 696 2640 et
716 2616 740 2641 in
757 2615 864 2649 ejusdem

893 1063 909 1085 Λ
928 1054 1004 1093 quod
1027 1056 1085 1094 ipse
1104 1061 1214 1084 vocatus
1233 1053 1343 1091 fuisset,
1362 1060 1388 1083 et
1407 1052 1438 1082 id
1457 1052 1532 1092 quod
1552 1054 1674 1084 futurum

928 1108 984 1131 erat
1007 1101 1134 1136 dixissen
1156 1101 1289 1130 dixissent
1310 1099 1390 1130 etiam
1413 1099 1546 1130 Chaldaei.
1567 1101 1672 1130 Verum

927 1159 988 1178 cum
1002 1155 1113 1178 eventus
1126 1158 1242 1188 praesens
1255 1157 1309 1176 non
1322 1153 1402 1184 esset,
1416 1146 1478 1186 quis
1493 1157 1592 1184 verax,
1611 1148 1673 1187 quis

927 1194 1043 1223 mendax
1056 1193 1175 1224 creditus
1189 1193 1302 1223 suisset?
1312 1194 1348 1223 Et
1368 1193 1421 1222 hoc
1436 1203 1485 1232 per
1499 1192 1551 1221 alia
1564 1194 1669 1223 exami-

928 1251 991 1270 nare
1004 1247 1117 1280 oportet.
1133 1241 1226 1280 Ipsum
1242 1246 1330 1268 autem
1347 1238 1482 1268 somnium
1505 1237 1534 1267 in
1553 1238 1672 1268 medium

927 1285 1093 1326 producatur
1105 1285 1201 1325 :dicat
1213 1284 1310 1314 Daniel
1324 1295 1383 1323 quae
1397 1284 1536 1324 respondit
1544 1295 1554 1323 5
1568 1291 1674 1314 contra-

927 1332 967 1362 ria
984 1331 1075 1365 dicant
1088 1331 1219 1362 Chaldaei.
1235 1330 1316 1361 Unde
1329 1330 1501 1360 manifestum
1515 1331 1561 1360 fiet
1574 1331 1673 1360 Danie-

926 1379 979 1408 lem
996 1378 1041 1408 vel
1055 1378 1161 1408 mentiri
1174 1378 1219 1408 vel
1232 1388 1297 1407 vera
1311 1377 1421 1407 dicere?
1434 1378 1495 1408 Jam
1509 1377 1593 1417 igitur
1606 1388 1672 1418 pro-

925 1425 1059 1454 bationem
1073 1424 1129 1453 dat.
1148 1425 1183 1453 At
1200 1424 1226 1453 in
1241 1423 1359 1464 Josepho
1370 1434 1412 1453 res
1427 1433 1458 1453 eo
1473 1423 1554 1453 modo
1566 1428 1672 1464 peraeta

926 1481 979 1500 non
1002 1478 1040 1503 cst
1049 1493 1056 1507 ‚
1078 1469 1126 1500 sed
1150 1470 1285 1499 somnium
1307 1470 1426 1499 narravit
1451 1469 1555 1499 Pharao
1568 1482 1574 1499 ε
1588 1472 1672 1510 prop'e

891 1527 909 1550 n
926 1518 997 1547 enim
1022 1524 1079 1547 erat
1100 1524 1207 1556 tempus
1227 1523 1351 1547 eventus.
1375 1515 1561 1546 Admiratione
1583 1518 1672 1546 autem

925 1563 1039 1603 dignum
1052 1570 1101 1598 est,
1115 1562 1251 1601 quomodo
1273 1562 1301 1591 in
1315 1563 1434 1602 AEgypto
1448 1562 1547 1602 fingere
1566 1563 1672 1601 aliquid

925 1609 1061 1638 noluerint
1082 1608 1214 1648 sapientes
1234 1608 1443 1648 AEgyptiorum,
1473 1619 1534 1638 cum
1563 1609 1671 1638 nullum

925 1654 988 1684 inde
1001 1655 1153 1695 periculum
1173 1654 1240 1683 oriri
1262 1655 1407 1693 potuisset,
1423 1654 1470 1683 sed
1490 1655 1552 1693 fassi
1576 1655 1630 1684 siut
1643 1666 1672 1685 se

925 1700 1034 1729 haerere.
1052 1699 1134 1736 Quod
1158 1699 1181 1728 si
1202 1699 1305 1728 somnia
1322 1698 1472 1739 dijudicare
1493 1700 1627 1737 nesciant,
1642 1700 1670 1729 in

926 1756 978 1783 qua
999 1755 1028 1774 re
1049 1744 1102 1773 alia
1115 1744 1171 1772 illis
1184 1743 1347 1773 credendum
1366 1744 1424 1773 est?
1438 1744 1568 1783 Alioquin
1581 1752 1671 1775 autem

926 1791 984 1820 illic
1002 1800 1056 1819 non
1074 1789 1213 1829 oportebat
1233 1788 1263 1818 id
1276 1789 1334 1818 fieri
1349 1797 1396 1819 :at
1415 1789 1442 1819 in
1462 1790 1602 1830 prophetia
1621 1792 1670 1822 Jo-
1720 1827 1725 1831 ⁷

927 1836 1004 1876 sephi
1024 1835 1161 1865 manifesto
1180 1835 1279 1864 factum
1293 1841 1332 1864 est
1342 1857 1349 1870 ‚
1364 1842 1390 1864 et
1402 1835 1519 1865 maxime
1538 1836 1565 1865 in
1580 1843 1670 1866 ennu-

928 1882 995 1912 chis.
1009 1882 1130 1911 Observa
1148 1887 1237 1909 autem
1251 1880 1323 1919 quod
1335 1880 1456 1911 Chaldaei
1475 1891 1529 1911 non
1539 1890 1671 1912 vocarunt

928 1927 1068 1957 Danielem
1076 1938 1086 1965 5
1102 1925 1147 1955 sed
1159 1926 1312 1955 maluerunt
1324 1926 1409 1964 mori,
1423 1937 1506 1966 quam
1521 1927 1600 1957 illum
1613 1938 1670 1957 ser-

892 1980 910 2004 C
928 1983 1006 2003 mone
1015 1972 1155 2002 hominum
1167 1972 1330 2001 celebratum
1340 1972 1449 2002 intueri.
1458 1973 1599 2012 Numquid
1609 1973 1671 2004 ideo

911 2065 1030 2098 Scaligeri
1041 2062 1306 2091 animadversionibus.
1320 2065 1440 2090 Praeterea
1452 2065 1571 2091 Hebraeos
1583 2065 1671 2092 eadem

911 2110 972 2129 nota
983 2102 1113 2136 designare
1123 2102 1211 2127 solitos
1228 2111 1359 2128 numerum
1375 2103 1526 2137 secundum,
1540 2110 1565 2129 et
1583 2114 1671 2130 nume-

912 2151 967 2167 rum
985 2143 1024 2173 ⁴2,
1037 2147 1081 2167 aut
1092 2140 1174 2173 fallor,
1187 2146 1231 2166 aut
1248 2150 1335 2168 verum
1347 2151 1400 2168 non
1417 2148 1454 2167 est
1468 2152 1473 2166 ε
1492 2143 1606 2176 quamvis
1618 2143 1671 2169 fieri

911 2182 1022 2215 potuerit
1033 2186 1062 2206 ut
1079 2185 1111 2211 :⁹
1129 2186 1268 2205 mutaretur
1278 2180 1303 2206 in
1322 2185 1352 2215 3,
1371 2181 1453 2206 deleta
1469 2187 1514 2207 aut
1527 2181 1621 2207 detrita
1637 2182 1670 2207 li-

912 2223 990 2249 terula
1009 2228 1028 2249 9.
1045 2223 1156 2256 Denique
1171 2222 1204 2248 de
1221 2224 1403 2256 exscriptorum
1423 2230 1507 2250 errato
1525 2225 1671 2251 incredibile

914 2266 973 2291 mihi
984 2265 1021 2298 iit,
1033 2275 1091 2292 cum
1110 2273 1134 2292 et
1151 2272 1232 2292 textus
1248 2267 1386 2293 Heln-arcus
1405 2274 1431 2294 et
1446 2277 1533 2295 omnes
1547 2271 1670 2294 versiones

912 2307 1079 2331 consentiant.
1093 2306 1192 2330 Nemini
1209 2315 1267 2340 ergo
1288 2307 1393 2332 dubium
1411 2316 1463 2334 esse
1482 2314 1566 2341 potest
1584 2309 1670 2334 Nabu-

913 2343 1112 2370 chodonosor-em
1122 2343 1171 2369 hoc
1190 2344 1315 2370 somnium
1328 2354 1394 2371 anno
1413 2346 1523 2371 secundo
1545 2348 1613 2380 regni
1631 2348 1670 2372 sui

911 2383 1002 2409 vidisse
1015 2396 1020 2409 ι
1034 2392 1085 2408 non
1104 2383 1205 2421 quidem
1215 2384 1258 2417 (ut
1276 2384 1437 2410 Theodoreto
1452 2385 1669 2417 placet)secundo

911 2421 975 2447 illius
993 2422 1062 2455 regni
1081 2430 1131 2454 quo
1150 2431 1208 2447 cum
1224 2428 1296 2455 patre
1316 2423 1462 2456 imperavit,
1476 2432 1521 2448 nec
1533 2423 1579 2457 (ut
1598 2430 1670 2449 vetus

910 2459 1023 2486 scholion
1035 2459 1126 2491 habet)
1135 2460 1200 2485 illius
1211 2460 1280 2493 quod
1290 2467 1348 2493 post
1359 2462 1566 2494 expugnationem
1579 2463 1670 2487 civita-

912 2501 943 2524 tis
953 2508 983 2525 ac
1001 2499 1090 2532 templi
1113 2498 1258 2530 obtinuerit,
1281 2499 1325 2524 sed
1341 2500 1451 2525 secundo
1474 2500 1625 2526 monarchiae
1641 2503 1669 2527 in

911 2538 1029 2572 plurimas
1046 2544 1131 2571 gentes
1146 2539 1270 2563 exstineto
1291 2538 1491 2571 Nabopolassaro
1509 2546 1600 2573 partam
1613 2550 1671 2574 quae

911 2576 1178 2603 multorum'sententia
1190 2582 1236 2601 cst.

946 2625 955 2636 t
975 2623 1058 2652 Σαφῶς.
1073 2616 1139 2648 Lego
1154 2622 1230 2648 τορῶς.
