1890 2826
554 219 589 243 IN
617 218 730 250 lLLUD,
758 218 828 241 -vmt
857 217 1033 248 DOM¹NUM‚
1063 217 1187 240 ssOMlL.
1218 217 1240 240 Ι.

128 283 296 324 πραττόμενα
317 285 370 316 τοῖς
392 282 440 316 τῆς
462 280 604 316 ἐκκλησίας
629 278 768 320 ἀναφύρεις
789 278 897 312 τύποις·

127 330 170 360 διὰ
179 332 256 360 τοῦτο
264 333 322 362 ταῖς
338 327 451 366 ἀσήμοις
468 330 594 366 κραυγαῖς
608 326 639 355 τὸ
652 327 700 361 τῆς
721 327 809 365 ψυχῆς
830 325 894 354 ἄτα-

126 386 188 405 κτον
199 373 370 411 δημοσιεύεις.
394 373 458 405 Πῶς
471 368 515 401 οῧν
527 370 685 411 συγγνώμην
704 369 833 417 {interdu-(3
845 370 898 398 τῶν

126 417 228 450 οἰκὶίων
241 418 453 459 ἁμαρτημάτων;
470 419 527 451 πῶς
542 419 579 450 εἰς
599 412 686 447 οἶκτον
698 415 835 454 ἐπισπάσῃ
854 414 899 444 τὸν

127 463 265 501 Δεσπότην
275 487 283 502 ,
297 464 367 494 οὕτω
380 465 655 504 καταπεφρονημένως
668 462 717 499 τὴν
732 461 821 497 δέησιν
833 472 899 501 προ-

127 511 287 551 τεινόμενος;
308 509 438 547 Ἐλέησόν
462 521 509 548 με,
530 512 544 539 ὁ
562 509 648 546 Θεὸς,
673 509 774 548 λέγεις,
796 507 840 537 καὶ
855 509 901 536 τοῦ

127 557 215 591 ἐλέους
228 556 365 596 ἀλλότριον
388 556 420 586 τὸ
433 551 495 592 ἦθος
515 555 706 585 ἑπιδείκνυσαι.
732 553 825 584 Σῶσόν
849 565 881 592 με
894 575 902 590 ,

130 606 209 644 βοᾷς,
235 603 281 632 καὶ
295 602 365 637 ξένον
379 604 426 638 τῆς
440 601 572 642 σωτηρίας
594 601 625 631 τὸ
647 603 741 642 σχῆμα
755 601 900 633 διατυποῖς.

129 650 166 680 Τί
177 649 337 680 συντείνουσι
349 648 415 687 πρὸς
436 648 537 678 ἱκεσίαν
557 652 644 688 χεῖρες
664 647 709 677 ἐπὶ
728 648 903 687 μετεωρισμῷ

128 696 245 735 συνεχῶς
268 694 440 735 ἐπαιρόμεναι
465 694 511 724 καὶ
534 694 655 727 ἀτάκτως
678 692 884 734 περιφερόμεναι
895 714 903 729 ,

129 740 231 781 κραυγή
243 752 271 770 τε
284 740 385 781 σφοδρὰ
395 764 404 777 ,
424 740 469 770 καὶ
482 743 516 780 τῇ
530 741 604 780 βιαίᾳ
615 742 661 769 τοῦ
674 738 823 778 πνεύματος
834 738 904 774 ὠθή-

130 799 172 817 σει
188 787 219 816 τὸ
231 787 336 826 ἄσημον
358 787 471 827 ἔχωσας
486 787 557 827 Οὐχὶ
577 786 612 815 τὰ
628 785 676 825 μὲν
691 787 776 815 αὐτῶν
798 787 850 815 τῶν
876 786 903 814 ἐν

130 838 188 867 ταῖς
200 833 312 874 τριόδοις
331 832 532 873 ἑταιριζομένων
545 834 689 872 γυναυιῶν,
711 832 745 861 τὰ
760 831 788 862 δὲ
810 833 862 861 τῶν
876 833 904 861 ἐν

131 884 185 914 τοῖς
199 879 316 920 θεάτροις
329 879 483 920 φωνούντων
497 878 568 908 ἐστὶν
582 878 663 918 ἔργα;
675 879 739 911 Πῶς
752 873 795 908 οὖν
804 879 905 917 τολμᾷς

131 929 164 966 τῇ
176 927 304 965 ἀγγελικῇ
318 925 402 964 ταύτῃ
417 924 551 965 δοξολογίᾳ
569 924 603 954 τὰ
626 926 679 954 τῶν
693 923 823 963 δαιμόνων
838 925 904 953 ἀνα-

133 972 248 1012 μιγνύειν
262 971 371 1011 παίγνια
379 983 388 1008 ;
412 974 468 1005 πῶς
488 971 516 1001 δὲ
529 972 578 1001 οὔκ
591 971 651 1010 αἰδῇ
665 970 765 1006 ταύτην
785 969 833 1006 τὴν
847 982 905 1010 φω-

130 1019 198 1055 νὴν,
223 1019 256 1055 ἣν
274 1020 346 1049 εέκεῖ
368 1019 500 1060 ἐκφέρεις,
523 1018 688 1048 Δουλεύσατε
707 1019 746 1058 τῷ
761 1017 851 1057 Κυρίῳ
878 1019 905 1046 ἐν

132 1065 222 1106 φόῧῳ,
236 1065 337 1105 λέγων,
352 1065 397 1095 καὶ
409 1066 568 1104 ἀγαλλιᾶσθε
582 1065 655 1103 αὐτῷ
669 1065 696 1092 ἐν
707 1063 807 1103 τρόμῳ;
818 1063 905 1092 Τοῦτό

133 1113 203 1141 ἐστιν
212 1134 220 1148 ,
236 1113 263 1141 ἐν
276 1111 350 1152 φόὸῳ
362 1110 492 1140 δουλεύειν
502 1132 510 1144 ,
525 1110 556 1139 τὸ
567 1109 740 1148 διακεχύσθαι
753 1121 782 1138 τε
794 1108 839 1138 καὶ
851 1110 906 1138 δια-

133 1157 279 1194 τείνεσθαι,
301 1158 346 1187 καὶ
359 1157 426 1196 μηδὲ
440 1156 548 1186 σεαυτὸν
568 1155 725 1186 ἐπίστασθαι
743 1154 804 1195 περὶ
827 1154 905 1184 τίνων

135 1203 243 1243 διαλέγῃ
255 1205 287 1243 τῇ
300 1203 406 1242 ἀτάκτῳ
425 1205 472 1238 τῆς
485 1204 572 1242 φωνῆς
587 1201 726 1241 ἐνηχῆσει;
751 1202 838 1230 Τοῦτο
859 1213 906 1230 κα-

134 1248 317 1289 ταφρονήσεώς
326 1250 396 1278 ἐστιν
407 1270 415 1284 ,
435 1249 466 1277 οὗ
477 1247 558 1288 φόὸου
566 1269 574 1283 ,
587 1247 736 1281 ἀλαζονείας
744 1269 752 1283 ,
770 1247 799 1276 οὗ
811 1259 906 1276 ταπει-

135 1295 237 1330 νώσεως
248 1307 254 1314 ·
266 1299 343 1324 τοῦτο
355 1294 500 1328 παιζόντων
515 1295 626 1333 μᾶλλον,
641 1296 652 1309 “
660 1293 678 1329 ἢ
693 1293 906 1333 δοξολογούντων.

135 1340 171 1371 Τί
185 1336 230 1371 οὖν
244 1342 302 1370 ἐστι
313 1340 344 1370 τὸ
358 1340 489 1370 δουλεύειν
503 1341 541 1379 τῷ
553 1339 644 1379 Κυρίῳ
655 1340 683 1368 ἐν
694 1338 785 1379 φόὸῳῗ
797 1339 838 1368 Τὸ
850 1344 906 1368 πᾶ-

134 1399 184 1417 σαν
202 1386 308 1423 ἐντολὴν
322 1387 540 1426 ἀποπληροῦντας
553 1385 626 1426 φόὸῳ
640 1385 686 1415 καὶ
704 1386 819 1425 συστολῇ
839 1385 906 1415 ταύ-

134 1445 183 1469 την
205 1433 426 1475 κατεργάζεσθαι,
449 1434 479 1463 τὸ
505 1430 713 1472 συντετριμμένῃ
741 1431 837 1472 καρδίᾳ
861 1431 906 1461 καὶ

134 1478 350 1520 τεταπεινωμένα)
364 1479 404 1510 νοῒ
415 1478 466 1513 τὰς
475 1479 585 1521 Δὶκεσίας
603 1477 616 1495 ¹³
626 1477 830 1519 προὸάλλεσθαι.
851 1477 905 1507 Καὶ

135 1527 164 1555 οὗ
179 1525 256 1564 μόνον
266 1525 396 1556 δουλεύειν
409 1526 436 1555 ἐν
451 1524 534 1566 φόΰῳ,
549 1524 617 1554 ἀλλὰ
630 1524 676 1554 καὶ
689 1525 866 1564 ἀγαλλιᾶσθαι
877 1525 904 1553 ἐν

135 1572 226 1613 τρόμῳ
239 1573 269 1602 τὸ
281 1575 393 1612 Πνεῦμα
410 1571 440 1602 τὸ
453 1572 526 1611 ἅγιον
541 1571 584 1600 διὰ
605 1574 651 1601 τοῦ
669 1571 805 1611 προφήτου
818 1582 905 1611 παρα-

136 1618 280 1648 κελεύεται.
297 1618 408 1655 Ἐπειδὴ
422 1618 474 1658 γὰρ
487 1620 505 1654 ἡ
519 1620 567 1654 τῆς
585 1619 692 1653 ἐντολῆς
706 1618 842 1657 πλήρωσις
857 1629 907 1657 χα-

139 1663 186 1704 ρὰν
209 1664 297 1694 εἴωθεν
317 1666 436 1704 ἐμποιεῖν
456 1666 495 1704 τῷ
517 1663 566 1699 τὴν
590 1663 686 1703 ἀρετὴν
709 1665 847 1700 ἀσκοῦντι,
861 1663 906 1693 καὶ

135 1710 245 1747 ταύτην,
257 1710 338 1750 φησὶ,
351 1710 442 1750 τρόμῳ
461 1710 506 1740 καὶ
521 1709 575 1739 δέει
596 1713 607 1726 ⁸
617 1712 748 1739 ποιεῖσθαι
765 1709 905 1749 προσήκει,

136 1756 180 1786 ἵνα
192 1756 229 1796 μὴ
243 1758 276 1796 τῇ
287 1756 383 1796 ἀφοὸίᾳ
398 1755 578 1796 συγχεόμενοι,
588 1754 648 1788 τούς
657 1767 686 1784 τε
699 1756 793 1788 πόνους
807 1756 906 1793 ζημιω-

137 1804 240 1842 θῶμεν,
260 1802 305 1832 καὶ
325 1802 370 1832 τὸν
388 1802 457 1832 Θεὸν
478 1800 676 1841 παροξύνωμεν.
696 1801 760 1833 Πῶς
780 1800 808 1830 δὲ
821 1799 905 1837 ἔσται,

138 1849 217 1889 φησὶν
226 1870 234 1884 ,
248 1848 409 1888 ἀγάλλεσθαι
423 1849 450 1877 ἐν
463 1847 567 1887 τρόμῳ;
589 1846 642 1876 Καὶ
659 1846 711 1886 γὰρ
725 1846 783 1875 οὐδὲ
798 1846 906 1875 δυνατὸν

138 1893 207 1925 κατὰ
225 1894 320 1924 ταῦτὸν
339 1893 373 1923 τὰ
391 1893 436 1923 δύο
455 1892 626 1932 συμὸαίνειν,
646 1893 747 1928 πολλῆς
767 1891 846 1927 οὔσης
860 1894 908 1928 τῆς

139 1939 235 1980 μεταξὺ
250 1941 336 1970 αὐτῶν
353 1940 486 1979 διαφορᾶς.
502 1938 580 1978 Χαρὰ
591 1938 642 1978 γάρ
662 1939 719 1967 ἐστι
738 1937 907 1977 καταθυμίων

140 1987 273 2027 πλήρωσις
282 2009 291 2022 ,
306 1985 351 2015 καὶ
364 1984 447 2021 ἡδέων
466 1984 624 2021 ἀπόλαυσις,
639 1984 684 2013 καὶ
695 1985 809 2024 ἀνιαρῶν
822 1984 891 2019 λήθη
901 1996 908 2002 ·

140 2029 217 2070 φόὸος
234 2030 262 2060 δὲ
275 2028 450 2068 ἐλπιζομένων
465 2031 553 2058 κακῶν
567 2028 700 2063 ἐπίτασις,
719 2028 763 2057 ἐπὶ
777 2040 908 2068 κατεγνω·

140 2076 228 2117 σμένῳ
247 2075 433 2114 συνιστάμενος
448 2074 585 2105 συνειδότι.
598 2076 661 2108 Πῶς
675 2070 719 2104 οὖν
739 2074 810 2103 ἔστιν
822 2075 908 2114 ἀγάλέ

141 2124 230 2152 λεσθαι
249 2123 276 2151 ἕν
299 2121 389 2162 φόὸῳ,
402 2121 447 2150 καὶ
461 2123 512 2161 οὐχ
532 2122 622 2154 ἁπλῶς
641 2122 668 2150 ἐν
691 2120 782 2161 φόὸῳ,
805 2122 864 2150 ἀλλ’
880 2122 907 2149 ἐν

140 2167 239 2208 τρόμῳ,
261 2167 325 2208 ὅπερ
343 2167 462 2200 ἐπίτασίς
484 2168 541 2197 ἐστι
557 2170 602 2196 τοῦ
624 2166 721 2207 φόὸου,
742 2166 786 2196 καὶ
807 2168 907 2202 πολλῆς

142 2213 253 2252 ἀγωνίας
277 2218 399 2251 σημεῖονς
418 2215 475 2244 πῶς
497 2213 542 2249 δὲ,
559 2212 640 2252 φησὶ,
659 2215 736 2242 τοῦτο
755 2212 907 2252 γενήσεται;

142 2263 217 2292 Αὖτά
231 2275 261 2293 σε
273 2263 306 2294 τὰ
318 2263 439 2304 Σεραφὶμ
450 2264 631 2299 διδάσκουσιν,
642 2264 709 2304 ἔργῳ
723 2263 771 2299 τὴν
784 2262 907 2299 τοιαύτην

143 2315 344 2354 ἀποπληροῦντα
358 2314 501 2344 διακονίαν.
515 2315 567 2345 Καὶ
581 2315 632 2355 γὰρ
644 2316 731 2344 ἐκεῖνα
747 2317 794 2350 τῆς
807 2314 907 2354 ἀφάτου

143 2363 218 2400 δόξης
231 2365 397 2395 ἀπολαύοντα
408 2369 454 2395 τοῦ
467 2365 583 2403 κτίστου,
595 2366 640 2396 καὶ
660 2365 690 2395 τὸ
705 2365 841 2405 ἀμήχανον
856 2366 908 2394 ἐνο-

176 2447 185 2458 ‘
202 2441 254 2469 ἐκεῖ
265 2442 334 2468 deest
345 2443 369 2468 in
379 2444 487 2477 quinque
496 2453 568 2469 sexve
578 2445 762 2476 Manuscriptis.
783 2444 857 2469 Certe
865 2452 898 2469 an

144 2481 250 2514 expungi
262 2481 355 2507 debeat
365 2481 464 2514 dubito,
475 2492 522 2508 nec
534 2489 619 2508 tamen
631 2482 721 2515 audeo,
735 2483 793 2515 qula
801 2483 827 2507 in
839 2482 899 2508 Edi-

145 2521 177 2546 ti⁸
190 2526 216 2546 et
229 2520 254 2546 in
266 2521 362 2555 aliquot
372 2522 431 2547 Mas.
445 2521 537 2555 fertur,
550 2528 576 2547 et
592 2528 725 2555 utcumque
738 2522 796 2547 ferri
807 2527 898 2555 potest.

178 2567 190 2579 ¹
207 2559 277 2585 Unus
293 2562 308 2585 α’
319 2560 413 2586 Snvilio
424 2562 450 2586 in
462 2563 573 2594 margine
586 2560 677 2586 allatus
689 2565 703 2591 ἡ
721 2564 900 2596 &oswio-sowi-

148 2609 197 2624 m.

179 2639 192 2658 k·
208 2637 278 2664 Unus
287 2642 461 2673 προτρέπετθκι.

1623 207 1688 240 113

948 284 1064 307 mentem
1071 284 1146 307 tuam
1153 277 1331 307 obscurarunt
1341 289 1347 306 :
1356 285 1382 307 et
1391 277 1452 308 ideo
1463 288 1523 317 quae
1534 277 1592 308 illic
1600 288 1700 318 gerun-

948 330 994 353 tur
1014 324 1042 354 in
1060 324 1178 354 ecclesiae
1201 324 1270 354 ritus
1296 324 1402 354 inducis
1421 337 1428 354 ι
1452 324 1512 354 ideo
1535 325 1700 355 clamoribus

949 370 1019 399 nihil
1033 371 1098 400 certi
1117 370 1331 410 significantibus
1349 370 1469 400 animum
1492 371 1701 412 incompositum

950 417 1072 457 evulgas.
1083 417 1227 454 Quomodo
1236 428 1299 457 ergo
1308 417 1414 447 veniam
1426 417 1576 458 postulabis
1591 425 1700 447 tuorum

951 458 1130 493 delictorum?
1153 464 1288 503 quomodo
1314 463 1348 493 ad
1371 463 1583 493 misericordiam
1603 466 1700 494 Domi—

952 519 1019 538 num
1030 509 1159 546 inflectes‚
1176 509 1223 548 qui
1242 520 1328 549 usque
1346 509 1413 539 adeo
1431 510 1586 540 contemtim
1606 511 1702 540 offeras

953 555 1151 594 precationem?
1168 558 1307 586 Miserere
1328 558 1401 594 mei,
1425 556 1522 593 Deus,
1542 555 1651 595 inquis,
1670 567 1701 586 ac

954 611 1041 630 mores
1060 612 1076 631 a
1096 601 1280 631 misericordia
1300 601 1401 631 alienos
1422 601 1553 631 declaras.
1577 601 1700 637 Clamas,

954 646 1045 676 Serva
1054 658 1109 681 me,
1119 654 1146 677 et
1156 648 1276 688 corporis
1285 648 1400 688 speciem
1410 658 1426 677 a
1433 648 1520 677 salute
1531 647 1645 677 alienam
1657 659 1704 677 ex-

919 695 938 718 Ε
954 693 1060 733 primis.
1075 693 1151 731 Quid
1162 694 1197 723 ad
1211 693 1420 734 supplicandum
1443 694 1583 723 conferunt
1595 704 1702 730 manus,

955 750 1015 778 quae
1027 751 1133 781 semper
1144 741 1172 769 in
1182 741 1298 770 sublime
1307 741 1455 781 jactantur,
1470 747 1496 770 et
1510 740 1635 770 indecore
1648 741 1704 770 cir·
1750 769 1755 773 ς

955 794 1146 826 cumaguntur‚
1160 786 1226 826 quid
1237 787 1339 816 clamor
1349 787 1504 823 vehemens,
1513 787 1560 826 qui
1571 798 1634 816 cum
1645 787 1704 817 vio-

957 833 1029 862 lento
1043 833 1157 873 spiritus
1173 833 1294 873 impulsu
1313 833 1454 873 strepitum
1468 833 1549 862 habet
1561 833 1630 862 nihil
1640 832 1705 862 certi

956 879 1155 909 declarantem?
1166 879 1263 908 Annon
1272 879 1322 909 ista
1331 879 1440 918 quidem
1450 879 1548 919 partim
1559 878 1705 908 mulierum

956 927 985 955 in
998 926 1087 956 triviis
1105 925 1284 955 meretriciam
1304 932 1388 955 artem
1401 925 1593 961 exercentium,
1607 925 1706 965 partim

957 983 1022 1003 vero
1031 971 1185 1010 eorum‚qui
1192 971 1220 1000 in
1229 971 1339 1000 theatris
1350 972 1529 1001 vociferantur
1537 978 1599 1000 sunt
1605 982 1685 1012 opera
1692 972 1706 1001 Ξ)

918 1040 944 1059 99
957 1017 1101 1055 Quomodo
1120 1018 1204 1057 igitur
1219 1017 1303 1046 audes
1322 1017 1478 1057 angelorum
1499 1019 1587 1047 Deum
1604 1018 1704 1058 glorifi-

922 1069 941 1090 A
958 1064 1075 1093 cantium
1097 1064 1207 1104 hymnis
1231 1063 1384 1093 daemonum
1411 1063 1557 1094 admiscere
1581 1064 1707 1094 ludicra?

957 1110 1094 1150 quomodo
1105 1117 1194 1139 autem
1208 1120 1260 1139 non
1274 1110 1404 1140 revereris
1419 1111 1489 1140 hanc
1507 1121 1610 1147 vocem,
1624 1122 1706 1150 quam

958 1157 1016 1186 illic
1029 1157 1143 1197 profers,
1162 1157 1273 1186 servite
1287 1157 1416 1186 Domino
1435 1160 1467 1186 in
1488 1159 1601 1195 timore,
1614 1163 1643 1187 et
1655 1168 1706 1186 ez·-
1720 1170 1811 1192 mah-2,
1821 1176 1826 1191 1
1836 1176 1857 1192 ι,

958 1204 1068 1233 saltate
1087 1204 1116 1232 ei
1129 1214 1194 1233 cum
1215 1210 1338 1233 tremore
1349 1206 1363 1231 P
1381 1204 1499 1233 Hoccine
1519 1211 1558 1233 est
1577 1215 1641 1234 cum
1654 1211 1708 1234 tre—

958 1260 1033 1279 more
1051 1249 1169 1286 servire,
1190 1248 1229 1278 sic
1255 1248 1373 1278 diffundi
1396 1248 1583 1288 distendique,
1605 1257 1634 1279 ut
1658 1260 1707 1279 nec

957 1296 1015 1336 ipse
1025 1296 1102 1332 scias,
1119 1306 1178 1335 quae
1191 1295 1310 1335 loquaris
1320 1295 1497 1336 incomposito
1509 1296 1584 1326 vocis
1597 1296 1681 1326 boatu
1693 1297 1706 1325 Ξ)

955 1343 1032 1373 Istud
1039 1354 1104 1373 vcro
1114 1349 1262 1372 contemtus
1273 1349 1323 1380 est,
1334 1353 1387 1372 non
1401 1342 1521 1375 timoris;
1536 1345 1705 1384 arrogantiae,

956 1399 1010 1418 non
1023 1388 1184 1418 humilitatis
1193 1400 1203 1426 ;
1214 1387 1445 1418 istudludentium
1459 1395 1498 1418 est
1511 1389 1612 1429 potius,
1625 1400 1708 1429 quam

956 1434 1064 1465 divinas
1086 1434 1180 1464 laudes
1204 1434 1406 1464 celebrantium.
1422 1434 1499 1472 Quid
1520 1446 1584 1475 ergo
1606 1436 1707 1466 servire

956 1481 1073 1510 Domino
1084 1481 1111 1510 in
1125 1480 1242 1510 timore?
1255 1481 1324 1510 Cum
1339 1490 1418 1510 omne
1439 1488 1603 1521 praeceptum
1617 1483 1706 1522 perse-

956 1527 1082 1564 cerimus,
1094 1537 1156 1557 cum
1176 1533 1291 1556 tremore
1303 1533 1329 1555 et
1339 1533 1411 1556 metu
1431 1526 1500 1556 hanc
1516 1528 1707 1558 consessionem

958 1575 1058 1609 facere,
1072 1573 1153 1603 corde
1165 1573 1280 1602 contrito
1300 1579 1441 1612 menteque
1461 1574 1594 1604 submissa
1614 1585 1706 1615 preces

956 1621 1063 1650 offerre.
1072 1621 1127 1650 Nec
1140 1620 1228 1649 solum
1242 1619 1343 1649 servire
1357 1619 1384 1648 in
1400 1619 1506 1657 timore,
1522 1631 1616 1650 verum
1628 1621 1707 1650 etiam

956 1666 1090 1695 exsultare
1109 1676 1171 1695 cum
1192 1672 1307 1694 tremore
1325 1664 1443 1704 Spiritus
1463 1672 1570 1695 sanctus
1583 1677 1632 1706 per
1645 1677 1707 1706 pro·

957 1712 1064 1751 phetam
1073 1711 1159 1751 jubet.
1183 1712 1253 1741 Nam
1267 1710 1394 1749 quoniam
1409 1711 1535 1751 praecepti
1547 1712 1707 1751 exsequutio

956 1758 1085 1797 gaudium
1108 1758 1216 1797 gignere
1235 1758 1302 1786 solet
1322 1757 1349 1786 in
1369 1757 1459 1786 animo
1480 1759 1609 1788 virtutem
1631 1770 1708 1789 exer-

957 1804 1050 1839 centis,
1066 1810 1091 1832 et
1104 1803 1186 1839 hanc,
1201 1802 1301 1842 inquit,
1316 1804 1508 1833 confessionem
1528 1815 1589 1834 cum
1609 1811 1708 1835 tremo-

957 1860 987 1879 re
999 1850 1086 1879 facere
1104 1849 1239 1886 convenit,
1262 1859 1295 1878 ne
1316 1849 1337 1878 si
1360 1848 1482 1889 deposito
1502 1857 1575 1879 metu
1596 1851 1709 1880 confun-

956 1896 1055 1926 damur
1068 1907 1099 1926 ac
1111 1895 1306 1932 dissolvamur,
1331 1894 1414 1924 simul
1433 1902 1459 1925 et
1482 1896 1609 1926 laborum
1617 1898 1707 1937 jactu-

957 1954 1015 1973 ram
1027 1944 1166 1980 faciamus,
1182 1950 1208 1972 ct
1229 1945 1315 1972 Deum
1335 1943 1363 1971 in
1383 1952 1432 1972 nos
1451 1953 1637 1983 provocemus.
1654 1943 1709 1973 Sed

958 1989 1112 2029 quomodo,
1131 1989 1238 2028 inquis,
1256 1989 1316 2018 fieri
1338 1995 1443 2028 potest,
1464 1995 1495 2018 ut
1510 1989 1572 2028 quis
1592 1990 1709 2020 exsultet

959 2049 1020 2067 cum
1045 2037 1181 2068 tremore?
1205 2037 1275 2066 Nam
1297 2035 1466 2076 impossibile
1490 2043 1530 2066 est
1546 2036 1628 2066 simul
1652 2038 1709 2067 haec

959 2083 1015 2114 duo
1028 2083 1157 2120 accidere,
1170 2093 1232 2112 cum
1253 2083 1320 2111 inter
1332 2082 1388 2111 haec
1403 2082 1519 2122 plurima
1534 2083 1569 2112 sit
1581 2083 1709 2113 disseren-

959 2131 1006 2160 tia.
1022 2130 1162 2161 Gaudium
1175 2129 1247 2159 enim
1261 2135 1299 2158 est
1312 2139 1418 2163 eorum,
1434 2139 1494 2167 quae
1507 2128 1709 2159 desidet-atani—

960 2188 1034 2214 mus,
1044 2177 1162 2217 expletio
1173 2199 1181 2213 ‚
1197 2186 1340 2214 rerumque
1355 2174 1539 2214 jucundarum
1551 2175 1643 2204 fruitio
1654 2198 1662 2213 ,
1677 2187 1708 2205 ac

960 2224 1131 2254 molestarum
1150 2222 1254 2252 oblivio
1259 2233 1268 2260 3
1287 2229 1373 2251 metus
1393 2228 1480 2250 autem
1495 2229 1708 2261 exspectator-um

961 2271 1093 2300 malorum
1108 2270 1242 2304 incursus,
1259 2270 1347 2297 oriens
1360 2268 1488 2298 adversus
1505 2268 1708 2298 condemnatam

960 2317 1158 2348 conscientiam.
1193 2314 1336 2353 Quomodo
1366 2314 1450 2354 igitur
1482 2314 1544 2343 licet
1574 2315 1708 2344 exsultare

960 2375 1022 2394 cum
1033 2363 1139 2400 timore,
1149 2372 1196 2391 nec
1210 2360 1368 2400 simpliciter
1381 2371 1443 2390 cum
1452 2360 1559 2397 timore,
1569 2360 1616 2389 sed
1627 2360 1706 2390 etiam

920 1526 938 1549 Β

922 2033 943 2058 C

979 2451 990 2463 ’ὲ
1008 2446 1121 2469 Ποιεῖσθαι
1128 2444 1260 2477 προτρέπει.
1269 2440 1311 2467 sic
1321 2438 1372 2464 duo
1380 2440 1437 2464 Mas.
1447 2438 1516 2463 Infra
1527 2437 1629 2471 quidam
1636 2442 1708 2471 ἀμ),-

948 2485 1038 2510 λιᾶσθαι
1049 2486 1071 2508 ἐν
1083 2486 1204 2517 τρόμῳ,εῑ
1215 2480 1280 2505 infra
1293 2481 1352 2504 item
1365 2481 1515 2512 ἀγαλλιᾶσθαι
1526 2481 1549 2503 ἐν
1560 2481 1628 2511 φόθῳ,
1638 2478 1708 2504 etsie

948 2521 1038 2555 legitur
1051 2523 1075 2546 in
1088 2528 1159 2545 versu
1172 2518 1275 2544 secundi
1286 2518 1378 2544 Psalmi
1391 2525 1464 2549 supra
1477 2515 1568 2548 allat03
1581 2516 1625 2541 sed
1638 2523 1708 2542 utra-

949 2569 997 2594 que
1015 2560 1091 2585 lectio
1109 2559 1232 2593 quadrat,
1246 2558 1379 2590 potuitque
1391 2555 1587 2589 Chrysostomus
1598 2560 1710 2589 ἀγαλλιᾶ-

951 2604 1002 2627 σθκι
1020 2605 1118 2624 mutare
1138 2597 1163 2623 in
1182 2600 1334 2629 ὰγάλλισθαι,
1353 2593 1421 2627 quod
1439 2593 1547 2626 idipsum
1566 2600 1617 2628 est3
1634 2594 1709 2629 idque

950 2640 1025 2663 etiam
1040 2638 1064 2663 in
1077 2645 1146 2662 more
1159 2634 1244 2660 habet.
