1890 2826
44 931 66 959 3.
83 924 135 946 Cor.
147 923 183 946 13.

193 192 262 228 502

193 276 262 300 care,
275 265 408 305 Spiritum
420 271 540 294 sanctum
551 265 659 295 oracula
673 265 794 295 fundere.
811 265 874 304 Ego
881 266 940 303 pri-

195 323 284 349 mum,
301 323 352 352 ego
366 319 394 341 et
404 319 469 351 post
483 313 555 346 hcec,
571 319 597 341 et
609 319 714 352 proeter
727 322 772 341 me
786 313 867 341 Deus
881 321 941 340 non

195 366 249 388 est.
272 360 333 388 Per
350 361 547 399 memetipsum
556 361 636 399 juro.
660 358 729 395 Quis
748 365 787 388 est
798 357 845 397 qui
863 357 940 392 dicit,

194 407 259 446 Ego
274 417 337 436 sum
349 412 378 435 et
392 417 450 435 non
467 412 509 435 est
523 405 661 443 alius?et‚
671 406 718 434 De
729 416 778 435 ore
790 416 853 435 meo
863 415 942 445 egre-

194 454 291 482 dietur
307 454 423 493 justitia
429 466 442 488 ;
462 459 499 489 et,
512 454 670 493 Sermones
696 454 753 481 mei
777 462 834 481 non
855 462 940 481 aver-

196 505 294 529 tentur
308 512 315 527 .·
330 501 401 539 quia
418 500 491 528 mihi
513 500 648 529 curvabit
660 509 690 529 se
707 509 792 528 omne
811 509 897 540 genu,
913 505 940 527 et

195 548 289 575 omnis
304 546 408 585 lingua
422 546 608 587 confitebitur
618 545 714 575 Deum
730 555 833 575 verum
842 547 855 572 ?
869 545 941 581 Quo-

194 592 275 621 modo
285 592 362 632 ponis
373 591 495 622 dictum?
509 592 536 621 in
546 603 626 631 quem
635 591 749 622 assumis
756 601 851 621 nomen
859 591 873 620 Ρ
887 590 941 620 Sed
958 590 976 614 Β

194 645 222 667 tu
236 648 268 667 ne
282 637 357 667 dicas
369 649 399 667 ea
420 649 479 677 quae
494 638 600 677 ignoras
607 649 616 676 ;
630 648 716 677 neque
737 648 787 678 ego
800 636 872 676 quod
888 646 940 666 non

194 685 257 715 novi
279 685 370 715 effero.
397 686 550 724 Sequamur
572 684 732 724 magistrum
762 684 940 725 spiritualem,

194 731 240 769 qui
255 741 303 760 nos
316 731 448 764 deducere
462 731 549 761 valeat
560 730 595 760 ad
609 730 744 771 pietatem.
760 732 800 760 Ne
812 730 896 770 igitur
907 738 941 758 ex

194 787 237 806 me
250 776 355 813 audias,
364 777 409 807 sed
425 776 489 806 audi
503 787 620 806 mecum.
632 777 690 816 Ego
702 776 941 806 ecclesiasticorum

193 822 349 863 dogmatum
369 823 485 853 Paulum
498 823 562 853 novi
579 822 726 852 doctorem.
741 823 811 853 Cum
825 821 941 852 Paulum

193 868 267 905 dico,
295 869 437 900 Christum
455 869 589 910 praedico;
604 869 662 909 ipse
681 868 753 897 enim
771 875 829 897 erat
845 868 893 906 qui
912 868 940 897 in

194 915 279 945 Panlo
295 915 467 955 loquebatur,
490 915 639 945 secundum
658 914 728 943 illud
746 913 849 944 dictum
865 925 873 942 ι
887 915 942 942 Αη

194 963 422 1000 experimentum
437 963 566 1001 (μιαν-ἱεῖς
582 962 654 1000 ejus,
670 962 723 1000 qui
740 962 772 988 in
785 971 830 988 me
844 960 940 999 loqui-

195 1010 245 1034 tur
259 1006 390 1035 Christi?
406 1007 482 1036 Hanc
499 1005 584 1045 igitur
601 1004 764 1044 praemissam
779 1004 858 1033 Isaiae
875 1014 939 1044 pro-

194 1051 313 1091 phetiam
329 1064 336 1080 :
350 1053 415 1092 Ego
434 1062 509 1087 sum,
523 1058 552 1080 et
572 1061 632 1079 non
654 1057 695 1079 est
719 1051 814 1085 alius;
830 1057 866 1087 et,
882 1051 941 1079 Per

195 1101 392 1139 memetipsum
397 1100 478 1139 juro,
498 1100 569 1138 quia
582 1099 656 1127 mihi
671 1098 803 1127 curvabit
812 1108 843 1126 se
855 1108 940 1126 omne

194 1156 280 1185 genu,
295 1153 323 1175 et
342 1148 436 1175 omnis
459 1146 561 1184 lingna
581 1145 767 1180 confitebitur
785 1145 881 1174 Deum
893 1156 940 1174 ve-
957 1154 976 1178 c

195 1199 270 1226 rum,
292 1190 394 1219 Paulus
409 1189 443 1219 dc
455 1189 563 1219 Christo
577 1189 675 1228 accipit
708 1189 743 1218 Et
755 1189 802 1218 ubi
817 1189 887 1218 hanc
900 1189 940 1218 in-

195 1235 270 1264 venis
294 1235 567 1264 demonstrationem?
597 1235 637 1264 Ad
662 1236 797 1264 Romanos
822 1235 940 1266 scribens

44 1288 187 1316 Ram.=4.1o
197 1279 250 1308 ait:
270 1280 312 1308 Τιι
323 1286 419 1308 autem
430 1281 502 1319 quid
509 1280 628 1319 judicas
631 1280 764 1319 fratrem
774 1286 855 1308 tuum
866 1282 878 1307 P
889 1287 941 1309 aut

48 1320 134 1342 13.11.

198 1332 229 1354 tu
242 1335 333 1366 quare
349 1327 460 1364 spernis
472 1326 603 1365 fratrem
623 1327 726 1354 tuum?
743 1335 796 1354 cur
816 1326 940 1355 invicem

193 1373 336 1411 judicatis·
345 1376 357 1400 Ρ
367 1373 473 1402 Omnes
483 1374 559 1401 em'm
573 1371 714 1400 stabimus
728 1378 797 1400 ante
811 1373 942 1401 tribunal

199 1417 464 1456 Christi.Scr-iptum
476 1422 518 1445 cst
529 1417 606 1444 enim
614 1427 624 1444 .-
634 1416 671 1444 Vi
674 1426 709 1445 νο
722 1427 785 1456 ego,
793 1417 865 1445 dicit
875 1417 939 1446 Do-

196 1465 303 1499 minus,
318 1463 458 1502 quoniam
479 1463 550 1491 mihi
552 1461 698 1503 flectetur
715 1473 799 1490 omne
814 1473 899 1502 genu,
911 1470 939 1492 et

199 1511 294 1538 omnis
303 1509 405 1549 lingua
412 1508 596 1547 confitebitur
603 1508 698 1537 Deum
711 1518 825 1538 verum.
836 1509 888 1539 Ille
901 1516 939 1539 est

196 1555 245 1593 qui
258 1555 305 1591 ait,
316 1556 379 1595 Ego
399 1565 474 1591 sum,
484 1561 512 1584 et
524 1565 583 1583 non
595 1561 638 1583 est
653 1554 729 1583 alius
737 1567 749 1589 ;
760 1565 814 1594 per·
824 1562 938 1585 memet-

196 1603 288 1640 ipsum
294 1603 449 1641 juro‚quia
461 1601 535 1629 mihi
543 1602 715 1629 curvabitur
724 1611 808 1629 omne
818 1599 940 1638 genu-Si

195 1657 258 1686 ergo
272 1646 373 1676 Paulus
385 1646 553 1686 prophetiam
569 1646 679 1675 Christo
689 1646 783 1676 refert:
792 1647 839 1686 qui
851 1654 940 1676 autem

197 1690 272 1731 apud
282 1691 444 1731 prophetam
455 1691 578 1730 loquitur
590 1697 629 1720 est
643 1690 767 1720 Christus
778 1702 787 1729 ;
797 1690 865 1720 dicit
874 1701 940 1721 vero
957 1701 976 1725 n

194 1739 328 1776 Christus,
342 1740 407 1779 Ego
421 1749 484 1768 ¹mm
495 1739 585 1776 solus,
598 1745 627 1768 et
638 1749 697 1767 non
711 1745 754 1768 est
766 1739 845 1768 alius
857 1751 865 1768 .·
877 1749 940 1779 ergo

194 1786 300 1814 Patrem
317 1785 390 1825 ejicit
410 1784 573 1814 divinitate?
587 1784 670 1823 Atqui
683 1794 736 1813 non
746 1784 820 1824 ejicit
828 1796 837 1823 ;
847 1796 939 1815 revera

194 1841 308 1870 namque
319 1841 372 1860 non
377 1831 465 1871 ejicit;
477 1830 620 1860 individua
630 1831 702 1860 enim
709 1838 748 1860 est
757 1831 854 1870 gloria.
866 1832 940 1871 Ergo

194 1877 264 1906 clare
271 1877 481 1906 demonstratum
488 1883 538 1912 est,
544 1876 772 1916 quemadmodum
784 1878 871 1908 Filius
877 1889 939 1908 cum

194 1924 272 1960 dicit,
288 1925 353 1964 Ego
366 1935 430 1953 sum
443 1924 533 1960 solus,
548 1934 602 1952 non
615 1924 690 1964 ejicit
703 1928 825 1960 Patrem5
841 1926 876 1955 ita
889 1936 937 1955 ne-

194 1981 246 2008 que
260 1981 319 1999 cum
331 1969 365 1999 de
376 1971 452 1999 Patre
466 1969 543 2007 dicit,
562 1971 601 1999 Ut
614 1978 791 2010 cognoscant
807 1978 833 1999 te
844 1972 938 2001 solum

197 2027 301 2045 verum
317 2017 423 2052 Deum,
439 2017 557 2056 seipsum
576 2017 716 2056 sejungere
729 2017 877 2047 averitate.
888 2019 938 2048 Ne·

194 2073 246 2101 que
259 2062 310 2092 boc
321 2062 408 2091 solum
419 2062 562 2091 salubriter
571 2061 684 2092 docetur
694 2076 702 2098 ;
714 2062 761 2093 sed
770 2064 850 2093 etiam
859 2064 939 2094 Chri-

193 2115 264 2137 stum
275 2118 330 2137 esse
340 2119 434 2137 verum
446 2109 532 2137 Deum
542 2119 577 2137 ex
586 2108 645 2147 ipso
657 2109 807 2138 testimonio
816 2110 937 2140 infertur.

193 2153 342 2194 Subjungit
362 2153 444 2189 enim,
462 2154 502 2182 Et
523 2155 616 2182 omnis
628 2154 731 2194 lingua
755 2157 940 2195 confitebitur

193 2199 290 2227 Deum
304 2207 419 2226 verum.
437 2196 551 2226 Proinde
563 2198 610 2236 qui
626 2197 703 2235 dicit,
724 2201 790 2237 Ego
805 2201 895 2237 solus,
910 2207 939 2230 et

192 2253 245 2284 ego
259 2253 357 2280 venas,
372 2242 460 2272 Filius
470 2250 520 2272 est.
537 2244 595 2272 Cur
609 2254 671 2282 ergo
685 2245 820 2274 contendit
832 2246 867 2275 de
876 2257 937 2276 ver-
956 2252 975 2275 E

191 2289 235 2319 bis
249 2289 296 2319 ubi
310 2287 441 2318 consentit
459 2287 575 2318 veritas?
591 2289 647 2317 Cur
666 2289 756 2328 itaque
768 2290 880 2327 dixerit,
900 2293 939 2321 Te

192 2335 288 2365 solum
300 2344 403 2364 verum
415 2335 521 2369 Deum,
535 2333 635 2370 edisce,
647 2341 673 2363 et
683 2345 716 2364 ne
729 2343 860 2366 concerta.
874 2338 937 2367 Ser-

192 2389 268 2412 vator
290 2387 437 2422 praeceptor
451 2386 490 2409 est
506 2379 612 2417 mundi,
629 2388 762 2411 corrector
781 2383 865 2420 orbis,
888 2384 935 2422 qui

190 2428 265 2468 lapsa
278 2427 368 2467 erigit,
378 2426 494 2456 errantia
507 2425 612 2456 reducit
619 2433 646 2456 et
658 2428 801 2458 inveterata
811 2437 930 2459 renovat.

189 2474 261 2511 Quia
274 2479 385 2503 noverat
395 2482 543 2502 sermonem
556 2482 637 2501 suum
650 2476 880 2512 processurum‚et
889 2487 937 2515 per

189 2524 274 2547 lotum
287 2517 381 2546 orbem
393 2515 597 2556 propagandum
613 2516 647 2545 ad
667 2518 856 2557 corrigendum
869 2530 932 2559 gen—

187 2564 300 2593 tilitium
322 2573 441 2593 errorem
449 2583 458 2596 ‚
474 2569 500 2592 et
519 2562 553 2591 ad
577 2563 772 2602 coarguendam
793 2566 810 2595 J
813 2565 933 2596 uda'icam

185 2610 411 2647 incredulitatem,
430 2609 557 2648 utrinque
566 2616 644 2638 acuto
665 2617 775 2640 ususest
795 2622 916 2643 sermone
923 2626 932 2653 5

910 203 1043 226 INCERTI

997 265 1061 294 Υῖὸν
1074 264 1246 305 κηρύττοντα,
1259 265 1291 295 τὸ
1299 266 1412 305 Πνεῦμα
1423 265 1454 295 τὸ
1466 265 1540 305 ἅγιον
1555 265 1684 299 θεσπίζον.
1694 264 1770 304 Ἐγὼ

994 312 1099 350 πρῶτον
1111 332 1118 345 ,
1139 311 1192 350 ἐγὼ
1211 310 1258 341 καὶ
1274 312 1340 351 μετὰ
1359 314 1458 347 ταῦτα,
1473 311 1519 341 καὶ
1538 311 1608 348 πλὴν
1622 313 1686 350 ἐμοῦ
1699 310 1768 343 Θεὸς

995 357 1043 385 οὐκ
1059 356 1138 387 ἔστιν.
1155 358 1223 387 Κατ’
1241 359 1306 398 ἐμοῦ
1320 358 1417 398 ὀμνύω.
1433 357 1482 391 Τίς
1505 359 1576 387 ἐστιν
1587 359 1601 387 ὁ
1613 357 1714 397 λέγων,
1727 356 1769 386 ὅτι

995 401 1068 441 Ἐγώ
1081 404 1147 442 εἶμι,
1163 403 1209 433 καὶ
1222 405 1270 434 οὐκ
1287 404 1358 434 ἔστιν
1379 403 1475 440 ἄλλος;
1490 403 1535 433 καὶ
1549 403 1590 433 ὅτι
1601 403 1653 433 Ἐκ
1665 402 1767 441 στόμα-

993 447 1037 482 τός
1051 460 1100 487 μου
1116 448 1280 483 ἐξελεύσεται
1299 449 1467 487 δικαιοσύνῃ
1488 449 1550 486 καὶ,
1567 450 1604 479 Οἱ
1621 448 1695 488 λόγοι
1717 459 1767 487 μου

993 496 1041 524 οὐκ
1055 495 1304 536 ἀποστραφήσσνται
1312 508 1319 514 ·
1331 496 1372 526 ὅτι
1387 495 1447 535 ἐμοὶ
1459 495 1560 536 κάμψει
1572 500 1626 525 πᾶν
1636 494 1713 534 γόνυ,
1723 494 1769 523 καὶ

994 545 1068 569 πᾶσα
1090 542 1200 581 γλῶσσα
1221 541 1442 582 ἐξομολογήσεται
1463 542 1532 572 Θεὸν
1559 541 1604 571 τὸν
1628 539 1770 576 ἇληθινόν;

996 588 1058 620 Πῶς
1072 587 1146 623 τίθης
1159 587 1189 617 τὸ
1204 589 1290 628 ῥῆμα;
1310 590 1348 622 εἷς
1360 588 1419 617 τίνα
1435 587 1610 627 ἐκλαμὸάνεις
1629 587 1659 617 τὸ
1670 587 1770 625 ὄνομα·,

995 632 1075 662 Ἀλλὰ
1088 633 1157 672 μήτε
1169 633 1201 663 σὺ
1216 634 1298 674 φράζε
1311 634 1329 663 ἃ
1343 633 1380 673 μὴ
1395 629 1475 670 οἶδας,
1489 634 1558 673 μήτε
1570 633 1624 674 ἐγὼ
1636 632 1770 672 ἐπαγγέλ-

994 680 1075 718 λομαι
1097 679 1114 708 ἃ
1128 679 1165 719 μὴ
1183 680 1338 719 ἐπίσταμαι.
1360 680 1592 719 Ἀκολουθήσωμεν
1616 679 1769 720 διδασκάλῳ

995 727 1183 766 πνευματικῷ,
1199 726 1336 767 δυναμένῳ
1352 728 1423 765 ἡμᾶς
1445 729 1587 767 στοιχῆσαι
1606 726 1671 766 πρὸς
1693 725 1770 755 εὗσέ-

996 771 1078 801 ὅειαν.
1093 771 1140 808 Μὴ
1160 772 1245 801 τοίνυν
1265 772 1344 802 ἄκουε
1359 774 1423 813 παρ’
1440 774 1518 812 ἐμοῦ,
1538 773 1598 802 ἀλλ’
1617 772 1696 801 ἄκουε
1710 772 1769 810 μετ’

996 818 1071 856 ἐμοῦ.
1089 817 1163 857 Ἐγὼ
1175 819 1228 847 τῶν
1246 819 1473 855 ἐκκλησιαστικῶν
1488 818 1626 859 δογμάτων
1637 818 1682 847 τὸν
1691 818 1769 847 Παῦ-
1785 823 1788 828 ’

996 864 1040 893 λον
1059 858 1117 893 οἶδα
1139 864 1305 894 διδάσκαλον.
1323 864 1411 894 “Ox-av
1431 866 1539 895 Παῦλον
1557 864 1640 899 εἴπω,
1654 862 1771 903 Χριστὸν

995 910 1137 950 κηρύττω.·
1152 911 1230 944 αὐτὸς
1249 910 1301 951 γὰρ
1322 907 1355 947 ἧν
1372 914 1387 941 ὃ
1401 913 1428 941 ἐν
1451 911 1552 951 Παύλῳ
1577 909 1771 952 φθεγγόμενος,

995 956 1065 997 κατὰ
1079 956 1110 986 τὸ
1128 956 1281 996 εἰρημένον·
1297 958 1331 987 Εἰ
1345 957 1457 997 δοκιμὴν
1475 959 1578 994 ζητεῖτε
1599 959 1645 986 τοῦ
1660 957 1687 986 ἐν
1707 954 1767 994 ἐμοὶ

994 1002 1135 1036 λαλοῦντος
1148 1003 1280 1043 Χριστοῦ;
1298 1003 1407 1040 Ταύτην
1429 1003 1514 1033 τοίνυν
1536 1004 1585 1040 τὴν
1605 1001 1771 1043 προφητείαν

994 1045 1104 1077 Ἡσαΐου
1119 1047 1168 1084 τὴν
1181 1049 1391 1089 προειρημένην,
1411 1050 1458 1087 τὸ,
1479 1049 1553 1089 Ἐγώ
1568 1051 1623 1088 εἶμι
1633 1070 1641 1085 ,
1655 1047 1701 1078 καὶ
1719 1048 1771 1076 οὐκ

994 1093 1064 1123 ἔστιν
1086 1094 1179 1127 ἄλλος·
1206 1094 1266 1132 καὶ,
1291 1097 1358 1125 Κατ’
1382 1097 1495 1135 ἐμαυτοῦ
1517 1095 1621 1135 ὀμνύω,
1647 1094 1688 1124 ὅτι
1709 1093 1770 1132 ἐμοὶ

993 1139 1093 1179 κάμψει
1106 1145 1160 1169 πᾶν
1180 1139 1242 1179 γόνυ
1252 1162 1259 1176 ,
1274 1141 1319 1170 καὶ
1333 1146 1411 1171 πᾶσα
1424 1143 1536 1181 γλῶσσα
1548 1140 1770 1180 ἐξομολογήσεται
1791 1155 1797 1157 ε

993 1183 1037 1212 τὸν
1051 1184 1120 1214 Θεὸν
1137 1184 1182 1214 τὸν
1196 1185 1329 1222 ἀληθινὸν,
1344 1188 1451 1220 Παῦλος
1463 1188 1501 1220 εἷς
1512 1185 1628 1226 Χριστὸν
1646 1186 1768 1224 ἀναλαμ-

993 1229 1076 1259 edm.
1092 1230 1145 1260 Καὶ
1155 1233 1206 1260 ποῦ
1220 1231 1319 1267 ταύτην
1334 1232 1464 1273 εὑρίσκεις
1473 1232 1523 1268 τὴν
1532 1231 1681 1267 affluam
1692 1231 1772 1260 Ἐπι-

996 1275 1112 1306 στέλλων
1125 1276 1269 1316 Ῥωμαίοις
1285 1278 1368 1318 φησί·
1383 1278 1422 1308 Σὺ
1435 1278 1463 1308 δὲ
1479 1278 1506 1308 τί
1519 1278 1616 1318 κρίνεις
1628 1276 1673 1307 τὸν
1689 1277 1769 1306 ἀδελ-

994 1321 1041 1361 φόν
1055 1333 1115 1358 σου;
1131 1322 1148 1357 ἢ
1163 1323 1208 1352 καὶ
1227 1323 1259 1352 σὺ
1274 1323 1301 1353 τί
1323 1324 1462 1359 ἐξουθενεῖς
1478 1324 1522 1354 τὸν
1537 1323 1650 1364 ἀδελφόν
1663 1335 1726 1359 σου,
1742 1322 1769 1352 τί

994 1368 1124 1404 ἀλλήλους
1146 1369 1263 1409 κρίνετε,
1283 1370 1387 1404 Πάντες
1407 1371 1459 1411 γὰρ
1480 1369 1707 1411 παραστησόμεθα
1729 1370 1768 1409 τῷ

995 1415 1097 1453 βήματι
1108 1417 1154 1443 τοῦ
1169 1416 1297 1455 Χριστοῦ.
1318 1415 1471 1456 Γέγραπται
1485 1417 1536 1456 γάρ
1546 1428 1553 1435 ·
1569 1418 1605 1450 ζῶ
1620 1415 1681 1455 ἐγὼ,
1696 1415 1770 1455 λέγει

994 1458 1102 1499 Κύριος,
1119 1460 1159 1490 ὅτι
1174 1461 1234 1500 ἐμοὶ
1247 1462 1348 1502 κάμψει
1360 1467 1413 1492 πᾶν
1424 1462 1497 1502 γόνυ,
1511 1462 1556 1491 καὶ
1569 1467 1644 1492 πᾶσα
1658 1462 1768 1501 γλῶσσα

994 1505 1215 1546 ἐξομολογήσεται
1237 1507 1280 1537 τὸν
1303 1507 1373 1538 Θεὸν
1392 1508 1436 1538 τὸν
1463 1507 1594 1544 ἀληθινόν.
1615 1507 1733 1540 Ἐκεῖνος
1753 1509 1769 1535 ὁ

993 1551 1088 1591 λέγων,
1104 1553 1178 1592 Ἐγώ
1193 1555 1265 1592 εἰμι,
1281 1553 1326 1583 καὶ
1341 1557 1388 1584 οὐκ
1407 1554 1476 1584 ἔστιν
1496 1554 1589 1587 ἄλλος·
1603 1554 1663 1583 κατ’
1682 1554 1766 1592 ἐμαυ-

993 1601 1039 1627 τοῦ
1063 1598 1152 1637 ὀμνύω
1158 1621 1167 1635 ,
1189 1599 1229 1628 ὅτι
1244 1599 1303 1638 ἐμοὶ
1320 1599 1421 1640 κάμψει
1442 1605 1495 1630 πᾶν
1513 1600 1586 1640 γόνυ.
1602 1600 1636 1629 Εἴ
1653 1597 1740 1628 τοίνυν
1753 1601 1768 1628 ὁ

994 1646 1102 1678 Παῦλος
1115 1647 1151 1679 εἷς
1166 1646 1280 1686 Χριστὸν
1300 1646 1425 1687 ἀναφέρει
1437 1646 1485 1683 τὴν
1508 1645 1687 1686 προφητείαν·
1707 1648 1721 1676 ὁ
1738 1645 1768 1675 δὲ

995 1692 1021 1720 ἐν
1033 1693 1071 1732 τῷ
1084 1692 1206 1733 προφήτῃ
1223 1693 1398 1733 φθεγγόμενος
1415 1693 1530 1733 Χριστός
1544 1695 1616 1728 ἐστι,
1628 1691 1700 1731 λέγει
1711 1692 1739 1721 δὲ
1752 1694 1768 1721 ὁ

994 1737 1122 1778 Χριστός·
1145 1738 1218 1778 Ἐγώ
1240 1741 1296 1778 εἰμι
1321 1739 1416 1778 μόνος,
1441 1740 1486 1769 καὶ
1507 1740 1556 1768 οὐκ
1577 1738 1648 1768 ἔστιν
1671 1739 1768 1771 ἄλλος·

993 1785 1086 1813 οὐκοῦν
1099 1784 1223 1815 ἐκὸάλλει
1237 1785 1282 1814 τὸν
1295 1785 1407 1826 Πατέρα
1420 1787 1468 1822 τῆς
1485 1784 1620 1821 θεότητος,
1634 1784 1705 1815 Ἀλλ’
1718 1786 1769 1814 οὔκ

993 1829 1132 1859 ἐκὸάλλει·
1143 1830 1234 1871 ὥσπερ
1248 1827 1293 1861 οὖν
1306 1833 1355 1861 οὐκ
1368 1831 1493 1861 ἐκὸάλλει
1502 1843 1509 1849 ·
1526 1830 1668 1871 ἀμέριστος
1683 1829 1733 1871 γὰρ
1747 1832 1766 1866 ἡ

995 1874 1064 1910 δόξα.
1079 1877 1184 1906 Οὓκοῦν
1199 1877 1383 1907 ἀποδέδεικται
1399 1880 1504 1918 σαφῶς,
1522 1877 1564 1907 ὅτι
1573 1877 1665 1917 ὥσπερ
1677 1879 1692 1906 ὁ
1703 1876 1766 1910 Υἱὸς

993 1921 1056 1950 ὅταν
1075 1921 1165 1961 λέγει,
1183 1921 1257 1962 Ἐγώ
1274 1924 1329 1962 εἰμι
1344 1923 1434 1962 μόνος,
1448 1925 1496 1953 οὐκ
1510 1923 1635 1953 ἐκὸάλλιι
1649 1922 1692 1952 τὸν
1706 1923 1766 1952 Πα-

993 1966 1070 2007 τέρα·
1083 1967 1179 2004 οὕτως,
1193 1967 1251 1997 οὐδὲ
1266 1968 1329 1998 ὅταν
1349 1968 1410 2009 περὶ
1427 1969 1534 2009 Πατρὸς
1554 1969 1640 2008 λέγει,
1651 1967 1712 1998 Ἵνα
1723 1979 1765 2007 γι-

966 2025 968 2027 ’
992 2012 1115 2042 νώσκωσί
1129 2024 1158 2042 σε
1171 2013 1216 2043 τὸν
1229 2013 1307 2053 μόνον
1325 2014 1448 2050 ἀληθινὸν
1462 2014 1546 2050 Θεὸν,
1562 2014 1654 2044 ἑαυτὸν
1668 2013 1764 2054 ἀφορί-

992 2060 1030 2093 ζει
1048 2061 1096 2095 τῆς
1116 2059 1248 2096 ἀληθείας.
1270 2060 1324 2090 Καὶ
1343 2062 1372 2090 οὗ
1393 2064 1471 2090 τοῦτο
1494 2060 1572 2100 μόνον
1591 2062 1680 2095 ἰᾶται,
1695 2059 1765 2089 ἀλλὰ

992 2105 1044 2146 γὰρ
1057 2106 1102 2135 καὶ
1112 2106 1142 2136 τὸ
1151 2102 1218 2135 εἶναι
1233 2107 1354 2142 ἀληθινὸν
1367 2107 1436 2137 Θεὸν
1447 2107 1492 2137 τὸν
1507 2107 1631 2147 Χριστὸν,
1645 2106 1672 2140 ἐξ
1682 2107 1765 2142 αὖτῆς

992 2155 1039 2189 τῆς
1053 2153 1199 2193 μαρτυρίας
1218 2153 1390 2194 προφέρεται·
1414 2154 1507 2194 ἐπάγει
1524 2154 1593 2194 γάρ·
1614 2153 1669 2184 Καὶ
1689 2158 1766 2185 πᾶσα

992 2201 1101 2239 γλῶσσα
1129 2199 1350 2239 ἐξομολογήσεται
1382 2200 1427 2230 τὸν
1455 2201 1524 2230 Θεὸν
1556 2200 1601 2229 τὸν
1629 2199 1762 2235 ἀληθινόν.

993 2247 1096 2276 Οὐκοῦν
1116 2248 1130 2276 ὁ
1142 2246 1226 2283 λέγων
1238 2268 1245 2283 ,
1258 2245 1330 2286 Ἐγὼ
1352 2246 1429 2285 μόνος
1438 2269 1446 2283 ,
1469 2246 1514 2276 καὶ
1527 2246 1580 2286 ἐγὼ
1593 2245 1731 2282 ἀληθινὸς,
1749 2248 1765 2275 ὁ

992 2291 1055 2325 Υἱός
1075 2293 1139 2321 ἐστι.
1154 2291 1191 2321 Τί
1204 2291 1289 2321 τοίνυν
1311 2291 1428 2333 διαφέρει
1440 2293 1502 2333 περὶ
1515 2292 1548 2322 τὰ
1560 2292 1684 2332 ῥήματα,
1696 2304 1764 2329 συμ-

992 2337 1128 2377 φωνούοης
1147 2340 1194 2374 τῆς
1208 2338 1347 2374 ἀληθείας,
1360 2339 1439 2368 Διατί
1452 2335 1496 2368 οὖν
1516 2334 1588 2368 εἶπε·
1601 2338 1639 2369 Σὲ
1652 2338 1696 2367 τὸν
1711 2337 1762 2376 μό-

990 2396 1035 2414 νον
1047 2384 1168 2420 άληθινὸν
1181 2384 1260 2420 Θεὸν,
1274 2384 1408 2421 παιδεύου,
1423 2385 1468 2414 καὶ
1481 2384 1518 2424 μὴ
1537 2384 1635 2424 μάχου.
1651 2383 1686 2414 Ὁ
1700 2385 1762 2413 Σω-

991 2430 1041 2470 τὴρ
1072 2430 1216 2466 παιδευτής
1239 2431 1297 2460 ἐστι
1327 2434 1373 2460 τοῦ
1404 2431 1504 2470 κόσμου
1513 2452 1521 2466 ,
1549 2429 1690 2471 διορθωτὴς
1714 2431 1762 2465 τῆς

991 2476 1154 2515 οἰκουμένης,
1169 2478 1183 2506 ὁ
1195 2476 1230 2506 τὰ
1243 2477 1403 2507 πεπτωκότα
1417 2477 1532 2517 ἐγείρων,
1547 2479 1561 2506 ὁ
1573 2476 1608 2505 τὰ
1621 2477 1761 2512 πεπλανη-

991 2522 1056 2560 μένα
1067 2523 1239 2563 ἐπιστρέφων,
1253 2524 1298 2552 καὶ
1311 2523 1344 2553 τὰ
1356 2521 1564 2561 πεπαλαιωμένα
1578 2521 1760 2555 ἀνακαινίζων.

990 2568 1100 2605 Ἐπειδὴ
1115 2569 1172 2608 ᾔδει
1195 2570 1239 2599 τὸν
1255 2571 1347 2598 ἑαυτοῦ
1368 2568 1444 2608 λόγον
1467 2568 1592 2608 προϊόντα
1614 2568 1659 2597 καὶ
1682 2567 1760 2607 ἷοχύ-

989 2626 1071 2643 σαντα
1092 2617 1128 2648 εἷς
1147 2620 1235 2644 πᾶσαν
1251 2615 1297 2651 τὴν
1312 2617 1356 2644 ὑπ’
1371 2614 1495 2655 οὐρανὸν,
1509 2616 1545 2648 εἷς
1564 2613 1700 2654 διόρθωσιν
1716 2614 1761 2648 ι-’ῆς
