1904 2840
10 1834 16 1902 ἱ

669 165 700 188 ΙΝ
730 165 931 189 ΜΑΤΊἫΕΠΜ.

151 227 224 257 sicut
237 233 342 266 tempus
353 225 542 256 misericordiae
554 225 690 266 judicium
704 236 757 255 non
769 226 893 265 suscipit,
910 230 931 252 Α

152 266 194 296 sic
212 273 239 296 et
253 273 358 310 tempus
367 264 467 305 judicii
483 264 695 294 misericordiam
716 275 767 294 non
788 264 892 304 recipit.

153 305 218 336 Ideo
226 306 260 334 'in
274 315 362 344 primo
375 303 502 339 adventu,
519 315 581 334 cum
591 311 699 344 tempus
709 310 777 333 esset
789 304 895 333 miseri-

153 344 264 380 cordiae,
276 343 428 373 dioentihus
440 344 568 383 apostolis
580 355 661 383 super
674 343 897 372 inhumanitatem

136 384 270 414 ‚civitatis
289 383 424 423 alicujus:
445 384 494 413 Vis
518 384 661 420 dicamus,
687 390 719 412 ut
740 384 897 412 descendat

154 426 231 462 ignis
251 424 289 453 de
309 424 381 453 coelo
390 425 403 451 Ρ
417 422 555 463 respondit
567 424 662 453 Jesus:
676 423 800 452 Nescitis
815 423 897 462 cujus

154 465 272 504 spin'tus
290 464 369 493 eslis.
391 463 460 492 Non
480 465 557 492 enim
576 463 647 492 veni
663 462 799 502 judicare
813 472 897 490 mun·-

157 505 239 541 dum,
255 503 308 533 sed
325 502 442 532 salvare
458 513 468 530 .·
482 501 622 531 ostendens
636 502 702 542 quia
720 512 782 531 cum
795 501 898 530 venerit

153 543 181 572 in
195 542 313 573 secundo
331 541 462 578 adventu,
473 541 571 582 judicii
593 548 699 581 tempus
711 541 836 585 similiter
850 540 898 569 io-

153 593 216 612 cum
227 581 418 612 misericordiae
434 592 486 610 non
496 581 617 610 habehit.
628 581 686 611 Ubi
697 587 784 610 autem
797 580 897 609 miseri-

154 622 246 652 cordia
257 622 347 652 locum
359 631 412 651 non
424 621 516 658 habet,
527 631 575 651 nec
583 620 734 650 intercessio
745 620 829 650 valet.
843 622 897 649 Aut

137 684 144 691 .
154 662 211 692 haec
234 661 294 692 ideo
305 661 382 698 dicit,
401 661 548 701 Quom'am
563 661 692 698 indigna:
705 665 773 689 sunt
783 661 895 698 passio-

156 712 206 731 nes
219 703 306 742 hujus
320 701 454 740 temporis
473 701 514 729 ad
540 707 656 736 uturum
670 699 805 739 gloriam,
831 709 896 738 quae

154 741 334 771 revelabitur
346 742 379 770 in
399 741 494 770 nobis.
530 740 614 780 iergo
631 740 718 779 major
730 738 781 767 en't
795 738 893 778 gloria,

153 791 213 820 quae
237 787 384 820 praeparata
403 787 442 809 est
464 779 562 809 sanetis
583 790 600 808 a
628 780 694 815 Deo,
719 788 801 816 quam
821 778 895 817 quod

154 821 338 860 unusquisque
350 826 503 849 sanctorum
516 826 650 848 meretur:
666 817 801 857 quomodo
819 818 895 846 suffi-
910 821 928 844 B

154 860 207 890 ciat
218 867 244 890 et
254 860 316 889 aliis
323 859 358 889 ad
368 859 481 888 salutem
490 858 701 898 uniuscujusque
712 868 780 896 opus
791 867 894 893 eorum,

153 910 216 929 cum
230 910 278 929 nec
289 899 344 928 sibi
356 899 408 929 soli
421 898 538 928 sufficiat
550 897 585 927 ad
601 897 715 937 gloriam
731 896 807 925 illam
821 897 895 936 justo

150 939 162 979 j
166 939 256 968 udicio
266 937 500 977 consequendam?
511 939 555 966 Ite
565 939 662 977 potius
673 937 714 965 ad
721 937 894 968 vendentes.

152 985 182 1008 et
193 980 279 1008 emite
289 979 384 1007 vobis.
400 977 563 1008 Venditores
576 987 687 1016 operum
698 976 841 1011 bonorum,
851 975 896 1006 vel

151 1017 292 1052 doen-inm,
306 1016 454 1047 sacerdotes
461 1023 534 1052 sunt,
547 1017 595 1055 qui
606 1022 737 1056 praeccpta
745 1015 855 1059 justitiae
866 1016 894 1044 in

187 1057 254 1098 pulo
277 1057 355 1093 dant,
373 1057 450 1096 quasi
468 1056 585 1096 pretium
603 1054 716 1094 aliquod
736 1056 895 1099 accipientes

151 1069 234 1127 ffiem
255 1097 387 1138 ipsorum,
407 1096 456 1135 qui
475 1102 624 1136 peccatores
647 1106 695 1135 per
714 1101 895 1139 paenitentiam

153 1138 275 1173 solvunt,
296 1136 383 1177 pretio
404 1135 576 1165 consessionis
595 1145 689 1164 eorum
703 1134 812 1174 placati.
839 1136 895 1164 Aut

153 1185 223 1207 certe
235 1177 287 1207 hoc
299 1175 417 1216 pretium
431 1175 559 1205 doctrinae
572 1174 718 1214 accipiunt,
733 1173 841 1212 quando
854 1175 893 1204 sic

151 1217 276 1247 docentes
296 1227 341 1246 eos
363 1215 479 1244 audierit
496 1214 624 1254 populus.
647 1213 767 1253 Populus
783 1213 893 1252 quidem

151 1267 201 1297 per
214 1255 394 1286 obedientiam
413 1265 489 1284 suam
507 1261 639 1283 mercatus
651 1260 691 1282 est
704 1253 756 1282 sibi
768 1253 891 1289 salutem,

151 1296 301 1326 sacerdotes
313 1302 413 1330 autem,
428 1294 476 1333 qui
490 1293 639 1322 docuerunt
656 1299 683 1322 et
702 1292 892 1322 laboraverunt

151 1336 222 1366 circa
241 1346 297 1372 eos,
317 1333 447 1374 recipient
456 1344 472 1362 a
487 1334 543 1362 Deo
561 1331 690 1362 doctrinae
703 1342 758 1361 suae
771 1332 888 1362 labores.

150 1376 257 1406 Bonum
270 1385 333 1414 ergo
346 1380 386 1403 est
399 1372 544 1403 consilium
557 1379 709 1401 sanctorum
720 1370 754 1400 ad
769 1378 890 1415 peccato-

150 1426 203 1453 res,
229 1422 259 1445 ut
279 1420 341 1444 eant
361 1411 397 1442 ad
415 1411 575 1447 sacerdotes,
593 1418 620 1441 et
643 1410 760 1440 fideliter
780 1410 891 1440 audiant
906 1413 925 1437 C

149 1466 212 1485 eos:
224 1462 250 1485 et
269 1465 332 1484 cum
352 1451 498 1488 audierint,
519 1451 627 1487 faciant,
642 1457 668 1479 et
680 1450 790 1479 habebit
803 1451 891 1480 virtu-

149 1501 204 1524 tem
214 1495 267 1525 olei
283 1493 350 1522 fides
361 1502 465 1527 eorum,
481 1490 504 1519 si
517 1497 604 1519 tamen
619 1490 761 1518 habuerint
772 1496 888 1528 tempus.

152 1537 201 1563 w.
214 1533 398 1564 Abeuntibus
411 1536 509 1559 autem
519 1531 572 1565 eis,
582 1539 648 1557 ecce
658 1529 739 1557 venit
750 1538 887 1566 sponsus:

150 1580 179 1602 et
193 1584 257 1613 quoe
268 1577 380 1612 paratoe
393 1573 488 1605 erant,
502 1570 686 1597 intraverunt
706 1577 773 1596 cum
791 1577 836 1603 eo,
861 1573 890 1597 et

151 1613 254 1642 clausa
278 1617 322 1641 est
342 1612 448 1650 janua.
477 1607 635 1638 Ostenditur
661 1607 739 1636 nobis
765 1617 812 1646 per
834 1606 891 1636 haec

150 1653 244 1688 verba,
266 1649 339 1691 quod
354 1649 404 1678 illo
421 1648 448 1677 in
467 1655 587 1687 tempore
603 1647 673 1676 iuter
694 1646 829 1686 angustias
842 1645 890 1675 di-

149 1702 291 1721 versorum
301 1698 435 1720 terrorum
445 1687 565 1718 videntes
577 1697 604 1715 se
617 1692 779 1725 peccatores,
793 1685 892 1714 anxia-

149 1731 262 1768 buntur,
275 1737 301 1760 et
313 1734 420 1759 current
434 1727 487 1756 huc
498 1733 524 1756 et
535 1726 602 1755 illuc
615 1724 650 1754 ad
669 1724 828 1762 sacerdotes,
841 1725 890 1754 do-

149 1771 262 1800 ctrinam
274 1777 300 1800 et
314 1767 496 1809 poeuitentiam
504 1765 556 1796 sibi
565 1771 723 1804 quaerentes.
738 1764 792 1793 Alii
801 1771 889 1793 autem

149 1810 351 1850 interrogantes,
372 1806 440 1846 quid
450 1816 494 1835 eos
512 1811 632 1845 oporteat
644 1804 739 1840 facere,
758 1803 806 1833 sed
821 1804 890 1833 sesti-

76 1857 139 1874 chx
150 1857 228 1879 nante
242 1848 358 1889 judici0,
379 1854 405 1876 et
425 1844 625 1875 necessitatibus
643 1843 703 1872 aliis
721 1854 803 1888 super
822 1843 890 1872 alias

148 1889 328 1923 venientibus,
354 1896 416 1916 eum
433 1895 484 1914 non
505 1885 541 1913 sit
561 1882 674 1912 docendi
696 1883 814 1928 licentia,
842 1893 889 1927 nec

147 1936 254 1969 tempus
265 1925 391 1957 saciendae
399 1924 520 1965 justitiae,
535 1929 581 1952 aut
594 1922 701 1967 agendae
715 1929 886 1966 poenitentiae,

148 1967 282 1998 festinatio
295 1977 389 1996 eorum
407 1975 489 1994 vacua
507 1963 566 1992 erit.
581 1963 638 1992 Hoc
658 1973 729 1991 emm
741 1969 765 2006 et
777 1972 804 1990 in
818 1972 888 2000 quo-

148 2007 250 2037 tidiano
270 2017 321 2036 usu
341 2004 465 2035 videmus
479 2002 547 2032 fieri.
564 2001 692 2039 Quotidie
710 2012 783 2031 enim
800 2011 888 2046 sacer·
904 2009 923 2032 1)

148 2047 224 2077 dotes
240 2047 355 2076 clamant
374 2045 402 2074 in
425 2042 551 2073 ecclesia:
577 2041 632 2078 Qui
657 2041 785 2085 peccavit,
801 2051 887 2080 poem-

147 2087 280 2116 tentiama
300 2092 341 2114 at:
357 2084 464 2123 quinon
473 2082 603 2122 peccavit,
618 2087 770 2125 permaneat
778 2090 806 2109 in
820 2082 884 2109 Deo.

147 2127 242 2164 Neque
299 2131 377 2154 ucant
388 2133 436 2153 vos
445 2123 559 2152 honores
568 2127 594 2149 et
601 2120 702 2151 d1vitiae
715 2119 888 2158 temporales:

147 2165 212 2203 quia
225 2171 331 2204 tempus
344 2170 462 2192 vestrum
475 2171 558 2201 prope
576 2167 628 2189 est:
643 2167 668 2189 et
680 2159 703 2188 si
717 2170 887 2188 consumma-

147 2204 185 2232 tio
203 2210 291 2233 vestra
308 2201 463 2234 tardaverit,
475 2211 547 2229 mors
560 2207 648 2228 vestra
668 2209 721 2228 non
732 2198 828 2227 tardat.
854 2198 889 2227 Et

147 2253 224 2272 nemo
246 2241 341 2277 credit,
360 2250 438 2269 nemo
458 2238 580 2268 obaudit.
603 2240 673 2267 Cum
686 2244 774 2266 autem
786 2237 888 2267 venerit

147 2292 229 2322 super
242 2282 303 2310 illos
317 2290 400 2315 morS,
423 2278 547 2307 festinant
569 2283 595 2306 et
614 2277 768 2313 anxiantur,
794 2284 888 2306 vocant

147 2321 314 2355 sacerdotes,
383 2317 520 2348 nitentiam
546 2316 640 2346 volunt
661 2326 752 2354 agere,
779 2315 887 2354 qnando

144 2362 201 2400 jam
215 2360 376 2401 poenitentiae
389 2358 463 2387 locus
478 2366 531 2385 non
547 2362 596 2384 est.
614 2355 707 2393 Itaque
720 2354 786 2383 dum
799 2365 884 2394 expo-

147 2407 214 2429 nunt
228 2406 332 2440 peccata
346 2409 405 2433 sua,
419 2396 486 2426 dum
498 2394 633 2438 accipiunt
644 2394 804 2439 poenitentia:
819 2400 884 2423 tem-

147 2449 210 2478 pus,
225 2446 251 2468 et
265 2445 395 2478 praecepta
410 2435 532 2476 justitiae,
551 2440 759 2478 capitatam-ma
779 2443 884 2479 eorum,

147 2484 173 2506 et
193 2477 295 2507 vadunt
316 2477 406 2512 vacui,
431 2474 515 2513 magis
534 2480 623 2502 autem
648 2473 723 2512 ligati
746 2473 819 2512 justo
837 2483 885 2512 Ju-

147 2517 219 2547 dicio
243 2518 307 2546 Dei:
322 2516 386 2555 quia
405 2525 458 2544 non
473 2519 582 2553 propter
601 2511 695 2542 odium
717 2518 886 2551 pcccatorum

147 2555 318 2596 displicentes
332 2555 385 2585 sibi
398 2554 524 2586 volebant
538 2550 721 2592 poenitentiam
737 2561 825 2590 agere,
839 2551 886 2581 sed

960 166 1079 190 uomit..
1109 167 1180 190 [2111.
1584 158 1591 165 '
1616 158 1694 207 >963

948 234 1057 266 propter
1076 228 1169 257 mortis
1188 228 1321 258 timoren.
1343 229 1442 260 Adhuc
1461 229 1533 260 euim
1552 230 1576 260 si
1598 230 1691 261 vivere

948 266 1107 304 potuissent,
1129 277 1186 297 non
1203 267 1255 297 sibi
1269 267 1480 308 displicuissent.
1505 269 1584 299 Alius
1601 277 1691 300 autem

947 304 1099 334 venditores
1110 306 1172 341 olei,
1183 307 1211 336 id
1223 314 1271 344 est,
1282 308 1346 337 boni
1358 309 1457 348 operis,
1507 319 1602 349 uperes
1611 309 1689 340 dicit.

950 344 1096 374 Hortamur
1106 356 1169 385 crgo
1181 346 1323 385 prudentes
1335 348 1453 387 virgines
1474 355 1560 385 atuas,
1577 356 1606 378 ut
1630 357 1691 379 eant

949 382 982 412 ad
997 394 1138 451 pauperes,
1153 385 1174 413 si
1190 387 1291 425 patitur
1310 398 1354 416 eas
1373 394 1488 427 tempus,
1513 395 1542 417 ut
1565 388 1690 418 facientes

949 422 986 451 eis
1019 433 1069 452 ona
1085 424 1207 463 justitiae,
1222 426 1432 456 misericordiam
1447 435 1643 466 consequantur
1655 429 1691 458 ab

947 461 984 491 eis
1003 463 1144 501 :quoniam
1154 475 1202 503 per
1215 465 1409 495 misericordias
1420 467 1501 496 factas
1515 467 1543 495 in
1556 478 1612 504 eos,
1625 468 1689 504 olei,

950 500 979 529 id
991 508 1041 538 est,
1055 503 1244 532 misericordiae
1252 515 1351 534 merces
1362 506 1519 543 acquiritur.
1532 507 1589 536 111ae
1603 514 1692 537 autem

948 540 1015 569 dum
1029 541 1143 577 vadunt,
1165 543 1283 572 volentes
1306 550 1368 573 tunc
1390 544 1494 583 aliquid
1510 545 1574 575 boni
1594 547 1688 584 facere,

949 587 1058 619 propter
1071 581 1145 620 quod
1159 582 1262 622 possint
1275 593 1336 612 cum
1348 583 1447 613 fiducia
1458 595 1596 615 occurrere
1610 586 1690 616 Chri-

948 626 1000 655 sto,
1023 627 1155 649 venturus
1177 628 1216 650 est
1236 622 1362 651 Christus
1382 630 1500 668 repente,
1515 630 1541 653 et
1560 624 1629 654 nihil
1645 627 1691 656 'eis

947 658 1069 698 proderit
1092 660 1211 689 anxietas
1235 661 1294 697 illa,
1320 668 1384 690 tunc
1410 662 1460 692 inci
1485 663 1598 693 ientibus
1624 664 1691 695 benc

947 708 1044 738 agere,
1072 709 1134 728 cum
1165 707 1270 740 tempus
1294 700 1361 730 bene
1387 712 1453 741 agen
1475 702 1483 730 i
1506 703 1688 733 concluditur.

949 739 998 767 11.
1028 739 1196 768 Novissime
1224 747 1322 769 autem
1348 747 1493 770 venerunt
1519 748 1547 770 et
1570 743 1691 782 reliquae

947 779 1089 817 virgines,
1115 779 1263 808 dicentes.-
1284 781 1420 815 Domine,
1447 781 1583 818 Domine,
1611 785 1691 821 aperi

948 817 1041 846 nobis.
1062 818 1139 848 Nihil
1156 818 1264 858 prodest
1279 830 1314 848 ex
1330 820 1482 849 necessitate
1502 832 1530 850 re
1549 822 1612 850 etita
1625 832 1689 851 con-

946 856 1026 886 fessio
1040 858 1112 897 ejus,
1132 858 1180 897 qui
1195 869 1229 888 ex
1244 858 1380 889 voluntate
1398 870 1446 888 uec
1459 832 1548 889 semei³
1555 861 1690 891 consessus

947 902 995 924 est.
1017 897 1086 926 Nam
1109 898 1260 927 voluntaria
1275 899 1404 928 confessio
1425 906 1451 928 et
1465 898 1568 930 modica
1588 901 1689 930 sufficit

946 936 1021 965 Deo:
1036 947 1070 966 ex
1085 937 1236 967 necessitate
1247 945 1345 975 autem,
1361 949 1446 977 neque
1458 949 1564 978 magna.
1582 942 1630 969 12.
1643 940 1690 970 At

947 975 999 1003 ille
1011 977 1187 1014 respondens
1206 979 1264 1007 ait:
1281 978 1383 1007 Amen
1401 979 1467 1007 dico
1479 980 1574 1015 vobis,
1590 981 1687 1009 nescio

946 1025 1001 1044 vos
1015 1017 1067 1054 qui
1086 1018 1161 1046 estis.
1183 1016 1264 1056 Signa
1284 1018 1395 1056 spiritus
1411 1018 1464 1048 mei
1485 1018 1513 1047 in
1534 1019 1613 1049 vobis
1635 1029 1687 1048 non

946 1053 1034 1084 video.
1046 1054 1122 1084 Sicut
1132 1055 1204 1085 enim
1214 1057 1262 1095 qni
1274 1056 1444 1086 immundum
1456 1057 1581 1097 spiritum
1595 1058 1686 1097 hahet,

945 1093 1016 1123 bona
1035 1105 1115 1134 opera
1136 1096 1221 1125 facere
1235 1106 1288 1125 non
1306 1103 1409 1136 potest:
1426 1097 1464 1126 sic
1486 1097 1533 1136 qui
1554 1096 1688 1137 Spiritum

946 1140 1068 1163 sanctum
1082 1134 1172 1171 habet,
1195 1145 1275 1174 opera
1288 1146 1341 1165 non
1354 1136 1417 1166 facit
1431 1136 1510 1166 mala.
1530 1138 1621 1173 Quare
1634 1137 1687 1177 igi-

946 1179 991 1202 tur
1006 1183 1052 1203 vos
1066 1184 1147 1214 opera
1161 1184 1213 1203 non
1227 1175 1314 1204 facitis
1327 1175 1408 1211 bona,
1425 1176 1472 1205 sed
1485 1176 1575 1205 mala?
1586 1176 1688 1216 Imagi-

946 1222 1005 1241 nem
1019 1224 1105 1242 meam
1119 1224 1171 1243 non
1186 1224 1316 1253 cognosco
1335 1215 1362 1244 in
1385 1215 1472 1244 vobis.
1488 1217 1580 1254 Imago
1598 1223 1687 1245 autem

945 1262 1002 1281 mea
1009 1259 1048 1281 est
1058 1253 1148 1292 fugere
1157 1254 1270 1290 malum,
1284 1261 1310 1283 et
1320 1253 1396 1293 sequi
1407 1255 1509 1284 bonum
1521 1268 1527 1284 :
1539 1265 1587 1284 vos
1599 1262 1688 1284 autem

944 1298 1051 1321 econtra
1069 1293 1175 1332 fugistis
1194 1293 1305 1331 honum,
1328 1301 1354 1323 et
1374 1294 1477 1334 operati
1497 1295 1560 1324 estis
1573 1295 1685 1324 malum.

943 1331 1004 1360 Non
1021 1332 1129 1371 potestis
1146 1342 1268 1362 meorum
1288 1333 1406 1363 militum
1430 1333 1539 1373 praemia
1558 1334 1688 1374 accipere,

963 1370 990 1399 ui
1009 1371 1115 1411 tyranni
1135 1372 1237 1401 vexilla
1255 1373 1378 1412 portatis.
1399 1374 1460 1402 Non
1486 1384 1595 1413 possum
1617 1383 1689 1403 meos

943 1380 1044 1447 dicere,
1060 1411 1087 1440 in
1100 1411 1200 1450 quibus
1209 1422 1300 1441 meum
1310 1412 1379 1441 nihil
1389 1423 1528 1452 cognosco.

1101 1516 1232 1545 Homilia
1247 1517 1303 1557 liij.
1316 1528 1353 1546 ex
1367 1528 1430 1557 cap.
1453 1530 1524 1549 xxv.

982 1608 1030 1637 14.
1045 1607 1127 1637 Sicut
1151 1610 1228 1638 enim
1250 1609 1336 1638 homo
1358 1621 1475 1650 peregre
1499 1613 1687 1652 proficiscens

940 1649 1058 1676 vocavit
1075 1658 1171 1677 servos
1190 1658 1267 1685 suos,
1284 1655 1335 1678 etc.
1353 1651 1439 1679 Homo
1461 1661 1570 1690 peregre
1592 1654 1683 1692 prose-

941 1693 1010 1722 ctus,
1036 1687 1161 1717 Christus
1183 1694 1233 1724 cst,
1255 1695 1315 1727 post
1336 1689 1476 1719 victoriam
1498 1691 1628 1730 passionis
1649 1693 1686 1723 ad

941 1727 1047 1755 Patrem
1071 1726 1158 1756 iturus
1172 1738 1181 1755 :
1210 1727 1347 1757 voluntate
1373 1729 1562 1759 misericordiae
1586 1731 1683 1769 homo,

941 1775 995 1794 non
1009 1767 1161 1795 necessitate
1177 1773 1286 1795 naturae.
1308 1768 1483 1797 Commendat
1504 1776 1593 1799 autem
1604 1771 1683 1800 Chri-

941 1811 998 1834 stus
1011 1804 1180 1834 dilectionem
1192 1817 1279 1842 suain,
1294 1817 1375 1845 quam
1391 1807 1470 1836 habet
1482 1808 1627 1839 in'sanctis.
1640 1810 1684 1840 Ad

940 1854 1021 1882 regna
1045 1845 1116 1873 enim
1137 1845 1252 1879 caelestia
1278 1856 1446 1883 ascensurm,
1475 1855 1500 1877 et
1521 1848 1556 1877 ad
1581 1850 1685 1879 Patrem

941 1893 1022 1912 suum
1031 1884 1128 1918 iturus,
1141 1884 1212 1914 unde
1221 1884 1404 1922 descenderat,
1418 1897 1528 1926 peregre
1542 1898 1570 1917 se
1583 1888 1685 1918 iturum

941 1922 1018 1958 dicit,
1042 1930 1151 1962 propter
1164 1924 1303 1953 caritatem
1323 1932 1484 1962 sanctorum,
1508 1937 1574 1965 quos
1599 1928 1685 1957 relin-

942 1962 1040 2030 quebat
1054 1962 1080 1991 in
1096 1963 1184 1999 terris,
1195 1973 1257 1993 cum
1270 1965 1354 2004 magis
1367 1975 1476 2005 peregre
1487 1973 1554 1995 esset
1564 1967 1592 1996 in
1606 1978 1686 1997 mun-

961 2012 988 2037 o,
1003 2001 1072 2031 sicut
1089 2002 1147 2041 ipse
1159 2009 1272 2032 testatur
1288 2003 1379 2033 dicens
1392 2017 1398 2032 :
1412 2006 1519 2034 Incola
1535 2008 1613 2035 enim
1632 2018 1683 2047 ego
1694 2024 1759 2045 Psal.
1781 2023 1832 2046 ΗΒ,

942 2051 1008 2070 sum
1022 2042 1053 2069 in
1076 2046 1154 2070 terra
1173 2042 1253 2081 apud
1275 2048 1312 2072 te.
1335 2043 1450 2080 Quando
1470 2045 1542 2074 enim
1559 2046 1632 2076 venit
1654 2048 1682 2076 in
1697 2062 1732 2085 ¹9·

941 2079 1074 2109 mundum
1087 2081 1176 2117 Jesus,
1191 2081 1281 2110 adhuc
1294 2083 1449 2122 peregrinus
1466 2091 1532 2120 erat,
1551 2085 1683 2116 neminem

941 2119 1041 2148 habens
1053 2119 1094 2148 sui
1108 2120 1223 2150 nominis
1237 2122 1428 2151 confessorem:
1439 2130 1579 2162 postquam
1594 2117 1683 2154 autem

941 2159 1026 2194 venit,
1044 2166 1069 2188 et
1083 2157 1232 2199 discipulos
1252 2161 1405 2199 acquisivit,
1424 2163 1482 2202 jum
1495 2164 1684 2202 paterfamilias

925 2210 927 2213 ·
941 2205 997 2227 erat
1009 2210 1017 2227 ι
1033 2205 1059 2227 et
1075 2197 1136 2227 ideo
1149 2199 1320 2238 proficiscens
1331 2200 1364 2230 de
1375 2201 1487 2238 mundo,
1501 2213 1608 2241 peregre
1620 2213 1683 2242 pro-

942 2236 1121 2267 ficiscehatur.
1139 2238 1190 2268 Vis
1203 2245 1291 2268 autem
1310 2240 1378 2269 scire
1390 2248 1519 2278 quantum
1532 2241 1629 2280 diligat
1647 2242 1682 2270 fi-

942 2276 1015 2305 deles
1027 2276 1110 2306 suos?
1121 2278 1267 2307 Considera
1282 2278 1349 2316 quid
1364 2290 1456 2318 passus
1470 2286 1507 2308 est
1521 2291 1570 2318 pro
1583 2280 1630 2309 eis.
1651 2281 1681 2310 Si

941 2316 1012 2345 enim
1039 2315 1123 2355 magis
1147 2327 1228 2355 quam
1251 2317 1364 2356 gloriam
1386 2329 1460 2347 suam
1484 2318 1545 2346 illos
1571 2319 1680 2355 amavit,

942 2355 1018 2393 quasi
1032 2355 1113 2384 homo
1125 2356 1244 2385 moriens
1258 2363 1423 2396 proptereos
1435 2369 1440 2384 :
1454 2357 1520 2394 quid
1534 2357 1643 2395 mirum,
1659 2359 1681 2388 si

942 2395 1042 2434 majore
1062 2394 1204 2424 dilectione
1222 2396 1357 2424 tenebatur
1367 2402 1527 2430 sanctorum,
1548 2407 1615 2434 quos
1635 2408 1683 2426 re—

944 2433 1082 2472 linquebat
1094 2434 1121 2463 in
1139 2435 1226 2470 terris,
1241 2445 1321 2473 quam
1333 2433 1474 2463 dilectione
1487 2434 1588 2473 gloriae,
1602 2446 1682 2474 quam

943 2473 1059 2503 habebat
1078 2474 1106 2502 in
1124 2473 1215 2502 caelisi‘
1235 2475 1275 2502 Et
1296 2473 1416 2501 tradidit
1434 2473 1494 2502 illis
1516 2475 1593 2503 bona
1613 2485 1678 2510 sua,

942 2513 1003 2542 Non
1025 2512 1148 2542 invidens
1167 2511 1228 2541 aliis
1241 2511 1303 2551 plus
1323 2511 1408 2548 dedit,
1429 2512 1490 2541 aliis
1512 2515 1611 2551 minus,
1633 2515 1681 2544 sed

942 2551 1113 2581 considerans
1126 2550 1308 2583 diversitatem
1321 2550 1384 2580 fidei
1397 2562 1500 2582 corum.
1517 2554 1570 2590 Qui
1592 2561 1680 2583 autem
