1904 2840
120 1653 144 1681 4.
154 1652 213 1678 neg.
223 1651 260 1674 23.

121 1689 159 1705 21.
171 1691 219 1712 sqq.

121 1770 260 1794 Rom.12.t·

268 189 336 235 752

854 227 859 230 ,
869 196 952 221 OPUS
978 196 1215 222 lMPEnFECTtJM

264 261 426 292 humilitatis
449 271 540 298 causa,
550 260 586 290 ad
598 259 741 301 suiipsius
763 258 941 299 arguitionem
954 269 1004 290 vo·
1021 261 1041 285 Δ
1055 260 1144 289 Deum
1157 262 1169 276 ¹
1181 259 1261 298 quasi
1287 269 1350 290 vere
1372 259 1472 300 impius
1498 259 1527 288 in
1553 257 1803 290 condemnationem

264 302 334 332 cavit
348 312 411 331 eum
425 300 570 337 onerantis,
581 300 624 330 vel
637 299 770 346 populum
790 298 976 339 abrumpentis
997 310 1004 327 ε

264 352 295 371 ac
309 341 332 370 si
346 341 427 377 dicat,
448 341 521 370 filius
549 347 693 380 peccatoris
707 351 714 368 ε
728 339 854 377 quoniam
880 349 939 374 rex,
958 338 1005 377 qui

262 387 366 421 peccat,
388 388 414 410 et
437 381 555 421 seipsum
579 386 681 416 onerat,
704 385 730 408 et
750 378 888 418 abrumpit
900 388 915 406 a
930 378 1004 414 Deo,

263 421 343 450 etiam
366 421 499 460 populum
523 430 574 449 suo
593 418 717 459 exemplo
738 425 829 447 onerat
843 417 966 458 peccatis,
981 423 1007 446 et

263 460 402 500 abrumpit
415 471 429 489 a
442 461 500 489 Deo
515 470 522 487 t
538 459 608 488 sicut
621 458 684 488 fecit
696 459 844 494 Manasses,
857 463 1008 502 oneransket

264 500 427 539 abrumpens
441 499 573 539 populum
583 509 598 527 a
615 499 680 535 Deo,
695 496 820 536 exemplo
842 507 897 526 suae
911 497 1007 536 impie-

264 539 337 569 tatis.
362 541 432 569 Nam
458 540 515 579 ipse
541 540 624 567 Amos
647 547 701 566 non
730 537 782 566 fuit
807 536 936 565 fortitudo
966 545 1007 565 se-

265 578 386 608 cundum
408 577 565 615 Deum,sed
586 576 717 606 fortitudo
739 575 887 605 secundum
909 574 1008 605 diabo-

265 618 335 647 lum.
350 618 416 647 Fuit
439 618 511 647 enim
531 616 612 647 valde
626 616 751 655 iniquus,
766 621 796 644 ut
809 622 913 645 exstant
926 625 1009 655 opera

265 669 314 687 sua
336 658 465 696 maligna,
480 657 580 696 quibus
603 656 724 685 imitatus
746 655 832 684 fuerat
855 656 1008 689 Manassen,

266 705 298 727 ut
310 698 494 727 etiam.Deum
518 706 596 736 posse
622 706 651 725 se
677 694 768 724 fallere
794 694 945 730 aestimaret,
961 693 1008 722 di-

266 748 328 766 cens
340 749 347 766 :
361 739 439 767 Pater
459 746 534 765 meus
547 735 634 765 multa
649 745 684 764 ex
699 734 842 774 juventute
855 744 903 763 sua
916 733 1010 772 iniqua

266 778 339 812 fecit,
352 783 377 806 et
397 775 435 804 in=
450 782 583 805 senectute
603 785 652 804 sua
674 773 809 813 poenituit,
823 780 849 802 et
871 783 919 812 ego
939 782 1011 802 nunc.

266 816 412 846 ambulabo
426 814 574 845 secundum
585 813 659 853 quod
679 812 813 842 desiderat
836 813 926 841 anima
940 822 1009 848 mea,

1055 298 1225 338 adjudicatus
1238 310 1254 328 a
1265 300 1334 336 Deo,
1349 305 1375 328 et
1388 306 1479 339 postea
1498 304 1554 339 pra}
1574 305 1664 328 aratus
1677 298 1713 328 ad
1726 309 1803 329 ever-

1055 338 1156 367 sionem
1170 339 1187 368 J
1190 339 1260 375 udae,
1274 338 1424 368 secundum
1448 339 1542 368 iracun
1565 339 1615 368 'am
1630 338 1679 368 Dei
1693 339 1803 368 veniens

1056 388 1104 406 rex
1117 378 1290 417 Assyriorum
1307 378 1423 408 adduxit
1435 389 1498 408 eum
1518 378 1546 407 in
1567 377 1758 417 Babyloniam,
1774 385 1802 408 et

1056 417 1140 446 factus
1153 423 1193 446 est
1215 417 1241 455 ip
1255 417 1315 446 loco
1331 417 1390 457 ejus
1414 428 1463 447 rex
1472 417 1618 448 Jechonias
1633 418 1707 447 filius
1731 418 1800 456 ejus,

1056 455 1130 495 quod
1152 457 1343 496 interpretatur
1367 467 1520 496 praeparans
1533 457 1549 474 *
1573 455 1704 490 Domino.
1731 458 1803 487 Cum

1057 502 1146 525 autem
1159 503 1185 525 et
1197 497 1254 536 ipse
1267 495 1427 535 malignatus
1439 496 1532 525 fnisset
1544 496 1573 525 in
1587 497 1685 533 Deum,
1696 507 1803 537 praepa-

1057 545 1119 564 rans
1132 535 1253 580 seipsum
1265 537 1322 565 Deo
1336 534 1371 564 ad
1384 535 1462 573 iram,
1477 534 1610 565 adductus
1623 542 1664 565 est
1676 542 1703 565 et
1715 536 1774 582 ipse
1786 547 1803 566 a

1811 462 1820 472 '
1832 462 1891 484 Deo.

1057 584 1118 613 rege
1127 576 1298 615 Assyriorum
1306 574 1334 604 in
1341 575 1519 615 Babyloniam
1527 585 1589 604 cum
1596 575 1723 605 omnibus
1733 586 1800 605 suis:
1811 587 1872 603 xxu.

1057 620 1083 642 et
1093 613 1178 644 factus
1191 621 1231 644 est
1244 625 1293 644 rex
1317 615 1350 645 in
1371 614 1431 644 loco
1455 616 1515 655 ejus
1527 625 1542 644 a
1554 625 1616 655 rege
1632 614 1803 655 Assyriorum

1058 653 1138 683 frater
1148 653 1206 693 ejus
1217 654 1372 691 sedechias,
1385 654 1436 684 suh
1447 665 1501 694 quo
1511 661 1538 684 et
1550 661 1621 684 totus
1633 654 1803 694 transmigra-

1058 699 1101 722 tus
1115 700 1154 722 est
1169 692 1252 723 Juda.
1267 694 1340 733 Ergo
1353 694 1415 723 talis
1433 701 1474 723 est
1493 693 1562 724 ordo
1578 707 1585 724 ι
1601 694 1690 725 Josias
1713 694 1806 734 genuit

1059 732 1193 770 Eliachin,
1242 740 1297 762 stea
1308 741 1435 763 vocatum
1448 733 1574 770 Joachin,
1585 733 1700 764 Joachin
1714 740 1804 764 autem

1059 772 1152 840 genuit
1163 773 1210 803 Jec
1230 773 1335 810 oniam,
1350 773 1511 803 Jechonias
1531 779 1629 802 autem
1641 775 1741 813 genuit
1753 773 1806 803 Sa-

1073 812 1177 849 amiel,
1190 819 1256 852 post
1268 814 1565 853 transmigrationem.
1577 812 1732 843 Secundum
1742 823 1806 852 ergo

267 862 293 885 et
302 854 476 896 postmodum
488 861 629 884 convertar
642 853 676 882 ad
691 853 846 882 Dominum.
860 852 959 890 sicque
972 852 1010 880 fa-
1026 862 1045 886 B
1061 851 1218 891 Regnorum
1244 852 1405 891 scripturam
1419 852 1542 883 Joachim
1554 859 1593 882 est
1606 858 1718 891 quartus
1730 852 1806 882 deci—

267 900 326 925 ctu's
349 902 389 924 est
411 893 540 923 fortitudo
564 893 694 932 maligna,
710 899 736 921 et
750 892 872 921 oneravit
893 893 1012 931 seipsum

267 934 505 974 perniciosioribus
531 933 658 963 oneribus
669 955 676 969 ‚
700 939 726 961 et
757 942 812 961 suae
838 930 1012 970 malignitatis

268 974 392 1013 exemplo
416 974 525 1013 abrupit
589 972 686 1012 pulum
712 982 791 1000 suum
817 970 903 1010 magis
921 982 937 1000 a
954 972 1012 1000 Deo

268 1025 349 1053 quam
363 1020 437 1053 pater
453 1013 548 1052 ejus.1
570 1023 600 1042 co
622 1022 654 1040 ue
673 1011 783 1040 forsitan
806 1011 845 1040 sic
865 1016 905 1039 est
924 1010 1011 1040 nomi-

267 1060 346 1083 natus
359 1052 507 1082 secundum
520 1022 717 1092 providentiam
730 1050 792 1087 Dei,
807 1057 833 1079 et
850 1050 1011 1081 extermina-

267 1093 308 1123 vit
321 1104 383 1122 eum
396 1091 528 1129 Dominus
542 1093 615 1121 Deus
628 1090 766 1120 velociter.
782 1089 917 1119 Attendite
937 1100 1012 1130 ergo,

268 1133 343 1169 la'i'ci,
358 1142 391 1161 ne
403 1132 464 1170 quis
479 1142 513 1160 ex
527 1131 606 1161 vohis
617 1130 805 1169 cogitationem
818 1131 900 1158 Amos
914 1129 942 1158 in
955 1139 1014 1159 cor-

268 1172 303 1201 de
316 1182 365 1201 suo
379 1178 461 1210 ponat
477 1183 483 1199 :
498 1171 627 1209 quoniam
640 1170 687 1208 qui
701 1169 765 1198 talia
779 1169 897 1237 cogitans
910 1176 1011 1208 peccat,

269 1221 322 1240 non
345 1222 379 1240 ex
402 1210 557 1239 infirmitate
571 1209 660 1238 carnis
672 1207 795 1238 devictus
828 1208 951 1246 elinquit,
966 1208 1015 1238 sed

269 1261 304 1279 ex
318 1250 453 1290 proposito
478 1249 562 1285 malo,
577 1248 624 1286 qui
646 1247 748 1276 amicus
769 1254 807 1276 est
827 1247 890 1276 mali
917 1247 1012 1287 ipsius.

268 1290 366 1318 Amos
379 1295 476 1318 autem
485 1290 583 1328 genuit
594 1288 616 1317 J
617 1288 719 1328 osiam,
727 1286 800 1325 quod
813 1287 1012 1326 interpretatur,

270 1329 318 1358 ubi
328 1336 368 1358 est
378 1328 467 1357 hostia
479 1328 606 1363 Domino,
616 1333 662 1355 aut
673 1325 745 1355 salus
757 1325 878 1355 Domini.
889 1326 1014 1355 Forsitan

270 1371 352 1397 Amos
373 1367 520 1397 secundum
541 1377 588 1395 cor
611 1375 691 1395 suum
714 1375 838 1394 aversum
851 1375 866 1392 a
879 1365 1012 1402 Domino,

1061 900 1122 919 mus
1135 901 1149 920 a
1164 891 1316 928 Salomone,
1331 898 1358 921 et
1371 891 1428 931 ipse
1447 899 1487 921 est
1500 892 1574 922 filius
1588 891 1669 922 Josiae
1684 903 1691 920 ε
1704 891 1807 922 Jecho-

1060 929 1119 959 nias
1131 938 1220 960 autem
1232 931 1337 971 primus
1360 942 1444 970 usque
1457 932 1491 960 ad
1505 931 1644 961 Christum
1653 954 1661 968 ,
1673 931 1721 970 qui
1742 941 1806 962 vere

1060 979 1114 998 non
1128 970 1180 1000 fuit
1192 971 1267 1000 filius
1278 970 1369 1006 Josiae,
1381 970 1428 1000 sed
1440 982 1533 1011 nepos,
1549 971 1571 1010 ἦ·
1586 971 1660 1000 filius
1673 971 1802 1001 Joaohin:

1857 981 1904 1011 μῆ

1061 1015 1106 1038 aut
1121 1010 1269 1040 secundum
1282 1010 1449 1049 evangelium
1461 1010 1581 1050 quidem,
1598 1012 1625 1040 in
1639 1021 1694 1049 quo
1705 1010 1804 1040 Jecbo-
1813 1019 1904 1050 aufem.

1062 1048 1119 1077 nias
1129 1049 1203 1079 filius
1216 1049 1319 1079 dicitur
1331 1060 1388 1079 esse
1403 1050 1483 1080 Josiae
1497 1063 1503 1079 :
1516 1050 1539 1080 si
1551 1050 1619 1080 inter
1629 1049 1805 1095 praecedentes
1814 1044 1865 1096 ἴω·
1877 1051 1904 1065 '⁶‘

1061 1089 1244 1126 generationes
1256 1096 1426 1129 computetur
1438 1089 1582 1120 Jechonias
1593 1100 1669 1128 quasi
1683 1097 1805 1128 quartus—

1062 1126 1194 1164 decimus,
1206 1129 1316 1167 reliquae
1329 1129 1511 1168 generationes
1524 1140 1609 1169 usque
1622 1129 1658 1158 ad
1668 1129 1808 1159 Christum

1062 1178 1078 1196 a
1087 1168 1218 1197 Salathiel
1229 1175 1399 1208 computatae,
1409 1168 1586 1198 inveniuntur
1595 1168 1723 1198 tredecim
1733 1179 1803 1198 esse:

1063 1206 1086 1236 si
1110 1214 1200 1237 autem
1222 1208 1292 1238 inter
1315 1207 1432 1246 reliquas
1452 1208 1530 1246 quasi
1553 1208 1656 1248 primus
1678 1215 1805 1248 ponatur,

1063 1247 1128 1286 ipsae
1139 1247 1316 1287 praecedentes
1326 1247 1508 1286 generationes
1517 1258 1533 1276 a
1547 1247 1638 1278 David
1646 1254 1808 1287 computatae

1064 1296 1149 1324 usque
1160 1287 1194 1315 ad
1205 1287 1222 1317 J
1224 1286 1318 1322 osiam,
1329 1287 1505 1316 inveniuntur
1515 1287 1642 1317 tredecim
1652 1298 1719 1317 esse.
1731 1287 1807 1324 Quid

1063 1325 1147 1363 ergo?
1159 1325 1272 1355 Joachin
1285 1326 1407 1355 sublatus
1420 1333 1460 1355 est
1478 1326 1513 1355 de
1534 1337 1646 1356 numero
1659 1337 1765 1366 regum,
1781 1334 1808 1356 et

1059 1364 1132 1408 juste
1147 1377 1154 1393 ε
1170 1365 1234 1403 quia
1260 1375 1313 1409 non
1334 1365 1453 1405 populus
1470 1366 1522 1395 Dei
1548 1366 1721 1396 constituerat
1746 1377 1808 1400 eum

269 1407 377 1438 vocavit
401 1406 490 1435 filium
514 1416 604 1440 suum,
619 1404 666 1434 ubi
693 1404 780 1433 hostia
808 1403 940 1442 Domino,
953 1412 1014 1434 *aut
1063 1412 1091 1431 lu
1116 1413 1243 1442 regnum,
1271 1410 1340 1433 sicut
1370 1411 1426 1433 erat
1454 1405 1619 1434 consuetudo
1643 1406 1671 1434 in
1698 1405 1808 1444 regibus

270 1447 343 1477 salus
364 1446 474 1476 Domini
498 1444 616 1474 est:lioc
639 1450 689 1480 est,
700 1443 764 1482 quia
784 1443 857 1482 quod
881 1454 1014 1482 nusquam
1028 1445 1048 1470 C
1063 1443 1267 1480 constituendis,
1280 1442 1328 1472 sed
1346 1443 1451 1473 Pharao
1474 1454 1520 1483 per
1547 1451 1730 1484 potentatum;
1745 1444 1808 1474 ideo

271 1493 322 1522 est,
333 1496 418 1525 neque
429 1484 548 1525 prodest.
564 1483 736 1513 Providentia
748 1489 836 1512 autem
849 1484 911 1519 Dei,
922 1494 1015 1513 secun-

270 1525 338 1555 dum
351 1525 425 1564 quod
448 1525 557 1554 futurus
581 1524 668 1552 fuerat
692 1522 795 1558 Josias,
810 1522 976 1562 dispensavit
989 1523 1014 1552 ei

271 1575 367 1594 nomen
380 1564 494 1604 imponi,
510 1563 558 1592 ubi
573 1569 614 1592 est
638 1562 726 1591 hostia
739 1561 866 1598 Domino,
881 1568 928 1591 aut
941 1563 1014 1592 salus

271 1605 382 1634 Domini
395 1617 401 1632 ε
415 1603 541 1643 quoniam
553 1612 615 1632 vere
626 1601 653 1630 in
668 1600 716 1630 illo
729 1601 781 1630 fuit
791 1601 878 1630 hostia
890 1602 1011 1632 Domini.

271 1645 338 1674 Tale
351 1644 421 1674 enim
435 1642 597 1672 sacrificium
617 1640 716 1670 obtulit
727 1640 842 1670 Domino
856 1642 925 1677 Deo,
936 1642 1016 1680 quale

272 1694 319 1713 nec
343 1691 403 1713 ante
427 1693 489 1712 eum
514 1681 613 1720 aliquis
627 1691 731 1719 regum,
746 1690 795 1709 nec
816 1687 876 1719 post
890 1691 963 1710 eum.
979 1682 1015 1711 Et

272 1724 328 1763 ipse
341 1724 392 1753 suit
405 1722 490 1752 hostia
505 1723 571 1756 Deo,
583 1719 732 1750 secundum
745 1719 819 1758 quod
832 1720 942 1749 mandat
951 1731 1016 1761 apo-

271 1764 356 1793 stolus
371 1776 377 1792 :
399 1764 438 1793 Ut
461 1762 623 1790 exhibeatis
643 1769 763 1800 corpora
776 1766 878 1788 vestra
891 1761 1014 1790 hostiam

271 1805 384 1839 vivam,
400 1808 534 1831 sanctam
544 1823 552 1837 ‚
569 1801 632 1829 Deo
653 1799 829 1838 placentem.
846 1800 881 1828 Et
894 1799 951 1839 ipse
963 1801 1016 1830 suit

271 1843 367 1888 populi
381 1842 422 1871 sui
438 1841 465 1870 in
476 1848 594 1879 tempore
607 1849 656 1868 suo
668 1849 684 1867 a
695 1838 811 1867 Domino
825 1839 907 1868 salus.
921 1841 961 1868 De
968 1850 1017 1869 cu-

269 1881 507 1922 Juslaudabilibus
515 1880 590 1909 factis
603 1877 671 1907 nihil
690 1877 742 1907 tale
758 1877 847 1907 dicere
860 1889 1014 1918 possumus,

273 1922 363 1960 qualia
384 1927 493 1950 testatur
512 1919 645 1958 scriptura
666 1919 822 1957 Regnorum
836 1925 862 1947 et
875 1919 962 1947 Parali
1002 1936 1015 1942 -

273 1972 379 1990 menon.
396 1959 469 1991 Vide
483 1959 571 1997 qualis
593 1957 683 1993 fuerit,
701 1964 730 1986 ut
751 1957 831 1986 etiam
845 1964 905 1986 ante
917 1930 1016 1988 multis

275 2000 454 2039 generationes
475 1998 602 2027 nascituri
616 1998 675 2037 ejus
689 2007 784 2025 nomen
798 1997 1014 2036 prophetaretur,

1064 1489 1194 1521 quantum
1207 1483 1244 1512 ad
1265 1493 1327 1512 eum
1339 1493 1394 1512 non
1418 1483 1470 1512 fuit
1493 1494 1542 1513 rex
1555 1484 1677 1522 Joachin.
1694 1483 1724 1514 Si
1736 1484 1808 1513 enim

1061 1522 1166 1561 justum
1188 1522 1269 1552 fuerit
1277 1543 1286 1559 ,
1301 1528 1331 1551 ut
1349 1528 1459 1562 propter
1482 1523 1567 1552 solam
1589 1523 1808 1553 oommixtionem

1065 1561 1169 1600 generis
1178 1562 1271 1591 Achab
1282 1568 1309 1590 et
1316 1562 1424 1591 Jezabel
1431 1561 1589 1592 tollerentur
1600 1561 1634 1592 de
1646 1572 1760 1592 numero
1766 1574 1808 1593 re-

1065 1610 1130 1644 gum
1143 1601 1291 1640 supradicti
1308 1607 1363 1630 tres
1376 1611 1465 1640 reges,
1479 1602 1604 1640 quamvis
1615 1613 1632 1631 a
1645 1602 1748 1642 populo
1769 1602 1807 1632 le-

1065 1640 1146 1678 grbus
1155 1641 1262 1670 fuerant
1275 1641 1412 1670 constituti
1423 1641 1451 1670 in
1465 1651 1546 1680 regno
1563 1653 1570 1670 ι
1586 1652 1671 1680 quare
1685 1651 1738 1671 non
1751 1648 1808 1672 erat

1062 1679 1166 1718 justum
1191 1687 1221 1710 ut
1246 1680 1370 1710 similiter
1395 1680 1535 1710 tolleretur
1548 1688 1574 1710 et
1589 1681 1714 1717 Joachin,
1727 1691 1807 1720 quem

1065 1721 1076 1734 ³
1090 1719 1194 1748 Pharao
1213 1720 1241 1749 in
1262 1730 1344 1760 regno
1367 1719 1459 1749 hostili
1482 1720 1579 1750 fecerat
1647 1730 1701 1758 em,
1715 1727 1741 1750 et
1754 1731 1808 1750 non

1065 1759 1187 1803 populus
1207 1761 1258 1789 Dei
1272 1759 1372 1800 praevio
1382 1760 1465 1799 jure?
1479 1760 1515 1789 Et
1534 1760 1574 1790 sic
1591 1760 1609 1790 J
1659 1760 1734 1789 onias
1746 1760 1807 1796 iste,

1066 1808 1113 1836 qu1
1127 1805 1167 1828 est
1178 1798 1252 1828 filius
1264 1799 1374 1838 quidem
1385 1799 1508 1837 Joachin,
1519 1809 1602 1840 nepos
1613 1806 1704 1829 autem
1715 1799 1806 1837 Josiae,

1065 1837 1173 1867 sublato
1199 1845 1275 1879 patre
1296 1849 1345 1868 suo
1370 1838 1485 1869 Joachin
1507 1838 1542 1869 de
1565 1849 1677 1869 numero
1698 1849 1727 1868 re
1747 1850 1806 1874 um,

1065 1876 1122 1917 ipse
1132 1879 1239 1923 positus
1253 1885 1293 1908 est
1316 1889 1366 1918 pro
1379 1888 1410 1908 eo
1423 1878 1500 1917 quasi
1525 1879 1599 1908 filius
1613 1878 1703 1910 Josiae.
1743 1885 1753 1907 t
1765 1878 1807 1908 bis

1065 1924 1222 1947 nommatur
1233 1918 1261 1947 in
1271 1918 1421 1957 evangelio;
1434 1919 1515 1947 semel
1526 1918 1636 1957 quidem
1649 1925 1710 1947 ante
1717 1925 1808 1947 traus-

1066 1957 1252 1996 migrationem
1263 1980 1270 1993 ‚
1285 1957 1414 1988 videlicet
1437 1966 1487 1997 pro
1502 1968 1614 1987 numero
1637 1956 1808 1996 quartodeci-

1067 2007 1111 2025 mo
1127 2009 1133 2025 :
1151 1996 1248 2025 iterum
1260 2004 1349 2026 autem
1360 1997 1514 2026 nominatur
1523 2004 1584 2037 post
1595 1997 1807 2036 transmigratio-

273 2040 336 2078 quia
351 2039 438 2069 Josias
463 2044 503 2066 est
521 2047 616 2066 nomen
638 2047 707 2076 ejus.
722 2037 829 2065 Tertius
843 2037 915 2065 enim
929 2037 1016 2066 Josias
1031 2040 1050 2063 D
1066 2046 1138 2072 nem,
1154 2034 1231 2074 quasi
1242 2046 1293 2076 pro
1305 2046 1417 2065 numero
1431 2036 1530 2075 primo,
1543 2037 1595 2066 hoc
1607 2036 1687 2065 modo
1701 2047 1708 2065 :
1720 2037 1808 2072 Josias

274 2086 327 2116 est,
340 2079 418 2118 cujus
432 2087 525 2106 nomen
540 2076 729 2116 prophetatum
742 2082 781 2105 est
797 2076 954 2115 priusquam
966 2087 1014 2105 na-

275 2117 437 2148 sceretur.1i
459 2123 512 2145 tres
530 2122 602 2152 sunt,
613 2116 754 2155 Sampson,
773 2116 870 2152 Josias,
888 2116 1014 2145 Joannes.

274 2159 374 2188 Josias
385 2162 482 2186 autem
493 2157 591 2195 genuit
602 2155 843 2184 Jechoniam.sed
855 2165 907 2184 non
917 2155 956 2184 sic
967 2167 1016 2195 po-

274 2198 355 2234 situm
379 2203 418 2225 est
440 2195 467 2223 in
489 2195 559 2224 libro
581 2196 747 2233 Regnorum,
763 2194 810 2223 sed
832 2201 891 2234 post
904 2202 1016 2224 mortem

274 2238 354 2267 Josiae
370 2247 418 2265 rex
439 2236 523 2264 factus
546 2241 585 2263 est
607 2234 716 2264 Joathas
743 2234 816 2262 lilius
838 2235 896 2273 ejus
913 2246 919 2263 ε
935 2245 1016 2273 quem

274 2277 383 2306 veniens
410 2275 512 2305 Pharao
538 2280 648 2314 propter
669 2280 773 2313 peccata
787 2274 845 2311 ejus
858 2273 972 2303 adduxit
986 2274 1014 2303 in

274 2316 435 2356 AEgyptum‚
451 2322 477 2343 et
490 2314 517 2343 in
532 2314 589 2343 loco
601 2314 659 2352 ejus
673 2313 761 2352 posuit
777 2312 912 2341 Eliachim
925 2324 1014 2352 regem

273 2356 383 2385 fratrem
395 2351 492 2394 ipsius,
501 2354 614 2383 alterum
625 2352 712 2381 filium
724 2351 815 2388 Josiae‚
827 2352 873 2390 qui
885 2353 1015 2392 interpre-

274 2402 346 2424 tatur
359 2395 410 2424 Dei
420 2393 605 2433 adjudicatus:
616 2399 642 2421 et
655 2391 761 2421 vocavit
771 2402 833 2420 eum
843 2391 896 2419 alio
908 2392 1014 2421 nomine

274 2434 399 2470 Joachin,
415 2433 488 2472 quod
507 2432 576 2462 inter
596 2438 697 2460 retatur
716 2430 824 2459 Domini
842 2431 1012 2470 praeparatio.

274 2475 344 2504 Cum
357 2480 446 2502 autem
465 2479 493 2502 et
506 2471 564 2512 ipse
576 2443 690 2502 ancbin
703 2470 866 2509 malignatus
880 2470 973 2499 fuisset
984 2470 1013 2499 in

307 2567 320 2586 b
337 2566 367 2590 V.
385 2566 416 2590 D.
434 2570 459 2590 et
477 2564 548 2590 Editi
566 2564 591 2589 in
607 2571 686 2597 marg.
705 2563 782 2596 quasi
801 2570 858 2587 vere
877 2567 902 2586 et
913 2562 984 2595 prius
1002 2563 1028 2586 in

274 2606 515 2632 condemnationem.

1066 2082 1156 2104 autem
1180 2076 1271 2114 genuit
1288 2075 1456 2111 Jechoniam,
1470 2075 1594 2105 videlicet
1606 2075 1808 2114 quartumdeci-

1067 2125 1152 2144 mum.
1179 2115 1321 2144 Jechonias
1347 2121 1436 2144 autem
1464 2121 1523 2154 post
1550 2114 1809 2154 transmigrationem

1067 2154 1158 2194 genuit
1171 2154 1312 2190 Salathiel,
1326 2154 1454 2184 videlicet
1464 2154 1541 2193 quasi
1552 2155 1668 2193 primus.
1682 2155 1718 2183 Et
1730 2154 1809 2184 inve-

1066 2194 1142 2223 nitur
1154 2194 1295 2224 Jechonias
1306 2193 1351 2223 hic
1362 2193 1480 2222 duorum
1493 2204 1634 2222 numerum
1646 2200 1745 2230 tenere,
1758 2204 1809 2233 pa—

1067 2234 1115 2263 tris
1128 2233 1182 2269 sui,
1197 2240 1224 2262 et
1236 2244 1327 2262 suum.
1345 2233 1396 2262 Hic
1409 2233 1479 2262 enim
1502 2233 1644 2263 Jechonias
1665 2243 1727 2262 cum
1741 2239 1810 2262 esset

1067 2283 1147 2308 unus,
1162 2272 1230 2301 duas
1243 2273 1340 2302 habuit
1361 2272 1528 2302 conditiones
1545 2285 1552 2301 z
1567 2272 1620 2301 suit
1642 2273 1712 2302 enim
1724 2279 1750 2301 et
1760 2282 1809 2302 rex

1066 2320 1126 2342 ante
1138 2312 1397 2351 transmigrationem
1406 2334 1413 2347 ‚
1426 2312 1500 2351 quasi
1514 2312 1665 2352 regificatus
1678 2322 1692 2340 a
1707 2311 1808 2356 populo

1065 2352 1116 2382 Dei
1128 2365 1134 2381 ε
1145 2352 1231 2381 factus
1242 2358 1282 2380 est
1292 2358 1318 2381 et
1328 2352 1450 2391 privatus
1464 2358 1524 2391 post
1537 2351 1807 2395 transmigrationem,

1065 2391 1142 2431 quasi
1153 2391 1251 2421 ductus
1260 2392 1395 2430 captivus.
1403 2390 1469 2420 Ideo
1479 2398 1539 2420 ante
1549 2390 1809 2428 transmigrationem

1066 2431 1176 2470 quidem
1201 2438 1371 2471 computatur
1392 2430 1461 2459 inter
1482 2440 1557 2468 reges
1580 2429 1656 2467 quasi
1675 2440 1734 2465 rex,
1749 2436 1809 2468 post

1066 2470 1325 2510 transmigrationem
1334 2476 1422 2499 autem
1433 2475 1604 2509 computatur
1611 2468 1680 2498 inter
1689 2469 1809 2508 privatos

1086 2569 1097 2580 «ι
1115 2562 1145 2587 V.
1159 2562 1191 2587 1).
1205 2567 1231 2588 et
1246 2560 1316 2588 Editi
1331 2562 1357 2588 'm
1376 2569 1455 2595 marg.
1474 2560 1582 2586 Pharao
1601 2562 1630 2586 υἱ
1648 2560 1745 2593 hostili,
1757 2569 1808 2586 non

1053 2599 1125 2626 male.

1830 1082 1879 1105 um,
1895 1083 1904 1097 ε
