1890 2826
208 185 281 231 654

206 268 306 297 susque
319 256 421 287 videris
436 265 548 285 uxorem
565 261 652 291 tuam,
663 253 793 294 ingratius
814 253 895 293 plane
907 252 946 282 il-

206 298 260 327 lam
274 296 388 332 videbis,
402 306 578 335 quaecumque
591 295 698 325 tandem
711 293 804 323 fuerit.
818 294 946 323 Incensus
963 295 983 318 Ι)

205 337 277 366 enim
298 335 512 375 coucupiscentia
524 336 594 375 ejus,
609 345 692 375 quam
705 334 734 362 in
746 333 857 362 theatris
875 332 947 363 vidi-

206 377 253 413 sti,
265 383 291 405 et
310 375 413 405 externi
429 375 504 404 illius
519 374 665 414 spectaculi
686 372 821 403 illecebris
839 379 945 412 captus,

206 416 343 456 pudicam,
357 421 487 451 ornatam,
503 414 640 453 totiusque
654 413 715 443 vitae
728 419 877 443 consortem
895 410 946 442 de-

205 455 298 495 spicis,
322 454 482 484 contumelia
501 453 596 491 afficis,
618 453 694 483 mille
732 451 820 482 rubris
840 462 944 488 oneras,

205 506 268 524 cum
289 494 359 524 nihil
371 504 482 533 prorsus
502 493 699 532 coarguendum
709 463 819 528 habeas,
831 490 878 521 sed
895 502 945 531 pu-

205 535 267 564 deat
285 541 310 563 te
329 541 354 563 et
376 533 501 562 morbum
525 533 612 569 fateri,
633 540 659 562 et
675 532 776 562 vulnus
795 530 944 568 ostendere,

205 574 279 613 quod
292 573 356 603 inde
380 583 502 603 reversus
518 572 642 608 attulisti,
654 572 720 601 alias
737 571 822 601 nectis
841 581 945 607 causas,

204 613 355 643 occasiones
375 612 431 642 odii
446 623 567 651 quaerens
580 611 722 648 absurdas,
734 618 760 640 et
773 610 864 640 omnia
886 620 946 649 quae

205 653 277 682 domi
292 660 355 683 suut
370 660 539 682 contemnens
555 663 563 680 ε
580 652 615 681 ad
628 652 704 681 illam
717 651 785 680 hanc
799 660 879 679 unam
893 651 947 679 im-

205 703 302 733 puram
320 692 574 732 concupiscentiam,
585 703 638 731 qua
658 691 815 720 vulneratus
835 700 874 727 es,
889 689 949 719 ani-

205 743 280 761 mum
290 732 397 772 adjicis,
411 738 551 770 menteque
564 731 719 761 circumfers
732 729 851 759 sonitum
862 729 946 766 vocis,

205 772 340 808 habitum,
357 778 503 811 aspectum,
526 778 625 806 motus,
643 771 786 808 omniaque
798 769 948 798 meretricia

206 811 359 847 simulacra,
380 811 450 840 nihil
472 810 546 840 domi
566 821 628 840 cum
648 810 786 850 voluptate
806 808 893 839 vides.
914 809 948 838 Et

205 862 255 880 cur
268 851 358 880 dicam
371 861 484 880 uxorem
495 857 521 880 et
533 849 625 879 aedes?
638 851 728 889 Ipsam
740 858 848 887 quoque
861 848 948 878 cccle—

206 891 273 920 siam
294 890 469 930 injucundius
489 890 626 928 respicies,
641 889 778 928 invitoque
796 887 884 916 animo
895 898 947 917 au-

205 930 263 959 dies
276 931 358 960 verba
372 931 406 960 de
419 930 549 960 castitate.
563 930 657 968 Neque
671 928 742 957 enim
761 927 817 956 haee
833 927 884 956 tibi
896 927 947 957 do-

206 970 302 1003 ctrina,
320 970 367 999 sed
388 969 522 1000 accusatio
539 975 629 1004 erunt,
642 975 721 1007 atque
739 967 768 997 in
784 966 949 1007 desperatio-

205 1019 266 1038 nem
281 1010 410 1049 paulatim
423 1009 568 1044 detractus,
583 1015 608 1038 tc
621 1008 730 1037 demum
745 1014 832 1036 totum
850 1007 884 1036 ab
898 1006 949 1036 hac

206 1048 327 1078 doctrina
349 1049 498 1078 abscindes.
512 1048 617 1078 Idcirco
640 1057 705 1086 rogo
725 1057 774 1077 vos
794 1056 896 1082 omues,
920 1052 949 1076 ut

206 1088 315 1127 fugiatis
334 1100 417 1129 prava
439 1089 488 1118 illa
507 1088 672 1117 theatrorum
692 1086 854 1126 spectacula,
866 1093 892 1115 et
904 1096 949 1115 eos

207 1128 254 1166 qui
268 1128 312 1156 his
325 1135 420 1159 vacant
437 1127 606 1157 abstrahatis.
621 1128 716 1165 Neque
731 1126 801 1155 enim
821 1125 949 1156 recreatio

207 1171 270 1195 sun‘t
297 1168 356 1204 illa,
379 1167 427 1197 sed
453 1167 576 1203 exitium,
603 1165 780 1206 supplicium,
807 1164 948 1205 pernicies.

208 1206 284 1243 Quid
303 1206 412 1246 prodest
433 1206 480 1235 illa
501 1213 670 1245 temporanea
691 1205 826 1244 voluptas,
842 1204 950 1243 quaudo

207 1252 352 1285 perpetuus
372 1245 436 1275 hinc
457 1245 536 1275 dolor
555 1245 660 1283 paritur
676 1257 683 1273 z
701 1254 732 1273 ac
754 1244 799 1272 dic
817 1250 951 1282 noctuque

207 1285 371 1322 stimulatus,
397 1295 413 1313 a
436 1284 650 1324 concupiscentia
674 1283 799 1313 omnibus
822 1283 950 1312 molestus

207 1330 233 1353 et
254 1324 339 1353 durus
360 1324 472 1353 evadis?
494 1324 543 1353 Tei
564 1334 625 1352 sum
643 1333 707 1362 ergo
730 1321 864 1358 examina,
887 1333 951 1360 qua-

208 1363 243 1392 lis
263 1374 359 1403 nempe
379 1363 427 1400 sis,
450 1374 510 1393 cum
534 1335 568 1392 alb
595 1363 705 1392 ccclesia
727 1361 841 1398 recedis,
861 1361 951 1398 qualis

208 1413 269 1432 cum
282 1414 298 1431 a
310 1403 423 1432 theatris
439 1414 447 1430 .-
462 1410 542 1441 atque
555 1402 696 1440 utriusque
708 1401 767 1430 dies
781 1407 875 1430 mutuo
886 1410 951 1429 con·

207 1442 259 1477 fer,
273 1442 395 1481 nihilque
408 1453 476 1487 opus
496 1442 606 1471 habebis
624 1451 746 1471 sermone
765 1446 864 1470 nostro.
881 1440 951 1469 Satis
961 1444 1075 1480 559θρος,
1101 1442 1146 1472 καὶ
1169 1454 1196 1471 τι
1242 1442 1299 1482 ρία,
1318 1453 1353 1471 κα
1386 1441 1510 1477 κόλασις,

925 192 1057 216 spuma.

1001 264 1078 292 μενος
1099 253 1240 294 φάρμακα,
1261 253 1307 283 καὶ
1326 253 1374 290 τὴν
1394 253 1485 283 θυσίαν
1506 252 1555 289 τὴν
1574 252 1773 293 φρικτήν;οὗκ

1001 294 1118 322 ἐντεῦθεν
1140 292 1286 332 ἀνατροπαὶ
1307 292 1380 332 βίων,
1395 293 1439 322 καὶ
1461 293 1552 332 διαφθο
1570 292 1597 322 αὶ
1613 292 1717 332 γάμων,
1727 292 1773 322 καὶ

1002 332 1127 371 πόλεμοι,
1141 332 1186 361 καὶ
1202 332 1289 372 μάχαι
1307 334 1334 362 ἓν
1352 337 1410 366 ταῖς
1429 333 1538 371 οἰκίαις,
1565 334 1637 362 Οταν
1650 333 1701 382 γὰρ
1723 332 1786 373 ὑπὸΥ

1001 374 1049 408 τῆς
1067 374 1121 401 ἐκεῖ
1135 372 1242 412 θεωρίας
1257 373 1395 412 διαχυθῇς,
1409 372 1454 402 καὶ
1466 372 1623 412 χαυνότερος
1635 383 1774 411 γενομενος

1001 412 1045 441 καὶ
1068 412 1255 451 ἀσελγέστερος
1274 412 1319 442 καὶ
1345 411 1514 453 σωφροσύνης
1538 411 1643 447 ἁπάσης
1664 412 1773 460 ἐχθρὸς,

1002 451 1150 481 ἐπανελθὼν
1172 451 1230 491 ἴδῃς
1251 451 1300 488 τὴν
1320 456 1432 491 γυναῖκα
1453 451 1501 488 τὴν
1523 451 1602 487 ἰδίαν,
1616 451 1774 491 ἀηδεστερον

1001 491 1060 531 ὄψει
1073 491 1188 524 πάντως.
1200 491 1242 521 οἵα
1255 491 1287 520 ἂν
1301 487 1328 531 ᾖ.
1343 488 1412 521 Ὑπὸ
1442 491 1476 531 ὰρ
1486 492 1574 527 ἰἢςέν
1588 495 1641 524 τοῖς
1655 490 1774 530 θεάτροις

1001 532 1161 571 ἐμπρησθεὶς
1175 530 1323 570 ἐπιθυμίας,
1333 531 1378 560 καὶ
1389 533 1404 560 ὑ
1450 533 1498 566 τῆς
1513 531 1585 566 ξένης
1594 530 1695 566 ἐκείνης
1705 533 1774 560 θεω-

1000 570 1056 610 ρίας
1070 572 1147 604 ἁλοὺς
1160 573 1207 606 τῆς
1221 571 1444 610 γεγοητευμένης,
1458 570 1507 606 τὴν
1526 569 1648 610 σώφρονα
1663 569 1708 599 καὶ
1728 581 1774 599 κο-

999 610 1079 648 σμίαν
1092 610 1137 640 καὶ
1153 613 1198 639 τοῦ
1210 611 1267 650 βίου
1288 611 1386 644 παντὸς
1400 610 1522 640 κοινωνὸν
1545 609 1775 649 ᾶτιμάζεις,ὗ6ρί-

999 651 1060 686 ζεις,
1076 650 1178 690 μυρίοις
1198 650 1367 691 περιὸάλλεις
1381 650 1516 686 ὀνείδεσιν,
1527 649 1601 678 οὐδὲν
1620 648 1688 688 ἔχων
1701 648 1776 682 ’ὅλως

999 689 1150 729 ἐγκαλέσαι,
1163 691 1221 719 ἀλλ’
1237 690 1425 730 αἰσχυνόμενος
1435 689 1466 719 τὸ
1479 689 1561 722 πάθος
1584 690 1667 718 εἰπεῖν
1679 688 1724 718 καὶ
1746 688 1777 729 τὸ

999 733 1106 802 3ἶῖἰῖ
1121 727 1777 804 {⁸³}“20‘i'fif'{³5³⁰‘iffii‘ieivi'fflige‘iffiiif

999 820 1071 848 γους,
1087 809 1132 838 καὶ
1146 781 1198 838 ‘igit
1213 810 1261 848 μὲν
1271 781 1478 838 ὀἴιῗοίὶξτάντων
1498 780 1648 848 ὖπερορέν,
1664 807 1730 847 πρὸς
1748 806 1776 836 δὲ

999 847 1047 884 τὴν
1058 849 1155 888 μιαρὰν
1166 848 1211 877 καὶ
1222 849 1368 888 ἀκάθαρτον
1379 847 1499 888 κεχηνὼς
1511 847 1614 884 ἐκείνην
1625 846 1776 886 ἑπιθυμίαν,

967 891 985 914 E
1000 890 1062 927 παρ’
1077 884 1108 924 ἧς
1121 888 1152 918 τὸ
1173 891 1279 928 τραῦμα
1298 887 1392 922 ἐδέξω·
1404 888 1450 917 καὶ
1469 887 1518 923 τὴν
1537 887 1607 927 ἠχὴν
1627 889 1675 923 τῆς
1689 889 1777 926 φωνῆς

999 927 1069 967 ἔχων
1087 927 1270 967 ἔγκαθημένην
1289 930 1322 966 τῇ
1363 930 1415 968 υχῇ
1430 927 1553 964 ἔναυλον,
1568 927 1614 956 καὶ
1627 926 1657 956 τὸ
1672 928 1777 966 σχῆμα,

999 966 1045 996 καὶ
1063 966 1094 996 τὸ
1116 967 1240 1007 βλέμμα,
1262 967 1308 997 καὶ
1326 979 1342 996 τ
1381 967 1531 1006 κινήματα,
1553 966 1599 996 καὶ
1619 966 1705 995 πάντα
1729 967 1777 1002 τῆς

998 1006 1121 1058 πορνείας
1140 1007 1175 1036 τὰ
1192 1007 1287 1036 εἴδωλα
1294 1007 1389 1057 ,οὐδὲν
1404 1009 1461 1045 μεθ’
1475 1007 1571 1042 ἡδονῆς
1588 1009 1649 1046 ὁρᾷς
1663 1008 1715 1035 τῶν
1731 1005 1776 1035 ἐπὶ

997 1058 1052 1115 ἷςηὶι
1063 1046 1347 1137 Ἐίαὲὲὲζῖἷξνλζῖἶ
1359 1044 1777 1125 Ῡέτέἵνῖἦέἔσῖἷζοῖὴέψῖἶῖίῖαἰ

1001 1125 1127 1165 ῥημάτων
1139 1128 1261 1166 ἀπεχθῶς
1275 1127 1376 1165 α’κουσῃ
1388 1128 1440 1156 τῶν
1454 1125 1515 1165 περὶ
1529 1124 1709 1165 σωφροσύνης,
1722 1125 1776 1154 τῶν

999 1165 1069 1234 {iii
1075 1165 1241 1236 ‘'255'‘5‘3'5*
1255 1165 1356 1244 ἳῖἷέγῖἶ
1373 1165 1428 1234 ἷνὰρ
1449 1165 1524 1234 ἔσῖἶῖ
1537 1163 1777 1243 ἒῖἶόέδῖῗῗαλχέῗᾶ

1002 1245 1095 1284 μικρὸν
1109 1217 1263 1280 ὗῗιὲσυριῗιςῖ
1276 1217 1372 1274 τέλεονμ
1379 1217 1475 1274 §affige
1485 1215 1703 1284 ἀπὲρῤήξειΐτῆς
1718 1255 1777 1273 κοι-

1001 1285 1132 1324 νωφελοῦς
1152 1296 1251 1320 ταυτης
1267 1284 1449 1317 διδασκαλίας.
1463 1284 1515 1315 Διὰ
1530 1286 1608 1313 τοῦτο
1630 1284 1777 1322 παρακαλῶ

1001 1323 1102 1356 πάντας
1118 1326 1202 1362 ὑμᾶς,
1218 1324 1312 1358 αὐτούς
1327 1335 1358 1352 τε
1376 1323 1480 1363 φεύγειν
1494 1323 1541 1356 τὰς
1552 1322 1669 1363 πονηρὰς
1680 1324 1707 1352 ἐν
1721 1327 1777 1356 τοῖς

1002 1362 1119 1402 θεάτροις
1148 1363 1299 1403 διατριὸὰς,
1323 1362 1369 1392 καὶ
1389 1362 1449 1396 τοὺς
1473 1362 1652 1402 ἐσχολακότας
1676 1362 1778 1395 τούτοις

1001 1402 1100 1431 ἐκεῖθεν
1117 1402 1248 1442 ἀφέλκειν.
1261 1404 1302 1432 Οὐ
1316 1402 1368 1470 γάρ
1386 1403 1444 1431 ἐστι
1457 1396 1631 1470 ψυχαγωγία,
1645 1402 1703 1431 ἀλλ’
1718 1401 1779 1431 ὄλε-

1519 1453 1535 1470 τ
1574 1442 1629 1470 ἐκεῖ
1651 1440 1778 1480 γινόμενα

209 1482 280 1511 enim
303 1482 354 1511 crit
380 1489 521 1522 utrlusque
546 1480 720 1521 comparatio,
744 1486 774 1508 ut
797 1478 952 1508 ostendatur
969 1489 987 1512 A
1003 1481 1118 1510 ἅπαντα.
1131 1481 1195 1521 Τίγ
1216 1480 1550 1522 ρὸφελοςτῆςπροσκαίρου
1561 1480 1659 1516 ταύτης
1672 1481 1776 1516 ἡδονῆς,

209 1521 276 1559 quid
289 1521 387 1561 magni,
401 1521 470 1559 quid
483 1521 606 1550 utilitatis
620 1521 683 1549 hinc
694 1518 812 1555 accedat,
829 1526 855 1548 et
867 1529 951 1557 quan-

209 1568 267 1591 tum
293 1561 356 1590 inde
383 1560 547 1590 detrimenti.
570 1561 634 1590 Haec
657 1561 714 1598 jam
727 1565 821 1589 vestrae
844 1558 950 1587 caritati

208 1599 277 1637 dixi,
286 1607 311 1630 et
325 1611 472 1639 numquam
486 1600 566 1629 finem
581 1598 689 1628 dicendi
702 1597 808 1627 faciam.
820 1597 865 1626 Sic
879 1597 951 1626 enim

207 1640 394 1679 aegrotantium
414 1639 508 1669 morbo
528 1638 708 1674 medebimur,
727 1647 772 1666 eos
796 1643 884 1666 autem
905 1636 951 1675 qui

207 1681 318 1709 sanitate
339 1679 456 1717 gaudent
481 1678 710 1708 confirmabimus.
728 1676 858 1715 Utrisque
880 1676 952 1705 enim

208 1718 365 1759 hujusmodi
379 1729 467 1749 sermo
488 1718 563 1747 utilis
575 1725 625 1755 est;
637 1717 724 1753 illius,
748 1723 777 1745 ut
797 1715 950 1753 abscedant,

209 1758 300 1793 his‚ne
309 1759 444 1788 labantur.
451 1759 556 1789 Verum
566 1757 629 1796 quia
643 1762 748 1796 oportet
758 1766 802 1784 eos
812 1756 858 1794 qui
869 1755 953 1784 incre-

209 1805 283 1836 pant,
299 1798 329 1827 id
342 1799 477 1827 moderate
492 1798 576 1826 facere
585 1808 593 1834 ;
603 1796 648 1825 hic
657 1795 866 1824 admonitionem
876 1795 953 1824 finic-

210 1848 281 1874 mus,
295 1845 321 1866 et
332 1848 391 1876 quae
406 1843 564 1877 supererant
577 1847 611 1865 ex
622 1834 781 1875 praeccdenti
796 1841 952 1873 argumento

211 1877 364 1915 reddemus,
377 1884 457 1915 atque
471 1875 506 1904 ad
526 1875 707 1915 patriarcham
722 1881 842 1902 nostrum
863 1874 951 1902 Abra-

208 1916 273 1945 ham
287 1916 446 1946 redibimus.
462 1916 569 1945 Etenim
582 1914 731 1954 pictoribus
745 1923 813 1949 mos,
828 1923 890 1941 cum
904 1923 952 1942 ac-

210 1963 329 1984 curatam
340 1956 436 1986 volunt
448 1954 593 1994 depingere
606 1954 762 1992 imaginem;
776 1952 952 1988 uno,duobus

211 1995 330 2024 tribusve
337 1995 442 2029 diebus,
451 2004 495 2023 eos
502 2004 568 2032 quos
575 1992 719 2032 depingere
725 1992 821 2023 volunt
830 2001 917 2020 coram
925 2001 953 2020 se

210 2034 329 2063 sedentes
335 2034 506 2070 constituere,
514 2039 544 2061 ut
553 2043 587 2062 ex
593 2032 723 2070 frequenti
733 2038 839 2071 aspectu
847 2041 954 2060 accura-

211 2074 265 2102 tius
274 2072 554 2112 formamexprimant.
562 2072 632 2108 Quia
641 2071 724 2110 igitur
734 2071 811 2100 nobis
823 2071 879 2110 jam
891 2081 953 2109 pro-

211 2113 329 2153 positum
342 2120 393 2148 est,
407 2122 460 2141 non
474 2122 607 2150 corporeae
627 2111 717 2139 sormae
732 2109 843 2140 modum
854 2109 952 2149 depin-

230 2163 285 2188 ere,
305 2153 351 2182 sed
373 2151 468 2180 animae
492 2149 734 2191 pulchritudinem,
755 2149 953 2188 intelligibilem

211 2163 335 2228 annam,
350 2192 488 2221 florentem
509 2190 576 2230 justi
597 2190 735 2225 virtutem,
750 2189 808 2228 ejus
833 2199 955 2218 mansue-

212 2231 344 2268 tudinem,
361 2230 443 2260 animi
466 2228 696 2269 magnitudinem,
719 2228 829 2267 ejusque
849 2235 956 2258 caeteras

212 2282 304 2300 omncs
317 2272 430 2301 virtutes
441 2282 449 2308 Ις
465 2269 509 2298 his
521 2268 624 2298 diutius
643 2278 693 2309 par
705 2274 744 2297 cst
757 2267 906 2303 immorari,
927 2275 956 2296 ut

213 2321 260 2350 per
268 2311 434 2349 frequentem
447 2308 577 2338 sermonis
587 2313 758 2352 conspectum
773 2307 807 2335 ab
817 2307 956 2347 archetypi

212 2350 390 2381 similitudine
397 2359 450 2380 non
460 2348 624 2378 aberremus.
634 2348 664 2377 Si
671 2346 742 2376 enim
751 2356 883 2386 corporeae
893 2346 959 2375 ima-

215 2390 289 2430 gines
297 2390 401 2429 aliquid
409 2388 497 2419 solatii
508 2387 664 2418 videntibus
670 2386 796 2422 afferunt,
806 2385 892 2414 multo
899 2396 958 2414 ma—

213 2430 255 2469 gis
267 2429 362 2459 animae
376 2428 516 2469 imagines.
529 2427 595 2457 'illas
614 2436 695 2466 porro
709 2435 762 2454 non
776 2425 878 2463 ubique
891 2435 957 2454 con-

213 2469 316 2509 spicere
341 2478 495 2510 possumus;
509 2477 613 2496 necesse
630 2465 733 2506 quippe
755 2471 794 2494 est
813 2471 843 2493 ut
863 2474 917 2493 uno
930 2464 958 2494 in

212 2509 271 2538 loco
284 2509 496 2546 constituantur3
508 2507 578 2537 banc
588 2516 653 2537 vero
661 2514 830 2544 quecumque
840 2504 959 2534 volueris

213 2556 383 2585 circumferre
401 2562 487 2595 potes.
505 2554 576 2583 Nam
587 2552 609 2582 si
622 2551 698 2581 illam
710 2551 737 2580 in
749 2550 845 2580 mentis
858 2561 958 2590 penua-

213 2600 252 2629 ri«)
266 2599 403 2637 recondas,
418 2598 580 2636 ubicumque
593 2595 685 2633 rum-is,
706 2595 856 2634 frequenter
870 2594 957 2634 resph-

1003 1520 1066 1550 ὅταν
1078 1521 1200 1558 διηνεκὴς
1213 1523 1330 1551 ἐντεῦθεν
1345 1520 1423 1556 ὀδύνη
1437 1520 1570 1556 τίκτηται,
1583 1519 1629 1549 καὶ
1639 1521 1666 1550 ἐν
1679 1519 1777 1560 ἡμέρᾳ,

1003 1560 1049 1590 καὶ
1072 1562 1099 1590 ἕν
1117 1561 1191 1590 νυκτὶ
1207 1560 1377 1599 κεντούμενος
1397 1560 1449 1589 ὑπὸ
1466 1562 1515 1596 ,τῆς
1536 1559 1677 1599 ἐπιθυμίας
1695 1564 1777 1589 πᾶσιν

1003 1595 1036 1639 ᾗς
1050 1600 1180 1641 δυσχερὴς
1193 1600 1238 1630 καὶ
1251 1600 1425 1640 δυσάρεστοςς
1440 1599 1583 1634 Ἐξέτασον
1596 1602 1659 1638 γοῦν
1671 1599 1778 1635 σαυτὸν,

1003 1639 1043 1673 τίς
1063 1639 1111 1679 μὲν
1128 1640 1188 1680 γίνῃ
1210 1640 1262 1669 ἀπὸ
1282 1639 1424 1678 ἐκκλησίας
1444 1640 1603 1679 ἀναχωρῶν,
1617 1638 1657 1672 τίς
1675 1638 1702 1668 δὲ
1725 1638 1779 1669 ἀπὸ

1005 1678 1130 1719 θεάτρων·
1148 1680 1193 1710 καὶ
1206 1679 1333 1719 ἑκατέρας
1348 1679 1375 1709 δὲ
1389 1678 1529 1719 παράὸαλε
1542 1677 1589 1711 τὰς
1602 1677 1717 1718 ἡμέρας,
1733 1678 1779 1708 καὶ
1803 1696 1811 1699 -

1005 1719 1078 1749 οὐδὲν
1097 1719 1178 1760 δεήσῃ
1192 1721 1246 1748 τῶν
1259 1718 1397 1758 ἡμετέρων
1409 1719 1503 1758 λόγων.
1515 1717 1633 1758 Ἀρκέσει
1646 1717 1699 1758 γὰρ
1716 1720 1779 1747 ἑκα-

1005 1758 1082 1799 τέρας
1096 1762 1113 1794 ἡ
1134 1759 1270 1799 σύγκρισις
1286 1760 1334 1794 τῆς
1351 1758 1452 1799 ἡμέρας
1466 1757 1547 1793 δεῖξαι
1563 1757 1594 1787 τὸ
1612 1757 1720 1797 μέγεθος
1733 1757 1779 1787 καὶ

1004 1800 1052 1834 τ’ἠς
1066 1801 1182 1828 ἐντεῦθεν
1193 1798 1331 1839 ὠφελείας,
1339 1798 1385 1827 καὶ
1396 1800 1444 1833 τῆς
1457 1799 1554 1827 ἐκεῖθεν
1565 1796 1675 1837 βλάὸης.
1684 1798 1779 1827 Ταῦτα

1005 1838 1049 1867 καὶ
1063 1839 1116 1875 ἤδη
1133 1838 1198 1879 πρὸς
1210 1838 1259 1874 τὴν
1275 1837 1405 1877 ὑμετέραν
1419 1836 1524 1876 ἀγάπην
1540 1833 1625 1874 εἷπον,
1641 1836 1686 1866 καὶ
1702 1836 1778 1866 οὐδέ-

1004 1889 1068 1907 ποτε
1090 1878 1227 1917 παύσομαι
1253 1877 1345 1916 λέγων.
1368 1877 1438 1910 Τούς
1457 1888 1486 1906 τε
1507 1876 1559 1916 γὰρ
1580 1879 1719 1909 νοσοῦντας
1744 1876 1779 1904 τὰ

1003 1920 1113 1947 τοιαῦτα
1133 1917 1271 1956 νοσήματα
1290 1915 1549 1956 παραμυθησόμεθα,
1563 1915 1623 1948 τούς
1643 1927 1671 1944 τε
1691 1915 1778 1955 ὑγιαί-

1004 1968 1095 1991 νοντας
1113 1956 1323 1997 ἀσφαλεστέρους
1345 1956 1501 1994 ποιήσομεν.
1513 1954 1672 1994 ’Ἑκατέροις
1691 1956 1743 1994 γὰρ
1764 1957 1778 1984 ὁ

1004 1997 1066 2036 περὶ
1076 1997 1175 2026 τούτων
1186 2009 1206 2036 χ
1222 1996 1317 2035 ήσιμος
1325 1997 1339 2024 ὁ
1349 1994 1433 2035 λόγος·
1443 1999 1498 2027 τοῖς
1512 1994 1569 2032 μὲν,
1575 1994 1619 2023 ἵνα
1630 1996 1777 2030 ἀποστῶσι,

1004 2041 1059 2070 τοῖς
1073 2036 1111 2072 δὲ,
1126 2036 1170 2065 ἵνα
1185 2048 1205 2075 μ
1235 2034 1396 2074 ἐμπέσωσιν.
1406 2034 1475 2063 Ἀλλ’
1489 2033 1580 2069 ἐπειδὴ
1595 2033 1649 2084 χρὴ
1663 2034 1708 2063 καὶ
1719 2033 1780 2067 τοὺς

1004 2077 1181 2115 ἐπιτιμῶντας
1202 2078 1279 2104 τοῦτο
1301 2073 1459 2113 συμμέτρως
1476 2078 1570 2108 ποιεῖν,
1583 2084 1663 2113 μεχρι
1684 2072 1778 2103 τούτου

971 2125 989 2148 Β
1006 2116 1105 2152 ταύτην
1126 2115 1272 2150 στήσαντες
1288 2114 1336 2150 τὴν
1355 2113 1525 2153 παραίνεσιν,
1537 2112 1572 2141 τὰ
1587 2112 1779 2153 ὑπολειφθέντα

1006 2157 1036 2185 ἐκ
1047 2157 1094 2191 τῆς
1106 2154 1237 2195 προτέρας
1249 2153 1396 2186 ὑποθέσεως
1406 2155 1469 2191 ὑμῖν
1479 2151 1662 2191 ἀποδώσομεν,
1676 2152 1720 2182 ἐπὶ
1732 2152 1779 2182 τὸν

1007 2195 1110 2235 πατέρα
1127 2196 1203 2234 ἡμῶν
1218 2193 1339 2233 Ἀὸραὰμ
1358 2191 1544 2225 ἐπανελθόντες
1557 2192 1646 2222 πάλιν.
1661 2192 1715 2222 Καὶ
1729 2191 1782 2232 γὰρ

1008 2239 1062 2268 τοῖς
1081 2233 1227 2274 ζωγράφοις
1246 2233 1318 2269 ἔθος,
1337 2232 1444 2262 ἐπειδὰν
1483 2232 1593 2261 έλλωσιν
1607 2233 1708 2272 ἐμφερῆ
1723 2229 1782 2261 τινα

1009 2274 1164 2314 ἐργάζεσθαι
1177 2272 1274 2309 εἰκόνα,
1288 2272 1333 2301 καὶ
1349 2272 1411 2312 μίαν
1425 2244 1528 2301 mli-860
1542 2271 1588 2300 καὶ
1601 2276 1671 2311 τρεῖς
1681 2270 1783 2310 ἡμέρας

1010 2314 1069 2348 τοὺς
1083 2313 1228 2354 γράφεσθαι
1241 2312 1384 2352 μζλλοντας
1397 2311 1620 2351 παρακαθίζουσιν
1633 2312 1731 2345 αὐτοῖς,
1740 2310 1784 2340 ἵνα

1010 2356 1043 2393 τῇ
1057 2353 1178 2393 συνεχείᾳ
1189 2355 1236 2388 τῆς
1250 2352 1359 2391 θεωρίας
1371 2351 1538 2381 ἀδιάπτωτον
1548 2351 1596 2388 τῆς
1606 2352 1708 2390 μορφῆς
1722 2350 1784 2379 δια-

1012 2393 1150 2423 σώσωνται
1162 2392 1210 2429 τὴν
1225 2392 1370 2432 ἀκρίὸειαν.
1385 2391 1463 2421 Ἐπεὶ
1483 2386 1527 2419 οὖν
1541 2389 1587 2419 καὶ
1599 2392 1664 2427 ἡμῖν
1680 2391 1785 2429 ζωγρα-

1012 2430 1786 2511 {³353‘4353'ss3333?”assxssffssi‘sslf‘fsst'g'ffcif‘ssffi‘ssssf‘

1144 2506 1148 2511 .
1291 2493 1298 2507 ν
1627 2491 1635 2505 5

1012 2511 1083 2541 τείαν
1096 2512 1266 2550 ἀκμάζουσαν
1277 2513 1322 2540 τοῦ
1335 2508 1446 2544 δικαίου,
1457 2508 1545 2538 καὶτὸ
1557 2512 1651 2547 πρᾶον,
1660 2507 1706 2537 καὶ
1713 2508 1784 2547 ἥμε-

1013 2563 1066 2590 ρον,
1081 2551 1124 2580 καὶ
1147 2551 1341 2590 μεγαλόψυχον,
1354 2548 1398 2578 καὶ
1419 2548 1468 2584 τὴν
1483 2548 1566 2583 ἄλλην
1585 2547 1689 2578 ἅπασαν
1705 2549 1783 2576 αὐτοῦ

1004 2590 1109 2629 ἀρετὴν,
1119 2590 1174 2620 δέον
1188 2590 1295 2620 πλείονα
1307 2589 1354 2625 τὴν
1366 2587 1502 2627 διατριὸὴν
1517 2587 1581 2627 πρὸς
1592 2589 1683 2617 τοῦτον
1706 2587 1785 2622 ποιή-
