1890 2826
183 135 230 171 50

184 210 292 245 minus,
314 207 460 236 Dominus
472 208 661 237 exercituum.
674 205 750 244 Quid
763 213 814 244 est,
828 207 924 237 Exer-

184 256 316 284 cituumi’
340 253 506 294 Angelorum
526 253 603 289 dicit,
622 252 856 292 archangelorum,
876 264 920 283 su*

185 310 331 340 pernarum
345 299 490 337 virtutum,
501 310 516 328 a
530 306 598 328 terra
614 299 649 328 ad
661 298 756 328 caelum
775 298 926 330 auditorem

185 346 331 381 adducens,
345 352 375 375 ut
389 345 441 386 ipsi
455 345 641 385 cogitationem
655 344 747 385 magni
760 344 836 374 illius
849 345 925 385 regni

184 394 306 434 injiciat,
331 400 362 423 ut
381 393 462 422 illum
488 393 527 422 sic
553 392 731 433 stupefactum
755 393 923 433 temperatio-

185 450 244 469 rem
266 439 403 475 redderet,
432 438 635 477 ostenderetque
653 444 753 467 tamam
771 438 926 478 patientiam

185 496 239 515 non
253 484 429 521 infirmitatis,
439 484 489 514 sed
500 483 612 514 maximi
624 483 707 513 animi
717 494 783 514 esse.
794 485 842 513 16.
852 484 927 513 Hoec

184 533 257 561 dicit
282 532 439 560 Dominus.
465 531 526 560 Pro
547 541 581 559 eo
602 530 683 570 quod
705 529 843 559 exaltatae
860 537 927 559 sum

181 578 254 617 filioe
266 578 348 613 Sion,
365 583 393 606 et
405 586 525 617 egressae
536 582 604 605 sunt
616 575 694 605 elato
711 576 799 612 collo,
808 581 836 604 et
851 578 926 605 nuti-

184 625 238 653 bus
250 623 398 652 oculorum
415 645 422 658 ,
438 629 465 651 et
478 623 592 651 incessu
604 622 712 662 pedum
726 622 873 651 trahentes
885 624 926 651 si·

185 671 248 699 mul
255 672 381 705 tunicas,
389 669 534 709 simulque
543 669 665 708 pedibus
673 668 818 698 ludentes.
830 669 879 699 17.
885 669 926 698 Et

185 714 352 743 humiliabit
374 714 456 742 Deus
474 713 683 742 dominatrices
699 712 782 752 filias
795 712 877 750 Sion,
898 719 927 742 et

185 761 332 789 Dominus
347 759 488 789 revelabit
500 758 632 787 habitum
646 768 745 787 earum
757 758 789 787 in
801 759 849 787 die
859 759 925 788 illa.

184 806 235 837 18.
256 807 298 835 Et
316 806 432 845 auferet
456 805 601 833 Dominus
614 804 740 844 gloriam
760 806 928 834 vestimenti

184 862 296 887 earum,
313 858 341 881 et
352 857 488 880 ornatum
500 861 600 880 earum
611 856 638 879 et
650 851 801 879 cincinnos
813 861 925 888 earum,

184 905 212 928 et
232 900 398 936 corymbos,
411 905 440 927 et
452 897 583 934 lunulas,
595 898 644 926 19.
659 904 686 926 ει
697 897 927 934 marianarum,

183 952 213 975 ct
225 952 360 974 ornatum
367 945 460 984 faciei
471 953 582 976 earum,
593 948 622 971 et
635 944 870 982 compositionem
880 954 927 973 or-

184 993 314 1022 namemi
327 992 440 1031 glorioe,
455 997 483 1019 et
493 989 638 1026 armillas,
654 995 683 1018 et
694 995 820 1029 torques,
834 991 885 1019 120.
901 997 929 1019 et

183 1038 350 1074 reticulum,
367 1043 395 1066 et
410 1036 549 1073 annulos,
565 1043 594 1065 et
607 1035 743 1071 collaria,
758 1041 787 1064 et
799 1037 928 1073 inaures,

183 1086 216 1113 21
227 1107 234 1113 .
250 1091 278 1114 et
294 1093 425 1124 purpura
444 1087 612 1122 praeteaetaS,
629 1088 657 1111 et
674 1091 791 1121 pannos
806 1091 860 1121 per
873 1082 927 1111 do-

184 1142 272 1167 mum,
287 1138 315 1161 et
331 1131 484 1171 perspicua
506 1130 664 1163 Laconica,
678 1129 729 1157 22.
745 1133 772 1157 el
793 1128 927 1165 byssina,

183 1185 211 1207 et
224 1177 423 1215 hyacinthina
427 1187 441 1213 ;
453 1176 503 1206 23.
520 1176 666 1211 coccinea,
682 1180 710 1204 et
730 1175 850 1212 byssum
863 1185 928 1204 cum

183 1234 256 1253 auro
267 1230 295 1253 et
305 1224 470 1261 hyacintho
480 1227 657 1258 contextam,
670 1227 698 1250 et
709 1222 846 1251 theristra
856 1232 928 1251 auro

188 1271 343 1300 adstricta.
359 1271 410 1299 24.
426 1270 468 1299 Et
479 1271 533 1298 erit
544 1278 597 1308 pro
615 1269 700 1297 suavi
718 1267 807 1296 odore
815 1268 912 1307 pulvis
922 1290 930 1304 ‚

183 1323 212 1346 et
220 1327 274 1356 pro
284 1326 360 1346 zona
360 1316 504 1356 funiculo
513 1316 648 1354 cingeris,
661 1321 689 1343 et
695 1324 748 1353 pro
757 1321 928 1344 ornamento

183 1365 286 1404 capitis
297 1365 340 1393 tui
350 1363 499 1392 calvitiem
510 1362 632 1391 habebis
640 1366 759 1400 propter
767 1367 928 1400 operatua,

183 1417 210 1440 et
229 1421 282 1448 pro
300 1412 400 1440 tunica
411 1419 543 1449 purpura
556 1409 676 1438 clavata
697 1408 930 1448 circumcingeris

184 1468 281 1487 sacco.
298 1458 370 1486 Hoec
384 1458 437 1486 tibi
448 1466 502 1495 pro
516 1460 633 1484 ornatu.
649 1454 750 1484 95.Et
765 1453 848 1493 filius
863 1460 929 1483 tuus

181 1503 405 1542 pulcherrimus,
427 1511 512 1542 quem
526 1501 636 1540 diligis,
657 1500 758 1539 gladio
777 1499 862 1528 cadet
869 1511 884 1537 ,·
902 1506 930 1528 et

174 1549 274 1590 sortes
287 1549 380 1576 vestri
390 1546 490 1587 gladio
505 1546 622 1580 cadent,
634 1550 663 1573 et
681 1543 927 1573 humiliabuntur.

183 1593 233 1621 26.
247 1593 288 1621 Et
300 1591 440 1631 lugebunt
453 1590 544 1619 thecae
556 1594 677 1617 ornatus
692 1588 795 1623 vestri,
807 1592 835 1616 et
843 1587 929 1616 relin-

184 1637 281 1676 queris
292 1635 367 1671 sola,
379 1640 408 1663 et
419 1637 451 1664 in
461 1641 568 1663 terram
575 1634 774 1672 prosterneris.
791 1631 930 1660 Insolitam

183 1693 241 1711 rem
261 1681 392 1722 propheta
404 1681 477 1718 fecit,
493 1680 605 1719 longum
619 1678 655 1708 ad
667 1678 794 1708 mulieres
810 1677 930 1717 dirigens

184 1738 350 1764 sermonem,
374 1726 447 1766 quod
467 1736 600 1765 nusquam
620 1724 646 1753 in
666 1723 814 1764 Scripturis
831 1724 931 1753 factum

184 1774 321 1804 videmus.
337 1774 405 1811 Quae
418 1773 502 1813 igitur
515 1783 595 1802 causa
608 1778 647 1801 est
660 1771 773 1801 insolitae
784 1769 844 1800 rei?

226 1919 255 1950 8.
271 1917 390 1949 Videtur
403 1917 472 1946 mihi
487 1923 550 1947 tunc
570 1915 698 1956 temporis
712 1925 836 1954 magnam
850 1914 932 1944 fuisse

185 1965 334 1995 mulierum
351 1963 505 2000 mollitiem,
530 1962 700 2000 multumque
714 1960 858 1990 contulisse
873 1960 934 1990 illas

186 2011 222 2041 ad
235 2011 356 2042 virorum
365 2009 521 2049 nequitiam.
538 2008 604 2038 Ideo
618 2007 679 2037 illas
690 2007 828 2048 speciatim
841 2007 933 2037 redar-

186 2057 257 2098 guit,
273 2056 429 2097 glavissima
441 2055 497 2084 illis
506 2055 621 2084 offerens
632 2053 756 2091 crimina,
771 2064 933 2083 sermonem-

185 2115 239 2143 que
252 2103 288 2133 ad
299 2102 465 2143 principium
478 2107 632 2137 revocat‚e1
645 2110 758 2140 persona
770 2099 822 2129 Dei
835 2099 933 2129 iterum

186 2150 311 2189 loquens.
334 2150 407 2179 Haec
423 2148 501 2177 dicit„
512 2147 659 2177 Dominus
677 2157 686 2174 .·
706 2146 768 2175 Pro
791 2155 826 2174 eo
855 2146 935 2185 quod
951 2157 970 2180 ι)

186 2196 326 2226 exaltatae
354 2201 423 2224 sunt
445 2195 520 2234 filioe
543 2194 631 2229 Sion,
657 2198 686 2221 et
707 2192 935 2222 ambulaverunt

186 2244 266 2274 elato
288 2242 375 2273 collo.
395 2243 484 2282 Caput
507 2241 642 2270 malorum
667 2239 734 2280 ipsis
754 2238 861 2269 crimini
875 2238 933 2276 dat,

219 2356 232 2367 Ι
250 2348 281 2372 In
294 2345 380 2372 Biblils
389 2345 479 2378 legitur
490 2348 528 2371 καὶ
539 2349 562 2371 ἓν
573 2346 686 2378 νεύμασιν.

221 2389 235 2410 b
254 2388 323 2417 Eme,
337 2390 374 2412 καὶ
386 2390 426 2412 τὸν
444 2380 527 2418 κόσμον
539 2387 620 2416 αὐτῶν,
632 2383 724 2408 desunt
737 2382 763 2408 in
775 2382 949 2418 Biblllssssox

188 2426 268 2452 Biblla
274 2428 404 2459 κοσύμὸους.
416 2422 486 2450 Ibld.
496 2423 558 2456 ΚΘΕ.
567 2428 593 2447 ει
601 2422 678 2449 Savil.
688 2426 801 2455 κάθεσμ-α.
813 2420 900 2447 Metel.
907 2425 948 2447 κά-

189 2470 258 2500 θεμα,
270 2472 295 2491 ει
306 2466 342 2490 sic
353 2465 445 2498 legitur
456 2464 482 2488 in
492 2461 588 2487 Bibliis.

220 2513 230 2524 ι·
248 2503 328 2529 Bihlln
340 2505 463 2539 περιδέξια.
480 2500 549 2527 Ibld.
564 2505 595 2528 τά
611 2505 771 2536 περιπόρφυρα
782 2508 834 2525 esse
851 2506 947 2525 vestem

185 2552 294 2577 purpura
303 2548 450 2576 praetextam
460 2539 616 2567 ostendimus
627 2540 653 2565 in
659 2539 824 2572 Antiquitate,
831 2539 906 2564 Tom.
921 2540 946 2570 3,

684 2641 693 2657 γ.

943 461 968 513 ξ
981 483 1050 524 δείξῃ
1065 483 1113 520 τὴν
1124 484 1255 519 τοσαύτην
1267 484 1366 524 ἀνοχὴν
1380 485 1429 514 οὐκ
1449 483 1600 521 ἀσθενείας,
1612 484 1681 514 ἀλλὰ
1695 496 1750 524 μα-

516 145 545 168 S.
573 145 715 169 JOANNIS
741 144 926 169 CHRYSOST.
955 146 1110 171 ARCHOEP.
1137 147 1411 172 CONSTANTmoP.

978 207 1116 247 ἐπιτρίὸει.
1127 208 1215 239 Τοῦτό
1229 221 1295 250 φησι
1308 208 1420 249 Κύριος,
1430 208 1543 249 Κύριος,
1559 209 1656 251 Κύριος
1670 221 1748 251 στρα-

979 255 1056 284 τιῶν.
1080 254 1117 284 Τί
1139 254 1168 284 δέ
1189 256 1262 291 ἐστι,
1284 255 1422 294 Στρατιῶν
1431 266 1440 290 ;
1450 255 1513 285 Τῶν
1527 255 1645 295 ἀγγέλων
1657 255 1729 295 λέγει
1739 278 1748 291 ,

979 302 1032 329 ’τῶν
1054 300 1236 340 ἀρχαγγέλων,
1247 302 1300 329 τῶν
1319 300 1374 329 ἅνω
1396 299 1542 339 δυνάμεων,
1555 300 1608 330 ἀπὸ
1631 302 1680 336 τῆς
1699 304 1749 341 γῆς

979 344 1023 375 ἐπὶ
1037 345 1082 375 τὸν
1095 345 1203 386 οὐρανὸν
1214 346 1258 376 τὸν
1271 345 1404 386 ἀκροατὴν
1411 346 1526 386 ἀνάγων,
1538 348 1574 380 εἰς
1586 346 1685 376 ἔννοιαν
1699 349 1748 383 τῆς

980 390 1098 430 μεγάλης
1112 393 1191 422 αὐτοῦ
1207 391 1340 431 βασιλείας
1350 392 1427 422 αὐτὸν
1442 391 1594 431 ἐμὸάλλων,
1605 391 1650 422 ἵνα
1662 392 1748 433 τούτῳ

979 441 1040 477 γοῦν
1063 438 1235 475 καταπλήξας
1243 460 1251 474 ,
1275 438 1485 479 σωφρονέστερον
1513 438 1659 479 ἰργάσηται
1667 459 1676 474 ,
1701 439 1746 468 καὶ

979 530 1122 570 κροθυμίας
1136 526 1224 560 οὖσαν.
1233 530 1306 559 Τάδε
1326 529 1399 570 λέγει
1413 529 1519 570 Κύριος.
1533 527 1601 560 ’Avo'
1616 525 1652 560 ὧν
1676 529 1749 571 ὑψώ-

979 580 1062 612 θησαν
1076 578 1103 606 αἱ
1126 576 1264 617 θυγατέρες
1274 575 1355 612 Σιὼν,
1367 576 1413 606 καὶ
1433 576 1638 617 ἐξεπορεύθησαν
1653 578 1748 617 ὓψηλίζ)

978 623 1121 663 τραχήλῳ,
1139 622 1199 652 ’καὶ
1212 622 1338 661 νεύμασιν
1359 623 1511 663 ὀφθαλμῶν,
1535 622 1581 653 καὶ
1601 625 1635 663 τῇ
1655 623 1748 663 πορείᾳ

979 670 1032 698 τῶν
1045 669 1132 699 ποδῶν
1148 668 1274 709 σύρουσαι
1286 668 1342 708 ἅμα
1353 668 1413 702 τοὺς
1429 671 1545 709 χιτῶνας
1553 691 1562 706 ,
1575 669 1621 699 καὶ
1633 673 1687 703 τοῖς
1697 681 1747 699 πο-

979 715 1021 745 σὶν
1035 715 1092 754 ἅμα
1108 714 1257 750 παίζουσαι.
1276 715 1328 744 Καὶ
1342 715 1499 745 ταπεινώσει
1511 718 1525 745 ὁ
1536 715 1604 749 Θεὸς
1617 715 1750 756 ἀρχούσας

979 761 1123 801 θυγατέρας
1135 760 1214 798 Σιὼν,
1235 761 1280 791 καὶ
1305 760 1401 799 Κύριος
1423 760 1586 802 ἀνακαλύψει
1606 762 1636 791 τὸ
1655 764 1750 802 σχῆμα

980 810 1066 837 αὐτῶν
1092 808 1119 836 ἔν
1143 809 1176 847 τῇ
1191 806 1278 847 ἡμέρᾳ
1299 806 1397 845 ἐκείνῃ.
1410 807 1463 837 Καὶ
1487 809 1578 848 ἀφελεῖ
1591 807 1687 848 Κύριος
1700 807 1749 844 τὴν

980 854 1055 888 δόξαν
1068 856 1114 882 τοῦ
1129 855 1273 892 ἱματισμοῦ
1287 854 1383 888 αὐτῶν,
1395 851 1407 869 ¹³
1415 853 1463 883 καὶ
1476 854 1521 883 τὸν
1534 853 1633 892 κόσμον
1647 854 1733 883 αὐτῶν
1742 874 1751 888 ,

980 900 1025 930 καὶ
1033 900 1068 930 τὰ
1081 899 1213 940 ἐμπλόκια
1223 921 1231 936 ,
1244 900 1289 930 καὶ
1302 900 1361 933 τοὺς
1373 899 1520 940 χορῦμὸους
1527 922 1536 936 ,
1551 899 1596 929 καὶ
1618 899 1677 933 τοὺς
1695 911 1748 938 μη-

980 946 1084 980 νίσκους
1094 969 1102 981 ,
1116 945 1162 975 καὶ
1175 946 1207 975 τὸ
1228 945 1345 984 κάθεμα,
1356 946 1401 975 καὶ
1427 946 1471 976 τὸν
1493 946 1593 985 κόσμον
1606 949 1652 975 τοῦ
1666 957 1749 986 προσ-

948 999 965 1023 B
981 992 1054 1021 ώπου
1069 992 1164 1027 αὐτῶν,
1177 991 1222 1021 καὶ
1232 991 1281 1027 τὴν
1293 991 1412 1021 σύνθεσιν
1426 995 1471 1021 τοῦ
1483 992 1583 1031 κόσμου
1596 993 1644 1027 τῆς
1659 991 1748 1028 δόξης,

981 1037 1027 1067 καὶ
1039 1036 1099 1070 τοὺς
1112 1037 1259 1077 χλιδῶνας,
1267 1037 1312 1066 καὶ
1325 1036 1359 1066 τὰ
1372 1037 1468 1077 ψέλλια
1477 1059 1485 1072 ,
1498 1038 1542 1067 καὶ
1556 1037 1586 1067 τὸ
1595 1037 1748 1077 ἒμπλόκιον,

981 1083 1026 1112 καὶ
1036 1082 1096 1116 τοὺς
1105 1082 1266 1119 δακτυλίους,
1274 1086 1286 1099 ⁰
1294 1082 1382 1112 καὶτὰ
1389 1083 1533 1124 περιδέρια,
1543 1083 1588 1112 καὶ
1599 1083 1633 1112 τὰ
1643 1082 1747 1118 ἐνώτια,

981 1128 1070 1158 καὶτὰ
1083 1127 1281 1168 περιπόρφυρα,
1293 1128 1338 1158 καὶ
1349 1129 1383 1158 τὰ
1394 1129 1565 1164 ἐπιὸλήματα
1578 1128 1612 1157 τὰ
1624 1128 1692 1158 κατὰ
1701 1128 1749 1165 τὴν

981 1174 1076 1210 οἰκίαν,
1087 1173 1133 1203 καὶ
1145 1173 1180 1203 τὰ
1193 1175 1306 1214 διαφανῆ
1313 1174 1455 1204 Λακωνικὰ
1463 1197 1471 1211 ,
1481 1174 1568 1204 καὶτὰ
1578 1174 1698 1214 βύσσινα,
1704 1175 1749 1204 καὶ

981 1220 1016 1250 τὰ
1029 1219 1182 1256 ὓακίνθινα,
1195 1219 1240 1249 καὶ
1261 1220 1295 1249 τὰ
1313 1219 1423 1250 κόκκινα
1431 1242 1440 1256 ,
1454 1220 1499 1250 καὶ
1517 1220 1565 1256 τὴν
1580 1220 1677 1259 βύσσον
1702 1220 1750 1250 σὺν

982 1268 1075 1307 χρυσῷ
1086 1265 1131 1295 καὶ
1144 1265 1257 1306 ὑακίνθῳ
1276 1266 1540 1306 συγκαθυφασμένην,
1555 1266 1600 1295 καὶ
1626 1266 1750 1306 Οέριστρα

982 1313 1142 1349 κατάληπτα
1153 1315 1198 1342 τοῦ
1212 1311 1332 1353 χρυσίου.
1346 1312 1400 1342 Καὶ
1409 1311 1484 1342 ἔσται
1493 1313 1552 1342 ἀντὶ
1563 1314 1648 1351 ὀσμῆς
1661 1312 1750 1348 ἡδείας

982 1358 1127 1400 κονιορτὸς,
1142 1358 1187 1388 καὶ
1209 1358 1268 1388 ἀντὶ
1291 1358 1373 1395 ζώνης
1394 1358 1502 1399 σχοινίῳ
1515 1358 1601 1398 ζώσῃ,
1625 1359 1670 1388 καὶ
1692 1359 1751 1388 ἀντὶ

982 1408 1028 1436 τοῦ
1042 1405 1142 1444 κόσμου
1153 1407 1200 1440 τῆς
1212 1405 1327 1444 κεφαλῆς
1340 1416 1387 1433 σου
1401 1403 1568 1444 φαλάκρωμα
1582 1404 1647 1438 ἔξεις
1662 1405 1705 1434 διὰ
1716 1405 1750 1434 τὰ

983 1451 1047 1491 ἔργα
1061 1463 1107 1480 σου
1116 1473 1124 1486 ,
1137 1450 1182 1479 καὶ
1197 1450 1254 1480 ἀντὶ
1276 1453 1323 1480 τοῦ
1339 1449 1470 1490 ειχιτῶνος
1483 1453 1528 1479 τοῦ
1551 1450 1750 1491 μεσοπορφύρου

983 1497 1116 1538 περιζώσῃ
1129 1496 1237 1526 σάκκον.
1248 1495 1342 1526 Ταῦτά
1355 1508 1396 1526 σοι
1412 1497 1469 1526 ἀντὶ
1482 1498 1682 1535 καλλωπισμοῦ.
1698 1496 1751 1526 Καὶ

948 1557 967 1580 c
983 1547 996 1574 ὁ
1008 1544 1062 1578 υἱός
1075 1555 1122 1574 σου
1133 1545 1147 1573 ὁ
1157 1542 1295 1576 κάλλιστος
1303 1565 1311 1579 ,
1320 1543 1348 1572 ὃν
1361 1543 1477 1583 ἀγαπᾷς,
1489 1542 1608 1583 μαχαίρᾳ
1621 1547 1750 1572 πεσεῖται·

983 1590 1028 1620 καὶ
1042 1591 1067 1619 οἱ
1081 1589 1215 1630 ἰσχύοντες
1237 1590 1311 1628 ὑμῖν
1326 1587 1445 1629 μαχαίρᾳ
1458 1592 1617 1626 πεσοῦνται,
1636 1588 1681 1618 καὶ
1701 1601 1751 1618 τα-

983 1636 1200 1672 πεινωθήσονται.
1220 1636 1272 1665 Καὶ
1290 1635 1462 1671 πενθήσουσιν
1487 1637 1515 1664 αἱ
1538 1637 1619 1670 θῆκαι
1641 1637 1686 1664 τοῦ
1704 1635 1752 1664 κό-

984 1695 1051 1722 σμου
1078 1683 1163 1721 ὑμῶν,
1184 1682 1229 1712 καὶ
1247 1680 1445 1721 καταλειφθήσῃ
1471 1681 1538 1720 μόνη
1549 1704 1557 1718 ,
1575 1681 1620 1710 καὶ
1647 1683 1683 1714 εἷς
1704 1681 1752 1717 τὴν

984 1732 1034 1769 γῆν
1055 1731 1067 1744 ²
1076 1727 1257 1768 ἐδαφισθήσ-ῃ.·
1268 1727 1351 1756 Ξένον
1374 1729 1451 1756 τοῦτο
1478 1728 1492 1756 ὁ
1515 1726 1653 1767 προφήτης
1677 1727 1754 1760 αὐτὸς

985 1774 1131 1811 πεποίηκε,
1147 1774 1248 1814 μακρὸν
1266 1773 1331 1814 πρὸς
1345 1772 1391 1806 τὰς
1413 1777 1538 1812 γυναῖκας
1552 1773 1689 1806 ἀποτείνας
1704 1772 1752 1802 λό-

985 1833 1042 1861 γον,
1054 1820 1120 1860 ὅπερ
1132 1821 1248 1858 οὐδαμοῦ
1261 1821 1313 1849 τῶν
1329 1820 1440 1859 Γραφῶν
1461 1820 1563 1859 ὁρῶμεν
1578 1819 1753 1859 γεγενημένον

986 1867 1063 1897 οὕτω.
1075 1867 1111 1897 Τί
1124 1862 1168 1896 οὖν
1182 1866 1212 1895 τὸ
1221 1865 1304 1896 αἴτιον
1314 1868 1359 1895 τοῦ
1375 1865 1461 1902 ξένους

1026 1912 1106 1952 Ἐμοὶ
1117 1913 1187 1942 δοκεῖ
1197 1911 1298 1948 πολλὴν
1314 1911 1375 1941 τότε
1387 1910 1435 1947 τὴν
1449 1910 1574 1951 βλακείαν
1595 1913 1647 1942 τῶν
1660 1924 1754 1952 γυναι-

986 1961 1039 1990 κῶν
1053 1960 1224 1999 γεγενῆσθαι,
1235 1957 1324 1988 καὶτὸ
1341 1957 1422 1987 πλέον
1446 1958 1482 1990 εἷς
1508 1958 1557 1993 τὴν
1577 1960 1630 1987 τῶν
1654 1959 1754 1998 ἀνδρῶν

989 2006 1084 2036 κακίαν
1098 2004 1226 2045 εἰσφέρειν
1239 2003 1317 2044 μέρος
1336 2002 1426 2036 αὐτάς.
1437 2002 1485 2032 Διὸ
1497 2003 1529 2039 δὴ
1541 2004 1586 2033 καὶ
1606 2003 1756 2038 ἰδιαζόντως

986 2052 1051 2093 πρὸς
1061 2051 1141 2084 αὐτὰς
1154 2049 1336 2085 ἀποτείνεται,
1348 2048 1382 2078 τὰ
1392 2049 1568 2090 χαλεπώτερα
1575 2051 1666 2084 αὐταῖς
1676 2052 1756 2091 ἐγκα-

986 2101 1038 2129 λῶν
1061 2096 1233 2138 ἐγκλήματα,
1247 2095 1294 2126 καὶ
1306 2097 1343 2128 εἰς
1363 2095 1449 2135 ἀρχὴν
1461 2095 1553 2135 ἀνάγει
1566 2096 1611 2125 τὸν
1624 2096 1711 2136 λόγον,
1725 2098 1756 2126 ἐκ

986 2143 1128 2185 προσώπου
1142 2145 1188 2173 τοῦ
1201 2144 1272 2173 Θεοῦ
1290 2141 1370 2171 πάλιν
1389 2141 1574 2182 φθεγγόμενος.
1595 2141 1668 2171 Τάδε
1683 2142 1757 2182 λέγει

988 2191 1084 2231 Κύριος
1095 2202 1102 2209 ·
1117 2190 1173 2220 ἀνθ’
1187 2184 1224 2220 ὧν
1248 2187 1390 2228 boe-Senem
1412 2189 1439 2217 αἱ
1453 2187 1593 2228 θυγατέρες
1607 2187 1689 2225 Σιὼν,
1710 2188 1757 2218 καὶ

986 2236 1166 2277 ἐπορεύθησαν
1179 2236 1273 2275 ὑψηλῷ
1286 2234 1422 2275 τραχήλῳ.
1437 2234 1477 2263 Τὸ
1491 2234 1634 2274 κεφάλαιον
1645 2236 1699 2264 τῶν
1711 2247 1756 2264 χα-

996 2340 1041 2367 lib.
1057 2342 1080 2372 ⁴,
1088 2349 1111 2366 c.
1122 2341 1147 2366 8.
1159 2338 1229 2365 Infra
1236 2347 1283 2372 pro
1294 2343 1401 2374 θέριστρα
1412 2342 1558 2372 κατάληπτα,
1567 2339 1647 2365 Biblia
1660 2339 1755 2365 habent

998 2385 1108 2415 θίριστρα
1117 2382 1252 2408 κατάκλιτα.

1030 2421 1043 2439 d
1062 2424 1135 2447 Χιτὼν
1140 2424 1319 2454 μισοπόρφυρος,
1330 2422 1368 2442 est
1379 2418 1466 2442 wnica
1474 2418 1586 2451 clavata,
1596 2417 1628 2443 de
1638 2427 1687 2452 qua
1699 2417 1757 2444 vide

996 2461 1022 2485 in
1034 2458 1191 2492 Antiquitute
1203 2463 1299 2488 nostra,
1313 2457 1388 2483 Tom.
1399 2456 1452 2489 3,1.
1464 2458 1489 2488 l,
1502 2466 1525 2483 c.
1534 2458 1561 2484 8.

1029 2503 1039 2514 ⁸
1055 2499 1116 2523 Post
1130 2500 1264 2532 ἑδαφωθήσῃ
1282 2496 1346 2529 fleg.
1367 2495 1409 2521 hic
1429 2496 1560 2530 subjungit
1577 2502 1660 2522 totum
1679 2502 1756 2529 caput

996 2542 1116 2571 quartum
1132 2536 1213 2562 Isaiae.
