1890 2826
565 185 599 209 lN
627 185 725 208 ILLUD
745 200 754 216 ,
777 184 809 207 IN
837 184 903 214 Qus
931 182 1144 214 POTESTATE,
1165 182 1240 205 ETC.

118 253 163 283 τὸν
182 251 351 287 ἱκετεύοντα)
367 248 533 289 παρεθέμεθα
551 247 599 284 τὴν
614 247 703 286 φωνὴν
717 246 817 281 ἐκείνην
838 245 886 280 τὴν

118 301 164 328 τοῦ
179 297 286 337 Κυρίου,
300 296 388 333 πάσης
407 297 443 329 ὡς
457 296 560 331 ἀληθῶς
580 295 668 328 θεϊκῆς
690 291 826 325 αὐθεντίας
842 291 886 330 γε’-

119 356 228 383 μουσαν,
257 343 302 373 καὶ
323 342 371 379 τὴν
392 345 438 371 τοῦ
459 341 579 380 λέγοντος
602 340 676 374 ἀξίαν
697 339 885 378 παριστῶσαν·

118 389 259 424 ‘Ekous-(av
279 388 336 429 ἔχω
354 391 437 418 θεῖναι
458 389 507 424 τὴν
526 387 614 427 ψυχήν
629 397 689 425 μου,
711 385 756 415 καὶ
770 384 887 419 ἐξουσίαν

1608 163 1677 199 5οὔ

938 243 1083 283 plicantem
1095 243 1147 273 sub
1166 243 1246 272 aliam
1261 247 1414 282 potestatem
1428 239 1577 278 redigere),
1587 237 1679 267 attuli-

939 300 999 319 mus
1010 300 1103 319 vocem
1117 290 1192 318 illam
1206 288 1325 324 Domini,
1337 298 1397 326 quae
1415 286 1488 316 omui
1503 291 1572 314 certe
1586 284 1679 314 divina

939 337 1095 365 auctoritate
1115 336 1194 375 plena
1207 342 1261 370 est,
1276 333 1442 371 dicentisque
1454 331 1613 370 dignitatem
1633 340 1680 359 cx-

940 381 1014 411 hibet
1034 393 1040 409 :
1059 382 1240 411 Potestatem
1271 381 1365 409 habeo
1396 377 1524 418 ponendi
1549 378 1680 404 animam
1689 384 1759 405 jaan,
1779 389 1812 402 ιι».

118 436 172 476 ἔχω
184 435 275 465 λαὸεῖν
289 434 372 470 αὐτήν
383 445 391 453 ·
406 434 451 464 καὶ
464 433 505 463 ὅτι
516 432 546 462 τὸ
561 432 618 471 μὲν,
631 431 719 472 Ἔχω,
732 434 780 467 τῆς
794 430 888 466 θεότη-
904 431 923 454 D
940 439 1046 463 meam,
1057 434 1085 457 et
1095 433 1265 467 potestatem
1278 427 1371 455 habeo
1383 423 1516 454 sumendi
1527 432 1603 459 eam,
1612 421 1681 450 dixi·
1694 415 1727 437 ¹3·

119 490 163 514 τος
173 480 250 518 ἴδιον,
265 480 296 509 τὸ
313 479 358 515 δὲ,
371 481 406 510 Εἰ
419 479 536 516 δυνατὸν,
548 477 705 518 παρελθάτω
718 479 765 507 ἀπ’
781 478 845 516 ἐμοῦ
859 476 889 505 τὸ

120 526 244 566 ποτήριον
256 529 342 563 τοῦτο,
351 526 382 555 ἐκ
394 524 538 565 προσώπου
550 526 597 560 τῆς
610 523 705 563 σαρκὸς
719 522 832 562 ἐλέγετο,
844 522 889 552 καὶ

120 573 168 601 οὒκ
182 574 212 602 ἐκ
230 571 374 612 προσώπου
391 572 439 607 τῆς
458 570 591 606 θεότητος·
606 570 651 600 καὶ
666 569 710 599 ἐπὶ
724 569 823 599 τούτων
839 570 890 598 αὐ-

120 617 169 655 τὴν
181 618 262 648 πάλιν
272 618 322 654 τὴν
333 617 491 653 δεσποτικὴν
505 616 655 655 ἐστήσαμεν
670 615 816 655 μαρτυρίαν
829 616 890 644 ἐπι-

121 664 314 704 σφραγίζουσαν
323 676 330 682 ·
346 663 386 693 διὸ
398 663 486 702 ἔλεγε,
500 662 541 692 Τὸ
553 665 658 701 πνεῦμα
671 661 815 701 πρόθυμον,
830 663 848 702 ἡ
863 660 890 690 δὲ

122 709 188 750 σὰρξ
198 709 319 746 ἀσθενής·
332 709 377 739 καὶ
386 708 620 748 ἐπεσημηνάμεθα,
631 708 710 744 ὅτιδὴ
720 709 772 736 τῶν
785 708 891 736 ἀτοπω-

123 755 208 785 τάτων
218 756 300 794 ἐστὶν,
314 757 393 785 αὐτοῦ
402 758 448 785 τοῦ
460 754 558 795 Κυρίου
568 756 616 790 τῆς
625 754 720 793 σαρκὸς
732 753 891 793 ἐπιγράφον-

123 813 183 839 τος,
200 804 271 841 ἡμᾶς
290 803 324 841 τῇ
337 801 459 841 αὖθεντίᾳ
473 802 520 836 τῆς
533 799 655 836 θεότητος
669 799 831 840 ἐπιρῥίπτειν
845 802 891 828 τοῦ

125 847 242 887 ῥήματος
255 847 303 883 τὴν
314 846 456 876 εὐτέλειαν.
465 846 534 876 Ἀλλ’
546 846 616 875 ὥστε
629 845 728 875 καὶτὸν
739 846 837 875 σκοπὸν
846 847 892 875 τοῦ

125 894 222 934 Κυρίου
234 893 457 933 παραστήσωμεν,
463 892 533 926 τίνος
541 893 627 922 ἕνεκεν
635 892 719 931 ἔλεγε,
730 892 894 931 Παρελθάτω

125 941 172 969 ἀπ’
183 941 247 979 ἐμοῦ
257 939 288 968 τὸ
298 938 424 979 ποτήριον
435 950 442 957 ·
454 940 490 972 ὥς
503 940 532 968 οὗ
549 938 651 979 φεύγων
665 940 711 967 τοῦ
724 940 836 977 σταυροῦ
845 937 893 973 τὴν

125 985 275 1024 οἰκονομίαν
288 989 439 1025 παρῃτεῖτο
447 984 495 1013 τὸν
514 984 634 1019 θάνατον,
644 983 714 1013 ἀλλὰ
730 983 773 1013 διὰ
792 983 823 1013 τὸ
835 983 895 1016 τοὺς
909 987 928 1011 E

125 1031 248 1071 ἀπείρως
261 1034 294 1071 τῇ
309 1030 446 1071 οἰκονομίᾳ
462 1030 568 1069 μέλλειν
581 1030 625 1059 ἐπὶ
639 1031 677 1070 τῷ
692 1031 798 1069 σταυρῷ
816 1041 895 1059 σκαν-

126 1077 286 1113 δαλίζεσθσι,
298 1076 382 1116 ταύτῃ
394 1077 523 1116 κέχρηται
536 1078 569 1115 τῇ
582 1077 665 1116 φωνῇ.
677 1075 731 1105 Καὶ
743 1075 823 1105 πάλιν
835 1077 898 1111 ἠκο-

125 1123 237 1160 λούθησε
252 1122 335 1162 ταύτῃ
349 1125 382 1162 τῇ
403 1121 490 1161 ἐννοίᾳ
501 1124 518 1158 ἡ
534 1121 674 1161 μαρτυρία.
692 1121 878 1161 Προσεύχεσθε
889 1143 897 1157 ,

127 1168 169 1198 ἵνα
182 1169 223 1208 μὴ
239 1168 374 1204 εἰσέλθητε
391 1169 429 1201 εἷς
451 1167 608 1208 πειρασμόν.
626 1166 736 1207 Ἔτεροι
757 1167 784 1197 δὲ
804 1169 899 1197 ἐσυκο-

127 1214 272 1254 odmen-o,
292 1214 328 1246 ὥς
344 1214 422 1251 ἡμῶν
435 1212 593 1252 εἰρηκότων·
618 1213 641 1241 εἶ
664 1212 798 1251 ἐνδέχεται
817 1212 898 1252 ἑτέρῳ

126 1259 217 1299 τρόπῳ
240 1258 350 1288 θανάτου
374 1258 423 1294 τὴν
439 1258 588 1297 οἰκονομίαν
608 1258 790 1297 ἐκπληρῶσαι.
811 1259 899 1287 Τοῦτο

126 1305 155 1335 δὲ
173 1305 232 1334 οὔτε
251 1305 370 1344 εἴρηται,
388 1304 447 1334 οὔτε
459 1304 626 1343 λεχθήσεται.
641 1304 700 1334 Οὔκ
718 1299 801 1341 εἶπον,
817 1303 898 1344 ἑτέρῳ

126 1351 239 1391 θανάτῳ·
253 1352 312 1380 ἀλλ’
325 1346 408 1387 εἶπον,
421 1350 501 1391 ἑτέρῳ
514 1350 604 1390 τρόπῳ
615 1349 663 1386 τὴν
670 1350 819 1389 οἰκονομίαν
825 1351 897 1386 πλη-

127 1398 242 1436 ρωθῆναι
251 1408 259 1415 ·
274 1397 418 1433 τουτέστιν,
434 1397 508 1430 ἐκτὸς
520 1396 641 1426 θανάτου.
653 1396 694 1426 Τὸ
706 1395 757 1436 γὰρ
771 1396 896 1436 ποτήριον

125 1443 288 1482 ἡρμήνευσα·
303 1442 334 1472 τὸ
354 1442 381 1472 δὲ
399 1442 494 1483 ἑτέρως
503 1466 510 1479 ,
524 1444 560 1476 ὡς
573 1442 603 1470 τὸ
617 1442 691 1476 ἐκτὸς
707 1442 828 1472 θανᾶτου.
843 1442 897 1472 Καὶ

126 1492 203 1519 τοῦτο
216 1489 327 1528 ἐγένετο,
337 1490 387 1529 οὐχ
399 1491 434 1522 ὡς
446 1490 550 1523 ἀληθῶς
563 1488 775 1528 παραιτουμένου
786 1491 832 1518 τοῦ
841 1489 897 1518 Κυ-

940 485 1053 514 musque
1066 474 1148 510 illud,
1163 475 1273 509 Habeo,
1287 471 1438 502 divinitatis
1452 469 1592 510 proprium
1610 478 1682 503 ess‹=·‚

941 520 1012 550 illud
1022 531 1086 550 vero
1099 533 1105 550 ε
1118 520 1148 549 Si
1160 520 1298 559 possibile
1307 524 1360 555 est,
1374 522 1503 547 transeat
1515 525 1534 544 a
1548 525 1594 544 me
1603 514 1683 544 calix

942 570 1007 602 iste,
1021 567 1123 596 ratione
1133 566 1220 596 carnis
1238 565 1340 594 dictum
1353 574 1420 600 esse,
1434 573 1487 592 non
1501 561 1603 591 ratione
1614 560 1685 590 divi-
1727 567 1731 571 ’

942 614 1033 643 nitatis
1041 625 1050 652 ς
1065 621 1144 653 atque
1159 613 1270 652 insuper
1282 610 1393 641 Domini
1407 609 1588 639 testimonium
1599 606 1684 637 addu-

942 660 1033 690 ximus
1060 660 1088 688 in
1112 658 1359 693 confirmationem;
1383 656 1556 696 quamobrem
1587 654 1658 687 dixit
1676 667 1682 682 :

942 707 1065 746 Spiritus
1081 713 1211 746 promtus
1232 712 1286 743 est,
1298 714 1368 734 caro
1387 709 1485 732 autem
1505 702 1642 740 infirma:
1659 708 1685 730 ct
1698 707 1780 729 marm.
1795 708 1833 729 ψ,

943 753 1130 783 annotavimus
1142 763 1199 782 rem
1220 762 1276 781 esse
1298 748 1538 786 absurdissimam,
1554 759 1617 778 cum
1630 740 1732 788 ipse‘·¹·

943 799 1077 829 Dominus
1097 798 1172 828 carni
1191 797 1337 834 adscribat,
1350 806 1397 826 nos
1412 795 1440 824 in
1453 794 1585 825 divinam·
1602 796 1684 834 maje-

945 852 1038 875 statem
1059 844 1272 875 dictivilitatem
1296 843 1439 883 conjicere«.
1456 841 1509 872 Sed
1529 849 1560 871 ut
1577 841 1686 871 Domini

945 901 1057 931 scopum
1067 890 1245 926 declaremus,
1255 900 1305 918 cur
1315 899 1410 928 nempe
1421 887 1531 925 dixerit,
1546 888 1689 916 Transeat

947 947 966 966 a
979 948 1024 966 me
1035 937 1115 966 calix
1127 949 1134 965 :
1146 946 1198 966 non
1210 934 1284 974 quod
1303 934 1434 973 refugeret
1451 934 1539 963 crucis
1552 932 1690 972 dispensa-

947 982 1065 1019 tionem,
1082 989 1195 1011 mortem
1226 980 1365 1010 recusabat
1372 992 1381 1018 ς
1402 980 1450 1010 sed
1482 980 1545 1019 qnia
1569 979 1689 1019 imperiti

948 1031 1018 1060 eirca
1032 1030 1258 1070 dispensationem
1277 1028 1367 1064 illam,
1382 1029 1409 1057 in
1433 1038 1513 1058 cruce
1534 1027 1690 1057 scandalum

949 1077 1055 1117 passuri
1067 1084 1152 1114 erant,
1167 1076 1218 1106 hae
1237 1087 1303 1105 usus
1316 1082 1356 1105 est
1369 1086 1442 1105 voce.
1456 1077 1610 1114 Iter-umque
1622 1075 1691 1103 hanc

949 1123 1106 1152 sententiam
1120 1129 1264 1161 sequutum
1276 1129 1316 1151 est
1335 1122 1387 1151 hoc
1400 1121 1584 1151 testimonium
1597 1133 1604 1149 ε
1619 1122 1690 1150 Ora-
1702 1126 1763 1147 [hid.

950 1175 987 1206 te,
998 1176 1029 1198 ue
1038 1179 1098 1198 non
1109 1169 1224 1198 intretis
1236 1170 1267 1197 in
1278 1170 1481 1197 tentationem.
1498 1167 1556 1196 Alii
1566 1177 1629 1196 vero
1649 1178 1692 1196 ca-

950 1214 1075 1244 lumniati
1091 1220 1171 1251 sunt,
1187 1224 1218 1243 ac
1235 1213 1258 1243 si
1276 1213 1439 1242 dixissemus
1453 1212 1501 1243 :Si
1520 1212 1580 1242 ficri
1605 1220 1693 1252 posset

951 1268 981 1290 ut
994 1260 1047 1290 alio
1061 1260 1155 1289 mortis
1172 1269 1267 1299 genere
1287 1259 1463 1289 oeconomiam
1484 1259 1618 1299 impleret.
1634 1260 1692 1289 Hoc

949 1317 1032 1347 porro
1045 1317 1093 1336 nec
1104 1306 1208 1336 dictum
1218 1306 1335 1342 fuit,nec
1349 1305 1455 1335 dicetur
1475 1316 1615 1344 umquam.
1631 1308 1693 1336 Non

949 1353 1021 1390 dixi,
1036 1353 1089 1382 alia
1103 1359 1188 1382 morte
1197 1375 1205 1389 ,
1219 1351 1266 1381 scd
1283 1352 1337 1381 alio
1359 1351 1439 1381 modo
1451 1352 1625 1382 oeconomiam
1640 1353 1692 1382 im—

949 1398 1035 1438 pleri;
1050 1398 1102 1427 hoc
1112 1404 1151 1427 est
1161 1420 1169 1435 ‚
1181 1397 1248 1427 citra
1261 1404 1386 1427 mortem.
1405 1398 1475 1427 Nam
1488 1397 1598 1427 calicem
1612 1397 1691 1427 inter-

950 1451 1068 1484 pretatus
1082 1454 1143 1473 sum
1156 1455 1163 1472 ε
1176 1442 1247 1472 illud
1264 1450 1353 1472 autem
1364 1443 1451 1480 aliter,
1467 1449 1614 1482 tamquam,
1627 1443 1692 1473 citra

950 1499 1073 1522 mortem.
1095 1492 1185 1530 Atque
1208 1492 1259 1521 hoc
1280 1491 1381 1520 factum
1401 1497 1452 1526 est,
1466 1501 1519 1521 non
1537 1491 1612 1529 quod
1629 1503 1707 1521 vero-

127 1534 183 1573 ρίου
196 1535 240 1564 τὸν
251 1534 360 1564 θάνατον
373 1534 439 1574 ὑπὲρ
450 1537 496 1563 τοῦ
508 1534 617 1572 κόσμου,
631 1534 699 1564 ἀλλὰ
710 1534 759 1570 τὴν
772 1536 820 1570 τῆς
833 1546 895 1574 σαρ-
905 1547 941 1567 4³2
950 1538 1084 1568 Dominus
1102 1537 1264 1567 recusaverit
1276 1537 1346 1566 mori
1359 1547 1409 1576 pro
1422 1536 1542 1576 mundo;
1557 1536 1604 1566 sed
1617 1538 1691 1576 quod

127 1579 172 1613 κὸς
186 1580 320 1610 ἀσθένειαν
334 1579 522 1618 πιστουμένου,
543 1580 584 1609 ὅτι
605 1579 671 1619 σὰρξ
692 1576 725 1615 ἦν
747 1581 850 1616 ἀληθῶς
867 1580 898 1609 τὸ
913 1576 932 1598 Λ
950 1585 1032 1614 fidem
1058 1584 1144 1613 facere
1169 1583 1287 1612 volucrit
1310 1583 1460 1612 infirmitati
1483 1583 1587 1621 camis,
1612 1590 1692 1622 atque

127 1627 250 1662 δειλιοῢν,
262 1626 293 1655 τὸ
306 1625 508 1665 ταραττόμενον.
522 1626 548 1654 Τ
549 1624 563 1653 ὸ
572 1624 623 1664 γὰρ
634 1628 739 1663 πνεῦμα
750 1625 895 1664 πρόθυμον,

127 1674 144 1707 ἡ
161 1671 188 1700 δὲ
209 1671 274 1711 σὰρξ
292 1671 411 1707 ἀσθενής.
427 1670 469 1710 Τῇ
483 1670 561 1711 σαρκὶ
581 1670 614 1699 τὰ
631 1670 738 1710 ῥήματα
756 1673 804 1706 τῆς
817 1673 895 1701 ἀσθε·

127 1717 198 1750 νείας
219 1717 385 1758 ἐπέγραψεν,
413 1718 443 1746 οὗ
471 1718 518 1752 τῆς
545 1716 666 1752 θεότητος
689 1716 738 1752 τὴν
760 1717 896 1746 αὖθεντίαν

127 1762 234 1802 ἔτρωσε.
252 1763 288 1792 Τί
302 1763 452 1795 διαὸάλλεις
466 1762 482 1791 ἃ
499 1762 535 1800 μὴ
551 1761 636 1800 λέγω;
654 1761 681 1791 τί
696 1766 865 1802 συκοφαντεῖς
880 1762 896 1791 ἃ

128 1809 166 1848 μὴ
180 1809 321 1849 κηρύττω;
335 1809 423 1848 ἕτερον
437 1808 533 1848 τρόπον
552 1802 625 1837 εἷπον
638 1819 644 1826 ·
658 1807 687 1838 οὔ
701 1808 821 1844 θανάτου,
836 1809 894 1838 ἀλλ’

127 1854 284 1893 οἰκονομίας.
299 1856 340 1884 Οὖ
354 1854 405 1894 γὰρ
426 1854 544 1893 εἴρηται,
559 1856 581 1883 εἷ
602 1853 720 1889 δυνατὸν,
741 1854 896 1895 ἀμειφθήτω

127 1902 157 1930 τὸ
170 1901 295 1941 ποτήριον
307 1904 391 1931 τοῦτο.
407 1902 432 1930 Τ
433 1902 464 1935 ’ῆς
478 1900 575 1940 σαρκὸς
586 1902 602 1936 ἡ
616 1899 750 1934 ἀσθένεια,
763 1903 811 1937 τῆς
825 1902 896 1931 ἐναν-

126 1947 286 1987 θρωπήσεως
307 1947 337 1976 τὸ
351 1947 442 1979 πάθος.
466 1946 617 1985 Φθέγγεται
640 1945 674 1975 τὰ
697 1948 745 1982 ἰ-’ῆς
764 1947 896 1981 ἀσθενείας

128 1993 251 2033 ῥήματα,
263 1993 306 2022 ἵνα
328 1992 398 2032 δείξῃ
420 1992 460 2021 ὅτι
480 1992 578 2027 ταύτην
596 1992 729 2022 ἐνδέδυται
747 1992 796 2029 τὴν
809 1994 895 2034 φύσιν,

127 2039 176 2075 τὴν
187 2040 325 2068 δειλιῶσαν
336 2039 380 2068 τὸν
395 2039 514 2068 θάνατον.
523 2037 583 2067 Ἵνα
595 2038 622 2067 δὲ
637 2038 674 2076 μὴ
690 2038 770 2068 πάλιν
783 2041 816 2079 τῇ
827 2039 896 2074 λέξει
911 2039 929 2062 Β

129 2085 268 2123 δουλεύσῃς
277 2106 285 2119 ,
307 2086 338 2114 ἐκ
361 2086 512 2124 περιουσίας
541 2086 646 2113 κάκεῖνο
667 2085 832 2125 παρήγαγον,
855 2086 895 2115 ὅτι

128 2135 201 2163 ποῖος
213 2130 289 2169 λόγος
300 2153 307 2165 ,
319 2129 380 2163 τοὺς
402 2130 448 2169 μὲν
465 2130 626 2163 ἀποστόλους
645 2130 768 2169 γενναίως
785 2131 830 2160 τὸν
846 2132 894 2161 θοί-

129 2189 206 2206 νατον
230 2180 403 2212 καταπατεῖν,
427 2175 472 2205 τὸν
495 2176 522 2206 δὲ
545 2178 598 2205 τῶν
620 2176 773 2206 ἀποστόλων
798 2177 895 2218 Κύριον

130 2223 241 2252 δεδιέναι
259 2222 303 2251 καὶ
319 2221 424 2261 τρέμειν
444 2221 493 2257 τὴν
506 2224 551 2250 τοῦ
572 2221 683 2251 θανάτου
696 2226 806 2262 πεῖραν;
823 2223 895 2263 Ἐρῶ

129 2268 157 2298 δὲ
169 2268 214 2298 καὶ
226 2271 311 2297 ταῦτα
322 2269 376 2301 νῦν,
390 2266 505 2306 ἀδελφοί.
519 2267 625 2301 Παῦλος
637 2269 667 2297 οὐ
682 2268 759 2307 μόνον
774 2266 894 2306 δεθῆναι,

129 2314 198 2345 ἀλλὰ
220 2314 265 2344 καὶ
282 2315 421 2343 ἀποθανεῖν
434 2312 501 2352 ὑπὲρ
512 2315 558 2342 τοῦ
575 2312 700 2352 ὀνόματος
717 2317 763 2343 τοῦ
779 2316 895 2353 Χριστοῦ

129 2359 297 2394 νεανιεύεται,
310 2358 355 2388 καὶ
364 2360 379 2387 ὁ
389 2357 496 2387 Παύλου
509 2357 604 2398 Κύριος
617 2364 784 2398 παραιτεῖται
795 2361 838 2391 τὸν
851 2362 896 2391 θοί-

131 2418 222 2443 νατον,
237 2406 290 2435 Καὶ
304 2405 411 2435 Παύλου
425 2404 472 2443 μὲν
483 2405 512 2433 οὐ
525 2404 714 2444 συνθρύπτεται
724 2408 740 2441 ἡ
753 2407 863 2446 καρδία,
878 2412 895 2445 ἡ

132 2452 158 2482 δὲ
171 2455 217 2481 τοῦ
233 2453 346 2491 Χριστοῦ
359 2450 432 2490 ψυχὴ
443 2451 600 2489 ταράττεται
611 2463 619 2486 ;
634 2452 690 2480 Νῦν
700 2451 751 2491 γάρ
762 2464 850 2492 φησιν,
860 2454 895 2485 Ἥ

131 2498 204 2537 ψυχή
219 2509 268 2536 μου
289 2497 457 2536 τετάρακται.
471 2497 565 2525 Ταῦτα
589 2495 676 2525 πάντα
698 2498 749 2526 ὑπὸ
767 2498 896 2538 μάρτυσιν

131 2545 193 2581 ὑμῖν
206 2542 379 2582 ἐφθεγξάμην.
392 2542 460 2571 Ἀλλ’
474 2542 503 2570 οὗ
516 2540 600 2570 πείθει
611 2553 640 2570 σε
653 2543 736 2571 ταῦτα
747 2554 755 2578 ;
770 2543 837 2573 ἀλλὰ
848 2544 878 2574 τὸ
889 2566 896 2579 ,

134 2590 167 2618 Εἴ
180 2588 296 2624 δυνατὸν,
312 2587 349 2617 ἔτι
364 2586 527 2619 σκανδαλίζει
541 2598 588 2635 eiu
603 2585 663 2622 Ναὶ,
679 2588 750 2626 φησί.
763 2589 897 2619 Συνέλθιν)-

948 1629 1086 1659 ostendere
1105 1638 1212 1658 carnem
1223 1639 1286 1658 vere
1305 1629 1387 1657 fuisse
1397 1628 1427 1657 id
1443 1628 1519 1667 quod
1531 1629 1652 1663 timebat,
1665 1636 1692 1658 et

948 1675 1109 1704 turbabatur
1128 1686 1135 1702 ε
1155 1684 1217 1702 nam
1240 1674 1372 1714 Spiritus
1385 1680 1514 1712 promtus
1536 1681 1597 1710 est,
1622 1686 1704 1705 car-o⁵

948 1727 1047 1750 autem
1068 1720 1194 1760 infirma.
1215 1718 1298 1748 Carni
1311 1719 1393 1749 verba
1409 1719 1573 1749 infirmitatis
1585 1720 1689 1751 adscri-

947 1767 999 1803 bit,
1014 1765 1164 1796 divinitatis
1185 1766 1351 1805 majestatem
1363 1774 1416 1794 non
1435 1765 1513 1794 laesit.
1530 1767 1588 1795 Cur
1600 1766 1691 1795 crimi-

947 1814 1020 1843 naris
1038 1822 1098 1851 quae
1119 1821 1173 1840 non
1194 1810 1337 1840 dicoi‘eur
1361 1811 1535 1840 calumniaris
1555 1822 1614 1850 quae
1636 1822 1688 1841 non

948 1857 1085 1899 praedjco?
1096 1857 1191 1886 Alium
1212 1856 1324 1886 modum
1345 1856 1422 1894 dixi3
1437 1866 1488 1885 non
1511 1857 1619 1895 mortis,
1641 1858 1689 1887 sed

948 1903 1109 1934 oeconomiae.
1128 1903 1221 1941 Neque
1233 1902 1305 1931 enim
1325 1901 1429 1931 dictum
1449 1909 1503 1939 est,
1517 1902 1546 1932 Si
1560 1903 1690 1942 possibile

948 1957 999 1985 est,
1014 1955 1133 1978 mutetur
1151 1948 1222 1977 calix
1235 1947 1294 1976 iste.
1310 1947 1405 1977 Carnis
1425 1954 1463 1977 est
1477 1948 1629 1985 infirmitas,
1646 1949 1688 1978 in-

947 1994 1108 2025 carnationis
1123 2000 1162 2023 est
1181 1994 1280 2033 passio.
1296 1994 1399 2023 Profert
1419 1993 1581 2024 infirmitatis
1591 1996 1685 2031 verba,

949 2049 978 2071 ut
990 2041 1112 2071 ostendat
1122 2050 1150 2069 se
1164 2040 1215 2068 hac
1228 2039 1352 2069 indutum
1366 2050 1422 2069 esse
1436 2046 1541 2076 natura,
1550 2051 1608 2080 quae
1618 2052 1688 2071 mor-

948 2096 1000 2119 tem
1014 2086 1150 2117 formidat.
1165 2087 1204 2116 Ut
1222 2096 1255 2115 ne
1272 2092 1362 2115 autem
1376 2096 1485 2116 rursum
1504 2086 1616 2116 dictioni
1629 2098 1689 2117 δεμ.

947 2135 1021 2170 vias,
1042 2143 1077 2162 ex
1099 2131 1246 2161 abundanti
1272 2131 1342 2160 illud
1365 2142 1473 2171 quoquc
1494 2131 1687 2171 adduxi:quae

947 2187 987 2210 est
1004 2178 1083 2216 ratio,
1096 2177 1229 2218 apostolos
1251 2177 1355 2206 fortiter
1381 2184 1495 2207 mortem
1519 2178 1685 2215 conculcare,

948 2225 1132 2267 apostolorum
1141 2234 1206 2253 vero
1225 2223 1373 2253 Dominum
1384 2223 1506 2253 timuisse
1517 2231 1542 2253 et
1551 2224 1686 2253 horruisse

948 2271 1041 2302 mortis
1065 2270 1220 2300 accessum?
1243 2270 1306 2299 Haec
1319 2276 1345 2298 et
1371 2280 1443 2299 nunc
1465 2269 1563 2304 dicam,
1577 2271 1682 2299 fratres.

947 2317 1048 2348 Paulus
1058 2326 1111 2346 non
1122 2315 1211 2345 solum
1220 2315 1338 2354 alligari,
1348 2314 1395 2344 sed
1406 2315 1485 2344 etiam
1497 2315 1565 2343 mori
1575 2322 1684 2354 propter

949 2373 1045 2394 nomen
1066 2361 1169 2392 Christi
1192 2367 1316 2401 paratum
1339 2371 1367 2389 se
1390 2367 1495 2389 strenue
1517 2360 1692 2399 pronuntiat„

949 2409 1028 2440 Pauli
1038 2418 1102 2438 vero
1116 2407 1249 2437 Dominus
1263 2405 1331 2435 mori
1351 2405 1474 2434 recusat?
1487 2406 1522 2434 Et
1537 2406 1614 2434 Pauli
1627 2406 1688 2444 qui-

950 2454 1013 2484 dem
1034 2464 1080 2483 cor
1101 2462 1155 2482 non
1175 2458 1278 2487 moeret,
1293 2450 1382 2479 anima
1395 2460 1460 2480 vero
1475 2450 1581 2479 Christi
1595 2451 1688 2480 turba·

950 2500 1015 2530 tur?
1029 2500 1098 2529 Nam
1117 2498 1153 2526 ait
1168 2497 1273 2526 :Nunc
1293 2490 1392 2524 anima
1416 2505 1480 2524 mea
1494 2497 1611 2525 turbata
1632 2503 1684 2527 est.
1698 2512 1768 2533 hm„
1787 2516 1821 2532 12,

951 2547 1014 2576 Haec
1032 2543 1120 2573 omnia
1136 2542 1213 2571 vohis
1228 2541 1339 2570 testibus
1352 2541 1479 2578 loquutus
1498 2552 1568 2571 sum.
1586 2543 1687 2572 Verum
1700 2550 1737 2571 27-

951 2592 995 2622 his
1017 2600 1070 2620 non
1090 2587 1276 2627 obtemperas?
1292 2586 1337 2615 sed
1353 2586 1475 2623 iliud‚,Si
1487 2590 1622 2626 possibile
1635 2597 1689 2627 est,

1694 2296 1789 2319 Act.2¹-
1799 2294 1835 2316 13-
