1890 2826
73 421 202 442 Jvan.¹.1.

93 1758 229 1788 loun-539.

227 183 298 231 672

221 266 282 285 nem
297 261 373 284 tuum
384 253 398 283 9
411 253 505 284 sermo
516 259 580 282 tuus
600 258 715 282 mentem
739 258 814 282 tuam
827 249 964 288 declara15

222 304 349 332 mensque
363 300 410 322 tua
421 291 543 323 vicissim
565 291 696 322 sermonis
716 290 757 321 tui
771 290 901 330 interpres
913 295 964 318 est.

223 333 297 363 Fieri
311 340 397 373 potest
417 339 446 362 ut
467 331 529 370 quis
552 341 700 361 sermonem
717 330 858 370 percipiat,
880 339 966 373 neqne

224 373 381 402 sententiam
395 371 480 401 intelli
500 378 538 408 at,
549 381 635 409 neque
648 380 755 400 sensum
766 369 906 409 percipiat,
914 378 967 397 nisi

225 423 311 442 sermo
324 411 450 451 explicet.
466 382 531 440 Ideo
545 410 708 450 evangelista
729 409 777 444 ait,
802 410 840 438 ln
858 408 966 447 princi-

222 454 271 492 pio
283 458 345 481 erat
361 451 487 480 Verbum
500 472 507 485 ‚
523 456 553 479 ut
566 449 743 489 generationis
766 446 967 488 impassibilita-

225 499 277 521 tem
301 490 461 520 ostenderet.
477 489 559 527 Quod
571 496 611 519 est
622 489 738 519 verbum
749 498 812 527 erga
826 494 941 517 mentem
956 508 965 523 ‚

225 530 296 560 illud
308 537 346 560 est
360 530 512 569 unigenitus
523 530 597 558 Deus
619 528 743 559 Verbum
759 538 823 567 erga
834 528 942 557 Patrem
957 538 964 555 ε

226 570 350 609 quodque
363 569 463 598 mirum
476 575 516 598 est
525 572 535 605 (
543 567 666 607 quaedam
678 567 751 597 enim
757 568 816 607 jam
831 565 968 607 praemissa

226 611 371 650 repetam),
386 619 472 648 nuper
484 608 640 637 dicebamus
651 630 658 644 ,
673 618 708 637 ex
730 607 764 635 iis
781 617 841 645 quae
862 606 898 636 ad
920 615 968 636 nos

226 655 356 689 spectant,
370 659 400 677 ea
411 658 470 687 quae
483 657 565 687 supra
579 657 626 677 nos
639 653 701 676 sunt
711 645 831 676 ediscere
851 653 877 676 et
894 646 970 684 loqui

227 698 379 734 possumus.
392 688 486 718 Sermo
493 693 584 716 noster
594 687 666 716 intus
678 693 717 716 est
727 696 790 715 cum
801 692 898 723 mente,
911 696 970 724 quae

227 738 317 768 ipsum
331 726 474 772 generavit.
493 727 566 756 Num
583 725 700 764 visibilis
714 731 755 755 est
765 735 827 754 cum
845 725 972 756 visibili?

227 767 376 797 Invisibilis
386 772 426 796 est
439 775 502 795 cum
514 765 658 802 invisibili,
668 764 848 804 intelligibilis
861 775 923 794 cum
932 766 974 794 in-

228 806 377 846 telligibili,
392 806 566 846 incorporeus
580 815 642 834 cum
656 805 822 844 incorporeo.
835 805 975 849 Cumpro-

230 845 338 876 diturus
345 852 384 875 est
392 855 490 882 sermo,
500 845 527 874 in
537 855 567 874 os
574 845 658 881 venit,
669 844 831 882 ibiquevoce
839 842 973 881 induitur;

230 896 284 914 non
297 885 349 914 alia
365 892 459 914 natura
472 895 565 914 vocem
583 883 635 924 ipsi
646 882 845 923 suppeditante,
857 882 905 912 sed
919 883 976 923 ipse

231 935 318 954 sermo
332 925 385 954 sibi
397 924 543 954 dictionem
562 926 640 953 texit.
657 923 695 952 Et
712 922 859 952 invisibilis
882 929 977 952 natura

231 975 294 994 cum
309 971 383 1004 patre
394 987 401 1001 ,
416 974 479 993 cum
492 970 578 997 mente
592 962 653 992 dico
669 984 677 999 ,
691 961 803 991 indutus
817 972 882 991 voce
896 962 952 992 exit
968 984 976 999 ‚

233 1010 260 1033 et
271 1004 396 1033 omnibus
409 1003 440 1032 fit
452 1010 530 1032 notus
542 1002 588 1041 qui
601 1009 660 1031 ante
675 1001 782 1041 ignotus
795 1008 860 1031 erat.
875 1001 979 1031 Deinde

234 1053 297 1072 cum
317 1042 419 1082 prodiit
431 1065 440 1079 ,
453 1049 479 1071 et
497 1042 588 1071 omnia
610 1041 726 1081 implet,
738 1047 764 1070 et
777 1051 793 1070 a
811 1047 900 1070 mente
919 1051 979 1080 quae

235 1082 325 1121 ipsum
337 1081 428 1122 genuit
435 1091 490 1110 non
503 1088 653 1121 separatur.
667 1081 736 1118 Quis
743 1080 815 1109 enim
825 1080 977 1118 hominum,

236 1132 299 1150 cum
321 1121 451 1160 loquutus
463 1121 545 1150 fuerit
559 1121 684 1156 verbum,
700 1120 820 1158 aliosque
832 1119 955 1149 docuerit
970 1142 978 1156 ,

236 1160 355 1200 selpsum
368 1169 489 1189 sermone
502 1171 618 1190 vacuum
632 1158 721 1188 reddit
733 1159 746 1188 Ξ)
762 1161 804 1188 An
821 1158 845 1188 si
857 1159 923 1197 quid
937 1159 980 1189 lo-

237 1210 305 1238 quar
321 1199 394 1237 quod
414 1198 442 1227 in
465 1199 581 1228 aliorum
602 1209 681 1228 aures
694 1198 848 1238 perveniat,
864 1206 980 1228 mentem

237 1248 322 1267 meam
337 1238 469 1267 desertam
482 1237 601 1276 reliqui?
614 1247 700 1266 annon
714 1248 801 1266 sermo
815 1237 881 1267 exiit
895 1244 921 1266 et
934 1238 980 1266 in-

237 1283 282 1306 tus
294 1277 390 1306 mansit
401 1278 414 1305 ?
427 1286 513 1306 annon
527 1283 663 1306 sexcentas
676 1287 754 1305 aures
766 1276 891 1315 implevit
905 1298 913 1312 ,
928 1284 954 1306 et
966 1287 981 1306 a

238 1323 378 1355 generante
391 1321 478 1345 mente
491 1326 544 1345 non
562 1315 687 1345 abscessit
697 1315 711 1344 ’τ’
726 1316 787 1345 Jam
801 1326 864 1345 vero
883 1315 980 1345 huma-

239 1365 290 1384 nus
302 1365 388 1384 sermo
412 1366 425 1384 a
447 1362 588 1395 generante
610 1361 696 1383 mente
720 1354 844 1390 emissus,
869 1360 894 1383 et
912 1355 982 1384 foras

239 1394 342 1434 prodit,
362 1401 388 1424 et
405 1401 572 1434 generantem
595 1404 648 1423 non
675 1393 824 1432 relinquit?
845 1395 917 1423 Deus
931 1405 982 1423 au·-

240 1440 294 1462 tem
306 1434 439 1471 Verbum,
459 1433 521 1472 quia
538 1440 650 1474 propter
663 1443 711 1462 nos
731 1433 756 1461 in
777 1432 878 1462 mundo
901 1444 983 1472 appa-

241 1472 319 1510 ruit,
333 1479 457 1512 paternos
479 1473 554 1502 sinus
579 1483 678 1502 vacuos
700 1472 858 1510 reliquerit?
878 1473 984 1510 Nequa—

241 1522 323 1550 quam
336 1524 343 1540 :
359 1511 407 1541 sed
417 1512 492 1551 quod
504 1511 664 1541 admirabile
677 1518 727 1548 est,
740 1511 878 1540 innumeri
898 1522 983 1541 unum

240 1551 330 1590 ipsum
342 1552 430 1580 Deum
442 1551 566 1582 Verbum
578 1551 711 1585 audiunt,
724 1556 750 1579 et
770 1560 833 1582 cum
844 1551 852 1578 i
874 1561 934 1580 sum
948 1550 984 1580 ad

241 1597 280 1619 tot
302 1597 440 1629 tantosque
462 1590 601 1630 pervadat,
616 1600 668 1619 non
682 1596 770 1618 tamen
783 1588 841 1618 divi
863 1589 928 1626 itur,
938 1589 986 1619 sed

241 1636 281 1658 est
294 1636 380 1658 totum
390 1630 418 1658 in
433 1629 549 1669 singulis
562 1636 686 1658 nostrum
697 1627 864 1657 audientium
877 1651 884 1665 ,
900 1636 986 1658 totum

240 1679 304 1698 cum
317 1669 454 1705 omnibus,
466 1675 492 1697 et
503 1669 526 1697 si
539 1669 618 1698 Pater
630 1668 708 1697 fluxu
719 1667 837 1706 quodam
853 1674 880 1697 et
891 1668 986 1698 sectio-

241 1718 275 1736 ne
284 1708 386 1748 genuit‚
399 1719 430 1737 ac
437 1707 542 1737 divisus
551 1714 691 1746 sectusque
703 1713 759 1742 est,
775 1713 804 1736 ut
813 1707 900 1743 aiunt,
914 1707 987 1737 dicat

943 188 1075 212 spuma.

1021 250 1049 279 εὖ
1104 248 1217 285 ελιιπὴς,
1229 247 1278 277 Ἐν
1289 248 1362 288 ἀρχῇ
1371 242 1405 284 ἦν
1415 249 1430 277 ὁ
1441 246 1535 287 Λόγος,
1546 247 1590 278 ἵνα
1600 248 1630 279 τὸ
1643 247 1742 283 ἀπαθὶς
1748 249 1797 285 τῆς

1020 300 1064 327 γεν
1099 300 1164 321 σεως
1175 286 1354 327 δείξῃ.”οπερ
1363 286 1434 317 ἐστὶν
1446 290 1460 317 ὁ
1472 286 1550 327 λόγος
1562 287 1627 328 πρὸς
1639 291 1709 324 νοῦν,
1719 291 1797 318 τοῦτο

1021 330 1035 357 ὁ
1047 327 1188 367 μονογενὴς
1198 327 1268 360 Θεὸς
1281 326 1365 366 Λόγος
1373 326 1438 367 πρὸς
1448 327 1493 356 τὸν
1506 327 1626 368 Πατέρα·
1637 328 1719 358 καὶτὸ
1731 331 1796 357 θαυ-

1022 367 1122 405 μαστὸν
1142 366 1365 407 (ἐπαναλήψομαι
1377 366 1428 406 γάρ
1441 377 1500 396 τινα
1513 369 1566 396 τῶν
1580 368 1798 408 προειρημένων),

1021 406 1114 446 πρῴην
1128 409 1193 445 ἡμῖν
1207 402 1240 442 ἦν
1251 409 1266 436 ὁ
1278 406 1363 446 λόγος,
1375 407 1417 436 ὅτι
1426 407 1458 435 ἐκ
1468 408 1521 436 τῶν
1535 409 1594 436 καθ’
1606 409 1678 445 ἡμᾶς
1685 406 1720 436 τὰ
1730 407 1797 446 ὑπὲρ

1021 448 1092 485 ἡμᾶς
1099 446 1225 485 μαθήσεις
1231 448 1322 476 εἰπεῖν.
1330 445 1365 476 ‘O
1371 446 1447 484 λόγος
1455 447 1469 475 ὁ
1476 445 1604 486 ἡμέτερος
1612 446 1665 476 ἔσω
1675 445 1743 485 μετὰ
1750 449 1797 476 τοῦ

1020 486 1194 526 γεννήσαντος
1207 485 1284 515 αὐτόν
1292 487 1349 515 ἐστι
1356 488 1410 516 νοῦ.
1422 484 1470 520 Μὴ
1481 486 1574 525 ὁρατός
1582 487 1640 515 ἐστι
1655 486 1723 526 μετὰ
1733 488 1798 525 ὁρα-

1022 529 1084 562 τοῦς
1097 525 1218 566 ’Λόρατός
1226 526 1283 555 ἐστι
1297 525 1365 564 μετὰ
1376 525 1498 564 ἀοράτου,
1510 524 1602 560 νοητὸς
1617 525 1685 564 μετὰ
1693 527 1796 561 νοητοῦ,

1023 565 1162 604 ἀσώματος
1173 566 1240 602 μετὰ
1247 565 1486 603 ἀσώμάτου.”οταν
1495 563 1523 594 δὲ
1533 564 1617 605 μέλλῃ
1623 565 1799 606 προέρχεσθαι

1023 607 1037 634 ὁ
1049 605 1080 634 λό
1099 616 1135 641 ος,
1147 609 1229 645 χωρεῖ
1245 605 1289 634 ἐπὶ
1305 605 1336 634 τὸ
1348 605 1443 644 στόμα,
1453 606 1672 645 κάκεῖθεν“αὐτῷ
1679 605 1798 634 ἐνδύεται

1024 617 1122 684 φωνήν,
1130 647 1180 684 οὐχ
1187 645 1277 684 ἑτέρας
1286 646 1358 685 αὐτῷ
1364 645 1465 685 φύσεως
1471 644 1520 680 τὴν
1545 644 1614 681 ωνὴν
1619 644 1799 685 παρεχούσης,

1026 685 1086 713 ἀλλ’
1100 685 1179 713 αὐτοῦ
1191 687 1236 713 τοῦ
1246 684 1325 723 λόγου
1338 686 1423 724 ἑαυτῷ
1435 683 1482 719 τὴν
1491 683 1522 713 λέ
1539 697 1561 714 ιν
1572 684 1799 724 ὑφαίνοντος.-Καὶ

1027 723 1138 763 ἀόρατος
1151 724 1199 759 τὴν
1210 724 1287 765 φύσιν
1301 724 1368 763 μετὰ
1379 727 1425 753 τοῦ
1438 723 1537 763 πατρὸς
1549 723 1596 761 ὢν,
1609 726 1654 754 τοῦ
1665 726 1709 753 νοῦ
1721 724 1800 764 λέγω,

1027 763 1076 799 τὴν
1088 763 1177 803 φωνὴν
1190 763 1363 802 ἐνδυσάμενος
1377 763 1460 804 προέρ
1481 775 1549 798 εται,
1563 763 1608 793 καὶ
1621 763 1722 803 γίνεται
1733 769 1801 794 πᾶσι

1029 803 1107 838 δῆλος
1121 805 1135 832 ὁ
1148 802 1199 843 πρὸ
1210 802 1302 832 τούτου
1315 803 1419 839 ἄδηλος.
1432 774 1500 834 Egi«
1512 803 1646 843 προελθὼν
1657 803 1703 832 καὶ
1713 803 1801 833 πάντα

1029 844 1137 882 πληροῖ,
1145 842 1245 872 καὶτοῦ
1254 842 1426 882 γεννήσαντος
1437 842 1516 872 αὐτὸν
1529 845 1574 872 νοῦ
1588 844 1636 872 οὔκ
1649 842 1800 883 ἀφίσταται.

1030 881 1080 915 Τίς
1090 882 1142 921 γὰρ
1154 881 1308 922 ἀνθρώπιον,
1320 882 1427 911 ἐπειδὰν
1440 882 1545 921 λαλήσῃ
1559 882 1636 921 λόγον
1648 882 1693 912 καὶ
1707 882 1802 917 ἄλλους

1031 920 1132 960 διδάξῃ,
1147 922 1239 951 ἑαυτὸν
1252 925 1322 951 κενοῖ
1345 924 1391 951 τοῦ
1404 921 1500 961 λόγους
1514 917 1581 961 Ἆρα
1594 921 1639 951 ἐάν
1652 934 1679 951 τι
1711 922 1803 962 θέγξω-

1033 972 1095 999 μαι,
1114 961 1160 990 καὶ
1182 961 1296 1001 προέλθῃ
1311 962 1348 994 εἷς
1370 961 1456 991 ἄλλων
1479 961 1575 997 ἀκοὰς,
1596 961 1641 990 τὸν
1665 962 1678 990 ἐ
1715 974 1728 991 ν
1741 965 1801 992 νοῦν

1032 1000 1130 1040 ἔρημον
1150 999 1329 1036 ιὀιατέλιποη
1355 997 1407 1040 ἆρα
1428 1002 1457 1030 οὐ
1471 1013 1493 1031 π
1509 1001 1601 1036 σ’ῆλθεν
1614 1000 1664 1035 ἔξω
1683 1003 1698 1030 ὁ
1710 1002 1802 1042 λόγος,

1032 1040 1078 1069 καὶ
1093 1039 1194 1078 ἔμεινεν
1208 1040 1260 1070 ἔσω
1271 1053 1278 1076 ;
1291 1041 1320 1069 οὗ
1335 1040 1431 1079 μυρίας
1442 1042 1491 1070 ἀκο
1510 1052 1522 1074 ς
1535 1040 1684 1080 ἐπλήρωσε,
1697 1041 1743 1071 καὶ
1754 1045 1801 1071 τοῦ
1832 1068 1838 1076 ,

1032 1079 1205 1119 γεννήσαντος
1217 1083 1263 1109 νοῦ
1276 1081 1324 1109 οὔκ
1338 1079 1425 1120 ἀνεχώ
1443 1092 1506 1115 ησεν
1518 1091 1525 1116 ;
1539 1074 1631 1109 Eia-at>
1645 1079 1693 1118 μὲν
1703 1081 1803 1121 ἀνθρώ-

1033 1130 1108 1152 πινος
1118 1119 1194 1159 λόγος
1206 1119 1280 1159 παρὰ
1291 1122 1336 1148 τοῦ
1354 1091 1527 1158 γεννηὶαντος
1542 1122 1587 1148 νοῦ
1602 1121 1802 1160 ἀποστελλόμε-

1033 1170 1085 1195 νος,
1101 1159 1145 1188 καὶ
1159 1159 1209 1194 ἔξω
1222 1159 1396 1199 προέρχεται,
1411 1158 1457 1188 καὶ
1476 1159 1518 1188 τὸν
1532 1157 1695 1197 γεννήσαντα
1707 1161 1736 1189 οὗ
1750 1172 1803 1189 κα-

1034 1198 1208 1237 ταλιμπάνει·
1223 1201 1238 1228 ὁ
1251 1198 1279 1228 δὲ
1289 1199 1357 1232 Θεὸς
1370 1196 1468 1238 Λόγος,
1480 1197 1571 1233 ἐπειδὴ
1589 1198 1622 1227 δι’
1636 1201 1707 1237 ἡμᾶς
1720 1199 1803 1239 ἐφάνη

1035 1239 1072 1270 εἷς
1085 1237 1130 1266 τὸν
1143 1238 1241 1277 κόσμον
1250 1259 1258 1273 ,
1273 1237 1333 1271 τοὺς
1346 1237 1483 1278 πατρῴους
1496 1237 1610 1271 κόλπους
1626 1238 1740 1278 ἐρήμους
1753 1251 1803 1268 κα-

1034 1277 1140 1306 τέλιπεν
1151 1290 1158 1314 3
1169 1278 1301 1316 Οὐδαμῶς
1310 1289 1316 1295 ·
1327 1277 1395 1306 ἀλλὰ
1407 1277 1452 1306 καὶ
1465 1277 1495 1307 τὸ
1506 1277 1666 1316 θαυμαστὸν,
1682 1278 1806 1319 μυριάδες

1036 1317 1174 1346 ἀκούουσιν
1189 1316 1244 1349 ἑνὸς
1258 1317 1337 1345 αὐτοῦ
1352 1319 1398 1345 τοῦ
1412 1317 1483 1346 Θεοῦ
1497 1316 1583 1355 Λόγου
1597 1317 1642 1346 καὶ
1659 1320 1696 1351 εἷς
1709 1318 1805 1348 τοσού-

1035 1367 1095 1389 τους
1107 1358 1202 1396 χωρῶν
1216 1357 1245 1384 οὗ
1261 1355 1402 1394 μερίζεται,
1413 1357 1471 1384 ἀλλ’
1482 1355 1540 1388 ὅλος
1554 1356 1610 1385 ἐστὶ
1620 1359 1678 1394 μεθ’
1693 1357 1805 1386 ἑκάστου

1036 1397 1112 1433 ἡμῶν
1131 1398 1183 1424 τῶν
1203 1394 1367 1430 ἀκουόντων,
1385 1394 1445 1428 ὅλος
1464 1395 1532 1433 μετὰ
1552 1394 1668 1425 πάντων.
1689 1396 1741 1425 Καὶ
1755 1398 1778 1425 εἷ
1791 1398 1806 1426 ὁ

1012 1454 1020 1462 .
1036 1434 1132 1474 Πατὴρ
1141 1434 1263 1474 ἐγέννησε
1274 1434 1342 1463 κατὰ
1353 1437 1439 1474 ῥεῦσιν
1448 1434 1494 1463 καὶ
1503 1436 1613 1473 τμῆσιν,
1625 1435 1671 1464 καὶ
1680 1435 1805 1476 ἐμερίσθη

1037 1474 1082 1504 καὶ
1094 1474 1217 1514 διῃρήθη,
1233 1476 1268 1507 ὣς
1280 1473 1400 1512 λέγουσι,
1414 1474 1514 1512 λεγέτω
1526 1474 1590 1513 πρὸς
1610 1474 1704 1508 αὐτοὺς
1717 1477 1732 1504 ὁ
1744 1476 1806 1504 Σω-

1037 1514 1087 1553 τήρ
1095 1525 1101 1532 ·
1111 1515 1253 1553 Ἐρευνᾶτε
1263 1512 1310 1546 τὰς
1324 1512 1439 1553 Γραφάς.
1451 1514 1602 1553 Ἐρευνᾶτε,
1613 1513 1650 1552 μὴ
1662 1513 1808 1555 παραφθεί-

1040 1564 1106 1593 ρετε.
1116 1553 1269 1592 Ἐρευνᾶτε,
1282 1552 1319 1591 μὴ
1331 1553 1422 1586 ἁπλῶς
1433 1551 1663 1592 ἀναγινώσκοντες,
1675 1554 1744 1583 ἁλὶὰ
1753 1558 1765 1570 ‘²
1773 1553 1808 1583 τὰ

1040 1591 1107 1632 βάθη
1121 1594 1174 1621 τῶν
1187 1592 1327 1630 νοημάτων
1340 1591 1535 1631 ἐξιχνιάζοντες.
1547 1591 1582 1622 ‘O
1596 1592 1665 1626 Θεὸς
1678 1593 1725 1627 τὰς
1737 1595 1808 1633 Γρα-

1039 1632 1088 1672 φὰς
1103 1631 1193 1668 ἔδωκε,
1203 1631 1251 1664 τᾶς
1263 1631 1290 1660 δὲ
1303 1633 1412 1671 θεωρίας
1423 1633 1471 1661 οὔκ
1482 1631 1642 1670 ἐγύμνωσεν,
1654 1633 1724 1662 ἀλλὰ
1731 1633 1809 1662 κατέ-

1039 1673 1101 1701 λιπε
1124 1673 1162 1711 τῷ
1176 1671 1265 1711 δρόμω
1279 1673 1317 1711 τῷ
1333 1673 1371 1711 σῷ
1379 1694 1387 1707 ,
1409 1670 1452 1700 ἵνα
1475 1674 1521 1700 σοῦ
1540 1670 1589 1707 τὴν
1607 1671 1808 1711 εὐγνωμοσύνην

1040 1711 1165 1750 πειράσῃ,
1176 1711 1221 1744 καὶ
1232 1699 1280 1746 τὸν
1294 1709 1411 1745 σπουδὴν
1421 1710 1475 1748 ἴδῃ,
1488 1709 1531 1739 ἵνα
1542 1710 1584 1750 ἴδῃ
1594 1723 1635 1747 σε,
1646 1713 1669 1741 εἰ
1680 1712 1811 1749 δουλεύεις

243 1747 299 1776 illis
321 1748 448 1777 Set-vator
463 1759 469 1775 :
482 1747 660 1792 Scrutamini
670 1747 843 1792 Scripturas.
865 1747 986 1792 §crutq-
998 1771 1034 1790 ⁵7³
1043 1752 1168 1790 Γραφαῖς,
1179 1749 1197 1786 ἢ
1210 1749 1287 1789 βιάζῃ
1302 1750 1418 1789 Γραφάς.
1428 1749 1534 1789 Ὥσπερ
1542 1750 1594 1790 γὰρ
1607 1751 1656 1787 τὴν
1670 1751 1747 1791 φύσιν
1757 1753 1810 1780 τῶν

244 1789 326 1822 mini,
339 1797 372 1815 ne
386 1793 571 1826 corrumpatis.
585 1787 773 1822 Scrutamim,
788 1796 840 1814 non
854 1787 987 1832 simplici·
1007 1800 1031 1829 Αγ
1041 1789 1205 1829 πραγμάτων
1216 1791 1363 1838 προέθηκεν
1377 1791 1391 1818 ὁ
1404 1789 1481 1826 Θεὸς,
1491 1790 1538 1822 τὰς
1548 1789 1577 1819 δὲ
1590 1790 1685 1830 τέχνας
1698 1791 1810 1831 ἔκρυψε·

245 1833 285 1855 ter
296 1826 420 1865 legentes,
433 1826 480 1855 sed
495 1825 661 1870 profundum
674 1825 864 1854 sententiarum
876 1826 987 1855 investi-

245 1872 345 1904 gantes.
362 1867 434 1895 Deus
447 1865 600 1904 Scripturas
621 1864 715 1901 dedit,
731 1863 778 1893 sed
792 1865 873 1893 altam
895 1876 988 1894 earum

244 1910 359 1933 mentem
381 1915 434 1933 non
457 1904 599 1943 patefecit,
614 1914 708 1932 verum
733 1903 913 1933 meditationis
934 1911 987 1934 tuae

244 1943 337 1972 cursui
361 1943 481 1982 reliquit,
497 1949 527 1971 ut
540 1943 701 1987 probitatem
719 1949 791 1971 tuam
812 1943 965 1982 exploraret
977 1966 985 1981 ‚

245 1989 271 2011 et
282 1982 450 2021 diligentiam
464 1988 635 2021 perspiceret,
648 1982 804 2020 videretque
819 1993 852 2011 an
865 1983 988 2022 Scriptu-

246 2021 283 2050 ris
303 2021 448 2057 inservias,
462 2031 495 2050 an
520 2021 576 2050 vim
591 2021 657 2060 ipsis
682 2021 787 2050 inseras.
803 2021 988 2058 Quemadmo-

245 2059 312 2088 dum
325 2061 405 2089 etiam
430 2067 538 2089 naturas
557 2070 645 2088 rerum
661 2061 801 2100 proposuit
818 2063 903 2098 Deus,
919 2068 988 2091 artes

245 2109 309 2128 vero
323 2099 468 2129 occultavit
483 2111 490 2127 ε
507 2106 532 2128 et
546 2099 634 2127 omnia
646 2111 661 2128 a
676 2101 731 2128 Deo
745 2100 772 2128 in
794 2100 883 2130 medio
904 2101 989 2140 posita

245 2144 318 2174 sunt,
333 2149 377 2167 ars
390 2148 456 2167 vero
470 2138 504 2167 ab
519 2138 634 2166 humana
645 2145 731 2167 mente
745 2139 875 2179 originem
888 2139 968 2170 duxit
980 2153 986 2169 :

245 2179 284 2206 sic
295 2178 360 2206 etin
373 2177 520 2217 Scripturis
539 2177 638 2206 evenit.
651 2179 719 2207 Rem
742 2178 847 2217 planius
870 2179 987 2209 declaro.

246 2216 329 2246 Dedit
341 2218 413 2246 Deus
427 2216 541 2256 lapides,
551 2215 626 2246 dedit
639 2218 710 2245 Deus
723 2217 846 2255 lapidum
855 2225 988 2256 naturam,

246 2266 299 2284 non
322 2255 434 2285 aedificia
455 2263 547 2295 parata
561 2255 655 2285 :dedit
672 2256 846 2292 frumentum,
861 2268 913 2286 non
939 2269 990 2298 pa-

246 2305 307 2324 nem
315 2306 324 2333 ;
338 2295 414 2324 dedit
438 2306 529 2330 uvam,
545 2305 597 2324 non
621 2295 734 2332 vinum5
758 2295 833 2325 dedit
853 2297 919 2325 lanae
942 2308 991 2326 na—

247 2341 336 2363 turam
352 2357 360 2371 ,
384 2345 438 2363 non
462 2335 650 2363 vestimentum
665 2345 672 2369 5
701 2334 776 2363 dedit
803 2342 900 2364 terram
926 2347 992 2366 auro

1042 1829 1086 1858 καὶ
1094 1829 1182 1858 πάντα
1193 1840 1241 1867 μεν
1253 1828 1404 1868 προεὸλήθη
1421 1828 1473 1857 ὑπὸ
1490 1831 1536 1857 τοῦ
1549 1830 1635 1866 Θεοῦ,
1646 1830 1726 1870 τέχνη
1742 1830 1770 1859 δὲ
1783 1829 1811 1864 ἐξ

1042 1868 1206 1908 ἀνθρωπίνης
1220 1869 1317 1901 ἐννοίας
1327 1867 1459 1907 ἃπετέγθη
1468 1879 1475 1885 ·
1486 1868 1554 1897 οὕτω
1564 1869 1610 1898 καὶ
1621 1869 1665 1898 ἐπὶ
1677 1871 1729 1898 τῶν
1741 1870 1811 1908 Γρα-

1039 1911 1104 1948 φῶν.
1113 1909 1181 1937 Ἀλλ’
1192 1907 1236 1936 ἵνα
1252 1907 1398 1948 σαφηνίσω,
1408 1902 1504 1936 ἔδωκεν
1511 1909 1525 1936 ὁ
1535 1907 1603 1940 Θεὸς
1611 1908 1706 1943 λίθους,
1716 1908 1811 1938 ἔδωκεν

1042 1950 1056 1977 ὁ
1064 1947 1132 1981 Θεὸς
1139 1947 1219 1976 λίθων
1227 1947 1315 1986 φύσιν,
1322 1948 1370 1976 οὐκ
1377 1946 1463 1976 οἰκοδο
1484 1946 1516 1982 ὴν
1525 1946 1637 1985 ἕτοιμον·
1643 1947 1724 1977 ἔδωκε
1729 1951 1811 1984 σῖτον,

1042 1988 1090 2016 οὐκ
1098 1987 1185 2026 ἄρτον·
1192 1985 1273 2015 ἔδωκε
1281 1986 1438 2025 βότρυν,οὗκ
1445 1997 1459 2014 ο
1471 1997 1522 2014 νον·
1529 1986 1610 2015 ἔδωκε
1618 1986 1665 2022 τὴν
1674 1989 1727 2016 τῶν
1735 1987 1811 2026 ἐρίων

1042 2026 1128 2066 φύσιν,
1135 2027 1164 2054 οὐ
1192 2025 1296 2064 ἱμάτιον
1304 2037 1310 2043 ·
1316 2025 1397 2054 ἔδωκε
1404 2026 1454 2063 γῆν
1462 2027 1629 2065 γεωργοῦσαν
1637 2026 1744 2065 χρυσὸν,
1751 2027 1811 2055 ἀλλ’

1042 2067 1071 2094 οὗ
1089 2059 1197 2105 χρυσον.
1212 2064 1264 2094 Διὰ
1279 2063 1320 2101 τίς
1334 2063 1445 2099 Ἐπειδὴ
1461 2066 1488 2093 ἐν
1503 2064 1583 2093 εἰκόνι
1597 2066 1667 2094 Θεοῦ
1685 2069 1755 2095 ποιεῖ
1767 2067 1812 2095 τὸν

1043 2105 1188 2143 ἄνθρωπον,
1203 2116 1237 2143 με
1256 2104 1336 2137 ίζεται
1353 2103 1401 2140 τὴν
1419 2103 1606 2143 δημιουργίαν·
1619 2105 1695 2138 αὐτὸς
1714 2105 1813 2141 κτίζει,

1043 2144 1164 2174 κάκείνου
1173 2146 1206 2184 τῇ
1219 2155 1235 2172 τ
1248 2155 1299 2183 χνῃ
1314 2143 1431 2183 ῥυθμίζει
1441 2143 1490 2179 τὴν
1502 2144 1687 2183 δημιουργίαν.
1700 2144 1813 2180 Ἐπειδὴ

1043 2186 1101 2213 κατ’
1126 2183 1214 2213 εἰκόνα
1236 2185 1329 2212 ἑαυτοῦ
1349 2186 1419 2212 ποιεῖ
1439 2182 1484 2211 τὸν
1506 2183 1640 2223 ἄνθρωπον
1649 2204 1658 2219 ,
1681 2184 1815 2224 μερίζεται

1043 2223 1108 2262 πρὸς
1133 2222 1211 2252 αὐτὸν
1233 2223 1286 2251 τῶν
1308 2222 1453 2262 γενομένων
1471 2226 1483 2239 ⁸³
1492 2222 1542 2258 τὴν
1566 2222 1709 2262 εὐγένειαν.
1730 2224 1815 2256 Αὐτὸς

1044 2262 1181 2302 ἐργάζεται
1195 2263 1230 2295 ὡς
1252 2261 1409 2302 δημιουργὸς
1421 2261 1466 2290 καὶ
1480 2263 1516 2296 ὡς
1532 2261 1616 2298 Θεὸς,
1637 2264 1668 2292 ἐκ
1681 2263 1718 2301 μὴ
1733 2263 1814 2292 ὄντων

1045 2303 1080 2335 εἷς
1092 2302 1122 2331 τὸ
1135 2297 1201 2331 εἶναι
1213 2301 1248 2330 τὰ
1266 2302 1354 2331 πάντα
1372 2301 1533 2340 παραγαγών
1542 2313 1548 2320 ·
1564 2302 1642 2335 αὐτὸς
1660 2302 1754 2341 ἐπάγει
1765 2301 1814 2337 τὴν

1045 2341 1122 2380 φύσιν
1135 2341 1182 2377 τὴν
1197 2341 1234 2380 μὴ
1251 2336 1331 2371 οὖσαν
1340 2353 1346 2359 ·
1359 2345 1514 2381 παραχωρεῖ
1527 2341 1555 2370 δὲ
1567 2343 1601 2380 ϊῇ
1614 2340 1694 2370 εἰκόνι
1704 2345 1813 2380 κοσμεῖν

247 2373 389 2403 fecundam
400 2397 408 2409 ,
423 2383 477 2403 non
497 2384 607 2403 aurum.
626 2374 737 2410 Quare?
752 2374 823 2411 Quia
841 2375 875 2403 ad
897 2375 990 2414 imagi·
1009 2388 1027 2410 B
1045 2381 1078 2409 τὰ
1091 2380 1261 2420 γεγενημένα,
1277 2380 1419 2416 Ἐννόησον
1432 2381 1471 2414 τίς
1483 2376 1515 2416 ἧν
1537 2383 1551 2410 ὃ
1564 2380 1700 2420 ἅνθρωπος
1711 2382 1725 2409 ὁ
1738 2382 1813 2420 πρῶ-

248 2423 309 2441 nem
327 2414 377 2443 Dei
399 2413 462 2443 fecit
476 2413 623 2450 hominem,
652 2414 792 2443 creationis
816 2424 884 2454 opus
904 2415 991 2454 parti-

249 2464 293 2486 tur
307 2469 313 2485 :
329 2457 386 2497 ipse
398 2464 469 2486 creat
484 2479 492 2494 ,
508 2464 534 2486 et
546 2457 621 2487 illius
643 2464 699 2487 arte
718 2464 867 2487 creaturam
886 2459 993 2487 concin-

282 2542 289 2550 “
309 2540 397 2572 [Savil.
410 2544 438 2566 ἴσ.
452 2542 536 2575 αὑτῷι]

283 2580 296 2598 b
316 2580 370 2604 Duo
382 2582 508 2606 κατέλιπεν.

1045 2431 1088 2449 τον
1103 2421 1211 2460 ἄροτρον
1226 2420 1390 2458 πηξάμενος,
1409 2422 1465 2453 πῶς
1479 2420 1598 2455 ἐνενόησε
1615 2424 1704 2458 τεμεῖν
1722 2419 1813 2456 ξύλον,

1045 2459 1225 2498 παρεμὸαλεῖν
1246 2460 1326 2498 μέσον
1350 2459 1481 2506 σίδηρον,
1494 2462 1528 2499 τῇ
1553 2459 1666 2499 ἁρμονία
1689 2459 1816 2499 σφίγξαι,

1091 2550 1102 2561 t
1119 2542 1160 2567 Sic
1173 2541 1224 2567 duo
1237 2549 1311 2568 recte.
1325 2544 1356 2568 In
1366 2542 1447 2567 Editis
1459 2549 1490 2576 τῷ
1504 2547 1579 2576 βάθει.

1091 2589 1101 2600 “
1119 2586 1162 2611 Τὴν
1175 2584 1290 2614 εὐγένειαν.
1304 2581 1346 2606 Sic
1359 2589 1422 2607 unus
1438 2586 1513 2607 recte.
1527 2580 1597 2607 Edit}
1609 2584 1731 2614 εὐμένειαν.
