1890 2826
85 263 141 291 (ap.
160 269 220 284 1²2.

80 410 194 433 v9no.

81 553 102 566 ν.
119 544 154 566 15.

82 641 141 670 Cap.
160 641 220 669 1411.

87 740 98 752 ,Ι
113 737 134 758 7,

95 785 148 800 .10.

80 966 137 995 (lap.
153 966 217 988 15.2.

77 1028 97 1040 v,
109 1019 132 1042 6.

50 1060 52 1064 ¹
77 1073 96 1085 ι.
120 1063 154 1094 [4.

81 1159 139 1189 Cap.
152 1161 186 1182 16-
196 1167 218 1181 2.

81 1213 102 1224 v.
121 1211 157 1233 ¹9.

78 1308 99 1320 v.
114 1305 151 1320 21.

80 1341 138 1370 Cap.
166 1347 200 1371 ¹7·

81 1373 189 1400 12.—-14.

78 1570 134 1598 (ἰψ.
151 1570 185 1593 18.
197 1578 218 1593 2,

78 1603 100 1629 (4.

79 1673 128 1723 (ξαρ
151 1678 185 1700 ¹9·
197 1677 219 1692 2-

79 1813 100 1825 v.
113 1812 136 1833 9.
151 1810 186 1827 10.

78 1906 97 1918 ν.
114 1896 149 1919 13.

77 2035 215 2058 v.16.-—18.

76 2225 95 2237 v.
109 2223 146 2238 21.

76 2277 98 2290 v.
112 2269 149 2291 23.

76 2313 215 2342 v.26--29-

76 2535 180 2563 Cnp.2o.
192 2541 214 2556 ε.

77 2583 96 2596 ν,
110 2574 132 2596 5.

76 2625 95 2638 νη
109 2624 129 2645 7.

236 191 306 236 4ἶ2
565 202 594 225 s.
623 201 764 226 Jomms
789 202 974 226 cunvsosT.
1003 203 1158 228 nomm».
1187 204 1460 229 comsummov.

273 264 363 294 Prima
376 263 440 295 Jobi
455 263 490 293 ad
502 264 652 303 Sopharem
663 264 800 304 responsio
812 277 818 292 :
833 265 891 294 Vos
909 274 976 304 ergo

232 311 289 340 soli
302 313 372 340 estis
386 312 531 345 hmines,-
544 316 598 340 aut
610 311 761 340 vobiscum
783 313 923 340 morietur
930 321 977 340 sa-

230 360 364 397 pientia?
378 359 420 387 Ec
437 358 509 387 mihi
522 358 640 397 quidem
661 368 712 399 σοι·
723 358 813 398 juxta
835 368 890 387 vos
910 360 973 387 erit.

232 405 310 434 Circa
321 404 392 434 illud
403 417 409 433 :
425 405 496 443 Quis
507 414 566 432 non
577 406 713 444 cognovit
726 407 758 433 in
772 406 906 434 omnibus
917 405 974 440 his,

232 452 313 491 quod
325 461 428 480 manus
442 452 563 480 Domini
568 451 647 491 fecit
660 451 741 480 haec-P
756 453 834 491 Quia
844 455 876 480 in
887 461 975 480 manu

231 501 294 538 ejus
306 506 349 528 est
363 500 465 527 anima
481 500 611 527 omnium
629 499 802 535 viventium,
818 506 846 528 ee
859 500 976 538 spiritus

232 546 326 574 omnis
337 545 474 574 hominis.
485 544 517 574 Si
526 543 707 584 prohibuerit
718 555 839 584 aquam,
854 545 976 574 siccabit

233 597 351 625 terram,
362 596 392 619 et
409 591 434 619 si
445 591 596 626 dimiserit,
608 590 737 629 perdidit
749 594 880 620 euerte'ns
897 602 972 620 eam.

234 637 319 666 Circa
344 637 416 667 illud
433 648 439 664 :
457 638 528 676 Quis
548 638 603 666 erit
624 638 750 666 mundus
768 648 788 666 a
809 638 913 667 sorde?
932 638 978 666 At

234 694 330 720 nemo,
341 686 396 713 etsi
406 694 482 713 unus
493 684 556 712 dies
562 684 589 712 si
591 690 601 712 t
611 685 676 713 vita
686 686 748 724 ejus
759 694 845 723 super
856 689 974 712 terram.

231 730 287 759 Est
305 732 417 760 arboris
432 740 505 770 spes.
516 730 547 759 Si
557 733 634 760 enim
647 733 745 760 excisa
752 730 862 770 ficerit,
877 731 976 759 adhuc

228 777 399 815 pullulabit,
406 784 435 807 et
443 787 559 818 germen
568 778 632 817 ejus
641 788 701 806 non
711 778 835 816 deficiet.
844 777 872 806 V
870 778 898 806 ir
904 787 976 806 vero

229 834 296 852 cum
310 825 550 865 mortuus-suerii,
562 825 635 853 abiit
647 836 655 852 .·
667 830 696 853 et
709 824 842 853 mortalis
857 834 922 853 cum
932 834 977 853 ce-

229 869 342 905 ciderit,
355 880 415 899 non
425 869 504 898 ultra
512 875 567 898 est.

267 915 379 944 Initium
400 915 559 945 secundum.
584 914 700 954 Eliphaz
724 914 825 944 Jobum
855 913 976 952 alloqui-

229 968 273 990 tur
290 972 297 988 :
313 963 467 1002 Numquid
492 963 609 1001 sapiens
643 962 859 999 responsionem
891 961 976 989 dabit

228 1010 357 1038 scienliae
379 1009 517 1048 spiritus?
532 1009 651 1045 Arguat
672 1014 700 1036 te
718 1017 750 1036 os
767 1013 858 1043 tuum,
871 1013 900 1036 et
917 1017 975 1035 non

229 1066 292 1095 ego.
305 1055 379 1085 Illud
397 1055 471 1092 item,
485 1055 557 1094 Quis
577 1055 656 1083 enim
676 1064 741 1083 cum
754 1055 791 1082 sit
807 1054 905 1089 homo,
922 1055 974 1083 eri!

230 1101 415 1141 inculpatus?
426 1112 467 1130 an
475 1102 529 1130 erit
535 1102 633 1141 justus
643 1106 730 1129 natus
744 1100 780 1128 de
792 1099 913 1128 muliere
921 1102 936 1127 P

269 1149 392 1178 Secunda
401 1148 537 1188 responsio
545 1146 607 1178 Jobi
618 1146 652 1175 ad
659 1146 788 1186 Eliphaz.
799 1145 915 1175 Audivi
930 1153 975 1175 la-

231 1193 273 1223 lia
283 1195 375 1223 mulla
391 1206 398 1222 :
415 1194 612 1223 consolatores
623 1193 766 1221 malorum
777 1201 886 1221 omnes.
897 1193 976 1222 Ecce

230 1242 262 1269 in
273 1241 351 1270 caelis
361 1247 402 1269 est
417 1243 496 1269 testis
508 1249 597 1274 meus,
607 1245 635 1268 et
650 1239 782 1268 conscius
793 1248 872 1267 meus
883 1242 915 1267 in
925 1249 975 1267 ex-

230 1287 325 1316 celsis.
338 1287 381 1315 Sit
398 1293 496 1316 autem
516 1287 684 1325 redargutio
705 1286 772 1312 viro
794 1294 894 1312 coram
913 1285 974 1314 Do-

231 1336 318 1362 mino.
335 1332 411 1362 Illud
421 1333 494 1369 item,
507 1333 630 1364 Noctem
640 1331 736 1371 posuit
749 1331 781 1358 in
792 1329 881 1359 diem.
896 1331 974 1360 Nam

229 1381 256 1407 si
276 1380 452 1413 sustinuero,
466 1378 600 1419 infernus
613 1379 667 1407 erit
681 1377 754 1405 mihi
764 1376 879 1404 domus.
893 1378 974 1405 Mor-

230 1429 286 1452 tem
298 1424 446 1463 appellavi
456 1430 584 1463 patrem,
598 1429 720 1452 matrem
731 1426 829 1449 autem
841 1430 937 1449 meam
947 1427 975 1450 et

232 1478 359 1497 sororem
378 1470 485 1497 tabem.

268 1514 391 1544 Secundo
399 1525 491 1544 rursus
503 1514 639 1554 excipiens
647 1514 749 1544 Baldad
758 1516 795 1545 ait
811 1515 846 1545 ad
855 1515 955 1545 Jobum
966 1525 972 1541 x

233 1562 389 1601 Quousque
400 1572 460 1590 non
469 1562 592 1590 cessabis
601 1563 614 1588 Ρ
632 1562 712 1599 Quid
728 1563 817 1598 enim,
830 1563 855 1591 si
864 1569 894 1591 tu
904 1570 976 1590 mor-

231 1613 297 1636 tuus
309 1607 420 1647 ficetis,
431 1607 675 1635 inhabitabilisne
697 1608 751 1636 erit
776 1618 812 1636 ea
834 1618 900 1648 qua:
922 1608 974 1636 sub

230 1654 303 1682 caelo
321 1655 388 1682 est?
401 1651 556 1692 Respondet
568 1653 686 1682 secundo
698 1653 752 1683 Job
764 1652 886 1682 Baldado
897 1663 905 1680 t
922 1654 975 1682 Us—

229 1710 342 1739 quequo
362 1699 526 1728 molestiam
531 1699 657 1739 facietis
675 1701 781 1728 animoe
806 1710 887 1736 meoe,
901 1701 976 1728 occi-

230 1746 304 1775 detis
316 1757 361 1775 me
371 1747 533 1775 ratiociniis
542 1749 554 1773 ?
569 1745 724 1786 loquimini
740 1753 844 1775 contra
857 1757 902 1775 me
913 1748 977 1775 sine

227 1793 358 1830 pudore?
369 1793 419 1822 Hic
437 1792 520 1828 illud,
536 1791 670 1822 Gloriam
687 1803 781 1821 meam
794 1803 815 1821 a
824 1803 869 1822 me
880 1794 976 1822 abstu-

995 685 1013 708 B

1072 266 1172 306 Πρώτη
1203 270 1250 296 τοῦ
1276 267 1341 297 ’hbe
1371 268 1436 308 πρὸς
1463 267 1563 308 Σωφὰρ
1590 267 1717 302 ἀντίλεξις
1730 281 1736 287 ·
1761 266 1810 298 ὅτε

1031 312 1125 351 ’Υμεῖς
1137 312 1211 351 μόνοι
1225 314 1285 343 ἐστὲ
1300 314 1433 353 ἄνθρωποι
1442 336 1451 350 ,
1462 313 1480 349 ἢ
1495 316 1552 350 μεθ’
1567 316 1641 353 ὑμῶν
1651 314 1808 350 τελευτήσει

1032 358 1128 398 σοφίας
1140 359 1229 397 Κάμοὶ
1244 360 1292 398 μὲν
1306 361 1402 400 καρδία
1415 362 1474 389 καθ’
1488 362 1556 399 ὑμᾶς
1568 356 1652 390 ἔσται.
1666 361 1734 401 Περὶ
1746 364 1806 396 τοῦ,

1032 404 1081 438 Τίς
1095 407 1142 434 οῦκ
1151 404 1218 444 ἔγνω
1227 407 1254 435 ἓν
1264 412 1331 436 πᾶσι
1338 406 1450 443 τούτοις,
1462 406 1503 435 ὅτι
1514 406 1573 447 χεὶρ
1583 406 1681 447 Κυρίου
1693 407 1803 442 ἐποίησε

1031 450 1203 486 ταῦταςσΟτι
1215 453 1243 481 ἐν
1256 455 1289 491 τῇ
1304 452 1374 492 χειρὶ
1384 454 1463 482 αὐτοῦ
1478 452 1551 492 ψυχὴ
1563 452 1668 481 πάντων
1677 454 1729 481 τῶν
1740 452 1803 486 ζών-

1030 507 1093 531 των,
1112 496 1156 526 καὶ
1177 500 1282 536 πνεῦμα
1302 498 1399 531 παντὸς
1418 498 1568 537 ἀνθρώπου.
1584 498 1658 534 Ἐὰν,
1681 498 1762 537 φησὶ,
1773 497 1807 527 τὸ

1030 541 1100 582 ὕδωρ
1111 542 1232 583 κωλύσῃ,
1246 543 1351 583 ξηρανεῖ
1361 544 1410 580 τὴν
1425 547 1475 584 γῆν
1485 556 1492 563 ·
1504 545 1549 574 ἐὰν
1567 544 1595 574 δὲ
1609 546 1714 585 ἐπαφῇ,
1728 544 1803 574 ἀπώ-

1030 589 1105 617 λεσεν
1130 589 1211 624 αὐτὴν
1234 590 1426 630 καταστρέψας.
1447 591 1515 630 Περὶ
1537 594 1600 626 τοῦ,
1620 590 1670 624 Τίς
1691 590 1803 631 καθαρὸς

1032 635 1107 664 ἔσται
1121 635 1174 665 ἀπὸ
1186 635 1282 675 ῥύπου;
1297 638 1367 666 Ἀλλ’
1389 637 1485 673 οὐθεὶς,
1497 638 1542 667 ἐὰν
1557 637 1605 667 κᾶν
1620 637 1668 677 μία
1689 636 1777 677 ἡμέρα
1789 640 1806 667 ὁ

1033 681 1087 720 βίος
1103 683 1182 710 αὐτοῦ
1206 682 1250 711 ἐπὶ
1274 685 1321 718 τῆς
1333 685 1394 722 γ’ῆς.
1410 684 1478 719 Καὶ,
1491 683 1598 724 Δένδρῳ
1624 684 1694 713 ἐστὶν
1714 684 1802 717 ἐλπίς·

1031 727 1076 757 ἐὰν
1092 728 1139 768 μὲν
1154 730 1255 769 ἑκκοπῇ
1265 750 1274 764 ,
1288 729 1333 758 καὶ
1347 729 1428 759 πάλιν
1447 730 1570 767 ἀνθήσει,
1585 730 1631 759 καὶ
1643 733 1658 759 ὁ
1672 730 1803 770 ῥάδαμνος

1031 776 1111 804 aaron
1127 776 1157 804 οὐ
1180 774 1217 814 μὴ
1246 775 1354 815 ἐκλίπῃ.
1379 775 1457 816 Ἀνὴρ
1482 776 1510 805 δὲ
1531 776 1692 812 τελευτήσας
1710 775 1815 816 ᾤχετο·“

1030 820 1121 850 πεσὼν
1139 821 1167 851 δὲ
1181 821 1288 861 βροτὸς,
1302 821 1391 851 οὐκέτι
1404 822 1452 851 ἔνι.

1070 912 1187 953 Δευτέρα
1198 913 1268 953 ἀρχὴ
1277 913 1368 943 πάλιν.
1382 914 1495 954 Ἐλιφὰζ
1503 914 1569 954 πρὸς
1577 914 1651 944 Ίώ6·
1665 914 1705 944 ὅτι
1719 915 1804 944 Πότε·

1031 970 1074 998 ρον
1094 958 1172 999 σοφὸς
1182 960 1321 999 ἀπόκρισιν
1336 960 1415 989 δώσει
1429 959 1557 993 συνέσεως
1569 964 1688 999 πνεῦμα;
1706 961 1803 1001 Ἐλέγ-

1032 1003 1073 1037 ξαι
1083 1017 1113 1034 σε
1125 1004 1177 1045 γὰρ
1188 1005 1219 1034 τὸ
1230 1005 1317 1044 στόμα
1331 1017 1377 1035 σου
1386 1028 1394 1042 ,
1409 1006 1454 1036 καὶ
1468 1006 1506 1045 μὴ
1518 1005 1579 1045 ἐγώ.
1594 1006 1663 1047 Περὶ
1678 1010 1740 1043 τοῦ,
1754 1007 1805 1040 Τίς

1031 1049 1082 1090 γὰρ
1102 1050 1138 1079 ὧν
1165 1051 1271 1090 βροτὸς,
1297 1051 1371 1081 ἔσται
1391 1052 1548 1091 ἄμεμπτοςς
1567 1053 1585 1088 ἣ
1609 1052 1683 1082 ἔσται
1704 1053 1807 1086 δίκαιος

1031 1096 1154 1133 γεννητὸς
1162 1096 1284 1135 γυναικός
1292 1108 1300 1132 ;

1071 1141 1189 1182 Δευτέρα
1203 1142 1329 1176 ἀντίλεξις
1338 1143 1403 1173 Ἰὼὸ
1416 1143 1480 1183 πρὸς
1493 1143 1615 1184 Ἐλιφάζ.
1627 1144 1742 1180 Ἀκήκοα
1751 1145 1805 1185 γὰρ

1030 1191 1139 1217 τοιαῦτα
1166 1189 1262 1218 πολλά.
1282 1189 1488 1230 Παρακλήτορες
1510 1189 1562 1230 γὰρ
1585 1192 1673 1219 κακῶν
1697 1190 1802 1224 πάντες.

1031 1233 1098 1263 Ἰδοὺ
1113 1236 1141 1263 ἐν
1158 1237 1275 1274 οὐρανοῖς
1289 1238 1303 1264 ὁ
1318 1235 1418 1275 μάρτυς
1433 1247 1483 1274 μου
1493 1248 1500 1254 ·
1519 1238 1533 1266 ὁ
1548 1237 1576 1266 δὲ
1599 1235 1729 1276 συνίστωρ
1752 1249 1803 1275 μου

1031 1281 1057 1309 ἐν
1072 1280 1198 1320 ὑψίστοις.
1214 1281 1265 1316 Etr,
1281 1281 1308 1311 δὲ
1332 1282 1441 1321 ἔλεγχος
1465 1282 1540 1322 ἀνδρὶ
1563 1282 1680 1312 ἐναντίον
1695 1283 1802 1323 Κυρίου.

1030 1326 1098 1366 Περὶ
1109 1329 1172 1361 τοῦ,
1184 1327 1242 1362 Τὴν
1260 1326 1342 1356 νύκτα
1365 1329 1401 1360 εἷς
1423 1327 1525 1368 ἡμέραν
1548 1328 1658 1358 τέθεικε.
1670 1329 1736 1358 Ἐὰν
1750 1329 1809 1369 γὰρ

1029 1372 1162 1411 ὓπομείνω
1170 1395 1178 1408 ,
1191 1373 1255 1413 ᾅδης
1267 1385 1317 1412 μου
1335 1375 1350 1402 ὁ
1361 1369 1439 1407 οἶκος.
1453 1374 1576 1404 Θάνατον
1589 1375 1640 1415 γὰρ
1652 1375 1801 1405 ἐπεκάλεσα

1029 1418 1132 1459 πατέρα
1147 1430 1197 1458 μου
1212 1414 1292 1455 εἶναι,
1308 1419 1410 1459 μητέρα
1424 1420 1451 1449 δὲ
1470 1420 1586 1460 ἀδελφήν
1610 1431 1660 1459 μου
1675 1421 1800 1460 σαπρίαν.

1069 1516 1196 1556 Δεύτερος
1209 1515 1238 1545 δὲ
1257 1515 1338 1544 πάλιν
1359 1515 1500 1545 ὑπολαὸὼν
1514 1515 1637 1552 Βαλδὰδ,
1652 1517 1724 1556 λέγει
1738 1517 1802 1557 πρὸς

1031 1561 1094 1591 ’lt-36
1104 1574 1110 1580 ·
1125 1561 1215 1602 Μέχρι
1226 1561 1295 1594 τίνος
1309 1563 1338 1590 οὗ
1350 1561 1440 1600 παύσῃ
1450 1574 1458 1597 ;
1469 1562 1505 1591 Τί
1518 1561 1579 1602 γὰρ,
1594 1562 1639 1591 ἐὰν
1654 1562 1686 1592 σὺ
1704 1564 1802 1593 ἀποθά-

1030 1620 1091 1648 νῃς,
1110 1608 1232 1643 ἀοίκητος
1253 1610 1270 1643 ἡ
1293 1610 1337 1636 ὑπ’
1363 1607 1490 1648 οὖρανόν;
1513 1608 1630 1647 Δευτέρα
1654 1608 1723 1638 Ἰὼὸ
1738 1610 1802 1650 πρὸς

1031 1655 1137 1683 Βαλδάδ
1146 1666 1152 1672 ·
1161 1654 1234 1686 “Eme
1244 1653 1314 1686 τίνος
1323 1653 1434 1693 ἔγκοπον
1446 1653 1572 1689 ποιήσετε
1582 1654 1631 1691 τὴν
1641 1654 1730 1695 ψυχήν
1742 1667 1801 1694 μους

1030 1700 1075 1729 καὶ
1090 1699 1238 1740 καθαιρεῖτέ
1254 1711 1286 1738 με
1296 1701 1431 1739 λογισμοῖς
1439 1711 1447 1736 ;
1456 1700 1630 1729 καταλαλεῖ-τέ
1639 1712 1689 1739 μου
1703 1703 1751 1731 οὐκ
1763 1704 1802 1731 αἷ-

1029 1746 1200 1786 σχυνόμενοι;
1216 1745 1283 1785 Περὶ
1294 1749 1356 1780 τοῦ,
1366 1745 1424 1781 Τὴν
1438 1745 1514 1780 δόξαν
1527 1758 1577 1784 μου
1591 1746 1619 1780 ἐξ
1628 1747 1692 1785 ἐμοῦ
1707 1747 1802 1781 ἐξεῖλε,

1030 1793 1121 1832 ἀφεῖλε
1136 1792 1163 1821 δὲ
1187 1792 1314 1832 στέφανον
1337 1792 1389 1821 ἀπὸ
1412 1794 1529 1832 κεφαλῆς
1553 1804 1604 1831 μου
1614 1815 1622 1828 ,
1645 1792 1751 1833 ἐξέκοψε
1774 1794 1803 1823 δὲ

230 1838 275 1872 lit,
285 1849 424 1868 coronam
441 1839 560 1868 sustulit
573 1839 610 1867 de
621 1841 715 1878 capite
726 1850 800 1875 meo,
817 1845 846 1867 et
867 1840 976 1868 excidit
994 1850 1015 1873 ι)
1030 1838 1121 1878 ὥσπερ
1135 1838 1238 1878 δένδρον
1253 1838 1302 1874 τὴν
1316 1838 1411 1868 ἐλπίδα
1426 1850 1486 1877 μου.
1509 1838 1578 1878 Περὶ
1601 1842 1665 1875 τοῦ,
1687 1839 1729 1869 ὅτι
1744 1842 1800 1870 Ἀπ’

230 1890 380 1924 tamquam
394 1886 527 1913 arborem
540 1894 619 1924 spem
636 1894 739 1913 meam.
756 1886 822 1913 Item
843 1884 914 1914 illud
925 1896 932 1912 :
943 1885 976 1913 A

230 1941 275 1959 me
275 1931 390 1971 sratres
407 1933 463 1960 mei
472 1937 661 1967 recesserunt,
673 1930 787 1960 alienos
794 1938 977 1971 agnoverunt

229 1980 322 2014 magis
341 1987 430 2017 quam
445 1987 507 2006 me.-
515 1978 603 2006 amici
611 1987 683 2005 vero
701 1978 755 2006 mei
775 1978 975 2006 immisericor-

228 2024 277 2052 des
281 2023 365 2063 facti
374 2030 451 2052 sunt.
460 2023 581 2052 Servum
590 2033 684 2052 meum
694 2025 812 2061 vocavi,
822 2030 851 2053 et
862 2034 922 2052 non
929 2034 975 2053 re-

227 2070 357 2110 spondit:
364 2076 391 2098 et
399 2070 536 2109 rogabam
544 2079 663 2098 uxorem
671 2076 809 2106 meam,et
816 2081 876 2099 non
883 2075 976 2099 atten-

228 2117 272 2145 dit
286 2128 297 2145 .·
312 2117 488 2144 invocabam
515 2121 611 2144 autem
632 2115 718 2154 filios
745 2117 974 2145 concubinarum

228 2162 419 2196 mearum‚illi
428 2173 501 2191 vero
515 2172 560 2191 me
568 2164 600 2190 in
610 2163 717 2191 soeculu
722 2174 749 2191 m
759 2166 887 2193 aversati
896 2170 973 2193 sunt.

228 2210 407 2239 Miseremini
414 2210 480 2244 mei,
489 2209 673 2241 miseremini,
685 2219 702 2237 o
713 2211 810 2237 amici.
823 2211 921 2248 Quare
930 2222 975 2240 me

226 2256 446 2295 persequimini,
454 2257 528 2284 sicut
539 2255 680 2284 Dominus
688 2258 701 2283 Ρ
715 2256 788 2294 Quis
796 2258 874 2285 enim.
883 2258 930 2286 det
942 2265 974 2286 ut

227 2304 394 2332 scribantur
404 2303 497 2332 verba
514 2304 602 2330 mea?
614 2301 646 2330 A
669 2303 798 2330 Domino
817 2304 890 2332 mihi
912 2306 975 2334 hoec

228 2355 430 2379 consummata
450 2355 530 2378 sunt.
557 2347 666 2377 Oculus
688 2350 767 2377 enim
789 2360 868 2379 meus
887 2352 972 2387 vidit,

227 2400 256 2423 et
270 2405 328 2423 non
342 2393 430 2423 alius.
442 2393 581 2423 Radicem
591 2394 731 2421 sermonis
745 2394 924 2424 inveniemus
935 2397 967 2424 in

227 2449 261 2468 eo
274 2449 282 2465 .·
295 2445 396 2467 cavete
414 2440 503 2466 etiam
516 2447 572 2466 vos
584 2447 604 2466 a
618 2440 751 2477 tegmine.

265 2484 388 2515 Secundo
413 2494 507 2513 rursus
525 2483 662 2523 excipiens
677 2483 782 2523 Sophar
799 2484 869 2514 Jobo
882 2484 948 2514 dicit
963 2499 969 2515 ι

227 2532 295 2560 Νοη
308 2532 349 2560 sic
362 2531 503 2569 putabam
517 2535 545 2558 te
558 2535 662 2558 contra
673 2539 888 2569 responsurum.
903 2531 972 2561 Hinc

228 2575 297 2604 illud
312 2586 318 2601 ε
331 2576 447 2604 Laetitia
469 2575 623 2614 impiorum
644 2576 731 2602 mina
744 2574 866 2613 insignis
881 2587 890 2603 .·
903 2586 971 2614 gau-

228 2622 306 2650 dium
322 2631 390 2649 vero
405 2622 570 2659 iniquorum
583 2626 625 2649 est
634 2621 773 2659 perditi0.-
786 2621 858 2650 Cum
873 2628 970 2650 aulem

991 2490 1009 2513 E

1030 1886 1094 1923 ἐμοῦ
1109 1884 1217 1924 ἀδελφοί
1231 1896 1281 1923 μου
1295 1884 1459 1920 ἀπέστησαν,
1470 1884 1587 1924 ἔγνωσαν
1609 1886 1761 1925 ἀλλοτρίους
1783 1886 1801 1921 ἢ

1030 1930 1079 1969 ἐμέ
1089 1942 1095 1949 ·
1109 1930 1179 1970 φίλοι
1193 1930 1222 1959 δέ
1237 1942 1287 1969 μου
1302 1930 1475 1969 ἀνελεήμονες
1495 1930 1627 1969 γεγόνασι.
1642 1931 1802 1971 Θεράποντά

1031 1988 1082 2015 μου
1096 1976 1227 2011 ἐκάλεσα,
1240 1976 1286 2006 καὶ
1300 1977 1351 2016 οὐχ
1368 1976 1503 2011 ὑπήκουσε
1513 1988 1520 1994 ·
1541 1976 1587 2005 καὶ
1612 1977 1728 2006 ἱκέτευον
1753 1977 1807 2014 τὴν»

1029 2022 1141 2062 γυναῖκά
1156 2034 1222 2061 μου,
1247 2022 1292 2051 καὶ
1312 2023 1341 2051 οὗ
1362 2021 1509 2062 προσέσχε·
1530 2022 1750 2062 προσεκαλούμην
1774 2023 1800 2053 δὲ

1029 2068 1100 2102 υἱοὺς
1122 2068 1293 2098 παλλακίδιον
1308 2079 1376 2107 μου,
1389 2069 1427 2101 εἷς
1439 2068 1484 2097 τὸν
1511 2069 1594 2097 αἰῶνα
1616 2068 1644 2098 δὲ
1671 2070 1801 2105 ἀπεποιή-

1030 2114 1110 2144 σαντό
1121 2126 1164 2153 με.
1180 2113 1329 2149 Ἐλεήσατέ
1344 2126 1392 2153 με,
1419 2114 1562 2150 ἐλεήσατε,
1575 2109 1598 2143 ὦ
1620 2114 1699 2154 φίλοι.
1723 2116 1801 2144 Διατί

1030 2172 1064 2199 με
1086 2159 1208 2195 διώκετε,
1222 2159 1313 2199 ὥσπερ
1324 2163 1338 2189 ὁ
1353 2159 1462 2200 Κύριος
1477 2160 1526 2193 Τίς
1544 2160 1596 2200 γὰρ
1610 2160 1642 2189 ἂν
1663 2160 1720 2197 δοίη
1734 2173 1799 2201 γρα-

1030 2208 1110 2246 φῆναι
1123 2206 1157 2235 τὰ
1171 2206 1279 2246 ῥήματά
1293 2218 1360 2245 μους
1374 2206 1455 2246 Παρὰ
1466 2206 1564 2245 Κυρίου
1578 2207 1663 2236 ταῦτά
1684 2219 1729 2245 μοι
1741 2219 1802 2236 συν-

1030 2252 1163 2288 ετελέσθη.
1174 2251 1209 2281 ‘0
1217 2251 1268 2292 γὰρ
1282 2252 1415 2292 ὀφθαλμός
1426 2264 1475 2291 μου
1486 2252 1587 2292 ἑώρακε
1599 2253 1644 2282 καὶ
1656 2255 1703 2282 οὐκ
1712 2253 1800 2286 ἄλλος.

1029 2298 1119 2333 Ῥίζαν
1145 2298 1223 2338 λόγου
1246 2298 1393 2337 εὑρήσομεν
1407 2299 1434 2327 ἐν
1458 2300 1539 2338 αὐτῷ.
1561 2298 1733 2335 Εὖλαὸήθητε
1757 2299 1802 2329 καὶ

1029 2346 1105 2383 ὑμεῖς
1118 2344 1171 2374 ἀπὸ
1185 2343 1413 2383 ἐπικαλύμματος.

1069 2484 1196 2523 Δεύτερον
1207 2483 1288 2513 πάλιν
1296 2482 1437 2513 ὑπολαὸὼν
1447 2482 1546 2522 Σωφὰρ
1556 2482 1628 2519 λέγει
1643 2484 1705 2523 πρὸς
1717 2483 1781 2512 Ἰώὸ
1790 2496 1796 2502 ·

1030 2531 1091 2570 Οὐχ
1105 2530 1187 2563 οὕτως
1212 2529 1398 2568 ὑπελᾶμὸανον
1420 2531 1537 2568 ἀντερεῖν
1565 2540 1594 2558 σε
1619 2533 1712 2558 ταῦτα.
1732 2530 1799 2570 Περὶ

1027 2579 1089 2613 τοῦ,
1104 2576 1260 2615 Εὖφροσύνη
1284 2575 1387 2605 ἀσεὸῶν
1410 2576 1509 2613 πτῶμα
1533 2573 1644 2609 ἐξαίσιον
1656 2587 1662 2593 ·
1676 2576 1799 2615 χαρμονὴ

1027 2622 1054 2652 δὲ
1068 2621 1227 2661 παρανόμων
1249 2621 1378 2651 ἀπώλεια.
1390 2620 1457 2650 “Ore
1480 2621 1507 2650 δὲ
1522 2622 1591 2664 δοκεῖ
1614 2621 1665 2657 ἤδη
1691 2622 1798 2661 ἐστηρί-
