1890 2826
757 216 791 240 IN

99 279 234 314 Μωῢσέως
253 275 387 318 λέγοντος,
404 278 445 309 ὅτι
460 279 520 309 Οὐκ
532 278 590 308 ἔστι
610 278 688 318 σοφία
710 278 753 308 οἵα
766 280 783 314 ἡ
798 280 868 318 ἠμε-

98 326 177 366 cepa-,-
187 325 254 365 μήτε
267 325 387 366 φίλτρου,
400 325 468 365 μήτε
491 324 596 364 ἀγάπης
610 319 676 354 εἶναι
690 324 802 364 νομίσῃς
819 325 868 360 τὴν

99 370 240 411 ἀπόφασιν,
253 371 322 401 ἀλλὰ
333 371 444 412 κρίσεως
455 373 541 411 ὀρθῆς.
553 370 624 400 Οὐδὲ
635 370 686 410 γάρ
698 371 771 400 ἐστιν
785 372 868 400 εἰπεῖν

99 415 140 446 ὅτι
162 416 205 446 διὰ
225 417 255 447 τὸ
274 417 340 458 πρὸς
358 417 418 451 τοὺς
436 415 589 450 διδάξαντας
608 415 691 455 ’ἄχθος
711 415 867 451 ἀπεπήδησε

99 465 148 499 τῆς
155 463 268 493 ’ἐκείνων
278 462 448 497 παιδεύσεως.
460 461 616 502 Ἀμφότεροι
627 462 678 501 γὰρ
689 463 790 497 πολλῆς
803 463 869 490 ἀπο-

99 509 209 539 λαύουσι
222 511 270 545 τῆς
283 511 372 548 τιμῆς,
386 508 432 538 καὶ
444 508 596 548 προτιμῶσι
614 507 648 537 τὰ
665 509 758 537 οἰκεῖα.
778 507 868 548 εΌπερ

99 550 145 585 ὀὖν
159 555 204 585 καὶ
217 556 322 589 Παῦλος
335 554 475 594 θαυμάζων
489 553 578 593 ἔλεγεν
587 565 594 570 ·
611 555 673 593 Οὒχ
687 553 773 583 εἵλετο
784 553 869 592 πρόσ-

100 612 191 641 καιρον
209 601 280 641 ἔχειν
298 601 428 641 ἁμαρτίας
448 599 603 635 ἀπόλαυσιν,
627 598 734 638 μείζονα
755 599 868 628 πλοῦτον

101 648 267 687 ἡγησάμενος
284 650 337 677 τῶν
357 648 384 676 ἐν
405 646 532 687 Αἰγύπτῳ
554 647 692 686 θησαυρῶν
713 645 758 675 τὸν
775 645 870 674 ὀνειδι-

101 693 168 732 σμὸν
182 696 228 723 τοῦ
243 694 371 734 Χριστοῦ.
389 692 443 722 Καὶ
463 692 536 722 ἔθετο
558 691 660 727 Δανιὴλ
675 692 702 720 ἐν
720 693 754 730 τῇ
775 690 871 731 καρδίᾳ

102 741 181 769 αὐτοῦ
198 738 256 779 iri?
267 740 444 779 ἁλιογηθῆναι
456 739 484 768 ἐν
495 741 528 778 τῇ
542 737 660 778 τραπέζῃ
674 739 719 767 τοῦ
733 736 870 776 βασιλέως,

101 786 148 815 καὶ
169 787 197 815 ἐν
215 787 255 826 τῷ
274 785 336 826 οἴνῳ
355 787 401 815 τοῦ
420 784 502 814 πότου
525 785 623 819 αὐτοῦ,
644 783 689 813 καὶ
711 782 807 819 ἠξίωσε
826 782 870 811 τὸν

103 833 301 872 ἀρχιευνοῧχον,
313 831 384 865 ὅπως
398 830 436 870 μὴ
448 831 590 870 ἁλισγηθῇ.
603 828 658 859 Καὶ
671 829 767 858 ἔδωκεν
778 830 792 857 ὁ
803 827 872 861 Θεὸς

98 872 146 907 ’τὸν
161 877 264 914 Δανιὴλ
277 879 313 911 εἷς
326 878 398 907 ἔλεον
426 877 471 907 καὶ
492 878 529 910 εἰς
545 875 680 915 οἰκτιρμὸν
693 874 804 904 ἐνώπιον
825 876 871 903 τοῦ

103 922 301 963 ἀρχιευνοῦχου.
323 922 396 963 ‘'Opa
417 925 508 952 τοῦτον
534 922 651 962 ἄρχοντα
671 923 723 950 τῶν
755 922 871 959 ἀγαθῶν.

63 1007 66 1009 -
102 969 196 1003 Οὕτως
209 969 316 999 αὐτόθεν
336 968 477 1010 ἐνέφαινεν,
498 969 539 998 ὅτι
553 968 635 1007 μέγας
648 979 688 1000 τις
702 963 735 1003 ἦν
748 966 793 996 καὶ
807 968 873 994 θαυ-

104 1015 214 1055 μαστός.
229 1017 329 1045 Τοῦτον
346 1014 399 1054 γὰρ
415 1016 453 1054 τῷ
469 1013 581 1053 βελτίονι
597 1010 672 1043 καλεῖ
691 1011 810 1050 ὀνόματι.
825 1011 873 1040 Ἐν

103 1057 142 1095 οἷς
161 1061 189 1091 δὲ
202 1061 310 1091 δυνατὸν
328 1056 371 1098 ἦν,
384 1060 431 1089 τὸν
448 1059 527 1098 νόμον
542 1059 695 1100 ἐφύλαττεν.
708 1057 758 1090 Τίς
770 1057 801 1086 ἂν
815 1056 874 1086 ἕτε-

818 215 1005 240 mmmmm.
1594 208 1661 243 235

916 278 1033 308 ‘Danieli
1052 279 1184 309 creditum
1207 287 1284 310 esset.
1306 281 1449 320 Propterea
1472 282 1499 310 in
1523 281 1614 321 parvis
1633 292 1665 311 ac

924 324 1030 364 exiguis
1052 325 1133 355 rebus
1155 326 1295 356 eunuchus
1317 326 1508 356 benevolentiae
1530 327 1580 356 Dei
1603 337 1666 364 erga

924 370 987 400 illos
1000 371 1149 411 periculum
1164 373 1238 407 facit,
1252 379 1281 402 ut
1293 371 1401 411 quando
1414 372 1449 402 de
1461 372 1608 412 majoribus
1622 384 1665 403 reb

924 414 977 444 bus
991 415 1069 444 illum
1083 417 1288 456 postulaverint,
1302 415 1428 445 diffidens
1440 426 1493 445 non
1507 423 1625 456 respuat,
1640 424 1667 446 et

887 469 907 492 D
926 467 956 490 ut
976 461 1081 491 discant
1104 473 1135 491 ea
1156 462 1249 502 lingua
1269 462 1369 502 optime
1387 462 1473 501 loqui,
1483 461 1518 491 ad
1539 462 1666 501 majorem

925 506 1056 536 nimirum
1071 507 1198 536 fiduciam
1213 507 1395 537 obtinendam.
1411 509 1508 538 Nonne
1519 507 1598 538 vides
1609 510 1668 538 Da-

926 553 984 584 vidi
1007 553 1037 583 id
1062 554 1214 594 contigisse,
1236 565 1299 584 cum
1324 566 1373 585 rex
1397 555 1463 585 Saiil
1486 555 1521 585 de
1538 555 1619 585 rebus
1633 567 1668 585 cx

926 605 1002 629 aetate
1017 599 1143 640 judicans
1148 601 1212 637 ‚illi
1233 601 1372 641 pollicenti
1395 601 1469 640 quod
1489 601 1668 641 alienigenam

919 645 1112 676 interfecturus
1129 654 1207 683 esset,
1221 647 1302 678 fidem
1321 658 1374 677 non
1391 648 1507 677 hahuit?
1520 650 1561 677 De
1575 646 1668 678 caetero

926 691 1035 722 adverte
1047 692 1187 722 Danielem
1199 693 1315 723 instituti
1327 704 1357 723 ac
1366 700 1442 724 sectae
1454 694 1601 731 barbariem
1608 706 1670 724 cau-

927 748 984 767 sam
998 745 1024 767 et
1037 739 1164 769 rationem
1176 740 1359 770 ¹intellexisse.
1375 740 1555 770 Barbarorum
1568 741 1670 781 quippe

927 783 1086 824 disciplinas
1102 792 1224 825 accurate
1242 785 1396 815 didicerunt
1415 788 1506 816 Moses
1521 793 1546 816 et
1559 787 1666 816 Daniel.

927 831 968 859 Ne
979 830 1051 859 enim
1061 831 1211 869 ignorantia
1221 831 1342 868 adducti,
1352 839 1511 872 putarentur
1521 842 1567 861 sua
1575 833 1670 861 alienis

891 884 910 907 E
927 876 1052 916 praeferrc
1064 889 1070 905 τ
1082 887 1113 906 eo
1125 877 1246 916 permisit
1262 878 1330 915 illis,
1346 878 1424 906 etiam
1446 878 1538 906 alienae
1554 878 1670 908 scientiae

928 923 1072 963 participes
1082 923 1144 952 fieri
1156 936 1163 952 :
1175 931 1205 953 ut
1218 923 1326 962 quando
1340 923 1441 954 videris
1454 934 1499 952 seu
1515 923 1604 963 potius
1619 935 1670 953 au-

928 967 1011 998 dieris
1023 971 1127 998 Mosem
1138 968 1281 1006 dicentem,
1298 971 1365 999 Non
1385 976 1427 998 est
1441 971 1585 1009 sapientia
1596 981 1669 1010 quw·
1680 978 1807 1006 Deu1.4.[.²]

931 1014 968 1043 lis
988 1009 1099 1051 nostra,
1111 1025 1164 1045 non
1185 1015 1432 1055 propensionis-nec
1453 1016 1551 1045 amoris
1564 1026 1671 1045 censeas

930 1070 986 1088 esse
997 1060 1164 1098 sententiam,
1176 1060 1222 1090 sed
1234 1061 1298 1090 recti
1308 1060 1419 1101 judicii.
1431 1061 1500 1091 Nam
1511 1061 1565 1091 dici
1579 1062 1673 1101 nequit
1707 1084 1710 1088 .

105 1118 158 1147 ρος,
176 1106 234 1140 εἰπέ
256 1118 310 1146 μοι,
330 1105 436 1145 μίασμα
455 1100 523 1134 εἶναι
546 1105 651 1143 ἐνόμισε
670 1103 719 1139 τὴν
742 1102 874 1142 τράπεζαν
929 1106 1070 1135 Danielem
1082 1106 1145 1136 odio
1158 1116 1221 1146 erga
1235 1114 1412 1148 praeceptores
1426 1108 1553 1138 resiliisse
1566 1109 1601 1138 ab
1614 1109 1672 1138 illo-

106 1152 153 1189 τὴν
177 1152 332 1192 βασιλικήν;
351 1151 426 1192 ”Ορα
452 1151 530 1181 αὐτὸν
555 1153 585 1181 ἐκ
608 1149 754 1190 προοιμίων
782 1148 876 1182 εὐθέως
886 1177 924 1197 200
931 1162 992 1180 rum
1005 1151 1135 1182 doctrina.
1149 1153 1236 1182 Ambo
1247 1153 1330 1189 enim,
1345 1155 1435 1183 Moses
1446 1160 1472 1183 et
1484 1154 1590 1191 Daniel,
1602 1154 1672 1183 mul-

106 1197 300 1237 ἐνδεικνύμενον
321 1197 369 1233 τὴν
387 1197 553 1237 φιλοσοφίαν.
580 1196 634 1226 Καὶ
656 1195 768 1232 ἠξίωσε,
794 1193 876 1235 φησὶ,
895 1205 915 1227 Δ
931 1204 958 1227 to
972 1198 1073 1228 honore
1086 1199 1121 1228 ab
1134 1200 1268 1228 extraneis
1287 1199 1452 1236 afficiuntur,
1466 1207 1492 1230 et
1505 1207 1593 1230 tamen
1608 1211 1672 1240 gen-

106 1243 150 1273 τὸν
171 1245 371 1285 ἀρχιευνοῦχον,
395 1243 466 1276 ὅπως
493 1243 530 1282 μὴ
554 1243 696 1281 ἇλισγηθῇ-
721 1240 793 1280 Ὅρα
819 1242 876 1273 πῶς
931 1244 965 1273 tis
979 1255 1033 1274 suae
1046 1244 1165 1274 instituta
1175 1252 1350 1286 anteponunt.
1362 1246 1397 1275 Et
1410 1246 1461 1275 hoc
1475 1247 1600 1285 est·quod
1610 1258 1672 1277 cum

107 1292 178 1320 ἐστιν
200 1289 362 1331 ἀφιλότιμος.
384 1291 443 1320 Οὐκ
468 1284 549 1325 εἶπεν,
573 1288 614 1318 ὅτι
638 1287 686 1324 τὴν
710 1286 800 1327 ψυχήν
825 1298 874 1324 μου
930 1290 1106 1320 admiratione
1124 1291 1158 1320 de
1172 1293 1248 1321 Mose
1267 1292 1374 1322 dicebat
1393 1293 1593 1323 PauluseNon
1614 1294 1671 1324 ele·
1684 1305 1752 1327 Ilehr.
1773 1311 1810 1329 n.

107 1336 193 1373 δώσω,
208 1336 268 1366 ἀλλ’
279 1335 399 1372 ἠξίωσεν,
414 1336 437 1365 εἷ
453 1334 572 1369 δυνατὸν,
585 1335 684 1363 λαθεῖν·
697 1333 775 1366 Τίνος
789 1332 875 1362 ἕνεκεν
930 1338 973 1377 git
993 1338 1147 1377 temporali
1164 1339 1279 1377 peccati
1299 1339 1453 1378 voluptate
1455 1339 1533 1379 frui,
1548 1341 1672 1379 majores
1683 1335 1720 1359 ²⁵·
1734 1337 1772 1360 ²5·

106 1384 307 1422 φὼτιμῶμαι,
322 1381 394 1422 φησί.
410 1382 480 1411 Ἀλλ’
495 1383 545 1421 οὐχ
561 1383 575 1410 ὁ
594 1380 693 1420 Ἰωσὴφ
712 1379 802 1414 οὕτως,
816 1378 876 1408 οὐδὲ

106 1430 233 1464 Μωῦοῆς.
247 1428 283 1458 Τί
300 1423 360 1464 οῧν;
380 1427 485 1457 ἐκείνων
499 1426 740 1466 καταγνωσόμεθα;
763 1425 810 1461 Μὴ
829 1426 876 1464 γέ·

106 1485 177 1503 νοιτο
185 1485 191 1492 ·
206 1475 235 1504 οὔ
244 1474 295 1514 γὰρ
302 1474 398 1514 ᾔδεσαν
411 1473 425 1502 8
433 1485 461 1502 τι
472 1472 536 1503 ποτὲ
548 1469 590 1509 ἦν.
604 1472 689 1502 Οὔπω
701 1471 752 1511 γὰρ
765 1467 797 1507 ἦν
807 1470 876 1500 κατὰ

106 1520 151 1550 τὸν
174 1519 252 1559 νόμον
275 1518 434 1559 παραίτησις
453 1518 505 1548 τῶν
523 1518 681 1558 βρωμάτιον.
707 1517 780 1556 Ὅρα
798 1517 874 1546 αὐτὸν

108 1565 155 1595 καὶ
167 1565 310 1606 ἐλέγχοντα
319 1565 364 1595 καὶ
378 1566 577 1605 φιλοσοφοῦντα,
590 1564 636 1593 καὶ
646 1565 673 1593 ἓν
687 1567 741 1596 τοῖς
755 1566 877 1602 σμικροῖς

109 1610 303 1649 ἐνδεικνύμενον
323 1610 373 1651 τὴν
393 1610 557 1651 φιλοσοφίαν.
578 1609 632 1639 Καὶ
653 1608 718 1648 ὅπερ
732 1608 821 1647 ἔλεγον
834 1609 876 1636 ὀἱ

110 1655 269 1691 ἀπόστολοι,
283 1657 377 1685 Ταῦτα
395 1656 447 1685 ἔδει
463 1655 555 1695 πρόσω
568 1656 691 1690 ποιῆσαι,
706 1655 816 1683 κάκεῖνα
838 1652 875 1692 μὴ

111 1702 222 1741 ἀφεῖναι.
235 1702 329 1730 Ταῦτα
340 1700 367 1730 δὲ
380 1700 518 1740 ἔπραττεν,
532 1701 580 1729 οὐκ
592 1699 684 1735 ἐπειδὴ
695 1698 709 1715 ¹¹
718 1697 878 1728 εἰδωλόθυτα

110 1743 153 1783 ἦν,
167 1747 225 1776 ἀλλ’
241 1746 331 1781 ἐπειδὴ
346 1743 516 1785 ιιεκωλυμένα
529 1745 580 1775 ὑπὸ
600 1747 644 1774 τοῦ
658 1744 738 1783 νόμου
753 1740 796 1780 ἦν.
813 1744 877 1776 Πῶς

110 1788 156 1822 οὖν
167 1792 283 1828 ἔπεισεν,
297 1791 369 1831 εὈρα
379 1793 435 1824 πῶς
446 1790 540 1824 εὐθέως
551 1790 628 1820 ἔλυσέ
639 1802 680 1819 σοι
692 1789 740 1825 τὴν
752 1789 874 1829 ἀπορίαν.

110 1838 224 1879 Ἔδωκε,
247 1838 320 1878 φησὶ,
335 1840 350 1867 ὁ
363 1837 431 1871 Θεὸς
444 1837 488 1866 τὸν
502 1836 605 1872 Δανιὴλ
625 1837 662 1869 εἰς
685 1835 757 1864 ἔλεον
776 1835 821 1865 καὶ
841 1837 878 1869 εἷς

110 1884 245 1924 οἷκτιρμὸν
262 1883 373 1913 ἐνώπιον
386 1886 431 1912 τοῦ
447 1882 644 1923 ἀρχιευνούχου.
659 1883 747 1911 Τοῦτο
760 1881 811 1924 ,καὶ
833 1881 877 1910 ἐπὶ

107 1937 156 1969 ,τοῦ
170 1934 269 1974 Ἰωσὴφ
281 1934 385 1974 γέγονεν
398 1945 404 1952 ·
416 1935 493 1963 κάκεῖ
504 1933 603 1969 ἠλεήθη
618 1932 716 1972 Ἰωσὴφ
740 1931 785 1961 καὶ
799 1932 877 1972 χάριν

112 1980 186 2025 εὗρεν
199 1984 243 2014 ἐπὶ
255 1987 301 2014 τοῦ
316 1982 506 2024 ἀρχιμαγείρου
519 1994 526 2001 ·
539 1982 609 2018 πλὴν
622 1982 766 2022 ἀμφότεροι
781 1982 877 2019 δοῦλοι,

144 2090 158 2109 ¹³
175 2087 332 2122 Ᾰὶισγηθῆναι.
346 2089 403 2112 Hoc
420 2086 525 2113 verbum
544 2085 624 2120 (quod
643 2086 741 2111 restitui
756 2085 832 2111 debet
843 2086 869 2110 in

112 2133 200 2153 sancto
215 2127 352 2152 Athanasio
363 2126 428 2152 libro
442 2125 474 2151 de
490 2124 649 2159 Virginitatc)
659 2124 786 2150 interdum
800 2125 869 2151 vide-

113 2171 155 2191 tur
166 2165 302 2191 deductum
313 2165 346 2191 ab
358 2169 414 2197 ἅλις,
427 2164 454 2190 id
472 2170 510 2190 est
526 2164 639 2198 offlam,
649 2166 801 2196 aceruatim5
813 2173 868 2197 quae

112 2206 180 2230 enim
191 2210 334 2237 euppetunt,
346 2204 526 2237 despiciuntur,
536 2212 615 2237 eoque
625 2203 735 2236 polluere
746 2202 870 2236 quodam-

114 2243 193 2269 modo
204 2243 377 2269 existimantur
390 2252 396 2266 τ
410 2241 564 2274 ἰηιεπᾶιιηιρ
576 2251 638 2268 voce
650 2246 710 2275 ἅλες,
723 2251 779 2275 quae
789 2242 870 2266 salem

114 2289 140 2309 et
157 2283 295 2307 convictum
313 2280 443 2315 significat.
461 2280 526 2306 Vide
541 2281 695 2315 Hcsychium
712 2290 742 2306 ac
754 2280 868 2306 suidam.

113 2323 171 2347 Pari
181 2322 278 2346 ratione
289 2320 412 2345 formatur
424 2323 577 2351 συναλίζεσθαι
591 2322 647 2347 Act.
659 2322 705 2352 t‚4
715 2329 720 2344 ε
730 2319 799 2352 quod
810 2327 871 2345 vero

113 2361 148 2387 ad
159 2369 271 2386 mensam
283 2368 368 2393 regum
376 2359 494 2389 Orientis,
503 2363 529 2383 et
538 2359 601 2384 ritus
611 2360 640 2386 in
649 2367 677 2384 ea
690 2364 801 2383 servatos
813 2360 870 2391 spe'-

111 2401 178 2431 etet,
186 2398 266 2424 multa
277 2403 303 2423 et.
315 2406 373 2422 cnm
384 2396 461 2422 sacris
470 2397 605 2430 Scripturis
614 2396 796 2422 concordantia
807 2396 871 2430 leges

101 2437 183 2472 *apud
197 2437 391 2470 Xenophontem
409 2434 441 2460 de
457 2436 614 2460 institutione
631 2435 692 2469 Cyri
712 2434 758 2461 lib.
771 2437 796 2466 2,
807 2441 833 2460 et
843 2437 867 2467 8,

116 2477 260 2503 Athenaeum
279 2475 323 2500 lib.
343 2476 368 2507 4,
381 2473 542 2500 Plutarchum
558 2475 677 2509 Sympos.
687 2473 733 2500 lib.
747 2476 772 2506 7,
782 2479 868 2508 quaest.

119 2518 146 2547 4,
155 2515 300 2550 Polymnum
312 2513 356 2538 lib.
367 2515 392 2545 4,
401 2513 426 2538 in
438 2511 579 2538 Alexandro
590 2521 660 2538 num.
674 2514 715 2538 82.

150 2563 162 2575 ⁸
179 2559 206 2582 οὶ
220 2556 349 2582 ἀπόστολοι.
359 2553 415 2578 Imo
427 2550 527 2577 Domini
539 2557 578 2577 est
594 2551 661 2577 istud
672 2551 809 2578 oraculum.
822 2552 872 2579 Sed

118 2593 255 2628 :liquando
264 2591 381 2619 Ecclesiae
389 2592 529 2625 magistros,
535 2590 596 2616 dum
605 2589 644 2617 vei
654 2592 734 2618 minus
746 2601 803 2618 eum
813 2601 873 2618 cura

931 1385 1055 1424 AEgypti
1080 1385 1224 1414 thesauris
1239 1385 1359 1414 divitias
1380 1395 1442 1415 esse
1461 1392 1543 1415 ratus
1565 1387 1674 1416 Christi

930 1431 1079 1469 probrum.
1095 1431 1125 1461 8.
1138 1432 1180 1460 Et
1188 1432 1286 1470 posuit
1298 1431 1410 1461 Daniel
1419 1433 1452 1460 in
1466 1433 1552 1461 corde
1565 1443 1628 1469 suo,
1637 1444 1674 1464 ne

930 1475 1113 1514 pollueretur
1120 1478 1152 1505 in
1170 1487 1271 1506 mensa
1283 1479 1369 1517 regis,
1384 1483 1412 1506 et
1423 1479 1456 1507 in
1472 1479 1544 1507 vino
1556 1479 1592 1508 de
1602 1487 1674 1519 polu

932 1523 1007 1561 ejus,
1027 1529 1055 1552 et
1077 1524 1190 1562 rogavit
1209 1525 1392 1563 praepositum
1416 1526 1614 1554 eunuchorum
1637 1537 1674 1555 ne

931 1572 1191 1599 contaminaretur.
1213 1571 1243 1600 9.
1258 1571 1300 1600 Et
1319 1571 1400 1600 dedit
1418 1572 1501 1600 Deus
1517 1572 1674 1602 Danielem

933 1618 965 1644 in
985 1616 1210 1645 misericordiam
1237 1622 1264 1645 et
1279 1617 1310 1644 ἰη
1322 1618 1536 1646 miserationem
1552 1619 1584 1647 in
1602 1629 1674 1647 con—

895 1667 914 1689 B
932 1667 1031 1700 spectu
1042 1663 1182 1700 principis
1199 1660 1407 1690 eunuchorum.
1422 1662 1520 1702 Aspice
1536 1664 1674 1694 Danielem

933 1717 949 1735 a
959 1707 1038 1735 bonis
1051 1706 1178 1746 operibus
1188 1706 1314 1746 incipere.
1325 1708 1364 1736 Ita
1375 1717 1408 1736 ex
1418 1718 1449 1736 co
1459 1715 1577 1747 tempore
1586 1716 1674 1739 osten-

933 1752 974 1782 dit
993 1762 1120 1791 magnum
1143 1762 1171 1781 se
1191 1762 1257 1788 esse,
1270 1759 1349 1791 atque
1370 1753 1567 1783 admirabilem.
1583 1757 1674 1792 Quare

933 1798 1072 1838 Scriptura
1097 1797 1274 1836 praestantiori
1299 1808 1362 1826 eum
1384 1798 1513 1835 nomine(
1531 1800 1673 1838 Danielis)

932 1843 1060 1884 appellat.
1072 1844 1156 1872 Porro
1167 1844 1194 1872 in
1205 1843 1305 1881 quihus
1316 1850 1429 1883 poterat,
1438 1844 1524 1884 legem
1536 1846 1672 1876 servabat.

933 1890 1003 1928 Quis
1016 1889 1099 1925 alius,
1108 1899 1210 1927 quaeso,
1220 1899 1337 1918 mensam
1351 1889 1453 1929 regiam
1462 1891 1606 1921 censuisset
1617 1903 1674 1922 esse

934 1934 1093 1975 piaculum?
1106 1935 1205 1974 Aspice
1227 1934 1363 1973 quomodo
1388 1935 1476 1964 statim
1503 1937 1537 1966 ab
1561 1938 1674 1969 exordio
1706 1940 1712 1946 ‘

934 1991 1013 2011 suum
1035 1990 1098 2020 erga
1120 1979 1279 2019 sapientiam
1302 1990 1419 2010 amorem
1441 1981 1613 2013 demonstret.
1632 1985 1674 2014 Et

914 2082 1043 2117 scribunt,
1065 2085 1103 2111 vel
1124 2085 1207 2111 calore
1230 2085 1331 2112 dicendi
1357 2086 1530 2121 abripiuntur,
1551 2090 1672 2115 memoria

913 2123 1036 2151 destituit.
1048 2124 1091 2150 Sic
1104 2123 1169 2150 insta
1188 2124 1277 2150 eodem
1295 2125 1344 2151 hoc
1363 2127 1446 2159 capite
1462 2126 1538 2153 verba
1549 2128 1671 2161 Tertulli,

912 2164 968 2188 Act..
982 2165 1023 2194 24,
1034 2165 1058 2194 3,
1067 2163 1144 2189 Paulo
1153 2164 1334 2190 attribuuntur.

945 2204 960 2223 ¹²
977 2206 1022 2230 οὐκ
1037 2200 1112 2234 ἐπειδὴ
1130 2206 1265 2231 εἰδωλόθυτα
1277 2208 1312 2234 ἣν.
1333 2205 1390 2230 Non
1404 2210 1487 2231 tamen
1498 2207 1672 2239 improbabilis

913 2246 951 2266 est
959 2240 1113 2267 Theodoreti
1121 2241 1277 2275 aliorumque
1288 2243 1420 2268 sententia.
1430 2244 1496 2277 Lege
1506 2246 1521 2270 J
1525 2245 1617 2270 udiihae
1631 2248 1671 2277 ¹2,

915 2282 939 2312 2,
958 2282 999 2311 ⁴9,
1012 2280 1123 2306 Estherae
1136 2282 1176 2312 ⁴4,
1196 2282 1235 2307 17.
1247 2281 1405 2306 Crediderim
1423 2285 1591 2309 sanctissimos
1599 2285 1671 2317 juve-

914 2328 957 2345 nes
971 2318 1049 2344 tribus
1061 2319 1092 2345 de
1105 2320 1185 2344 οαυείε
1195 2318 1252 2344 cibo
1261 2320 1329 2353 regio
1339 2319 1485 2346 abstinuisse
1500 2331 1505 2345 :
1519 2327 1573 2347 tum
1584 2322 1618 2347 ob
1628 2331 1670 2347 so-

913 2357 1012 2383 lennem
1038 2357 1197 2383 ethnicorum
1220 2358 1247 2382 in
1267 2359 1358 2384 mensis
1382 2361 1597 2392 superstitionem,
1617 2366 1677 2385 turn-

914 2396 983 2431 quod
999 2396 1110 2431 plerique
1123 2396 1321 2430 Babyloniorum
1337 2396 1388 2422 cibi
1406 2397 1461 2430 lege·
1476 2399 1583 2423 Mosarna
1600 2401 1671 2425 vetiti

914 2443 1008 2469 essent3
1022 2442 1075 2461 tum
1094 2435 1215 2469 denique,
1229 2437 1287 2469 quia
1302 2436 1410 2469 jejunio,
1427 2442 1453 2461 ct
1471 2436 1621 2463 abstinentia
1637 2439 1671 2464 ab

914 2476 1039 2506 animatis,
1048 2476 1127 2500 Deum
1139 2475 1276 2507 promereri
1287 2473 1442 2507 satagebant.
1455 2475 1488 2499 Et
1497 2474 1545 2500 hoc
1556 2475 1671 2502 ultimum

916 2514 1069 2540 confirmant
1079 2513 1202 2546 josephus
1213 2513 1297 2545 Antiq.
1311 2512 1369 2537 Jud.
1385 2512 1427 2537 lib.
1444 2514 1483 2544 lO,
1497 2509 1552 2546 cap.
1567 2516 1671 2547 ⁴¹‚Ori-

916 2562 990 2588 genes
999 2555 1014 2579 7
1022 2558 1110 2578 contra
1133 2551 1274 2582 Celsum‚et
1285 2550 1399 2575 HomilA
1412 2551 1438 2577 in
1449 2551 1600 2585 diversos,S.
1610 2555 1674 2582 Gre-

918 2593 1000 2626 gorius
1012 2594 1079 2625 Papa
1091 2590 1202 2624 Epistola
1214 2589 1247 2615 ad
1259 2589 1425 2615 Tlicotistam.
