1890 2826
129 1440 247 1467 Seripturoe

105 1478 170 1491 saeue
179 1471 248 1499 digni-

107 1506 138 1522 aas
153 1502 248 1523 utilitas-

104 1540 157 1561 quc.

133 1811 198 1832 Multi
210 1819 247 1839 pa-

107 1847 151 1863 tre-1
158 1843 185 1863 de
191 1850 246 1863 erea-

107 1875 167 1894 tione
194 1875 247 1894 scri-

108 1909 208 1933 pserunt..

112 2278 132 2292 ι.
146 2271 199 2293 Cor.
213 2277 246 2293 η.

113 2308 150 2325 ιι.

950 150 1128 175 SEVEmANl

705 377 1353 483 ‘'SEVERIANI,

771 555 1061 593 GABALORUM
1086 557 1289 594 EPISCOPI
1299 586 1309 602 ‚

537 687 623 744 IN
664 687 940 748 MUNDI
982 687 1543 764 CREATIONEM‚

898 842 1039 872 ORATIO

361 969 398 998 ln
406 964 532 1007 primum
545 967 621 996 diem
634 967 787 996 creaubnis
801 967 912 997 mundi.
1010 966 1046 1017 ‘'X‘'

298 1064 326 1091 1.
347 1060 472 1099 Quodvis
496 1059 601 1100 pietatis
621 1067 819 1099 argumentum,
849 1060 1000 1090 animarum

256 1114 408 1137 nostrarum
422 1106 571 1136 emendatio
586 1113 635 1136 est.
656 1106 699 1136 Ad
712 1107 781 1136 banc
801 1106 871 1135 enim
895 1105 998 1135 anima-

257 1165 318 1182 rum
332 1154 444 1183 salutem
460 1154 549 1182 omnia
569 1153 676 1193 pietatis
700 1152 823 1182 instituta
843 1153 998 1192 respiciunt.

256 1201 332 1229 Hanc
346 1206 371 1228 et
384 1200 436 1229 Dei
456 1209 544 1228 sermo
567 1205 705 1238 operatur,
715 1198 785 1228 hanc
796 1205 821 1228 et
836 1199 940 1239 Moysis
954 1199 1000 1229 lex

256 1245 384 1282 insinuat,
398 1245 467 1274 hanc
477 1245 623 1285 praedicant
638 1244 792 1284 spirituales
813 1245 867 1274 illae
881 1246 998 1286 prophe-

255 1299 344 1321 tarum
367 1292 465 1332 linguae
482 1304 489 1321 =
506 1291 658 1322 incessabili
669 1302 735 1322 voce
756 1302 805 1332 pro
819 1292 870 1322 hac
883 1293 999 1323 clamant

256 1338 381 1378 apostoli.
399 1338 497 1368 Omnia
515 1337 649 1376 siquidem
667 1348 718 1377 pro
738 1338 826 1376 nobis,
842 1345 868 1367 et
888 1347 998 1379 propter

256 1395 304 1414 nos
321 1398 328 1414 ι
345 1391 375 1414 ut
388 1384 454 1413 dum
467 1391 555 1413 nostra
569 1384 604 1413 ad
617 1384 828 1414 emendationem
841 1393 997 1426 properant,

257 1431 382 1470 pietatem
403 1441 451 1459 nos
471 1441 653 1467 assequamur.
669 1431 765 1461 Omnis
778 1430 868 1470 itaque
891 1440 998 1462 sanctus

259 1474 327 1504 liber
346 1475 441 1504 salutis
454 1481 550 1504 nostrae
572 1486 651 1505 causa
666 1476 781 1515 scriptus
805 1482 854 1513 est,
867 1483 897 1505 ut
917 1477 998 1507 modo

257 1520 390 1550 dicebam.
404 1520 456 1550 Hic
469 1531 552 1560 porro
576 1521 718 1550 creationis
743 1521 823 1558 liber,
838 1522 924 1562 origo,
939 1523 998 1553 fons

257 1572 283 1595 et
296 1566 382 1596 virtus
395 1573 434 1596 est
456 1577 549 1596 eorum
569 1567 702 1603 omnium,
717 1577 777 1606 quae
791 1567 819 1596 in
846 1568 904 1608 lege
924 1575 950 1597 et
971 1569 999 1598 in

255 1614 395 1653 prophetis
418 1613 518 1653 scripta
539 1621 613 1643 sunt.
632 1618 669 1643 Ac
691 1614 920 1653 quemadmodum
946 1627 1000 1646 non

256 1667 343 1700 potest
355 1659 452 1689 domus
466 1659 523 1688 sine
533 1660 708 1689 fundamento
718 1667 798 1696 stare,
814 1661 853 1690 sic
866 1672 914 1691 nec
925 1663 1001 1692 varia

255 1714 438 1736 creaturarum
458 1706 635 1746 pulchritudo
653 1707 848 1747 splendescere,
862 1708 913 1737 nisi
927 1719 1000 1738 crea-

257 1752 294 1781 tio
308 1753 366 1793 ipsa
381 1752 488 1782 initium
507 1753 643 1782 habuerit.
659 1753 721 1783 Scio
743 1754 842 1783 multos
856 1765 890 1784 ex
904 1755 1000 1785 sanctis

257 1799 379 1838 patribus
393 1798 427 1828 de
451 1799 585 1828 creatione
603 1799 686 1828 verba
705 1799 808 1836 fecisse,
823 1801 962 1840 multaque
975 1808 1001 1830 et

258 1846 363 1885 egregia
381 1844 494 1881 dixisse,
508 1852 539 1874 ut
559 1845 678 1885 Spiritus
691 1846 782 1885 gratiae
797 1858 922 1876 mensura
935 1848 1001 1888 ipsis

257 1892 353 1921 collata
366 1892 438 1921 tulit.
451 1892 527 1922 Licet
544 1899 631 1921 autem
645 1893 741 1929 multa,
753 1893 852 1923 eximia
875 1901 901 1924 et
914 1895 1000 1924 mira—

257 1939 324 1968 bilia
338 1939 409 1968 dicta
422 1939 532 1974 fuerint,
545 1939 613 1968 nihil
626 1946 699 1969 vetat
712 1942 857 1978 quominus
871 1948 897 1970 et
912 1949 1001 1972 nostra
1022 1938 1025 1939 ⁷

257 1985 390 2022 dicamus,
406 1992 486 2025 prout
498 1985 618 2025 Spiritus
641 1988 725 2024 gratia
745 1987 999 2017 subministraverit.

258 2031 496 2068 Quemadmodum
509 2031 580 2060 enim
594 2042 638 2060 eos
659 2031 705 2070 qui
717 2039 778 2061 ante
792 2043 839 2062 nos
854 2033 927 2062 fuere
948 2044 1001 2063 non

259 2075 404 2104 cohibuere
426 2082 548 2104 veterum
573 2075 689 2116 scripta,
704 2076 742 2105 sic
761 2087 809 2105 nec
823 2077 865 2105 illi
881 2077 929 2116 qui
953 2088 1002 2107 nos

260 2129 462 2162 praecesserunt,
474 2132 521 2151 nos
536 2123 665 2152 arcebunt
680 2123 714 2152 ab
734 2123 867 2164 instituto.
884 2125 913 2154 Si
937 2125 1001 2163 qui-

259 2169 321 2198 dem
333 2176 359 2198 et
373 2169 429 2198 illis
442 2176 468 2198 et
482 2169 559 2198 nobis
571 2177 597 2198 et
610 2169 809 2208 antiquioribus
821 2182 874 2200 una
887 2178 925 2200 est
938 2182 999 2211 gra-

259 2216 296 2245 tia
325 2225 384 2254 quae
415 2215 534 2255 Spiritus
567 2216 649 2244 sancti
683 2215 811 2245 virtutem
839 2217 1000 2256 suppeditet.

263 2263 370 2291 Omnia
391 2262 473 2292 enim.
499 2262 598 2300 inquit,
622 2269 757 2301 operatur
779 2273 854 2292 unus
875 2269 903 2291 et
925 2264 1001 2292 idem

260 2308 394 2348 Spiritus,
418 2308 551 2337 dividens
575 2309 697 2348 singulis
719 2315 806 2348 prout
830 2309 909 2338 vult.
941 2310 1001 2339 Non

1019 2037 1038 2060 C

296 2406 307 2418 ³
326 2399 357 2423 In
369 2397 463 2423 Codice
479 2398 604 2424 Vaticano
617 2407 687 2423 num.
702 2399 750 2424 560
765 2408 769 2423 z
784 2403 824 2425 τοῦ
843 2402 911 2425 αὐτοῦ
923 2398 1024 2433 (supple

265 2444 432 2473 Χρυσοστόμουι
444 2447 503 2463 nam
513 2437 690 2472 Chrysostomi
699 2445 758 2463 sunt
769 2447 797 2463 ea
807 2448 861 2472 quae
869 2437 1024 2471 praecedunt)

265 2481 294 2506 εἰς
305 2482 346 2506 τὴν
356 2484 448 2512 πρώτην
459 2482 548 2513 ἡμέραν
559 2483 599 2507 τῆς
608 2482 761 2511 κοσμοποιίας.
772 2478 879 2503 Savilius
890 2484 974 2503 totum
991 2478 1023 2502 ti-

267 2515 345 2539 tulum
362 2517 397 2540 sic
416 2516 590 2542 concinnavit:
602 2520 733 2552 Σεδηριανοῦ
746 2521 865 2544 ἐπισκόπου
874 2520 981 2543 meeum
993 2521 1023 2545 εἷς

266 2559 306 2584 τὴν
328 2561 475 2588 κοσμοποιίαν
492 2559 551 2589 λόγοι
564 2559 601 2587 ἒξ,
616 2562 767 2591 Χρυσοστόμῳ
779 2559 802 2582 δὲ
814 2560 836 2582 ἐν
848 2560 903 2583 τισὶν
916 2561 1023 2591 ἀντιγρά-

1061 844 1177 873 PRIMA
1182 866 1188 872 .

1143 969 1191 1003 Εἷς
1203 969 1252 1006 τὴν
1266 970 1374 1010 πρώτην
1386 972 1489 1013 ἡμέραν
1503 975 1551 1010 τῆς
1559 975 1740 1014 κοσμοποιίας.

1090 1062 1172 1091 Πᾶσα
1186 1062 1319 1096 εὗσεὸείας
1330 1063 1452 1099 ὑπόθεσις
1463 1067 1514 1095 τῶν
1525 1067 1618 1107 ψυχῶν
1631 1068 1688 1097 ἐστι
1699 1070 1752 1098 τῶν
1759 1071 1827 1108 ἠμε-

1050 1107 1131 1147 τέρων
1158 1108 1301 1149 διόρθωσις.
1322 1110 1394 1151 Πρὸς
1412 1110 1511 1147 ταύτην
1529 1112 1579 1152 γὰρ
1599 1113 1647 1149 τὴν
1667 1116 1719 1143 τῶν
1734 1116 1828 1155 ψυχῶν

1051 1155 1126 1192 ἡμῶν
1139 1155 1271 1194 σωτηρίαν
1290 1158 1338 1196 ὁρᾷ
1349 1157 1436 1186 πάντα
1450 1157 1483 1186 τὰ
1498 1161 1546 1194 τῆς
1559 1159 1693 1193 εὖσεὸείας
1717 1160 1826 1190 παιδεύ-

1051 1212 1131 1238 ματα.
1157 1200 1266 1237 Ταύτην
1283 1205 1344 1241 γοῦν
1359 1202 1403 1232 καὶ
1417 1205 1431 1232 ὁ
1447 1206 1493 1232 τοῦ
1516 1206 1587 1234 Θεοῦ
1611 1206 1828 1245 πραγματεύεται

1049 1244 1140 1284 λόγος,
1161 1246 1260 1282 ταύτην
1274 1249 1288 1278 ὁ
1300 1248 1436 1283 Μωῦσέως
1449 1249 1601 1279 ὑποτίθεται
1618 1250 1696 1290 νόμος
1707 1275 1715 1285 .
1729 1252 1828 1288 ταύτην

1049 1291 1223 1332 κηρύττουσιν
1238 1295 1265 1322 αἱ
1278 1295 1365 1335 νοεραὶ
1380 1298 1432 1326 τῶν
1443 1299 1587 1337 προφητῶν
1601 1299 1721 1336 γλῶσσαι
1731 1320 1739 1334 ,
1758 1300 1825 1340 ὑπὲρ

1049 1338 1147 1375 ταύτης
1161 1339 1295 1379 ἀσιγήτοις
1307 1341 1420 1380 στόμασι
1431 1344 1527 1381 βοῶσιν
1536 1344 1560 1372 οἱ
1569 1343 1718 1375 ἀπόστολοι.
1733 1346 1829 1375 Πάντα

1049 1385 1101 1426 γὰρ
1113 1386 1179 1426 ὑπὲρ
1190 1389 1267 1426 ἡμῶν
1280 1388 1325 1418 καὶ
1338 1389 1370 1417 δι’
1386 1391 1465 1428 ἡμᾶς’
1479 1389 1522 1419 ἵνα
1533 1390 1598 1431 πρὸς
1616 1390 1752 1430 διόρθωσιν
1766 1393 1829 1432 δρα-

1052 1431 1134 1470 μόντα
1140 1432 1174 1461 τὰ
1187 1434 1305 1474 ἡμέτερα
1317 1436 1364 1470 τῆς
1376 1435 1508 1469 εὗσεὸείας
1522 1436 1768 1477 καταξιωθῇ.Πᾶσα
1780 1437 1829 1477 μὲν

1051 1472 1094 1506 οὖν
1110 1477 1199 1516 βίὸλος
1207 1479 1269 1518 ἁγία
1281 1480 1403 1520 ἀφορμὴν
1415 1481 1471 1520 ἔχει
1478 1481 1525 1518 τὴν
1539 1483 1669 1523 ἡμετέραν
1680 1483 1813 1524 σωτηρίαν
1821 1506 1829 1519 ,

1052 1525 1087 1557 ὡς
1096 1523 1175 1564 ἔφθην
1183 1525 1351 1565 εἷπώνᾼῆτη
1361 1526 1388 1555 δὲ
1396 1529 1413 1562 ἡ
1420 1529 1467 1563 τῆς
1477 1528 1646 1568 δημιουργίας
1657 1528 1828 1570 βίὸλος,ἀρχὴ

1053 1569 1097 1598 καὶ
1119 1570 1193 1610 πηγὴ
1213 1571 1258 1600 καὶ
1272 1572 1380 1612 δύναμίς
1398 1574 1455 1602 ἔστι
1468 1574 1574 1603 πάντων
1589 1576 1642 1603 τῶν
1655 1576 1682 1604 ἐν
1694 1575 1770 1615 νόμῳ
1784 1576 1830 1605 καὶ

1052 1615 1210 1656 προφήταις.
1225 1617 1277 1646 Καὶ
1289 1617 1379 1658 ὥσπερ
1391 1614 1461 1648 οἷκον
1476 1621 1527 1660 οὐχ
1535 1615 1588 1649 οἷόν
1600 1633 1629 1650 τε
1639 1623 1742 1657 στῆναι,
1752 1625 1830 1661 θεμε-

1052 1660 1109 1690 λίου
1122 1661 1159 1700 μὴ
1177 1662 1348 1701 ὑποκειμένου
1359 1685 1366 1699 ,
1383 1662 1464 1696 οὕτως
1479 1663 1537 1693 οὐδὲ
1551 1664 1585 1694 τὰ
1598 1667 1646 1701 τῆς
1658 1666 1830 1706 δημιουργίας

1053 1707 1140 1743 κάλλη
1154 1708 1277 1748 λάμψαι,
1298 1708 1335 1748 μὴ
1354 1711 1402 1744 τῆς
1417 1709 1587 1749 δημιουργίας
1600 1710 1648 1747 τὴν
1663 1711 1749 1751 ἀρχὴν
1765 1714 1830 1741 ἀπο-

1052 1748 1196 1790 meede-hc.
1216 1750 1286 1784 Οἶδα
1296 1754 1343 1793 μὲν
1358 1750 1417 1790 οὗν,
1431 1755 1470 1784 ὅτι
1485 1755 1578 1785 πολλοὶ
1592 1759 1644 1786 τῶν
1659 1757 1740 1796 ἁγίων
1753 1757 1832 1787 πατέ-

1056 1812 1107 1841 ρων
1122 1803 1240 1836 καθῆκαν
1263 1802 1300 1834 εἷς
1318 1800 1363 1830 τὸν
1381 1803 1429 1837 τῆς
1442 1801 1613 1842 δημιουργίας
1626 1802 1703 1842 λόγον
1713 1826 1720 1839 ,
1744 1804 1831 1833 πολλὰ

1054 1847 1099 1877 καὶ
1114 1848 1218 1887 μεγάλα
1236 1846 1281 1876 καὶ
1300 1846 1390 1881 ἔνδοξα
1415 1847 1567 1887 εἰρηκότες,
1594 1851 1629 1882 ὡς
1651 1852 1668 1884 ἡ
1687 1853 1733 1878 τοῦ
1756 1850 1831 1889 ἁγίου

1055 1893 1209 1932 Πνεύματος
1229 1893 1393 1934 ἐπεμέτρησε
1405 1893 1491 1934 χάρις.
1506 1894 1558 1923 Καὶ
1569 1896 1675 1924 πολλῶν
1686 1895 1731 1924 καὶ
1745 1896 1830 1934 μεγά-

1054 1940 1106 1968 λων
1121 1940 1166 1968 καὶ
1177 1941 1336 1978 θαυμαστῶν
1349 1939 1562 1980 προειρημένων,
1577 1941 1650 1970 οὐδὲν
1671 1941 1767 1970 κωλύει
1785 1941 1831 1971 καὶ

1054 1985 1088 2015 τὰ
1102 1987 1165 2025 παρ’
1184 1987 1261 2024 ἡμῶν
1276 1988 1399 2024 ῥηθῆναι,
1413 1988 1449 2020 ὡς
1460 1986 1491 2015 ἂν
1502 1989 1519 2022 ἡ
1529 1990 1574 2016 τοῦ
1587 1986 1661 2026 ἁγίου
1673 1987 1829 2027 Πνεύματος

1054 2031 1194 2071 χορηγήσῃ
1219 2031 1305 2072 χάρις.
1325 2032 1434 2072 Ἵὶσπερ
1447 2032 1498 2073 γὰρ
1511 2034 1535 2061 οἱ
1554 2033 1606 2073 πρὸ
1621 2035 1697 2072 ἡμῶν
1711 2035 1758 2063 οὔκ
1774 2035 1829 2064 ἕνε-

1053 2077 1215 2113 ποδίσθησαν
1234 2078 1285 2107 ὑπὸ
1299 2080 1351 2107 τῶν
1367 2078 1418 2118 πρὸ
1433 2080 1533 2116 αὐτῶν,
1562 2079 1644 2113 οὕτως
1670 2079 1729 2108 οὐδὲ
1751 2083 1829 2119 ἡμεῖς

1054 2122 1105 2152 ὑπὸ
1115 2125 1168 2152 τῶν
1179 2123 1231 2163 πρὸ
1243 2127 1290 2160 τῆς
1301 2124 1432 2164 ἡμετέρας
1453 2130 1552 2164 γενεᾶς.
1567 2125 1620 2155 Καὶ
1635 2125 1687 2165 γὰρ
1700 2126 1830 2159 κάκείνοις

1054 2169 1099 2198 καὶ
1111 2172 1176 2208 ἡμῖν
1190 2170 1234 2199 καὶ
1261 2174 1315 2204 τοῖς
1339 2171 1390 2210 πρὸ
1418 2170 1523 2200 ἐκείνων
1546 2171 1595 2209 μία
1608 2171 1679 2200 ἐστὶν
1691 2174 1707 2207 ἡ
1721 2171 1799 2212 χάρις
1813 2174 1829 2208 ἡ

1054 2219 1206 2255 χορηγοῦσα
1219 2219 1264 2245 τοῦ
1279 2216 1352 2255 ἁγίου
1368 2216 1524 2255 Πνεύματος
1537 2217 1584 2253 τὴν
1596 2217 1714 2256 δύναμιν.
1736 2218 1831 2247 Πάντα

1054 2262 1121 2302 γὰρ,
1133 2262 1226 2302 φησὶν,
1247 2264 1346 2302 ἐνεργεῖ
1358 2262 1385 2291 ἓν
1399 2263 1443 2292 καὶΙ
1455 2263 1486 2292 τὸ
1499 2263 1563 2292 αὐτὸ
1573 2265 1697 2302 Πνεῦμα,
1715 2264 1830 2304 διαιροῦν

1054 2309 1108 2349 ἰδίᾳ
1121 2308 1224 2349 ἑκάστῳ
1236 2309 1323 2342 καθὼς
1337 2308 1468 2348 βούλεται.
1493 2311 1534 2339 Οὐ
1546 2309 1631 2339 τοίνυν
1645 2309 1679 2338 τὰ
1691 2309 1765 2350 παρὰ
1778 2312 1831 2339 τῶν

1073 2411 1120 2434 <pots
1130 2403 1311 2435 ἐπιγραφόμενοι.
1319 2399 1491 2430 Combefisius‚
1501 2398 1542 2432 qui
1555 2408 1604 2425 uno
1611 2399 1706 2425 Savilio
1716 2406 1754 2425 est
1765 2409 1832 2432 usus,

1072 2438 1202 2472 [repetens
1213 2445 1235 2472 1)
1243 2440 1281 2471 pis
1292 2445 1419 2463 sermones
1431 2438 1477 2462 hos
1486 2447 1529 2463 sex
1540 2439 1566 2463 in
1575 2438 1744 2463 Bibliothecae
1759 2439 1833 2464 Grae-

1073 2487 1156 2502 corum
1170 2484 1272 2511 patrum
1288 2477 1415 2502 Auctario
1435 2478 1577 2508 novissimo,
1590 2478 1666 2503 Tom.
1689 2480 1713 2510 4,
1732 2488 1757 2512 p.
1772 2480 1798 2504 2¹
1806 2481 1815 2503 l
1823 2499 1829 2510 ,

1072 2525 1138 2549 sqq.,
1151 2517 1230 2541 Paris.
1250 2518 1324 2548 ⁴672,
1337 2516 1394 2549 foL]
1404 2515 1456 2541 hoec
1467 2522 1594 2549 postrema
1606 2516 1637 2542 de
1646 2517 1830 2552 Chrysostomo

1073 2557 1160 2580 tacuit.
