1890 2826
233 168 302 211 534

230 240 307 268 steris
317 239 443 269 omnibus
455 239 508 269 siut
522 238 657 275 tutamini,
666 248 714 268 nee
727 237 857 268 adversus
870 237 975 267 maehi-

231 297 278 315 nas
293 292 395 315 tantum
415 286 491 316 illius
504 285 644 326 temporis,
658 284 707 315 sed
724 285 854 316 adversus
869 285 975 314 suturas

231 332 382 362 invasiones
396 339 422 362 et
440 332 594 362 obsidiones
607 338 677 361 stare
689 331 804 371 possint.
825 326 871 362 Sic
893 332 973 361 etiam

96 383 220 420 Apostolica
232 378 332 408 Paulus
345 379 417 408 fecit.
438 378 574 415 Quoniam
597 377 744 418 apostolica
763 378 862 418 scripta
875 378 973 407 moenia

79 420 221 467 ,5,ξῖθὲζὲΙῖ
232 431 295 462 sunt
321 424 521 459 Ecclesiarum,
539 434 592 453 non
620 431 761 464 praesentes
787 430 909 460 tantum,
926 424 972 453 sed

79 479 172 500 smum.
231 470 311 499 etiam
326 477 446 510 posteros
460 481 509 510 per
521 469 570 499 illa
587 470 687 499 munit.
708 472 796 509 Atque
807 470 845 500 ita
863 470 973 500 firmum

230 524 257 546 et
275 517 463 546 inconcussum
482 523 587 556 septum
601 516 758 556 hujusmodi
774 516 939 552 construxit,
949 523 975 545 et

231 574 292 592 cum
306 571 377 593 tanta
390 563 493 592 cautela
506 562 556 592 illo
571 560 660 592 totum
675 563 768 592 orbem
778 562 973 592 circummuni-

232 610 282 647 vit,
295 617 325 639 ut
337 620 382 639 eos
401 609 450 648 qui
463 615 521 638 tum
533 608 673 646 vivebant,
685 616 712 638 et
727 609 774 648 qui
787 609 851 638 illos
865 620 974 649 excepe-

232 666 271 692 re,
286 663 311 685 et
333 667 378 686 eos
400 655 448 694 qui
471 665 543 684 nune
567 661 640 691 sunt,
653 661 680 684 et
698 662 819 695 posteros
842 665 926 694 usque
939 654 974 684 ad

232 702 336 730 Christi
347 701 493 731 adventum
511 707 603 731 contra
616 711 722 730 omnem
736 701 907 730 inimicorum
921 700 972 730 ob-

231 750 362 779 sidionem
382 756 454 778 tutos
472 756 620 779 conservet.
641 748 722 778 Tales
740 756 804 778 sunt
822 755 974 778 sanctorum

231 797 326 826 anima:
337 809 344 826 τ
355 798 468 826 fratrum
482 803 610 834 amantes,
625 795 659 825 de
674 794 731 825 illis
749 796 878 832 sollicitae,
885 805 975 824 amore

231 852 368 884 paternam
387 850 543 884 superantes
563 842 788 878 benevolentiam,
800 849 826 871 et
845 841 975 871 dilectio-

231 901 290 921 nem
299 891 412 920 materni
420 897 513 931 partus
521 901 528 918 ε
537 889 584 919 hic
593 899 709 928 namque
715 888 833 929 Spiritus
841 895 867 918 et
874 887 976 918 divina:

230 937 322 975 gratim
336 943 386 979 ests

270 1023 300 1052 4.
324 1022 417 1052 Vultis
428 1028 458 1051 ut
469 1021 580 1050 aliunde
590 1021 672 1050 etiam
687 1020 766 1051 vobis
785 1019 976 1057 demonstnem‚

230 1077 335 1100 sanctos
348 1080 401 1099 non
419 1080 479 1109 quae
493 1069 527 1099 ad
545 1080 625 1099 suum
636 1076 743 1108 tempus
756 1075 876 1108 spectant
888 1068 977 1098 solum

230 1127 341 1154 curare,
363 1127 449 1156 neque
469 1127 518 1157 pro
541 1115 717 1156 praesentibus
735 1115 825 1144 solum
840 1122 975 1152 metuere,

231 1163 278 1193 sed
290 1163 371 1193 etiam
383 1174 434 1203 pro
449 1163 481 1192 iis
492 1163 540 1202 qui
553 1169 644 1202 postea
654 1162 740 1191 futuri
753 1162 836 1191 sunt?
850 1163 977 1191 Acoesse-

232 1217 306 1245 runt,
318 1210 417 1248 inquit,
427 1210 461 1239 ad
476 1221 538 1239 eum
552 1209 580 1238 in
595 1216 685 1238 monte
693 1208 828 1238 sedentem
839 1207 977 1248 discipuli,

232 1256 354 1285 homines
374 1255 570 1296 propemodum
589 1265 674 1290 senes,
695 1254 743 1292 qui
762 1260 823 1293 post
840 1254 977 1284 modicum

231 1308 337 1341 tempus
356 1313 392 1331 ex
409 1302 460 1331 hac
475 1301 531 1331 vita
548 1300 691 1330 disoessuri
712 1300 800 1329 e'rant.
822 1299 898 1336 Quid
914 1310 978 1338 ergo

231 1347 373 1386 quaerunt?
385 1347 420 1376 de
429 1357 483 1386 quo
501 1345 658 1385 anguntur?
673 1345 741 1384 quid
758 1345 869 1374 timent?
877 1345 977 1384 quibus

230 1392 265 1422 de
276 1392 364 1422 causis
374 1392 535 1432 magistrum
545 1397 734 1431 percontantur
742 1390 756 1419 Ξ)
765 1400 830 1419 num
841 1390 875 1420 de
883 1391 975 1425 rebus,

231 1449 291 1477 quae
302 1436 368 1478 ipsis
381 1437 547 1470 viventibus,
558 1444 605 1466 aut
615 1437 686 1466 cirea
699 1436 746 1465 illa
761 1443 880 1476 tempora
893 1447 976 1467 even-

231 1492 298 1515 turae
310 1485 407 1514 erant?
421 1484 545 1514 Minime.
557 1483 611 1514 Sed
630 1483 665 1513 iis
683 1482 868 1522 praetermissis
887 1484 975 1513 omni-

82 1534 166 1555 Muttlt-
183 1533 220 1564 24-
231 1531 284 1560 hus
295 1530 362 1570 quid
373 1530 486 1560 dicunt?
505 1530 593 1569 Quod
601 1532 716 1569 signum
730 1529 874 1558 adventus
886 1532 941 1566 tui,
951 1537 978 1559 et

80 1564 103 1585 3*
233 1579 492 1607 consummationis
509 1576 610 1606 saeculi
620 1579 633 1603 Ρ
648 1574 748 1605 Viden'
770 1574 833 1604 illos
850 1576 930 1604 etiam
944 1576 979 1604 de

233 1622 462 1653 consummatione
479 1622 571 1652 saeculi
591 1622 765 1660 interrogare,
783 1627 810 1650 et
829 1621 864 1651 de
882 1622 980 1652 suturis

123 1669 390 1710 A1›0s=o}1h0minibus
407 1680 464 1698 esse
477 1669 629 1698 sollicitos?
646 1670 707 1698 Non
728 1670 799 1699 enim
819 1680 867 1698 sua
887 1668 980 1698 vident

77 1704 224 1757 {¹⁰5¹3cfflfu'¹⁸
234 1715 360 1755 apostoli,
373 1715 420 1744 sed
430 1726 491 1755 quae
503 1715 619 1744 aliorum
630 1722 702 1751 sunt,
719 1722 745 1744 et
759 1715 841 1744 simul
852 1725 943 1744 omnes
955 1721 981 1744 et

80 1766 159 1787 Petrus
169 1774 223 1795 apo·
234 1763 345 1791 seorsim
362 1761 477 1801 singuli.
495 1763 590 1791 Petrus
604 1761 694 1800 itaque
713 1762 788 1791 chori
809 1762 884 1791 illius
897 1772 977 1802 cory-

79 1797 211 1857 ἰὶῗιῧῖῗω
233 1808 338 1847 phaeus,
351 1818 381 1837 os
398 1808 582 1848 apostolorum
604 1808 737 1845 omnium,
749 1815 830 1848 caput
847 1808 924 1837 illius
937 1808 979 1837 sa—

84 1863 135 1894 ⁰¹⁰2
216 1845 326 1890 'miliae‚
336 1854 410 1883 orbis
432 1854 515 1883 totius
531 1854 683 1894 praefectus,
697 1854 902 1883 fundamentum
922 1855 979 1884 Ec-

80 1889 223 1945 32ξᾷζῖῗῖ
234 1899 332 1936 clesiae,
353 1899 449 1929 ardens
463 1899 564 1929 Christi
585 1906 688 1928 amator
700 1911 708 1937 ς
721 1910 783 1929 nam
799 1901 864 1937 Ait,
880 1901 980 1935 Ρεινε,

82 1954 153 1992 αριυι.
169 1958 206 1973 ςιι.
234 1946 333 1984 diligis
350 1957 396 1974 me
404 1946 471 1985 plus
486 1947 552 1974 his?
564 1945 628 1974 Ideo
639 1946 698 1985 ejus
715 1946 808 1975 laudes
821 1947 939 1986 profero,
952 1954 982 1976 ut

87 1988 122 2003 ¹³·
233 1991 344 2020 discatis
363 2002 425 2020 eum
439 2002 502 2021 vere
515 1991 654 2021 Christum
673 1990 801 2021 dilexisse
816 2005 824 2022 ι
840 2000 910 2023 certe
923 1993 982 2033 ejus

234 2047 297 2076 erga
324 2037 471 2066 Dominum
497 2037 597 2065 amoris
620 2045 808 2076 argumentum
832 2039 982 2068 maximum

235 2090 292 2113 erat
300 2082 455 2113 sollicitudo
465 2082 628 2112 famulorum
636 2083 703 2122 ejus.
716 2085 777 2113 Non
786 2094 835 2123 ego
843 2084 900 2114 haee
907 2085 980 2123 dico,

234 2129 282 2158 sed
293 2129 350 2169 ipse
363 2129 478 2158 dilectus
487 2128 620 2158 Dominus
636 2141 643 2157 ε
659 2129 690 2158 Si
701 2139 782 2159 arnas
803 2141 858 2167 me,
878 2131 979 2168 inquit,

234 2185 322 2214 pasce
334 2185 400 2205 oves
413 2185 502 2204 meas.
515 2174 665 2205 Videamus
674 2185 737 2214 ergo
748 2186 813 2204 num
822 2187 884 2206 vere
895 2185 982 2217 pasto-

237 2221 275 2251 ris
288 2222 472 2261 praefecturam
486 2221 614 2258 obtineat,
630 2231 695 2250 num
708 2232 771 2250 vere
788 2232 851 2252 oves
871 2223 979 2263 diligat,

582 177 612 200 S.
638 176 778 201 JOANMS
802 173 985 198 ctth‘SOST.

1014 175 1167 198 Attcttttw.
1196 176 1458 200 constum'rmot'.

1021 237 1102 275 μόνης
1119 239 1254 279 ὕπηρετῇ,
1274 240 1333 269 ἀλλ’
1350 239 1392 268 ἵνα
1405 239 1518 273 καὶτοῖς
1540 240 1608 279 μετὰ
1626 244 1710 270 ταῦτα
1729 246 1794 271 πᾶσι

1025 283 1134 322 γένηται
1147 285 1294 325 χρήσιμον,
1312 286 1342 314 οὖ
1362 285 1429 325 πρὸς
1438 284 1485 318 τὰς
1498 285 1558 315 τότε
1572 286 1710 327 μηχανὰς,
1727 286 1796 316 ἀλλὰ

1025 330 1090 370 πρὸς
1110 330 1159 364 τὰς
1180 331 1288 371 ὕστερον
1311 331 1452 371 γενομένας
1473 332 1623 371 προσὸολὰς
1638 332 1796 368 ἐπιτήδειον.

1025 376 1106 406 Οὕτω
1119 377 1164 406 καὶ
1177 379 1191 406 ὁ
1204 374 1311 411 Παῦλος
1325 377 1459 413 ἐποίησεν.
1473 378 1586 415 Ἐπειδὴ
1599 379 1651 418 γὰρ
1667 378 1700 408 τὰ
1713 379 1796 419 γράμ-

1026 435 1098 462 ματα
1113 424 1277 454 ἀποστολικὰ
1292 424 1370 464 τείχη
1384 426 1437 454 τῶν
1452 425 1620 460 Ἐκκλησιῶν
1634 426 1716 460 ἐστιν,
1737 425 1798 464 οὐχὶ

1025 469 1086 503 τοὺς
1099 469 1158 499 τότε
1171 470 1249 509 μόνον
1259 471 1336 502 ὄντας
1344 494 1352 507 ,
1368 471 1437 500 ἀλλὰ
1450 471 1495 501 καὶ
1506 470 1567 506 τοὺς
1579 471 1688 512 ὕστερον
1701 471 1797 511 ἐσομέ-

1026 527 1083 548 νους
1097 516 1271 556 ἀσφαλίζεται
1291 518 1324 547 δι’
1344 519 1439 547 αὐτῶν.
1455 517 1508 547 Καὶ
1522 517 1605 551 οὕτως
1625 517 1732 558 ἰσχυρὸν
1753 518 1798 547 καὶ

1026 563 1130 601 ᾱῤῥαγῆ
1142 562 1187 592 τὸν
1198 563 1338 603 περίὸολον
1349 566 1441 594 τοῦτον
1455 563 1633 594 κατεσκεύασε
1642 586 1651 599 ,
1665 564 1711 593 καὶ
1722 563 1796 603 πάσῃ

1026 608 1187 648 περιήλασεν
1202 609 1323 648 αὐτὸντῇ
1333 610 1473 650 οἰκουμένῃ
1489 609 1557 649 μετὰ
1569 610 1714 650 ἀσφαλείας
1727 610 1797 639 ἁπά-

1026 666 1075 690 σης
1085 677 1093 691 ,
1108 654 1177 683 ὥστε
1187 654 1232 684 καὶ
1245 654 1304 688 τοὺς
1314 655 1374 685 τότε
1383 678 1390 691 ,
1404 655 1449 685 καὶ
1461 655 1521 689 τοὺς
1535 658 1592 695 μετῖ
1606 655 1718 689 ἐκείνως
1728 679 1736 692 ,
1752 656 1796 685 καὶ

1026 700 1086 734 τοὺς
1105 703 1160 737 νῦν,
1181 701 1226 731 καὶ
1247 700 1307 735 τοὺς
1329 697 1402 734 αὖθις
1420 702 1563 741 ἑπομένως
1586 701 1666 742 μέχρι
1683 703 1731 737 τῆς
1751 704 1796 731 τοῦ

1027 747 1142 786 Χριστοῦ
1155 747 1300 787 παρουσίας
1313 747 1419 783 ἁπάσης
1431 747 1638 783 ἀπαλλάξαιτῆς
1650 749 1704 776 τῶν
1714 748 1794 776 πολε-

1027 793 1094 832 μίων
1108 794 1271 834 πολιορκίας.
1289 795 1420 823 Τοιαῦται
1434 795 1487 823 τῶν
1503 794 1586 833 ἁγίων
1600 796 1628 823 αἱ
1641 793 1740 834 ψυχαί·
1757 805 1798 833 φι-

1026 839 1181 879 λόστοργοι,
1197 840 1381 879 κηδεμονικαὶ,
1403 840 1535 880 πατρικὴν
1557 839 1660 870 εὔνοιαν
1678 840 1797 879 ἀποκρύ-

1027 897 1140 915 πτουσαι
1149 888 1187 926 τῷ
1201 886 1312 926 φίλτρῳ,
1324 886 1369 915 καὶ
1380 885 1428 922 τὴν
1439 888 1487 922 τῆς
1500 886 1601 927 φύσεως
1613 885 1797 926 φιλοστοργίαν

1027 933 1152 968 νικῶσαι,
1178 932 1224 961 καὶ
1251 932 1298 966 τὰς
1329 933 1425 966 ὠδῖνας
1451 932 1656 973 ὓπερὸαίνουσαι
1682 932 1796 965 ἐκείνας·

1028 977 1186 1016 Πνεύματος
1193 978 1244 1018 γάρ
1258 980 1310 1008 εἷσι
1320 978 1365 1008 καὶ
1379 978 1449 1012 θείας
1458 979 1577 1019 χάριτος.

1069 1023 1200 1053 Βούλεσθε
1223 1024 1268 1054 καὶ
1294 1024 1420 1065 ἑτέρωθεν
1443 1025 1519 1059 δείξω
1534 1025 1630 1062 πάλιν,
1647 1024 1689 1054 ὅτι
1712 1025 1742 1054 οὗ
1764 1024 1799 1053 τὰ

1028 1071 1087 1100 καθ’
1099 1070 1207 1105 ἑαυτοὺς
1218 1072 1379 1111 μεριμνῶσω
1393 1071 1418 1100 οἱ
1432 1070 1517 1110 ἅγιοι,
1529 1070 1589 1100 οὐδὲ
1603 1070 1671 1110 ὑπὲρ
1682 1073 1736 1100 τῶν
1747 1082 1799 1099 πα-

995 1129 1013 1152 n
1030 1117 1127 1157 ρόντων
1148 1116 1279 1147 δεδοίκασι
1302 1116 1395 1156 μόνον,
1420 1116 1489 1146 ἀλλὰ
1508 1116 1554 1147 καὶ
1573 1116 1640 1156 ὑπὲρ
1658 1117 1712 1145 τῶν
1732 1117 1799 1155 μετὰ

1030 1165 1114 1192 ταῦτα
1127 1162 1273 1201 ἐσομένων;
1293 1164 1448 1203 Προσῆλθον
1461 1165 1547 1203 αὐτῷ,
1570 1163 1660 1204 φησὶν,
1673 1164 1699 1192 οἱ
1713 1165 1798 1202 μαθη-

1029 1208 1073 1237 ταὶ
1091 1209 1136 1238 ἐπὶ
1150 1212 1197 1238 τοῦ
1215 1209 1291 1248 ὄρους
1308 1208 1467 1249 καθημένῳ,
1487 1209 1620 1249 ἄνθρωποι
1643 1209 1735 1239 λοιπὸν
1753 1221 1799 1248 γε-

1028 1254 1174 1293 γηρακότες
1194 1255 1240 1284 καὶ
1254 1257 1312 1295 μετ’
1331 1255 1418 1295 ὀλίγον
1433 1255 1528 1296 χρόνον
1545 1255 1686 1294 μέλλοντες
1698 1257 1799 1291 ἀποδη-

1029 1305 1087 1338 μεῖν
1108 1300 1161 1330 ἀπὸ
1180 1303 1227 1335 τ’ῆς
1251 1305 1387 1342 παρούσης
1406 1303 1483 1337 ζωῆς.
1504 1301 1541 1331 Τί
1560 1297 1604 1331 οῧν
1622 1303 1755 1342 ἕρωτιῗ)σι;
1773 1301 1800 1331 τί

1028 1348 1174 1385 ἀγωνιῶσις
1191 1347 1218 1376 τί
1236 1347 1384 1385 δεδοίκασι;
1406 1347 1473 1388 ὑπὲρ
1491 1348 1569 1378 τίνων
1588 1348 1638 1384 τὴν
1651 1351 1744 1378 πεῦσιν
1761 1350 1800 1386 τῷ

1027 1393 1178 1433 διδασκάλῳ
1202 1394 1393 1433 προσάγουσιν;
1419 1389 1471 1434 ἆρα
1493 1394 1560 1434 ὑπὲρ
1580 1396 1634 1423 τῶν
1657 1394 1726 1424 κατὰ
1747 1395 1796 1431 τὴν

1027 1439 1096 1474 ζωὴν
1112 1440 1214 1475 αὐτῶν,
1232 1438 1250 1474 ἢ
1270 1438 1336 1479 ὑπὲρ
1355 1441 1408 1469 τῶν
1427 1439 1496 1469 κατὰ
1517 1439 1578 1473 τοὺς
1596 1440 1706 1480 χρόνους
1726 1440 1796 1470 ἐκεί-

1028 1496 1100 1522 νους;
1113 1485 1255 1524 Οὖδαμῶς.
1271 1485 1351 1515 Ἀλλὰ
1367 1485 1456 1515 πάντα
1473 1486 1561 1515 ἐκεῖνα
1580 1486 1797 1526 παραδραμόντες

1028 1532 1054 1562 τί
1073 1533 1194 1571 λέγουσις
1214 1531 1251 1561 Τί
1268 1531 1299 1561 τὸ
1318 1536 1428 1570 σημεῖον
1448 1533 1497 1567 τῆς
1515 1534 1564 1567 σῆς
1585 1532 1731 1572 παρουσίας
1753 1533 1799 1564 καὶ

1028 1581 1076 1614 τῆς
1088 1578 1236 1610 συντελείας
1249 1580 1295 1607 τοῦ
1312 1578 1419 1614 αἰῶνος;
1431 1572 1508 1611 Εἶδες
1524 1577 1660 1611 κάκείνους
1673 1578 1740 1618 ὑπὲρ
1751 1580 1800 1615 τῆς

1029 1624 1179 1657 συντελείας
1191 1627 1239 1653 τοῦ
1253 1625 1346 1656 αἰῶνος
1359 1624 1529 1663 ἐρωτῶντας,
1541 1623 1587 1653 καὶ
1601 1623 1667 1664 ὑπὲρ
1681 1625 1734 1653 τῶν
1744 1625 1799 1654 ἐσο-

1031 1670 1116 1710 μένων
1136 1669 1280 1710 ἀνθρώπων
1298 1669 1496 1709 φροντίζοντας;
1515 1670 1556 1699 Οὔ
1577 1669 1629 1710 γὰρ
1646 1670 1680 1699 τὰ
1700 1671 1800 1699 ἑαυτῶν

1030 1719 1125 1757 ὁρῶσιν
1139 1718 1163 1746 οἱ
1176 1716 1333 1750 ἀπόστολοι,
1349 1715 1418 1745 ἀλλὰ
1436 1716 1470 1744 τὰ
1486 1717 1539 1744 τῶν
1554 1715 1642 1745 ἄλλων
1660 1716 1706 1745 καὶ
1725 1718 1802 1756 κοινῇ

1029 1764 1126 1797 πάντες
1140 1763 1185 1793 καὶ
1201 1762 1255 1802 ἰδία
1269 1762 1387 1795 ἕκαστος.
1407 1761 1442 1791 Ὁ
1459 1757 1504 1791 οὖν
1521 1760 1621 1800 Πέτρος
1634 1763 1650 1790 ὁ
1662 1767 1801 1802 κορυφαῖος

1029 1812 1075 1839 τοῦ
1089 1813 1181 1849 χοροῦ,
1193 1809 1224 1838 τὸ
1237 1808 1325 1847 στόμα
1343 1810 1395 1837 τῶν
1412 1806 1567 1837 ἀποστόλων
1580 1807 1714 1844 ἁπάντων,
1725 1810 1743 1843 ἡ
1757 1819 1801 1836 κε-

1030 1856 1100 1896 φαλὴ
1112 1858 1159 1891 τῆς
1173 1854 1284 1895 φατρίας
1297 1853 1413 1890 ἐκείνης,
1433 1856 1447 1882 ὁ
1464 1855 1512 1888 ἰῆς
1529 1853 1684 1891 οἶκουμένής
1696 1853 1802 1889 ἁπάσης

1030 1902 1197 1942 προστάτης,
1218 1903 1234 1930 ὁ
1253 1900 1372 1940 θεμέλιος
1396 1901 1446 1934 τῆς
1470 1898 1647 1935 Ἐκκλησίας,
1669 1902 1694 1933 ὁ,
1707 1901 1802 1941 θερμὸς

1031 1948 1144 1988 ἐραστὴς
1161 1950 1208 1976 τοῦ
1228 1947 1358 1986 Χριστοῦ·
1379 1945 1466 1985 Πέτρε
1481 1944 1533 1984 γάρ
1559 1956 1641 1985 φησι,
1662 1947 1746 1985 φιλεῖς
1768 1958 1801 1985 με

1031 1995 1122 2023 πλεῖον
1135 1993 1249 2028 *coorto-n
1259 1991 1312 2022 Διὰ
1325 1995 1402 2021 τοῦτο
1413 1991 1484 2031 λέγω
1493 1991 1527 2020 τὰ
1541 1991 1660 2031 ἐγκώμια
1669 2015 1676 2028 ,
1692 1991 1735 2021 ἵνα
1749 1992 1802 2031 μά-

1033 2043 1096 2078 θητε
1111 2040 1153 2069 ὅτι
1171 2040 1252 2072 ὄντως
1265 2039 1335 2079 φιλεῖ
1352 2038 1396 2067 τὸν
1414 2037 1543 2077 Χριστόν·
1567 2040 1613 2066 τοῦ
1631 2037 1683 2078 γὰρ
1702 2040 1738 2072 εἰς
1758 2039 1802 2068 τὸν

1033 2085 1172 2120 Δεσπότην
1188 2084 1296 2125 φίλτρου
1314 2087 1332 2119 ἡ
1343 2083 1488 2122 κηδεμονία
1506 2084 1559 2112 τῶν
1577 2084 1677 2112 δούλων
1697 2085 1801 2122 τεκμή-

1033 2132 1088 2172 ριόν
1103 2132 1160 2160 ἐστι
1180 2130 1313 2169 μέγιστον.
1330 2129 1383 2158 Καὶ
1400 2130 1448 2158 οὐκ
1466 2128 1519 2168 ἐγὼ
1532 2131 1616 2158 ταῦτα
1634 2128 1721 2168 λέγω,
1743 2131 1801 2159 ἀλλ’

1034 2177 1135 2211 αὐτὸςδ
1149 2176 1304 2217 φιλούμενος
1323 2175 1476 2210 Δεσπότης·
1497 2176 1529 2204 Εἰ
1543 2175 1628 2214 φιλεῖς
1649 2187 1699 2213 με,
1719 2175 1801 2215 φησὶ,

1033 2223 1157 2262 ποίμαινε
1170 2222 1204 2252 τὰ
1214 2221 1338 2261 πρόὸατά
1356 2233 1416 2259 μου.
1432 2220 1545 2259 Ἴὸωμεν
1557 2216 1602 2250 οἷν
1615 2221 1697 2255 ὅντως
1707 2223 1731 2251 εἰ
1742 2233 1801 2250 ποι-

237 2278 303 2298 num
310 2279 374 2298 vere
384 2268 472 2307 gregis
483 2278 575 2297 amans
586 2268 631 2305 sit,
644 2274 675 2297 ut
685 2267 820 2298 discamus
829 2280 891 2298 eum
901 2271 979 2300 etiam
988 2291 1025 2310 28³
1034 2269 1110 2309 μένος
1124 2269 1181 2309 ἔχει
1189 2267 1362 2308 προστασίαν,
1376 2269 1399 2296 εἷ
1411 2267 1492 2300 ὅντως
1505 2266 1673 2306 κηδεμονίαν,
1687 2269 1710 2296 εἰ
1723 2267 1803 2300 ὄντως

236 2321 369 2354 pastorem
381 2313 510 2343 dilexisse
524 2325 532 2342 ε
545 2313 616 2342 illud
629 2313 702 2342 enim
719 2313 802 2354 hujus
821 2325 878 2344 esse
897 2327 978 2355 argu·
997 2319 1016 2341 Λ
1032 2317 1103 2356 φιλεῖ
1124 2315 1157 2344 τὰ
1178 2314 1315 2354 πρόὸατα,
1338 2315 1361 2342 εἰ
1377 2313 1458 2346 ὅντως
1477 2312 1647 2352 φιλόστοργός
1666 2314 1722 2342 ἐστι
1743 2313 1805 2352 περὶ·

237 2367 357 2390 mentum
381 2359 464 2390 dixit.
493 2360 546 2390 Hic
573 2359 662 2398 itaque
689 2360 784 2389 Petrus
797 2382 805 2396 ‚
840 2368 981 2400 postquam

236 2407 327 2436 omnia
338 2417 385 2436 sua
399 2406 541 2446 abjecerat,
555 2413 611 2435 rete
621 2416 718 2445 nempe
732 2412 758 2435 et
768 2416 944 2445 quaecumque
954 2408 980 2437 in

237 2453 362 2483 navicula
381 2459 467 2489 erant,
486 2452 587 2482 relictis
608 2452 687 2486 mari,
710 2458 766 2481 arte
783 2458 809 2481 et
827 2452 918 2482 domo.
941 2455 981 2483 Ne

238 2510 317 2539 porro
340 2498 524 2536 attendamus,
543 2499 601 2528 haee
625 2509 709 2538 pauca
731 2498 830 2535 fuisse,
854 2498 901 2527 sed
924 2499 980 2529 haee

236 2545 323 2574 omnia
343 2545 413 2574 bona
424 2544 613 2585 sua2exthisse,
624 2544 734 2584 ejusque
748 2544 911 2574 alacritatem
922 2545 977 2574 lau-

243 2590 347 2622 demus.
371 2592 439 2622 Nam
462 2602 491 2621 ea
512 2601 570 2630 qua:
589 2590 657 2620 duos
678 2590 799 2620 denarios
810 2592 964 2631 'conjecerat
971 2616 979 2630 ,

1032 2361 1080 2397 τὴν
1095 2361 1218 2400 ποίμνην,
1235 2359 1279 2388 ἵνα
1299 2359 1496 2398 καταμάθωμεν
1513 2358 1555 2387 ὅτι
1568 2358 1614 2388 καὶ
1631 2358 1676 2388 τὸν
1690 2359 1802 2397 ποιμένα

1033 2409 1118 2447 φιλεῖ·
1133 2410 1211 2436 τοῦτο
1225 2406 1276 2446 γὰρ
1288 2405 1388 2435 ἐκείνου
1400 2409 1509 2444 σημεῖον
1524 2404 1619 2444 ἔφησεν
1630 2400 1707 2434 εἶναι.
1718 2401 1803 2438 Οὗτος

1033 2454 1119 2483 τοίνυν
1131 2457 1144 2483 ὁ
1157 2453 1257 2493 Πέτρος
1268 2452 1372 2481 ἅπαντα
1387 2451 1463 2492 ῥίψας
1472 2451 1521 2480 ὅσα
1531 2446 1596 2491 εἶχε,
1604 2450 1756 2486 τὸδίκτυον,
1769 2451 1803 2480 τὰ

1033 2501 1060 2528 ἐν
1081 2502 1119 2539 τῷ
1142 2500 1226 2539 πλοίῳ
1246 2498 1348 2533 πάντα,
1367 2498 1412 2527 καὶ
1432 2497 1506 2537 ἀφεὶς
1523 2496 1572 2532 τὴν
1589 2497 1736 2532 θάλατταν,
1755 2498 1803 2533 τὴν

1033 2546 1146 2586 τέχνην,
1165 2546 1213 2581 τὴν
1233 2545 1326 2574 οἰκίαν.
1348 2545 1395 2580 Μὴ
1417 2543 1469 2583 γὰρ
1488 2542 1522 2578 δὴ
1541 2547 1618 2572 τοῦτο
1633 2543 1744 2582 ἴδωμεν,
1762 2543 1803 2572 ὅτι

1033 2592 1108 2631 ὀλίγα
1122 2594 1215 2628 ταῦτα,
1225 2592 1283 2620 ἀλλ’
1298 2590 1338 2619 ὅτι
1350 2590 1436 2619 πάντα
1447 2589 1480 2618 τὰ
1494 2590 1571 2618 ὄντα·
1586 2589 1629 2618 καὶ
1642 2589 1690 2625 τὴν
1702 2593 1802 2629 προθυ-
