1890 2826
664 189 696 212 ιΝ
726 188 857 221 mamm,
886 188 962 212 CAP.
991 189 1015 211 1.

69 266 121 294 γων
133 266 139 273 ·
157 254 307 293 Ἀπαγγελῶ
321 264 378 287 σοι,
391 249 525 291 ἀνθρωπε,
537 250 562 280 τί
576 250 666 286 καλὸν,
681 252 725 279 καὶ
739 249 765 279 τί
777 249 832 279 Κύ-

69 311 123 340 ριος
141 301 244 334 ἐκζητεῖ
260 298 333 339 παρὰ
347 301 404 336 σοῦ,
425 299 483 328 ἀλλ’
498 297 516 334 ἢ
529 299 574 327 τοῦ
588 301 672 326 ποιεῖν
694 296 777 336 κρίμα
789 296 835 325 καὶ

68 347 173 385 ἀγαπᾷν
186 345 268 381 ἔλεον,
289 345 335 375 καὶ
356 344 462 383 ἕτοιμον
485 339 552 374 εἶναι
571 346 620 373 τοῦ
633 342 791 383 πορεύεσθαί
806 353 836 371 σε

67 392 152 421 ὀπίσω
166 392 264 431 Κυρίου
278 393 324 421 τοῦ
338 393 409 422 Θεοῦ
423 403 480 421 σου.
502 390 557 420 Καὶ
569 389 650 419 πάλιν
665 392 680 420 ὁ
699 389 839 430 προφήτης

67 438 151 467 Δαυὶδ
163 437 251 477 ἔλεγεν
260 449 268 456 “
281 437 376 467 Ἔλεον
390 437 435 468 καὶ
448 436 534 477 κρίσιν
548 436 648 477 ᾅσομαί
666 447 708 465 σοι
717 457 725 470 ,
746 435 838 475 Κύριε.

68 483 122 514 Καὶ
140 485 213 514 δεῦτε
228 483 272 520 δή.
287 483 421 524 Πρότερον
440 487 495 517 τοῖς
516 482 692 521 δικαιώμασιν
706 482 836 518 ὁπλίσας,

68 530 128 559 τότε
149 530 194 559 ἐπὶ
205 529 236 559 τὸ
255 529 422 569 δικαστήριον
436 529 508 558 ἕλκει
517 551 526 564 ,
543 527 589 558 καὶ
602 527 707 562 διδάξας
723 527 794 561 ὅπως
807 526 838 556 ἂν

69 575 244 606 ἀποδύσαιντο
254 575 288 605 τὰ
300 575 467 615 ἐγκλήματα,
477 574 537 605 τότε
547 576 654 604 ἀπαιτεῖ
664 574 711 607 τὰς
721 573 837 610 εὐθύνας,

69 621 113 651 ἵνα
128 621 166 661 μὴ
184 621 298 661 γυμνοὺς
312 621 406 655 αὖτοὺς
419 623 467 657 τῆς
487 620 630 660 ἀπολογίας
643 619 733 650 λαὸὼν
754 631 839 649 κατα·

70 668 156 708 κρίνῃ.
168 667 222 697 Καὶ
232 669 433 708 διελεγχθῶμεν.
447 666 635 705 Δικασώμεθα,
646 666 734 707 φησίν.
744 665 797 696 “O
803 667 840 695 δι-

69 713 211 752 καζόμενος
222 713 363 753 συνήγορος
371 713 472 754 γίνεται
480 713 526 743 καὶ
537 713 634 753 ἰατρός.
649 708 716 742 Εἶτα
727 712 827 746 δεικνὺς
830 736 838 749 J

69 760 111 790 ὅτι
129 760 178 790 κᾶν
200 760 302 799 μεγάλα
317 759 560 800 ἐργασώμεθα,.ἔτι
573 761 621 795 τῆς
636 761 714 788 αὐτοῦ
729 759 840 798 δεόμεθα

71 806 266 847 φιλανθρωπίας
276 808 312 840 εἰς
323 807 353 836 τὸ
362 809 415 836 τῶν
426 805 632 847 ἁμαρτημάτων
643 806 839 844 ἀπαλλαγῆναι,

71 852 163 893 φησίν·
177 852 244 882 Ἐὰν
254 847 320 882 ὦσιν
333 854 407 893 ὑμῶν
421 853 449 882 αἱ
462 851 591 892 ἁμαρτίαι
602 852 638 885 ὡς
651 854 793 892 φοινικοῦν,
806 853 841 886 ὥς

70 899 148 939 χιόνα
160 900 279 928 λευκανῶ
288 911 295 917 ·
309 898 357 932 τὰς
368 900 398 929 ἐκ
411 898 552 939 διαμέτρου
567 898 709 934 ποιότητας
723 898 842 932 ἐναντίας

70 945 170 981 λαθὼν,
185 945 231 975 καὶ
249 945 429 986 ὑποσχόμενος
446 946 512 985 πρὸς
530 946 561 976 τὸ
575 945 690 975 ἐναντίον
705 944 841 984 μεταστή-

71 1003 127 1021 σειν
139 995 151 1008 ‘
162 991 237 1021 αὗτό.
253 991 318 1021 Ἐὰν
336 992 364 1021 δὲ
377 986 442 1022 ὦσιν
455 994 492 1025 ὡς
505 991 636 1028 κόκκινον,
650 994 686 1025 ὡς
699 991 767 1031 ἔριον
779 992 841 1021 λευ-

71 1039 154 1066 κανῶ.
169 1037 262 1074 Πολλὴ
273 1040 321 1073 τῆς
333 1039 386 1067 τῶν
398 1039 490 1078 χηρῶν
503 1037 665 1078 προστασίας
679 1039 696 1072 ἠ
716 1037 824 1075 δύναμις
833 1059 841 1072 ,

31 1120 35 1124 ¹
71 1083 97 1113 εἴ
105 1095 136 1123 γε
146 1083 196 1119 τὴν
208 1083 278 1113 οὕτω
287 1085 539 1124 καταῤῥυπωθεῖσαν
549 1083 650 1123 ψυχὴν,
667 1084 703 1116 ὡς
718 1082 763 1112 καὶ
780 1082 843 1112 αὐτὸ

74 1128 160 1169 βαφὴν
173 1129 294 1163 δέξασθαι
311 1129 454 1169 πονηρίας,
468 1129 505 1168 μὴ
521 1128 599 1167 μόνον
615 1127 777 1157 ἀπαλλάττει
796 1129 844 1163 τῆς

73 1174 180 1212 κακίας,
200 1174 268 1205 ἀλλὰ
286 1174 331 1204 καὶ
343 1174 469 1214 λαμπρὰν
482 1174 564 1208 οὕτως
576 1175 719 1214 ἐργάζοιτο.
731 1174 785 1204 Καὶ
798 1174 843 1203 ἐὰν

22 1238 26 1245 ·
73 1221 166 1256 θέλητε
176 1243 185 1256 ,
203 1221 248 1250 καὶ
261 1220 434 1256 εἷσακοῦσητέ
448 1233 509 1260 μου,
522 1221 557 1250 τὰ
571 1220 657 1260 ἀγαθὰ
669 1222 718 1256 τῆς
729 1222 779 1260 γῆς
791 1220 841 1261 φά-

72 1269 159 1306 γεσθε.
173 1266 240 1296 Ἐὰν
262 1266 290 1296 δὲ
312 1268 350 1306 μὴ
372 1266 466 1303 θέλητε
478 1289 487 1304 ,
504 1266 571 1306 μηδὲ
592 1266 764 1303 εἰσακούσητέ
783 1278 843 1305 μου,

74 1311 193 1352 μάχαιρα
218 1313 287 1351 ὑμᾶς
317 1312 466 1341 κατέδεται.
493 1312 534 1341 Τὸ
559 1311 610 1351 γὰρ
635 1311 721 1351 στόμα
745 1311 843 1352 Κυρίου

73 1357 186 1394 ἐλάλησε
209 1360 303 1388 ταῦτα.
328 1357 440 1394 Ἐπειδὴ
462 1357 513 1398 γὰρ
538 1362 593 1391 τοῖς
613 1357 773 1397 παχυτέροις
795 1358 844 1397 οὐχ

73 1403 155 1437 οὕτως
174 1403 374 1443 ἁμαρτημάτων
385 1403 528 1443 ἀπαλλαγὴ
550 1404 667 1434 ποθεινὸν
685 1404 731 1434 καὶ
753 1404 844 1434 εὐσύν-

74 1461 162 1485 οπτον,
187 1451 223 1482 ὡς
241 1451 294 1478 τῶν
313 1450 340 1479 ἐν
359 1451 398 1489 τῷ
419 1449 531 1489 παρόντι
553 1449 603 1491 βίῳ
620 1449 764 1480 δοκούντων
778 1446 845 1479 εἶναι

74 1497 163 1525 καλῶν
173 1498 191 1532 ἡ
205 1495 350 1529 ἀπόλαυσις
359 1517 366 1531 ,
379 1497 437 1534 μετ’
449 1495 555 1525 ἐκείνων
568 1496 707 1525 καὶταῦτα
719 1496 846 1535 ἐπαγγέλ-

74 1543 149 1572 λεται
161 1554 168 1562 ·
181 1541 227 1571 καὶ
239 1542 291 1581 γὰρ
306 1541 350 1571 καὶ
363 1545 441 1571 τοῦτο
451 1540 479 1575 ἐξ
493 1541 602 1572 ἐκείνω.

116 1680 185 1715 Εἶτα
206 1685 307 1718 δεικνὺς
327 1685 368 1715 ὅτι
390 1686 495 1716 εὔκολον
514 1689 531 1722 ἡ
550 1685 647 1725 ἀρετὴ,
669 1687 696 1715 ἐν
710 1687 748 1726 τῷ
761 1685 845 1716 θέλειν

77 1730 158 1766 αὐτὴν
172 1730 260 1766 τίθησι
275 1731 361 1769 μόνον.
371 1730 501 1761 ‘umet
516 1731 553 1771 μὴ
567 1735 622 1764 τοῖς
631 1736 757 1771 χρηστοῖς
769 1733 846 1761 ἐκλῦ-

77 1787 140 1813 σαι,
162 1776 243 1806 πάλιν
264 1778 301 1810 εἰς
322 1776 357 1806 τὰ
378 1777 478 1817 φοὸερὰ
501 1777 676 1810 κατακλείσας
694 1777 739 1806 τὸν
761 1777 847 1817 λόγον,

78 1822 227 1857 ἀξιόπιστον
236 1827 306 1852 ποιεῖ
318 1826 351 1864 τῇ
362 1823 472 1863 δυνάμει
484 1827 531 1853 τοῦ
542 1826 627 1853 ταῦτα
635 1824 847 1864 ἀποφηναμένου.

77 1870 141 1902 Πῶς
154 1869 255 1909 ἐγένετο
268 1869 353 1910 πόρνη
366 1870 442 1903 πόλις
455 1870 536 1906 πιστὴ
551 1869 641 1906 Σιών;
657 1870 710 1900 Καὶ
726 1873 774 1907 τῆς
788 1870 847 1900 ὀδύ-

77 1927 124 1951 νης
150 1918 195 1945 τοῦ
219 1915 356 1955 λέγοντος,
381 1916 426 1945 καὶ
445 1918 494 1952 τ’ἥς
515 1917 617 1952 πολλῆς
636 1918 689 1945 τῶν
714 1915 847 1946 Ἰουδαίων

77 1960 249 1998 ἀναισθησίας
261 1964 278 1997 ἡ
293 1961 461 2002 διαπόρησις,
485 1962 530 1991 καὶ
552 1964 598 1992 τοῦ
616 1963 680 2002 παρ’
694 1962 789 1992 ἐλπίδα
802 1975 847 2002 γε·

78 2007 167 2037 vicem
178 2007 210 2037 τὸ
221 2007 405 2047 γεγενημένον.
423 2009 543 2038 Τοιαῦτα
554 2008 600 2037 καὶ
616 2009 723 2042 Παῖῖλος
737 2009 780 2038 ἐπὶ
793 2010 848 2039 Γα-

76 2053 164 2082 λατῶν
178 2053 296 2092 διαπορεῖ
316 2052 401 2092 λέγων
412 2065 419 2071 ·
442 2052 579 2091 Θαυμάζω
599 2052 640 2082 ὅτι
661 2053 730 2082 οὕτω
747 2054 849 2094 ταχέως

78 2098 246 2137 μετατίθεσθε
256 2110 262 2116 ·
277 2098 343 2138 ὅπερ
354 2100 381 2128 ἐν
395 2098 569 2138 ἐγκλημάτων
583 2098 655 2133 τάξει
674 2098 719 2128 καὶ
732 2110 848 2140 προτρο-

78 2147 130 2181 πῆς
143 2139 210 2178 εἶδός
223 2145 293 2182 ἐστι,
308 2145 373 2185 πρὸς
385 2145 481 2185 ἀρετὴν
502 2145 726 2184 ἀνακαλουμένου.
750 2146 785 2175 Εἰ
798 2146 849 2187 γὰρ

77 2190 125 2220 καὶ
141 2190 291 2229 θαυμαστὸν
313 2190 343 2219 τὸ
362 2191 512 2231 λεγόμενον,
525 2191 587 2221 ’καὶ
600 2191 738 2231 ἐγκωμίων
752 2193 851 2232 ἀναμέ-

79 2247 184 2275 μικται,
204 2237 238 2276 τῇ
260 2236 406 2277 κατηγορία
423 2237 472 2274 τὴν
485 2236 646 2277 κατηγορίαν
660 2238 850 2279 χαλεπωτέραν

110 2327 122 2342 '¹
138 2327 199 2361 Reg.
209 2334 268 2360 post
279 2330 422 2362 δικασώμιθά
429 2341 501 2364 φησιν,
508 2329 582 2355 addit
590 2333 627 2356 καὶ
637 2334 676 2356 ἐὰν
683 2331 734 2356 ὦσιν
742 2332 812 2363 ὑμῶν.
818 2350 834 2356 ..

77 2368 183 2398 huxara,
199 2371 225 2391 et
234 2365 288 2392 haec
300 2366 363 2392 lect-a
370 2373 428 2393 sunt
438 2368 472 2393 ab
484 2369 619 2401 interprete
630 2368 777 2394 Tilmanno.
790 2370 838 2396 Ve-

76 2413 133 2430 rum
144 2413 190 2430 nec
207 2406 233 2430 in
245 2405 323 2431 savit.
334 2408 418 2433 necin
429 2407 517 2433 Morel.
531 2407 666 2439 habentur,
679 2413 706 2433 et
719 2417 839 2442 superva-

77 2452 154 2469 canea
165 2444 207 2470 hie
216 2453 268 2470 esre
279 2454 308 2470 ex
321 2447 383 2472 serie
395 2445 521 2472 videntur.

109 2490 120 2502 ε
138 2482 238 2508 Alienus
258 2484 390 2518 legendum
408 2491 482 2518 putat
504 2489 573 2516 αὑτάς
581 2506 587 2518 ,
608 2494 664 2519 qua:
682 2495 732 2511 vox
749 2487 837 2512 melius

78 2521 186 2555 quadrat
196 2522 229 2549 ad
240 2524 336 2549 seriem.
347 2524 481 2550 Bavaricus
495 2528 570 2557 αὐτὸς,
584 2533 638 2558 quae
652 2525 727 2551 lectio
739 2527 837 2552 nonita

79 2561 171 2593 placet.

113 2608 123 2620 ¹
141 2601 196 2626 1100
217 2601 274 2627 loco
295 2608 368 2627 notat
392 2601 514 2628 Servilius:
532 2607 592 2630 «καὶ
615 2608 736 2637 ἐγκωμίων,
758 2606 839 2631 Locus

1592 176 1631 211 15

890 252 997 279 animoe
1031 260 1102 279 meae
1115 273 1123 287 ‚
1148 250 1291 290 subjunxit
1317 261 1325 277 ι
1348 251 1551 288 Annunciabo,
1582 252 1635 280 tibi

891 297 987 333 homo,
996 298 1069 337 quid
1077 299 1116 326 sit
1125 299 1243 333 bonum,
1258 303 1286 326 et
1300 298 1373 337 quid
1384 299 1527 326 Dominus
1539 298 1636 337 requi-

891 349 938 372 rat
948 353 967 372 a
981 349 1020 379 te,
1036 345 1093 372 nisi
1104 350 1135 372 ut
1138 344 1243 385 facias
1248 344 1406 383 judicium,
1421 349 1449 372 et
1463 343 1571 383 diligas
1584 345 1636 372 mi-

891 390 1092 426 sericordiam,
1111 395 1140 419 et
1159 396 1282 429 paratus
1302 391 1342 419 sis
1357 390 1398 418 ad
1422 389 1636 418 ambulandum

889 442 953 475 post
966 436 1124 465 Dominum
1136 437 1230 466 Deum
1241 442 1331 466 tuum.
1347 438 1385 465 Ac
1398 446 1492 465 rursus
1505 435 1636 475 propheta

892 481 982 513 David
994 482 1100 512 dicebat
1116 493 1123 510 ι
1141 483 1374 512 Misericordiam
1381 489 1410 512 et
1416 482 1559 522 judicium
1567 492 1634 511 can·
1646 489 1713 510 Psnl.
1737 495 1788 511 too.

892 531 960 558 tabo
973 530 1037 565 tibi,
1049 530 1185 559 Domine.
1198 531 1240 559 Et
1250 531 1360 559 venite.
1376 530 1520 568 Postquam
1531 529 1635 569 justifi-
1649 527 1671 542 ¹·

891 575 1041 604 nationibus
1057 575 1245 612 communivit,
1266 582 1331 605 tune
1342 575 1377 604 ad
1389 575 1510 604 tribunal
1527 575 1610 604 trahit
1626 587 1633 604 ε

891 628 917 651 et
939 628 1081 661 postquam
1105 621 1198 651 docuit
1224 621 1359 661 quomodo
1379 621 1491 651 crimina
1512 628 1634 658 exuant,

892 673 956 696 tunc
967 667 1082 696 rationes
1092 667 1227 708 exposuit,
1243 678 1277 697 ne
1286 668 1348 697 illos
1360 667 1514 697 defensione
1521 667 1636 697 destitu-

857 726 877 749 Ε
892 720 933 743 tos
946 714 1143 753 reprehendens
1150 714 1315 744 condemnet.
1324 715 1366 744 Et
1377 714 1578 754 disceptemus.
1590 715 1608 744 J
1611 725 1638 746 u·

892 758 964 789 dicio
976 759 1180 797 contendamus,
1194 760 1241 790 ait.
1258 760 1314 798 Qui
1335 759 1440 801 judicio
1453 759 1590 790 contendit
1607 760 1638 789 fit

893 812 1022 846 patronus
1033 812 1059 835 et
1070 806 1198 836 medicus.
1218 806 1323 836 Deinde
1333 817 1395 836 cum
1409 806 1569 836 declarasset
1590 817 1638 836 nos

893 850 998 880 etiamsi
1015 861 1111 891 magna
1128 863 1208 892 opera
1222 852 1375 888 fecerimus,
1389 852 1479 883 adhuc
1498 854 1556 893 ejus
1580 853 1638 883 cle-

894 897 992 927 mentia
1005 908 1074 938 opus
1087 898 1197 935 habere,
1208 905 1261 927 uta
1276 899 1391 938 peccatis
1403 899 1561 937 liberemur,
1576 900 1613 929 ait
1630 911 1636 926 :

893 944 924 974 Si
938 944 1060 987 suerint
1082 952 1202 984 peccata
1226 951 1327 975 vestra
1354 947 1428 975 sicut
1446 947 1636 981 vermiculus,

855 1021 880 1040 ¹3
894 991 982 1030 quasi
1002 992 1098 1019 nivem
1118 991 1263 1020 dealbabo
1279 1002 1287 1018 ε
1303 1002 1338 1020 ex
1350 990 1482 1021 diametro
1501 992 1639 1032 oppositas

859 1048 879 1071 Α
894 1036 1036 1074 qualitates
1046 1036 1393 1076 assumens,pollicitusque
1399 1037 1460 1066 sein
1475 1038 1639 1068 contrarium

895 1082 924 1111 id
950 1089 1126 1111 mutaturum.
1154 1082 1186 1112 Si
1206 1089 1303 1112 autem
1322 1089 1353 1113 ut
1376 1087 1537 1122 coccinum,
1553 1088 1640 1124 quasi

896 1128 998 1157 lanam
1010 1129 1164 1158 dealbabo.
1178 1130 1325 1168 Magnavis
1334 1130 1453 1170 praesidii
1464 1141 1526 1170 erga
1541 1131 1640 1161 viduas

895 1174 1022 1210 exhibiti,
1034 1174 1300 1214 siquidem-animam
1313 1176 1350 1208 ita
1362 1176 1517 1212 sordidam,
1540 1183 1570 1206 ut
1591 1187 1638 1207 ne-

895 1220 988 1259 quitiae
1011 1220 1155 1250 tincturam
1176 1221 1317 1261 acceperit,
1341 1232 1393 1251 non
1417 1221 1498 1252 modo
1515 1223 1612 1253 liberat
1624 1235 1639 1253 a

895 1265 1008 1302 malitia,
1028 1265 1075 1295 sed
1088 1266 1167 1296 etiam
1187 1267 1224 1296 ita
1242 1267 1411 1307 splendidam
1425 1268 1515 1298 efficit.
1535 1270 1584 1299 19.
1599 1270 1628 1298 E
1631 1276 1641 1299 t

895 1313 922 1341 si
935 1312 1100 1348 volueritis,
1125 1320 1153 1342 et
1170 1314 1361 1343 ezaudieritis
1376 1324 1440 1350 me,
1454 1316 1532 1343 bona
1559 1321 1642 1344 terrm

897 1360 1062 1389 comedetis.
1076 1361 1127 1390 90.
1140 1360 1171 1389 Si
1185 1367 1283 1390 autem
1305 1361 1468 1399 nolueritis,
1481 1371 1534 1390 nec
1547 1372 1639 1390 exau-

897 1406 1010 1436 dieritis
1028 1417 1085 1444 me,
1099 1407 1216 1447 gladius
1237 1408 1388 1437 devorabit
1409 1418 1474 1437 vos.
1499 1409 1539 1438 Os
1563 1412 1642 1438 enim

899 1453 1020 1482 Domini
1033 1454 1186 1493 loquutum
1197 1459 1240 1482 est
1253 1454 1325 1483 hoec.
1336 1454 1409 1491 Quia
1420 1454 1492 1484 enim
1505 1455 1642 1484 crassiori—

865 1502 881 1525 ss
897 1499 949 1528 bus
962 1509 1015 1528 non
1029 1498 1066 1528 ita
1077 1497 1195 1539 optabile
1204 1506 1230 1528 et
1245 1499 1400 1539 jucundum
1412 1500 1521 1530 videtur
1531 1501 1641 1530 liberari

897 1555 913 1573 a
947 1544 1072 1585 peccatis,
1089 1555 1170 1583 quam
1185 1544 1217 1574 iis
1230 1545 1285 1574 frui
1298 1545 1387 1583 bonis,
1401 1557 1463 1586 quae
1477 1547 1504 1575 in
1518 1547 1641 1587 praesenti

898 1590 952 1620 vita
966 1590 1247 1629 taliaessevidentur5
1264 1602 1327 1621 cum
1344 1592 1401 1622 illis
1420 1592 1476 1622 haec
1491 1593 1571 1623 etiam
1582 1604 1642 1633 pro-

899 1636 980 1666 mittit
994 1649 1000 1666 =
1017 1647 1080 1666 nam
1093 1637 1145 1666 hoc
1154 1647 1188 1666 ex
1210 1636 1259 1666 illo
1273 1637 1382 1677 pendet.

939 1684 969 1712 7.
983 1682 1087 1712 Deinde
1099 1682 1240 1712 ostendens
1249 1693 1330 1722 quam
1351 1683 1438 1713 facilis
1452 1684 1488 1713 sit
1500 1684 1599 1722 virtus,
1612 1684 1640 1714 in

898 1729 1035 1758 voluntate
1058 1736 1162 1758 tantum
1188 1729 1264 1758 illam
1284 1730 1371 1769 ponit.
1398 1731 1438 1760 Ut
1452 1740 1483 1759 ne
1500 1737 1590 1760 autem
1607 1741 1642 1760 ex

898 1775 1032 1804 bonorum
1045 1774 1296 1804 commemoratione
1309 1776 1413 1805 animos
1437 1777 1564 1813 solveret,
1579 1788 1641 1806 rur-

899 1830 945 1850 sus
966 1820 994 1849 in
1016 1819 1186 1849 terribilibus
1210 1830 1359 1850 sermonem
1372 1822 1544 1860 concludens,
1562 1822 1643 1852 fidem

898 1865 963 1895 facit
976 1865 1035 1906 ejus
1047 1865 1155 1903 virtuti,
1166 1865 1213 1904 qui
1224 1866 1282 1895 haec
1294 1867 1489 1906 pronuntiavit.
1499 1871 1548 1899 21.
1562 1870 1643 1908 Quo-

898 1913 983 1942 modo
987 1913 1079 1953 facta
1094 1918 1138 1942 est
1161 1914 1297 1941 meretrix
1312 1915 1416 1942 civitas
1423 1915 1528 1953 fidelis
1543 1915 1615 1945 Sion
1631 1919 1644 1944 P

900 1957 1062 1999 Hujusmodi
1076 1958 1186 1997 quaestio
1199 1964 1225 1987 et
1231 1957 1345 1988 dicentis
1354 1958 1486 1998 dolorem,
1507 1968 1533 1991 et
1546 1961 1643 2001 ingen-

854 2016 861 2021 *
899 2012 953 2035 tem
980 2004 1138 2035 Judaeorum
1160 2003 1346 2044 stupiditatem
1371 2005 1489 2036 declarat
1502 2030 1512 2043 ,
1535 2018 1644 2047 remque

900 2057 995 2092 praeter
1011 2061 1086 2091 spem
1104 2050 1233 2080 accidisse
1259 2051 1357 2082 innuit.
1384 2053 1515 2083 Similiter
1543 2055 1644 2084 Paulus

901 2099 971 2129 eirca
985 2099 1094 2129 Galatas
1119 2098 1220 2127 dubius
1232 2099 1369 2138 exquirit:
1385 2101 1480 2130 Miror
1492 2102 1572 2141 quod
1583 2109 1641 2132 tam
1657 2114 1711 2135 Gal.
1726 2120 1744 2134 ι.
1756 2112 1778 2134 6.

867 2162 885 2186 C
902 2147 960 2176 cito
974 2146 1186 2185 transferimini
1203 2154 1213 2171 ··
1237 2145 1267 2174 id
1287 2146 1359 2185 quod
1373 2147 1516 2178 accusandi
1539 2156 1564 2178 et
1579 2149 1643 2178 hor-

902 2191 977 2222 tandi
991 2191 1093 2232 species
1109 2199 1159 2229 est,
1174 2198 1204 2221 ut
1216 2191 1250 2220 ad
1262 2191 1389 2222 virtutem
1403 2201 1518 2223 revocet.
1530 2195 1643 2225 Etiamsi

903 2238 973 2268 enim
997 2238 1099 2267 mirum
1119 2245 1159 2267 est
1175 2237 1204 2267 id
1225 2237 1299 2277 quod
1316 2238 1428 2276 dicitur,
1452 2240 1534 2270 laude
1558 2248 1645 2271 tamen

886 2330 1029 2363 mendosus,
1051 2332 1096 2364 qui
1115 2339 1146 2356 ex
1166 2331 1311 2364 conjectura
1331 2333 1367 2357 sie
1382 2334 1480 2359 restitui
1498 2340 1595 2367 potest,
1610 2341 1647 2362 καὶ

892 2375 1008 2404 ἐγκωμίων
1022 2374 1145 2404 ἀναμιχθὶν
1157 2377 1186 2405 τῇ
1198 2377 1324 2407 κατηγορίᾳ
1342 2377 1382 2403 τὴν
1393 2378 1531 2408 κατηγορίαν
1540 2378 1646 2408 χαλεπω-

890 2415 959 2445 τέραν
971 2417 1036 2437 ποιεῖ.
1050 2410 1147 2435 Saltem
1160 2409 1202 2435 hic
1211 2416 1249 2435 est
1259 2410 1331 2444 hujus
1343 2411 1392 2437 loci
1401 2421 1497 2444 sensns,
1509 2415 1534 2438 in
1546 2423 1605 2446 quo,
1620 2421 1647 2439 ut

890 2449 916 2473 in
926 2448 1049 2481 plurimis,
1062 2448 1230 2474 hallucinatus
1242 2455 1279 2474 est
1292 2451 1427 2483 Interpres.
1441 2452 1535 2476 Boisius
1554 2454 1600 2484 sic,
1610 2458 1647 2480 mi

886 2492 1001 2521 ἐγκωμίων
1020 2493 1174 2522 ἀναμέμικται
1191 2495 1220 2522 τῇ
1232 2494 1356 2524 κατηγορίᾳ
1378 2495 1417 2520 τὴν
1429 2496 1565 2527 κατηγορίαν
1575 2497 1646 2526 χαλε-

887 2532 992 2562 πωτέραν
1003 2531 1087 2554 ποιοῦν.
1097 2537 1109 2550 n
1121 2528 1169 2551 Hic
1181 2533 1250 2551 cerie
1262 2533 1299 2552 est
1314 2529 1424 2554 auctoris
1436 2538 1531 2560 sensus,
1544 2537 1569 2555 et
1582 2530 1647 2557 hauc

889 2572 1042 2600 postremam
1059 2566 1193 2591 lectionem
1214 2565 1290 2591 habet
1303 2568 1436 2593 Bavaricus
1455 2568 1557 2603 Codex,
1569 2579 1644 2603 qiuain

890 2607 1025 2639 sequimur.
1039 2605 1107 2631 Editi
1121 2609 1288 2638 ἀναμὲμνητκι.
