1890 2826
529 190 561 212 IN
588 189 698 220 ILLUD,
726 187 796 211 vim
822 184 992 215 Domuum,
1022 183 1150 206 uotum.
1180 183 1216 206 ΙΙ.

1586 183 1650 216 127

90 255 138 289 τῆς
157 253 255 293 ἀρχῆς·
269 251 338 280 οὕτω
360 250 404 280 καὶ
423 250 492 284 Θεὸς
511 250 570 280 τότε
589 252 628 290 τῷ
651 249 744 289 δικαίῳ
765 248 856 287 ἐκείνῳ
865 244 902 295 ’Ᾱο
912 245 1034 281 tabellas,
1048 245 1219 283 magistratus
1238 244 1364 284 signum:
1386 243 1425 272 sic
1451 249 1477 272 et
1495 244 1568 272 Deus
1582 244 1655 282 justo

90 299 222 338 σύμὸολαν
233 299 282 333 τ’ἥς
295 299 375 337 τιμῆς
387 297 486 327 δέδωκε
498 298 530 328 τὸ
543 301 686 337 στοιχεῖον.

130 344 210 374 Ἀλλὰ
231 343 294 384 περὶ
315 343 362 383 μὲν
387 343 523 382 ὀνομάτων
545 344 573 373 ἐν
594 342 676 382 ἑτέρῳ
697 343 781 381 καιρῷ
801 341 859 375 διη-

90 389 222 430 γήσομαι·
247 389 307 419 ὅσον
327 388 355 419 δὲ
377 391 429 419 τῶν
454 389 555 429 χρόνων
578 389 609 418 τὸ
629 388 719 428 κέρδος
740 387 797 417 ἐστὶ
818 398 859 425 γι-

92 435 275 475 νωσκομένων,
291 434 339 464 καὶ
349 433 408 464 ὅσον
420 435 450 463 τὸ
463 434 561 474 βλάὸος
575 433 766 474 ἀγνοουμένων,
778 434 860 472 ἀναγ-

92 486 166 511 καῖον
189 483 282 514 εἰπεῖν.
305 480 360 510 Καὶ
386 480 491 520 πρῶτόν
514 492 545 519 γε
568 480 621 510 ἀπὸ
646 482 699 510 τῶν
730 481 860 519 βιωτικῶν

92 529 169 556 τοῦτο
188 525 351 565 ἐπιδείξομαι
369 526 543 566 πραγμάτων.
564 527 599 556 Αἱ
622 527 745 562 διαθῆκαι
765 524 809 554 καὶ
826 524 861 553 τὰ

92 577 262 614 γραμματεῖα
281 572 316 602 τὰ
334 572 396 612 περὶ
415 572 526 611 γάμων,
546 572 580 602 τὰ
600 572 662 612 περὶ
683 571 860 612 ὀφλημάτων,

93 618 127 648 τὰ
139 618 200 658 περὶ
220 619 274 647 τῶν
293 618 381 648 ἄλλων
401 618 587 657 συμὸολαίων,
610 617 655 647 ἐὰν
679 617 716 657 μὴ
730 619 778 653 τῆς
791 619 861 646 ὓπα-

92 663 165 698 τείας
185 662 246 697 τοὺς
267 663 376 704 χρόνους
398 664 496 694 ἄνωθεν
520 664 570 704 ἔχῃ
595 663 861 703 προγεγραμμένους,

93 709 181 746 πάσης
194 710 281 750 ἔρημα
295 712 343 746 τῆς
355 709 452 743 οἰκείας
473 709 530 739 ἐστὶ
549 709 694 748 δυνάμεως.
710 710 797 739 Τοῦτο
810 709 862 749 γάρ

95 756 167 784 ἑστιν
186 756 214 785 ἐν
235 755 343 789 ἐκείνοις
362 755 394 785 τὸ
418 755 540 795 ἰσχυρὸν,
560 758 637 785 τοῦτο
659 755 707 789 τὰς
726 756 862 796 ἄμφω-6η-

95 800 184 836 ἰ-ἡσεις
203 803 320 841 ἀναιρεῖ,
338 803 416 831 τοῦτο
435 800 610 841 δικαστηρίων
624 801 804 838 ἀπαλλάττει,
817 801 863 831 καὶ

95 846 155 880 τοὺς
181 846 292 887 ’ἐχθροὺς
321 846 411 887 φίλους
434 851 514 876 ποιεῖ.
538 847 590 876 Διὰ
621 851 698 877 τοῦτο
730 849 754 877 οἱ
779 850 863 877 ταῦτα

95 892 251 932 γράφοντες,
270 891 363 932 ὥσπερ
378 892 490 932 ’λύχνον
510 893 555 922 ἐπὶ
574 893 699 933 λυχνίας,
718 893 800 927 οὕτως
819 893 864 922 ἐπὶ

96 940 143 966 τοῦ
157 937 279 976 μετώπου
299 939 352 967 τῶν
370 939 535 978 γραμμάτων
554 942 719 979 πρατυποῧσι
732 939 781 975 τὴν
795 941 863 969 ὓπα-

96 982 180 1020 τείαν,
194 983 237 1013 ἵνα
248 989 315 1013 πᾶσι
328 987 382 1017 τοῖς
395 983 468 1014 κάτω
479 984 568 1024 φαίνῃ.
582 985 640 1014 Κᾶν
654 988 738 1014 ταῦτα
757 985 865 1024 ἀνέλῃς,

97 1031 198 1064 ἀνεῖλες
215 1029 246 1060 τὸ
259 1031 327 1070 φῶς,
347 1030 393 1060 καὶ
413 1030 502 1060 πάντα
517 1031 626 1064 σκότους
639 1031 685 1059 καὶ
696 1032 795 1067 πολλῆς
809 1030 866 1059 ἐνέ-

98 1076 202 1111 πλησας
214 1077 342 1115 ταραχῆς.
356 1075 407 1104 Διὰ
427 1079 505 1105 τοῦτο
526 1081 600 1106 πᾶσα
622 1076 692 1110 δόσις
712 1076 757 1106 καὶ
773 1077 866 1116 λῆψις,

99 1120 148 1149 κᾶν
167 1120 232 1159 πρὸς
246 1120 351 1160 φίλους,
366 1120 415 1150 κᾶν
427 1121 491 1160 πρὸς
510 1121 632 1161 ἐχθροὺς,
645 1122 695 1151 κᾶν
714 1121 780 1162 πρὸς
799 1121 867 1152 οἷκέ·

99 1177 160 1200 τας,
171 1165 221 1195 κᾶν
235 1166 300 1205 πρὸς
318 1165 475 1206 ἐπιτρόπους
494 1167 539 1197 καὶ
557 1168 708 1206 οἰκονόμους
726 1168 867 1207 γίγνηται,

102 1210 200 1247 ταύτης
214 1211 297 1240 δεῖται
310 1213 359 1247 τῆς
372 1211 531 1251 ἀσφαλείας,
553 1213 598 1242 καὶ
612 1216 748 1253 πανταχοῦ
761 1214 806 1243 καὶ
818 1216 869 1253 μῆ-

101 1268 147 1290 νας
159 1256 205 1287 καὶ
225 1256 359 1291 ἐνιαυτοὺς
379 1257 426 1287 καὶ
443 1257 544 1297 ἡμέρας
564 1258 680 1288 κάτωθεν
695 1259 869 1301 παραγράφο-

102 1313 160 1340 μιν.
171 1303 206 1332 Εἰ
217 1297 262 1332 οὖν
277 1303 320 1333 ἐπὶ
338 1305 391 1332 τῶν
407 1305 538 1343 βιωτικῶν
551 1303 666 1341 τοσαύτη
685 1307 731 1334 τοῦ
744 1305 869 1346 πράγμα-

101 1359 145 1382 τος
157 1350 175 1384 ἡ
191 1348 275 1389 ἰσχὺς,
289 1349 334 1379 ἐπὶ
350 1352 403 1380 τῶν
414 1352 600 1389 πνευματικῶν
611 1352 703 1392 πολλῷ
716 1351 811 1391 μείζων
825 1353 870 1383 καὶ

101 1394 300 1435 χρησιμωτέρα.
322 1394 380 1429 Τὰς
402 1395 454 1435 γὰρ
476 1396 635 1436 προφητείας
657 1399 735 1426 τοῦτο
756 1397 871 1427 δείκνυσι

102 1440 272 1480 προφητείας.
286 1440 357 1471 Οὐδὲ
375 1440 426 1481 γὰρ
440 1441 505 1471 ἄλλο
517 1442 544 1471 τί
557 1442 623 1472 ποτέ
635 1443 693 1472 ἐστι
708 1443 870 1484 προφητεία,

103 1486 162 1515 ἀλλ’
176 1486 194 1521 ἢ
212 1488 265 1516 τῶν
286 1486 435 1524 μελλόντων
456 1488 620 1528 πραγμάτων
641 1489 869 1529 προαναφώνησις.

102 1530 138 1561 Ὁ
150 1531 236 1561 τοίνυν
254 1531 315 1566 τοὺς
328 1532 434 1572 καιροὺς
447 1535 548 1572 ἀγνοῶν
569 1536 622 1564 τῶν
645 1535 790 1574 εἰρημένων
804 1546 872 1575 πρα-

104 1577 214 1615 γμάτων
227 1577 244 1613 ἢ
258 1579 310 1608 τῶν
331 1578 464 1608 ἐκὸάντων
474 1602 482 1616 ,
504 1581 561 1613 πῶς
581 1580 720 1616 δυνήσεται
739 1581 821 1615 δεῖξαι
834 1584 872 1622 τῷ

53 1643 58 1647 ·
106 1622 294 1661 φιλονευωῦντι
307 1624 339 1653 τὸ
357 1625 405 1659 τῆς
425 1624 586 1664 προφητείας
606 1625 723 1665 ἀξίωμας
737 1626 873 1656 Ἐντεῦθεν

106 1670 170 1706 ἡμῖν
184 1668 229 1697 καὶ
242 1669 267 1697 οἱ
284 1669 350 1709 πρὸς
367 1669 500 1706 Ἕλληνας
513 1669 527 1687 ¹’
537 1672 636 1710 ἀγῶνες
648 1672 694 1701 καὶ
713 1677 798 1708 νῖκαι,
812 1672 874 1702 ὅταν

107 1713 274 1754 πρεσὸύτερα
285 1714 471 1755 ἀποφαίνωμεν
484 1715 519 1745 τὰ
530 1716 649 1756 ἡμέτερα
661 1719 713 1746 τῶν
726 1720 789 1758 παρ’
807 1718 874 1748 ἐκεί-

108 1770 177 1792 νοις·
192 1760 308 1789 ἐντεῦθεν
330 1762 394 1798 ἡμῖν
416 1761 461 1790 καὶ
483 1761 548 1801 πρὸς
573 1762 712 1796 Ἰουδαίους
733 1763 877 1798 ἀποδείξεις

108 1804 170 1844 περὶ
179 1805 363 1842 τῆςάληθείας
375 1806 427 1836 εἰσί
436 1818 442 1824 ·
457 1806 522 1847 πρὸς
535 1807 676 1841 Ἰουδαίους
693 1807 752 1842 τοὺς
773 1808 876 1843 ἀθλίους

109 1850 154 1880 καὶ
167 1851 364 1891 ταλαιπώρους,
377 1851 402 1882 οἳ
415 1852 458 1882 διὰ
470 1852 520 1888 τὴν
540 1855 592 1882 τῶν
612 1853 712 1894 χρόνων
728 1854 833 1894 ἄγνοιαν
846 1856 877 1885 τὸ

111 1896 233 1936 μέγιστον
255 1896 364 1937 σφάλμα
384 1898 548 1938 ἐσφάλησαν.
569 1900 603 1928 Εἰ
621 1899 672 1940 γὰρ
693 1900 809 1936 ἤκουσαν
831 1904 876 1931 τοῦ

110 1943 275 1983 πατριάρχου
286 1943 416 1983 λέγοντος,
431 1945 491 1974 Οὔκ
502 1944 618 1985 ἐκλείψει
631 1946 719 1986 ἄρχων
734 1946 761 1981 ἐξ
773 1946 860 1976 Ἰούδα
869 1970 876 1981 ,

111 1987 169 2017 οὐδὲ
186 1988 329 2028 ἡγούμε·,ος
351 1990 381 2019 ἐκ
401 1991 454 2019 τῶν
469 1992 561 2030 μηρῶν
576 1992 671 2028 αὐτοῦ,
693 1992 741 2026 ἕως
763 1992 794 2022 ἂν
815 1993 877 2033 ἔλθῃ

111 2027 134 2072 ᾧ
158 2033 308 2070 ἀπόκειται,
335 2035 380 2063 καὶ
404 2036 427 2064 εἰ
447 2035 636 2076 παρετήρησαν
663 2040 721 2076 μετ’
746 2038 880 2078 ἀκριὸείας

111 2078 171 2112 τὼς
183 2081 231 2115 Τῆς
249 2080 393 2120 παρουσίας
413 2081 535 2121 καιροὺς,
549 2083 597 2112 οὐκ
610 2083 736 2121 ἔμελλον,
758 2085 881 2115 ἐκπεσόν-

113 2133 156 2155 τες
168 2126 213 2152 τοῦ
234 2124 362 2162 Χριστοῦ,
382 2127 421 2164 τῷ
442 2126 612 2166 Ἀντιχρίστῳ
631 2128 813 2167 περιπίπτειν·
829 2141 880 2158 κα-

115 2165 197 2205 θάπερ
222 2162 266 2196 οὖν
291 2170 302 2183 ⁰
318 2167 364 2197 καὶ
396 2168 473 2202 αὐτὸς
505 2171 592 2203 αὐτοῖς
619 2173 633 2199 ὁ
661 2172 774 2211 Χριστὸς
805 2176 882 2202 τοῦτο

116 2209 291 2248 αἰνιττόμενος
302 2206 382 2247 εἶπεν,
395 2211 435 2241 ὅτι
450 2212 523 2251 Ἐγὼ
535 2209 614 2248 ἦλθον
627 2215 653 2243 ἐν
667 2216 705 2253 τῷ
719 2214 827 2253 ὀνόματι
836 2219 881 2246 τοῦ

116 2255 301 2294 Πατρόςμου,
315 2257 360 2286 καὶ
377 2259 425 2287 οὐκ
445 2258 566 2293 ἐδέξασθέ
587 2271 636 2298 με·
658 2260 703 2289 ἐὰν
727 2261 805 2295 ἄλλος
818 2264 881 2303 ἔλθῃ

106 2302 143 2330 -ἐν
158 2303 196 2341 τῷ
210 2301 318 2340 ὀνόματι
330 2304 368 2342 τῷ
383 2303 451 2343 ἰδίῳ,
464 2305 560 2334 ἐκεῖνον
575 2305 697 2345 λήψεσθε.
712 2302 788 2340 Εἶδες
802 2308 882 2338 πόσον

117 2346 288 2385 παράπτωμα
308 2347 360 2376 ἀπὸ
381 2351 427 2384 τῆς
449 2351 500 2378 τῶν
523 2350 624 2389 χρόνων
638 2350 742 2390 γέγονεν
765 2353 882 2392 ἀγνοίας,

118 2391 164 2427 Μὴ
186 2392 272 2421 τοίνυν
295 2392 431 2431 ἀμελήσῃς
450 2395 577 2434 ὠφελείας
596 2396 734 2432 τοσαύτης.
757 2399 883 2441 Καθάπερ

151 2477 162 2489 ¹·
180 2472 262 2504 Λύχνου
276 2469 346 2495 deest
360 2472 384 2496 in
395 2480 445 2496 uno
455 2471 530 2503 eod„
544 2481 628 2497 verum
641 2473 694 2499 haec
706 2483 754 2500 vox
773 2485 873 2509 prorsus

118 2508 159 2534 hic
169 2509 310 2542 requiritur.

154 2549 167 2568 b
185 2547 270 2581 Ᾰγσινις
287 2552 324 2574 καὶ
345 2555 413 2580 νῖκαι,
435 2549 553 2573 Erasmus
572 2550 646 2575 vertit
663 2554 799 2578 cerlamIna
818 2564 876 2580 con-

120 2588 297 2621 tentionesque.
306 2588 395 2612 Verum
404 2587 470 2613 uliud
482 2590 584 2614 omniuo
595 2589 678 2624 legisse
687 2591 794 2622 videtur,
803 2594 871 2626 quod

120 2626 230 2651 divinar·-
244 2636 292 2651 non
310 2628 536 2660 1=o:‚s¹:nn¹s.lForL
551 2633 615 2658 νείκη,
626 2631 634 2662 J
647 2629 721 2655 Paulo
739 2638 794 2663 post
807 2635 878 2665 quin-

912 291 952 319 illi
965 291 994 319 in
1007 290 1117 319 lionoris
1130 290 1237 330 signum
1251 289 1326 319 dedit
1338 288 1455 318 literam.

952 338 982 367 5.
991 338 1095 366 Verum
1107 336 1140 365 de
1148 336 1303 365 nominibus
1313 335 1367 364 alio
1378 342 1497 374 tempore
1509 334 1654 364 disseram:

913 389 1030 421 quantus
1040 389 1129 411 autem
1138 382 1173 412 sit
1185 389 1336 422 temporum
1350 381 1453 410 fructus
1461 379 1484 408 si
1496 390 1657 419 cognoscan-

915 435 971 464 tur,
998 439 1106 457 rursum
1129 434 1260 466 quantum
1282 427 1413 457 damnum
1432 425 1454 454 si
1479 426 1635 466 ignorentur
1648 449 1656 463 ‚

914 474 1087 514 aperiendum
1111 481 1160 503 cst.
1177 476 1217 503 Ac
1238 473 1358 514 primum
1378 473 1488 512 quidem
1501 472 1530 502 id
1551 473 1659 502 arebus

914 521 1091 551 saecularibus
1103 520 1302 550 demonstrabo.
1321 521 1491 550 Testamenta
1503 519 1656 558 tabulaeque

914 566 949 596 de
962 566 1076 607 nuptiis,
1089 566 1124 596 de
1134 566 1244 603 debitis,
1252 566 1339 605 deque
1347 565 1459 604 reliquis
1467 565 1659 602 contractibus,

916 613 969 642 nisi
982 613 1010 642 in
1024 611 1191 652 frontispicio
1204 612 1347 641 consulum
1362 621 1445 641 annos
1466 611 1579 641 habeant
1592 621 1661 651 pra:-

915 658 1040 698 scriptos,
1056 658 1159 688 nullam
1170 668 1204 687 ex
1216 668 1272 687 sese
1282 657 1338 688 vim
1349 657 1458 687 babent.
1472 658 1530 688 Hoc
1539 664 1578 686 est
1590 657 1661 686 enim

916 704 991 743 quod
1004 703 1060 733 illis
1074 704 1158 733 robur
1168 700 1260 740 addit,
1268 703 1319 732 hoc
1329 709 1369 732 est
1381 702 1458 742 quod
1466 703 1662 736 controversias

917 749 1034 786 dirimit,
1057 750 1108 779 hoc
1129 749 1204 788 quod
1221 760 1236 778 a
1255 749 1382 789 judiciali
1401 749 1459 778 soro
1483 749 1591 786 liberat,
1611 749 1663 778 hoc

917 796 991 834 quod
1003 807 1038 826 ex
1058 796 1174 825 inimicis
1197 795 1261 826 facit
1273 795 1383 825 amicos.
1409 795 1526 825 Proinde
1538 795 1585 834 qui
1600 795 1664 824 talia

916 843 1084 880 describunt,
1096 853 1149 873 non
1163 842 1240 872 aliter
1253 854 1333 882 quam
1340 843 1449 872 lucerna
1462 842 1489 871 in
1503 842 1663 871 candelabro

918 891 983 931 poni
1007 891 1086 927 solet,
1100 890 1139 920 sic
1164 890 1192 919 iu
1205 890 1372 929 frontispicio
1394 889 1533 918 literarum
1561 888 1665 918 addunt

918 937 1100 973 consulatum,
1117 943 1147 965 ut
1160 936 1286 966 omnihus
1300 946 1359 974 qnae
1371 935 1554 975 subjiciuntur
1568 934 1665 974 praelu-

919 984 1061 1019 ceat.Quae
1072 981 1095 1010 si
1121 981 1273 1017 sustuleris,
1291 981 1382 1010 lumen
1397 981 1549 1018 sustuleris,
1565 981 1665 1010 omnia-

920 1039 973 1068 que
995 1028 1111 1058 tenebris
1138 1028 1277 1066 multaque
1301 1027 1452 1057 turbatione
1474 1027 1661 1073 compleveris.

921 1077 1063 1115 Propterea
1085 1084 1163 1104 omne
1187 1074 1244 1103 dati
1270 1074 1423 1114 acceptique
1447 1073 1594 1113 negotium,
1608 1073 1665 1104 sive

921 1132 982 1152 cum
994 1121 1096 1157 amicis,
1108 1120 1166 1150 sive
1177 1131 1241 1149 cum
1253 1119 1379 1157 inimicis,
1392 1120 1450 1150 sive
1463 1131 1527 1150 cum
1543 1121 1663 1157 famulis,

920 1167 979 1197 sive
991 1177 1053 1197 cum
1066 1165 1286 1206 procuratoribus
1298 1172 1325 1194 et
1337 1166 1481 1195 oeeonomis
1496 1174 1601 1205 agatur,
1614 1166 1666 1196 hac

921 1219 980 1251 eget
996 1212 1135 1248 cautione,
1152 1218 1178 1241 et
1191 1211 1292 1250 ubique
1310 1222 1413 1241 menses
1428 1235 1436 1248 ,
1461 1222 1545 1242 annos
1564 1223 1595 1242 ac
1607 1213 1666 1242 dies

922 1257 1128 1287 subscribimus.
1143 1257 1224 1295 Quod
1238 1257 1262 1287 si
1274 1264 1379 1287 tantum
1392 1259 1464 1288 valet
1476 1269 1506 1288 ea
1521 1269 1563 1288 res
1576 1259 1604 1288 in
1616 1270 1664 1289 ne-

887 1323 907 1347 c
923 1303 1002 1344 gotiis
1012 1303 1197 1341 saecularibus,
1207 1303 1235 1332 in
1247 1303 1435 1344 spiritualibus
1448 1305 1536 1334 multo
1548 1306 1667 1345 amplius

923 1350 1062 1391 profuerit.
1077 1349 1221 1389 Siquidem
1244 1350 1294 1379 hoc
1314 1349 1432 1380 declarat
1445 1351 1599 1391 prophetias
1609 1362 1666 1381 esse

924 1395 1088 1436 prophetias.
1099 1396 1193 1435 Neque
1212 1396 1284 1425 enim
1295 1395 1372 1426 aliud
1385 1397 1534 1436 quidquam
1553 1404 1592 1427 est
1605 1409 1667 1438 pro-

924 1441 1025 1482 phetia,
1039 1452 1121 1480 quam
1133 1452 1223 1471 rerum
1233 1441 1386 1472 futurarum
1397 1443 1541 1473 enarratio.
1552 1444 1668 1474 Proinde

924 1487 971 1526 qui
984 1487 1067 1517 nescit
1079 1493 1198 1527 tempora
1211 1497 1304 1516 eorum
1326 1498 1386 1527 quae
1399 1487 1471 1518 dicta
1484 1496 1558 1526 sunt,
1573 1498 1668 1528 quaeve

925 1540 1078 1570 evenerunt,
1093 1534 1140 1573 qui
1152 1533 1250 1573 poterit
1268 1533 1372 1563 homini
1385 1535 1549 1565 contentioso
1558 1535 1669 1566 demon-

925 1585 1009 1608 strare
1020 1579 1167 1620 prophetiae
1177 1579 1355 1619 dignitatem?
1369 1580 1440 1610 Hinc
1447 1580 1524 1611 nobis
1535 1589 1562 1611 et
1574 1581 1669 1613 adver-

926 1634 972 1654 sus
982 1632 1073 1664 gentes
1084 1625 1228 1655 certamina
1250 1632 1277 1654 et
1292 1625 1422 1662 victoriae‚
1435 1637 1498 1655 cum
1511 1634 1600 1656 nostra
1618 1627 1669 1656 de-

928 1678 1108 1701 monstramus
1133 1671 1296 1709 antiquiora,
1323 1682 1405 1710 quam
1431 1683 1491 1711 quae
1505 1673 1580 1713 apud
1605 1674 1669 1704 illos

929 1716 1062 1746 habentur
1078 1728 1084 1745 ε
1100 1716 1164 1746 hinc
1190 1717 1268 1746 nobis
1289 1717 1418 1747 adversus
1431 1719 1540 1749 Judaeos
1556 1719 1668 1749 demon-

928 1762 1292 1798 str-ationesadevineendam
1314 1764 1470 1800 veritatem5
1486 1766 1615 1796 adversus
1623 1768 1672 1798 Ju-

930 1808 1012 1846 daeos,
1027 1809 1149 1847 inquam,
1161 1809 1279 1839 infelices
1292 1821 1323 1840 ac
1335 1811 1456 1848 miseros,
1470 1812 1558 1852 quiob
1570 1819 1673 1853 tempo-

931 1866 992 1885 rum
1016 1855 1193 1895 ignorantiam
1217 1856 1245 1885 iu
1268 1857 1457 1896 gravissimum
1470 1869 1587 1889 errorem
1600 1859 1670 1899 lapsi

932 1909 1004 1932 suut.
1029 1903 1098 1932 Nam
1123 1902 1148 1932 si
1170 1902 1306 1932 audissent
1324 1905 1505 1943 patriarcham
1527 1905 1670 1943 dicentem,

931 1949 1000 1978 Non
1018 1949 1129 1989 defieret
1149 1950 1282 1988 princeps
1302 1961 1339 1979 ea:
1349 1951 1442 1988 luda,
1457 1962 1550 1992 neque
1562 1953 1624 1982 dux
1637 1953 1673 1982 de
1686 1957 1824 1989 Gen.49.m.

924 1990 1090 2033 femoribus
1101 1994 1175 2032 ejus,
1196 1994 1288 2023 donee
1308 1996 1422 2032 veniat,
1445 1998 1493 2025 cui
1517 1998 1674 2035 repositum

933 2042 986 2073 est,
1001 2037 1076 2076 sique
1090 2036 1234 2077 diligenter
1247 2038 1431 2070 observassent
1445 2039 1575 2070 adventus
1588 2040 1676 2070 domi-

934 2082 989 2112 nici
1001 2089 1131 2123 tempora,
1148 2094 1316 2122 nequaquam
1329 2085 1512 2115 excidissenta
1523 2087 1631 2116 Christo
1646 2087 1674 2116 in

935 2128 1130 2158 Antichristum
1151 2128 1255 2169 delapsi
1277 2141 1283 2157 :
1317 2131 1543 2169 quemadmodum
1570 2139 1595 2161 et
1621 2132 1676 2172 ipse

935 2174 1059 2204 Christus
1068 2175 1095 2204 id
1107 2175 1279 2205 subindicans
1291 2176 1329 2206 eis
1341 2177 1478 2217 praedixit,
1488 2180 1550 2219 Ego
1562 2181 1633 2208 veni
1644 2182 1675 2208 in
1684 2185 1824 2216 J0a11.5.'23.

937 2223 1053 2250 nomine
1070 2222 1171 2251 PatrIs
1195 2225 1263 2259 mei,
1275 2229 1303 2252 et
1327 2234 1386 2252 non
1399 2226 1545 2264 recepistis
1570 2236 1614 2254 me
1626 2238 1634 2254 .-
1650 2228 1675 2254 si

935 2268 1049 2296 venerit
1066 2268 1143 2296 alius
1163 2270 1195 2297 in
1210 2270 1326 2297 nomine
1344 2279 1407 2304 suo,
1423 2271 1507 2299 illum
1522 2273 1675 2310 recipietIS.

936 2312 1039 2342 Vidisti
1053 2319 1169 2351 quantus
1182 2323 1257 2342 error
1273 2314 1396 2343 inciderit
1415 2326 1448 2344 ex
1459 2315 1563 2348 inscitia
1574 2322 1679 2355 tempo-

902 2355 920 2378 E
938 2357 1019 2386 rum?
1031 2358 1143 2387 Tantam
1158 2358 1242 2398 igitur
1251 2359 1392 2388 utilitatem
1407 2370 1440 2388 ne
1448 2361 1681 2399 negligas.Quem-

937 2402 1084 2432 admodum
1094 2403 1164 2432 enim
1178 2405 1205 2433 in
1219 2405 1290 2444 agris
1309 2405 1415 2434 termini
1432 2405 1614 2444 columnaequc
1628 2416 1680 2435 non

923 2488 970 2513 que
980 2481 1037 2505 Mas.
1050 2483 1170 2512 ἀποδείξει,-
1179 2485 1261 2508 mmai
1274 2487 1338 2517 περί,
1351 2488 1375 2507 Μ.
1388 2483 1422 2507 sic
1433 2482 1491 2515 legit
1504 2483 1629 2509 Erasmus·

957 2527 967 2538 e
985 2520 1078 2544 Omnes
1091 2519 1141 2545 scre
1154 2521 1210 2545 lllss.
1225 2525 1262 2547 καὶ
1276 2525 1340 2550 αὐτὸς
1353 2525 1364 2547 ὀ
1378 2526 1471 2555 Χριστὸς
1484 2529 1596 2557 προεῖπεν,
1610 2531 1635 2550 et
1647 2526 1681 2550 sic

927 2557 983 2589 legit
1000 2559 1125 2582 Erasmus.
1147 2559 1177 2583 In
1197 2558 1278 2584 Eduis
1298 2562 1370 2587 αὐτοῖς
1386 2558 1455 2584 deest
1468 2559 1535 2594 [post
1551 2566 1625 2596 αὑτός,
1640 2565 1686 2590 scd

927 2595 1015 2628 legitur
1028 2603 1083 2629 post
1097 2597 1183 2630 τοῦτο’]
