1890 2826
220 160 292 206 524

217 235 297 264 bebat
309 242 362 264 non
375 232 478 273 genuit.
490 233 527 265 Et
533 233 668 273 quomodo
681 234 749 264 facta
761 241 825 265 sunt
834 245 894 274 quae
906 244 959 264 non

217 279 311 309 erant?
323 278 430 308 numid
442 289 504 308 casu
517 285 542 308 et
554 290 602 320 per
614 290 642 310 se
650 279 770 310 accidit?
780 280 810 311 id
820 280 894 320 quod
905 290 959 311 non

216 333 284 364 erat,
302 335 400 356 nomen
423 332 472 363 est,
487 325 610 365 nihilque
629 326 725 356 aliud?
738 327 811 365 Quia
830 326 903 364 dico,
917 327 961 357 Ex

216 382 270 401 non
277 372 456 408 exstantibus,
464 382 498 400 ne
505 371 567 401 ideo
575 372 712 403 existimes
722 373 752 403 id
763 372 838 412 quod
848 383 902 403 non
914 384 960 404 ex·

215 425 266 449 stat
279 418 385 458 aliquid
394 429 460 447 esse.
470 421 542 458 Ergo
554 430 617 449 cnm
625 429 679 449 non
692 420 779 460 possis
793 418 883 450 dicere
894 430 961 459 quo-

214 464 296 494 modo
317 464 346 493 id
363 463 438 503 quod
453 474 506 494 non
521 472 588 501 erat,
601 475 635 494 ex
656 475 709 495 non
730 472 850 496 exstante
865 476 912 496 seu
925 477 960 496 ex

214 510 302 540 nihilo
320 511 421 540 factum
440 510 486 549 sit,
501 509 649 540 audebisne
671 511 806 542 curiosius
825 511 960 551 inquirere

212 556 348 595 quomodo
360 556 383 586 is
398 557 447 596 qui
466 563 524 587 erat
538 567 573 588 ex
595 568 627 587 eo
640 557 689 598 qui
704 564 762 588 erat
776 558 882 598 genitus
902 558 937 589 sit
946 559 960 588 ἱ)

212 605 313 632 Omnes
326 610 454 633 creaturae
465 614 520 634 non
532 611 607 634 erant
617 604 652 633 ab
663 603 781 641 initio,et
790 605 865 636 factae
874 612 937 635 sunt
950 618 957 634 :

212 649 380 689 unigenitum
395 649 520 680 Verbum
533 656 559 679 et
571 651 683 680 Creator
698 649 793 680 mundi
807 660 860 680 non
873 651 959 681 factus

213 702 252 725 est
265 695 300 724 ab
313 695 401 732 initio,
406 695 454 726 sed
465 698 597 728 erat.Haec
608 707 661 726 non
672 704 747 727 erant
760 704 786 727 et
798 698 867 728 facta
879 705 956 728 sunt:

210 741 256 770 hic
270 748 327 771 erat
347 741 375 771 in
394 741 531 782 principio
549 752 602 772 non
624 743 721 780 factus,
741 743 785 772 hae
797 754 866 774 vero
884 744 958 773 factae

211 794 273 816 sunt
287 787 314 817 in
327 787 472 828 principio,
485 799 548 818 cum
558 798 611 819 non
623 796 719 819 essent.

63 837 133 859 Terra
148 846 204 875 quq·
251 835 281 863 5.
309 835 397 863 Terra
420 840 518 863 autem
527 857 535 871 ‚
564 835 669 874 inquit,
695 843 759 866 erat
787 837 955 867 invisibilis.

62 869 130 921 affl?
147 878 205 922 '212‘
211 879 286 918 Quid
308 887 359 916 est,
381 881 566 910 Invisibilis?
583 882 656 911 Novi
682 882 783 912 multos
805 889 958 912 sanctorum

63 933 68 937 ·
80 963 84 968 η
137 932 204 953 rinei-
211 933 319 966 patrum
341 925 443 955 dixisse
455 938 461 955 τ
474 926 624 956 Invisibilis
647 934 703 957 erat
726 934 796 957 terra
806 950 814 964 ‚
829 928 956 967 quoniam

63 969 108 1001 ¹¹3⁰·
151 1010 156 1015 1
187 1010 192 1015 1
209 983 279 1011 aqua
292 972 487 1002 occultabatur.
504 973 599 1002 Multae
613 980 676 1003 sunt
689 975 825 1004 sententiae
838 974 889 1016 piae
900 974 958 1014 qui-

210 1018 283 1055 dem,
298 1018 345 1048 sed
363 1029 417 1048 non
437 1029 518 1050 verae.
541 1019 669 1060 Exempli
688 1030 769 1050 causa
779 1043 788 1057 ,
805 1027 857 1050 tres
877 1020 958 1050 amici

209 1065 290 1102 Johi,
305 1076 368 1095 cum
390 1066 472 1096 illum
486 1066 514 1095 in
534 1067 661 1096 aerumnis
675 1066 814 1105 viderent,
834 1074 957 1098 sanctum

208 1110 301 1140 virum
325 1111 498 1149 damnarunt,
511 1112 588 1151 quasi
610 1113 684 1152 justa
705 1113 850 1154 patientem
860 1138 868 1152 ,
881 1113 954 1143 dice-

209 1156 327 1194 bamque
345 1168 353 1186 =
371 1157 431 1186 Nisi
455 1157 554 1187 viduas
579 1159 738 1197 afflixisses,
761 1160 813 1190 nisi
836 1159 958 1201 pupillos
985 1187 995 1197 ,

211 1201 400 1242 oppressisses,
415 1213 562 1241 numquam
576 1204 625 1233 tibi
644 1206 719 1234 Deus
732 1205 790 1236 haec
803 1206 955 1236 inflixisset.

211 1247 249 1276 Et
261 1254 349 1277 tamen
369 1248 432 1287 quia
447 1249 497 1278 Dei
519 1250 689 1289 propositum
709 1251 886 1290 ignorabant,
899 1263 958 1282 ma-

212 1292 322 1322 luerunt
331 1293 404 1323 hunc
413 1293 540 1324 damnare
550 1295 707 1335 quasijusta
717 1296 871 1336 patientem,
879 1308 960 1336 quam

210 1338 317 1376 Deum,
333 1346 364 1368 ut
384 1339 484 1379 injuste
502 1340 574 1369 mala
596 1340 760 1371 inferentem.
778 1343 830 1372 Dei
851 1353 959 1373 causam

63 1389 116 1411 lob,
129 1390 168 1418 102.
183 1384 335 1424 uigebant,
343 1391 468 1415 ettamen
477 1386 552 1415 Deus
562 1386 626 1416 i-llos
637 1387 760 1427 coarguit
771 1400 776 1416 :
793 1390 892 1424 Quare
900 1400 961 1418 non

210 1432 326 1470 loquuti
348 1433 417 1461 estis
440 1437 520 1461 recta
547 1433 688 1462 adversus
707 1443 821 1463 servum
845 1438 961 1465 meum?

210 1476 261 1505 Est
279 1476 365 1515 igitur
385 1477 514 1506 sententia
535 1478 581 1518 pia
601 1478 723 1517 quidem,
737 1478 784 1508 sed
807 1489 860 1509 non
885 1490 960 1511 vera.

131 1521 286 1558 LectioQuid
298 1529 338 1552 est
351 1522 446 1562 igitur,
465 1523 491 1552 T
488 1533 554 1552 erra
568 1530 668 1554 autem
688 1531 752 1554 erat
765 1527 923 1557 invisibilis
935 1534 962 1558 et

64 1559 158 1589 ‘'qun‘’
213 1571 427 1609 incomposita?
442 1570 606 1611 Interpretes
622 1572 694 1602 clare
707 1582 900 1613 exposuerunt.
915 1576 962 1605 Ait

210 1615 281 1644 enim
296 1616 414 1655 Aquila:
430 1617 519 1646 Terra
538 1623 636 1647 autem
650 1624 714 1647 erat
733 1619 865 1649 inanitas
876 1626 906 1651 et
917 1623 961 1651 ni-

212 1662 266 1691 hil.
282 1662 438 1692 Invisibilis
453 1669 542 1692 autem
554 1662 667 1700 dicitur,
682 1673 736 1693 non
753 1665 828 1704 quod
841 1676 896 1697 non
908 1678 959 1708 ap-

907 172 1088 197 SEVERIAM

1015 235 1088 271 ἔστι,
1105 234 1154 263 οὔκ
1174 234 1231 264 ἔστι
1258 234 1285 263 δέ
1306 246 1349 272 *tq
1373 235 1422 274 Μὴ
1443 237 1535 274 ἐπειδὴ
1550 238 1620 278 λέγω
1635 239 1665 268 ἐκ
1679 238 1718 278 μὴ
1739 238 1787 268 ὄν·

1014 291 1076 316 των,
1093 279 1203 319 νομίσῃς
1216 274 1284 311 εἶναί
1297 291 1323 310 τι
1344 280 1381 320 μὴ
1395 281 1435 312 ἄν.
1451 277 1520 313 Εἶτα
1533 283 1564 314 τὸ
1585 283 1613 315 ὃν
1635 285 1666 315 ἐκ
1686 287 1732 314 τοῦ
1748 284 1786 324 μὴ

1015 326 1088 359 ὄντος
1102 327 1149 355 οὔκ
1164 320 1237 359 οἶδας
1257 326 1339 356 εἰπεῖν
1357 327 1414 361 πῶς
1427 327 1593 368 ἐγένετο,κα“ι
1608 329 1653 360 τὸν
1667 329 1730 360 ὄντα
1757 331 1789 360 ἐκ

1015 373 1061 399 τοῦ
1076 371 1148 404 ὄντος
1165 370 1309 410 τολμήσεις
1319 373 1550 414 πολυπραγμονεῖν
1569 376 1627 410 πῶς
1645 375 1787 416 ἐγεννήθης

1014 416 1109 447 Πάντα
1119 417 1154 446 τὰ
1167 416 1303 456 κτίσματα
1313 420 1361 449 οὐκ
1379 415 1412 455 ἦν
1429 421 1476 450 ἀπ’
1493 422 1578 462 ἀρχῆς
1598 421 1645 452 καὶ
1661 422 1767 462 γέγονεν
1778 434 1785 441 ·

1013 465 1027 492 ὁ
1038 462 1180 502 μονογενὴς
1186 462 1271 503 Λόγος
1281 464 1327 493 καὶ
1338 464 1448 502 κτίστης
1455 468 1501 496 τοῦ
1513 467 1615 507 κόσμου
1625 467 1675 497 οὔκ
1683 467 1787 507 ἐγένετο

1013 511 1060 538 ἀπ’
1075 512 1160 549 ἀρχῆς
1169 530 1177 545 ,
1191 510 1250 539 ἀλλ’
1265 505 1307 547 ἦν.
1319 511 1414 542 Ταῦτα
1428 513 1476 542 οὐκ
1486 508 1528 550 ἦν,
1542 513 1588 544 καὶ
1599 513 1703 553 ἐγένετο
1712 526 1718 532 ·
1733 516 1748 544 ὁ
1761 513 1790 543 δὲ

1013 550 1045 590 ἦν
1056 556 1083 584 ἐν
1098 556 1169 595 ἀρχῇ
1192 555 1230 594 μὴ
1243 555 1381 595 γενόμενος
1391 580 1399 594 ,
1411 560 1496 588 ταῦτα
1507 558 1536 590 δὲ
1557 558 1661 599 ἐγένετο
1674 560 1700 589 ἐν
1716 560 1788 599 ἀρχῇ

1015 601 1052 639 μὴ
1066 601 1138 630 ὄντα,

1051 829 1087 860 Ἦ
1108 830 1136 860 δὲ
1166 832 1183 840 “”
1204 826 1237 867 ἦν
1252 830 1377 871 ἀόρατος,
1398 832 1472 872 φησί.
1491 832 1527 863 Τί
1546 833 1760 875 ἔστιν,Ἀόρατος
1777 847 1786 871 ;

1012 870 1082 905 Οἶδα
1095 877 1210 909 πολλους
1228 878 1280 906 τῶν
1299 876 1382 916 ἁγίων
1395 877 1518 917 πατέρων
1532 879 1686 919 εἰρηκότας·
1702 879 1786 920 ἀόρα-

1011 933 1055 955 τος
1076 917 1109 958 ἧν
1130 924 1148 957 ἡ
1169 923 1224 961 γῆ,
1246 922 1338 959 ἐπειδὴ
1357 925 1396 964 τῷ
1411 922 1487 953 ὕδατι
1501 924 1675 955 ἐκαλύπτετο.
1695 925 1790 956 Πολλὰ

1011 968 1064 996 τῶν
1075 967 1215 1006 νοημάτων
1228 967 1284 998 ἐστὶ
1298 967 1345 1008 μὲν
1357 968 1466 1005 εὗσεὸἥ,
1477 971 1526 1000 οὐκ
1537 971 1623 1007 ἀληθῆ
1635 970 1672 1000 δέ.
1685 967 1750 1001 Οἶον
1764 973 1791 1001 οἱ

1011 1017 1081 1053 τρεῖς
1095 1012 1166 1053 φίλοι
1178 1016 1225 1043 τοῦ
1239 1013 1313 1051 Ἰὼὸ,
1327 1013 1485 1054 θεασάμενοι
1501 1015 1579 1046 αὐτὸν
1592 1017 1620 1046 ἐν
1633 1018 1789 1058 πειρασμῷ,

1011 1059 1168 1099 κατέκριναν
1182 1059 1226 1089 τὸν
1238 1059 1312 1099 ἅγιον
1325 1061 1362 1094 ὥς
1376 1060 1483 1095 δικαίως
1493 1061 1633 1103 πάσχοντα
1641 1085 1649 1100 ,
1661 1063 1707 1092 καὶ
1727 1062 1786 1093 ἔλε-

1010 1116 1067 1145 γον,
1088 1107 1111 1135 εἰ
1121 1105 1159 1144 μὴ
1171 1105 1259 1146 χήρας
1271 1105 1407 1142 ἐλύπησας
1415 1129 1424 1143 ,
1435 1108 1459 1136 εἰ
1474 1106 1512 1147 μὴ
1522 1106 1650 1148 ὀρφανοὺς
1664 1108 1788 1138 ἐπλεονέ-

1011 1164 1128 1190 κτησας,
1142 1153 1191 1182 οὐκ
1203 1152 1235 1182 ἄν
1250 1164 1290 1182 σοι
1304 1154 1318 1182 ὁ
1330 1152 1398 1186 Θεὸς
1411 1152 1531 1194 ὗπῆγαγε
1544 1157 1639 1185 ταῦτα.
1653 1154 1707 1184 Καὶ
1718 1154 1790 1194 ὅμως

1013 1199 1104 1235 ἐπειδὴ
1122 1199 1231 1239 ἠγνόουν
1245 1198 1290 1228 τὸν
1304 1198 1403 1229 σκοπὸν
1416 1202 1462 1230 τοῦ
1474 1200 1556 1236 Θεοῦ,
1569 1200 1673 1231 εἵλαντο
1687 1201 1789 1240 μᾶλλον

1013 1249 1170 1285 κατακρῖναι
1183 1248 1275 1275 τοῦτον
1289 1247 1325 1279 ὡς
1340 1245 1448 1279 δικαίως
1462 1245 1602 1287 πάσχοντα
1611 1269 1620 1284 ,
1634 1246 1653 1283 ἢ
1666 1249 1791 1288 καταψη-

1015 1291 1141 1331 φίσασθαι
1162 1293 1207 1320 τοῦ
1232 1292 1303 1320 Θεοῦ
1327 1293 1362 1324 ὡς
1381 1291 1478 1325 ἀδίκως
1500 1293 1688 1333 ἐπαγαγόντος.
1702 1293 1790 1333 “Υπὲρ

1019 1338 1090 1366 Θεοῦ
1099 1336 1236 1372 ἐποίησαν,
1251 1336 1297 1365 καὶ
1308 1335 1414 1376 ἐλέγχει
1426 1337 1520 1371 αὐτοὺς
1533 1340 1547 1366 ὁ
1560 1339 1638 1372 Θεός·
1651 1339 1732 1369 Am(
1744 1340 1793 1369 οὐκ

1014 1381 1164 1417 ἐλαλήσατε
1181 1382 1245 1421 ὀρθὰ
1269 1381 1338 1411 κατὰ
1357 1384 1404 1411 τοῦ
1426 1382 1584 1422 θεράποντάς
1607 1395 1677 1422 μου;
1695 1383 1791 1414 'Eo-tw

1015 1422 1058 1456 οὖν
1072 1426 1159 1466 νόημα
1173 1427 1278 1460 εὖσεὸὲς
1290 1425 1348 1466 μὲν,
1362 1429 1410 1457 οὐκ
1423 1428 1520 1464 ἀληθὲς
1539 1428 1578 1458 δέ.
1592 1429 1629 1459 Τί
1649 1425 1693 1459 οὖν
1707 1430 1790 1467 ἐστιν,

1014 1472 1050 1502 Ἡ
1071 1472 1099 1502 δὲ
1120 1475 1156 1512 γῆ
1179 1468 1211 1509 ἧν
1229 1472 1340 1514 ἀόρατος
1359 1473 1404 1503 καὶ
1419 1473 1672 1514 ἀκατασκεύαστοςς
1693 1477 1730 1506 Οἱ
1743 1478 1790 1516 ἐρ-

1015 1518 1143 1556 μηνευταὶ
1163 1519 1335 1558 ἧρμήνευσαν
1355 1520 1454 1559 σαφῶς.
1465 1519 1548 1559 Λέγει
1564 1520 1616 1560 γὰρ
1629 1523 1643 1550 ὁ
1657 1521 1768 1555 Ἀκύλας
1781 1534 1788 1541 ·

1013 1564 1048 1594 ‘H
1060 1565 1088 1594 δὲ
1100 1568 1135 1604 γῆ
1147 1561 1180 1601 ἦν
1193 1564 1302 1603 κένωμα
1321 1564 1368 1594 καὶ
1381 1565 1465 1596 οὐδέν.
1478 1565 1600 1606 Ἀόρατος
1618 1566 1646 1597 δὲ
1659 1567 1789 1607 λέγεται,

1012 1612 1063 1650 οὐχ
1075 1610 1117 1639 ὅτι
1130 1612 1178 1640 οὔκ
1191 1610 1321 1651 ἐφαίνετο,
1335 1610 1395 1640 ἀλλ’
1409 1612 1445 1645 ὡς
1459 1611 1491 1640 ἂν
1508 1611 1578 1641 εἴποι
1590 1623 1647 1651 τις,
1665 1613 1790 1653 ἀκόσμη-

1012 1668 1064 1690 τος.
1086 1655 1202 1685 Οὐδέπω
1221 1651 1253 1692 ἧν
1274 1656 1468 1696 φαιδρυνομένη
1489 1661 1544 1691 τοῖς
1561 1661 1669 1698 φυτοῖς,
1684 1659 1789 1689 οὖδέταο

210 1715 327 1747 pareret,
346 1707 395 1738 sed
411 1715 443 1738 ut
462 1708 525 1746 quis
545 1708 658 1748 dixerit,
671 1710 804 1741 inornata.
828 1712 960 1744 Nondum
977 1708 997 1732 ⁰
1012 1706 1123 1742 καρποῖς
1134 1702 1355 1742 ἕστεφανωμένηᾶ
1371 1702 1474 1732 οὐδέπω
1483 1707 1614 1742 ποταμοῖς
1629 1704 1675 1734 καὶ
1688 1710 1789 1746 πηγαῖς

210 1761 267 1784 erat
279 1755 340 1783 laeta
354 1754 464 1794 plantis,
474 1754 597 1785 nondum
609 1756 744 1786 fructibus
756 1766 960 1796 coronata‚non-

211 1799 278 1830 dum
289 1800 383 1830 fluviis
395 1807 422 1830 et
434 1800 554 1830 fontibus
577 1801 674 1839 cincta,
690 1803 811 1833 nondum
832 1805 894 1835 aliis
907 1816 958 1836 va-

211 1845 313 1884 riisque
346 1846 508 1875 ornamentis
535 1845 632 1877 decora
642 1869 650 1884 ,
678 1855 786 1888 eratque
810 1851 957 1882 invisibilis

210 1891 331 1921 nondum
345 1892 474 1922 instructa
486 1893 613 1933 gignendi
626 1893 761 1924 facultate.
779 1897 824 1926 Ait
838 1898 956 1939 Scriptu-

62 1957 85 1972 ,‚
95 1949 241 1978 Reg.23.ra
252 1938 286 1968 de
307 1938 426 1977 quodam
438 1938 499 1969 viro
524 1940 586 1969 sorti
599 1947 625 1969 et
640 1941 757 1970 formoso
768 1954 775 1971 ε
786 1943 893 1974 Nonne
908 1946 957 1975 Ιιίσ

63 1987 89 2003 ²¹
96 1998 101 2003 ·
210 1987 352 2024 percussit
375 1986 474 2015 virum
495 1987 669 2026 AEgyptinm
691 1990 862 2019 visibilem?
883 1993 957 2022 Num

211 2037 251 2059 est
271 2040 334 2070 ergo
348 2030 391 2060 vir
413 2030 578 2061 invisibilis?
592 2032 646 2062 Sed
663 2033 763 2073 dignus
781 2043 838 2073 est,
858 2037 957 2076 inquit,

210 2077 258 2115 qui
270 2076 443 2116 suspiciatur.
456 2077 693 2113 Quemadmodum
704 2080 788 2119 igitur
796 2082 957 2123 AEgyptium

210 2121 282 2152 dixit
303 2122 394 2152 virum
404 2121 559 2160 visibilem,
580 2134 629 2153 ceu
648 2124 763 2164 dignum
784 2129 955 2167 spectaculo:

1012 1747 1183 1788 διεζωσμένη,
1198 1747 1302 1781 οὐδέπω
1313 1750 1347 1788 τῇ
1360 1748 1429 1788 ἄλλῃ
1442 1748 1571 1790 εὐκοσμίᾳ
1583 1751 1789 1789 πεποικιλμένη,

1011 1795 1056 1824 καὶ
1069 1790 1101 1831 ἦν
1115 1793 1240 1834 ἀόρατος,
1259 1793 1372 1834 μηδέπω
1389 1798 1636 1826 κατασκευασθεῖσα
1650 1796 1788 1837 πρὸς,ἔπι-·

1009 1841 1169 1877 τηδειότητα
1180 1842 1226 1870 τοῦ
1239 1844 1342 1880 γεννᾷν.
1354 1840 1435 1880 Λέγει
1445 1842 1462 1876 ἡ
1475 1840 1570 1881 Γραφὴ
1584 1841 1646 1882 περί
1659 1854 1728 1885 τινος
1740 1843 1787 1872 ἀν-

1009 1886 1095 1926 δρείου
1109 1886 1154 1915 καὶ
1169 1886 1300 1926 εὐμόρφου
1312 1898 1319 1905 ·
1332 1887 1395 1926 Οὐχ
1407 1882 1481 1920 οὗτος
1490 1907 1498 1922 ,
1512 1887 1601 1927 φησὶν,
1615 1887 1730 1923 ὶπάταξε
1742 1889 1787 1919 τὸν

1010 1933 1092 1973 ἄνδρα
1103 1933 1148 1963 τὸν
1159 1932 1306 1972 Αἰγύπτιον
1319 1935 1331 1949 ⁸
1339 1933 1432 1972 ὁρατόν
1442 1945 1451 1970 ;
1464 1933 1560 1964 Ἔστιν
1571 1930 1616 1964 οὗν
1628 1934 1694 1974 ἀνὴρ
1705 1935 1787 1976 ἀόρα-

1010 1990 1071 2016 τος;
1085 1979 1155 2009 Ἀλλ’
1171 1978 1242 2013 ἄξιος
1251 2002 1259 2016 ,
1273 1978 1352 2019 φησὶ,
1366 1981 1413 2008 τοῦ
1428 1981 1548 2019 ὁρᾶσθαι.
1563 1979 1667 2021 Ὥσπερ
1682 1976 1727 2010 οὖν
1739 1981 1785 2011 τὸν

1011 2024 1156 2064 Αἰγύπτιον
1167 2019 1240 2054 εἶπεν
1252 2024 1335 2064 ἄνδρα
1349 2023 1452 2064 ὁρατὸν,
1465 2026 1502 2059 ὡς
1515 2024 1586 2059 ἄξιον
1598 2028 1644 2055 τοῦ
1656 2027 1767 2066 ὁρᾶσθαι
1778 2039 1784 2046 ·

1010 2070 1093 2104 οὕτως
1113 2069 1161 2106 τὴν
1175 2072 1226 2109 γῆν
1239 2069 1288 2105 τὴν
1303 2069 1422 2110 ἄμορφον
1441 2070 1552 2110 ἀόρατον
1566 2071 1701 2101 ἐκάλεσεν.
1716 2070 1785 2112 1”Ι““ᾐ’

1010 2116 1119 2156 δευτέρᾳ
1136 2116 1225 2156 ἡμέρᾳ
1238 2111 1311 2145 εἶπεν
1324 2117 1339 2144 ὁ
1349 2115 1419 2149 Θεός
1430 2127 1437 2134 ·
1450 2116 1593 2153 Γενηθήτω
1607 2116 1746 2158 στερέωμα
1756 2120 1785 2148 ἐν

211 2167 250 2196 sic
272 2174 369 2197 terram
391 2167 533 2197 informem
545 2168 711 2200 invisibilem
734 2171 815 2202 dixit.
832 2175 957 2205 Secundo
975 2165 993 2189 E
1011 2163 1084 2202 μέσῳ
1091 2164 1136 2190 τοῦ
1142 2161 1246 2198 ὅδατος’
1257 2161 1302 2190 καὶ
1311 2161 1380 2190 ἔστω
1389 2162 1544 2202 διαχωρίζον
1553 2162 1685 2202 ἀναμέσον
1691 2162 1784 2198 ὕδατος

65 2232 123 2254 Gen.
144 2237 164 2253 Ι.
178 2212 258 2253 &die
281 2213 353 2243 dixit
375 2215 553 2243 Deus2Fiat
567 2215 784 2254 firmamentum
805 2221 837 2248 in
861 2223 956 2251 medio

212 2269 307 2297 aquoe,
321 2266 349 2288 et
366 2261 405 2288 sit
425 2260 559 2289 dlvidens
580 2261 657 2290 inter
666 2272 775 2302 aquam
790 2271 818 2293 et
834 2277 954 2306 aquam.

211 2305 286 2335 Fecit
295 2305 379 2345 igitur
388 2306 440 2335 hoc
454 2306 560 2343 caelum,
573 2317 626 2336 non
637 2319 700 2338 vero
711 2310 806 2340 caelum
818 2314 953 2352 superius,

209 2351 257 2381 sed
270 2351 342 2381 illud
361 2350 433 2391 quod
448 2352 566 2390 videtur,
583 2364 617 2382 ex
635 2355 713 2393 aquis
727 2367 822 2397 nempe
835 2361 955 2399 crystalli

210 2397 294 2426 instar
313 2398 455 2427 concretis.
472 2398 565 2429 Veliin
584 2411 641 2429 rem
667 2401 716 2430 tibi
736 2402 764 2432 in
784 2413 954 2445 conspectum

210 2442 390 2472 dare2multa
411 2444 483 2473 enim
503 2455 536 2474 ex
560 2445 621 2475 visu
643 2453 734 2476 nostro
755 2448 853 2479 melius
873 2462 954 2490 quam

240 2535 251 2546 ³
267 2525 356 2562 ὁρατόν
374 2528 422 2553 hoc
438 2528 495 2555 luco
509 2536 546 2555 est
563 2531 666 2564 dignum
675 2535 832 2567 spectaculo,
847 2542 875 2561 ut
892 2538 967 2562 vertit

208 2566 327 2599 Vulgatus
342 2568 478 2601 Interpres.

1009 2207 1054 2236 καὶ
1075 2206 1177 2239 ὕδατος.
1192 2206 1337 2243 Ἐποίησεν
1350 2203 1395 2236 οῧν
1408 2206 1453 2236 τὸν
1465 2208 1573 2247 οὐρανὸν
1585 2211 1687 2245 τοῦτον,
1698 2211 1727 2238 οὗ
1738 2209 1783 2239 τὸν

1010 2253 1114 2289 ἐπάνω,
1129 2252 1198 2281 ἀλλὰ
1211 2252 1255 2281 τὸν
1269 2253 1401 2292 ὁρώμενον
1415 2252 1443 2287 ἐξ
1459 2253 1561 2283 ὑδάτων
1575 2254 1660 2290 πήξας
1674 2256 1710 2288 ὡς
1721 2255 1783 2295 κρύ-

1009 2300 1131 2328 σταλλον.
1147 2298 1283 2338 Βούλομαί
1297 2310 1339 2328 σοι
1362 2301 1534 2338 παραστῆσαι
1550 2304 1677 2340 πρᾶγμα·
1695 2300 1782 2330 πολλὰ

1009 2345 1060 2385 γὰρ
1076 2346 1110 2384 τῇ
1133 2344 1191 2384 ὄψει
1215 2345 1315 2383 μᾶλλον
1328 2346 1405 2384 ἡμῶν
1424 2345 1442 2381 ἢ
1455 2347 1494 2385 τῷ
1506 2345 1576 2386 λόγῳ
1596 2345 1780 2385 παραδίδοται.

1010 2397 1096 2425 Τοῦτο
1109 2394 1139 2423 τὸ
1147 2394 1217 2434 ὕδωρ
1229 2396 1363 2435 ὑπερεῖχε,
1374 2395 1436 2435 φέρε
1446 2397 1538 2432 εἰπεῖν,
1549 2398 1596 2431 τῆς
1607 2397 1656 2434 γῆς
1666 2399 1678 2412 ⁶
1685 2396 1781 2437 πήχεις

1009 2444 1158 2484 τριάκοντα.
1181 2440 1250 2474 Εἶτα
1268 2440 1340 2474 εἶπεν
1357 2448 1371 2475 ὁ
1384 2445 1452 2479 Θεός
1462 2457 1468 2464 ·
1482 2445 1626 2482 Γενηθήτω
1640 2446 1780 2486 στερέωμα

1037 2535 1050 2553 b
1057 2534 1115 2558 Haec
1122 2533 1188 2566 apud
1195 2535 1312 2559 Cosmam
1320 2535 1467 2569 AEgyptium
1473 2533 1680 2567 habentui-‚usn
1691 2540 1716 2561 et
1721 2543 1775 2568 sqq.

1040 2582 1049 2592 ε·
1067 2574 1171 2598 Cosmus
1181 2581 1258 2607 πήχεις
1270 2579 1344 2601 πέντε.
