1890 2826
219 163 290 199 528

216 247 298 265 ausus
319 242 387 265 esset
400 247 407 264 ε
420 241 500 274 atque
513 235 644 275 expulsus
666 234 777 264 demum
795 235 844 265 ille
857 243 960 266 estnon

215 282 296 312 modo
311 281 500 318 assacerdotio,
516 280 565 310 sed
575 276 656 310 etiam
667 292 682 310 a
694 291 787 320 regno,
802 288 828 311 et
839 282 961 322 leprosus

215 329 324 358 mansit.
351 328 426 357 Deus
447 338 529 368 porro
551 327 625 367 quod
646 338 727 357 suum
749 335 806 358 erat
826 329 960 368 praestitit,

216 374 372 414 indignatus
393 381 483 403 autem
509 381 549 403 est
571 374 600 403 in
620 373 780 410 sacerdotes,
792 375 962 414 maximeque

910 176 1092 200 SEVERlANI

1012 238 1184 277 τολμήσαντα
1193 261 1201 275 ,
1216 239 1345 269 ἐπέὸαλεν
1357 241 1429 281 αὐτῷ
1439 241 1539 281 λεπρὰν
1551 243 1578 271 ἐν
1590 243 1627 282 τῷ
1639 242 1784 283 προσώπῳ,

1012 286 1048 317 ὡς
1065 285 1228 324 τολμήσαντι
1251 285 1367 325 ἅψασθαι
1386 289 1440 316 τῶν
1465 286 1546 325 ἁγίων
1557 299 1564 306 ·
1586 288 1631 318 καὶ
1655 288 1785 324 ἐξεόλήθη

1011 330 1102 359 λοιπὸν
1116 332 1145 360 οὐ
1160 330 1238 369 μόνον
1251 333 1299 367 τῆς
1312 331 1455 371 ἱερωσύνης
1465 354 1473 368 ,
1487 332 1556 362 ἀλλὰ
1571 333 1616 363 καὶ
1639 335 1688 369 τῆς
1702 336 1783 374 βασι-

1011 375 1083 409 λείας
1091 397 1099 411 ,
1113 376 1158 405 καὶ
1171 376 1273 415 διέμενε
1283 377 1388 416 λεπρός.
1406 377 1441 407 Ὁ
1453 377 1480 407 δὲ
1492 378 1561 412 Θεὸς
1572 379 1681 415 ἐποίησε
1694 380 1741 419 μὲν
1754 380 1786 410 τὸ

162 426 168 431 “
215 420 242 449 ἰι]
257 421 427 460 prophetam,
440 419 515 459 quod
533 430 650 460 praesens
668 430 729 449 cum
744 428 822 458 esset,
838 421 960 462 pietatem
977 430 996 452 ι)
1012 421 1086 456 ἴδιον,
1110 421 1254 461 ἠγανάκτει
1275 422 1302 452 δὲ
1324 428 1379 456 τοῖς
1401 425 1510 463 ἱερεῦσι,
1543 424 1589 454 καὶ
1611 424 1728 463 μάλιστα
1746 427 1785 465 τῷ

215 467 387 507 prodidisset.
413 469 487 496 Deus
507 467 598 506 itaque
618 478 683 507 erga
702 468 961 508 prophetam'silen-

174 539 186 545 ,.
214 514 283 543 tium
298 514 437 553 servabat3
452 525 501 544 nec
513 515 597 546 verba
609 525 672 544 cum
685 526 717 545 eo
728 516 801 552 fecit,
816 515 901 546 donec
911 517 963 546 ini-

66 658 122 679 [καί.
133 656 154 678 6.
169 663 187 678 1.

69 1125 126 1145 Ihul.
137 1133 156 1145 ν,
168 1130 191 1146 2.

68 1724 203 1749 lsai.6.2.3.

215 570 284 598 quus
299 560 347 589 ille
369 567 527 590 moreretur.
543 561 614 590 Cum
632 568 721 591 autem
739 561 849 592 obiisset
862 562 963 603 impius

215 605 273 640 ille,
285 613 344 635 tum
358 607 433 636 Deus
444 606 531 646 posita
545 606 739 646 indignatione,
751 608 888 648 prophetae
897 619 960 638 con-

215 651 333 681 ciliatur.
350 652 397 682 Ait
409 651 499 691 itaque
513 652 598 682 Isaias
611 665 618 681 :
630 654 799 694 chactum
811 661 854 683 est
868 657 899 683 in
913 666 965 684 an-

215 709 264 732 no,
279 700 311 727 in
319 709 377 738 quo
392 705 522 728 mortuus
539 705 582 728 est
593 709 644 728 rex
666 701 765 734 Ozias,
778 701 846 729 vidi
857 701 962 730 Domi-

216 755 284 773 num
307 745 457 774 sedentem
475 754 562 784 super
578 745 686 775 solium
705 747 852 776 excelsum
864 753 892 776 et
901 748 960 776 ele-

216 797 322 819 vatum.
351 791 408 819 Cur
422 800 488 820 vero
511 791 584 820 Deus
605 791 731 831 apparuit
757 802 839 831 super
862 793 963 822 solium

214 837 350 866 excelsum
361 843 387 866 et
400 836 534 867 elevatum
544 837 558 866 Ξ)
570 837 643 874 Quia
664 838 811 868 invisibilis
824 845 862 868 est
876 841 961 876 Deus,

215 893 262 911 rex
281 890 371 912 autem
384 882 460 913 visus
481 890 583 913 metum
605 883 719 914 incussit
730 896 738 922 ;
751 884 890 924 prophetae
908 896 962 914 cae—

215 929 306 958 lestem
333 929 447 969 gloriam
471 930 613 966 exhibuit;
629 937 659 960 ut
684 930 834 960 ostenderet
857 931 894 967 ei,
909 942 964 970 quo

1011 467 1150 507 προφήτῃ,
1171 467 1214 496 ὅτι
1231 468 1323 508 παρὼν
1341 468 1477 508 προέδωκε
1496 469 1545 506 τὴν
1567 470 1710 500 εὐσέῧειαν.
1730 466 1786 500 ’Ἦν

1011 508 1055 541 οὖν
1071 515 1084 542 6
1103 513 1172 546 Θεὸς
1193 515 1220 543 ἐν
1247 515 1455 555 παρασιωπήσει
1476 516 1541 556 πρὸς
1564 516 1608 546 τὸν
1632 517 1785 557 προφήτην,

1012 558 1058 587 καὶ
1077 560 1106 588 οὐ
1129 559 1266 597 μετέδωκε.
1274 560 1382 599 λόγους,
1396 561 1445 594 ἕως
1460 561 1630 597 ἐτελεύτησεν
1641 564 1655 591 6
1667 562 1785 602 παράνο-

1013 615 1070 641 μος.
1086 604 1153 634 “Ore
1173 605 1264 635 λοιπὸν
1287 605 1415 635 ἀπέθανεν
1429 609 1443 636 6
1457 606 1571 643 ἀσεὸὴς,
1593 606 1607 624 ¹²
1617 607 1678 637 τότε
1689 610 1703 637 6
1717 610 1786 642 Θεὸς

1012 650 1173 689 ἀποθέμενος
1191 650 1240 687 τὴν
1255 651 1445 691 ἀγανάκτησιν,
1465 652 1653 682 διαλλάσσει-αι
1665 656 1704 694 τῷ
1718 666 1786 694 προ-

1012 695 1094 736 φήτῃ.
1105 697 1185 736 Λέγει
1194 697 1280 726 τοίνυν
1291 697 1405 731 Ἡσαΐας
1413 709 1419 716 ·
1432 698 1486 728 Καὶ
1499 698 1602 738 ἐγένετο
1611 700 1638 728 ἐν
1651 702 1690 740 τῷ
1702 701 1787 730 ἐνιαυ-

1012 744 1051 782 τῷ
1061 765 1068 778 ,
1083 737 1106 782 ᾧ
1119 743 1248 772 ἀπέθανεν
1263 743 1354 777 Ὀζίας
1367 745 1381 773 6
1393 744 1516 783 βασιλεὺς
1526 765 1535 779 ,
1548 739 1616 774 εἶδον
1630 745 1675 774 τὸν
1689 745 1788 785 Κύριον

1012 788 1159 827 καθήμενον
1179 789 1223 818 ἐπὶ
1246 789 1336 829 θρόνου
1356 791 1457 830 ὑψηλοῦ
1482 790 1527 819 καὶ
1548 790 1706 831 ἐπηρμένου.
1734 792 1789 821 Καὶ

1013 833 1083 863 διατί
1093 834 1162 868 Θεὸς
1172 835 1290 873 ἐπεφάνη
1302 835 1346 865 ἐπὶ
1357 836 1448 876 θρόνου
1459 837 1561 876 ὑψηλοῦ
1572 837 1617 866 καὶ
1626 837 1788 877 ἐπηρμένου;

1013 879 1125 916 Ἐπειδὴ
1140 880 1251 920 ἀόρατός
1266 882 1337 910 ἐστιν
1349 884 1363 911 6
1376 881 1444 915 Θεὸς
1454 905 1462 919 ,
1479 884 1493 911 6
1507 881 1533 912 δὲ
1548 881 1672 921 βασιλεὺς
1683 883 1787 923 ὁρώμε-

1012 937 1055 959 νος
1069 926 1148 966 φόὸον
1163 927 1240 966 ἔσχε,
1261 927 1376 957 δείκνυσι
1397 929 1436 968 τῷ
1451 928 1573 968 προφήτῃ
1596 928 1645 964 τὴν
1667 929 1788 969 οὐράνιον

217 974 286 1003 solio
308 974 451 1014 despecto,
474 975 549 1014 quod
566 975 665 1005 solium
685 975 877 1005 honorassent:
889 976 963 1015 quod
979 983 998 1005 Ε
1014 971 1101 1008 δόξαν,
1122 971 1166 1001 ἵνα
1180 972 1261 1012 πείσῃ
1276 973 1355 1002 αὐτὸν
1367 973 1443 1003 ποίου
1459 973 1550 1014 θρόνου
1564 975 1785 1014 καταφρονήσαν-

217 1020 384 1057 satellitium,
398 1031 494 1061 nempe
511 1021 614 1051 caeleste
627 1028 652 1051 et
672 1021 836 1061 angelicum,
851 1032 903 1051 non
912 1023 964 1053 ho—

218 1073 353 1103 norantes,
367 1077 453 1105 neque
473 1069 629 1107 cogitantes,
643 1067 794 1097 humanum
807 1068 965 1098 satellitium

218 1112 384 1142 metuissent.
398 1113 438 1142 Et
451 1120 524 1150 erat,
538 1113 637 1152 inquit,
651 1115 754 1143 domus
765 1114 856 1153 plena
869 1115 965 1155 gloria

217 1160 279 1198 ejus
292 1171 300 1188 ι
314 1166 341 1188 et
364 1159 514 1199 Seraphim
539 1162 660 1190 stabant
683 1163 715 1189 in
736 1163 859 1191 circuitu
889 1165 962 1202 ejus,

216 1204 366 1234 Cherubim
392 1205 491 1234 solium
503 1227 511 1242 ‚
534 1205 675 1244 Seraphim
699 1207 857 1236 satellitium
877 1215 940 1238 sunt
953 1221 961 1238 ι

216 1249 365 1279 Cherubim
383 1260 498 1288 namque
521 1250 591 1279 nihil
604 1250 680 1280 aliud
699 1251 868 1291 significant,
882 1264 964 1292 quam

216 1295 374 1335 sapientiam
394 1296 512 1335 plenam.
538 1296 772 1332 Quemadmodum
799 1305 889 1327 autem
913 1299 964 1329 hoc

216 1340 315 1370 solium
329 1342 387 1371 sive
401 1342 476 1371 aliud
488 1341 604 1381 quodvis
623 1342 741 1381 quietem
754 1345 854 1383 praebet
867 1345 961 1375 seden-

216 1387 250 1424 ti,
259 1394 351 1426 estque
359 1387 455 1417 honori
468 1388 551 1417 simul
563 1395 590 1418 et
602 1388 702 1427 quieti:
714 1390 752 1418 ita
762 1397 788 1419 et
800 1391 850 1420 Dei
863 1391 963 1422 solium

1013 1029 1056 1050 τες
1065 1038 1074 1053 ,
1084 1021 1159 1047 ποῖον
1173 1018 1262 1058 θρόνον
1276 1018 1406 1057 ἐτίμησαν
1418 1031 1425 1037 ·
1439 1018 1517 1049 ποίαν
1532 1020 1696 1060 δορυφορίαν,
1707 1020 1784 1060 οὐρά-

1015 1075 1068 1092 νιον
1083 1063 1128 1096 καὶ
1142 1063 1295 1103 ἀγγελικὴν,
1303 1064 1340 1103 μὴ
1349 1064 1518 1104 τιμήσαντες,
1528 1065 1595 1104 μηδὲ
1609 1065 1788 1103 ἐννοήσαντες,

1014 1109 1169 1149 δορυφορίαν
1180 1110 1345 1150 ἀνθρωπίνην
1355 1111 1571 1147 ἐδυσωπήθησαν.
1582 1111 1636 1141 Καὶ
1647 1106 1690 1147 ἦν,
1698 1111 1788 1151 φησὶν,

1014 1154 1120 1195 πλήρης
1141 1157 1155 1184 6
1176 1150 1245 1189 οἶκος
1267 1158 1314 1191 τ’ῆς
1333 1155 1409 1193 δόξης
1433 1157 1529 1194 αὐτοῦ,
1545 1156 1591 1187 ’καὶ
1603 1156 1638 1186 τὰ
1651 1157 1789 1197 Σεραφεὶμ.

1015 1201 1185 1237 εἱστήκεισαν
1210 1201 1300 1242 κύκλῳ
1333 1203 1422 1232 αὐτοῦ.
1450 1203 1495 1232 Τὰ
1522 1203 1673 1243 Χερουὸεὶμ
1701 1203 1789 1243 θρόνος

1015 1247 1091 1284 ἐστὶ,
1114 1246 1148 1277 τὰ
1169 1248 1307 1288 Σεραφεὶμ
1333 1249 1487 1289 δορυφορία·
1509 1249 1543 1279 τὰ
1567 1249 1719 1290 Χερουὸεὶμ
1738 1249 1789 1288 γὰρ

1015 1291 1089 1322 οὐδὲν
1115 1293 1181 1323 ἄλλο
1213 1294 1402 1333 ἑρμηνεύεται,
1431 1294 1450 1330 ἢ
1475 1295 1557 1335 σοφία
1582 1295 1789 1336 πεπληρωμένη.

1015 1337 1119 1377 ιὨσπερ
1134 1339 1161 1368 δὲ
1175 1335 1249 1372 οὗτος
1260 1342 1274 1369 6
1288 1340 1376 1379 θρόνος
1389 1340 1406 1375 ἢ
1421 1340 1508 1381 ἕτερος
1522 1341 1651 1370 ἀναπαύει
1671 1342 1715 1371 τὸν
1737 1353 1786 1371 κα-

1014 1383 1136 1423 θήμενον,
1150 1385 1195 1413 καί
1216 1385 1273 1414 ἐστι
1297 1385 1363 1425 τιμὴ
1392 1386 1437 1415 καὶ
1460 1386 1624 1419 ἀνάπαυσις·
1650 1387 1719 1416 οὕτω
1744 1387 1789 1416 καὶ

217 1434 346 1474 sapientia
360 1434 387 1463 in
400 1445 454 1474 qua
467 1435 541 1464 Deus
554 1434 705 1474 requiescit.
722 1435 787 1466 Ideo
800 1437 891 1467 David
903 1437 960 1467 ait:
970 1459 1007 1480 452
1015 1431 1085 1459 Θεοῦ
1109 1430 1196 1470 θρόνος
1216 1430 1294 1471 σοφία
1303 1453 1311 1467 a
1334 1433 1374 1471 ἐφ’
1391 1427 1409 1470 ᾗ
1423 1432 1622 1462 ἕποναπαῦεταῑ
1642 1433 1721 1466 Θῑός·
1737 1433 1790 1462 At&

215 1572 312 1608 oculis,
326 1571 355 1600 in
366 1571 459 1609 dorso,
467 1573 495 1601 in
505 1572 602 1612 capite,
616 1573 644 1602 in
656 1573 759 1613 pennis,
768 1573 795 1602 in
807 1574 964 1613 pedibus,in

215 1624 360 1658 pectore,et
366 1624 421 1647 tota
429 1618 514 1647 oculis
521 1618 601 1658 plena
609 1625 694 1655 erant,
701 1618 830 1657 quoniam
835 1619 964 1658 sapientia

216 1664 336 1703 undique
352 1665 533 1705 conspicit,et
550 1664 671 1704 undique
690 1666 789 1705 apertis
807 1672 847 1694 est
866 1667 962 1696 oculis.

215 1713 273 1742 Sex
282 1714 349 1751 alae,
361 1713 460 1752 inquit,
470 1715 532 1748 uni,
543 1720 572 1743 et
584 1724 636 1743 sex
649 1713 706 1742 alce
717 1715 778 1742 uni.
795 1715 824 1743 E
827 1721 838 1743 t
851 1715 965 1745 duabus

217 1760 334 1799 quidem
349 1761 484 1799 tegebant
504 1760 634 1795 vultum,
647 1766 675 1789 et
696 1759 810 1789 duabus
821 1761 921 1800 pedes,
937 1768 966 1791 et

216 1807 331 1836 duabus
341 1807 498 1836 volabant.
506 1807 547 1836 Ee
565 1807 736 1836 clamabant
748 1807 826 1836 alter
839 1808 880 1836 ad
890 1808 964 1837 alte-

218 1862 294 1888 rum,
307 1853 443 1890 Sanctus,
455 1860 586 1889 sanctus,
611 1859 731 1881 sanctus
751 1853 896 1883 Dominus
909 1854 963 1883 Sa-

217 1899 327 1929 baoth:
340 1899 392 1928 hoc
413 1905 463 1935 est,
477 1898 610 1928 Dominus
632 1897 810 1928 exercituum.
832 1898 889 1928 Sex
907 1900 965 1929 aloe

218 1948 282 1980 uni,
295 1951 325 1973 et
343 1954 396 1973 sex
415 1945 473 1974 aloe
491 1946 554 1973 uni.
578 1945 647 1974 Octo
671 1944 808 1973 silentium
823 1951 923 1982 tenent,
938 1952 964 1975 et

218 1996 333 2028 quatuor
347 1990 472 2019 clamant.
484 1989 560 2026 Quid
574 1999 639 2028 ergo
650 1989 728 2019 docet
741 2000 790 2019 nos
803 1991 963 2030 Scriptura?

219 2037 260 2065 Ne
282 2046 361 2065 omne
387 2035 558 2065 ratiocinium
581 2046 736 2065 moveamus
765 2036 836 2066 circa
858 2038 947 2066 Deum
952 2048 962 2076 3

220 2083 268 2113 sed
289 2083 340 2112 alia
361 2082 468 2112 silentio
487 2082 675 2122 praedicemus,
691 2082 743 2112 alia
763 2083 817 2113 fide
830 2084 963 2124 glorifice-

220 2139 281 2158 mus
294 2135 320 2158 et
341 2128 435 2158 divina
457 2128 589 2158 dicamus.
611 2129 668 2158 Gur
688 2135 776 2158 autem
794 2129 876 2169 pedes
888 2130 964 2159 obte-

219 2182 287 2215 gunt
298 2181 324 2204 et
335 2174 436 2214 caput?
455 2175 525 2212 Quia
545 2185 592 2203 noc
604 2174 767 2214 principium
782 2186 831 2205 nec
844 2176 907 2205 finis
920 2186 962 2205 re-

220 2221 334 2262 peritur.
355 2220 468 2249 Duabus
489 2226 582 2259 tegunt
604 2227 685 2260 caput
702 2227 728 2249 et
740 2220 847 2251 duabus
865 2221 963 2261 pedes,

221 2278 316 2307 nempe
325 2266 432 2296 duabus
445 2265 542 2295 mediis
556 2265 650 2306 pennis
663 2266 766 2304 volant,
780 2277 833 2296 non
846 2268 965 2308 superio-

221 2314 309 2350 ribus,
324 2323 372 2342 nec
385 2312 567 2342 inferioribus.
586 2313 642 2341 Nos
653 2312 724 2341 enim
739 2313 773 2342 de
783 2315 840 2343 Deo
852 2314 965 2353 loquen-

220 2368 275 2397 tes,
289 2359 379 2389 media
404 2359 540 2389 declarare
567 2365 672 2399 oportet
690 2371 696 2387 :
715 2360 789 2398 quod
813 2371 908 2401 nempe
931 2361 965 2390 sit

220 2406 296 2436 Deus
305 2429 313 2442 ,
326 2405 399 2444 quod
412 2406 533 2442 Creator,
547 2404 620 2443 quod
637 2405 780 2442 Dominus,
796 2407 869 2444 quod
883 2407 961 2436 benc-

220 2452 297 2481 ficus.
311 2452 374 2481 Haec
385 2450 476 2480 omnia
489 2449 577 2479 media
590 2456 663 2479 sunt.
680 2450 709 2480 Si
721 2450 805 2488 dicas,
821 2452 964 2488 Quomodo

250 2543 263 2561 b
281 2542 326 2566 His
333 2541 418 2567 affinia
427 2541 490 2566 dicit
498 2540 694 2574 Chrysostomus
705 2549 778 2574 snpra
786 2541 975 2567 Commentario

214 2583 241 2606 iu
254 2581 355 2607 Isuiam.

176 1500 183 1508 .
222 1481 281 1519 Qui
291 1481 373 1510 sedes
383 1491 469 1520 super·
483 1481 638 1510 Cherubim
644 1494 657 1517 ,·
668 1492 700 1511 ac
713 1481 737 1511 si
749 1482 858 1518 diceret,
873 1484 922 1522 qui
935 1485 962 1513 in
980 1487 999 1509 Α
1015 1478 1093 1505 τοῦτο
1107 1479 1121 1505 ο
1132 1476 1217 1505 Amul&
1228 1488 1324 1516 φησιν’
1343 1477 1378 1507 Ὁ
1396 1477 1543 1517 καθήμενος
1557 1478 1601 1507 ἐπὶ
1613 1480 1666 1508 τῶν
1683 1476 1788 1519 Χερου“

170 1532 175 1538 ’
201 1532 207 1538 “
215 1525 295 1565 plena
305 1525 434 1566 sapientia
444 1525 571 1565 quiescis.
581 1525 646 1556 Ideo
656 1526 808 1556 Cherubim
817 1528 896 1567 plena
902 1536 965 1559 sunt

1016 1521 1092 1560 ὅεὶμ,
1117 1522 1176 1551 ἀντὶ
1198 1526 1244 1552 τοῦ
1256 1545 1265 1560 ,
1291 1525 1305 1552 6
1325 1523 1370 1552 ἐπὶ
1393 1525 1442 1559 τῆς
1463 1523 1675 1564 πεπληρωμένης
1698 1524 1790 1564 σοφίας

1014 1567 1256 1606 ἐπαναπαυόμενος.
1281 1568 1334 1598 Διὰ
1358 1572 1436 1598 τοῦτο
1459 1569 1494 1598 τὰ
1521 1569 1672 1609 Χερουὸεὶμ
1697 1569 1789 1609 πλήρη

1015 1614 1166 1653 ὀφθαλμῶν,
1187 1613 1220 1643 τὰ
1240 1617 1327 1651 νῶτα,
1353 1614 1402 1650 τὴν
1426 1614 1554 1655 κεφαλὴν,
1572 1614 1619 1648 τὰς
1643 1615 1791 1655 πτέρυγας,

1015 1658 1075 1692 τοὺς
1088 1659 1184 1697 πόδας,
1198 1659 1232 1689 τὰ
1243 1660 1328 1697 στήθη
1337 1684 1345 1697 ,
1359 1661 1404 1690 καὶ
1417 1661 1506 1690 πάντα
1518 1662 1661 1701 ὀφθαλμῶν
1675 1662 1790 1698 ἐπεπλή-

1017 1716 1086 1744 ρωτο
1095 1728 1103 1742 ,
1116 1706 1207 1742 ἐπειδὴ
1221 1708 1238 1741 ἡ
1253 1706 1332 1746 σοφία
1344 1706 1510 1747 πανταχόθεν
1526 1707 1620 1747 βλέπει
1631 1728 1639 1743 ,
1651 1708 1789 1748 πανταχό-

1016 1753 1058 1780 θεν
1073 1751 1239 1791 ἠνεῳγμένον
1252 1752 1310 1792 ἔχει
1321 1752 1352 1781 τὸ
1372 1752 1456 1792 ὄμμα.
1471 1751 1540 1788 ζἛξ,
1561 1753 1644 1792 φησὶ,
1663 1753 1791 1793 πτέρυγες

1015 1799 1054 1837 τῷ
1068 1798 1107 1827 ἑνὶ
1117 1821 1126 1834 ,
1148 1798 1194 1827 καὶ
1215 1797 1243 1832 ἓξ
1263 1798 1391 1838 πτέρυγες
1405 1800 1443 1839 τῷ
1461 1798 1509 1828 ἑνί.
1529 1799 1582 1828 Καὶ
1597 1803 1655 1832 ταῖς
1669 1799 1719 1838 μὲν4
1733 1800 1792 1830 δυσὶ

1015 1843 1215 1874 κατεκάλυπτον
1229 1844 1259 1874 τὸ
1270 1844 1423 1884 πρόσωπον,
1438 1844 1483 1875 καὶ
1495 1849 1553 1878 ταῖς
1564 1845 1623 1875 δυσὶ
1631 1845 1691 1879 τοὺς
1700 1845 1792 1881 πόδας,

1014 1894 1072 1924 ταῖς
1083 1889 1110 1919 δὲ
1123 1890 1195 1919 δυσὶν
1206 1889 1338 1920 ἐπέτοντο.
1350 1891 1405 1920 Καὶ
1418 1891 1560 1931 ἐκέκραγον
1569 1891 1656 1931 ἕτερος
1667 1891 1733 1931 πρὸς
1746 1892 1791 1921 τὸν

1015 1935 1103 1975 ἕτερον
1113 1947 1120 1954 ·
1133 1934 1238 1975 Ἄγιος,
1253 1935 1339 1975 ἅγιος,
1351 1936 1424 1976 ἅγιος
1450 1936 1547 1976 Κύριος
1574 1936 1706 1966 Σαὸαώθ·
1732 1949 1791 1966 του-

1016 1981 1097 2019 τέστι,
1112 1981 1209 2022 Κύριος
1223 1984 1363 2021 στρατιῶν.
1377 1981 1429 2016 “Ὲξ
1442 1982 1568 2022 πτέρυγες
1582 1985 1619 2023 τῷ
1635 1982 1672 2012 ἑνὶ
1681 2005 1690 2019 ,
1703 1983 1749 2013 καὶ
1763 1983 1792 2017 ἓξ

980 2033 998 2056 Β
1015 2027 1142 2068 πτέρυγες
1163 2030 1202 2068 τῷ
1216 2028 1263 2057 ἑνί.
1279 2027 1371 2058 Ὀκτὼ
1393 2028 1572 2068 ἡσυχάζουσι,
1594 2028 1639 2058 καὶ
1666 2029 1791 2069 τέσσαρες

1017 2076 1110 2113 βοῶσι.
1127 2073 1163 2103 Τί
1181 2069 1226 2102 οὗν
1248 2074 1366 2104 διδάσκει
1385 2077 1456 2113 ἡμᾶς
1468 2077 1486 2110 ἡ
1501 2075 1523 2104 Γ
1526 2074 1611 2115 ραφή;
1635 2075 1682 2111 Μὴ
1703 2076 1790 2105 πάντα

1017 2123 1097 2149 κινεῖν
1110 2119 1238 2158 λογισμὸν
1252 2120 1314 2159 περὶ
1327 2122 1398 2152 Θεοῦ
1410 2132 1416 2138 ·
1444 2119 1513 2149 ἀλλὰ
1529 2119 1564 2148 τὰ
1582 2120 1630 2159 μὲν
1642 2124 1730 2161 σιωπῇ
1742 2134 1791 2157 κη·

1018 2165 1129 2205 ρύττειν,
1143 2164 1177 2194 τὰ
1190 2164 1218 2195 δὲ
1231 2165 1323 2196 πίστει
1336 2165 1451 2200 δοξάζειν
1463 2166 1510 2196 καὶ
1522 2167 1661 2206 θεολογεῖν.
1673 2167 1751 2197 Διατί
1763 2168 1790 2197 δὲ

1017 2211 1177 2245 σκεπάζουσι
1197 2210 1258 2245 τοὺς
1278 2211 1361 2245 πόδας
1383 2211 1429 2241 καὶ
1452 2212 1502 2247 τὴν
1525 2212 1662 2252 κεφαλήν;
1677 2213 1790 2249 Ἐπειδὴ

1017 2257 1076 2287 οὔτε
1099 2257 1169 2297 ἀρχὴ
1193 2257 1360 2297 εὑρίσκεται,
1382 2257 1442 2286 οὔτε
1463 2257 1549 2291 τέλος.
1574 2259 1661 2292 *Ταῖς
1684 2258 1711 2288 δὲ
1733 2259 1791 2288 δυσὶ

1017 2302 1181 2333 καλύπτουσι
1195 2303 1244 2340 τὴν
1258 2303 1387 2343 κεφαλὴν,
1402 2307 1459 2337 ταῖς
1474 2303 1532 2333 δυσὶ
1545 2303 1605 2337 τοὺς
1619 2304 1701 2338 πόδας
1711 2317 1717 2323 ·
1742 2305 1788 2340 δη-

1016 2353 1104 2383 λονότι
1118 2358 1176 2387 ταῖς
1199 2354 1291 2393 μέσαις
1312 2353 1422 2394 πτέρυξι
1441 2353 1585 2391 πέτονται,
1603 2355 1632 2383 οὗ
1646 2359 1704 2388 ταῖς
1718 2355 1789 2389 ἄνω,

1018 2404 1047 2432 οὗ
1061 2408 1119 2437 ταῖς
1131 2403 1213 2433 κάτω.
1225 2405 1272 2433 Δεῖ
1286 2403 1336 2443 γὰρ
1348 2406 1419 2443 ἡμᾶς
1437 2403 1499 2443 περὶ
1518 2405 1588 2433 Θεοῦ
1602 2404 1745 2438 λαλοῦντας
1756 2404 1789 2433 τὰ

1019 2453 1088 2491 μέσα
1100 2454 1205 2483 λαλεῖν·
1221 2453 1262 2483 ὅτι
1276 2453 1344 2487 Θεὸς
1354 2476 1362 2491 ,
1380 2453 1420 2483 ὅτι
1440 2453 1597 2493 δημιουργὸς
1607 2477 1614 2490 ,
1628 2453 1670 2482 ὅτι
1681 2454 1785 2483 Δεσπό-

1058 2551 1068 2562 ³
1087 2543 1181 2576 [Savil.
1195 2549 1232 2571 καὶ
1246 2551 1293 2574 ταῖς
1304 2548 1347 2578 μὲν
1359 2547 1509 2573 §ost-...mas
1519 2546 1541 2569 δὲ
1554 2543 1621 2578 δυσί]
