1890 2826
701 187 734 210 ια’
765 188 896 218 isaiam,

111 250 230 290 λούμενοι
248 251 364 290 συνεχῶς
390 250 433 279 ἐπὶ
456 252 495 288 τῷ
519 252 566 285 τῆς
587 250 668 284 ἄλλης
690 250 785 289 ἀρετῆς
810 243 877 277 εἶναι

110 297 204 337 ἔρημοι
211 319 220 334 ,
231 296 290 325 ἀντὶ
300 295 426 336 μεγίστης
434 294 576 334 ἀπολογίας
587 295 634 328 τὰς
646 294 736 328 Θυσίας
747 293 877 334 προεὸοίλ-

109 343 202 379 λοντο,
215 343 251 376 ὡς
263 343 379 382 συνεχῶς
398 341 478 375 αὐτὰς
489 342 684 381 ἐπιτελοῦντες,
698 340 805 374 εἰκότως
816 340 877 369 ἑκά-

109 400 184 428 τερος
197 391 211 418 ὃ
221 388 375 429 προφήτης,
390 389 489 427 μᾶλλον
502 388 530 417 δὲ
552 387 598 417 καὶ
623 388 647 417 ot
672 387 748 417 ἄλλοι
762 386 875 422 πάντες,

110 435 208 471 ταύτης
217 435 388 465 ἑκὸἄλλουσιν
401 435 495 469 αὐτοὺς
507 436 556 470 τῆς
567 434 719 473 ἀπολογίας.
734 433 815 463 “Οθεν
829 434 875 468 δῆ-

110 483 165 518 λον,
179 482 219 512 ὅτι
232 483 262 512 οὔ
273 481 476 522 προηγουμένως
487 481 566 511 αὐταὶ
583 481 720 516 ἐδόθησαν,
734 481 792 509 ἀλλ’
808 479 877 509 ὥστε

925 187 999 210 (ΣΔΡ.
1030 189 1054 209 Ι.
1628 187 1663 209 11

930 248 1052 284 viculos,
1071 258 1163 287 neque
1186 249 1222 277 tle
1241 250 1373 288 gregibus
1393 251 1448 277 tuis
1465 249 1558 278 hircos
1565 260 1578 285 ;
1589 249 1670 279 isaias

928 304 992 323 vero
1014 306 1020 322 :
1046 293 1229 323 Holocausta
1242 297 1383 330 arietum,
1396 300 1424 322 et
1445 295 1561 334 adipem
1579 305 1670 334 agno-

928 352 1002 378 rum,
1013 347 1041 370 ει
1052 344 1225 381 sanguinem
1234 349 1385 372 taurorum
1393 349 1420 371 et
1431 344 1576 371 hircorum
1588 343 1668 372 nolo.

927 388 998 417 Nam
1011 387 1076 426 quia
1088 388 1204 418 accusati
1214 389 1376 427 frequenter,
1387 387 1461 427 quod
1470 388 1571 418 caeteris
1582 388 1669 419 virtu-

927 433 1000 462 tibus
1013 434 1091 463 vacui
1102 441 1200 471 essent,
1216 445 1264 474 pro
1285 434 1402 463 maxima
1422 434 1575 463 defensioue
1588 436 1669 464 sacri-

927 479 987 508 licia
1001 480 1191 517 obtendebant,
1204 487 1234 509 ut
1247 491 1306 519 quae
1317 480 1466 519 frequenter
1472 481 1669 520 persolvebant,

109 528 291 568 παιδαγωγίαν
303 528 424 566 γενέσθαι
436 529 483 563 τῆς
494 527 576 563 ἄλλης
595 529 712 557 ἐντεῦθεν
724 528 811 559 αὐτοῖς
824 537 874 555 πο-
892 528 911 551 C
927 526 1022 556 merito
1036 533 1148 566 uterque
1158 528 1301 567 propheta,
1314 527 1367 556 imo
1377 526 1468 567 potius
1480 527 1568 556 caeteri
1579 537 1671 557 omues

109 575 218 609 λιτείας.
236 574 314 605 Ἐπεὶ
327 575 355 604 δὲ
365 577 418 604 τῶν
433 573 581 613 ἀναγκαίων
595 572 804 612 κατεπειγόντων
816 573 878 611 ἀμε-

110 623 228 657 λοῦντες,
244 623 272 651 ἐν
287 621 387 655 τούτοις
408 621 574 661 ἠσχόληντο,
588 619 646 650 οὐδὲ
667 618 764 653 ταύτας
786 618 878 648 λοιπὸν

109 671 120 684 “
129 667 285 708 προσίεσθαί
298 679 377 708 φησιν
387 670 402 697 ὁ
413 667 492 701 Θεός.
505 666 576 697 Οὐδὲ
590 666 621 695 ἂν
641 666 755 706 ἔρχησθε
768 665 879 705 ὀφθῆναί

110 725 165 752 μοι.
181 713 248 743 Ἐὰν
261 715 443 754 παραγένησθε
451 736 460 750 ,
471 714 561 753 φησὶν,
575 714 611 746 εἷς
623 713 667 742 τὸν
680 712 752 742 ναόν.
768 711 818 745 Τίς
828 710 879 751 γὰρ

110 759 249 796 ἐξεζήτησε
262 762 347 789 ταῦτα
357 761 387 789 ἐκ
397 762 451 789 τῶν
464 762 561 800 χειρῶν
574 761 668 798 fissan
688 758 742 788 Καὶ
754 757 806 796 μὴν
821 757 880 787 ὁλό·

111 806 210 845 κληρον
237 805 373 845 σύγκειται
397 806 498 845 βιὸλίον
520 805 551 835 τὸ
574 805 712 836 Λευιτικὸν
727 804 878 842 λεγόμενον,

110 851 172 891 περὶ
182 852 231 887 τῆς
240 853 294 881 τῶν
317 853 414 881 θυσιῶν
441 851 576 891 ἀκριὸείας
597 852 762 890 νομοθετοῢν,
783 849 836 879 Καὶ
854 851 881 878 ἐν

110 899 149 937 τῷ
160 897 357 938 Δευτερονομίῳ
375 897 403 927 δὲ
433 897 479 927 καὶ
491 898 519 927 ἐν
545 897 642 937 ἑτέροις
662 896 766 926 πλείοσι
789 895 882 925 πολλοὶ

111 942 171 982 περὶ
183 943 282 972 τούτων
296 943 348 973 εἶσὶ
361 942 548 982 διεσπαρμένοι
561 942 644 982 νόμοι.
660 943 723 976 Πῶς
742 938 786 971 οὖν
800 954 881 982 φησι,

112 988 161 1022 Τίς
171 988 313 1025 ἐξεζήτησε
327 993 412 1019 ταῦτα
425 991 456 1019 ἐκ
469 991 523 1018 τῶν
536 990 632 1029 χειρῶν
646 990 738 1027 {sy-&u
752 988 813 1018 Ἵνα
827 988 879 1027 μοί-

111 1037 172 1074 θῃς,
186 1034 226 1064 ὅτι
239 1037 269 1064 οὗ
290 1035 486 1076 προηγούμενον
508 1031 540 1071 ἦν
566 1037 638 1065 Θεοῦ
659 1034 778 1074 θέλημα,
796 1034 827 1063 τὸ
848 1033 882 1062 τὰ

110 1083 219 1110 τοιαῦτα
240 1084 399 1120 νομοθετεῖν,
413 1082 472 1111 ἀλλ’
500 1081 553 1111 ἀπὸ
566 1084 613 1117 τῆς
637 1083 724 1111 αὐτῶν
747 1079 882 1112 ἀσθενείας

109 1125 160 1162 τὴν
171 1126 257 1166 ἀρχὴν
270 1127 363 1157 ἔλαῧεν
374 1129 391 1162 ἡ
410 1127 471 1166 περὶ
490 1126 589 1156 τούτων
613 1126 761 1166 νομοθεσία.
775 1126 881 1165 ’Ὠσπερ

110 1172 163 1212 γὰρ
174 1175 222 1203 οὐκ
233 1174 357 1203 ἐὸούλετο
370 1178 483 1213 γυναῖκα
495 1173 654 1203 ἐκὸαλέσθαι
664 1173 712 1208 τὴν
728 1172 798 1206 ἅπαξ
808 1171 882 1211 ἀνδρὶ

112 1221 296 1258 συναφθεῖσαν,
311 1218 456 1258 Ι’μειζόνων
472 1218 500 1248 δὲ
522 1218 658 1248 ἐκκόπτων
680 1220 778 1254 κακῶν,
792 1218 823 1247 τὸ
843 1217 880 1256 μὴ

111 1264 292 1302 κωλυομένους
311 1265 443 1300 ἐκὸαλεῖν,
459 1264 652 1303 ἀναγκάζεσθαι
665 1264 789 1304 σφάττειν
810 1263 881 1292 ἔνδον

110 1309 190 1343 οὔσας
220 1310 266 1339 καὶ
291 1310 465 1350 μισουμένας,
488 1310 519 1340 τὸ
548 1309 656 1340 ἔλαττον
683 1309 880 1350 συνεχώρησεν·

111 1355 180 1385 οὕτω
194 1355 226 1392 δὴ
240 1356 286 1385 καὶ
300 1358 425 1392 ἐνταῦθα,
439 1356 548 1386 κωλύων
564 1355 596 1385 τὸ
618 1356 725 1395 δαίμοσι
744 1356 882 1393 θύειν,κα-·

111 1402 232 1436 τεδέξατο
245 1402 311 1443 ὅπερ
322 1403 371 1432 οὔκ
384 1402 521 1438 ἐὸούλετο,
532 1402 565 1432 ἵν’
581 1402 646 1443 ὅπερ
655 1403 778 1432 ἐὸούλετο
791 1414 882 1442 κατορ-

111 1447 196 1485 θώσῃ.
223 1449 310 1478 Totrro
330 1451 393 1487 γοῦν
420 1449 484 1478 αὐτὸ
508 1448 587 1478 πάλιν
603 1448 687 1488 Ἀμὼς
710 1451 724 1477 ὁ
746 1448 883 1488 προφήτης

110 1493 308 1532 ἐνδεικνύμενος
316 1494 404 1534 ἔλεγε·
420 1495 467 1531 Μὴ
489 1495 589 1535 σφάγια
613 1495 657 1524 καὶ
672 1494 762 1528 θυσίας
777 1507 881 1534 προση-

111 1538 221 1577 νέγκατέ
236 1552 281 1579 μοι
297 1540 342 1576 ἔτη
363 1541 578 1581 τεσσαράκοντα;
589 1541 662 1581 λέγει
677 1541 780 1581 Κύριος.
796 1541 849 1571 Καὶ
868 1544 882 1571 δ

927 573 962 602 ab
975 573 1025 602 hac
1043 573 1196 603 defensione
1215 574 1278 603 illos
1296 574 1449 603 exturbant.
1464 573 1546 603 Unde
1560 574 1670 614 planum
1713 584 1822 604 Samiam

926 626 966 648 est
979 630 1009 648 ea
1024 629 1076 648 non
1090 630 1146 649 esse
1160 631 1207 660 per
1221 631 1249 650 se
1260 621 1396 660 praecipue
1407 620 1561 657 constituta,
1577 620 1623 650 sed
1642 629 1670 650 ut
1680 614 1780 667 31333·
1789 616 1823 635 ⁵¹¹·

927 665 962 694 ad
971 672 1073 694 rectum
1084 666 1146 695 vitae
1158 666 1308 707 institutum
1319 673 1477 705 caeterasque
1487 665 1599 697 virtutes
1609 667 1671 696 illos
1761 662 1764 666 ”

927 710 1099 741 deducerent.
1113 712 1184 749 Quia
1198 723 1266 742 vero
1276 712 1329 747 illi,
1339 713 1443 742 caeteris
1455 723 1515 751 qum
1525 714 1671 745 necessaria

928 765 1005 787 erant·
1012 758 1195 797 neglectis,his
1203 759 1403 794 incumbebant,
1410 770 1438 788 se
1445 759 1492 788 illa
1500 759 1610 789 demum
1619 770 1670 789 non

929 803 1068 833 admittere
1076 805 1144 834 dicit
1153 805 1239 835 Deus.
1255 806 1302 835 12.
1314 806 1417 845 Neque
1426 808 1566 835 veneritis
1577 813 1610 834 ut
1620 817 1670 845 ap-

927 853 1057 890 pareatis
1066 852 1147 880 mihi.
1158 851 1187 881 Si
1195 851 1368 887 accesseritis,
1376 852 1475 890 inquit,
1485 852 1519 881 ad
1529 853 1669 892 templum.

933 897 1006 935 Quis
1022 899 1099 927 enim
1111 899 1246 938 quoesivit
1258 899 1320 927 haec
1339 899 1376 927 de
1394 900 1527 928 manibus
1546 901 1650 928 vestr·1's
1660 903 1672 927 Ρ

931 942 1010 972 Certe
1028 950 1099 973 totus
1114 944 1161 973 ille
1179 943 1249 973 liber
1268 944 1314 982 qui
1338 944 1474 973 Leviticus
1494 944 1614 982 dicitur,
1639 945 1673 975 de

931 990 1127 1019 sacrificiorum
1139 990 1308 1019 accuratione
1322 990 1392 1029 leges
1401 990 1522 1019 exhibet.
1532 992 1564 1020 In
1576 992 1673 1021 Deute-

898 1037 917 1058 1)
931 1035 1052 1065 ronomio
1069 1046 1176 1074 quoque
1190 1042 1216 1064 ct
1229 1036 1256 1064 in
1277 1036 1338 1065 aliis
1358 1035 1485 1076 plurimis
1504 1036 1570 1067 locis
1583 1039 1674 1068 multae

931 1080 966 1110 de
985 1081 1123 1110 sacrificiis
1140 1092 1237 1121 sparsae
1250 1089 1313 1111 sunt
1331 1082 1413 1122 leges.
1428 1084 1520 1120 Quare
1534 1083 1617 1123 igitur
1629 1084 1673 1114 di-

931 1128 986 1157 cit:
1005 1129 1077 1167 Quis
1097 1128 1247 1168 requisivit
1261 1129 1323 1158 hoee
1341 1130 1378 1158 de
1391 1132 1528 1159 manibus
1546 1134 1675 1161 veslrIS?

931 1176 970 1205 Ut
982 1174 1070 1204 discas
1083 1175 1158 1204 illam
1173 1186 1226 1214 non
1239 1176 1321 1205 fuisse
1332 1177 1496 1216 praecipuam
1509 1177 1559 1207 Dei
1575 1179 1673 1208 volun-

931 1227 1023 1258 tatem,
1036 1228 1066 1250 ut
1078 1221 1143 1250 talia
1154 1222 1331 1259 sancirentur,
1349 1222 1396 1251 sed
1407 1223 1442 1252 ab
1454 1233 1547 1253 eorum
1561 1223 1674 1255 infirmi-

931 1272 984 1295 tate
1005 1266 1112 1296 initium
1132 1268 1193 1297 illas
1211 1267 1282 1308 leges
1299 1267 1421 1298 duxisse.
1436 1269 1673 1306 Quemadmodum
1699 1277 1827 1305 Repudium

930 1312 1002 1342 enim
1024 1313 1132 1343 nolebat
1155 1314 1296 1343 mulierem
1317 1314 1398 1344 semel
1426 1314 1485 1344 viro
1504 1318 1672 1356 conjunctam
1683 1308 1828 1368 ἓῖνοῖῗήνξΐ]

931 1358 1067 1399 repudiari
1078 1371 1087 1398 3
1106 1360 1232 1399 graviora
1240 1366 1326 1389 tamen
1337 1361 1406 1389 mala
1420 1361 1570 1398 succidens,
1585 1373 1618 1393 ne
1628 1375 1670 1393 re-
1686 1372 1786 1392 missum.

932 1404 1046 1446 pudiare
1062 1405 1150 1442 vetiti,
1165 1405 1227 1434 illas
1240 1405 1340 1436 invisas
1363 1417 1460 1436 uxores
1478 1407 1551 1437 intus
1564 1410 1674 1449 jugula-

933 1458 1009 1488 rent,
1024 1451 1114 1480 minus
1134 1451 1236 1481 malum
1255 1452 1379 1492 permisit
1394 1465 1402 1482 z
1426 1453 1465 1482 sic
1483 1460 1509 1483 et
1526 1454 1597 1484 circa
1620 1467 1675 1486 rem

932 1497 1002 1526 hane
1022 1497 1096 1534 fecit,
1118 1504 1146 1527 ut
1165 1497 1333 1527 daemonibus
1350 1498 1489 1529 immolare
1500 1501 1674 1541 prohiberet,

931 1543 960 1573 id
971 1543 1046 1582 quod
1060 1543 1172 1573 minime
1184 1543 1292 1573 volebat
1305 1543 1424 1581 admisit,
1441 1552 1470 1574 ut
1483 1546 1557 1584 quod
1568 1548 1676 1579 volebat

111 1584 240 1624 Ἱερεμίας
261 1586 289 1615 δέ
303 1598 398 1626 φησιν·
411 1588 452 1617 Οὐ
476 1587 560 1616 ταῦτά
579 1589 661 1625 ἐστιν,
675 1587 692 1616 ἃ
710 1587 880 1626 ἐνετειλάμην
896 1593 915 1616 E
931 1596 1126 1628 assequeretur.
1149 1590 1207 1619 Hoc
1223 1589 1314 1629 ipsum
1328 1587 1421 1620 rur'sus
1442 1594 1524 1622 Amos
1543 1595 1674 1635 propheta

111 1635 165 1664 τοῖς
174 1633 304 1672 πατράσιν
315 1634 401 1671 ὑμῶν.

152 1820 263 1858 Ἐπειδὴ
277 1821 329 1862 γὰρ
351 1822 395 1852 καὶ
418 1823 540 1863 δαίμονες
553 1827 645 1854 τοῦτον
667 1823 879 1863 ἐθεραπεύθησαν

111 1867 156 1896 τὸν
166 1867 271 1907 τρόπον,
284 1868 329 1897 καὶ
342 1869 419 1903 αὗτὸς
432 1865 507 1903 οὗτος
516 1891 524 1905 ,
537 1869 581 1899 ἵνα
594 1869 712 1909 μηδεμία
732 1873 786 1903 τοῖς
799 1872 879 1899 ἀσθε-

113 1912 242 1953 νεστέροις
256 1915 373 1944 ἐντεῦθεν
384 1915 517 1949 ἀπωλείας
534 1915 644 1955 γένηται
655 1915 801 1956 πρόφασις,
816 1928 879 1945 συν-

114 1960 181 1998 εχῶς
193 1959 236 1988 διὰ
246 1959 352 1990 πάντων
365 1961 450 1991 ταῦτά
461 1973 526 2001 φησι
534 1964 588 1991 τῶν
600 1963 752 2002 προφητῶν.
766 1961 880 1991 Ἐκεῖνοι

114 2004 162 2043 μὲν
175 2005 227 2045 γὰρ
247 2006 291 2036 καὶ
307 2007 344 2046 μὴ
359 2007 500 2046 διδομένων
513 2007 690 2047 ἠγανάκτουν,
705 2007 750 2037 καὶ
765 2010 880 2048 συνεχῶς

930 1636 1069 1666 declarans
1093 1635 1200 1665 dicebat
1219 1648 1228 1665 z
1251 1636 1332 1665 Num
1357 1637 1491 1666 victimas
1516 1645 1544 1666 et
1563 1641 1673 1672 hostias
1684 1645 1762 1668 Amos.
1776 1646 1799 1669 5.

929 1683 1076 1713 obtulistis
1090 1683 1162 1712 mihi
1182 1682 1382 1722 quadraginta
1399 1686 1488 1714 annis
1498 1687 1512 1712 Ρ
1523 1686 1596 1715 dicit
1611 1689 1672 1718 Do·
1686 1676 1723 1699 ²⁵·

930 1732 1038 1759 minus.
1048 1728 1178 1759 Jeremias
1188 1738 1294 1767 quoque
1307 1728 1359 1757 ait:
1371 1730 1442 1758 Non
1452 1738 1521 1760 sunt
1533 1734 1595 1762 lzoec
1605 1745 1671 1774 (μιαν
1683 1743 1729 1763 Jer.
1743 1748 1765 1771 7.
1784 1749 1818 1764 ιιι,

929 1775 1070 1804 mandavi
1082 1775 1214 1813 patribus
1228 1775 1343 1803 vestris.

968 1822 998 1851 5.
1026 1820 1162 1858 Quoniam
1185 1819 1258 1849 enim
1280 1819 1414 1850 daemones
1441 1822 1492 1853 hoe
1517 1825 1583 1855 culti
1610 1829 1672 1856 sunt

930 1866 1020 1904 modo,
1040 1867 1107 1907 ipse,
1123 1875 1156 1894 ne
1165 1865 1299 1905 quaepiam
1313 1866 1376 1896 hinc
1395 1867 1590 1902 infirmioribus
1603 1884 1670 1913 per-

929 1912 1009 1942 niciei
1025 1912 1129 1942 occasio
1138 1911 1264 1948 oriretur,
1275 1911 1333 1941 haec
1342 1912 1495 1952 frequenter
1503 1927 1550 1956 per
1560 1919 1672 1959 prophe-

929 1966 969 1988 tas
982 1968 1074 1988 omnes
1086 1957 1237 1987 denuntiat.
1251 1958 1314 1986 Haec
1326 1968 1388 1987 cum
1407 1969 1461 1989 non
1473 1960 1612 2002 darentur,
1629 1965 1669 1994 illi

930 2003 1150 2044 indignabantur,
1163 2013 1195 2031 ac
1213 2002 1364 2041 frequenter
1381 2003 1525 2045 instabant,
1548 2009 1669 2040 nidorem

80 2091 84 2093 -
114 2051 248 2082 ἐπέκειντο
264 2053 312 2089 τὴν
334 2054 442 2084 κνίσσαν
457 2054 502 2084 καὶ
525 2055 570 2084 τὸν
593 2054 692 2084 καπνὸν
710 2055 880 2088 ἀπαιτοῦντες
891 2040 917 2091 ’Λῠ
929 2058 955 2081 et
965 2051 1070 2081 fumum
1081 2049 1228 2089 exigenteS,
1240 2048 1410 2090 dicentesque
1422 2064 1430 2081 :

114 2095 158 2124 καὶ
168 2095 301 2135 λέγοντες·

318 2197 328 2209 ·
337 2194 367 2216 Τὸ
380 2195 424 2225 γὰρ
437 2194 536 2225 λάχομεν
547 2196 614 2228 γέρας
625 2195 698 2226 ἡμᾶς·

119 2272 201 2306 Αὐτὸς
210 2273 238 2303 δὲ
252 2274 313 2304 οὔτε
326 2273 353 2308 ἐξ
370 2276 455 2316 ἀρχῆς
466 2276 566 2315 ᾔτησε,
577 2277 622 2307 καὶ
643 2278 722 2313 ἡνίκα
736 2277 882 2316 ἐκέλευσεν,

151 2371 162 2381 ³·
180 2362 240 2396 fleg.
254 2368 377 2398 προῑέσθαι.

153 2402 166 2421 ¹·
184 2407 295 2433 Μιιζόνων
315 2405 338 2429 ὅᾶ
356 2407 469 2431 ἐκκόπτων
489 2411 571 2431 κακῶν.
593 2405 642 2430 Hic
658 2407 763 2432 omnino
775 2406 870 2441 aliquid

119 2440 255 2466 desiderari
272 2441 379 2473 videtur,
398 2443 468 2468 verbi
483 2443 574 2477 gratia,
589 2450 698 2478 μειζόνων
715 2448 739 2472 δὲ
758 2450 871 2474 lxxmam

120 2487 193 2506 κακῶν
203 2480 334 2515 [ὑπὸθεαιν],
347 2487 390 2506 aiut.
401 2481 484 2516 aliqua
496 2492 545 2508 vox
554 2484 649 2509 similis.
667 2485 737 2510 Infra
749 2485 818 2510 locus
829 2488 873 2519 qui

121 2518 190 2551 qnasi
207 2527 236 2543 ex
257 2519 358 2544 Michoea
370 2527 497 2547 assumtus
507 2523 681 2554 proferebatur
695 2524 721 2549 in
732 2523 824 2556 Editio,
835 2531 874 2550 est.

122 2557 214 2587 Amasi,
227 2564 253 2583 et
264 2559 398 2584 nava-ricus
408 2558 475 2594 Ᾰμώς
488 2560 572 2592 habet,
586 2568 667 2587 ntnos
678 2562 839 2591 restituimus.

156 2605 166 2615 ⁸
184 2598 238 2622 Hoc
250 2599 286 2623 ait
298 2598 395 2632 Jupiter
411 2599 534 2625 lunonem
554 2600 695 2635 alloquens,
708 2601 783 2630 Iliad.
797 2610 821 2635 Δ,
834 2605 874 2635 49,

1027 2191 1101 2216 nunc
1111 2190 1177 2216 enim
1189 2189 1312 2215 honorem
1321 2199 1367 2216 nos
1378 2192 1461 2219 sortiti
1472 2202 1565 2221 sumus.
1684 2208 1775 2230 numer.

934 2279 998 2318 Ipse
1023 2286 1087 2307 vero
1113 2275 1143 2305 id
1169 2286 1256 2315 neque
1269 2276 1304 2305 ab
1325 2276 1403 2307 initio
1416 2279 1510 2318 petiit,
1526 2287 1552 2310 et
1566 2283 1674 2320 quando

917 2367 1027 2401 itemque
1037 2366 1135 2400 Jupiter
1144 2366 1249 2392 deorum
1257 2373 1352 2392 ccetum
1360 2367 1498 2402 alloquens,
1509 2371 1584 2397 Iliad.
1597 2380 1625 2406 n,
1633 2376 1675 2406 70,

919 2415 977 2432 cum
997 2405 1030 2432 de
1046 2405 1203 2431 restituendo
1215 2406 1333 2431 Hectoris
1351 2406 1477 2434 cadavere·
1484 2416 1605 2442 ageretur.
1620 2414 1674 2439 Uoc

921 2450 1041 2480 ἡμωῃχῑῳ
1053 2447 1131 2470 utitur
1140 2444 1200 2470 alibi
1210 2444 1418 2479 chrysostomus,
1430 2453 1457 2472 ut
1463 2457 1538 2481 supra
1548 2451 1573 2475 in
1582 2451 1672 2478 Psalm.

921 2489 964 2517 49,
974 2495 999 2519 p.
1014 2486 1072 2516 230,
1084 2486 1113 2510 B.
1125 2484 1195 2510 Infra
1210 2484 1319 2510 Savilius
1330 2489 1367 2511 mi
1383 2490 1447 2515 ἡνίκα
1467 2491 1584 2516 ἐπετέλουν
1596 2496 1622 2518 τὸ
1633 2500 1675 2525 μή,

923 2524 996 2550 male.
1010 2523 1096 2549 Μαι-91.
1108 2530 1150 2558 τῷ,
1159 2522 1204 2548 sed
1210 2531 1268 2549 vera
1277 2523 1351 2548 lectio
1359 2531 1396 2549 est
1403 2528 1555 2559 ἐπετελοῦντο,
1566 2535 1593 2554 ιιι
1604 2530 1679 2557 habet

924 2563 1068 2589 Bavnricns.
1082 2561 1182 2587 Ibidem
1196 2570 1251 2594 quae
1263 2571 1277 2586 a
1289 2571 1351 2588 voce
1367 2567 1454 2594 ἀνάξιος
1467 2574 1544 2600 usque
1555 2567 1588 2592 ad
1602 2577 1679 2597 παιῖῑγ

925 2602 1059 2634 habentur,
1071 2612 1101 2628 cx
1109 2603 1230 2630 Bavarico
1240 2602 1355 2628 desumta
1366 2609 1433 2629 sunt.
