1890 2826
626 195 785 220 SYNOPSIS
811 195 998 219 SCRIPTURAE
1024 196 1148 220 SACRAE.

107 263 166 294 ταῖς
177 259 321 299 καμήλοις,
334 257 445 289 εἰποῦσά
459 269 489 287 τε
499 279 507 294 ,
521 257 589 291 τίνος
603 257 644 293 εἴη
658 258 786 297 θυγάτηρ,
801 256 874 286 εἰσά-

107 318 149 346 γει
166 306 210 336 τὸν
228 305 309 345 ἄνδρα
326 304 372 334 καὶ
385 304 486 339 ξενίζει.
502 303 613 339 Ἐπειδὴ
628 303 655 333 δὲ
674 299 746 333 εἶπεν
761 305 872 338 ἐκεῖνος,

106 351 176 385 τίνος
188 351 274 381 ἕνεκεν
284 347 358 387 ἦλθε,
370 350 415 380 καὶ
426 350 484 390 ᾔτει
495 349 544 386 τὴν
557 350 640 379 παῖδα
650 349 751 385 λαὸεῖν,
762 351 795 389 τῇ
806 360 874 388 παρ-

107 397 173 437 θένῳ
191 397 240 433 τὴν
259 396 358 437 αἵρεσιν
373 396 518 436 ἐπέτρεψαν
539 397 564 425 οἱ
583 400 676 435 γονεῖς.
695 395 743 428 Ὡς
764 395 791 424 δὲ
811 394 874 424 ἐπέ-

107 455 196 473 νευσεν
207 442 294 479 ἐκείνη
304 464 312 478 ,
324 442 413 472 λαὸὼν
432 441 513 477 αὐτὴν
527 442 630 476 ἀπῆλθε
642 453 648 459 ·
661 440 706 470 καὶ
721 441 823 480 ἐγένετο
837 442 875 480 τῷ

109 489 202 519 Ἰσαὰκ
214 489 292 529 γυνή.
305 488 443 527 Λαμὸάνει
455 489 468 516 ὁ
483 486 603 527 Ἀὅραὰμ
614 491 726 527 γυναῖκα
740 486 788 523 τὴν
803 487 875 516 Χετ-

108 535 212 576 τούραν,
237 534 418 570 ἀποθανούσης
439 533 546 574 Σάῤῥας
559 555 571 569 r
592 533 637 562 καὶ
661 532 722 566 τοὺς
745 532 772 566 ἐξ
794 534 876 568 αὐτῆς

108 583 260 620 γενομένους
273 581 369 613 παῖδας
385 579 567 614 ἐξαπέστειλεν
582 579 635 608 ἀπὸ
647 578 756 615 Ἰσαὰκ,
774 578 877 618 δόματα

109 627 168 661 δοὺς
183 628 284 660 αὐτοῖς·
299 628 346 662 τῆς
357 625 384 655 δὲ
398 625 487 659 οὐσίας
501 625 595 655 Ἰσαὰκ
607 624 768 665 κληρονόμον
781 624 878 660 ἐποίη-

109 685 158 709 σε,
179 672 224 702 καὶ
249 671 371 702 ἀπέθανε.
399 671 443 701 Τὰ
462 671 579 711 ὀνόματα
602 674 654 701 τῶν
675 673 738 700 υἱῶν
763 670 878 710 Ἰσμαὴλ

109 719 224 758 ἔγκειται
235 720 347 747 ἐνταῦθα
356 729 364 736 ·
373 717 515 758 κατῴκησε
523 717 551 747 δὲ
563 717 616 747 ἀπὸ
626 717 727 746 Εὐιλὰτ
738 717 786 750 ἕως
798 715 877 756 Σούρ.
893 721 912 745 C

110 766 168 800 Τῆς
176 763 319 797 Ῥεὸέκκας
330 763 530 802 ἐστειρωμένης,
544 763 627 792 ἐδεῖτο
637 762 730 792 Ἰσαὰκ
741 765 787 792 τοῦ
797 764 878 799 Θεοῦ,

109 809 180 839 ὥστε
202 813 274 839 κυεῖν
288 809 369 845 αὐτήν
383 821 392 828 ’
407 809 456 839 καὶ.
468 808 558 845 ἐπειδὴ
573 808 643 838 ἐκύει
653 831 661 845 ,
676 808 755 848 φησὶν
781 803 848 847 αὐτῇ
863 810 878 836 6

110 855 180 889 Θεός
192 867 199 874 ·
220 854 275 884 Δύο
289 855 350 890 ἔθνη
376 856 404 884 ἐν
423 857 457 895 τῇ
478 853 565 894 κοιλίᾳ
585 866 641 890 σου,
665 854 710 883 καὶ
731 854 794 888 λαὸς
813 855 878 883 λαοῦ

111 901 229 942 ὑπερέξει
241 913 248 920 ·
261 900 397 940 προλέγων
407 899 442 930 τὰ
455 900 516 940 περὶ
531 900 665 930 Ἰουδαίων
679 900 724 929 καὶ
738 901 814 939 ἡμῶν
826 901 879 929 τῶν

111 948 284 987 Χριστιανῶν.
303 946 349 980 Ὡς
367 946 395 976 δὲ
418 946 512 986 ἐτέχθη
530 946 564 976 τὰ
582 946 676 976 παιδία
699 946 745 976 καὶ
762 946 879 982 ηὐξήθη,

111 988 264 1022 ἆποδίδσται
282 992 327 1022 καὶ
344 992 488 1033 πιπράσκει
503 993 637 1033 ἑψήματος
651 995 736 1033 φακῆς
750 992 783 1021 τὰ
802 1004 880 1032 πρω-

110 1038 216 1068 τοτόκια
228 1040 320 1068 ἑαυτοῦ
331 1041 345 1068 6
356 1038 442 1068 Ἡσαῦ
453 1041 491 1077 τῷ
504 1038 611 1068 'lamba
623 1038 785 1077 Βουλόμενον
798 1038 825 1067 δὲ
836 1037 880 1067 τὸν

111 1083 205 1113 Ἰσαὰκ
227 1086 263 1117 εἷς
286 1084 419 1123 Αἴγυπτον
433 1085 577 1119 κατελθεῖν,
600 1084 690 1119 ἐπειδὴ
711 1083 787 1122 λιμὸς
806 1083 881 1112 κατί-

112 1141 196 1170 σχυε,
218 1130 314 1160 κωλύει
337 1132 351 1159 6
371 1130 455 1166 Θεὸς,
481 1131 617 1170 παραινῶν
642 1129 703 1167 ἔνθα
724 1129 804 1170 ᾤκει,
827 1129 882 1159 ἐκεῖ

112 1175 210 1214 μένειν,
232 1175 281 1205 καὶ
299 1175 505 1215 ὑπισχνούμενος
525 1174 630 1204 ἔσεσθαι
650 1177 708 1214 μετ’
724 1176 823 1211 αὐτοῦ’,
837 1174 882 1204 καὶ

113 1222 263 1261 εὐλογήσειν
278 1221 309 1251 τὸ
322 1221 429 1261 σπέρμα
450 1222 529 1250 αὐτοῦ
548 1220 593 1250 καὶ
611 1221 762 1257 πληθύνειν.
782 1219 882 1249 Μαθὼν
897 1223 917 1245 Ι)

90 1273 92 1275 ’
114 1267 141 1297 δὲ
157 1270 172 1297 6
190 1266 313 1306 βασιλεὺς
334 1266 455 1307 Γεράρων
473 1266 630 1306 Ἀὸιμέλεχ,
653 1266 694 1296 ὅτι
714 1269 730 1302 ἡ
752 1265 884 1295 ‘Paetum

113 1313 179 1352 γυνή
193 1315 249 1342 ἐστι
261 1316 306 1342 τοῦ
319 1312 430 1352 Ἰσαὰκ(
440 1312 597 1342 ὑπώπτευσε
610 1312 661 1351 γὰρ
673 1310 788 1352 ἀδελφὴν
802 1312 882 1340 αὐτοῦ

113 1355 180 1388 εἶναι
193 1359 305 1398 αὐτὴν),
317 1358 426 1388 θάνατον
444 1358 525 1398 ὥρισε
544 1359 569 1387 εἴ
581 1370 620 1392 τις
638 1357 768 1398 ἐξυὸρίσει
782 1359 819 1391 εἷς
834 1359 882 1386 αὐ-

114 1405 171 1441 τήν,
185 1405 255 1435 Τότε
268 1406 388 1446 ἔσπειρεν
401 1408 416 1435 6
430 1404 538 1440 Ἰσαὰκ,
551 1404 598 1434 καὶ
608 1400 681 1444 εὗρεν
695 1403 883 1434 ἑκατοστεύου-

114 1463 163 1481 σαν
186 1451 289 1492 κριθήν.
303 1451 350 1485 Ὡς
370 1452 399 1482 δὲ
418 1448 496 1488 ἦλθεν
510 1453 547 1485 εἷς
567 1452 679 1480 πλοῦτον
695 1450 778 1490 μέγαν
792 1452 822 1480 ἐκ
835 1453 884 1486 τῆς

115 1497 233 1536 εὐλογίας
246 1501 292 1526 τοῦ
306 1499 386 1532 Θεοῦ,
401 1498 579 1537 διεφθονοῧντο
590 1498 662 1537 αὐτῷ
674 1498 698 1525 οἱ
712 1496 884 1535 Φυλιστιεὶμ,

115 1542 160 1572 καὶ
173 1545 187 1572 ὁ
201 1542 343 1583 Ἀὸιμέλεχ
351 1543 500 1579 ἀπήλαυνεν
516 1543 592 1572 αὐτὸν
607 1544 713 1572 ἐκεῖθεν.
724 1541 738 1558 ¹³
747 1542 781 1571 ‘O
796 1542 823 1572 δὲ
837 1543 885 1572 οὐκ

115 1588 244 1628 ἠμύνατο,
266 1590 324 1618 ἀλλ’
349 1589 516 1630 ἀνεχώρησε,
536 1589 581 1618 καὶ
602 1588 684 1628 ὤρυξε
704 1588 818 1628 φρέατα,
839 1588 885 1618 καὶ

117 1635 248 1674 ἐμάχοντο
270 1634 331 1674 περὶ
351 1637 448 1664 αὐτῶν.
470 1635 504 1665 Ὁ
523 1634 572 1664 εδὲ
593 1636 640 1663 οὐκ
661 1634 810 1671 ἀνθίστατο,
825 1635 882 1664 ἀλλ’

117 1682 195 1721 ἔτερα
207 1681 334 1721 ὤρυσσεν,
346 1681 394 1714 ἕως
408 1677 437 1710 οὐ
448 1681 606 1711 ἐπαύσαντο.
620 1681 674 1711 Καὶ
688 1681 829 1720 εὐλόγησεν
840 1683 885 1710 αὒ-
901 1686 919 1708 Ε

118 1727 162 1756 τὸν
183 1729 197 1756 6
218 1726 294 1760 Θεός.
317 1727 370 1756 Καὶ
390 1729 403 1756 ὁ
426 1727 518 1756 Ἰσαὰκ
539 1727 647 1757 ἐλθόντα
668 1727 732 1767 πρὸς
750 1726 827 1755 αὐτὸν
841 1726 885 1755 τὸν

118 1772 261 1812 Ἀῧιμέλεχ
279 1772 384 1806 ἐδέξατο
398 1772 517 1812 ἀσμένως
539 1773 584 1803 καὶ
606 1772 745 1808 εἱστίασεν,
766 1773 795 1801 οὗ
818 1783 885 1810 μνη-

119 1819 188 1852 σθεὶς
203 1814 239 1848 ὧν
252 1819 375 1855 ἠδικήθη.
389 1818 504 1848 Ἔλαὸεν
525 1820 539 1847 6
562 1818 648 1848 Ἡσαῦ
673 1817 823 1851 Χαναναίας
841 1829 887 1856 γυ-

120 1869 226 1899 ναῖκας,
245 1865 290 1894 καὶ
303 1864 391 1904 ἤριζον
405 1867 437 1904 τῇ
455 1863 597 1904 Ῥεὸέκκᾳ.
608 1864 757 1904 Ἐγήρασεν
769 1866 782 1893 6
795 1863 887 1893 Ἰσαὰκ

119 1910 162 1941 καὶ
173 1910 358 1949 ἠμόλυώτιησε
367 1933 375 1946 ,
386 1911 432 1940 καὶ
450 1910 611 1950 προστάσσει
624 1912 662 1950 τῷ
675 1911 725 1949 υἱῷ
737 1909 824 1939 Ἡσαῦ
839 1912 889 1945 οη-

121 1959 211 1996 ρεῦσαι
223 1956 269 1986 καὶ
288 1959 401 1992 ποιῆσαι
411 1957 483 1996 αὐτῷ
497 1955 610 1994 ἔδεσμα,
630 1955 675 1984 ἵνα
694 1955 824 1995 εὐλογήσῃ
839 1956 886 1984 αὖ·

119 2003 176 2032 τόν.
186 2002 221 2032 ‘O
233 2002 260 2032 δὲ
274 2002 382 2038 Ἰακὼὸ,
395 2001 617 2042 συμπραττούσης
629 2002 701 2040 αὐτῷ
714 2003 762 2036 τῆς
775 2001 888 2041 μητρὸς,

927 255 960 284 sit
975 256 1097 295 :fuitque
1117 257 1164 286 illa
1176 267 1244 287 uxor
1263 258 1358 287 Isaaci.
1372 257 1437 287 sara
1447 256 1581 293 defuncta,
1593 256 1670 286 ducit

928 302 1064 331 Abraham
1076 314 1187 333 uxorem
1198 304 1364 340 Chetturam‚
1373 310 1398 332 et
1407 303 1435 332 fil
1441 303 1490 340 ios,
1498 313 1565 341 quos
1576 313 1610 332 ex
1622 302 1669 331 illa

927 356 1089 388 susceperat,
1108 350 1240 389 separavit
1259 350 1294 379 ab
1312 351 1402 379 Isaaco
1410 362 1423 385 ‚⁴
1432 348 1588 377 muneribus
1603 348 1668 376 asse-

928 400 983 422 ctos
1000 406 1006 422 z
1022 404 1105 433 opum
1118 405 1182 424 vero
1196 406 1305 424 suarum
1318 393 1442 424 heredem
1455 393 1518 423 fecit
1536 394 1667 427 Isaacum,

928 445 954 467 et
970 446 1093 468 mortuus
1106 446 1156 468 est.
1171 440 1222 469 Hic
1239 447 1410 470 recensentur
1428 439 1536 468 nomina
1552 439 1669 467 filiorum

928 484 1060 518 lamuelis,
1077 485 1124 523 qui
1138 485 1270 515 habitavit
1291 486 1326 515 ab
1344 485 1436 515 Evilat
1455 495 1540 524 usque
1553 484 1587 513 ad
1604 485 1668 514 Sur.

928 531 996 560 Cum
1009 530 1129 560 Rebecca
1142 532 1241 561 sterilis
1251 539 1329 567 esset,
1337 531 1491 561 obsecrabat
1499 532 1573 561 Isaac
1584 532 1672 560 Deum

930 583 960 605 ut
972 576 1021 606 illa
1033 576 1200 616 conciperet:
1215 585 1294 616 atque
1305 584 1334 606 ut
1348 577 1461 616 gestavit
1472 584 1590 614 uterum,
1602 576 1673 605 dixit

928 621 972 651 illi
985 622 1060 652 Deus
1075 635 1083 652 ι
1098 624 1174 652 Duae
1184 629 1282 664 gentes
1293 625 1324 652 in
1336 630 1418 652 utero
1433 630 1482 653 tuo
1493 630 1572 660 sunt,
1583 634 1672 663 popu·
1683 632 1739 652 «ten.
1755 630 1794 653 25.

931 669 1035 710 Iusque
1051 671 1190 710 populum
1211 670 1535 711 superabit:praedicens
1561 681 1591 699 ea
1613 681 1673 709 qum
1682 661 1719 683 ²3·

929 715 1039 745 Judaeos
1049 722 1075 745 et
1093 726 1141 746 nos
1161 716 1328 746 Christianos
1350 716 1514 756 spectabant.
1531 717 1569 746 Ut
1584 723 1673 745 autem

930 763 1008 802 pueri
1020 763 1075 792 nati
1087 770 1150 793 sunt
1163 770 1189 793 et
1201 770 1352 799 creverunt,
1368 763 1450 792 tradit
1461 763 1606 802 venditque
1618 765 1676 804 pri—

931 809 1064 849 mogenita
1087 820 1136 839 sua
1155 810 1256 839 Jacobo
1278 810 1352 839 Esaii
1374 820 1423 849 pro
1444 809 1563 839 coctione
1584 810 1673 839 lentisv

931 857 1001 886 Cum
1014 857 1097 886 vellet
1117 857 1191 886 Isaac
1213 855 1241 884 in
1256 856 1407 895 AEgyptum
1426 855 1597 892 descendere,
1612 857 1676 894 quia

930 902 1013 932 fames
1024 902 1199 943 praevalebat,
1214 901 1337 931 cohibuit
1350 902 1430 930 illum
1454 903 1538 938 Deus,
1554 902 1676 931 hortatus

931 955 961 977 ut
978 948 1036 978 illic
1055 954 1184 984 maneret,
1200 947 1247 976 ubi
1268 954 1332 976 tunc
1346 954 1412 984 crat,
1427 947 1564 987 pollicitus
1576 958 1604 977 se
1615 958 1677 978 cum

931 994 990 1033 ipso
1009 994 1133 1022 futurum
1145 1016 1152 1029 ‚
1175 1003 1207 1022 ae
1230 992 1435 1022 benedicturum
1465 1003 1553 1022 semen
1568 993 1654 1034 ipsius
1668 1016 1676 1030 ‚

931 1039 1074 1078 ipsumque
1087 1038 1341 1078 multiplicaturum.
1357 1039 1426 1068 Cum
1440 1038 1576 1068 didicisset
1589 1046 1678 1068 autem

934 1086 1088 1117 Abimelech
1100 1096 1149 1115 rex
1159 1086 1324 1115 Gerarorum
1335 1085 1484 1114 Rebeccam
1495 1095 1608 1115 uxorem
1621 1097 1679 1115 esse

932 1133 1016 1164 Isaaci
1031 1132 1042 1173 (
1052 1131 1239 1172 suspicabatur
1267 1131 1337 1160 enim
1364 1141 1482 1160 sororem
1507 1132 1566 1171 ejus
1589 1134 1676 1169 esse),

934 1186 1048 1208 mortem
1069 1177 1169 1207 indixit
1188 1177 1222 1205 iis
1242 1177 1290 1215 qui
1311 1176 1364 1216 ipsi
1387 1177 1577 1206 contumeliam
1596 1177 1679 1206 infer-

934 1231 1003 1254 rent.
1019 1225 1098 1254 Tunc
1110 1223 1211 1255 semina
1229 1222 1326 1261 sparsit
1339 1223 1423 1258 Isaac,
1438 1229 1464 1251 et
1477 1223 1575 1252 centies
1588 1223 1680 1252 multi-

934 1271 1066 1310 plicatum
1084 1268 1216 1298 hordeum
1237 1268 1349 1298 invenit.
1364 1269 1434 1298 Cum
1447 1275 1537 1297 antem
1550 1279 1584 1298 ex
1599 1269 1678 1298 bene-

934 1316 1051 1346 dictione
1061 1314 1112 1345 Dei
1127 1314 1231 1354 magnis
1253 1321 1348 1344 auctus
1367 1321 1436 1343 esset
1447 1314 1563 1350 divitiis,
1577 1314 1681 1345 invide-

934 1363 1000 1392 bant
1008 1362 1033 1391 ei
1044 1360 1212 1401 Phylistiim‚
1225 1367 1251 1390 et
1267 1360 1424 1390 Abimelech
1444 1360 1506 1389 inde
1519 1371 1581 1390 eum
1594 1371 1681 1401 expu-

935 1409 977 1438 lit.
993 1408 1044 1438 Ille
1064 1418 1129 1438 vero
1153 1417 1206 1435 non
1229 1406 1341 1443 obstitit,
1355 1406 1402 1436 sed
1417 1406 1534 1442 recessit,
1549 1413 1575 1436 et
1587 1413 1682 1446 puteos

935 1454 1015 1492 fodit,
1025 1464 1073 1494 pro
1084 1453 1184 1492 quibus
1198 1452 1258 1481 lites
1271 1453 1390 1482 suerunt.
1402 1452 1453 1482 llle
1464 1462 1528 1482 vero
1543 1463 1594 1481 non
1609 1453 1682 1481 ultus

936 1511 992 1537 eos,
1011 1499 1079 1529 alios
1103 1498 1171 1528 fodit
1185 1505 1288 1538 puteos,
1301 1498 1386 1528 donec
1408 1498 1452 1527 illi
1471 1498 1621 1527 molestiam
1639 1498 1681 1527 in-

936 1547 1005 1576 ferre
1019 1545 1167 1575 desierunt.
1185 1546 1221 1574 Et
1242 1544 1382 1574 benedixit
1402 1545 1480 1573 illum
1504 1546 1588 1574 Deus.
1608 1546 1682 1574 Isaac

936 1600 1025 1622 autem
1038 1603 1067 1622 se
1080 1591 1223 1621 adeuntem
1235 1590 1440 1620 Abimelechum
1453 1590 1568 1630 benigne
1593 1601 1682 1620 susce-

936 1639 981 1679 pit·
997 1638 1175 1676 convivioque
1196 1636 1313 1676 excepit,
1339 1635 1502 1674 injuriarum
1528 1636 1680 1665 immemor.

938 1684 1024 1713 Duxit
1041 1683 1115 1713 Esai'i
1134 1683 1297 1712 Chananzeas
1313 1681 1451 1717 mulieres,
1466 1692 1526 1719 quae
1544 1682 1683 1720 litigabant

937 1741 999 1759 cum
1012 1729 1142 1758 Rebecca.
1150 1727 1245 1757 Senuit
1257 1728 1364 1756 Isaacus
1377 1733 1403 1756 et
1417 1727 1600 1767 caligaverunt
1610 1727 1683 1756 oculi

937 1777 1007 1817 ejus,
1021 1774 1200 1816 praecepitque
1220 1774 1295 1804 Esaii
1314 1773 1371 1803 filio
1385 1784 1446 1811 suu,
1464 1780 1493 1802 ut
1503 1781 1646 1803 venaretur
1658 1781 1684 1803 et

938 1828 1044 1862 pararet
1066 1821 1119 1850 sibi
1139 1819 1252 1855 cibaria,
1265 1826 1294 1848 ut
1318 1818 1486 1848 benediceret
1502 1830 1575 1848 eum.
1598 1819 1683 1849 Jacob

939 1875 1038 1904 autem,
1049 1866 1084 1896 de
1099 1866 1192 1895 matris
1211 1864 1323 1894 consilio
1342 1871 1368 1894 et
1379 1875 1469 1904 opera,
1483 1865 1555 1894 Esaii
1576 1865 1683 1894 fratrem

938 1914 1068 1955 praevenit
1084 1923 1094 1940 .-
1107 1923 1168 1941 nam
1181 1911 1262 1941 coetis
1276 1911 1324 1940 illa
1337 1911 1425 1940 hoedis
1436 1911 1555 1948 duobus,
1568 1918 1594 1940 et
1604 1911 1683 1951 pelli-

939 1961 1087 1990 buseorum
1097 1957 1156 1987 filio
1166 1957 1372 1997 circumpositis,
1380 1964 1409 1985 ut
1422 1956 1473 1985 filii
1488 1957 1623 1987 levitatem
1638 1958 1682 1987 ob-

940 2013 1049 2047 tegeret,
1064 2004 1164 2035 cibaria
1186 2003 1239 2044 ipsi
1258 2002 1380 2040 tradidit,
1395 2009 1421 2032 et
1435 2003 1523 2032 emisit
1545 2015 1616 2033 eum.
1633 2004 1683 2034 llle

121 2048 216 2088 ἔφθασε
234 2049 278 2078 τὸν
292 2048 379 2078 Ἡσαῦ
389 2059 396 2066 ”
411 2047 532 2088 ἕψῆσασα
549 2047 600 2087 γὰρ
614 2046 716 2087 ἐρίφους
731 2046 785 2083 δύο,
799 2047 843 2076 καὶ
855 2047 887 2076 τὰ
895 2063 1005 2084 azz-vero
1026 2052 1161 2091 ingressus
1181 2048 1380 2079 benedictiones
1397 2049 1509 2088 accepit.
1523 2050 1580 2079 Ubi
1594 2058 1683 2080 autem

123 2095 240 2135 δέρματα
258 2096 348 2124 αὐτῶ*
356 2098 493 2134 περιθεῖσα
516 2096 597 2134 αὐτῷ,
617 2094 660 2124 ἵνα
683 2093 815 2134 ἐπικρύψει
840 2093 887 2130 τὴν
905 2094 924 2115 A
942 2098 1052 2128 accessit
1074 2097 1157 2134 Esaii,
1171 2102 1198 2126 et
1211 2095 1284 2134 quod
1303 2102 1407 2135 gestum
1424 2102 1479 2124 erat
1505 2095 1626 2133 edidicit,
1641 2097 1683 2126 la-

121 2141 243 2178 λειότητα
256 2144 302 2170 τοῦ
315 2141 407 2174 παιδὸς
417 2164 424 2177 ,
438 2140 519 2170 ἔδωκε
533 2140 567 2170 τὰ
581 2140 713 2180 ἐδέσματα
726 2142 763 2173 εἰς
776 2140 822 2173 τὰς
833 2144 890 2179 χεῖ-

123 2199 168 2227 ρας
181 2189 274 2221 αὐτοῦ,
283 2187 329 2216 καὶ
343 2186 509 2227 εἰσέπεμψεν.
523 2187 558 2216 Ὁ
572 2187 600 2216 δὲ
614 2185 734 2216 εἰσελθὼν
752 2185 831 2215 ἔλαὸε
844 2185 890 2218 τὰς

122 2233 250 2272 εὐλογίας.
265 2232 367 2262 Ἐλθὼν
382 2233 410 2262 δὲ
424 2235 442 2262 ὁ
451 2232 548 2269 Uerum,
562 2233 607 2262 καὶ
624 2232 714 2271 μαθὼν
726 2231 756 2261 τὸ
768 2231 873 2271 γεγονὸς
882 2253 890 2267 ,

122 2279 274 2319 ἀπωδύρετο
283 2279 328 2308 καὶ
339 2278 456 2318 ἐθρήνει,
466 2278 510 2307 καὶ
524 2279 583 2318 ᾔτει
600 2280 773 2317 εὖλογηθῆναι
783 2278 828 2307 καὶ
840 2279 890 2307 αὐ-

121 2325 183 2360 τὸς,
199 2325 244 2354 καὶ
259 2325 339 2360 ἤνυσε
354 2328 387 2364 τῇ
403 2325 515 2364 ἐπιμονῇ
526 2346 534 2359 ,
549 2324 622 2354 οὐδὲν
636 2324 683 2363 μὲν
700 2327 822 2353 τοσοῦτον
831 2323 891 2352 ὅσον

123 2372 251 2407 ἤλπισεν·
266 2371 345 2407 ἤνυσε
367 2370 394 2400 δὲ
415 2370 496 2409 ὅμως.
521 2370 612 2416 Μικρὰ
635 2370 721 2399 τοίνυν
743 2367 911 2408 εὐλογηθεὶςΙ

125 2420 183 2450 ἀντὶ
197 2419 329 2459 μεγάλων,
344 2419 469 2459 ὠργίζετο
482 2419 547 2459 πρὸς
557 2419 601 2448 τὸν
616 2418 736 2459 ἀδελφὸν,
750 2417 894 2458 ἐμνησικά-

125 2481 182 2505 κει,
201 2469 340 2510 περιέμενε
358 2472 404 2499 τοῦ
425 2470 524 2510 πατρὸς
543 2469 592 2506 τὴν
617 2468 751 2505 τελευτὴν,
780 2470 815 2502 ὡς
835 2467 895 2497 τότε

162 2560 175 2579 b
192 2560 251 2584 Hac
262 2559 375 2593 pluribus
385 2560 543 2594 explicantur
557 2561 640 2585 Tomo
651 2559 696 2590 lv,
707 2567 731 2592 p.
745 2559 801 2584 50⁵.

164 2605 174 2617 ⁸
191 2597 362 2633 Lugdunensis
379 2603 391 2626 ὁ
409 2602 434 2625 ὄὶ
447 2603 484 2626 οὐκ
503 2603 621 2634 ἀφίστατο,
638 2601 690 2625 ἀλλ’
706 2601 774 2634 ἔτερα
791 2601 888 2632 ὤρυσσεν

942 2145 1124 2179 mentahatur,
1137 2142 1261 2182 lugebat,
1281 2142 1438 2182 petebatque
1456 2149 1482 2171 et
1503 2142 1560 2182 ipse
1575 2143 1685 2173 benedi-

943 2191 1057 2221 ctionem
1067 2189 1118 2219 sibi
1133 2189 1193 2219 dari
1206 2201 1212 2217 :
1226 2195 1252 2217 et
1265 2188 1460 2228 perseverantia
1473 2199 1521 2218 sua
1531 2189 1635 2228 aliquid
1646 2190 1685 2218 ef·

943 2237 1022 2274 secit;
1044 2236 1114 2266 nihil
1135 2243 1222 2265 tamen
1246 2242 1361 2270 tantum,
1386 2241 1516 2273 quantum
1541 2236 1684 2274 sperabat:

944 2282 1097 2324 impetravit
1107 2289 1203 2312 tamen.
1214 2283 1303 2311 Parva
1317 2281 1406 2319 itaque
1421 2280 1479 2309 loco
1490 2280 1598 2320 majoris
1609 2281 1686 2310 hene-

944 2329 1061 2360 dictione
1079 2328 1204 2364 donatus,
1220 2327 1384 2357 irascebatur
1405 2333 1496 2355 contra
1515 2327 1633 2361 fratrem,
1650 2326 1687 2354 in-

942 2375 1021 2416 juriae
1042 2385 1156 2408 memor,
1169 2373 1391 2414 exspectabatque
1412 2372 1495 2411 patris
1517 2378 1639 2405 mortem,
1658 2378 1688 2399 ut

946 2429 1010 2452 tunc
1024 2421 1081 2451 sine
1095 2427 1166 2450 metu
1185 2419 1296 2449 insidias
1313 2418 1364 2458 ipsi
1379 2424 1493 2457 pararet.
1508 2417 1570 2445 Haec
1589 2416 1689 2446 Jaeoho

947 2467 1051 2497 indicat
1071 2473 1165 2502 mater,
1180 2466 1355 2502 hortaturque
1369 2469 1399 2492 ut
1417 2462 1478 2501 fuga
1503 2461 1615 2490 salutem
1638 2461 1690 2491 sibi

936 2561 976 2587 ἰως
986 2559 1119 2585 ἐπαύσαντο.
