1890 2826
654 209 811 234 SYNOPsts
838 210 1024 233 SCRll’TURF.
1051 210 1174 233 SACRAE.

131 272 178 312 μὲν
187 271 385 311 ἐξωθενημένου
393 271 463 312 ἀρχή
476 273 532 301 ἐστι
543 272 574 302 τὸ
583 277 754 312 καταφρονεῖν
763 271 841 300 αὐτὸν
851 273 896 299 τοῦ

128 324 207 363 νόμου
217 336 227 343 ·
239 326 287 359 τῆς
305 323 332 353 δὲ
347 323 436 363 ὑγείας
453 329 611 364 προηγεῖται
622 327 636 353 ὃ
650 324 729 364 φόὸος
745 326 790 353 τοῦ
805 324 875 352 Θεοῦ
890 333 896 339 ·

127 377 230 412 καὶτῆς
243 376 291 415 μὲν
306 376 437 410 ἀπωλείας
449 379 497 412 τῆς
509 378 596 416 ψυχῆς
613 377 683 405 ἐστιν
698 375 768 415 ἀρχὴ
783 374 814 404 τὸ
827 373 895 414 ἀφύ-

126 428 222 457 λακτον
236 428 307 469 ἔχειν
319 428 350 458 τὸ
362 428 449 467 στόμα
458 440 467 446 ·
480 430 525 458 τοῦ
540 428 567 458 δὲ
586 427 723 458 πτοεῖσθαί
738 439 797 457 τινα
812 438 896 467 προη-

125 485 211 520 γεῖται
223 483 240 516 ἡ
254 480 407 521 προπέτεια.
420 479 500 510 Οὕτω
512 479 540 509 δὲ
550 480 664 516 ἑκάστην
678 482 753 520 ῥῆσιν
765 479 895 514 ἀναλύων,

127 532 245 572 εὑρήσεις
263 532 404 573 εἰρημένην
421 533 465 562 καὶ
484 532 670 572 γεγραμμένην
691 532 759 572 ὑπὲρ
777 534 822 560 τοῦ
837 530 897 564 τοὺς

127 584 268 618 ἀκούοντας
281 585 327 614 καὶ
341 584 518 622 μανθάνοντας
531 584 578 618 τὰς
589 584 673 625 ἀρχὰς
687 587 739 614 τῶν
751 586 840 614 κακῶν
852 584 897 613 καὶ

127 638 180 665 τῶν
198 637 303 676 ἀγαθῶν
316 636 421 677 φεύγειν
436 636 483 676 μὲν
497 636 534 665 τὰ
551 638 638 676 φαῦλα
650 660 657 673 ,
677 636 803 676 πράττειν
822 636 850 666 δὲ
863 635 897 664 τὰ

127 687 221 727 ἀγαθοί.
250 688 401 728 Αἰνίγματα
423 688 450 718 δὲ
476 689 521 718 καὶ
542 688 669 718 σκοτεινοὶ
691 688 781 728 λόγοι,
806 687 898 720 οἵτινες

127 741 253 781 ἀσφαλεῖς
268 740 315 779 μὲν
336 740 417 775 οὕτως
431 741 508 778 εἰσὶν,
527 741 596 770 ὥστε
615 743 690 780 ἀνιᾷν
709 741 754 770 τὸν
766 739 896 780 ἐντυγχά-

127 804 204 823 νοντα
217 793 248 822 τὸ
261 793 343 832 μηδὲν
358 792 504 834 ἐμφαίνειν,
521 793 588 833 μηδέ
605 805 665 822 τινα
676 792 800 822 ὑπόνοιαν
814 792 898 831 παρέ-

127 857 200 885 χειν·
221 845 392 886 ἔρευνώμενοι
406 845 433 874 δὲ
453 845 527 884 ὅμως
544 844 690 875 δεικνύουσι
704 845 748 874 τὸν
763 846 790 874 ἐν
811 845 899 876 αὐτοῖς

129 900 199 927 νοῦν.
223 894 285 928 Οῗοί
303 899 354 928 εἰσι
366 910 372 916 ·
387 899 431 937 Τῇ
453 897 550 938 βδέλλῃ
569 902 638 938 τρεῖς
658 897 797 937 θυγατέρες
820 892 898 933 ἦσαν,

127 950 261 990 ἀγαπήσει
292 949 482 989 ἀγαπώμεναι·
508 950 554 980 καὶ
582 952 610 979 αἱ
630 954 700 990 τρεῖς
718 945 832 987 αἷται*,
853 949 898 978 καὶ

126 1004 144 1038 ἡ
167 1002 281 1042 τετάρτη
299 1003 348 1032 οὔκ
366 1002 483 1042 ἠρκέσθη
507 1004 600 1037 εἰπεῖν,
625 1001 723 1031 ἱκανόν.
739 1001 840 1044 ᾍδης,
854 1002 899 1031 καὶ

1620 202 1689 245 44³

952 272 1140 307 contendunt,
1148 273 1273 312 contegit
1282 274 1420 301 amicitia.
1426 272 1692 302 Contentiosuscnim

952 326 986 345 ex
998 316 1060 346 odio
1071 317 1180 347 malitiae
1192 317 1273 357 hujus
1286 318 1451 358 principium
1463 317 1553 353 hahet,
1561 328 1608 347 nec
1616 318 1690 357 quis-

915 376 933 399 E
952 361 1025 400 piam
1037 361 1138 392 dixerit
1154 363 1346 392 contentiosum
1361 374 1388 393 se
1400 362 1522 403 diligere.
1536 364 1633 392 Contra
1644 364 1692 402 qui

952 408 1130 438 contentiosus
1146 419 1199 438 non
1219 415 1268 444 est,
1283 408 1434 438 dilectionis
1453 408 1585 438 indicium
1597 408 1687 438 habet.

951 453 1008 482 Nec
1027 454 1219 484 contentiosum
1231 455 1366 494 quispiam
1381 454 1482 483 dixerit
1493 465 1556 483 eum
1568 454 1616 493 qui
1627 454 1691 483 dili-

949 499 1005 537 git,
1021 506 1052 529 ut
1072 510 1181 529 rursum
1200 499 1367 530 diciturzln
1386 502 1625 540 concupiscentiis
1648 507 1689 529 est
1702 506 1841 536 l‘wmiltss

949 547 1043 574 omnis
1063 547 1184 580 otiosus;
1201 553 1237 582 et,
1254 547 1418 575 Iracundus
1436 547 1546 586 absque
1570 548 1689 576 consilio
1702 538 1841 567 ⁶⁷''‘’·¹*'¹'¹7·

950 591 1022 630 agit.
1034 591 1104 620 Nam
1128 591 1206 620 otiosi
1229 591 1344 620 animam
1367 592 1500 631 significat
1517 592 1544 621 in
1565 593 1690 622 omnihus

951 637 1172 677 concupiscentiis
1198 648 1254 666 esse
1279 637 1445 674 demersam,
1471 645 1497 667 et
1520 638 1691 673 iracundum,

952 683 1059 712 nullum
1084 690 1187 713 rectum
1212 683 1310 713 habere
1337 684 1480 713 consilium
1504 683 1628 713 ostendit.
1658 685 1695 714 Hi

952 729 1042 769 itaque
1061 730 1141 770 plane
1161 741 1248 759 mores
1265 730 1411 764 declarant,
1425 737 1451 759 et
1473 730 1583 760 actionis
1597 731 1696 770 princi-

952 775 1042 814 pium,
1057 775 1128 805 unde
1149 775 1282 813 ordiatur,
1297 775 1363 805 dum
1382 776 1465 811 aiunt,
1479 775 1572 805 odium
1593 787 1696 817 praece-

953 819 1017 850 dere
1031 820 1103 850 rixas
1119 834 1127 850 :
1143 821 1279 850 caritatem
1292 831 1349 850 esse
1364 821 1527 861 principium
1537 829 1563 851 et
1575 833 1695 858 causam,

953 877 1005 906 qua
1022 867 1143 898 vitantur
1165 867 1344 898 contentiones
1362 879 1369 895 :
1385 868 1440 897 otio
1465 868 1561 908 praeire
1588 879 1699 907 pravam

951 913 1133 953 voluptatem3
1144 913 1273 951 iracundo
1283 913 1378 953 praeire
1393 914 1499 943 consilii
1529 914 1646 954 inopiam
1657 927 1663 943 ι
1674 922 1700 944 et

952 970 1060 989 eausam
1073 970 1155 999 quare
1164 960 1225 999 quis
1239 959 1416 1000 despiciatur,
1424 970 1480 990 esse
1490 967 1651 990 contemtum
1662 962 1699 991 le-

954 1005 996 1045 gis
1003 1018 1010 1034 :
1017 1005 1091 1044 quod
1099 1006 1239 1035 sanitatem
1249 1005 1384 1046 praecedat
1394 1006 1475 1035 timor
1482 1006 1531 1036 Dei
1540 1018 1547 1035 z
1555 1007 1618 1036 item
1625 1008 1699 1046 quod

126 1054 191 1094 ἔρως
210 1054 349 1094 γυναικὸς,
367 1055 412 1084 καὶ
424 1054 569 1094 τάρταρος,
583 1054 628 1084 καὶ
643 1055 678 1093 γῆ
693 1055 740 1084 οὐκ
761 1055 899 1092 ἐμπιπλα-
911 1080 947 1099 379
955 1051 1120 1097 principium
1133 1052 1262 1092 perniciei
1276 1052 1372 1081 animae
1383 1052 1428 1089 sit,
1444 1062 1497 1083 non
1514 1053 1649 1083 custodire
1667 1065 1696 1083 os

128 1106 195 1145 μένη
221 1106 328 1142 ὓδατος,
349 1107 394 1136 καὶ
418 1106 488 1145 ὕδωρ
513 1105 558 1135 καὶ
582 1109 635 1146 πῦρ
659 1108 688 1136 οὗ
713 1106 750 1145 μὴ
779 1105 899 1143 εἴπωσιν,

127 1159 211 1197 ἀρκεῖ.
226 1158 279 1187 Καὶ
301 1158 382 1187 πάλιν
393 1169 399 1176 ·
416 1157 487 1198 Τρία
508 1158 537 1187 δέ
555 1159 626 1187 ἐστιν
645 1157 760 1187 ἀδύνατά
783 1170 829 1194 μοι
840 1160 912 1194 νοῆ--

128 1221 189 1244 σαι,
210 1209 256 1239 καὶ
280 1210 311 1239 τὸ
333 1209 458 1250 τέταρτον
472 1211 520 1239 οὔκ
541 1209 725 1249 ἐπιγινώσκω·
748 1209 810 1250 ἴχνη
823 1212 900 1240 ἀετοῦ

128 1261 284 1301 πετομένου,
296 1262 342 1292 καὶ
364 1261 438 1295 ὁδοὺς
456 1262 539 1301 ὄφεως
552 1261 596 1291 ἐπὶ
609 1261 723 1301 πέτρας,
735 1261 781 1291 καὶ
797 1262 902 1302 τρίδους

128 1312 190 1349 νηὸς
203 1313 429 1353 ποντοπορούσης,
442 1313 486 1343 καὶ
498 1313 571 1347 ὁδοὺς
580 1313 672 1353 ἀνδρὸς
686 1315 713 1343 ἐν
725 1313 827 1350 νεότητι
837 1326 844 1332 ·
856 1315 901 1344 καὶ

129 1366 179 1395 ὅσα
195 1365 303 1395 τοιαῦτά
317 1367 388 1395 ἐστιν
403 1359 555 1405 αἰνίγματα·
573 1365 651 1405 ἕτερα
670 1365 721 1406 γάρ
734 1378 794 1395 τινα
807 1367 883 1402 δηλοῖ
892 1389 900 1403 ,

129 1417 174 1447 καὶ
191 1417 287 1458 ἑτέρων
307 1417 408 1447 ἔννοιαν
419 1417 579 1457 παρίστησι·
593 1417 638 1447 καὶ
653 1419 743 1458 ἀσαφῆ
758 1418 806 1457 μέν
827 1421 900 1455 ἐστι,

129 1468 310 1509 κεκρυμμένον
322 1469 349 1498 δὲ
360 1469 417 1509 ἔχει
429 1469 474 1499 τὸν
485 1472 553 1499 νοῦν.
566 1469 619 1499 Καὶ
633 1472 650 1505 ἡ
665 1469 713 1508 μὲν
727 1471 840 1511 περιοχὴ
854 1474 900 1501 τοῦ

132 1521 233 1561 βιὸλίου
245 1523 297 1551 τῶν
310 1522 466 1562 Παροιμιῶν
484 1524 575 1550 τοῦτον
591 1521 647 1562 ἔχει
658 1522 702 1551 τὸν
714 1522 819 1562 τρόπον.

177 2214 212 2245 Ἦ
233 2214 261 2244 δὲ
285 2212 512 2253 ἀνακεφαλαίωσις
531 2212 559 2240 ἐν
577 2211 686 2245 τούτοις.
701 2212 746 2241 Ἐν
760 2212 907 2251 προοιμίοις

138 2260 199 2300 περὶ
210 2261 296 2289 αὐτῶν
309 2260 362 2288 τῶν
381 2259 530 2298 παροιμιῶν
544 2258 715 2296 Σολομῶντος
728 2258 784 2286 υἱοῦ
807 2258 891 2286 Δαυὶδ
900 2278 908 2292 ,

139 2306 166 2340 ὃς
179 2306 334 2336 ἰὸασίλευσε
343 2306 370 2334 ἐν
383 2303 574 2343 Ἰερουσαλὴμ,
585 2305 630 2332 τοῦ
643 2305 741 2342 γνῶναι
754 2303 846 2342 σοφίαν
858 2303 903 2332 καὶ

139 2352 270 2382 παιδείαν.
283 2351 337 2381 Καὶ
355 2350 396 2379 ὅτι
408 2348 490 2388 Ἀρχὴ
509 2348 601 2388 σοφίας
615 2348 694 2388 φόὸος
716 2347 824 2387 Κυρίου.
842 2349 910 2389 Περὶ

140 2400 187 2428 τοῦ
214 2397 317 2427 ἀκούειν
354 2395 449 2434 νόμους
474 2394 589 2432 πατρὸς,
618 2393 662 2422 καὶ
689 2393 726 2431 μὴ
754 2392 911 2423 ἀπώσασθαι

141 2443 254 2482 θεσμοὺς
265 2441 372 2481 μητρός.
382 2439 451 2479 Περὶ
463 2442 509 2468 τοῦ
520 2438 557 2477 μὴ
571 2439 752 2473 πλανηθῆναι,
762 2439 830 2477 μηδὲ
841 2451 911 2479 συμ-

143 2488 299 2528 πορεύεσθαι
322 2485 397 2518 δδοὺς
426 2484 493 2522 μετὰ
520 2485 572 2512 τῶν
598 2483 789 2513 συντελούντων
813 2484 911 2514 ἄνοαα·

179 2590 190 2601 *
201 2587 303 2622 [supple
315 2596 328 2612 e
340 2586 402 2612 Bibl.
417 2589 454 2612 οὐκ
466 2587 632 2617 ὶνεπΙμπλασαν
641 2587 717 2614 αὐτὴν.
737 2586 747 2616 }

920 1108 940 1131 A
955 1107 1046 1134 suum,
1060 1097 1134 1137 quod
1147 1097 1243 1127 terrori
1257 1104 1354 1138 praeeat
1371 1099 1514 1128 temeritas.
1529 1099 1559 1130 Si
1572 1109 1603 1129 eo
1617 1100 1698 1129 modo

955 1143 1061 1182 singula
1085 1142 1156 1173 dicta
1179 1143 1356 1182 expenderis,
1378 1143 1562 1183 deprehendes
1583 1156 1613 1174 ea
1636 1145 1697 1175 ideo

958 1198 1014 1218 esse
1028 1189 1127 1228 scripta
1139 1195 1219 1228 atque
1233 1189 1346 1229 prolata,
1360 1195 1389 1218 ut
1402 1189 1450 1228 qui
1463 1189 1598 1220 audierint
1610 1191 1694 1220 bono-

955 1245 1017 1263 rum
1041 1234 1228 1273 malorumque
1251 1234 1386 1274 principia
1414 1234 1500 1265 edocti
1509 1258 1520 1272 ,
1541 1246 1624 1276 prava
1651 1238 1698 1266 fu-

955 1280 1118 1320 giant,hona
1128 1286 1283 1320 operentur.
1297 1279 1449 1320 AEnigmata
1460 1291 1542 1321 porro
1549 1282 1694 1313 et'obscuri

954 1337 1099 1364 sermones,
1111 1327 1148 1356 ita
1168 1333 1245 1356 caute
1255 1334 1318 1357 sunt
1331 1327 1430 1367 posita,
1445 1334 1474 1357 ut
1487 1338 1549 1357 eum
1566 1329 1613 1367 qui
1627 1329 1698 1370 lege-

954 1373 989 1403 rit
1004 1383 1118 1403 moerore
1135 1372 1262 1410 afficiant,
1280 1372 1353 1411 quod
1364 1373 1435 1402 nihil
1446 1374 1535 1404 statim
1556 1374 1700 1405 exhibeant

953 1419 1115 1458 nullumque
1127 1429 1235 1448 sensum
1248 1418 1419 1448 subindicent
1432 1429 1439 1446 ε
1451 1426 1565 1450 attamen
1576 1420 1642 1450 dum
1654 1432 1697 1451 ac-

954 1472 1045 1495 curate
1066 1464 1265 1504 expenduntur,
1285 1475 1364 1495 suam
1384 1465 1541 1495 sententiam
1565 1466 1695 1496 indicant.

953 1511 1050 1548 Qualia
1057 1517 1119 1540 sunt
1132 1523 1138 1539 :
1155 1510 1345 1551 Sanguisugoe
1357 1517 1414 1540 tres
1423 1518 1508 1541 erant
1515 1513 1592 1552 filioe
1603 1514 1699 1542 admo·
1707 1519 1778 1541 Ριυυ.
1793 1518 1830 1541 30.

955 1558 1025 1586 dum
1037 1557 1150 1587 dilectoe
1164 1569 1171 1585 :
1185 1563 1213 1588 et
1223 1557 1268 1586 hoe
1285 1563 1340 1586 tres
1351 1562 1379 1586 et
1392 1563 1500 1595 quarta
1511 1568 1570 1587 non
1581 1560 1694 1595 dicunt,
1710 1549 1744 1571 ¹⁵·
1766 1549 1800 1571 ’δ’

954 1604 1036 1633 Satis
1046 1610 1099 1632 est.
1115 1602 1264 1643 Infernas,
1279 1609 1306 1632 et
1320 1613 1404 1632 amor
1421 1604 1550 1633 mulieris
1561 1611 1590 1633 et
1603 1611 1696 1634 tarta-

957 1660 1016 1686 rus,
1029 1655 1058 1677 et
1080 1655 1156 1678 terra
1175 1659 1240 1688 quoe
1265 1659 1326 1677 non
1343 1655 1494 1678 saturatur
1512 1660 1602 1689 aqua,
1617 1661 1697 1688 aqua

957 1701 983 1724 et
992 1696 1068 1734 ignis
1078 1704 1237 1734 numquam
1248 1694 1358 1730 dicunt,
1366 1694 1444 1723 Satis
1459 1701 1511 1723 est.
1524 1696 1561 1724 Et
1572 1695 1668 1724 iterum
1686 1710 1692 1724 :

964 1741 1032 1769 Tria
1045 1746 1113 1769 sunt
1124 1750 1189 1779 quoe
1202 1740 1352 1769 intellectu
1369 1741 1442 1769 mihi
1453 1747 1521 1770 sunt
1533 1742 1694 1780 impossibi—
1706 1746 1764 1766 lbid·
1779 1753 1800 1765 v-

957 1787 1011 1823 lia,
1026 1792 1054 1815 et
1063 1792 1198 1826 quartum
1210 1796 1270 1815 non
1278 1796 1416 1826 cognosco
1428 1799 1437 1815 .·
1448 1789 1574 1827 vestigia
1587 1789 1694 1828 aquiloe
1708 1775 1742 1799 ¹3'
1757 1782 1792 1805 ¹9*

958 1832 1101 1868 volantis,
1108 1838 1136 1862 et
1146 1833 1213 1861 vias
1223 1834 1364 1871 serpentis
1374 1842 1461 1871 supra
1469 1840 1621 1872 petram,et
1629 1836 1696 1865 vias

959 1880 1044 1908 navis
1058 1879 1090 1907 in
1109 1881 1185 1908 mari
1203 1878 1308 1915 euntis,
1324 1885 1353 1907 et
1373 1880 1440 1908 vias
1462 1881 1523 1908 viri
1542 1881 1575 1908 in
1597 1881 1696 1909 adole-

957 1926 1116 1954 scentiaxet
1129 1935 1302 1963 quaecumque
1319 1924 1451 1965 ejusmodi
1469 1933 1531 1955 sunt
1541 1926 1696 1965 aenigmata:

959 1971 1012 1999 alia
1030 1980 1145 2009 namque
1167 1970 1256 1999 statim
1277 1969 1406 2007 indicant,
1431 1971 1511 2000 aliam
1533 1978 1619 2002 tamen
1641 1984 1696 2002 sen-

960 2017 1067 2047 tentiam
1083 2016 1210 2046 exhibent
1226 2027 1232 2043 :
1248 2023 1274 2045 et
1291 2016 1405 2046 obscura
1421 2017 1530 2056 quidem
1552 2025 1625 2056 sunt,
1637 2019 1697 2048 ahs-

960 2062 1099 2092 conditum
1117 2073 1182 2093 vcro
1193 2072 1299 2092 sensum
1317 2062 1426 2093 habent.
1445 2063 1480 2092 Et
1509 2064 1698 2104 compendium

960 2109 1070 2148 quidem
1092 2110 1156 2139 libri
1183 2107 1389 2139 proverbiorum
1414 2109 1449 2139 ad
1473 2110 1544 2139 hunc
1570 2120 1598 2140 se
1620 2111 1700 2140 habet

961 2156 1083 2188 modum.

1001 2208 1197 2248 Reoepitulatio
1211 2214 1299 2237 autem
1318 2209 1377 2248 ejus
1389 2207 1433 2236 his
1454 2207 1697 2248 comprehenditur.

962 2257 993 2286 In
1006 2254 1143 2295 prooemiis
1162 2253 1252 2293 agitur
1273 2253 1307 2282 de
1319 2253 1385 2293 ipsis
1400 2253 1553 2282 Proverbiis
1566 2254 1698 2283 salomo·
1710 2264 1767 2292 Cap.
1781 2270 1800 2283 1.
1817 2269 1824 2283 ι

928 2309 954 2332 8<
964 2303 1010 2330 nis
1013 2299 1078 2341 filii
1089 2299 1199 2335 David,
1214 2299 1265 2338 qui
1278 2299 1411 2338 regnavit
1426 2299 1458 2326 in
1468 2298 1644 2334 Jerusalem,
1661 2298 1702 2326 ad
1711 2301 1733 2316 ²·

964 2346 1112 2376 sciendam
1118 2346 1290 2384 sapientiam
1297 2349 1325 2373 ee
1334 2344 1527 2383 disciplinam.
1538 2342 1618 2380 Quod
1624 2343 1702 2381 prin-
1712 2349 1769 2373 ιιιηι,
1778 2357 1798 2369 v.
1813 2356 1835 2378 7.

965 2393 1067 2433 cipium
1082 2390 1217 2430 sapientiae
1231 2390 1266 2419 sit
1276 2390 1356 2418 timor
1369 2387 1489 2418 Domini.
1509 2389 1549 2416 De
1562 2387 1702 2416 audiendis

967 2439 1071 2478 legibus
1086 2437 1179 2478 patris,
1193 2443 1218 2465 et
1230 2435 1264 2464 de
1275 2444 1327 2464 non
1342 2432 1490 2472 respuenda
1503 2431 1645 2471 disciplina
1652 2443 1704 2461 ma-

968 2485 1024 2514 tris.
1042 2485 1081 2513 De
1095 2492 1147 2512 non
1167 2480 1289 2517 errando,
1304 2486 1330 2508 et
1344 2477 1416 2517 quod
1430 2487 1481 2506 non
1500 2476 1534 2506 sit
1556 2476 1598 2507 via
1611 2487 1705 2516 capes-
