1890 2826
714 221 749 243 IN
776 219 904 249 18A1AM,
934 218 1009 241 GAP.
1040 218 1073 240 V.

109 298 168 317 πιον
182 286 267 315 αὑτῶν
281 283 462 322 ἰκισιῆμονες.
480 283 520 312 Οὐ
533 281 627 321 μικρὸν
640 281 686 311 καὶ
705 283 782 311 τοῦτο
796 279 872 309 ἐλάτ·

109 343 196 370 τωμα,
207 330 238 359 τὸ
249 329 328 370 σοφόν
341 340 400 359 τινα
410 328 522 366 νομίζειν
537 327 644 363 ἑαυτὸν,
654 327 699 357 καὶ
716 330 770 360 τοῖς
783 327 877 355 ἑαυτοῦ

109 379 244 416 λογισμοῖς
257 376 288 405 τὸ
300 380 353 405 πᾶν
367 372 527 415 ἐπιτρέπειν.
538 374 592 404 Καὶ
604 373 656 413 γὰρ
667 374 784 402 ἐντεῦθεν
793 372 878 400 ἐκεῖνο

109 423 221 463 γίνεται·
231 421 328 461 ι[λέγω
337 419 370 457 δὴ
379 420 410 450 τὸ
418 419 526 460 φάσκειν
536 420 565 449 τὸ
574 419 687 459 πονηρὸν
698 417 837 454 καλὸν,καὶ
848 416 879 445 τὸ

109 468 189 498 καλὸν
202 467 324 507 πονηρὸν,
336 467 381 497 καὶ
395 465 430 495 τὰ
440 465 519 505 ἑξῆς]
528 466 616 495 Τοῦτο
626 465 672 495 καὶ
685 467 699 494 ὃ
710 463 816 496 Παῦλος
825 466 879 495 τοῖς

110 514 160 549 ἔξω
179 513 328 554 φιλοσόφοις
340 513 458 552 ἐγκαλῶν
475 510 579 551 ἔλεγεν,
597 510 639 540 ὅτι
649 509 803 542 Φάσκοντες
814 503 880 538 εἶναι

111 560 195 600 σοφοὶ,
209 558 407 599 ἐμωράνθησαν.
422 556 475 587 Καὶ
492 559 506 587 ὁ
519 555 702 597 παροιμιώδης
714 555 790 594 λόγος
800 553 880 583 πάλιν

110 605 188 646 φησίν
197 617 204 624 ·
225 600 303 635 Εἶδον
326 604 461 643 ἄνθρωπον
484 604 611 633 δοκοῦντα
634 597 701 631 εἶναι
722 600 801 641 σοφὸν
815 601 878 639 παρ’

111 653 210 691 ἑαυτῷ’
224 650 319 681 ἐλπίδα
333 650 361 679 δὲ
383 650 440 690 ἔχει
454 650 553 688 μᾶλλον
575 648 664 689 ἄφρων
687 649 775 677 αὐτοῦ.
793 647 886 676 Τοῦτο

110 696 156 727 καὶ
168 697 276 730 Παῦλος
287 696 393 735 ἐγκαλεῖ
408 694 488 725 πάλιν
502 694 600 734 λέγων·
616 693 663 729 Μὴ
678 693 779 733 γίνεσθε
791 691 880 732 φρόνι-

112 754 156 781 μοι
167 744 230 783 παρ’
244 744 346 775 ἑαυτοῖς
355 753 361 760 ·
375 741 420 771 καὶ
432 741 512 770 πάλιν
523 753 528 759 ·
542 740 577 770 Εἴ
587 751 626 774 τις
639 740 710 770 δοκεῖ
727 738 804 779 σοφὸς
815 732 881 767 εἶναι

1633 219 1672 252 71

889 278 915 328 ὓΛῙ
936 279 1057 318 ligentes
1081 287 1150 308 sunt
1165 280 1245 319 apud
1274 282 1456 319 semetipsos,
1479 285 1507 308 et
1528 289 1627 308 coram
1647 288 1677 307 se

934 327 1066 356 scientes.
1079 328 1139 356 Non
1157 331 1272 367 parvum
1285 334 1312 357 et
1327 327 1379 356 hoc
1397 326 1506 363 vitium,
1521 336 1583 355 cum
1597 325 1677 364 quis-

934 372 1006 412 piam
1029 383 1057 402 se
1080 373 1227 413 sapientem
1248 380 1334 413 putat,
1346 380 1373 402 et
1394 371 1600 411 cogitationibus
1621 371 1677 400 suis

934 418 1023 448 omnia
1035 419 1176 458 permittit.
1192 419 1262 448 Nam
1274 418 1338 448 hinc
1351 417 1423 448 illud
1433 417 1536 450 oritur;
1547 416 1677 445 nimirum

934 463 1007 502 quod
1020 463 1111 494 dicant
1126 464 1227 494 malum
1243 464 1356 502 bonum,
1368 471 1394 494 et
1407 464 1510 493 bonum
1523 462 1637 499 malum,
1652 469 1678 491 et

935 517 1037 540 caetera.
1048 512 1106 541 Hoc
1116 511 1196 540 etiam
1205 510 1437 542 Pauluaexternis
1445 508 1615 550 philosophis
1624 508 1677 537 cri-

935 556 1002 586 mini
1015 557 1082 587 dans
1102 553 1377 587 dicebatzDicerttes
1396 567 1427 586 se
1448 558 1591 595 sapientes
1605 564 1676 589 esse,
1688 562 1827 585 R0n1.1.22.

935 604 1019 633 stulti
1023 603 1105 644 sacti
1125 610 1204 633 sunt.
1215 602 1450 641 Proverbialisque
1467 612 1554 631 sermo
1568 610 1677 630 rursum

936 649 974 678 sic
988 649 1070 678 hahet
1082 660 1088 676 :
1100 650 1169 679 Vidi
1188 650 1344 685 hominem,
1355 650 1406 688 qui
1427 649 1482 678 sibi
1505 648 1619 686 sapiens
1630 647 1678 675 vi-
1689 654 1758 675 va,
1775 654 1812 676 26.

936 696 1060 725 debatur
1067 705 1128 724 esse
1136 695 1216 734 apud
1223 697 1406 734 semetipsum
1411 705 1426 731 ,·
1436 695 1575 733 majorem
1586 702 1678 733 quam
1692 692 1727 706 ‘²'

936 742 988 771 ille
1002 752 1081 780 spem
1102 742 1190 771 habet
1211 741 1329 771 stultus,
1349 741 1408 770 Hoc
1421 740 1512 780 ipsum
1522 740 1620 768 iterum
1633 750 1677 768 ar-

111 790 139 817 ἐν
157 790 219 827 ὑμῖν
233 789 260 818 ἐν
273 789 311 828 τῷ
326 789 402 819 αἰῶνι
415 787 514 827 τούτῳ,
535 786 649 826 γενέσθω
664 785 765 825 μωρὸς,
779 783 822 813 ἵνα
835 783 880 823 γέ·
898 788 916 811 Β

241 834 302 874 w&
337 833 384 870 Μὴ
427 835 445 843 .-
491 834 517 863 ῖκ
534 832 542 844 l
637 831 645 861 ί
757 831 768 859 l
855 829 882 859 δὲ
937 788 995 828 guit
1007 788 1107 818 Paulus
1120 788 1163 817 his
1176 787 1343 818 verbis:Ne
1354 788 1417 816 sitis
1429 786 1586 826 prudentes
1599 785 1680 825 apud
1689 786 1756 821 ΒΨ·
1778 790 1812 805 ¹2-

114 845 194 869 νηται
223 846 241 863 σ
304 857 311 863 .
411 845 445 873 ἰῃ
476 844 490 862 ο
519 844 560 872 ειᾳ
585 843 679 872 σοφᾳ,
703 842 757 871 φησ
778 853 785 867 ,
815 842 852 869 μη

936 836 1126 874 vosmetipsos
1133 847 1145 869 ‚·
1158 844 1189 863 ac
1211 844 1319 862 rursum
1331 855 1337 861 .
1352 832 1383 862 Si
1407 834 1472 872 quis
1485 833 1518 860 in
1533 832 1619 860 vobis
1632 832 1678 860 vi-
1691 817 1787 870 ξείνω..
1807 844 1830 867 3,

115 883 170 913 τοῖς
189 881 282 910 ἑαυτοῦ
302 878 487 920 1’ἐπιτρεπέτω
509 880 662 917 λογισμοῖς,
686 878 745 906 ἀλλ’
771 876 884 909 ἐκείνους

116 925 292 963 κατευνάσας,
311 925 436 956 ἐκδιδότω
447 923 495 961 τὴν
515 923 605 964 ψυχὴν
617 925 650 962 τῇ
668 925 714 952 τοῦ
728 921 884 961 Πνεύματος

116 971 285 1011 διδασκαλίᾳ.
299 971 378 1001 Ἐπεὶ
391 965 435 1000 οὖν
458 970 504 1000 καὶ
523 969 596 1009 παρὰ
616 968 751 1001 Ἰουδαίοις
771 967 885 997 τοιοῦτοί

117 1029 184 1051 τινες
201 1013 270 1053 ἦσαν
289 1018 468 1057 ὑπερορῶντες
479 1015 527 1054 μὲν
542 1016 594 1044 τῶν
613 1016 755 1055 προφητῶν
776 1015 812 1047 ὡς
824 1025 884 1042 ποι-

117 1063 202 1102 μένων
215 1062 262 1093 καὶ
273 1061 398 1098 αἰπόλων,
413 1060 567 1102 βουλόμενοι
577 1060 604 1089 δὲ
616 1060 766 1100 σοφίζεσθαι
776 1059 886 1095 οἴκοθεν,

117 1109 132 1138 ὃ
142 1111 188 1139 καὶ
202 1107 324 1141 ἀπονοίας
344 1108 432 1141 αὗτοῖς
444 1107 566 1140 ὑπόθεσις
587 1106 686 1146 ἐγίνετο
694 1128 702 1141 ,
714 1105 760 1135 καὶ
773 1107 819 1134 τοῦ
833 1116 884 1133 κα-

118 1158 255 1194 ταφρονεῖν
270 1155 322 1183 τῶν
331 1153 480 1192 λεγομένων
490 1175 498 1190 ,
511 1152 619 1186 εἰκότως
633 1150 726 1184 αὐτοὺς
740 1154 828 1191 θρηνεῖ
841 1150 887 1180 λέ-

118 1211 173 1239 γων
182 1211 188 1218 ·
200 1199 272 1230 Οὐαὶ
283 1199 308 1229 οἱ
326 1198 428 1228 συνετοὶ
449 1200 476 1228 ἐν
489 1200 599 1234 ἑαυτοῖς,
613 1198 658 1228 καὶ
677 1197 788 1227 ἐνώπιον
802 1198 888 1225 αὓτῶν

120 1245 303 1285 ἐπιστήμονες.
318 1244 388 1275 Οὐαὶ
409 1245 434 1274 οἱ
455 1243 589 1284 ἰσχύοντες
610 1245 698 1283 ὑμῶν,
717 1244 742 1272 οἱ
761 1242 806 1272 τὸν
820 1237 887 1272 οἶνον

120 1291 253 1326 πίνοντες,
267 1290 312 1320 καὶ
333 1291 358 1319 οἱ
369 1290 512 1326 δυνάσται,
536 1291 561 1319 οἱ
581 1290 719 1329 κιρνῶντες
738 1287 769 1317 τὸ
782 1288 884 1328 σίκερα.

121 1336 168 1372 Μὴ
189 1336 346 1376 θαυμάσῃς,
361 1337 385 1365 εἰ
406 1335 457 1376 πρὸ
480 1338 574 1375 μικροῦ
587 1337 703 1365 τοσαῦτα
716 1333 786 1364 κατὰ
807 1333 889 1373 μέθης

121 1382 212 1420 εἰπὼν,
222 1382 302 1412 πάλιν
314 1382 358 1412 τὸν
368 1381 446 1411 αὐτὸν
457 1380 672 1420 ἐπαναλαμὸἄνει
681 1381 766 1421 λόγον.
777 1379 887 1415 Ἐπειδὴ

121 1428 172 1469 γὰρ
185 1428 302 1469 χαλεπὸν
315 1427 346 1458 τὸ
358 1428 434 1461 ἕλκος
447 1431 459 1445 ⁰
467 1427 512 1457 καὶ
530 1427 664 1457 δύσεικτον
673 1449 681 1463 ,
699 1427 743 1456 διὰ
755 1429 832 1456 τοῦτο
845 1426 890 1456 καὶ

122 1476 239 1515 συνεχῶς
259 1476 397 1504 ἐπαντλεῖν
416 1474 478 1504 ὢει.
494 1472 618 1503 Χαλεπὸν
641 1473 668 1502 δὲ
682 1473 728 1503 καὶ
742 1472 889 1508 δύσεικτον,

122 1523 160 1562 τῷ
175 1521 213 1559 μὴ
235 1521 319 1551 δοκεῖν
342 1519 416 1560 παρὰ
436 1524 490 1553 τοῖς
510 1520 617 1552 πολλοῖς
640 1519 788 1559 ἁμάρτημα
809 1514 889 1554 εἶναι,

122 1564 228 1594 πάντων
250 1564 449 1605 ἁμαρτημάτων
474 1563 659 1604 χαλεπώτερον
683 1563 724 1600 ὃν,
739 1563 784 1592 καὶ
809 1562 891 1602 μυρία

125 1610 270 1651 βλαστάνον
281 1610 431 1648 νοσήματα.
444 1610 493 1640 Διό
504 1622 582 1650 φησιν
591 1622 597 1628 ·
612 1611 648 1640 Οἱ
661 1609 706 1640 τὸν
719 1604 787 1639 οἶνον
801 1608 891 1638 πίνον-

124 1670 183 1694 τες,
196 1658 242 1687 καὶ
264 1659 288 1686 οἱ
306 1657 450 1692 δυνάσται,
471 1659 496 1686 οἱ
519 1659 658 1696 κιρνῶντες
678 1656 708 1685 τὸ
722 1656 824 1696 σίκερα.
840 1657 891 1685 Δι-

126 1704 208 1737 πλοῢς
227 1705 242 1732 ὁ
263 1702 395 1743 κρημνὸς,
419 1700 537 1742 τυραννὶς
558 1702 654 1741 μέθης,
675 1702 720 1731 καὶ
742 1700 894 1734 δυναστείας

127 1748 271 1789 ὖπερὸολή.
285 1750 359 1779 nem
373 1748 420 1787 μὲν
434 1748 485 1788 γὰρ
503 1747 649 1787 ἀνθρώποις
659 1748 788 1786 λογισμοῦ
799 1746 877 1786 χρεία
886 1768 894 1781 ,

129 1795 246 1834 μάλιστα
260 1793 287 1824 δὲ
300 1798 354 1827 τοῖς
367 1795 395 1823 ἓν
415 1792 547 1832 ἀξιώμασι
559 1793 605 1822 καὶ
627 1792 789 1825 δυναστείαις
807 1788 879 1821 οὖσιν
887 1813 896 1827 ,

129 1840 198 1870 ὥστε
218 1840 274 1879 μὴ,
292 1839 411 1880 καθάπερ
431 1839 552 1869 ἀτάκτων
569 1838 670 1868 ὑδάτων
691 1837 762 1878 ῥύμῃ
780 1837 847 1872 τινὶ,
859 1839 897 1876 τῷ

130 1887 178 1921 τῆς
190 1887 275 1926 ἀρχῆς
293 1884 480 1925 ἐκφερομένους
493 1885 565 1925 ὄγκῳ
577 1883 844 1924 κατακρημνίζεσθαι,
862 1884 897 1912 Οἱ

131 1933 290 1965 δικαιοῦντες
301 1931 345 1960 τὸν
359 1931 443 1966 ἅσεὸἥ
463 1930 549 1960 ἕνεκεν
570 1929 674 1970 δώρων,
688 1929 733 1958 καὶ
748 1929 779 1958 τὸ
798 1929 898 1959 δίκαιον

130 1981 177 2008 τοῦ
190 1977 291 2008 δικαίου
309 1976 424 2017 αἴροντες
442 1978 489 2006 ἀπ’
503 1977 592 2006 αὐτοῦ.
607 1977 723 2006 Διπλοῦν
734 1975 765 2005 τὸ
778 1975 898 2015 ἔγκλημα

131 2025 212 2054 πάλιν
234 2024 264 2053 τὸ
287 2023 332 2053 τὸν
354 2022 496 2053 ὑπεύθυνον
522 2022 641 2063 ἀφιέναι,
663 2022 708 2052 καὶ
731 2021 775 2050 τὸν
789 2021 899 2051 ἀνεύθυ-

132 2082 175 2100 νον
197 2069 389 2103 καταδικάζειν.
411 2068 556 2109 Ἕκατέρου
580 2068 773 2109 ἁμαρτήματος
799 2070 816 2103 ἡ
843 2068 901 2108 ῥίζα

133 2115 287 2155 δωροδοκία.
314 2115 366 2145 Διὰ
389 2117 466 2144 τοῦτο
488 2114 515 2144 ὃν
542 2114 638 2154 τρόπον
668 2114 827 2150 καυθήσεται
850 2126 901 2143 κα-

133 2161 206 2200 λάμη
228 2161 280 2191 ὑπὸ
299 2161 427 2202 ἄνθρακος
447 2161 544 2200 πυρὸς,
558 2161 603 2190 καὶ
625 2160 837 2200 συγκαυθήσεται
850 2159 901 2189 ὑπὸ

134 2206 228 2248 φλογὸς
242 2207 404 2246 ἀνημμένης.
417 2206 458 2236 Τὸ
474 2208 522 2242 τῆς
534 2206 662 2247 τιμωρίας
675 2205 759 2246 ταχὺ,
780 2206 810 2236 τὸ
828 2206 901 2235 εὔκο-

135 2255 181 2283 λον
203 2254 250 2288 τῆς
269 2254 401 2287 mucan<
423 2253 585 2293 παρίστησι,
605 2253 649 2282 διὰ
669 2254 717 2288 τῆς
737 2252 833 2286 εἰκόνος
853 2251 902 2289 τὴν

137 2299 315 2338 πανωλεθρίαν
328 2301 414 2329 αὐτῶν
427 2300 524 2335 δηλῶν.

171 2544 183 2556 ·
200 2536 263 2568 Quae
280 2534 376 2561 uncini·
399 2535 552 2562 clauduntur
570 2534 661 2560 desunt
677 2536 702 2560 in
720 2535 780 2569 Reg.
794 2540 819 2560 et
831 2533 907 2560 Savil.

144 2574 193 2601 Sed
212 2574 336 2600 habemur
346 2576 371 2600 in
382 2573 470 2600 Metel.
480 2580 506 2600 et
518 2576 543 2600 in
555 2575 676 2600 Bavarico
688 2574 790 2601 Codice.

183 2615 196 2634 b
213 2614 273 2645 neg.
288 2619 311 2638 et
324 2613 401 2638 Savil.
414 2618 538 2647 ἐπιτρέπων
546 2617 664 2646 λογισμοῖς-

938 880 1044 910 deutur
1061 881 1176 919 sapiens
1198 889 1259 908 esse
1293 881 1324 908 in
1343 879 1398 908 hoc
1424 877 1550 914 saeculo,
1573 877 1680 907 stultus
1693 880 1728 903 ¹8·

928 927 1002 966 fiat,
1012 932 1045 955 ut
1054 927 1093 955 sit
1100 927 1227 964 sapiens.
1239 926 1281 954 Ne
1291 924 1407 964 propriae
1421 923 1568 963 sapientiae,
1579 922 1679 961 inquit,

938 982 1026 1010 neque
1045 971 1252 1011 cogitationibus
1271 969 1327 999 suis
1356 969 1433 1007 fidat,
1448 968 1496 998 sed
1517 968 1579 997 illas
1598 969 1683 1008 repri-

938 1027 1029 1054 mens,
1052 1016 1170 1057 Spiritus
1198 1014 1326 1044 doctrinae
1351 1015 1472 1044 animum
1491 1014 1587 1044 tradat.
1612 1013 1684 1051 Quia

939 1062 1023 1102 igitur
1032 1061 1106 1102 apud
1119 1060 1228 1091 Judaeos
1240 1059 1352 1099 quidam
1364 1067 1439 1090 erant
1451 1059 1620 1100 hujusmodi,
1626 1070 1686 1099 pro-

940 1109 1034 1150 phetas
1053 1108 1245 1149 despicientes,
1262 1107 1340 1147 quasi
1357 1115 1477 1147 pastores
1496 1114 1522 1137 et
1537 1106 1684 1147 capi-arios,

941 1155 1114 1194 volentesque
1139 1154 1270 1194 sapientes
1288 1154 1315 1183 in
1339 1153 1487 1193 semetipsis
1499 1152 1599 1190 videri,
1613 1151 1688 1191 quod

942 1208 1001 1231 tum
1013 1200 1171 1240 arrogantiae
1185 1200 1251 1240 ipsis
1265 1199 1368 1230 occasio
1382 1206 1450 1236 erat,
1465 1206 1524 1246 tum
1535 1206 1564 1228 ut
1579 1198 1631 1228 sibi
1643 1198 1687 1228 di-

942 1255 984 1278 cta
1004 1254 1216 1284 contemnerent,
1237 1246 1300 1286 jure
1320 1245 1383 1275 illos
1411 1246 1486 1285 luget
1513 1244 1688 1275 dicenszVae

942 1295 994 1334 qui
1014 1293 1209 1333 intelligentes
1230 1297 1298 1322 sunt
1325 1292 1405 1331 apud
1425 1293 1603 1331 semetipsos,
1616 1297 1644 1320 et
1656 1292 1689 1319 in

916 1350 923 1360 ι
943 1343 1094 1378 conspectu
1106 1337 1304 1366 suo'scientes.
1321 1337 1371 1365 29.
1385 1335 1437 1364 Voe
1454 1336 1504 1375 qui
1509 1335 1609 1376 sortes
1621 1341 1691 1364 sunt

944 1386 1020 1413 inter·
1029 1393 1094 1420 vos,
1108 1384 1160 1422 qui
1170 1383 1275 1411 vinum
1287 1382 1456 1422 bibunt,qui
1465 1387 1596 1420 potentes
1609 1387 1689 1417 sunt,

944 1431 995 1470 qui
1014 1431 1135 1459 miscent
1158 1430 1291 1457 siceram.
1311 1428 1352 1457 Ne
1377 1427 1485 1457 mireris
1498 1427 1595 1456 sicum
1607 1426 1690 1467 paulo

944 1483 1005 1506 ante
1015 1482 1087 1505 tanta
1097 1474 1198 1504 dixerit
1216 1481 1306 1503 contra
1322 1473 1487 1511 ebrietatem,
1503 1483 1596 1502 rursus
1610 1483 1690 1502 eum-

944 1522 1007 1552 dem
1026 1528 1146 1552 resumat
1163 1531 1322 1550 sermonem.
1336 1521 1408 1558 Quia
1429 1519 1501 1549 enim
1518 1530 1600 1560 grave
1615 1519 1692 1549 ulcus

945 1575 1012 1605 erat,
1026 1578 1075 1597 nec
1086 1566 1208 1604 cedebat,
1220 1566 1280 1595 ideo
1297 1566 1366 1595 illud
1377 1567 1529 1605 frequenter
1543 1565 1693 1605 abstergere

946 1614 1095 1655 oportebat.
1112 1613 1202 1642 Grave
1214 1619 1240 1642 et
1255 1619 1350 1642 cui-atu
1362 1611 1475 1642 difficile
1485 1611 1558 1641 illud
1568 1618 1617 1648 est,
1630 1621 1693 1640 cum

946 1660 977 1690 id
990 1659 1063 1699 quod
1081 1658 1175 1688 multis
1195 1657 1304 1689 videtur
1317 1667 1370 1687 non
1388 1668 1444 1687 esse
1465 1664 1615 1698 peccatum,
1628 1666 1693 1696 gra-

947 1706 1089 1736 vissimum
1120 1711 1209 1733 tamen
1236 1703 1358 1733 omnium
1380 1710 1420 1733 est
1443 1710 1598 1744 peccatum,
1620 1702 1695 1741 quod

949 1757 1085 1780 sexcentos
1096 1749 1232 1789 ingeneret
1241 1749 1358 1778 morbos.
1372 1748 1437 1779 Ideo
1447 1749 1484 1778 ait
1496 1761 1503 1778 ε
1521 1749 1577 1787 Qui
1590 1750 1694 1778 vinum

951 1797 1064 1832 bibunt,
1075 1801 1103 1823 et
1117 1800 1260 1834 potentes,
1277 1796 1328 1834 qui
1347 1796 1467 1824 miscent
1487 1796 1620 1824 siceram:
1635 1796 1695 1824 Du-

951 1842 1015 1882 plex
1028 1840 1221 1882 praecipitium,
1233 1840 1357 1880 tyrannis
1376 1840 1523 1877 ebrietatis,
1535 1847 1559 1869 et
1571 1839 1696 1880 potentiae

952 1886 1120 1928 magnitudo.
1132 1886 1267 1917 Omnibus
1278 1886 1379 1927 quippe
1388 1886 1545 1916 hominibus
1557 1886 1697 1916 ratiocinio

953 1941 991 1964 est
1011 1944 1091 1974 opus,
1105 1932 1222 1963 maxime
1243 1943 1308 1963 vero
1323 1932 1356 1961 iis
1371 1932 1420 1971 qui
1437 1932 1464 1961 in
1483 1932 1613 1972 dignitate
1627 1940 1653 1962 et
1667 1933 1695 1962 in

953 1981 1071 2022 potentia
1086 1986 1159 2017 sunt,
1172 1990 1205 2008 ne
1221 1979 1388 2019 principatus
1409 1986 1526 2016 tumore,
1546 1990 1595 2009 ceu
1614 1980 1697 2010 inun-

954 2026 1077 2057 dantium
1106 2036 1239 2063 aquarum
1265 2025 1366 2065 impetu
1393 2024 1542 2065 praecipites
1572 2034 1696 2066 agantur.

955 2075 1006 2103 25.
1026 2073 1083 2112 Qui
1091 2072 1256 2112 justificant
1265 2073 1386 2110 impium
1395 2078 1513 2111 propter
1526 2082 1657 2109 munera,
1671 2079 1698 2101 et

952 2119 1002 2158 jus
1008 2117 1085 2157 justi
1103 2116 1213 2146 tollunt
1232 2117 1269 2144 ab
1285 2115 1349 2145 illo.
1363 2115 1474 2156 Duplex
1491 2127 1585 2145 rursus
1598 2116 1699 2158 crimen

957 2163 1045 2199 offert,
1066 2162 1140 2202 quod
1161 2173 1237 2192 reum
1261 2161 1408 2199 dimittant,
1421 2168 1447 2190 et
1465 2161 1538 2200 quod
1558 2161 1701 2191 innoxium

957 2209 1145 2240 condemnent.
1154 2209 1305 2247 Utriusque
1319 2209 1420 2247 peccati
1430 2207 1510 2237 radix
1523 2215 1585 2237 sunt
1594 2215 1701 2248 accepta

957 2266 1079 2285 munera.
1095 2256 1144 2284 94.
1160 2255 1231 2284 Ideo
1254 2254 1500 2294 quemadmodum
1513 2254 1705 2283 succendetur

957 2301 1067 2342 stipula
1080 2311 1100 2330 a
1113 2302 1239 2331 carbone
1250 2301 1334 2340 ignis,
1346 2306 1374 2329 et
1386 2299 1578 2329 succendetur
1590 2299 1704 2339 astam-

959 2359 1007 2378 ma
1030 2357 1164 2377 accensa.
1185 2346 1353 2377 Celeritatem
1375 2345 1486 2376 ultionis
1504 2351 1529 2373 et
1550 2344 1704 2374 facilitatem

960 2394 1084 2426 sumendi
1096 2393 1225 2434 supplicii
1235 2392 1355 2429 exhibet,
1369 2399 1514 2422 extremam
1524 2391 1634 2420 illorum
1645 2401 1706 2430 per-

964 2441 1060 2472 niciem
1077 2440 1195 2480 imagine
1207 2439 1371 2480 exprimenS.

991 2541 1001 2553 Β
1018 2536 1061 2558 Καὶ
1074 2534 1194 2558 tomum.
1209 2531 1284 2555 Putat
1292 2527 1529 2560 Anenuslegendum
1540 2536 1591 2552 esse
1600 2530 1709 2554 δυσίατον,

958 2572 1009 2598 Sed
1021 2575 1131 2599 δύσεικτον
1145 2571 1220 2595 etiam
1234 2568 1353 2601 quadrat,
1364 2573 1389 2592 et
1401 2566 1511 2600 alioquin
1523 2575 1580 2591 oum
1593 2566 1631 2592 bis
1643 2575 1714 2600 repe-

961 2617 1038 2642 uitur,
1048 2610 1107 2636 hinc
1120 2614 1186 2634 certe
1192 2606 1354 2633 confirmatur
1366 2605 1448 2631 lectio.
1546 2639 1566 2667 6
