1890 2826
0 1714 6 1729 ἡ
0 1549 9 1702 -u-z-v-x-:v
0 1531 4 1543 ν-
2 1519 7 1523 1

630 177 767 200 HOMILJA
794 177 837 200 DE
866 177 1095 201 LEGISLATORE
1102 194 1107 200 .

82 240 219 280 δογμάτων
230 238 459 279 ,διαστρεφομένων
470 239 518 267 οὐκ
529 239 681 278 ἀγανακτεῖς
695 238 741 274 Μὴ
757 238 847 278 σοφώ-

80 297 153 326 τερος
165 281 190 315 εἷ
201 288 247 314 τοῦ
261 287 401 325 Σωτῆρος
422 284 459 324 μὴ
474 283 657 324 ἀκριὸέστερος
669 279 694 313 εἷ
705 286 751 313 τοῦ
767 285 847 322 εὐαγ-

79 331 184 371 γελίου;
199 331 341 368 ‹rofi-hem:
352 331 435 371 κρίμα
454 332 542 367 Θεοῦ,
565 330 695 370 φοὸήθητι
713 332 798 359 ἐκεῖνο
819 329 850 358 τὸ

79 378 188 418 φοὸερὸν
201 378 301 417 ὄνομα,
322 378 366 407 καὶ
381 377 510 407 &cuffiam
522 377 571 413 τὴν
584 376 693 412 κακίαν,
713 375 758 405 καὶ
782 375 850 406 ἀνά-

78 423 143 453 Mes
163 423 210 460 τὴν
226 423 381 463 μετάνοιαν,
403 423 448 453 καὶ
468 422 594 463 ἐγγυᾶταί
608 434 654 451 σου
670 424 687 458 ἡ
699 422 787 454 πίστις
800 420 849 457 ἰ-ὴν

80 470 220 510 σωτηρίαν.
235 470 370 499 Μετάνοια
382 469 433 510 γὰρ
445 468 578 509 σωτηρίαν
591 473 676 504 ποιεῖ,
697 468 742 497 καὶ
756 469 809 497 τῶν
822 469 849 496 ἐν
865 471 882 494 B

81 515 195 556 αἱρέσει,
214 515 258 546 καὶ
273 518 324 545 τῶν
339 516 365 545 ἐν
380 519 473 548 vemt<
493 514 602 555 πράξεσι
617 513 808 554 τυγχανόντων.

124 1250 256 1280 Μετάνοια
274 1250 332 1290 ῥίζα
348 1250 503 1284 cleomedem.
519 1250 735 1290 Μετανοήσιομεν
749 1245 793 1279 οὖν
808 1250 853 1279 καὶ

84 1297 282 1335 δυσωπήσωμεν
304 1297 348 1326 τὸν
364 1297 434 1327 Θεὸν
445 1299 478 1336 τῇ
494 1297 634 1336 μετανοίᾳ,
649 1296 693 1325 ἵνα
711 1297 756 1325 καὶ
769 1295 851 1325 πολέ-

86 1354 150 1380 μους
182 1342 296 1383 ἀφανίσῃ
307 1365 315 1378 ,
342 1342 388 1372 καὶ
419 1342 568 1383 βαρὸάρους
582 1360 588 1363 -
602 1341 700 1382 σὲέσῃ,
729 1342 774 1371 καὶ
800 1343 852 1370 τῶν

83 1390 185 1429 ἐχθρῶν
211 1389 258 1422 τὰς
287 1389 476 1422 ἐπαναστάσεις
502 1388 602 1428 θραύσῃ
611 1410 619 1424 ,
641 1388 686 1417 καὶ
709 1387 763 1428 δῴη
788 1389 853 1426 ἡμῖν

84 1435 190 1464 πάντων
204 1437 256 1464 τῶν
270 1436 375 1474 ἀγαθῶν
387 1434 435 1471 τὴν
449 1435 605 1464 ἀπόλαυσιν.
625 1434 698 1463 Πολὺ
713 1433 782 1463 Θεὸν
804 1433 855 1467 ἐξι-

85 1481 191 1510 λεοῦται
210 1481 351 1520 μετάνοια,
365 1480 427 1510 ὅταν
449 1493 489 1514 τις
509 1480 624 1520 γνησίως
641 1479 800 1520 προσδράμῃ
818 1481 852 1518 τῇ

86 1527 220 1567 μετανοίᾳ.
231 1522 295 1557 Οἷόν
309 1539 335 1557 τι
347 1527 418 1566 λέγω
427 1539 434 1545 ·
448 1525 568 1566 ’ἥμαρτέ
581 1538 646 1555 ποτε
660 1529 674 1556 6
683 1526 756 1562 λαὸς,
773 1537 852 1564 μετε-

86 1572 163 1607 νόησε
186 1573 231 1602 καὶ
249 1572 391 1612 ἔδῶιρυσε,
410 1573 482 1612 λέγει
496 1575 511 1601 6
521 1572 589 1605 Θεός
599 1584 605 1590 ·
621 1571 733 1602 Ἀκούων
752 1571 854 1606 ἤκουσα

86 1621 131 1646 τοῦ
155 1622 302 1657 στεναγμοῦ
316 1618 448 1658 Ἐφραῒμ,
473 1618 630 1657 ὀδυρομένου
653 1617 698 1646 καὶ
716 1617 853 1655 λέγοντος·

86 1664 243 1698 ἐπαίδευσάς
266 1676 316 1702 με,
341 1664 439 1703 Κύριε,
455 1664 508 1694 ’καὶ
529 1666 577 1693 οὐκ
600 1662 768 1699 ἐπαιδεύθην,
794 1664 852 1691 ἀλλ’
870 1661 888 1684 C

86 1708 214 1748 ἐγενόμην
229 1712 264 1743 ὡς
277 1709 376 1749 μόοχος
389 1710 526 1742 ἀδίδακτος
536 1722 542 1728 ·
557 1702 714 1749 ἐπίστρεψόν
736 1720 779 1747 με,
806 1708 854 1737 καὶ

89 1755 330 1795 ἐπιστραφήσομαι.
351 1756 404 1785 Καὶ
425 1755 451 1784 τί
473 1755 538 1794 πρὸς
560 1755 638 1784 αὐτὸν
651 1757 665 1784 6
678 1755 763 1789 Θεός;
786 1754 852 1783 'Avo'

86 1797 122 1830 ὧν
135 1802 159 1830 οἱ
172 1801 246 1840 λόγοι
259 1801 389 1840 μούέἷσιν
407 1803 434 1831 ἐν
446 1803 518 1842 αὐτῷ
527 1825 535 1838 ‚
550 1802 579 1830 οὐ
595 1800 632 1840 μὴ
649 1800 853 1839 ἀναμνησθήσο-

88 1859 136 1886 μοιι
150 1849 229 1877 αὐτοῦ
239 1871 247 1884 ,
264 1847 309 1877 καὶ
323 1847 425 1883 ἐλεήσω
439 1848 528 1878 αὐτόν.
545 1848 646 1884 Μηδείς
666 1859 696 1876 σε
720 1847 833 1877 mosim
845 1868 852 1881 ‚

86 1893 123 1932 μὴ
138 1893 229 1933 φήμη,
252 1894 289 1932 μὴ
309 1893 449 1934 βαρὸάρων
460 1893 567 1934 γνόφος,
584 1893 621 1932 μὴ
636 1894 735 1933 ὁμίχλη
749 1892 853 1928 πολλή·

87 1939 136 1968 κᾶν
149 1939 322 1979 ἀναρίθμητοι
333 1935 398 1969 ὦσιν
411 1941 436 1969 οἱ
449 1938 571 1978 πολέμιοι
584 1941 623 1980 τῷ
634 1939 746 1974 πλήθει,
758 1941 772 1968 6
781 1937 855 1977 ,ἡμέ-

87 1995 159 2021 τερος
180 1984 333 2025 ὑπέρμαχος
363 1985 539 2025 ἰσχυρότερος.
567 1984 634 2014 Ἐὰν
663 1984 797 2023 δειλιάσῃς
825 1984 855 2012 τὸ

86 2032 184 2066 πλῆθος
197 2031 378 2070 ὑφορώμενος,
391 2031 463 2070 λέγει
476 2031 540 2071 πρὸς
554 2030 583 2068 σὲ
598 2030 748 2063 Ἐλισσαῖος
762 2032 776 2058 6
790 2041 855 2069 προ-

87 2076 172 2116 φήτης
182 2089 188 2094 ·
203 2077 250 2113 Μὴ
263 2076 358 2117 φοὸοῢ,
375 2076 481 2110 πλείους
494 2077 560 2106 εἰσὶν
574 2078 599 2106 οἱ
613 2078 670 2115 μεθ’
684 2078 771 2115 ἡμῶν,
792 2075 809 2111 ἢ
831 2077 855 2105 οἱ

88 2124 146 2160 μετ’
162 2124 256 2152 αὐτῶν.
271 2123 346 2152 Ἐκεῖ
371 2123 510 2163 βαρὸάρων
524 2124 639 2159 πλῆθος,
661 2118 714 2151 ὧδε
737 2122 854 2161 ἀγγέλων

88 2167 198 2207 φάλαγξ.
210 2169 273 2197 Τῶν
280 2169 395 2198 εὖσεόὦν
405 2170 553 2209 ὖπερμαχεῖ
565 2168 577 2185 ι’
586 2169 722 2208 ἀγγελικὸς
736 2168 855 2207 στρατὸς,

89 2216 232 2253 προφητῶν
255 2214 333 2254 χορὸς
342 2236 351 2250 ,
379 2214 531 2244 ἀποστόλων
560 2214 687 2253 δύναμιςῗ,
715 2213 855 2254 μαρτύρων

87 2259 232 2299 πρεσῦεἶαι.
255 2260 301 2295 Μὴ
326 2260 452 2300 νομίσῃς,
477 2261 518 2290 ὅτι
538 2261 668 2300 μάρτυρες
691 2259 768 2299 μόνον
790 2271 856 2299 πρε-

89 2304 225 2335 σὸιύουσιν
238 2305 304 2345 ὑπὲρ
318 2308 395 2344 ἡμῶν
405 2318 411 2324 ·
430 2305 498 2335 ἀλλὰ
510 2306 555 2335 καὶ
569 2306 675 2345 ἄγγελοι
690 2307 717 2334 ἐν
731 2310 788 2338 ταῖς
801 2305 855 2334 θλί-

88 2351 164 2390 ψεσιν
178 2350 324 2380 ἱκετεύωσι
334 2352 378 2381 τὸν
396 2351 466 2381 Θεόν
475 2363 481 2370 ·
495 2351 540 2380 καὶ
551 2353 581 2381 οὐ
593 2351 670 2390 μόνον
686 2350 856 2387 ἱκετεύουσιν,

90 2395 158 2424 ἀλλὰ
176 2397 221 2425 καὶ
235 2397 375 2435 ἀπόκρισιν
397 2396 518 2437 δέχονται
540 2397 614 2436 παρὰ
636 2399 681 2426 τοῦ
708 2396 855 2436 εὐεργέτου.

92 2442 170 2480 Λέγει
183 2444 318 2483 Ζαχαρίας
328 2445 342 2472 ὁ
351 2443 496 2483 προφήτης·
506 2442 557 2472 Καὶ
573 2443 701 2483 ἀπεκρίθη
716 2445 729 2472 6
740 2443 858 2483 ἄγγελος,

91 2496 105 2523 ὁ
118 2494 205 2523 λαλῶν
217 2495 243 2523 ἐν
261 2494 319 2533 ἐμοὶ
330 2516 338 2529 ,
351 2494 395 2523 καὶ
410 2489 467 2524 εἷπε
480 2494 544 2534 πρὸς
557 2494 662 2533 Κύριον.
676 2494 750 2530 Αὕτη
764 2497 781 2530 ἡ
795 2495 859 2534 εὐχὴ

128 2595 137 2605 ⁵·
150 2587 191 2612 Sic
203 2588 355 2612 restituimus
366 2595 395 2611 ex
408 2586 486 2611 tribus
499 2586 555 2610 Mss.

1581 166 1650 212 483

905 249 974 267 nem.
991 238 1110 276 Quidam
1132 239 1321 278 prophetarum
1336 239 1416 270 verba
1438 239 1570 279 imperitia
1583 250 1650 279 qua·

906 284 969 313 dam
995 285 1167 325 appellabant
1179 285 1351 322 sumtionem,
1361 288 1466 325 λῆμμα,
1481 286 1600 315 Domini.
1618 288 1652 315 At

904 330 977 359 Deus
990 341 1039 371 per
1052 331 1196 361 Jeremiam
1209 343 1215 359 ε
1233 331 1263 360 Si
1274 333 1463 372 interrogabit
1476 339 1504 361 te
1515 333 1650 371 populus,
1661 341 1707 361 Jaa
1721 340 1798 362 2333.

902 377 953 405 vel
961 378 1107 413 sacerdos,
1116 378 1325 416 autpropheta,
1333 383 1361 406 et
1371 379 1479 407 dixerit
1491 379 1543 407 tihi
1551 390 1558 406 :
1571 379 1652 416 Quae-

902 432 969 450 nam
983 425 1101 457 sumtio,
1120 424 1216 461 λῆμμα
1227 425 1240 450 Ρ
1253 423 1302 452 dic
1313 425 1381 462 ipsis
1393 435 1401 451 .-
1418 424 1476 452 Vos
1489 426 1557 453 estis
1571 434 1651 452 sum-

903 472 942 498 tio
969 470 1100 498 Domini.
1127 471 1252 509 Rapiam
1273 473 1351 499 enim
1373 481 1425 500 vos
1447 472 1579 511 rapinam
1589 492 1598 507 ,
1624 478 1651 500 et

902 526 1035 555 rumpam
1049 526 1115 552 vos,
1133 526 1168 544 ne
1180 517 1314 555 deinceps
1336 517 1440 546 dicatis
1466 521 1649 546 sumnonem.

901 562 930 591 Si
943 562 1031 601 itaque
1050 572 1134 591 unum
1147 563 1263 592 verbum
1277 562 1443 599 immutetur,
1460 564 1532 592 Deus
1544 564 1654 605 commi-

902 615 998 637 natur:
1015 615 1044 637 tu
1060 619 1124 638 vero
1144 608 1378 647 integerrimorum
1397 608 1555 648 dogmatum
1572 620 1653 639 accu-

902 653 1031 683 rationem
1050 654 1202 694 pervertis?
1216 654 1303 683 Patris
1322 664 1418 683 nomen
1432 655 1631 684 circumscribis
1644 667 1651 683 τ

904 699 968 728 Filii
984 699 1141 740 dignitatem
1153 700 1292 733 inficiaris.
1309 701 1392 730 sancti
1405 701 1525 741 Spiritus
1539 701 1652 741 gloriam

902 746 1038 786 abrogas?
1058 757 1122 775 num
1144 757 1239 776 manus
1254 747 1304 776 Dei
1317 747 1427 787 effugies
1437 748 1452 776 ἶ)
1470 749 1561 778 Grave
1574 755 1613 777 est
1627 755 1652 778 et

904 792 1034 821 horribile
1043 815 1051 828 ‚
1066 793 1180 822 verbum
1199 794 1249 822 Dei
1269 793 1344 829 vivi,
1360 793 1468 822 Domini
1486 794 1537 823 Dei
1551 794 1650 831 nostri,

905 839 1102 878 perverteresi
1117 839 1197 868 verba
1212 839 1302 878 aliqua
1315 846 1514 879 pervertantur,
1523 841 1596 869 Deus
1611 840 1651 869 in-

904 884 1033 923 dignatur
1047 898 1053 914 :
1069 892 1096 914 et
1108 885 1279 925 dogmatibus
1292 885 1428 914 subversis
1440 896 1491 914 non
1503 885 1652 915 irascetur?

905 932 982 959 Tune
995 932 1138 961 Servatme
1157 931 1324 971 sapientior?
1341 938 1404 960 tune
1421 932 1559 971 evangelio
1572 943 1650 961 accu-

906 977 1007 1006 ratior?
1029 977 1187 1006 Pertimesce
1203 977 1339 1017 judicium
1358 976 1409 1006 Dei
1424 990 1430 1006 z
1445 977 1516 1006 illud
1534 985 1649 1007 tremen-

859 1027 864 1031 ’
906 1023 972 1052 dum
985 1033 1079 1052 nomen
1091 1023 1251 1060 msermida,
1269 1023 1401 1052 malitiam
1415 1034 1549 1060 aversare,
1565 1024 1650 1064 poeni-

906 1069 1016 1098 tentiam
1033 1069 1080 1098 tibi
1094 1080 1226 1109 propone,
1241 1076 1267 1099 et
1280 1069 1347 1098 fides
1365 1070 1477 1099 salutem
1497 1070 1548 1100 tibi
1569 1080 1650 1110 spon-

907 1115 962 1144 det.
978 1115 1135 1145 Poenitentia
1155 1115 1226 1155 enim
1240 1116 1353 1145 salutem
1366 1117 1449 1156 parit,
1464 1123 1491 1146 et
1503 1116 1547 1152 iis,
1561 1117 1608 1156 qui
1625 1117 1652 1144 in

907 1161 1000 1190 haeresi
1015 1168 1167 1198 versantur,
1179 1161 1279 1200 quique
1291 1161 1356 1191 adeo
1368 1162 1395 1191 in
1406 1162 1468 1191 aliis
1479 1162 1593 1202 peccatis
1605 1173 1650 1191 vo-

907 1207 1036 1236 lutantur.

946 1254 977 1283 6.
999 1254 1157 1283 Poenitentia
1172 1254 1250 1283 nadix
1271 1254 1377 1294 pietatis
1391 1261 1439 1284 est.
1455 1254 1653 1295 Resipiscamus
1666 1263 1772 1283 rmnuenn
1789 1271 1805 1283 ω

905 1309 988 1337 ergo,
1015 1298 1156 1337 Deumque
1175 1310 1224 1339 per
1244 1300 1426 1339 poenitentiam
1444 1310 1602 1336 exoremus,
1626 1308 1654 1330 ut
1664 1294 1747 1315 ¹³¹¹¹⁴¹²⁸‘

905 1344 975 1373 bella
989 1345 1092 1374 auferat
1101 1367 1110 1380 ,
1124 1345 1253 1374 barbaros
1267 1346 1416 1386 extinguat,
1432 1346 1550 1375 hostium
1564 1346 1654 1376 incur-

906 1390 993 1420 siones
1008 1391 1043 1420 ad
1057 1390 1174 1420 nihilum
1188 1390 1292 1431 redigat
1307 1404 1313 1420 ε
1330 1398 1355 1420 et
1369 1392 1447 1421 nobis
1461 1391 1587 1421 omnibus
1605 1393 1654 1421 ho-

906 1436 948 1465 nis
959 1436 1044 1466 libere
1055 1437 1110 1466 frui
1119 1436 1258 1466 concedat.
1269 1439 1340 1466 Cum
1354 1437 1414 1475 quis
1425 1448 1459 1467 ex
1470 1437 1560 1467 animo
1570 1439 1654 1478 poeni—

907 1490 964 1511 tens
984 1482 1019 1511 ad
1035 1483 1124 1512 Deum
1144 1493 1200 1511 sese
1213 1483 1373 1520 contulerit,
1387 1483 1543 1523 poenitentia
1564 1485 1652 1513 Deum

907 1528 1052 1557 admodum
1070 1528 1168 1568 placat.
1189 1529 1316 1568 Exempli
1338 1530 1422 1568 gratia
1442 1542 1447 1558 :
1464 1529 1584 1568 peccavit
1602 1529 1656 1558 ali-

908 1574 1016 1613 quando
1033 1574 1152 1614 populus
1162 1597 1169 1610 ,
1183 1574 1309 1613 poenituit
1318 1597 1326 1611 ,
1340 1575 1415 1604 flevit
1428 1597 1435 1611 ,
1452 1576 1540 1613 inquit
1554 1576 1628 1604 Deus
1642 1587 1650 1604 ε
1663 1583 1754 1605 seram.
1769 1583 1804 1604 18.

909 1621 1044 1650 Audiens
1054 1620 1155 1649 audivi
1169 1621 1309 1659 gemitum
1325 1620 1470 1659 Ephra'im
1485 1621 1652 1650 lamentan—

910 1668 946 1695 tis
957 1672 985 1695 et
997 1667 1119 1695 dicentis
1133 1678 1141 1693 .-
1158 1666 1313 1705 Castigasti
1328 1676 1383 1700 me,
1398 1667 1535 1704 Domine,
1550 1674 1579 1696 et
1593 1677 1653 1696 non

907 1713 1076 1741 emendatus
1089 1721 1163 1746 sum,
1181 1711 1344 1752 sedfactus
1357 1721 1421 1741 sum
1436 1713 1522 1741 velut
1539 1714 1653 1743 vitulus

905 1758 1043 1797 petulans
1054 1770 1065 1786 .·
1079 1763 1215 1787 converte
1230 1767 1283 1792 me,
1305 1763 1334 1786 ec
1352 1764 1515 1787 convertar.
1536 1759 1573 1788 Et
1585 1758 1654 1794 quid

907 1805 980 1833 Deus
990 1803 1025 1832 ad
1038 1803 1148 1844 ipsum?
1162 1804 1209 1832 Eo
1227 1804 1307 1843 quod
1320 1813 1465 1833 sermones
1480 1806 1535 1833 mei
1548 1807 1653 1846 inipso
1663 1817 1721 1838 md,
1730 1823 1751 1839 v,
1767 1819 1804 1838 20?

907 1857 986 1887 sunt,
1009 1859 1195 1890 nequaquam
1213 1850 1388 1878 recordabor
1408 1851 1471 1890 ejus
1481 1873 1488 1886 ‚
1511 1857 1539 1880 et
1562 1852 1654 1890 ipsius

909 1897 1074 1925 miserebor.
1090 1897 1135 1925 Ne
1148 1895 1209 1934 quis
1222 1902 1248 1924 te
1260 1902 1418 1932 conterreat,
1438 1906 1490 1924 non
1509 1897 1587 1932 fama,
1600 1907 1653 1927 non

908 1942 986 1971 cunei
1003 1941 1191 1977 harbarorum,
1206 1947 1232 1970 et
1246 1940 1329 1970 densa
1341 1941 1440 1970 nebula
1459 1953 1466 1969 z
1481 1941 1586 1971 etiamsi
1604 1943 1654 1971 ho·

908 1994 959 2016 stes
971 1987 1054 2016 nostri
1065 1986 1274 2016 innumerabiles
1291 1986 1345 2015 sint
1361 1986 1547 2024 multitudine,
1560 1987 1655 2017 defen—

908 2045 953 2063 sor
973 2040 1062 2063 noster
1082 2033 1161 2073 longe
1183 2033 1279 2063 tortior
1300 2040 1348 2062 est.
1375 2033 1405 2063 Si
1425 2033 1459 2063 de
1480 2035 1655 2064 multitudine

908 2080 1058 2119 suspicans,
1068 2079 1173 2116 timeas,
1184 2079 1300 2109 Elisaeus
1310 2079 1441 2119 propheta
1453 2080 1503 2109 tibi
1514 2080 1590 2118 dicit,
1609 2082 1656 2110 Ne
1665 2093 1688 2120 4.
1701 2092 1788 2120 lquxi..

910 2132 1031 2162 metuas,
1041 2126 1140 2165 plures
1152 2127 1300 2155 nobiscum
1311 2132 1389 2162 sunt,
1405 2136 1493 2165 quam
1502 2137 1567 2156 cum
1581 2127 1653 2157 illis.
1669 2123 1704 2150 ¹⁴5*

908 2173 970 2203 Illic
987 2171 1096 2211 quidem
1113 2172 1290 2201 harbarorum
1303 2171 1460 2209 multitudo,
1478 2173 1523 2202 hic
1544 2174 1656 2212 angelo-

910 2229 971 2248 rum
984 2217 1103 2258 phalanx
1116 2224 1166 2247 est.
1187 2219 1256 2247 Nam
1269 2228 1319 2257 pro
1338 2218 1390 2257 piis
1405 2218 1560 2247 hominibus
1573 2225 1598 2247 et
1609 2229 1656 2247 an-

908 2265 1012 2305 gelicus
1021 2264 1155 2294 exercitus
1165 2271 1277 2304 pugnat,
1293 2271 1319 2293 et
1331 2265 1526 2304 prophetarum
1537 2264 1635 2293 chorus
1645 2287 1652 2300 ,

910 2317 935 2340 et
948 2310 1129 2351 apostolorum
1139 2317 1265 2350 potestas,
1278 2316 1304 2339 et
1314 2317 1463 2350 martyrum
1476 2320 1577 2350 preces.
1591 2310 1655 2339 Noli
1701 2313 1807 2351 Mau-tyros

911 2357 982 2386 enim
990 2355 1154 2393 existimare,
1165 2363 1295 2395 martyres
1306 2362 1405 2385 tantum
1415 2366 1465 2395 pro
1475 2355 1552 2384 nobis
1562 2365 1652 2384 orare:
1666 2347 1808 2405 {immanis—ri}

912 2402 978 2442 quin
991 2408 1016 2431 et
1034 2401 1132 2442 angeli,
1148 2401 1229 2431 rebus
1251 2400 1347 2430 nostris
1366 2400 1496 2436 adversis,
1516 2411 1565 2439 pro
1579 2401 1656 2430 nobis
1667 2406 1738 2436 nobis·
1787 2401 1800 2405 ⁴'

913 2448 1105 2488 deprecantur;
1119 2458 1205 2486 neque
1222 2447 1309 2476 solum
1321 2446 1507 2486 deprecantur,
1519 2445 1567 2474 sed
1577 2453 1603 2483 et
1617 2457 1659 2479 re-

915 2505 1042 2535 sponsum
1057 2505 1071 2523 a
1085 2493 1203 2523 benefico
1217 2492 1332 2522 Domino
1355 2491 1499 2531 accipiunt.
1514 2491 1657 2530 Zacharias

907 2587 919 2604 ¹¹
935 2585 976 2610 Sic
985 2592 1046 2609 unus
1062 2589 1138 2613 recte,
1152 2588 1176 2607 et
1195 2583 1229 2606 sic
1242 2580 1300 2613 legit
1310 2582 1443 2612 Interpres,
1456 2580 1501 2605 Alii
1510 2584 1654 2614 εὖαγγελικάς.
