1890 2826
92 719 149 743 lsai.
162 727 186 751 9.
199 720 224 743 6.

94 1878 161 1901 Psal.
170 1876 234 1900 81.6.

96 1967 204 1996 Exodq.
215 1973 235 1988 1.

247 184 320 229 554

246 264 272 286 et
289 256 452 287 admirandae
472 256 613 286 creationis
629 257 729 286 socius.
747 256 837 287 Judaei
853 257 988 287 contradi-

245 309 320 339 cunt,
335 313 365 332 ac
378 302 423 334 vel
436 302 564 332 confutati
577 302 747 343 impudenter
761 313 789 332 se
802 310 912 342 gerunt;
931 303 987 332 hae-

245 349 322 378 retici
335 349 483 386 insaniunt,
498 348 596 378 veritas
618 349 801 389 impugnatur,
814 349 922 389 pietatis
934 349 986 379 do-

245 395 331 424 ctrina
345 395 474 426 invictam
487 405 543 435 prae
557 399 586 424 se
596 395 650 424 fert
663 393 865 425 confessionem.
1005 402 1023 425 B

286 537 312 565 7.
337 534 416 565 Unde
428 534 513 574 igitur
523 534 694 565 ostendemus
706 535 751 565 cui
761 534 872 572 dixerit,
880 536 987 564 Facia-

245 592 307 611 mus
329 583 495 611 hominem?
515 588 562 611 aut
582 582 644 621 quis
663 588 703 612 est
725 582 784 622 ejus
796 581 986 611 consiliarius?

245 627 322 657 Illud
341 627 429 664 enim,
448 628 625 665 Faciamus,
649 627 816 667 praesentiain
837 626 986 657 consiliarii

244 674 339 714 exigit.
355 674 401 703 Ait
413 673 504 712 itaque
515 673 610 703 beatus
620 674 703 703 Isaias
716 672 750 703 de
761 673 900 713 unigenito
915 672 989 702 Filio

243 720 305 757 Dei,
320 719 368 759 qui
382 726 492 760 propter
506 729 555 749 nos
567 719 685 749 humana
696 719 771 750 venit
782 720 870 748 forma
882 731 890 749 ,-
908 720 989 748 Puer

245 772 383 796 natusest
398 767 493 803 nobis,
501 765 585 806 filius
596 771 624 795 et
630 767 749 805 juvenis
763 766 850 795 datus
863 771 916 795 est.
931 765 988 802 Qui

243 823 295 841 non
310 819 367 842 erat
380 823 448 852 puer
458 819 536 841 natus
548 818 598 850 est;
610 812 658 850 qui
667 818 723 841 erat
734 811 837 848 Filius,
845 811 924 840 datus
936 817 984 840 est.

243 860 272 888 E
275 865 285 887 t
293 861 447 889 vocabitur
460 869 565 888 nomen
575 860 648 897 ejus,
657 860 758 898 magni
771 859 889 887 consilii
901 869 988 898 ange-

244 903 301 940 lus,
318 914 415 943 nempe
429 904 518 943 pueri,
531 902 579 942 qui
593 902 681 932 Filius
693 909 749 932 erat
763 909 872 943 propter
884 902 988 933 divini-

243 956 334 986 tatem,
348 959 415 989 puer
430 956 519 978 autem
539 956 649 988 propter
661 948 867 978 humanitatem.
883 949 989 986 Magni

243 996 359 1024 consilii
381 995 515 1035 angelus,
531 994 713 1035 admirabilg's
740 995 937 1024 consiliarius.
960 994 990 1024 Si

243 1052 323 1080 porro
334 1041 521 1071 consiliarium
533 1040 577 1070 cui
587 1040 669 1077 dixit,
679 1042 837 1070 Faciamus
845 1041 990 1070 hominem

243 1088 401 1117 secundum
410 1089 569 1127 imaginem
580 1093 607 1116 et
616 1086 837 1116 similitudinem
848 1093 989 1123 nostram,

243 1135 335 1173 magni
358 1133 464 1163 consilii
479 1133 613 1172 Angelum
632 1143 720 1170 vocas,
742 1132 873 1170 nondum,
890 1144 906 1162 ο
924 1143 991 1174 pro-

243 1179 334 1217 pbeta,
345 1179 502 1219 (lignitatem
509 1179 622 1219 ejusqui
632 1186 681 1208 ate
691 1179 863 1209 consiliarius
879 1186 992 1210 vocatur

242 1224 394 1254 declarastI.
407 1224 473 1254 Fuit
489 1224 560 1253 enim
574 1231 599 1254 ct
620 1226 727 1263 Moyses
741 1225 911 1254 consiliat-ius
924 1236 931 1253 :
946 1224 992 1254 vi-

242 1272 357 1302 debatur
365 1270 436 1299 enim
447 1269 590 1299 consilium
603 1270 667 1299 dare
677 1281 739 1300 cum
749 1269 849 1300 diceret
861 1283 869 1300 ι
882 1268 928 1300 Ne
939 1281 989 1301 oc-

243 1319 326 1347 cidas
337 1327 396 1353 eos,
408 1327 444 1346 ne
447 1317 534 1357 forte
544 1317 646 1345 dicant
656 1323 754 1356 gentes
766 1329 773 1345 :
787 1318 834 1346 Eo
843 1318 923 1357 quod
931 1328 990 1347 non

243 1371 340 1405 posset
359 1364 428 1394 illos
445 1364 528 1404 prole
547 1374 663 1404 augere,
685 1365 791 1394 occidit
810 1375 868 1394 eos.
885 1367 989 1396 Verum

244 1420 277 1440 ne
289 1409 451 1439 miraculum
464 1408 499 1438 ad
513 1408 698 1438 consiliarium
708 1419 792 1448 usque
805 1410 946 1439 statueris:
958 1420 997 1439 ne-

244 1467 384 1487 commune
395 1466 490 1485 nomen
500 1455 603 1492 feceris,
615 1454 664 1484 etsi
676 1454 755 1484 multi
769 1455 916 1485 consiliarii
926 1456 990 1491 sint,
1007 1462 1026 1484 Ι)

246 1513 280 1531 ne
291 1501 453 1532 contumelia
468 1501 601 1530 afficiatur
615 1500 638 1530 is
651 1501 700 1539 qui
719 1500 795 1530 solus
808 1507 858 1530 est.
874 1502 909 1530 At
921 1511 991 1531 non—

243 1548 322 1586 dum,
334 1547 432 1587 inquit,
445 1548 502 1587 ejus
511 1546 559 1585 qui
569 1546 730 1586 praedieatur
739 1546 897 1585 dignitatem
907 1547 988 1577 nost-i.

244 1594 317 1623 Audi
326 1593 360 1623 de
369 1592 524 1622 admirabili
535 1591 697 1629 consiliario;
710 1591 788 1621 isaias
797 1592 869 1621 enim
879 1592 907 1622 id
916 1592 991 1631 quod

243 1640 364 1678 sequitur
373 1639 407 1668 ab
419 1649 461 1675 eo,
473 1637 547 1676 quod
555 1637 694 1677 praecedit,
703 1638 910 1678 interpretatur.-
924 1638 991 1668 Ad-

245 1687 398 1723 mirabilis‚
426 1685 526 1723 inquit,
557 1684 756 1719 consiliarius,
784 1684 865 1714 Deus
886 1685 990 1725 sortis.

243 1734 325 1763 Recte
339 1734 396 1762 Deo
406 1730 592 1761 fortitudinem
606 1730 744 1770 adjunxit.
766 1731 877 1768 Quare?
888 1733 991 1768 Quem-

244 1779 391 1809 admodum
415 1778 486 1807 enim
509 1776 588 1806 multi
613 1777 686 1805 suere
710 1777 858 1806 consiliarii
869 1800 876 1814 ‚
905 1788 991 1817 neque

245 1830 331 1852 tamen
341 1822 401 1852 ideo
416 1821 494 1851 unius
515 1820 663 1850 consiliarii
674 1819 791 1860 dignitas
804 1821 866 1850 laedi
880 1821 990 1859 debuit;

245 1871 283 1899 sic
294 1870 358 1909 quia
368 1868 448 1899 multi
458 1868 534 1902 fuere
547 1866 587 1896 dii
602 1867 680 1906 (uam
694 1867 731 1896 ait
747 1880 753 1896 ι
769 1869 834 1908 Ego
852 1869 926 1906 dixi,
949 1870 992 1898 dii

246 1918 324 1952 estis,
345 1922 372 1944 et
385 1915 450 1955 filii
470 1913 502 1942 A
505 1913 620 1942 ltissimi
642 1922 752 1948 omnes;
775 1924 805 1942 ac
825 1925 933 1943 rursum
953 1915 991 1944 ait

247 1963 320 1992 Deus
330 1960 432 2000 Moysi,
440 1961 519 1989 Ecce
526 1962 609 1998 posui
620 1964 647 1987 te
657 1960 689 1987 in
701 1959 787 1988 deum
792 1961 991 2002 Pharaonis),

246 2009 291 2038 hie
304 2008 352 2047 qui
365 2006 527 2047 proedicatur
541 2015 594 2034 non
613 2004 708 2034 debuit
728 2007 890 2036 contumelia
906 2008 989 2037 affici.

246 2057 286 2083 Ac
300 2064 333 2082 ne
342 2060 420 2093 putes
430 2063 492 2082 eum
501 2051 536 2080 ita
548 2050 630 2079 deum
642 2061 709 2087 esse,
722 2058 751 2080 ut
762 2059 818 2081 erat
830 2055 949 2093 Moyses,
962 2061 994 2083 ut

246 2108 321 2130 erant
331 2098 455 2140 apostoli,
468 2097 584 2134 addidit,
598 2098 678 2126 Deus
691 2098 788 2136 fortis.
804 2101 913 2140 Moyses
925 2100 995 2130 deus

249 2154 316 2184 erat,
328 2156 380 2175 non
395 2145 482 2181 sortis,
495 2144 541 2173 sed
555 2143 711 2173 fortitudine
723 2144 845 2175 donatus.
854 2146 940 2176 Aliud
953 2155 993 2177 est

247 2193 407 2224 fortitudine
425 2192 550 2228 donatus,
574 2198 600 2219 et
624 2190 700 2220 aliud
722 2192 806 2221 fortis.
826 2193 909 2222 Aliud
931 2206 993 2234 gra-

249 2242 314 2271 tiam
337 2239 519 2274 commodans,
541 2236 617 2266 aliud
634 2237 776 2277 accipiens.
801 2239 882 2268 Deus
887 2241 992 2281 fortis.

249 2290 359 2327 Moyses
382 2286 448 2314 deus
473 2291 530 2314 erat
553 2282 710 2312 fortitudine
737 2283 861 2322 donatus,
890 2287 994 2316 etiamsi

249 2333 393 2372 grandium
414 2330 605 2360 miraculorum
619 2336 750 2369 patrator5
764 2341 859 2360 verum
880 2334 992 2372 gratiam

249 2381 356 2421 accipit.
373 2380 432 2410 Sub
451 2384 579 2419 potestate
600 2385 675 2406 erant
698 2378 824 2417 apostoli,
848 2386 940 2418 potens
954 2388 993 2410 est

250 2428 388 2462 Servatur,
403 2432 429 2454 et
443 2424 548 2454 tribuit.
559 2424 639 2453 Deus
645 2424 749 2463 [ωιίς.
761 2425 854 2463 Neque
869 2426 920 2455 hoc
933 2434 993 2455 tan-
1000 2450 1036 2469 475

250 2480 307 2502 tum
322 2472 385 2501 satis
399 2469 504 2505 habuit,
518 2468 565 2498 sed
578 2468 682 2508 adjicit,
696 2476 810 2507 potens,
826 2477 856 2499 ut
869 2478 894 2500 et
907 2482 957 2501 nos
967 2479 993 2502 et
1009 2478 1027 2500 Α

251 2517 387 2546 liaereticos
398 2516 515 2553 doceret,
531 2525 562 2544 ne
571 2514 622 2544 sub
633 2521 759 2554 potestate
770 2515 845 2544 dicet
846 2527 921 2546 emus
931 2528 991 2546 eum

250 2565 297 2601 qui
312 2563 363 2602 ipsi
378 2561 501 2602 potestati
514 2561 638 2600 imperat.
655 2560 736 2589 Aliud
752 2568 792 2590 est
803 2562 853 2591 sub
866 2569 992 2602 potestate

250 2608 407 2637 constitutus
419 2630 426 2646 ,
451 2606 525 2635 aliud
546 2612 647 2645 potens⁴
676 2606 725 2638 Vis
750 2617 824 2637 nosse
849 2607 990 2639 discrimen

938 196 1122 221 sEvl-:Rlaur

1045 270 1110 287 σεων
1131 258 1217 298 δείξῃ·
1241 261 1307 288 Κατ’
1330 259 1419 290 εἰκόνα
1439 255 1585 300 ἡμετέραν·
1607 261 1651 290 ἶνα
1669 260 1700 290 τὸ
1719 260 1815 300 ὁμοσύ-

1043 316 1098 341 σιον
1111 305 1269 345 ἐρμηνεύσῃ.
1281 305 1330 340 Τίς
1339 308 1395 335 ἐστι
1402 306 1495 336 τούτου
1504 309 1549 336 τοῦ
1558 306 1672 346 μεγάλου
1680 306 1758 346 λόγου
1768 306 1825 335 καὶ·

1043 352 1090 386 τ’ῆς
1105 353 1258 390 θαυμαστῆς
1278 352 1449 392 δημιουργίας
1466 351 1587 386 κοινωνός
1597 364 1606 391 5
1623 352 1745 382 Ἰουδαῖοι
1766 353 1815 381 ἆν-

1042 395 1183 436 τιλέγουσι,
1193 397 1237 426 καὶ
1251 398 1479 437 ἐπιστομιζόμενοι
1491 400 1710 438 ἔπαισχυντοῦσιν
1719 409 1726 416 ·
1741 399 1816 437 αἶρε-

1042 442 1110 471 τικοὶ
1120 442 1266 481 μαίνονται,
1277 446 1293 479 ἡ
1303 443 1413 479 ἀλήθεια
1422 445 1587 483 πολεμεῖται,
1597 446 1611 473 ὁ
1622 445 1669 479 τῆς
1681 443 1814 476 εὖσεὸείας

1042 488 1118 527 λόγος
1131 488 1262 524 ἀήττητον
1277 489 1333 529 ἔχει
1343 489 1392 526 τὴν
1405 490 1557 529 ὁμολογίαν.

1083 534 1169 564 Πόθεν
1185 530 1230 564 οὖν
1249 536 1455 575 παραστήσομεν
1477 536 1530 566 τίνι
1551 531 1632 572 εἶπεν,
1653 535 1816 574 Ποιήσωμεν

1043 580 1193 620 ἄνθρωπονς
1214 581 1233 616 ἢ
1254 581 1294 614 τίς
1313 582 1384 611 ἐστιν
1408 584 1488 612 αὐτοῦ
1506 581 1669 621 σύμὸουλοςς
1689 581 1730 612 Τὸ
1748 580 1817 621 γὰρ,

1043 626 1213 666 Ποιήσωμεν,
1231 627 1291 667 ὄψιν
1304 629 1411 657 ἀπαιτεῖ
1431 627 1591 666 συμὸούλου.
1606 627 1689 667 Λέγει·
1698 626 1786 656 τοίνυν
1799 628 1819 656 ὁ

1044 672 1172 712 μακάριος
1195 672 1308 707 Ἡσαΐας
1333 673 1398 713 περὶ
1421 676 1467 702 τοῦ
1496 676 1650 713 μονογενοῦς
1674 674 1740 703 Υἱοῦ
1766 676 1816 703 τοῦ

1019 741 1022 745 .
1043 720 1113 749 Θεοῦ
1122 741 1130 755 ,
1146 722 1191 749 τοῦ
1206 720 1238 748 δι’
1251 722 1325 759 ἡμᾶς
1337 720 1461 760 σχήματι
1472 722 1511 760 τῷ
1525 722 1583 749 καθ’
1596 722 1667 759 ἡμᾶς
1679 719 1815 758 ἐπιδημή-

1044 777 1150 803 σαντος,
1163 765 1203 794 ὅτι
1215 766 1327 795 Παιδίον
1339 766 1464 805 ἐγεννήθη
1477 768 1553 805 ἡμῖν,
1561 765 1615 799 υἱὸς
1626 766 1672 796 καὶ
1681 764 1821 799 νεανίσκος

1043 811 1131 848 ἐδόθη.
1155 812 1196 841 Τὸ
1217 812 1254 851 μὴ
1274 811 1302 841 ὃν
1321 813 1424 842 παιδίον
1449 812 1588 852 ἐγεννήθη·
1611 814 1625 842 ὁ
1646 811 1675 842 δὲ
1696 812 1733 842 ὧν
1752 811 1816 846 Υἱὸς

1044 858 1130 894 ἐδόθη.
1145 858 1198 887 Καὶ
1211 860 1331 888 καλεῖται
1344 859 1375 889 τὸ
1388 859 1470 897 ὄνομα
1488 860 1567 888 αὐτοῦ
1586 858 1704 898 μεγάλης
1718 857 1818 898 βουλῆς

1045 904 1170 943 ἄγγελος,
1193 907 1240 934 τοῦ
1258 904 1380 942 παιδίου,
1399 905 1465 934 rto&
1485 903 1533 943 μὲν
1555 903 1598 933 διὰ
1617 903 1665 940 τὴν
1688 903 1816 940 θεότητα,

1045 949 1150 979 παιδίου
1171 950 1197 979 δὲ
1216 951 1260 979 διὰ
1278 951 1328 987 ἰ-ἡν
1348 950 1547 990 ἀνθρωπότητα.
1572 950 1700 989 Μεγάλης
1719 951 1822 989 βουλῆς

1045 995 1169 1034 ἄγγελος,
1185 995 1333 1035 θαυμαστὸς
1345 996 1501 1035 σύμὸουλος.
1513 996 1548 1025 Ei
1560 996 1587 1025 δὲ
1599 996 1644 1026 τὸν
1657 995 1817 1035 σύμὸουλον,

1045 1036 1067 1080 ᾧ
1082 1036 1166 1078 εἶπεν,
1183 1042 1344 1081 Ποιήσωμεν
1360 1042 1496 1082 ἄνθρωπον
1514 1044 1573 1072 κατ’
1588 1042 1683 1072 εἰκόνα.
1692 1042 1739 1072 καὶ
1756 1043 1816 1072 zu&

1045 1086 1170 1125 ὁμοίωσιν
1183 1087 1324 1128 ἡμετέραν,
1341 1088 1459 1128 μεγάλης
1477 1089 1574 1128 βουλῆς
1587 1089 1697 1128 ἄγγελον
1710 1089 1820 1124 καλεῖς,

1046 1132 1162 1169 οὐδέπω,
1182 1136 1322 1174 προφῆτα,
1342 1134 1474 1174 ἐμήνυσας
1494 1134 1525 1164 τὸ
1547 1132 1651 1173 ἀξίωμα
1671 1136 1717 1164 τοῦ
1742 1134 1818 1175 παρὰ

1046 1182 1092 1208 σοῧ
1105 1180 1301 1219 κηρυσσομένου
1315 1179 1473 1219 συμὸούλσυ.
1484 1179 1607 1220 Ἐγένετο
1620 1179 1671 1220 γὰρ
1680 1179 1724 1209 καὶ
1733 1180 1817 1209 Μωυ-

1046 1224 1093 1257 σῆς
1108 1222 1269 1261 σύμδουλος·
1283 1224 1368 1253 ἐδόκει
1384 1223 1436 1264 γὰρ
1453 1224 1642 1264 συμὸουλεύειν
1654 1224 1753 1264 λέγων·
1767 1224 1818 1261 Μὴ

1046 1268 1202 1308 ἀποκτείνῃς
1220 1269 1327 1306 αὐτοὺς,
1348 1270 1451 1309 μήποτε
1473 1270 1568 1300 εἴπωσι
1583 1269 1617 1300 τὰ
1631 1270 1707 1306 ἔθνη·
1726 1269 1770 1300 διὰ
1786 1270 1818 1300 τὸ

1046 1314 1083 1352 μὴ
1107 1315 1232 1345 δύνασθαι
1255 1316 1354 1350 αὐτοὺς*
1366 1318 1510 1355 τεκνῶσαι,
1536 1317 1689 1347 ἀπέκτεινεν
1714 1315 1817 1351 αὐτούς.

1045 1359 1124 1389 Ἀλλὰ
1139 1360 1176 1400 μὴ
1189 1361 1289 1402 στήσῃς
1301 1362 1331 1392 τὸ
1341 1365 1429 1402 θαῦμα
1443 1363 1524 1403 μέχρι.
1534 1366 1581 1392 τοῦ
1595 1363 1746 1403 συμὸούλου
1756 1375 1763 1382 ·
1778 1363 1817 1402 μὴ

1043 1407 1229 1447 κοινοποιήσῃς
1252 1408 1283 1437 τὸ
1305 1408 1398 1448 ὄνομα.
1418 1410 1453 1439 Εἰ
1471 1409 1517 1439 καὶ
1536 1409 1631 1439 πολλοὶ
1653 1409 1819 1448 σύμβουλοι,

1045 1451 1082 1491 μὴ
1099 1452 1243 1493 ὑὸριζέσθω
1255 1456 1268 1484 ὁ
1282 1454 1368 1493 μόνος.
1388 1454 1458 1485 Ἀλλ’
1473 1455 1576 1485 οὐδέπω
1595 1455 1720 1492 ἐνόησας,
1735 1455 1818 1496 φησὶ,

1045 1498 1075 1528 τὸ
1088 1498 1192 1538 ἀξίωμα
1211 1502 1257 1529 τοῦ
1274 1502 1479 1541 κηρυττομένου.
1495 1501 1588 1531 Ἄκουε
1607 1501 1670 1541 περὶ
1686 1504 1732 1531 τοῦ
1752 1504 1817 1532 θαυ-

1047 1548 1148 1583 μαστοῦ
1160 1545 1309 1585 συμὸούλου
1318 1558 1325 1564 ·
1339 1546 1477 1586 ἑρμηνεύει
1490 1547 1541 1587 γὰρ
1555 1548 1569 1576 ὁ
1580 1546 1691 1580 Ἡσαΐας
1705 1547 1758 1577 ἀπὸ
1769 1550 1817 1577 τοῦ

1046 1591 1243 1631 προεξελθόντος
1256 1591 1286 1621 τὸ
1299 1593 1434 1632 ἑπόμενον.
1449 1593 1626 1632 Θαυμαστὸς,
1647 1592 1726 1633 φησὶ,
1744 1592 1817 1632 σύμ-

1046 1637 1138 1671 ὅουλος
1148 1659 1156 1673 ,
1171 1637 1239 1672 Θεὸς
1253 1638 1367 1679 ἰσχυρός.
1382 1639 1478 1672 Καλῶς
1495 1638 1643 1679 προσέθηκε
1657 1641 1696 1679 τῷ
1709 1640 1773 1679 Θεῷ
1786 1639 1819 1669 τὸ,

1047 1683 1166 1723 ἰσχυρόν.
1179 1683 1271 1720 Διατί;
1286 1684 1393 1725 Ὥσπερ
1405 1684 1457 1725 γὰρ
1468 1684 1588 1725 ἐγένοντο
1599 1685 1693 1715 πολλοὶ
1703 1685 1818 1724 σόμὸου·

1046 1730 1105 1767 λοι,
1120 1729 1165 1759 καὶ
1183 1732 1212 1759 οὖ
1232 1730 1276 1760 διὰ
1292 1733 1370 1760 τοῦτο
1384 1730 1435 1760 ἔδει
1449 1733 1582 1771 τρωθῆναι
1598 1731 1629 1761 τὸ
1647 1731 1752 1771 ἀξίωμα
1770 1734 1826 1761 τοῦΔ

1047 1776 1102 1809 ἑνὸς
1118 1776 1286 1815 συμὸουλου·
1300 1788 1382 1810 ουτως
1396 1777 1488 1813 ἐπειδὴ
1507 1777 1601 1807 πολλοὶ
1623 1777 1741 1817 ἐγένοντο
1763 1777 1818 1807 emt

1046 1821 1065 1843 (³
1047 1822 1130 1862 Εγὼ
1143 1821 1194 1862 γὰρ
1206 1818 1283 1860 εἶπα,
1295 1822 1348 1852 θεοί
1359 1824 1435 1860 ἐστε,
1450 1823 1495 1852 καὶ
1507 1823 1559 1853 υἱοι
1569 1822 1698 1863 Υψίστου
1712 1822 1823 1857 πάντες*

1046 1869 1090 1898 καὶ
1105 1868 1184 1898 πάλιν
1199 1864 1270 1899 εἶπεν
1285 1872 1299 1899 ὃ
1313 1870 1380 1903 Θεὸς
1394 1871 1432 1910 τῷ
1447 1871 1571 1906 Μωϋσεῐ,
1585 1868 1654 1899 Ἰδοὺ
1669 1869 1773 1899 τέθεικά
1787 1881 1817 1899 σε

1048 1917 1083 1948 εἷς
1092 1915 1149 1945 θεὸν
1156 1917 1194 1945 τΓ)
1203 1915 1329 1955 Φαραώ),
1342 1919 1415 1950 οὗτος
1426 1918 1440 1946 ὁ
1451 1915 1642 1956 κηρυττόμενος
1650 1917 1698 1945 οὔκ
1706 1916 1821 1956 ὤφειλεν

1046 1961 1210 2000 ὑὸρισθῆναι.
1239 1962 1292 1991 Καὶ
1311 1961 1354 1991 ἵνα
1377 1961 1414 2000 μὴ
1434 1961 1560 2001 νομίσῃς,
1581 1962 1623 1991 ὅτι
1648 1961 1721 1998 Θεὸς,
1748 1962 1785 1994 ὡς
1803 1963 1818 1991 ὁ

1046 2008 1164 2042 Μωῦσῆς
1172 2029 1180 2043 ,
1195 2007 1213 2042 ἢ
1229 2009 1265 2040 ὡς
1278 2010 1301 2037 οἱ
1313 2007 1454 2037 ἀπόστολοι
1463 2030 1470 2044 ,
1481 2007 1609 2047 ἐπήγαγε,
1623 2006 1691 2040 Θεὸς
1702 2006 1818 2047 ἰσχυρός.

1046 2054 1165 2088 Μωϋοῆς
1178 2053 1242 2090 θεὸς,
1260 2055 1309 2082 οὒκ
1326 2054 1443 2094 ἰσχυρὸς,
1455 2054 1513 2082 ἀλλ’
1529 2053 1723 2094 ἑνιοχυόμενος.
1738 2051 1818 2083 Ἄλλο

1047 2098 1117 2129 ἐστὶν
1135 2099 1334 2139 ἐνιοχυόμενος,
1358 2099 1423 2129 ἄλλο
1447 2098 1563 2139 ἰσχυρός.
1589 2099 1668 2128 Ἄλλο
1695 2098 1820 2133 δανείζων

1046 2145 1134 2185 χάριν,
1153 2146 1218 2175 ἄλλο
1235 2145 1387 2184 λαμὸάνων.
1405 2145 1472 2178 Θεὸς
1497 2145 1611 2185 ἰσχυρός.
1626 2146 1745 2180 Μωῦσῆς
1762 2144 1820 2178 θεὸς

1048 2190 1240 2231 ἐνιοχυόμενος,
1254 2191 1302 2220 κᾶν
1315 2191 1436 2230 μεγάλων
1446 2187 1613 2231 ᾖθαυμάτων
1620 2190 1742 2231 ἐργάτης,
1749 2190 1821 2220 ἀλλὰ

1048 2237 1179 2276 λαμὸάνει
1185 2236 1232 2273 τὴν
1238 2237 1326 2277 χάριν.
1338 2236 1505 2271 Ὗπεξούσιοι
1510 2238 1535 2266 οἱ
1543 2236 1695 2272 ἀπόστολοι,
1701 2236 1820 2270 ἐξουσια-

1049 2282 1112 2319 στὴς
1122 2285 1135 2312 ὁ
1145 2283 1252 2323 Σωτὴρ,
1264 2283 1309 2312 καὶ
1318 2282 1420 2312 δίδωσι.
1427 2282 1495 2316 Θεὸς
1507 2282 1625 2323 ἰσχυρός.
1635 2284 1694 2312 Οὔκ
1701 2281 1824 2322 ἠρκέσθη

1049 2328 1075 2357 δὲ
1083 2328 1141 2358 οὐδὲ
1155 2328 1253 2369 τούτῳ,
1269 2329 1329 2358 ἀλλ’
1341 2329 1443 2368 ἐπάγει,
1454 2328 1488 2358 Ὁ
1499 2327 1667 2364 ἐξουσιαστὴς
1675 2350 1683 2365 ,
1697 2327 1742 2356 ἵνα
1756 2339 1820 2356 παι-

1049 2375 1127 2415 δεύσῃ
1142 2375 1186 2404 καὶ
1198 2377 1269 2413 ἡμᾶς
1279 2375 1324 2404 καὶ
1338 2374 1499 2415 αἷρετικοῦς,
1516 2374 1554 2414 μὴ
1568 2373 1719 2408 ὑπεξούσιον
1732 2373 1819 2412 λέγειν

1048 2421 1092 2450 τὸν
1113 2423 1159 2457 τῆς
1180 2421 1297 2455 ἐξουσίας
1315 2421 1441 2461 ἄρχοντα.
1461 2419 1540 2449 Ἄλλο
1561 2418 1731 2455 ὓπεξούσιος,
1754 2419 1819 2448 ἄλλο

1049 2466 1227 2503 ἐξουσιαστίις.
1248 2467 1344 2500 Θέλεις
1363 2469 1454 2506 μαθεῖν
1471 2465 1637 2499 αὖτεξουσίου
1648 2465 1694 2495 καὶ
1707 2464 1821 2499 ὕπεξου-

1049 2513 1105 2542 σίου
1129 2514 1270 2553 διαφοράν;
1291 2515 1326 2543 Οἱ
1347 2513 1489 2542 ἀπόστολοι
1509 2511 1672 2554 ὗπεξούσιοι,
1692 2513 1706 2541 ὁ
1721 2510 1818 2549 Σαπὴρ

1049 2563 1074 2590 ἐ
1065 2560 1225 2597 ζουσιαστνς,
1249 2556 1355 2595 Παῦλος
1374 2557 1424 2591 ε”ίδΩ
1414 2573 1440 2590 εν
1458 2561 1486 2590 ἐν
1507 2562 1540 2600 τῇ
1560 2561 1712 2600 Μακεδονία
1729 2560 1816 2603 παιδί-

1050 2621 1114 2646 σκην
1133 2610 1179 2649 {¹70
1170 2623 1243 2639 υσαν
1270 2614 1374 2650 πνεῧυα
1395 2610 1534 2649 Πύθωνος,
1555 2609 1599 2639 καὶ
1624 2610 1750 2650 λέγουσαν
1773 2609 1819 2638 ὄπι
