1890 2826
521 156 559 178 {N
587 154 696 186 lLLUD,
725 155 796 178 vim
824 154 994 186 Domuum,
1022 155 1145 178 nomn.
1176 155 1226 179 lll.

100 218 194 257 γένοιτ’
213 217 244 247 ἂν
263 216 429 256 ἀθλιώτερον,
443 215 504 246 ὅταν
518 216 578 249 τοὺς
594 215 642 255 μὲν
657 215 750 249 πόνους
764 215 866 254 ὑπομέ-

100 275 164 293 νωσι
173 286 181 301 ,
194 265 241 299 τῆς
253 262 281 291 δὲ
299 262 414 300 ἀμοιὸἧς
427 264 626 303 ἀποστερῶνται
640 262 763 299 ἁπάσης;

141 538 178 570 Τί
187 543 270 572 ποιεῖς
279 560 288 575 ,
302 539 438 579 ἄνθρωπε;
458 539 540 579 ἑτέρῳ
558 539 664 578 μέλλεις
677 538 784 571 εὐθύνας
798 538 868 567 διδό-

102 595 144 614 ναι
157 587 210 614 τῶν
223 585 433 625 πεπραγμένων,
455 586 501 615 καὶ
521 585 610 626 ἕτερον
635 585 756 625 μάρτυρα
779 586 869 618 καλεῖς

100 630 153 658 τῶν
173 631 333 670 γινομένωνς
357 631 446 671 ἕτερον
460 632 530 672 ἔχεις
553 631 692 668 δικαστὴν,
712 630 758 660 καὶ
779 630 868 670 ἕτερον

99 675 213 710 καθίζεις
226 676 338 713 θεατήνς
351 679 413 717 Οὐχ
422 679 485 718 ὁρᾷς
497 677 557 711 τοὺς
567 678 689 718 ἡνιόχους
697 700 705 713 ,
719 677 745 706 οἳ
757 678 805 712 τῆς
815 676 867 705 πό-

99 723 165 755 λεως
175 721 280 758 ἁπάσης
292 723 347 752 ἄνω
359 723 510 763 καθημένης
523 725 550 754 ἐν
560 729 616 757 ταῖς
628 726 680 753 τῶν
690 723 779 752 ἵππων
788 722 868 762 ἁμίλ-

100 769 172 803 λαις,
199 769 269 798 ἅπαν
290 772 335 798 τοῦ
359 770 465 800 σταδίου
483 770 695 811 παρατρέχοντες
714 769 745 798 τὸ
769 769 847 809 μέρος
859 792 867 805 ,

100 816 155 844 ἐκεῖ
175 816 350 855 φιλονεικοῦσι
362 816 396 846 τὰ
409 816 422 833 ⁶
431 820 483 847 τῶν
497 816 648 846 ἀντιπάλων
663 817 771 857 ἅρματα
782 827 866 846 κατα-

100 860 230 901 στρέφειν,
243 861 305 892 ἔνθα
324 862 355 891 ἃν
370 862 446 893 ἴδωσι
458 863 503 892 τὸν
518 862 629 903 βασιλέα
649 862 807 901 καθήμενον,
821 861 867 891 καὶ

99 906 230 937 τοσούτων
242 908 327 948 ὄψεων
337 908 382 938 ἕνα
392 909 539 948 νομίζωσιν
550 908 761 948 ἀξιοπιστότερον
771 909 867 948 ὀφθαλ-

100 951 168 991 μόν;
190 953 229 982 Σὺ
251 954 279 983 δὲ
297 955 375 984 αὐτὸν
389 954 433 984 τὸν
451 957 504 985 τῶν
518 955 636 995 ἀγγέλων
655 957 741 985 αὐτῶν
757 953 867 995 βασιλέα

100 1001 154 1032 τοῖς
167 1003 222 1032 σοῖς
241 999 347 1039 δρόμοις
361 1002 572 1040 ἀγωνοθετοῦντα
589 1003 666 1041 ὁρῶν,
681 1002 779 1030 ἐκεῖνον
794 1000 868 1039 ἀφεὶς

100 1045 145 1074 ἐπὶ
159 1045 206 1079 τὰς
223 1048 276 1075 τῶν
289 1047 438 1085 ὁμοδούλων
452 1047 624 1087 καταφεύγεις
648 1043 737 1087 &Pete-3
762 1046 814 1076 Διά
828 1058 869 1076 τοι

101 1093 178 1120 τοῦτο
198 1091 265 1130 μετὰ
285 1091 330 1125 τὰς
353 1093 447 1132 μυρίας
465 1093 552 1126 πάλας
567 1093 748 1132 ἀστεφάνωτος
762 1093 868 1131 ἀναχω-

103 1141 155 1176 ρεῖς
164 1158 172 1173 ,
197 1137 264 1175 μετὰ
285 1137 345 1171 τοὺς
365 1138 477 1171 πολλοὺς
500 1139 612 1178 ἱδρῶτας
632 1137 714 1178 χωρὶς
740 1137 870 1177 βραδείων

103 1182 208 1222 ἀπέρχῃ
222 1182 287 1222 πρὸς
297 1183 342 1213 τὸν
353 1183 532 1223 ἀγωνοθέτην;
543 1184 612 1213 Ἀλλ’
623 1185 671 1214 οὐκ
682 1183 773 1217 Ὀζίας
785 1186 871 1212 τοιοῦ-

102 1239 145 1262 τος
156 1224 198 1264 ἦν,
215 1230 273 1258 ἀλλ’
284 1229 394 1260 ἐνώπιον
405 1229 504 1269 Κυρίου
515 1229 545 1258 τὸ
558 1230 630 1263 εὐθὲς
644 1229 736 1260 ἐποίει.
751 1230 815 1262 Πῶς
824 1224 870 1258 οὖν

101 1275 170 1304 οὕτω
181 1275 250 1314 μετὰ
266 1276 401 1315 ἀκριὸείας
413 1276 613 1316 πολιτευόμενος
629 1275 804 1312 ὓπεσκελίσθη
823 1276 869 1306 καὶ

102 1321 248 1357 anteit-2033
263 1322 350 1351 Τοῦτο
369 1322 420 1362 γὰρ
440 1322 514 1362 κάγὼ
529 1322 655 1362 θαυμάζω
672 1322 717 1352 καὶ
731 1322 849 1362 διαπορῶ
859 1345 867 1359 ,

102 1367 202 1405 μᾶλλον
222 1367 250 1396 δὲ
266 1368 314 1397 οὐκ
327 1367 359 1397 ἂν
375 1367 416 1404 εἴη
429 1370 507 1397 τοῦτο
520 1367 701 1407 διαπορήσεως
715 1366 786 1400 ἄξιον
797 1378 804 1385 ·
819 1367 868 1396 ἄν·

102 1415 203 1452 θριωτος
215 1412 266 1453 γὰρ
274 1409 316 1450 ἦν,
325 1418 437 1454 πρᾶγμα
448 1414 512 1454 πρὸς
523 1413 653 1453 ἁμαρτίαν
663 1414 806 1450 εὐόλισθον,
820 1413 866 1442 καὶ

101 1458 166 1498 πρὸς
185 1458 281 1488 κακίαν
295 1458 445 1500 ὀξύῤῥοπον.
464 1459 518 1489 Καὶ
531 1460 560 1488 οὐ
576 1461 655 1488 τοῦτο
677 1458 755 1498 μόνον
769 1459 825 1488 ἐστὶ
837 1459 868 1488 τὸ

99 1505 227 1544 χαλεπὸν,
247 1506 305 1535 ἀλλ’
326 1504 368 1534 ὅτι
386 1505 432 1535 καὶ
445 1505 503 1535 ὁδὸν
517 1504 610 1540 στενὴν
628 1505 673 1534 καὶ
692 1506 869 1544 τεθλιμμένην

101 1550 199 1580 ὁδεύειν
212 1552 378 1592 ἐπετάγημεν
392 1552 444 1582 ὑπὸ
456 1554 582 1591 κρημνῶν
594 1555 605 1568 ⁶
615 1552 775 1591 ἑκατέρωθεν
789 1553 868 1581 ἀπει-

1606 147 1665 181 131

920 215 1106 245 verumetiam
1125 217 1188 247 fecit
1201 217 1228 246 in
1242 224 1387 258 conspectu
1396 218 1518 256 Domini,
1533 229 1586 248 non
1596 220 1670 260 apud

920 261 1042 291 homines
1049 272 1077 291 se
1085 270 1231 301 ostentans,
1239 263 1467 302 quemadmodum
1477 265 1552 305 apud
1559 266 1577 296 J
1579 265 1668 296 udaeos

919 307 1052 337 faciebant
1065 308 1121 345 illi,
1133 309 1180 347 qui
1198 316 1258 339 ante
1281 310 1478 349 eleemosynam
1500 311 1565 341 tuba
1588 322 1666 342 cane-

919 353 996 390 bant,
1008 360 1035 382 et
1048 354 1074 382 in
1085 354 1197 394 jejuniis
1210 355 1290 385 facies
1306 366 1368 385 suas
1380 356 1604 391 exterminabant,
1617 358 1665 397 qui

920 399 1097 439 precabantur
1105 401 1133 430 in
1147 402 1287 441 compitis;
1297 402 1398 441 quibus
1408 402 1488 432 rebus
1498 403 1566 441 quid
1580 411 1666 443 potest

921 457 980 476 esse
1001 447 1136 484 miserius,
1157 448 1205 477 ubi
1231 455 1292 488 post
1312 448 1438 478 toleratos
1455 449 1572 485 labores,
1592 451 1665 479 omni

920 492 1031 531 praemio
1049 493 1267 523 frustrabantur?

947 533 991 567 '2
1004 538 1079 576 Quid
1092 538 1169 576 facis,
1182 539 1287 569 homo?
1299 539 1346 569 alii
1363 539 1519 571 redditurus
1539 551 1567 571 es
1586 541 1666 571 ratio-

920 593 981 612 nem
990 584 1120 614 factorum
1131 591 1250 622 tuorum,
1259 592 1285 615 et
1295 586 1382 615 alium
1391 593 1482 616 testem
1496 587 1562 617 citas
1571 598 1666 617 eorum

920 639 980 668 quae
989 630 1055 659 facis
1062 630 1076 659 '2’
1091 630 1176 660 alium
1185 631 1268 661 habes
1279 631 1410 672 judicem,
1425 639 1451 662 et
1458 632 1542 662 alium
1553 633 1666 664 adhibes

919 683 1093 715 spectatorem
1101 677 1114 706 Ρ
1123 678 1148 706 N
1150 687 1184 705 on
1198 677 1275 707 vides
1286 678 1394 718 aurigas
1403 678 1450 717 qui
1463 680 1586 709 universa
1600 680 1666 712 civi-

919 726 973 750 tate
982 720 1011 750 in
1024 721 1137 750 sublimi
1146 721 1252 751 sedente
1260 722 1288 751 in
1300 723 1470 761 equentibus
1481 723 1567 760 ludis,
1577 731 1665 755 totum

919 766 999 796 stadii
1019 767 1137 807 spatium
1157 775 1354 807 percurrentes,
1370 769 1410 798 ibi
1423 769 1588 800 contendunt
1601 782 1666 801 cou-

885 821 904 844 D
919 818 1079 842 certatorum
1103 823 1200 843 currus
1220 814 1386 850 subvertere,
1403 814 1451 844 ubi
1472 816 1664 855 Imperatorem

918 857 1036 887 viderint
1044 858 1190 897 sedentem,
1202 867 1228 889 et
1238 859 1307 889 inter
1319 867 1357 890 tot
1375 861 1552 900 spectantium
1572 863 1665 892 vultus

921 914 1004 933 unum
1018 905 1127 935 oculum
1140 913 1236 946 putant
1248 906 1303 936 fide
1322 906 1494 946 digniorem?
1509 909 1545 937 At
1558 915 1587 938 tu
1601 920 1665 939 cum

917 949 1011 980 videas
1030 951 1121 991 ipsum
1140 952 1296 991 angelorum
1309 953 1414 992 Regem
1431 960 1478 982 tuo
1496 955 1588 984 cursui
1601 966 1665 996 ago-

918 995 1064 1032 nothetam,
1080 996 1131 1026 hoc
1144 1004 1184 1026 est
1197 998 1349 1027 certaminis
1359 997 1492 1037 judicem,
1509 1000 1663 1039 praesidere,

919 1052 950 1071 eo
965 1043 1142 1081 praetermisso
1155 1043 1191 1072 ad
1203 1054 1393 1075 ‹mnscrvorum
1407 1045 1478 1085 fugis
1491 1047 1604 1077 oculos?
1617 1048 1666 1078 At-

920 1098 972 1127 que
986 1087 1047 1118 ideo
1060 1099 1123 1118 sane
1141 1096 1201 1129 post
1217 1089 1371 1120 innumeras
1390 1091 1477 1121 luctas
1495 1092 1667 1124 incoronatus

919 1133 1034 1171 recedis,
1051 1142 1111 1174 post
1131 1135 1243 1180 sudores
1264 1136 1398 1176 plurimos
1415 1137 1517 1176 absque
1546 1140 1666 1179 praemiis

920 1181 995 1211 venis
1019 1181 1054 1210 ad
1073 1182 1278 1221 agonothetam?
1290 1184 1325 1212 At
1342 1193 1395 1212 non
1414 1183 1475 1213 talis
1495 1191 1551 1213 erat
1574 1186 1664 1223 Ozias,

920 1223 968 1256 sed
980 1228 1008 1255 in
1017 1235 1161 1267 conspectu
1175 1228 1284 1257 Domini
1294 1229 1408 1258 faciebat
1416 1230 1491 1268 quod
1500 1237 1602 1260 rectum
1613 1239 1664 1262 est.

885 1276 904 1299 F.
920 1272 975 1309 Qui
989 1273 1088 1302 factum
1099 1280 1137 1302 est
1150 1273 1244 1313 igitur,
1254 1281 1284 1303 ut
1291 1281 1352 1314 post
1362 1275 1446 1306 vitam
1456 1283 1509 1306 tam
1521 1277 1666 1316 perfectam

919 1318 1107 1358 supplantatus
1126 1319 1171 1356 sit,
1186 1320 1405 1360 concideritque?
1418 1323 1488 1352 Nam
1502 1323 1553 1353 hoc
1566 1331 1593 1353 et
1609 1324 1665 1365 ipse

919 1364 1054 1395 demirans
1065 1365 1170 1403 haesito,
1183 1366 1249 1405 quin
1268 1367 1357 1407 potius
1371 1368 1441 1398 nihil
1454 1369 1500 1399 hic
1513 1380 1570 1400 esse
1586 1370 1667 1402 debet

919 1411 1083 1442 haesitatione
1102 1411 1226 1451 dignum,
1247 1414 1466 1453 quandoquidem
1496 1416 1578 1446 homo
1597 1425 1664 1454 erat,

919 1468 962 1489 res
973 1458 1009 1487 ad
1018 1458 1184 1498 peccandum
1195 1459 1311 1496 lubrica,
1322 1467 1348 1490 et
1360 1460 1397 1490 ad
1410 1462 1539 1501 malitiam
1551 1474 1667 1504 propen-

920 1515 958 1534 sa.
971 1506 1064 1544 Neque
1073 1504 1101 1534 id
1115 1505 1204 1534 solum
1218 1513 1257 1535 est
1269 1506 1391 1544 difficile,
1405 1518 1500 1537 verum
1507 1509 1588 1539 etiam
1596 1510 1668 1540 illud

878 1574 914 1596 m
922 1551 996 1591 quod
1016 1551 1139 1581 incedere
1153 1553 1223 1592 jussi
1241 1564 1335 1583 sumus
1355 1565 1405 1594 per
1427 1555 1498 1585 viam
1514 1563 1666 1596 angustam,

101 1597 250 1636 λημμένην.
264 1598 352 1628 ’Όταν
374 1594 418 1628 οὗν
441 1598 486 1628 καὶ
503 1597 681 1638 προαιρέσεως
704 1597 810 1626 εὐκολία
823 1597 868 1627 καὶ
886 1603 905 1626 Α
921 1605 947 1628 et
960 1598 1086 1638 utrinque
1100 1599 1254 1639 praecipitiis
1269 1600 1448 1631 terminatam.
1466 1604 1584 1633 Proinde
1595 1616 1667 1644 quo-

101 1644 162 1672 ὁδοῦ
188 1643 313 1673 δυσκολία
336 1644 493 1674 συνέλθωσιν
515 1645 551 1676 εἷς
574 1643 680 1680 ταύτὸν,
699 1643 737 1681 μὴ
751 1642 868 1681 θαύμαζε

102 1688 192 1718 λοιπὸν
211 1688 278 1728 ὑπὲρ
297 1691 350 1718 τῶν
363 1688 603 1729 παραπτωμάτων,
626 1689 754 1728 Καθάπερ
774 1688 826 1728 γὰρ
840 1690 867 1718 ἐν

102 1739 156 1768 τοῖς
168 1734 284 1774 θεάτροις
297 1736 321 1764 οἱ
332 1734 380 1771 τὴν
394 1739 497 1775 σχοῖνον
512 1734 560 1771 τὴν
572 1734 688 1764 κάτωθεν
702 1735 756 1764 ἄνω
769 1737 780 1751 ·
790 1746 868 1764 τετα-

102 1781 186 1819 μένην
199 1780 348 1810 ἆναὸαίνειν
357 1780 403 1810 καὶ
415 1780 583 1810 καταὸαίνειν
593 1781 767 1819 μελετῶντες,
781 1781 812 1810 ἂν
825 1792 868 1819 μι-

101 1827 163 1866 κρὸν
177 1827 384 1867 παραὸλέψωσι,
397 1827 614 1867 παρατραπὲντες
631 1827 868 1867 κατενεχθήσονται

103 1875 140 1906 εἰς
161 1872 210 1909 τὴν
222 1873 382 1913 ὀρχήστραν,
395 1873 441 1902 καὶ
455 1874 613 1902 ἀπολοῦνται
622 1885 628 1891 ·
642 1872 710 1902 οὕτω
724 1873 769 1903 καὶ
781 1875 806 1902 οἱ
819 1873 867 1909 τὴν

101 1919 159 1950 ὁδὸν
177 1920 276 1956 ταύτην
292 1921 437 1958 ὁδεύοντες,
456 1921 487 1950 ἂν
502 1920 595 1960 μικρὸν
609 1919 782 1960 ῥᾳθυμήσωσι
792 1943 800 1957 ,
819 1932 868 1950 κα-

101 1966 330 2005 τακρημνίζονται.
348 1967 401 1997 Καὶ
419 1966 470 2006 γὰρ
484 1966 583 2002 ἐκείνης
596 1969 644 2002 τῆς
660 1966 766 2006 σχοίνου
778 1969 795 2002 ἡ
811 1966 868 1999 ὁδὸς

102 2010 170 2047 αὕτη
182 2011 228 2041 καὶ
241 2013 380 2053 στενοτέρα
391 2013 436 2043 καὶ
449 2013 532 2052 ὄρθιος
545 2012 590 2041 καὶ
602 2013 752 2052 προσάντης
767 2013 866 2051 μᾶλλόν

101 2058 158 2086 ἐστι
181 2057 227 2087 καὶ
245 2058 393 2099 ὑψηλοτέρα
414 2060 522 2098 πολλῷ·
540 2058 606 2098 πρὸς
625 2057 677 2099 γὰρ
697 2059 774 2088 αὐτὸν
787 2058 801 2075 ¹²
813 2059 866 2088 ἄνω
886 2055 903 2078 Β

99 2103 210 2143 τελευτᾷ
231 2104 274 2134 τὸν
299 2104 420 2144 οὐρανὸν,
444 2104 489 2134 καὶ
511 2104 571 2134 τότε
592 2106 656 2143 ἡμῖν
678 2105 865 2145 σφαλερώτερα

103 2148 177 2178 ἔσται
193 2149 227 2178 τὰ
239 2150 404 2189 διαθήματα,
418 2150 479 2180 ὅταν
493 2151 547 2181 ἄνω
565 2151 610 2180 καὶ
623 2151 687 2191 πρὸς
700 2153 766 2189 αὐτῇ
780 2151 864 2191 γενώ-

104 2195 170 2230 μεθα
182 2197 215 2234 τῇ
235 2198 335 2236 κορυφῇ
347 2208 354 2215 ·
374 2201 428 2230 τοῖς
440 2197 491 2237 γὰρ
504 2199 543 2238 ἐφ’
556 2197 636 2238 ὕψους
649 2200 746 2227 ἑστῶσι
759 2197 839 2231 πολὺς
851 2200 865 2227 ὁ

100 2239 212 2278 πρόμος,
233 2242 278 2270 καὶ
300 2242 349 2281 μία
369 2243 446 2282 μόνον
463 2244 593 2284 ἀσφάλεια
612 2245 749 2279 λείπεται,
772 2244 803 2274 τὸ
827 2244 863 2283 μὴ

103 2291 252 2331 κατακόψαι
266 2291 355 2329 κάτω,
370 2291 436 2331 μηδὲ
451 2293 488 2325 εἷς
498 2294 548 2331 γῆν
561 2293 633 2322 ἰδεῖν.
649 2291 702 2321 Καὶ
715 2291 767 2331 γὰρ
780 2293 864 2331 χαλε-

139 2411 153 2431 l’
170 2416 217 2437 Τῶν
235 2414 368 2444 ἀντιτέχνων
383 2412 487 2445 ἅρματα,
500 2410 535 2434 sic
549 2414 600 2434 tres
617 2408 676 2435 Mss.
694 2407 765 2432 Infra
782 2407 858 2432 iidem

107 2453 144 2476 τὸν
155 2456 200 2476 τῶν
208 2452 310 2483 ἀγγέλων
317 2451 420 2483 βασιλέα.
429 2448 499 2474 Infra
507 2457 569 2474 unus
578 2452 615 2474 καὶ
622 2450 732 2474 τοσούτων
741 2450 811 2481 ’ὄψεων
817 2450 857 2473 οῦ-

107 2496 148 2522 σῷν
157 2492 196 2515 ἱνα
207 2500 258 2522 νομ.

137 2535 148 2547 ‘
165 2525 309 2561 ἑκατέρωθεν
325 2529 501 2559 ἀπειλημμένην.
525 2526 643 2550 Erasmus
660 2524 745 2558 legisse
758 2523 857 2551 videtur

118 2567 421 2601 ituripesJOwsdmzhpzs'm,
442 2566 516 2590 vertit
531 2566 605 2595 enim,
618 2565 764 2598 praecipillis
776 2566 858 2589 mina-

920 1645 970 1674 ties
983 1652 1009 1674 et
1026 1645 1172 1675 voluntatis
1194 1645 1307 1676 facilitas
1330 1653 1356 1676 et
1383 1647 1444 1677 vitae
1469 1649 1616 1680 difficultas
1637 1651 1666 1681 in

921 1701 1005 1720 unum
1022 1698 1128 1727 coeunt,
1144 1701 1177 1720 ne
1192 1698 1281 1730 postea
1296 1692 1393 1726 mirare
1406 1693 1440 1723 de
1455 1695 1544 1735 lapsu.
1561 1698 1664 1734 Quem-

1718 1703 1817 1725 Funam-

919 1736 1065 1765 admodum
1079 1736 1151 1765 enim
1166 1736 1194 1764 in
1216 1738 1373 1776 spectaculis
1392 1739 1440 1777 qui
1462 1751 1510 1779 per
1522 1741 1615 1772 funem
1627 1742 1662 1772 ab
1675 1735 1723 1757 ΜΗ
1758 1739 1815 1756 '⁰¹²¹‘

1675 1774 1728 1794 pore
1747 1766 1819 1795 Cltry-

919 1782 975 1812 imo
988 1782 1016 1811 in
1029 1782 1114 1810 altum
1130 1788 1235 1813 tensum
1244 1783 1385 1813 ascendere
1398 1795 1428 1814 ac
1441 1784 1601 1817 descendere
1613 1799 1666 1818 me-
1675 1798 1776 1819 ιοειοηιί.

919 1827 1049 1864 ditantur,
1064 1826 1087 1856 si
1099 1827 1242 1866 paululum
1255 1828 1416 1859 deflexerint
1435 1830 1538 1868 oculos,
1554 1832 1662 1864 inverso

920 1885 1031 1913 corpore
1042 1874 1199 1903 deferuntur
1225 1874 1253 1904 in
1275 1875 1449 1914 orchestram,
1471 1886 1637 1918 pereuntque
1655 1892 1662 1910 ε

920 1920 1013 1950 itidem
1026 1920 1074 1960 qui
1088 1931 1136 1959 per
1149 1920 1218 1950 hanc
1231 1920 1359 1951 incedunt
1370 1922 1452 1959 viam,
1466 1924 1489 1953 si
1503 1924 1547 1954 vel
1560 1925 1662 1964 paulu-

921 1967 980 1996 lum
987 1966 1103 2006 segniter
1110 1965 1223 2006 egerint,
1235 1967 1449 2007 praecipitantur.
1460 1970 1497 1999 Et
1505 1977 1593 2000 tamen
1605 1971 1662 2002 haec

921 2013 964 2043 via
977 2020 1034 2042 tum
1056 2012 1194 2051 angustior
1207 2019 1257 2046 est,
1273 2019 1330 2042 tum
1345 2015 1431 2054 magis
1451 2016 1547 2051 ardua,
1562 2017 1665 2047 multo-

919 2069 971 2097 que
981 2057 1121 2092 excelsior,
1138 2068 1219 2096 quam
1234 2058 1281 2088 illa
1302 2070 1350 2099 per
1363 2061 1465 2098 funem,
1481 2069 1510 2091 ut
1523 2073 1583 2102 quae
1600 2074 1662 2093 sur-

918 2115 979 2134 sum
990 2104 1025 2134 ad
1037 2104 1127 2144 ipsum
1139 2114 1222 2143 usque
1233 2105 1328 2135 caelum
1343 2113 1466 2146 protensa
1476 2115 1516 2138 est
1533 2121 1539 2137 τ
1555 2120 1586 2139 ac
1605 2117 1663 2139 tum

919 2150 995 2180 nobis
1019 2151 1120 2191 majore
1145 2161 1206 2180 cum
1233 2151 1354 2191 periculo
1375 2161 1512 2193 ponuntur
1536 2155 1660 2195 vestigia,

918 2209 980 2228 cum
991 2197 1025 2227 ad
1038 2208 1173 2227 summum
1186 2198 1253 2227 etad
1270 2199 1359 2239 ipsum
1370 2210 1455 2238 usque
1468 2201 1602 2240 fastigium
1617 2213 1662 2231 ac—

920 2244 1075 2274 cesserimus
1091 2257 1099 2273 :
1113 2255 1175 2273 nam
1187 2244 1213 2273 in
1236 2245 1347 2274 sublimi
1361 2252 1458 2275 stantes
1474 2247 1575 2276 multus
1587 2258 1661 2277 oocu-

920 2298 966 2332 pat
978 2297 1088 2328 tremor,
1103 2297 1182 2329 atque
1198 2301 1248 2319 una
1269 2297 1372 2320 tautum
1386 2292 1507 2322 cautione
1528 2293 1578 2322 tuti
1601 2300 1663 2322 sunt

907 2416 968 2439 cem,
981 2415 1071 2440 nempe
1081 2407 1156 2432 viam.
1170 2406 1219 2432 Sed
1232 2406 1315 2431 nullus
1326 2405 1412 2432 Codex
1428 2407 1463 2432 sic
1477 2405 1562 2431 habet.

938 2455 949 2466 ¹¹
962 2447 1032 2472 Unus
1044 2450 1216 2479 ἆπιτιταμίνην.

938 2487 952 2505 b
970 2486 1031 2510 Tres
1043 2486 1101 2510 Mss.
1118 2489 1163 2511 ἀνω
1176 2489 1279 2511 τέταται.
1300 2485 1370 2510 Unus
1381 2489 1426 2511 ἄνω
1445 2488 1576 2511 τελειοῦται.
1598 2485 1663 2510 Ern-

906 2534 974 2551 smus
986 2524 1083 2550 videtur
1094 2524 1180 2557 legisse
1191 2529 1295 2550 τέταται.
1309 2524 1358 2548 Sed
1377 2523 1415 2548 1·ae
1434 2533 1521 2549 ornnes
1541 2524 1662 2550 lectiones
1684 2520 1687 2524 ³

907 2563 1041 2597 quadrant.
1056 2564 1114 2589 Mox
1127 2563 1168 2588 alii
1179 2567 1356 2598 ἐπισρα),έστερα
1366 2566 1427 2590 ἔσται
1440 2567 1469 2589 τὰ
1480 2567 1584 2596 βήματα.
