1904 2840
18 1549 21 1557 ’
55 1573 63 1581 .
106 1551 269 1582 .exsistens?

619 185 655 208 m
680 183 889 217 sixt-rusum.

1589 172 1653 207 821

918 183 1042 206 nomn.
1068 183 1155 207 xvii.

124 258 179 279 uon
189 246 439 284 condemnaveritis,
453 245 535 276 simili
544 245 649 286 judicio
659 252 687 275 et
696 254 744 276 vos
755 244 865 283 quidem
883 247 902 270 Α
919 251 945 274 et
955 244 1023 274 dicit
1037 257 1045 274 z
1062 246 1091 275 5.
1101 247 1134 274 Η
1129 248 1278 284 ypocrita,
1287 247 1359 285 ejice
1366 247 1492 284 primum
1502 247 1612 275 trabem
1623 247 1660 275 de

122 287 312 328 judicabimini
330 298 347 317 a
365 288 434 322 Deo,
446 285 494 315 sed
504 295 556 315 non
566 284 829 315 condemnabimini:
843 284 866 313 si

124 333 214 357 autem
224 334 251 356 et
265 326 416 367 judicantes
427 324 675 360 condemnaveritis,
693 324 777 368 simili
786 323 866 369 judi-

122 366 167 396 cio
184 373 212 396 et
229 377 278 397 vos
297 365 504 407 judicabimini,
520 371 547 394 et
560 363 814 393 condemnabimini.
830 363 867 392 Et

123 404 198 443 quod
207 405 255 435 isse
264 405 351 436 dixit:
363 406 517 439 Dimittite,
524 411 553 433 et
565 404 753 432 dimittemini
761 414 773 431 .-
788 403 872 438 date,

124 451 154 475 et
168 446 288 475 dabitur
310 447 416 475 vobis:
429 445 479 474 iste
497 443 586 480 dixit,
601 445 638 472 In
671 453 710 472 ua
733 451 867 471 mensura

123 487 216 515 mensi
224 487 355 526 fueritis,
367 485 640 522 remetieturvobis:
650 454 704 512 hoc
713 489 763 518 est,
769 481 800 512 Si
813 491 865 510 non

125 525 213 564 rogati
224 525 379 555 dimiseritis
391 531 530 565 peccatum
546 522 678 562 proximis
695 522 802 557 vestris,
818 520 866 550 sed

122 565 182 595 soto
192 572 313 605 respectu
324 565 385 600 Dei,
397 572 424 594 et
434 565 508 593 Deus
526 573 560 592 ex
573 573 612 598 se,
621 562 697 602 prius
709 571 803 605 quam·
816 570 864 589 ro-

123 611 204 644 geuu-
217 615 232 634 a
247 605 324 635 vobis
337 604 454 634 dimittet
466 603 560 639 vobis;
575 602 598 631 si
617 608 706 631 autem
719 606 805 645 rogati
818 610 864 630 ve-

124 644 198 673 niam
210 644 349 681 dederitis,
363 651 389 673 et
400 645 473 673 Deus
484 649 549 672 tunc
567 641 644 671 dabit
656 640 733 670 vobis
744 650 862 676 vomam,

123 693 187 713 cum
196 683 287 723 dignis
299 684 425 724 precibus
435 689 461 711 et
473 691 591 720 congrua
603 680 790 725 lamentatione
798 689 862 724 eum

124 723 294 763 rogaveritis.
308 723 444 760 Quoniam
453 732 518 761 ergo
533 721 795 788 dixerwraecipum
810 729 862 748 sic-

126 769 156 792 ut
170 762 300 799 diximus,
311 762 478 797 doctoribus,
488 760 589 791 Nolite
601 761 617 800 j
663 761 746 794 'carc,
758 765 790 788 ut
804 769 863 787 non

920 284 1005 313 oculo
1027 291 1087 320 tuo,
1100 292 1128 313 et
1142 292 1210 314 tunc
1222 286 1336 314 videbis
1348 287 1451 325 ejicere
1465 285 1612 325 festucam
1622 286 1660 316 de

919 323 1010 363 oculo,
1012 324 1116 361 fratris
1125 325 1222 365 tui.Hy
1258 325 1324 354 crita
1331 332 1370 354 cst
1380 326 1451 354 enim
1459 325 1545 354 omnis
1553 325 1658 362 doctor,
1690 336 1810 366 Hypocriia

918 362 1032 401 quinon
1045 363 1120 402 prius
1140 364 1204 393 facit
1242 374 1307 401 ona,
1322 371 1348 393 et
1366 371 1456 404 postea
1481 364 1568 394 docet.
1585 366 1658 395 Dum
1667 369 1725 396 quis.

919 402 990 431 enim
1001 402 1072 431 bona
1083 402 1170 439 docet,
1179 403 1320 443 profitetur
1329 414 1356 433 se
1361 405 1466 444 justum
1476 415 1565 433 coram
1572 404 1659 434 homi-

918 441 1014 470 nibus:
1026 441 1092 471 dnm
1103 450 1191 471 autem
1204 443 1272 472 male
1280 444 1512 483 agit‚peccatorem
1521 454 1549 473 se
1559 445 1658 474 consti-

920 481 971 509 tuit
985 481 1054 510 intra
1064 492 1104 511 se.
1120 483 1177 511 Hoc
1194 493 1258 522 ergo
1269 482 1336 512 dicit
1351 496 1357 511 :
1375 483 1427 513 Vis
1440 483 1524 513 libere
1537 490 1562 513 et
1583 484 1657 513 fidu-

917 520 1022 549 cialiter
1034 521 1229 561 reprehendere
1239 522 1349 558 la'i'cum,
1366 529 1392 551 et
1410 522 1506 562 ejicere
1520 523 1555 552 de
1577 524 1658 553 oculo

917 560 1013 589 mentis
1026 560 1084 599 ejus
1097 568 1234 600 peccatum
1243 561 1257 590 9
1270 561 1349 591 Prius
1361 567 1435 590 tuam
1447 562 1532 602 ipsius
1544 570 1659 593 mentem

917 609 1003 638 purga
1028 600 1062 628 ab
1082 601 1158 629 omni
1181 600 1270 637 malo,
1285 607 1315 630 ut
1334 611 1397 630 cum
1416 608 1447 630 tu
1468 602 1588 640 argueris
1607 603 1659 632 la'i‘·

916 648 979 667 cum
990 650 1040 679 pro
1054 640 1167 679 peccatis
1186 641 1256 679 ejus,
1267 651 1302 669 ex
1314 640 1423 670 diverso
1437 641 1522 670 laIcus
1544 652 1603 670 nou
1610 642 1658 672 ha-

916 677 987 721 beat,
1006 680 1077 708 unde
1096 678 1239 718 redarguat
1263 686 1288 708 te
1308 690 1359 719 pro
1376 688 1484 719 peccato
1510 688 1565 710 tuo.
1588 683 1658 711 Nam

916 717 1027 757 incipiet
1052 725 1077 748 te
1104 719 1198 748 timere
1225 719 1253 748 in
1276 730 1321 756 se,
1348 730 1411 749 cum
1442 730 1495 749 non
1526 721 1658 750 invenerit

916 758 990 795 quod
1009 759 1183 787 *contemnat
1215 758 1242 787 in
1266 766 1303 788 te.
1332 760 1419 789 Omne
1445 767 1535 789 autem
1560 770 1657 798 pecca-

1702 769 1710 777 *
1729 776 1768 790 ron

119 802 504 841 judiceminimouvenieuter
514 799 602 835 addit,
611 806 637 828 et
649 798 765 835 dicit‚5.
783 799 865 837 Quid
881 801 899 824 B
917 802 973 825 tum
998 808 1050 827 non
1064 798 1212 827 secundum
1226 805 1315 827 actum
1337 809 1417 828 suum
1434 799 1611 839 dijudicatur,
1623 811 1657 830 an
1667 804 1734 822 mne!-

916 835 1053 866 modicum
1062 837 1108 873 sit,
1120 844 1167 867 aut
1179 848 1316 876 magnum,
1329 838 1376 868 sed
1386 839 1534 868 secundum
1546 850 1658 879 peccan-
1668 852 1770 868 nxxxvu
1818 874 1825 879 -

123 848 221 871 autem
232 842 317 871 vides
317 841 469 882 festucam
481 841 513 868 in
526 839 610 868 oculo
610 839 720 879 fratris
733 840 786 874 tui,
802 845 862 867 tra-

124 883 190 910 bem
197 891 268 910 vero
277 883 309 910 in
318 881 403 910 oculo
412 887 462 910 tuo
471 889 531 908 non
537 879 637 908 vides?
643 878 676 908 Id
685 884 725 907 est
735 878 804 915 :Qui
813 885 865 907 tra—

122 921 186 950 bem
198 923 227 950 in
239 920 318 950 oculo
338 927 386 950 mo
400 929 454 951 non
467 918 555 955 vides,
570 925 600 947 ut
612 918 680 957 quid
695 917 772 946 vides
785 918 863 946 sestu-

121 960 219 989 camin
227 960 306 989 oculo
316 959 408 989 fratris
417 959 476 989 tui?
487 960 526 988 Ac
534 958 556 988 si
565 957 757 987 dieauMetius
766 964 805 986 est
816 966 864 985 nec

120 999 285 1036 docere,nec
297 998 494 1040 reprehendere
509 998 618 1033 laicum,
633 1007 714 1036 quam
731 996 826 1026 docere
839 1002 865 1025 et

122 1038 329 1079 reprehendere,
341 1047 368 1068 et
389 1038 426 1068 tei
460 1048 505 1067 um
528 1037 557 1066 in
582 1036 787 1077 reprehensione
802 1046 865 1065 con-

122 1079 217 1109 sistere
231 1092 241 1109 ι
253 1078 381 1118 quoniam
401 1085 427 1107 ta
438 1078 462 1106 is
480 1077 601 1106 doctrina
619 1075 736 1105 doctoris
758 1085 812 1104 non
825 1082 864 1104 est

122 1119 270 1154 audibilis,
284 1117 332 1148 sed
357 1117 515 1146 derisibilis.
543 1117 657 1155 Propter
682 1114 756 1154 quod
777 1114 864 1159 omnis

121 1158 248 1187 sacerdos
261 1158 284 1187 si
303 1157 364 1187 vult
376 1157 471 1186 docere
491 1155 635 1196 populum,
651 1154 728 1195 prius
746 1165 864 1193 seipsum

122 1197 218 1227 doceat
233 1209 241 1226 ι
258 1197 285 1226 si
308 1204 397 1226 autem
418 1196 537 1235 seipsum
559 1204 613 1223 uon
639 1194 700 1225 vult
713 1193 808 1223 docere
831 1194 866 1223 de

125 1237 199 1266 omni
211 1235 284 1276 quod
304 1235 392 1272 docet,
406 1245 456 1264 nec
469 1245 497 1264 se
509 1234 599 1274 ipsum
611 1243 723 1274 arguere
744 1232 779 1262 de
791 1233 864 1263 omni

123 1275 200 1315 quod
211 1276 313 1316 arguit,
329 1285 376 1304 nec
399 1275 467 1304 aiios
484 1273 591 1310 doceat,
608 1284 656 1303 nec
666 1279 761 1313 arguat
770 1283 863 1311 quem-

123 1325 218 1353 quam,
231 1322 262 1345 ut
274 1315 299 1344 si
309 1314 444 1355 judicium
458 1313 509 1343 Dei
530 1323 583 1342 non
595 1312 697 1348 evadit,
712 1312 756 1342 vel
776 1313 863 1341 homi-

123 1365 190 1384 num
198 1355 376 1395 opprobrium
394 1363 446 1383 non
456 1352 583 1393 patiatur.
590 1353 621 1382 k.
631 1352 698 1381 Aut
716 1352 863 1391 quomodo

123 1395 196 1423 dicis
208 1395 305 1435 fratri
325 1401 387 1429 tuo,
407 1394 525 1428 Frater,
545 1393 609 1421 sine
631 1393 746 1431 ejiciam
759 1392 861 1431 sestu—

123 1443 188 1463 cam
267 1433 353 1463 oculo
367 1438 428 1468 tuo,
441 1438 470 1461 et
491 1441 556 1461 ecce
576 1433 657 1461 trabs
671 1437 713 1460 est
733 1433 764 1459 in
776 1432 863 1460 oculo

124 1473 220 1504 aeon
251 1480 292 1503 est
304 1474 389 1503 :Cum
403 1482 456 1510 qua
465 1470 533 1500 facie
547 1470 637 1510 arguis
651 1477 787 1510 peccatum
802 1470 862 1499 laici

123 1513 213 1543 fratris
223 1512 295 1546 tui,i
315 1522 344 1541 se
361 1512 390 1540 in
405 1510 511 1546 eodem,
525 1516 571 1538 aut
594 1510 622 1538 in
636 1510 738 1538 ma'ore
755 1516 863 1548 peccato

309 1561 345 1580 on
354 1550 444 1585 times,
458 1559 492 1578 ne
505 1547 600 1577 audias
620 1558 655 1577 ex
688 1548 785 1584 iverso,
799 1550 863 1577 Me-

124 1592 199 1628 dice,
211 1600 283 1620 cura
305 1592 426 1628 teipsum
435 1590 451 1619 ,Ρ
462 1588 492 1618 Si
504 1586 611 1616 medico
622 1587 797 1631 opprobrium
811 1594 861 1624 est,

121 1631 171 1670 qui
186 1640 234 1659 nec
246 1629 357 1658 alterius
371 1628 509 1657 sanitatem
522 1626 602 1655 habet
622 1636 650 1654 tn
664 1631 802 1665 potestate,
814 1636 863 1656 nec

121 1680 217 1707 suam,
231 1668 256 1698 si
272 1668 339 1698 alios
357 1667 425 1698 velit
442 1676 549 1710 curare,
563 1671 591 1694 et
613 1665 669 1705 ipse
690 1664 792 1709 debilis
815 1665 860 1702 sit,

122 1709 201 1748 quasi
213 1708 395 1738 testimonium
417 1706 557 1746 imperitia!
570 1715 625 1734 suae
646 1711 736 1744 portat
754 1715 782 1733 in
802 1715 862 1734 cor-

123 1759 189 1789 pore
206 1758 256 1781 suo
277 1746 416 1787 propriam
442 1744 591 1785 passionem
617 1755 624 1772 :
650 1743 784 1783 quomodo
807 1743 860 1774 do·

120 1788 191 1818 ctori
201 1798 255 1817 non
263 1788 298 1816 sit
313 1785 491 1826 opprobrium
503 1784 571 1813 alios
583 1783 654 1814 velle
666 1794 758 1828 eruere
770 1794 784 1812 a
818 1795 860 1814 ec-

120 1834 194 1865 cato,
207 1833 234 1857 et
258 1827 349 1866 ipsum
369 1825 398 1854 in
416 1823 563 1864 majoribus
582 1834 638 1853 esse
653 1830 778 1863 peccatis,
815 1834 860 1854 um

121 1867 208 1908 possit
228 1865 346 1906 amplius
363 1865 481 1905 seipsum
505 1873 598 1893 eruere
619 1873 634 1891 a
648 1870 763 1902 peccato,
779 1874 859 1902 quam

122 1906 210 1936 alios?
223 1909 277 1935 Aut
291 1905 328 1934 ita
342 1917 348 1933 :
366 1904 516 1943 Quomodo
531 1902 626 1943 fratri
646 1909 695 1932 tuo
717 1903 788 1932 dicis
802 1905 816 1930 Ρ
830 1902 859 1932 id

122 1952 182 1982 est,
210 1947 273 1982 Quo
320 1944 437 1984 reposito
457 1943 557 1983 putas?
580 1953 615 1972 ex
637 1942 746 1972 caritate
770 1942 859 1972 cordis

122 1984 203 2023 dicis,
216 1991 246 2013 ut
269 1994 298 2013 sa
310 1994 357 2013 ves
378 1983 532 2024 proximum
554 1989 631 2012 tuum
641 1982 655 2011 Ξ)
667 1982 745 2016 Νοιι;
759 1981 807 2011 sed
829 1989 859 2011 ut

122 2031 148 2054 te
159 2024 269 2055 simules
283 2024 396 2063 justum.
411 2023 441 2053 Si
455 2028 544 2051 autem
553 2033 615 2052 vere
628 2032 663 2051 ex
673 2021 781 2050 caritate
793 2032 858 2051 cor-

121 2063 165 2094 dis
177 2073 303 2103 argueres
308 2063 464 2102 proximum
470 2069 559 2097 tuum,
568 2068 597 2090 ut
605 2061 733 2097 salvares,
742 2062 858 2100 teipsum

122 2110 183 2134 ante
195 2103 322 2134 salvares.
335 2101 476 2141 Numquid
494 2101 622 2142 possibile
638 2107 678 2130 est
690 2107 720 2129 ut
741 2101 856 2131 benevo-

121 2144 220 2174 lentior
237 2142 274 2170 sis
296 2141 385 2178 aiteri,
399 2152 480 2180 quam
501 2141 571 2170 tibi?
587 2147 616 2170 ut
640 2139 709 2178 quid
732 2150 794 2169 cum
814 2147 858 2169 te-

124 2184 130 2190 '
152 2193 212 2212 sum
231 2180 301 2210 nolis
324 2180 439 2217 salvare,
451 2181 564 2210 alterum
578 2180 665 2210 velis?
680 2179 775 2209 Omnis
794 2191 823 2208 er
842 2190 857 2208 ο

122 2195 226 2260 metor,
238 2219 287 2258 qui
311 2218 427 2248 alterum
439 2220 467 2248 in
479 2219 668 2258 qualicumque
688 2218 816 2258 reprehen
837 2220 858 2247 it

121 2264 231 2299 delicto,
246 2265 272 2288 et
283 2258 340 2298 ipsc
352 2258 378 2287 in
389 2258 482 2288 eodem
494 2258 665 2294 constitutus,
679 2268 732 2287 non
743 2268 771 2286 se
781 2259 857 2297 prius

120 2309 268 2344 expurgat,
283 2303 386 2327 certum
406 2304 446 2327 est
464 2297 528 2336 quia
547 2297 709 2336 alloquensi
748 2297 856 2326 ecclesia

122 2353 174 2372 non
187 2343 256 2372 aiios
270 2337 329 2368 vult
342 2336 457 2374 salvare,
470 2335 518 2366 sed
531 2346 579 2376 per
598 2337 695 2365 bonam
709 2307 858 2365 doctrinam

123 2383 208 2412 malos
223 2388 298 2411 actus
321 2388 384 2407 suos
405 2377 502 2413 celare,
517 2381 543 2404 et
566 2375 679 2404 scientiae
701 2375 810 2404 laudem
823 2375 858 2404 ab

123 2421 279 2451 hominibus
304 2418 409 2458 quaerit,
430 2426 483 2446 non
504 2413 686 2444 aedificationis
711 2413 859 2459 mercedem

123 2471 139 2490 a
153 2461 222 2497 Deo,
236 2466 263 2489 et
283 2465 324 2489 at
338 2457 490 2499 hypocrita.
509 2455 573 2484 Ideo
593 2459 770 2494 competenter
783 2453 860 2483 addit

157 2547 168 2559 ¹·
185 2538 276 2565 Nolite
286 2543 398 2563 sancum:
409 2537 470 2563 clare
482 2534 596 2561 canibus.
605 2534 637 2559 Iu
646 2533 677 2560 V.
690 2533 721 2560 D.
732 2538 770 2561 est
778 2533 876 2560 initium

125 2578 248 2604 nomitiae.
758 2587 761 2590 ·

284 2620 356 2639 rou.
380 2620 422 2638 vi.

916 875 951 904 tis
970 886 1123 915 personam.
1143 875 1241 906 La‘icus
1259 877 1331 907 enim
1353 878 1401 907 etsi
1423 889 1549 917 magnum
1569 880 1660 909 fecerit

917 923 1065 953 peccatum,
1082 915 1218 945 modicum
1232 924 1283 953 est,
1297 924 1324 946 et
1335 918 1436 947 festuca
1457 925 1506 955 est,
1529 925 1661 957 quantum

917 953 952 982 ad
965 955 1109 985 sacerdotis
1122 955 1183 985 dico
1196 964 1346 996 peccatum,
1360 957 1424 996 quia
1439 957 1524 987 la'icus
1534 966 1575 988 est
1586 970 1592 987 :
1608 958 1662 988 do-

915 999 974 1022 ctor
985 1002 1084 1032 autem,
1106 995 1155 1024 etsi
1175 995 1313 1025 modicum
1335 997 1426 1026 fecerit
1439 1004 1587 1037 peccatum,
1602 1009 1662 1028 ma-

918 1042 1000 1071 gnum
1020 1041 1072 1071 est,
1095 1041 1122 1063 et
1145 1035 1219 1064 trabs
1239 1042 1291 1072 est,
1315 1043 1445 1075 quantum
1466 1036 1500 1066 ad
1519 1037 1582 1067 la‘ici
1600 1037 1662 1068 dico

916 1080 1066 1112 peccatum,
1081 1074 1145 1112 quia
1163 1074 1257 1104 doctor
1277 1082 1324 1105 est.
1348 1077 1396 1106 ²6.
1406 1076 1508 1106 Nolite
1526 1083 1661 1107 sanctum

917 1113 988 1141 dare
1001 1115 1135 1149 canibus,
1156 1124 1250 1154 neque
1266 1116 1399 1144 miseritis
1418 1118 1593 1156 margaritas
1606 1128 1658 1146 ve—

916 1158 993 1181 stt-as
1005 1159 1075 1182 ante
1082 1163 1196 1192 porcos.
1212 1164 1249 1182 ne
1261 1155 1347 1195 sorte
1364 1156 1533 1185 conculcent
1547 1167 1597 1186 eas
1609 1168 1659 1196 pe-

915 1192 1003 1221 dibus
1022 1194 1092 1229 suis,
1111 1200 1140 1222 et
1160 1195 1292 1223 conversi
1305 1195 1489 1234 disrumpant
1508 1205 1574 1225 vos.
1590 1198 1661 1226 Cum

917 1242 998 1270 supra
1024 1231 1140 1261 dedisset
1171 1233 1305 1262 Dominus
1330 1234 1487 1263 mandatum
1514 1236 1658 1273 omnibus,

916 1271 1052 1310 praecipue
1061 1278 1150 1301 autem
1161 1271 1327 1309 doctoribus,
1342 1280 1372 1302 ut
1383 1273 1525 1314 diligerent
1537 1275 1660 1305 inimicos

915 1320 989 1347 suos,
1004 1317 1030 1339 et
1046 1311 1229 1340 benefacerent
1241 1312 1280 1341 eis
1297 1324 1303 1340 :
1320 1312 1418 1342 iterum
1437 1313 1520 1353 paulo
1542 1322 1613 1350 ante,
1631 1323 1661 1345 ut

914 1359 949 1378 ne
958 1348 1112 1396 judicarent
1124 1361 1180 1386 eos,
1194 1351 1250 1396 'qui
1264 1359 1375 1391 peccant
1392 1353 1420 1381 in
1434 1353 1500 1392 ipsis
1513 1365 1520 1382 ε
1534 1354 1659 1384 conside-

881 1397 899 1420 C
915 1399 989 1434 rans,
1002 1400 1135 1436 “quomam
1153 1401 1202 1429 qui
1216 1398 1413 1430 persequuntur
1430 1393 1578 1422 sacerdotes
1598 1395 1658 1431 Dei,

915 1435 962 1458 aut
971 1430 1100 1468 injuriant
1113 1440 1170 1464 eos,
1186 1437 1232 1459 aut
1247 1430 1358 1467 laedunt,
1372 1432 1533 1471 plerumque
1553 1440 1600 1462 aut
1614 1434 1658 1464 in-

915 1468 1008 1497 fideles
1020 1476 1093 1505 sunt,
1106 1469 1199 1507 quales
1209 1476 1273 1499 sunt
1281 1470 1394 1509 gentiles
1405 1471 1448 1500 vel
1462 1471 1579 1501 haeretici
1593 1484 1599 1500 :
1613 1482 1660 1503 aut

914 1508 937 1536 si
956 1514 1018 1536 sunt
1031 1508 1190 1544 Christiani,
1203 1508 1308 1537 sordidi
1322 1516 1385 1538 sunt
1398 1517 1424 1538 et
1439 1510 1576 1547 insensati,
1595 1514 1658 1550 quia

914 1556 964 1575 nec
976 1546 1157 1583 considerant,
1171 1557 1220 1576 nec
1233 1547 1398 1587 intelligunt,
1413 1549 1563 1579 sacerdotes
1576 1550 1658 1582 Chri-

914 1586 949 1614 sti
963 1585 1077 1614 vicarios
1089 1596 1144 1615 csse
1155 1586 1268 1622 Christi,
1283 1593 1308 1616 et
1321 1587 1462 1617 Christum
1474 1601 1481 1616 :
1495 1596 1520 1617 et
1530 1591 1657 1628 quoniam

914 1624 962 1663 qui
979 1625 1093 1654 honorat
1111 1624 1275 1654 sacerdotem
1298 1626 1411 1660 Christi,
1432 1627 1545 1658 honorat
1570 1630 1657 1659 Chri-

913 1671 1002 1693 stum:
1017 1670 1044 1693 et
1060 1665 1108 1702 qui
1120 1664 1230 1703 injuriat
1243 1665 1405 1695 sacerdotem
1419 1667 1531 1704 Christi,
1546 1669 1657 1708 injuriat

912 1704 1062 1738 Christum,
1083 1715 1116 1733 ne
1134 1704 1202 1733 forte
1219 1713 1408 1744 consequenter
1420 1707 1564 1746 cogitantes
1585 1709 1656 1739 intra

913 1754 941 1772 se
953 1743 1100 1773 sacerdotes
1115 1743 1216 1781 dicant,
1230 1745 1258 1774 Si
1267 1745 1396 1788 jubemur
1407 1745 1520 1786 diligere
1532 1747 1656 1779 inimicos

913 1790 1027 1819 nostros,
1043 1790 1069 1813 et
1086 1783 1239 1813 benefacere
1252 1795 1290 1814 eis
1304 1796 1312 1814 ε
1328 1785 1351 1814 si
1360 1785 1489 1825 jubemur
1510 1797 1558 1817 nec
1580 1788 1655 1827 judi-

912 1833 972 1852 care
994 1833 1039 1852 eos
1063 1829 1222 1862 peccatores,
1254 1824 1302 1861 qui
1325 1832 1434 1864 peccant
1453 1825 1480 1854 in
1503 1836 1551 1855 nos
1566 1839 1572 1855 :
1597 1828 1654 1858 sinc

911 1862 997 1891 dubio
1010 1862 1079 1891 sicut
1096 1862 1224 1892 debemus
1246 1863 1358 1902 diligere
1380 1875 1434 1901 eos,
1458 1872 1483 1894 et
1502 1866 1654 1898 benefacere

911 1903 960 1939 eis,
975 1902 1013 1931 sie
1026 1912 1078 1931 non
1092 1901 1221 1932 debemus
1233 1913 1278 1932 eos
1288 1903 1411 1943 judicare
1431 1912 1590 1943 peccatores,
1606 1908 1653 1945 qui

911 1948 1023 1981 peccant
1035 1942 1062 1970 in
1077 1951 1140 1970 nos:
1153 1948 1182 1971 ut
1203 1952 1256 1971 non
1276 1943 1364 1971 solum
1382 1951 1482 1980 nostra,
1503 1944 1551 1974 sed
1573 1946 1654 1976 etiam

877 1989 895 2012 1)
911 1991 970 2019 quae
984 1981 1093 2020 propria
1110 1981 1159 2010 Dei
1177 1989 1249 2018 sunt,
1268 1982 1308 2011 eis
1321 1983 1560 2019 communicemus,
1576 1993 1606 2015 ut
1619 1987 1654 2016 sit

930 2021 989 2050 lena
1004 2020 1185 2049 misericordia
1201 2029 1300 2059 nostra,
1315 2022 1384 2052 sicut
1404 2029 1431 2051 et
1445 2023 1494 2052 Dei
1506 2036 1516 2052 t
1532 2024 1592 2053 ideo
1609 2032 1653 2055 ta-

910 2031 964 2089 ihm
980 2059 1182 2089 aestimationem
1201 2071 1294 2090 eorum
1308 2063 1423 2101 provido
1441 2074 1561 2093 sermone
1580 2075 1654 2095 com-

910 2099 1024 2139 pescuit,
1042 2099 1152 2129 dicens:
1167 2100 1267 2130 Nolite
1283 2108 1415 2131 sanetum
1430 2103 1501 2132 dare
1517 2105 1650 2142 canibus,

910 2145 938 2168 et
952 2141 1126 2178 margaritas
1139 2146 1254 2169 vestras
1268 2141 1359 2170 nolite
1378 2144 1490 2171 mittere
1503 2150 1573 2172 ante
1583 2155 1651 2183 por-

910 2188 969 2207 cos.
988 2180 1026 2207 Ac
1038 2178 1061 2207 si
1072 2178 1154 2214 dicat,
1168 2178 1295 2209 Mandavi
1309 2180 1387 2210 vobis
1404 2180 1518 2219 diligere
1529 2183 1651 2213 inimicos

910 2224 1023 2252 vestros,
1033 2224 1060 2246 et
1071 2227 1123 2246 non
1140 2217 1256 2248 'udicare
1270 2229 1324 2255 eos,
1338 2226 1368 2249 ut
1382 2230 1429 2250 vos
1441 2221 1582 2251 exhibeam
1597 2223 1651 2250 mi-

911 2256 1056 2286 sericordes
1067 2256 1102 2286 ad
1117 2228 1190 2293 ilios,
1208 2264 1238 2287 ut
1252 2258 1421 2288 benefaciatis
1431 2260 1469 2288 eis
1480 2260 1513 2288 de
1524 2271 1650 2300 corpora-

910 2296 983 2325 libus
1000 2296 1104 2331 vestris,
1122 2306 1175 2326 non
1197 2296 1231 2326 de
1245 2298 1311 2326 meis
1332 2297 1538 2337 bspiritualibus
1561 2300 1649 2336 honis,

910 2335 1037 2374 quoniam
1050 2335 1077 2365 in
1090 2342 1184 2365 natura
1194 2336 1271 2366 vobis
1285 2347 1438 2366 communes
1459 2344 1531 2373 sunt,
1555 2345 1581 2366 et
1599 2348 1651 2366 non

911 2375 939 2404 in
959 2374 1023 2405 fide.
1042 2374 1171 2404 Mandavi
1192 2383 1281 2404 autem
1297 2376 1383 2411 vobis,
1407 2382 1435 2404 ut
1455 2385 1506 2403 non
1523 2376 1651 2415 judicetis

911 2424 966 2450 eos,
987 2413 1078 2453 quiin
1095 2414 1173 2445 vobis
1192 2414 1369 2454 peccaverint.
1385 2413 1417 2442 Id
1435 2424 1499 2442 vero
1519 2425 1569 2443 non
1592 2415 1652 2445 ideo

890 2453 1037 2494 *praecepi,
1063 2460 1094 2483 ut
1120 2453 1308 2493 mysteriorum
1331 2462 1450 2481 meorum
1475 2461 1574 2483 secreta
1599 2465 1652 2484 non

934 2532 949 2552 t,
965 2531 997 2558 V.
1008 2532 1031 2557 D
1053 2537 1079 2558 et
1087 2530 1158 2558 Edit-i
1169 2531 1195 2557 iu
1205 2538 1283 2563 marg.
1296 2530 1469 2565 spiritualibus
1478 2533 1583 2565 passim,
1593 2541 1655 2567 quo.

903 2579 980 2596 ntum.

1482 2603 1518 2631 53

1772 769 1812 789 (10-
