1890 2826
59 376 165 407 zat-54.
175 376 198 399 5.

65 662 201 686 Ῑ’,κίι1.32.6.

62 700 82 716 vt
98 701 147 717 [οι.
164 694 201 716 26.

64 797 132 819 llnbr.
148 803 166 818 ι.
179 796 201 818 3.

68 1021 129 1042 Rom.
140 1018 204 1049 4.17.

67 1158 173 1181 Luc.5.6.
183 1166 205 1188 7.

87 1303 211 1324 consensus

68 1334 187 1362 prophela-

69 1373 117 1386 rum
129 1369 151 1385 et
157 1372 198 1393 apo
206 1377 211 1381 ·

68 1396 183 1417 stolorum.

74 1632 126 1652 Luc.
138 1629 160 1652 5.
173 1636 207 1652 10.

212 168 283 213 474

209 237 307 266 laxari.
323 238 393 266 Cum
402 235 473 265 enim
481 235 560 264 verba
576 234 632 263 sine
647 233 774 274 operibus
787 233 954 263 demonstra-

210 284 281 314 tione
305 289 434 318 carerent,
450 281 589 321 oportebat
609 280 759 310 doctrinam
770 280 845 309 factis
858 280 957 309 confir-

209 340 282 359 mare
296 340 301 356 :
315 339 377 358 nam
386 330 443 358 Deo
451 327 572 367 jubente,
585 337 644 365 quae
654 325 778 366 nuspiam
783 326 957 365 reperiuntur

210 376 328 406 invenies
346 389 352 404 :
368 381 395 404 et
408 384 468 413 quac
481 384 534 402 non
552 380 626 410 sunt,
644 372 743 413 capies,
760 373 884 410 Laxata,
909 372 957 409 ait,

210 428 285 454 retia
297 430 407 453 vestra.
420 421 473 452 Cui
492 423 588 451 Petrus
604 432 611 448 ι
628 421 784 460 Magister,
802 430 854 459 per·
867 426 959 449 totam
976 432 993 455 B

211 477 324 500 noctem
333 470 511 504 laborantes,
526 468 602 496 nihil
612 468 749 506 cepimus,
761 467 814 496 sed
825 467 857 495 in
869 467 959 495 verbo

212 523 261 545 tuo
274 516 383 544 laxabo
393 521 463 544 rete.
479 513 606 542 Admiror
618 511 688 541 Petri
695 512 776 542 fidem
793 525 799 541 τ
816 512 862 551 qui
873 512 960 557 prima

211 562 348 602 desperata
370 561 490 596 haberet,
512 566 538 588 et
559 570 629 588 nova
650 558 768 588 crederet
785 570 791 585 ι
807 561 845 588 1η
867 560 958 588 verbo

214 617 262 639 zuo
272 610 380 638 laxabo
388 614 456 637 rete.
464 609 531 644 Cur,
542 609 559 636 1
561 618 580 636 n
587 608 678 636 verbo
688 613 748 643 tuo,
759 606 814 636 ait?
825 605 961 643 Quoniam

213 656 295 684 verbo
311 655 370 695 ejus
383 654 442 683 caeli
459 653 559 682 firmati
573 660 646 691 sunt,
661 659 687 682 et
704 659 774 682 terra
787 651 897 682 fundata
911 657 962 688 est,

214 712 286 730 mare
300 707 452 740 separatum
465 706 505 729 est
521 711 527 727 :
543 699 624 729 homo
644 698 762 740 propriis
776 698 831 728 suis
850 697 964 728 floribus

214 754 354 776 coronatus
373 753 423 783 est,
439 753 465 775 et
483 746 573 775 omnia
587 746 668 775 verbo
690 751 736 774 tuo
758 744 937 774 constiterunt
953 756 961 771 .-

214 801 243 822 nt
257 793 294 822 ait
305 793 423 822 Paulus:
441 793 498 832 Qui
506 798 605 831 portat
617 793 717 821 omnia
729 793 818 820 verbo
828 792 965 830 potentioe

213 850 283 868 suae.
298 841 336 867 In
344 839 435 867 verbo
448 845 497 868 tuo
510 838 619 867 laxabo
633 843 702 867 rete.
718 837 754 866 Et
767 836 882 866 verbum
893 834 967 865 illud

213 887 323 925 quidem
346 892 401 915 rete
424 884 582 914 antecessit:
596 895 645 913 nec
669 885 755 924 pisces
770 883 878 912 adsunt.
894 883 965 912 Nam

214 934 275 963 licet
287 932 445 966 adfuissent,
457 932 493 960 ob
504 931 651 960 tumultum
660 940 753 959 eorum
764 929 811 968 qui
825 928 966 969 piscaban-
981 935 1000 958 c

215 986 269 1014 tur,
283 978 396 1007 fuissent
409 977 518 1017 dilapsi.
535 976 588 1006 Sed
601 975 740 1006 descendit
759 975 874 1004 verbum
895 974 965 1014 ejus,

221 1025 281 1065 Qui
293 1029 382 1053 vocat
395 1034 431 1052 ea
443 1034 508 1062 quae
517 1033 577 1052 non
585 1029 663 1058 sunt,
679 1031 715 1050 ac
726 1023 750 1050 si
757 1028 864 1050 essent:
875 1026 968 1060 poten-

218 1072 253 1100 tia
268 1072 326 1110 ejus
339 1069 385 1108 qni
393 1069 516 1109 jubebat,
531 1068 607 1108 prius
621 1078 701 1106 quam
714 1074 768 1096 rete
784 1077 856 1095 mare
867 1066 965 1095 subiit:

218 1124 242 1146 et
257 1127 351 1156 magna
365 1115 408 1145 vis
428 1115 544 1156 piscium
564 1121 654 1144 coacta
670 1121 719 1143 est.
742 1114 835 1152 Imago
849 1113 906 1142 haec
918 1112 970 1141 fuit

219 1161 379 1191 universalis
389 1160 526 1190 Ecclesiae.
540 1161 729 1200 Rumpebatur
741 1166 809 1189 rete:
819 1166 971 1189 annuerunt

218 1209 306 1245 sociis,
332 1208 380 1246 qui
401 1208 429 1237 in
442 1207 495 1236 alia
509 1207 635 1236 navicula
645 1213 731 1240 erant,
757 1213 784 1235 ut
798 1205 931 1242 venirent,
945 1213 971 1235 et

219 1255 271 1285 sibi
280 1254 486 1284 auxiliarentur.
498 1253 647 1293 Oportebat
657 1253 728 1282 enim
738 1262 819 1281 naves
828 1251 895 1281 duas
906 1262 969 1281 con-

221 1312 328 1330 currere
341 1300 376 1329 ad
389 1300 465 1329 illam
487 1298 670 1338 piscationem.
685 1297 745 1327 Nisi
765 1297 836 1326 enim
850 1298 971 1337 prophe—

220 1355 309 1377 tarum
323 1347 421 1376 chorus
441 1345 596 1385 apostolicae
609 1344 701 1373 manui
714 1343 794 1378 adsit,
813 1351 838 1373 et
851 1343 969 1383 opitule-

220 1402 265 1424 tur
290 1405 296 1421 :
319 1400 344 1422 et
358 1393 409 1422 nisi
434 1391 550 1421 oraculis
572 1390 765 1431 prophetarum
789 1389 971 1429 apostolorum

222 1446 332 1470 eventus
354 1437 524 1478 respondeat,
540 1446 593 1465 non
614 1436 736 1476 capimus
757 1445 816 1474 qnae
828 1446 969 1465 venamur.

220 1487 313 1524 Itaque
327 1495 389 1513 cnm
400 1485 527 1514 Servator
545 1481 726 1511 demonstrare
741 1480 833 1518 vellet,
848 1481 917 1511 hanc
932 1482 973 1521 pi-

222 1531 364 1561 scationem
376 1530 520 1570 imaginem
533 1539 589 1558 esse
598 1527 736 1564 Ecclesiae,
750 1535 780 1557 ut
791 1529 900 1558 Petrum
910 1539 971 1557 eru-

223 1578 308 1616 diret;
322 1577 375 1606 hoc
388 1575 513 1615 exemplo
527 1575 599 1604 acuit
611 1581 637 1603 et
650 1574 771 1604 incitavit
785 1573 821 1602 ad
833 1574 970 1603 fortitudi-

222 1635 294 1661 nem,
309 1634 339 1652 ac
353 1622 423 1652 dicit
436 1622 499 1662 ipsi,
515 1622 561 1650 Ne
576 1627 699 1656 metuas,
714 1621 750 1648 ab
764 1621 819 1649 hoc
834 1626 971 1658 tempore,

223 1672 354 1700 homines
370 1671 425 1698 eris
437 1669 564 1707 capiens.
582 1666 632 1695 Ab
648 1667 702 1695 hoc
715 1672 853 1704 tempore,
864 1677 918 1704 quo
926 1677 973 1706 po<

221 1716 309 1746 tentiae
323 1726 388 1745 meae
399 1725 489 1744 coram
507 1713 585 1743 vobis
596 1712 749 1752 periculum
756 1713 856 1741 factum
870 1724 876 1740 :
893 1712 974 1751 idque

222 1763 300 1792 vobis
308 1761 444 1801 cognitum
450 1767 476 1790 et
485 1760 564 1800 plane
575 1765 742 1799 perspectum
750 1765 798 1794 est,
808 1757 888 1787 etiam
894 1758 974 1787 bruta

224 1809 307 1838 verbo
320 1817 379 1836 meo
386 1806 506 1842 obedire,
520 1804 663 1842 omniaque
678 1811 774 1833 nutum
781 1814 872 1832 meum
884 1804 970 1843 sequi.
989 1813 1007 1835 E

225 1856 283 1884 Hoc
296 1853 392 1883 idoneo
412 1851 537 1891 exemplo
551 1850 586 1879 ob
608 1849 702 1879 oculos
725 1849 823 1889 posito‚·
848 1849 974 1890 deinceps

225 1899 362 1940 capiendis
384 1897 540 1927 hominihus
565 1906 676 1935 operam
700 1895 771 1924 dato.
793 1896 887 1934 Neque
903 1896 975 1925 enim

226 1945 304 1982 dicit,
317 1944 439 1973 homines
448 1941 605 1983 piscaberis,
616 1940 663 1969 sed
677 1942 820 1970 Homines
829 1943 914 1971 vivos
925 1952 974 1971 ca-

226 1994 308 2031 piens
321 1993 385 2020 eris.
398 1988 540 2028 Siquidem
547 1987 632 2028 pisces
646 1987 704 2017 vivi
711 1987 746 2016 ad
761 1995 873 2017 mortem
887 1988 974 2017 solent

228 2039 287 2078 capi
298 2050 304 2069 ;
315 2038 436 2066 homines
445 2045 509 2065 vero
517 2034 671 2073 capiuntur,
689 2041 717 2062 ut
728 2045 743 2062 a
751 2041 835 2063 morte
844 2034 878 2063 ad
889 2034 974 2065 vitam

228 2092 362 2115 transeant
377 2095 383 2111 ι
400 2084 490 2122 itaque
503 2082 549 2118 ait,
562 2082 613 2110 Ab
629 2081 683 2110 hoc
698 2088 824 2120 tempore
843 2083 974 2111 homines

230 2134 285 2161 eris
300 2133 427 2171 capiens.
444 2127 498 2158 Sed
510 2139 559 2157 cur
571 2126 609 2155 ait
621 2126 675 2162 illi,
691 2128 738 2156 Ne
747 2134 859 2157 metuas
871 2128 884 2157 ἱ)
898 2129 975 2164 Esto,

233 2178 396 2218 promissum
415 2173 589 2214 splendidum
602 2173 697 2210 fuerit;
722 2183 770 2201 cnr
782 2173 896 2203 aittNe
917 2185 976 2204 me-

235 2226 324 2253 tuas?
338 2222 409 2259 Quia
423 2220 466 2249 illi
477 2220 505 2249 in
512 2227 626 2249 mentem
634 2218 707 2248 venit
720 2219 842 2259 priorum
857 2228 978 2260 peccato-

924 174 1057 196 INCERTI

1010 236 1137 270 λουθῆσαι
1158 235 1195 274 τῷ
1211 234 1281 275 λόγῳ
1296 235 1344 271 τὴν
1360 235 1402 264 διὰ
1415 237 1468 264 τῶν
1483 236 1565 275 ἔργων
1581 234 1727 269 ἀπόδειξιν·
1742 235 1782 264 ὅτι

1011 282 1081 311 Θεοῦ
1093 280 1280 317 κελεύσαντος,
1301 283 1345 311 καὶ
1359 282 1393 311 τὰ
1407 282 1444 321 μὴ
1461 281 1634 322 εὑρισκόμενα
1652 283 1788 320 θηρᾶται,

1011 328 1056 357 καὶ
1078 327 1112 357 τὰ
1133 327 1170 366 μὴ
1191 327 1254 357 ὄντα
1272 327 1456 366 λαμὸἄνεταιί
1473 327 1633 364 Χαλάσατε,
1648 327 1731 367 φησὶ,
1754 326 1789 356 τὸ

1012 374 1116 403 δίκτυον
1136 376 1218 412 ὑμῶν.
1234 374 1268 404 Ὁ
1291 374 1319 403 δὲ
1343 374 1445 414 Πέτρος
1461 373 1533 413 λέγει
1547 386 1553 392 ·
1567 373 1737 410 Ἐπιστάτα,
1752 373 1785 402 δι’

1013 420 1075 455 ὅλης
1089 422 1137 455 τῆς
1155 419 1247 454 νυκτὸς
1266 420 1440 453 κοπιάσαντες
1453 419 1527 450 οὐδὲν
1542 419 1683 458 ἐλάὸομεν,
1700 419 1743 448 ἐπὶ
1758 419 1785 448 δὲ

1013 468 1050 506 τῷ
1069 468 1107 506 σῷ
1123 466 1222 506 ῥήματι
1235 465 1346 506 χαλάσω
1360 466 1390 495 τὸ
1403 465 1515 495 δίκτυον.
1529 465 1668 504 Θαυμάζω
1681 463 1787 504 Πέτρου

1013 513 1061 549 τὴν
1085 513 1185 549 πίστιν,
1208 511 1242 541 τὰ
1263 514 1358 552 πρῶτα
1377 511 1620 551 ἀπογινώσκοντας,
1635 511 1680 540 καὶ
1693 510 1729 540 τὰ
1741 511 1788 541 νέα

1014 558 1191 592 πιστεύοντος.
1206 557 1270 588 Ἐπὶ
1284 560 1322 598 τῷ
1337 560 1376 597 σῷ
1391 557 1491 597 ῥήματι
1505 557 1617 597 χαλάσω
1630 557 1661 586 τὸ
1676 557 1789 587 δίκτυον.

1016 605 1067 634 Διὰ
1087 604 1113 634 τί
1134 599 1215 640 εἶπεν,
1235 603 1300 633 Ἐπὶ
1321 605 1358 643 τῷ
1373 605 1412 643 σῷ
1428 603 1543 644 ρήματι;
1555 603 1668 639 Ἐπειδὴ
1691 602 1735 632 ἐπὶ
1749 605 1791 643 τῷ

1017 651 1116 690 ῥήματι
1136 652 1215 679 αὐτοῦ
1230 649 1275 679 καὶ
1299 652 1313 679 ὁ
1333 649 1440 688 οὐρανὸς
1462 648 1626 688 ἐστερεώθη,
1646 649 1691 679 καὶ
1714 651 1731 685 ἡ
1754 651 1791 688 γῆ

1016 696 1194 736 ἐθεμελιώθη,
1215 696 1259 725 καὶ
1282 695 1402 725 θάλασσα
1420 694 1567 736 ἀφωρίσθη,
1589 695 1635 724 καὶ
1655 695 1790 734 ἄνθρωπος

1016 743 1121 776 οἰκείοις
1142 742 1244 772 ἄνθεσιν
1266 741 1443 781 ἐστεφανώθη,
1463 741 1508 770 καὶ
1528 740 1616 770 πάντα
1631 743 1670 781 τῷ
1687 743 1726 782 σῷ
1743 741 1789 781 ῥή-

1018 801 1081 828 ματι
1096 787 1264 824 συνέστηκεν,
1278 787 1314 820 ὥς
1332 799 1411 828 φησιν
1427 789 1440 816 ὁ
1457 788 1578 820 Παῦλος·
1595 786 1692 827 Φέρων
1710 799 1740 817 τε
1757 786 1794 816 τὰ

1015 835 1103 864 πάντα
1116 836 1154 874 τῷ
1166 833 1265 874 ῥήματι
1276 835 1324 869 τῆς
1334 834 1468 872 ’δυνάμεως
1480 834 1569 863 αὐτοῦ.
1580 833 1646 863 Ἐπὶ
1664 832 1691 862 δὲ
1702 835 1740 873 τῷ
1753 835 1793 873 σῷ

1017 882 1116 922 ῥήματι
1136 881 1248 921 χαλάσω
1262 880 1292 910 τὸ
1311 879 1426 909 δίκτυον.
1442 879 1602 920 Προκατέὸη
1623 882 1669 909 τοῦ
1686 879 1791 911 δικτύου

1017 929 1046 957 τὸ
1061 930 1133 968 ῥῆμα
1142 939 1148 945 ·
1163 928 1191 956 οὔ
1206 926 1328 966 πάρεισιν
1342 927 1366 955 οἱ
1381 925 1478 966 ἰχθύες.
1493 926 1547 956 Καὶ
1560 925 1611 966 γὰρ
1623 927 1647 955 εἰ
1657 929 1791 966 παρῆσαν,

1019 973 1062 1003 διὰ
1082 973 1131 1009 τὴν
1155 973 1266 1012 ὄχλησιν
1287 973 1339 1001 τῶν
1364 971 1529 1012 ἀγρευόντων
1550 972 1697 1012 διέφευγον.
1711 972 1793 1002 Ἀλλὰ

1019 1021 1134 1055 κατῆλθε
1146 1018 1176 1048 τὸ
1193 1021 1266 1059 ῥῆμα
1278 1018 1376 1048 ἐκείνου
1392 1021 1438 1048 τοῦ
1452 1019 1595 1052 καλοῦντος
1607 1018 1641 1048 τὰ
1658 1019 1696 1058 μὴ
1709 1018 1774 1048 ὄντα
1784 1041 1795 1055 ,

1020 1067 1055 1098 ὡς
1070 1065 1132 1095 ὄντα
1144 1077 1150 1083 ·
1169 1066 1336 1104 προκατῆλθε
1350 1067 1395 1094 τοῦ
1410 1064 1516 1094 δικτύου
1529 1066 1546 1100 ἡ
1562 1063 1671 1104 δύναμις
1683 1068 1730 1095 τοῦ
1744 1077 1791 1095 κε-

1021 1111 1179 1144 λεύσαντος·
1202 1110 1320 1150 συνήχθη
1341 1111 1440 1146 πλῆθος
1460 1110 1568 1150 ἰχθύων.
1589 1110 1678 1140 Εἶκὼν
1697 1107 1730 1147 ἦν
1748 1113 1795 1147 τῆς

1022 1159 1204 1196 οῖκουμενικῆς
1226 1156 1398 1200 Ἐκκλησίας.
1419 1156 1599 1197 Διερῥήγνυτο
1621 1157 1652 1187 τὸ
1671 1157 1775 1188 δίκτυον
1788 1171 1795 1176 ·

1022 1203 1129 1233 ἔνευσαν
1142 1205 1180 1243 τῷ
1199 1202 1284 1243 πλοίῳ
1304 1205 1343 1243 τῷ
1358 1203 1519 1243 συμμετόχῳ
1533 1205 1628 1238 ἐλθεῖν,
1648 1203 1714 1233 ’καὶ
1734 1216 1796 1234 συν-

1024 1250 1136 1289 άρασθαι
1154 1251 1250 1283 αὐτοῖς.
1262 1249 1338 1279 Ἔδει
1352 1249 1402 1288 γὰρ
1417 1249 1463 1278 δύο
1479 1249 1568 1290 σκάφη
1589 1251 1747 1291 συνδραμεῖν
1758 1252 1796 1284 εἷς

1023 1296 1072 1330 τὴν
1086 1296 1178 1335 ἄγραν.
1194 1295 1260 1325 Ἐὰν
1274 1296 1324 1335 γὰρ
1340 1295 1378 1333 μὴ
1391 1298 1464 1335 παρῇ
1480 1296 1558 1336 χορὸς
1571 1298 1713 1336 προφητῶν
1729 1299 1796 1337 βοη-

1024 1343 1074 1371 θῶν
1089 1343 1123 1381 τῇ
1139 1343 1301 1381 ἀποστολικῇ
1321 1341 1407 1381 χειρὶ,
1427 1342 1473 1371 καὶ
1488 1345 1520 1382 τῇ
1539 1346 1691 1383 προφητικῇ
1712 1345 1797 1384 προῤ-

1025 1387 1100 1427 ῥήσει
1115 1387 1151 1426 μὴ
1173 1387 1339 1426 ἀκολουθήσῃ
1360 1389 1412 1416 τῶν
1427 1388 1581 1417 ἀποστόλων
1595 1395 1613 1424 ὴ
1627 1389 1750 1425 ἔκὸασις,
1766 1391 1798 1419 οὐ

1025 1436 1136 1473 θηρᾶται
1160 1433 1194 1462 τὰ
1217 1432 1365 1473 θηρώμενα.
1391 1433 1533 1469 Βουληθεὶς
1556 1434 1643 1464 τοίνυν
1663 1438 1678 1464 ὃ
1700 1436 1797 1475 Σωτὴρ

1025 1479 1122 1516 δεῖξαι,
1137 1479 1176 1508 ὅτι
1190 1481 1207 1515 ἡ
1226 1481 1279 1508 τῶν
1302 1478 1400 1519 ἰχθύων
1416 1479 1484 1519 ἄγρα
1503 1480 1583 1510 εἰκών
1595 1482 1652 1510 ἐστι
1668 1482 1716 1516 τῆς
1730 1483 1797 1511 Ἐκ-

1023 1526 1154 1561 κλησίας,
1175 1525 1220 1554 καὶ
1238 1525 1376 1565 βουληθεὶς
1395 1526 1536 1555 παιδεῦσαι
1556 1526 1659 1566 Πέτρον
1678 1520 1719 1558 ’ἔτι
1730 1551 1741 1564 ,
1760 1530 1799 1568 τῷ

1023 1571 1196 1611 ὑποδείγματι
1206 1571 1291 1611 τούτῳ
1303 1571 1411 1612 ἤλειψεν
1424 1572 1502 1601 αὑτὸν
1517 1573 1553 1605 εἷς
1567 1572 1687 1612 ἀνδρείαν
1699 1574 1745 1603 καὶ
1757 1574 1798 1604 λέ-

1023 1629 1065 1657 γει
1090 1620 1173 1658 αὐτῷ,
1198 1617 1244 1653 Μὴ
1261 1617 1353 1657 φοὸοῧ,
1371 1617 1424 1647 ἀπὸ
1442 1621 1488 1646 τοῦ
1507 1621 1552 1647 νῦν
1577 1618 1729 1659 ἀνθρώπους
1751 1619 1798 1660 ἔσῃ

1025 1665 1140 1703 ζωγρῶν.
1161 1663 1225 1692 Ἀπὸ
1239 1666 1284 1692 τοῦ
1299 1666 1353 1698 νῦν,
1368 1664 1413 1703 ἀφ’
1425 1659 1464 1699 οὗ,
1481 1664 1571 1704 φησὶν,
1582 1665 1739 1705 ἐπειράσθης
1752 1668 1800 1702 τῆς

1026 1709 1169 1748 δυνάμεως,
1181 1710 1225 1739 καὶ
1235 1709 1330 1748 ἔμαθες
1339 1710 1379 1739 ὅτι
1390 1709 1435 1738 καὶ
1447 1709 1481 1738 τὰ
1490 1710 1573 1749 ἄλογα
1581 1711 1709 1740 ὑπακούει
1717 1711 1801 1752 λόγῳ,

1025 1756 1070 1785 καὶ
1082 1755 1170 1785 πάντα
1183 1755 1275 1785 ἕπεται
1288 1757 1327 1796 τῷ
1343 1757 1400 1796 ἐμῷ
1414 1755 1533 1794 νεύματι.
1548 1756 1646 1786 Λαὸὼν
1660 1759 1755 1796 ἀρκοῦν
1769 1758 1801 1787 τὸ

1025 1802 1181 1841 ὑπόδειγμα,
1193 1813 1213 1841 χ
1215 1803 1293 1840 ρ’ῆσαι
1302 1801 1394 1831 λοιπὸν
1405 1804 1438 1841 τῇ
1449 1801 1525 1841 θήρᾳ.
1542 1803 1594 1831 Καὶ
1605 1804 1652 1832 οὐκ
1664 1798 1745 1841 εἶπεν,
1754 1806 1799 1833 ἀν-

1026 1848 1144 1887 θρώπους
1158 1847 1206 1887 ἔσῃ
1222 1847 1342 1883 ἁλιεύων,
1357 1847 1434 1889 ἄλλα,
1446 1847 1609 1887 Ἀνθρώπους
1623 1849 1669 1889 ἔσῃ
1684 1851 1799 1890 ζωγρῶν.

1027 1893 1137 1929 Ἐπειδὴ
1149 1895 1172 1922 οἱ
1190 1893 1278 1933 ἰχθύες
1290 1893 1342 1922 ἀπὸ
1359 1895 1426 1929 ζωῆς
1443 1895 1479 1926 εἷς
1496 1893 1605 1924 θάνατον
1615 1893 1628 1911 ¹¹
1638 1895 1800 1926 ἁλιεύονται·

1026 1941 1050 1969 οἱ
1064 1939 1091 1968 δὲ
1104 1940 1235 1979 ἄνθρωποι
1247 1939 1300 1968 ἀπὸ
1311 1939 1422 1968 θανάτου
1437 1941 1473 1972 εἰς
1487 1939 1556 1975 ζωὴν
1567 1940 1729 1981 ἀγρεύονται·
1737 1942 1802 1972 Ἀπὸ

1026 1988 1071 2015 τοῦ
1086 1989 1142 2022 νῦν,
1162 1985 1255 2026 φησὶν,
1271 1985 1422 2025 ἀνθρώπους
1436 1985 1483 2024 ἔσῃ
1498 1987 1613 2026 ζωγρῶν.
1628 1987 1698 2017 εΔιὰ
1717 1988 1743 2017 τί
1757 1984 1801 2017 οὗν

1026 2032 1098 2070 λέγει
1119 2033 1205 2071 αὐτῷ,
1225 2030 1273 2067 Μὴ
1289 2031 1387 2070 φοὸοῧ;
1401 2030 1508 2068 Ἔστω,
1527 2034 1544 2068 ἡ
1557 2032 1703 2072 ἐπαγγελία
1717 2034 1802 2070 καλὴν

1028 2072 1099 2117 εἶχεν
1109 2077 1169 2117 ὄψιν
1182 2089 1188 2095 ·
1205 2077 1248 2106 διὰ
1257 2077 1283 2107 τί
1297 2073 1352 2113 οὖν,
1365 2076 1413 2114 Μὴ
1428 2077 1641 2118 φοὸοῦ;Ἐπειδὴ
1654 2080 1802 2120 προσέπεσε

1028 2126 1061 2163 τῇ
1087 2123 1179 2163 μνήμῃ
1192 2125 1244 2153 τῶν
1263 2123 1375 2164 πρώτων
1397 2123 1615 2167 ἅμαρτημοίτωνῖ
1635 2124 1684 2161 Μὴ
1704 2126 1803 2166 paeon,

1032 2169 1112 2210 φησὶ,
1127 2170 1233 2206 σαυτὸν,
1248 2171 1284 2204 ὣς
1297 2170 1466 2209 ἁμαρτωλὸν,
1482 2170 1551 2200 ἀλλὰ
1563 2171 1654 2200 λοιπὸν
1668 2172 1721 2202 νόει
1735 2184 1803 2202 σαυ-

1031 2215 1074 2244 τὸν
1089 2218 1124 2250 ὣς
1135 2216 1291 2252 ἀπόστολον,
1305 2215 1404 2256 ῥήματι
1415 2217 1564 2257 δεσποτικῷ
1576 2218 1744 2257 κελευόμενος
1749 2218 1803 2255 «τὴν

233 2281 305 2307 rum,
312 2268 446 2299 Dominus
458 2267 511 2296 ait:
524 2266 570 2295 Ne
578 2271 688 2294 metuas
695 2272 721 2294 te
732 2265 977 2305 ipsum‚tamquam
987 2286 1022 2307 40⁶
1033 2262 1188 2302 Οἰκουμένην
1210 2265 1379 2302 σαγηνεῧσαι.
1403 2261 1451 2298 Μὴ
1467 2262 1560 2302 φοὸοὖ,
1582 2268 1634 2297 πᾶς
1649 2264 1805 2304 ἁμαρτωλὸς

234 2322 398 2356 peccatorem
412 2326 420 2343 ι
435 2312 483 2342 sed
495 2311 620 2350 deinceps
645 2310 762 2350 teipsum
783 2312 934 2342 consideres
949 2320 978 2342 ut
997 2317 1015 2338 A
1034 2308 1106 2349 παρὰ
1119 2309 1236 2349 Χριστοῦ
1258 2308 1375 2338 ἀκουέτω
1388 2320 1395 2326 ·
1415 2307 1462 2344 Μὴ
1477 2308 1558 2349 φοὸοῦ
1569 2321 1576 2327 ·
1592 2308 1670 2348 μόνον
1689 2309 1742 2339 ἀπὸ
1758 2313 1804 2340 τοῦ·

235 2361 397 2402 apostolum,
423 2358 470 2398 qui
495 2357 630 2387 dominico
651 2356 764 2396 imperio
789 2358 882 2387 orbem
902 2360 977 2397 quasi

237 2418 332 2447 sagena
355 2404 497 2445 complecti
514 2402 627 2443 juberis.
647 2403 723 2432 Hanc
735 2413 840 2440 vocem,
853 2405 902 2433 Ne
921 2416 978 2434 me-

239 2459 315 2490 tuas,
339 2449 455 2489 quisqne‘
474 2459 508 2478 ex
521 2447 629 2478 Christo
650 2446 742 2476 audiat
749 2458 757 2485 ;
781 2448 826 2475 Ne
841 2455 975 2478 metuas.-

272 2552 282 2563 ι·
300 2544 370 2568 Unus
382 2545 419 2568 καὶ
433 2543 578 2567 musicem
593 2542 673 2568 αὐτοῖς.

274 2585 285 2602 Ι)
304 2582 345 2607 Sic
358 2581 408 2606 duo
419 2581 488 2610 Mss.,
502 2578 590 2604 melius
600 2586 675 2611 qnam
687 2577 756 2602 Editi
767 2580 886 2607 ἠλιεὺοντο.

1034 2358 1079 2384 νῦν
1100 2354 1268 2394 μετανοείτω.
1281 2355 1322 2384 Τὸ
1337 2354 1422 2384 τοίνυν
1438 2354 1551 2390 δίκτυον,
1562 2355 1606 2384 ἵνα
1620 2357 1656 2389 εἷς
1674 2355 1722 2391 τὴν
1736 2367 1802 2396 προ-

1035 2401 1165 2430 λαὸοῧσαν
1183 2401 1249 2431 ἔλθω
1264 2400 1428 2437 ἀκολουθίαν,
1442 2400 1519 2430 εἰκών
1534 2402 1591 2431 ἐστι
1604 2403 1651 2437 τῆς
1665 2393 1803 2441 εὐαγγελι-

1034 2453 1082 2486 κῆς
1092 2454 1137 2480 τοῦ
1149 2452 1274 2491 Σωτῆρος
1285 2450 1463 2484 διδασκαλίας.
1474 2450 1514 2480 Τὸ
1526 2450 1554 2480 δὲ
1567 2450 1717 2490 εὐαγγέλιον
1727 2454 1804 2481 τοῦτο

1077 2550 1086 2560 c
1105 2543 1198 2567 Omnes
1213 2543 1271 2567 Mss.
1287 2545 1346 2569 διατὶ
1356 2545 1400 2569 οὖν.
1415 2542 1595 2575 [Omittebatur
1608 2545 1644 2569 οὖν
1662 2545 1686 2568 in
1700 2543 1803 2578 lidius]

1045 2581 1112 2605 Infra
1125 2587 1246 2616 προσέπεσε
1258 2581 1316 2613 (Ῑιιο,
1332 2587 1405 2607 recte.
1417 2581 1556 2614 [Edcbatur
1567 2583 1724 2616 ultorium-om]
