1890 2826
771 195 804 218 IN
833 194 899 217 DAN
906 193 1007 216 [ELEM
1013 208 1021 216 .

117 275 174 300 σας,
187 265 203 294 ὁ
217 263 301 302 μάννα
321 261 440 296 σπείσας,
457 262 472 290 ὁ
485 259 530 290 τὸν
542 257 612 289 Θεὸν
631 256 701 287 οὕτω
713 258 811 296 τιμῶν,
834 256 880 285 καὶ

115 314 253 355 θαυμάσας
276 313 322 343 καὶ
343 302 560 352 ὑπερεκπλαγεὶς,
582 305 666 347 οὗτος,
693 308 752 338 οὐδὲ
778 310 880 348 μακροῦ

114 366 288 407 παρελθόντος
294 364 400 406 χρόνου,
412 364 505 398 εὐθέως
516 363 560 393 ἐπὶ
573 361 621 398 τὴν
630 359 760 402 προτέραν
774 359 882 400 ἐπανέρ-

114 414 192 463 xerat
202 417 319 455 πλάνην;
334 418 430 450 Καλῶς
440 428 478 454 γε.
489 417 529 446 Οὐ
543 415 595 456 γὰρ
610 414 687 444 αὗτὸν
698 412 882 449 κατεπλήξατε

116 475 170 505 τοῖς
181 470 299 510 σημείοις
311 482 318 489 ·
332 470 391 500 ἀλλ’
404 468 478 499 οὐδὲν
496 467 596 498 τούτων
609 465 757 503 ἐνενόησαν,
778 466 836 495 ἀλλ’
855 464 883 494 ἓν

116 523 195 563 μόνον
209 525 316 563 ὁρῶσιν,
328 522 399 555 ὅπως
412 520 515 561 γυμνὴν
529 520 577 557 τὴν
591 519 716 556 ἀλήθειαν
731 517 883 559 παρακατά-

115 579 223 611 (θωνται.
234 574 345 611 Ἐπειδὴ
363 573 414 614 γὰρ
426 573 475 610 τὴν
485 572 563 602 πόλιν
577 568 630 602 εἷλε
643 571 724 610 (τότε
737 571 789 612 γὰρ
801 570 883 607 αὐτὴν

114 616 181 665 ὧι,
192 628 237 658 καὶ
247 629 330 663 αὐτῆς
342 626 448 667 ἐκράτει
457 626 477 666 ),
490 625 586 662 ἔστησε
597 625 646 662 τὴν
660 624 759 661 εἰκόνα,
774 624 837 658 ἴσως
848 625 885 657 εἷς

114 683 198 720 τῦφον
218 679 314 720 ἀρθείς.
336 680 362 709 Τ
365 678 416 712 ινές
434 690 523 719 φασιν,
543 680 585 708 ὅτι
603 679 651 714 τῆς
670 677 767 711 εἰκόνος
784 676 885 712 ἐκείνης

119 731 286 772 μεμνημένος
306 733 355 768 τῆς
377 733 404 762 ἐν
426 735 480 766 τοῖς
502 730 609 771 ὀνείροις
624 731 696 769 αὖτῷ
717 728 864 769 δειχθείσης
877 740 885 747 ·

118 784 194 815 ἄλλοι
219 784 248 814 δὲ
268 784 399 824 λέγωσιν,
421 783 462 813 ὅτι
483 785 520 817 εἷς
541 782 615 817 θεοὺς
633 782 725 812 ἑαυτὸν
744 782 885 821 ἀναγαγεῖν

119 837 287 878 βωλόμενος.
301 837 356 868 Καὶ
373 836 424 877 γὰρ
437 836 537 873 ταύτην
551 831 623 876 εἶχον
637 834 778 874 ἐπιθυμίαν
792 835 817 864 οἱ
830 846 886 864 πα-

118 880 199 926 λαιοὶ,
211 890 280 921 ὥστε
292 887 444 930 νομίζεσθαι
455 888 518 927 θεοὶ,
529 888 648 929 καθάπερ
661 890 676 918 ὁ
690 887 819 921 διάὸολος.
832 886 886 917 Καὶ

119 941 168 982 ὅρα
174 942 224 978 τὴν
231 942 350 972 ineam.
359 941 444 982 Ἀφεὶς
452 943 563 977 ποιῆσαι
572 939 664 970 ἑαυτὸν
673 942 886 980 προσκυνεῖσθαι,

118 993 168 1030 τὴν
178 993 267 1024 εἰκόνα
281 993 388 1031 ἐποίησε
398 996 613 1034 προσκυνεῖσθαι,
628 993 659 1022 ἔκ
671 993 770 1022 πολλοῦ
781 995 828 1021 τοῦ
839 1003 887 1021 πε-

120 1046 219 1087 ριόντος
229 1049 308 1077 τοῦτο
317 1047 515 1076 κατασκευάσαι
528 1039 693 1088 βουλόμενος,
705 1044 799 1085 καὶτῷ
813 1043 889 1084 μεγέ·

119 1101 169 1135 θει,
178 1099 224 1128 καὶ
236 1100 275 1138 τῷ
288 1100 334 1128 τοῦ
346 1098 469 1137 σώματος
479 1097 550 1138 ὄγκῳ
560 1095 728 1132 καταπλῆξαι
739 1095 831 1132 θέλων,
843 1094 889 1125 καὶ

121 1151 174 1181 ἀπὸ
186 1153 232 1181 τοῦ
246 1151 328 1181 τόπου
341 1151 431 1181 πάλιν.
442 1151 490 1182 Ἐν
503 1150 690 1196 τόπῳ-Δεηρᾷ,
705 1149 779 1190 φησί.
789 1149 890 1180 ’Υπιον

122 1203 156 1241 [l.
172 1203 278 1242 ὕπτιον]
292 1203 355 1237 ἴσως
368 1199 400 1240 ἦν
410 1202 441 1233 τὸ
453 1202 552 1232 πεδίον.
567 1202 644 1232 Εἰσὶν
656 1202 746 1242 ἄνδρες
757 1202 889 1237 Ἰουδαῖοι,
907 1213 927 1239 c

121 1255 166 1289 οὓς
190 1255 356 1292 κατέστησας
379 1254 425 1286 ἐπὶ
446 1254 482 1285 τὰ
508 1254 572 1295 ἔργα
585 1255 751 1291 Βαὸυλῶνος,
774 1254 889 1294 Σεδρὰχ)

122 1307 226 1348 Μισὰχ,
237 1306 393 1346 Ἀὸδεναγώ.
405 1308 442 1337 Oi
455 1307 546 1347 ἄνδρες
558 1308 652 1336 ἐκεῖνοι
663 1307 714 1346 οὗχ
727 1305 889 1353 ὑπήκουσαν,

121 1361 241 1400 βασιλεῦ,
253 1361 292 1400 τῷ
306 1359 420 1399 δόγματί
435 1371 492 1396 σου,
507 1358 552 1388 καὶ
571 1362 626 1392 τοῖς
649 1361 716 1392 θεοῖς
735 1369 780 1387 σου
795 1359 824 1387 οὗ
837 1358 890 1387 λοι-

121 1413 266 1454 τρεύουσιν,
278 1411 324 1456 καὶ
333 1410 368 1453 τῇ
382 1411 462 1442 εἰκόνι
473 1414 507 1452 τῇ
515 1413 602 1452 χρυσῇ
613 1407 632 1450 ἦ
644 1410 758 1448 ἔστησας
768 1412 797 1440 οὔ
807 1422 890 1451 προσ·
904 1448 913 1457 l

121 1467 236 1496 κυνοῢσι.
260 1466 331 1496 Τότε
350 1463 583 1505 Ναὸουχοδονόσορ
604 1464 631 1492 ἐν
655 1464 730 1503 θυμὶζ)
753 1462 798 1492 καὶ
823 1463 889 1502 ὀργῇ

122 1513 194 1549 εἶπεν
218 1519 325 1559 ἀγαγεῖν
345 1517 390 1548 τὸν
411 1517 527 1558 Σεδρὰχ,
548 1516 645 1556 Μισὰχ
666 1515 712 1545 καὶ
733 1515 890 1554 Ἀὅδεναγώ,

121 1570 187 1605 Πῶς
206 1572 220 1600 ὁ
233 1569 336 1607 Δανιὴλ
359 1570 471 1601 ἐνταῦθα
490 1570 520 1599 οὗ
540 1568 674 1609 φαίνεται,
688 1571 699 1584 “
711 1567 792 1607 Ἐμοὶ
811 1568 891 1605 δοκεῖ,

124 1622 284 1663 φοὸούμενος
304 1620 418 1655 ἐκείνους
438 1620 475 1660 μὴ
498 1621 670 1660 καταγγεῖλαι
691 1620 787 1656 αὐτὸν,
808 1619 826 1655 ἢ
847 1619 891 1650 τὸν

126 1673 238 1714 βασιλέα
257 1673 410 1713 αἰδούμενον
433 1671 471 1711 μὴ
490 1671 650 1711 ἀναγκάσαι,
669 1670 738 1700 ὥστε
761 1670 799 1710 μὴ
821 1671 891 1711 ἔχειν

125 1725 271 1766 κατήγορον
285 1724 408 1765 φανερόν.
419 1722 433 1739 ¹'
442 1723 520 1756 Τινὲς
531 1722 560 1752 δέ
573 1734 664 1763 φασιν,
679 1722 770 1758 ἐπειδὴ
785 1722 893 1752 Βαλτά-

127 1790 177 1819 σαρ
191 1779 310 1808 ὶκαλεῖτο
322 1789 330 1796 ·
342 1777 374 1807 τὸ
393 1776 420 1806 δὲ
443 1776 526 1815 ὄνομα
544 1778 626 1805 τοῦτο
647 1777 694 1804 τοῦ
716 1774 824 1804 εἰδώλου
846 1777 892 1804 τοῦ

122 1832 191 1871 παρ’
213 1832 301 1864 αὐτοῖς
318 1826 361 1866 ἥν.
378 1828 413 1859 Ὁ
425 1828 495 1862 Θεὸς
508 1824 552 1858 οὖν
567 1827 720 1869 ᾠκονόμησε
736 1827 774 1867 μὴ
789 1827 894 1867 ἔμὸλη-

127 1886 204 1920 θῆναι
217 1884 254 1917 εἷς
266 1881 316 1919 τὴν
336 1881 456 1920 κάμινον,
479 1880 548 1910 ὥστε
569 1879 607 1919 μὴ
622 1882 656 1920 τῇ
668 1879 832 1920 προσηγορίᾳ
845 1879 893 1916 τὴν

127 1936 203 1978 ἰσχὺν
217 1935 370 1976 ἐπιγράψαι,
384 1933 429 1964 καὶ
443 1933 586 1974 διαφυγεῖν.
601 1932 638 1963 Τί
651 1928 696 1963 οὖν
707 1934 732 1962 οἱ
745 1937 815 1974 τρεῖς
828 1937 893 1962 παῖ-

127 1992 186 2028 δες;
200 1984 327 2020 Μάλιστα
342 1987 390 2027 μὲν
411 1987 463 2027 γὰρ
476 1986 585 2027 ἔμελλον
603 1986 649 2017 καὶ
662 1985 736 2017 αὖτοὶ
750 1985 894 2026 διελέγχειν

122 2042 158 2075 ,τὸ
169 2047 290 2083 πρᾶγμα.
302 2039 438 2077 Πλὴν’ἐπὶ
451 2042 499 2076 τῆς
511 2039 682 2080 προῤῥήσεως
694 2041 751 2072 πῶς
764 2039 813 2068 οὔκ
824 2040 895 2079 ᾠκο-

122 2093 228 2134 »dp-‘noe
241 2096 318 2123 τοῦτο
329 2094 343 2121 ὁ
352 2092 435 2129 Θεός;
445 2091 591 2122 Διέὸαλλον
604 2090 698 2125 αὐτοὺς
710 2093 735 2121 οἱ
748 2092 878 2121 Χαλδαῖοι
887 2103 894 2110 ·

122 2146 216 2176 πολλὰ
225 2145 277 2186 γὰρ
285 2147 303 2182 ἡ
315 2145 445 2185 βασκανία
457 2148 537 2174 ποιεῖ.
551 2146 611 2175 Οὐκ
624 2143 714 2184 ἔφερον
726 2143 787 2178 τοὺς
798 2145 897 2184 αἰχμα-

130 2198 230 2232 λώτους
247 2201 407 2239 κρατοῦντας
421 2199 506 2228 αὐτῶν
529 2199 650 2238 ὁρῶντες.
665 2196 735 2227 Ἀλλ’
759 2196 816 2237 ὅρα.
840 2198 897 2226 Κα-

125 2249 216 2290 θάπερ
231 2241 274 2279 ἐπὶ
286 2251 332 2279 τοῦ
350 2249 460 2287 Δανιὴλ,
473 2249 600 2290 πρότερον
620 2249 716 2288 ἔμαθον
739 2250 817 2278 αὐτοῦ
838 2247 897 2281 τοὺς

124 2302 244 2343 -τρόπους
256 2302 301 2332 καὶ
314 2301 362 2339 τὴν
380 2301 531 2339 ἐπιείκειαν,
549 2300 594 2332 καὶ
614 2301 673 2331 τότε
686 2302 720 2331 τὰ
734 2305 832 2340 σημεῖα
846 2301 897 2330 ἑώ-

167 2414 179 2427 ¹
195 2405 253 2440 ἐμοὶ
265 2409 331 2437 δοκεῖ,
345 2407 485 2442 ροὸοὑμενος.
499 2405 570 2430 '‘ch
581 2406 682 2430 omnino
698 2404 830 2438 legendum
850 2416 890 2440 po-

136 2449 260 2480 ὥυμένους.
275 2444 410 2470 cotelerius
428 2453 498 2477 vero,
516 2445 562 2479 qui
576 2444 604 2469 id
623 2452 678 2468 non
699 2443 889 2473 animadvertit,

135 2491 212 2511 totum
223 2485 304 2510 locum
320 2486 357 2509 sic
369 2484 542 2518 interpretatu:
559 2489 595 2508 est
608 2490 612 2504 =
626 2482 688 2508 Mihi
704 2481 803 2509 videtur
821 2481 891 2508 illum

135 2525 242 2551 veritum
259 2533 319 2556 esse,
331 2522 369 2549 vel
388 2530 416 2548 ut
426 2522 539 2548 Chaldaei
554 2524 634 2556 ipsum
652 2521 840 2554 denuntiarent,
852 2522 892 2548 vel

138 2569 166 2588 ut
176 2570 218 2588 rex
228 2563 364 2589 reverentia
379 2561 503 2587 adductus
515 2560 585 2586 'illum
597 2566 706 2595 cogeret,
719 2560 757 2586 iel
769 2566 797 2586 ut
808 2561 890 2586 mani-

138 2602 229 2628 festum
235 2601 340 2628 haberet
348 2603 526 2627 accusatorem.
539 2599 592 2627 Sed
597 2609 723 2634 perperam
732 2599 785 2625 hoec
797 2601 891 2631 omnia,-

1613 178 1674 213 251

939 262 979 285 set
992 254 1126 294 flagitium
1146 255 1217 294 regis
1239 253 1398 284 revelasse?
1419 252 1493 289 Quid
1516 252 1608 282 dicis?
1631 253 1679 283 ille

939 301 988 340 qui
1002 300 1135 337 adoravit,
1151 301 1198 340 qui
1220 310 1317 330 manna
1332 299 1440 336 libavit,
1453 300 1501 338 qui
1511 301 1598 329 Deum
1612 300 1678 330 adeo

937 344 1092 382 honoravit,
1116 348 1162 387 qui
1177 347 1326 377 admiratus
1346 353 1396 383 est,
1415 353 1441 376 et
1466 358 1548 386 supra
1567 348 1679 377 modum

937 393 1089 434 obstupuit,
1109 394 1200 430 illene,
1221 405 1270 424 nec
1282 394 1361 433 longo
1371 400 1491 433 tempore
1505 394 1607 433 elapso,
1622 401 1679 423 sta—

936 440 987 470 tim
999 439 1034 469 ad
1042 440 1160 480 priorem
1174 440 1315 471 revertitur
1327 439 1467 468 errorem?
1481 439 1596 468 Pulchre
1604 450 1676 469 sane.

937 487 998 517 Non
1011 487 1083 517 enim
1099 498 1162 516 eum
1182 487 1265 527 signis
1283 486 1495 527 obstupefecistis
1509 498 1517 515 .-
1534 497 1594 516 nam
1611 487 1680 516 nihil

938 532 1037 563 horum
1060 534 1210 574 cogitarunt
1220 535 1349 574 juvencs;
1364 541 1391 564 at
1405 544 1490 563 unum
1511 534 1682 564 solummodo

939 588 1125 621 respexerunt,
1141 580 1276 620 quomodo
1294 581 1433 610 veritatem
1444 580 1544 610 nudam
1561 580 1680 621 depone-

903 630 922 653 B
938 633 1009 656 rent.
1030 628 1174 666 Postquam
1196 627 1268 656 enim
1286 627 1334 656 ille
1354 627 1450 656 urbem
1473 634 1578 667 ceperat
1599 632 1683 664 (tune

939 674 1042 713 quippo
1064 672 1260 713 Jercsolymam
1284 669 1462 713 expugnavit,
1482 681 1509 703 et
1522 673 1569 702 illa
1582 674 1683 714 potitus

940 726 981 749 est
993 722 1014 757 ),
1030 718 1116 749 erexit
1129 719 1284 759 imaginem,
1296 720 1364 749 forte
1377 719 1406 748 in
1422 719 1575 760 superbiam
1586 720 1681 750 elatus.

941 763 1181 804 Quidam'dicunt,
1202 766 1276 805 quod
1287 766 1412 806 imaginis
1422 766 1498 796 illius
1518 767 1683 805 recordatus,

938 823 1001 852 quae
1028 813 1080 853 ipsi
1099 814 1126 841 in
1150 811 1250 842 somnis
1269 818 1373 841 ostensa
1397 813 1504 842 fuerat:
1528 813 1575 841 alii
1595 821 1684 843 autem

935 859 1029 897 aiunt,
1052 858 1126 898 quod
1139 859 1257 899 seipsum
1276 858 1303 887 in
1317 858 1381 888 deos
1402 859 1499 888 referre
1520 859 1621 889 volens.
1633 860 1683 889 Et-

942 905 1015 935 enim
1027 905 1080 935 hoc
1092 904 1227 935 desiderio
1239 905 1398 934 tenebantur
1405 905 1520 944 antiqui,
1532 911 1562 934 ut
1574 905 1614 935 dii
1627 917 1685 936 cen-

943 959 1075 990 serentur,
1094 953 1164 981 sicut
1182 951 1319 981 diabolus.
1346 952 1382 981 Et
1408 950 1472 981 vide
1484 951 1597 981 exitum.
1615 953 1687 982 Cum

943 998 1076 1027 omisisset
1086 997 1196 1038 jubere,
1218 1003 1247 1026 ut
1267 997 1357 1036 ipsum
1380 996 1532 1035 adorarent,
1547 998 1634 1028 effecit
1656 1007 1686 1029 ut

942 1043 1033 1083 imago
1045 1054 1094 1073 sua
1115 1043 1283 1080 adoraretur,
1297 1053 1332 1072 cx
1343 1043 1428 1072 multa
1444 1054 1534 1073 rerum
1545 1044 1686 1075 abundau-

944 1090 981 1119 tia
991 1089 1021 1119 id
1037 1090 1167 1120 conficere
1177 1089 1281 1127 volenS,
1292 1095 1318 1118 et
1333 1089 1517 1129 magnitudine
1538 1098 1618 1130 atque
1628 1102 1687 1121 cor-

944 1136 1019 1177 poris
1035 1136 1106 1166 mole
1116 1136 1227 1176 cupiens
1239 1135 1400 1176 percellere,
1425 1146 1456 1171 ac
1481 1147 1575 1167 rursus
1586 1148 1601 1166 a
1614 1138 1685 1167 loeo.

945 1186 984 1212 In
1009 1183 1074 1212 loco
1101 1183 1215 1220 Deera,
1237 1182 1335 1221 inquit.
1367 1184 1484 1223 Campus
1503 1191 1560 1213 erat
1576 1184 1687 1214 fortasse

944 1224 1065 1259 acclivis.
1081 1230 1130 1258 12.
1146 1228 1219 1257 Sunt
1229 1228 1291 1258 viri
1301 1229 1410 1264 Judaei,
1422 1239 1494 1270 quos
1509 1233 1687 1261 constituisti

944 1285 1030 1314 super
1038 1284 1127 1319 opera
1141 1274 1318 1315 Babylonis,
1331 1275 1507 1312 Sedrachus,
1522 1278 1686 1314 Misachns,

944 1321 1122 1361 Abdenago.
1137 1321 1200 1350 Vin·
1211 1321 1259 1363 itti
1271 1331 1332 1350 non
1359 1322 1541 1360 obedierunt,
1556 1334 1619 1361 rex,
1636 1326 1687 1353 de-

944 1367 1023 1398 creto‘
1038 1374 1098 1405 tuo,
1122 1374 1151 1397 et
1163 1368 1233 1398 deos
1245 1374 1310 1398 tuos
1324 1378 1383 1397 non
1397 1369 1517 1407 colunt,
1537 1377 1565 1400 et
1586 1372 1689 1412 imagi-

945 1425 1011 1444 nem
1039 1424 1159 1444 auream
1185 1425 1275 1454 quam
1296 1415 1427 1444 statuisti
1458 1426 1517 1445 non
1549 1418 1687 1448 adorant.

946 1463 996 1492 15.
1013 1462 1093 1492 Tunc
1103 1462 1376 1491 Nabuchodonosor
1388 1464 1419 1491 in
1429 1463 1538 1503 surore
1549 1470 1576 1492 et
1590 1465 1689 1493 iradi-

945 1511 1042 1546 xit,ut
1068 1509 1250 1539 adducerent
1271 1510 1462 1546 Sedrachum,
1482 1512 1649 1541 Misackum
1662 1519 1691 1541 ct

946 1556 1191 1596 Abdenagonem.
1207 1555 1351 1593 Quomodo
1361 1556 1407 1586 hic
1418 1567 1472 1586 non
1485 1566 1620 1598 comparet
1631 1561 1689 1589 Da—

946 1602 1000 1632 niel
1011 1602 1027 1631 ?
1053 1602 1126 1632 Mihi
1157 1602 1278 1639 videtur,
1305 1601 1446 1632 Chaldaeos
1470 1610 1616 1634 metuentes
1635 1615 1688 1635 non

946 1647 1037 1688 ipsum
1047 1647 1229 1684 denuntiasse,
1237 1648 1282 1677 vel
1293 1658 1382 1688 rogem
1390 1649 1690 1680 reverentiaadductum

946 1693 1026 1723 illum
1037 1704 1090 1723 non
1104 1693 1231 1732 coegisse,
1243 1703 1277 1722 nc
1298 1693 1468 1723 manifestum
1490 1694 1600 1724 haberet
1612 1707 1691 1725 accu-

948 1746 1072 1769 satorem.
1089 1738 1208 1776 Quidam
1231 1749 1295 1769 νει-ο
1321 1738 1433 1777 dicunt,
1452 1740 1515 1778 quia
1543 1742 1690 1771 vocabatur

948 1787 1070 1816 Baltazar
1085 1799 1092 1815 :
1107 1786 1137 1815 id
1148 1792 1238 1815 autem
1251 1795 1346 1815 nomen
1367 1793 1422 1816 erat
1445 1786 1512 1816 idoli
1525 1787 1599 1826 quod
1617 1789 1691 1828 apud

912 1838 932 1861 D
949 1833 1113 1874 Babylonios
1133 1833 1282 1862 colebatur.
1297 1833 1370 1862 Deus
1384 1832 1467 1873 igitur
1488 1833 1608 1873 providit
1619 1842 1650 1864 ut
1662 1836 1689 1865 in

949 1880 1083 1909 fornacem
1106 1888 1159 1908 non
1177 1878 1336 1915 mitteretur,
1353 1888 1387 1908 ne
1409 1879 1510 1908 scilicet
1527 1879 1625 1917 virtus,
1637 1892 1690 1920 qua

949 1925 1103 1965 periculum
1123 1924 1259 1955 vitaturus
1276 1931 1344 1962 erat,
1358 1924 1382 1954 ei
1400 1925 1503 1954 nomini
1525 1925 1691 1957 adscribere-

950 1979 1004 2002 tur.
1021 1971 1098 2010 Quid
1115 1971 1199 2012 igitur
1221 1977 1274 2001 tres
1293 1971 1394 2012 pueri?
1421 1972 1541 2003 Maxime
1567 1973 1692 2013 equidem

950 2020 1002 2061 ipsi
1015 2028 1123 2060 quoque
1142 2030 1201 2049 rem
1214 2019 1377 2049 confutaturi
1401 2027 1485 2050 crant.
1507 2022 1639 2051 Caeterum
1663 2022 1691 2050 in

951 2067 999 2096 illa
1021 2066 1194 2107 praedictione
1217 2065 1350 2110 superiori
1360 2066 1502 2106 'quomodo
1520 2069 1594 2098 Deus
1620 2068 1692 2098 idem

951 2123 1005 2142 non
1024 2112 1189 2153 disposuit?
1209 2111 1429 2142 criminabantur
1453 2112 1517 2143 illos
1547 2113 1667 2144 Chaldaei
1683 2126 1690 2142 :

952 2159 1101 2200 plurimum
1117 2159 1189 2189 enim
1202 2165 1289 2198 potest
1310 2158 1424 2189 invidia.
1442 2160 1525 2189 Ferre
1543 2169 1595 2189 non
1613 2167 1688 2201 potc—

952 2212 1011 2244 rant
1022 2205 1142 2246 captivos
1154 2204 1221 2244 ipsis
1233 2204 1393 2244 imperantes
1405 2205 1534 2245 aspicere.
1542 2205 1597 2236 Sed
1614 2206 1686 2236 vide.

951 2251 1028 2283 Sicut
1038 2252 1066 2281 in
1078 2251 1201 2288 Daniele,
1214 2250 1290 2292 prius
1308 2247 1462 2280 didicerunt
1476 2251 1551 2281 illius
1564 2262 1650 2281 mores
1662 2263 1693 2282 ac

952 2300 1194 2336 mansuetudinem,
1205 2307 1301 2330 ettunc
1313 2300 1387 2341 signa
1400 2300 1527 2331 viderunt
1541 2311 1548 2330 ι
1564 2300 1600 2329 ita
1612 2300 1693 2330 etiam

939 2413 1020 2439 oeque
1032 2404 1098 2429 uHus
1108 2404 1168 2429 hinc
1181 2414 1269 2429 sensus
1279 2405 1387 2438 exprimi
1395 2409 1475 2438 potest
1488 2405 1539 2428 nisi
1549 2407 1695 2438 ροὸουμένους

940 2443 1019 2478 legas.
1034 2444 1176 2470 Secundum
1188 2443 1256 2469 hanc
1268 2453 1326 2469 vero
1339 2443 1469 2468 lectionem
1481 2443 1563 2468 locum
1573 2445 1695 2468 converti-

939 2493 1003 2510 mus.

974 2524 987 2543 b
1005 2526 1064 2552 Τινὲς
1080 2525 1105 2548 δέ
1118 2534 1190 2557 φασιν.
1204 2522 1241 2546 Ea
1255 2522 1302 2547 suit
1315 2526 1400 2554 postea
1413 2521 1498 2554 opinio
1515 2520 1607 2547 Isidori
1625 2522 1695 2548 Pelu-

940 2562 1009 2588 sieta.-
1021 2561 1065 2589 til).
1078 2563 1101 2593 4,
1114 2561 1187 2595 epist.
1204 2563 1242 2585 w.
