1890 2826
520 192 554 215 m
579 191 692 223 laun,
721 190 792 214 vim
817 190 986 222 DOMINUM,
1016 192 1135 216 nomn.
1164 194 1212 218 lv.

85 258 114 286 οὐ
129 255 274 295 κατηγορία
289 256 337 291 τῆς
350 254 500 289 ἀποστολῆς
508 255 595 289 τοῦτο,
608 252 677 283 ἀλλὰ
689 254 738 287 τῆς
751 251 850 282 ἐκείνου

84 303 191 342 γνώμης
200 313 208 321 ·
223 304 253 332 οὖ
269 301 299 331 τὸ
312 300 434 341 ἔγκλημα
450 296 499 337 τ”ἤς
510 300 666 340 ἱερωσύνης,
682 299 750 329 ἀλλὰ
761 298 791 328 τὸ
802 310 849 328 κα-

83 349 129 379 κὸν
142 350 190 384 τῆς
202 347 318 388 γνώμης.

1579 182 1642 230 147

904 252 1038 283 cei-dotem
1047 253 1200 295 indignum,
1212 266 1245 286 ne
1252 254 1379 286 traducas
1388 256 1565 286 sacerdotium
1575 269 1581 286 t
1593 267 1646 287 non

904 298 974 327 enim
996 307 1099 339 oportet
1117 301 1245 331 damnare
1262 313 1314 340 res,
1329 302 1376 332 sed
1396 313 1458 331 eum
1478 302 1564 341 quire
1576 303 1647 332 bona
1669 321 1674 326 ·

904 344 974 374 male
998 346 1098 380 utitur;
1122 347 1340 387 quandoquidem
1366 355 1392 377 et
1416 349 1433 378 J
1437 348 1501 378 udas
1526 349 1648 388 proditor

903 390 966 426 fuit,
978 402 1072 421 verum
1086 403 1140 421 non
1152 394 1187 422 ob
1198 393 1227 422 id
1239 401 1379 424 accusatur
1392 394 1458 424 ordo
1472 394 1645 434 apostolicus,

904 437 952 466 sed
973 438 1048 467 illius
1069 439 1194 469 animus:
1207 451 1254 470 nec
1268 441 1368 470 crimen
1383 447 1422 470 est
1435 441 1587 478 sacerdotii,
1599 441 1647 470 sed
1678 443 1682 445 “

901 483 1004 513 1113111111
1017 484 1112 514 31111111.

120 531 174 562 Καὶ
196 530 227 562 σὺ
247 531 332 563 τοίνυν
347 531 384 572 μὴ
407 533 458 569 τὴν
474 531 617 573 ἱερωσύνην
631 530 757 568 διάὸαλε,
782 530 851 560 ἀλλὰ
867 536 888 559 1>
941 530 970 559 5.
991 530 1027 559 Et
1045 537 1076 559 tu
1091 531 1173 570 igitur
1186 542 1220 561 ne
1239 532 1419 562 sacerdotium
1436 532 1582 573 vituperes,
1597 532 1643 562 sed
1669 541 1797 578 Sacerdotes

899 575 1064 605 sacerdotem
1090 577 1160 606 male
1187 589 1217 607 re
1238 578 1309 607 bona
1337 586 1463 609 utentem.
1488 579 1596 608 Etenim
1621 579 1644 608 si
1656 573 1707 593 ‘'¹⁸''
1736 576 1796 593 “¹¹¹¹·

82 578 126 608 τὸν
139 578 211 619 ἱερέα
219 579 264 608 τὸν
273 581 361 613 κακῶς
374 581 412 619 τῷ
423 580 498 619 καλῷ
511 577 684 618 κεχρημένον.
699 577 778 606 Ἐπεὶ
788 577 850 606 ὅταν

82 623 124 653 σοί
138 636 178 658 τις
193 624 363 664 διαλέγηται,
384 624 430 654 καὶ
450 624 532 664 λέγῃ,
547 619 612 657 εἶδες
633 623 707 653 τόνδε
721 623 765 652 τὸν
779 623 850 660 Χρι-

81 670 198 708 στιανόνς
221 670 295 707 εἰπὲ,
317 672 376 701 ἀλλ’
390 671 443 711 ἐγὼ
457 671 486 700 οὗ
501 670 562 710 περὶ
586 669 735 710 προσώπων
746 692 754 706 ,
780 668 849 698 ἀλλὰ

79 715 141 755 περὶ
159 717 323 756 πραγμάτων
337 728 378 746 σοι
397 717 561 756 διαλέγομαι.
576 715 654 745 Ἐπεὶ
668 714 745 744 πόσοι
765 714 850 755 ἰατροὶ

81 761 171 800 δήμιοι
180 762 313 802 ἐγένοντο,
327 763 372 792 καὶ
386 763 535 803 δηλητήρια
549 761 691 791 δεδώκασιν
707 760 764 790 ἀντὶ
781 772 850 801 φαρ-

81 807 186 846 μοίκων;
206 810 277 838 Ἀλλ’
290 811 319 839 οὖ
333 808 381 846 τὴν
390 809 486 849 τέχνην
501 807 647 844 sinemo,
662 806 731 845 ἀλλὰ
743 806 787 836 τὸν
799 818 851 836 κα-

80 855 133 887 κῶς
162 856 196 894 τῇ
224 854 304 895 τέχνῃ
334 855 512 895 χρησάμενον.
541 853 625 883 Πόσοι
648 856 741 883 ναῦται
771 865 850 882 κατε-

79 899 206 929 πόντισαν
228 902 325 938 πλοῖα,
356 900 425 930 Ἀλλ’
451 902 502 940 οὐχ
526 903 543 936 ἡ
573 899 694 930 ναυτιλία
711 922 718 937 ,
747 901 806 929 ἀλλ’
831 902 848 935 ἡ

79 945 148 982 κακὴ
163 946 256 986 γνώμη
269 946 384 977 ἐκείνων.
398 947 456 978 Κᾶν
469 943 487 987 ᾖ
501 946 657 986 Χριστιανὸς
679 947 776 986 φαῦλος
787 968 795 983 ,
812 945 850 985 μὴ

77 993 124 1020 τοῦ
139 991 267 1031 δόγματος
279 992 420 1033 κατηγόρει
432 993 477 1023 καὶ
488 994 536 1028 τῆς
550 991 707 1032 ἱερωσύνης,
726 991 794 1022 ἀλλὰ
806 992 850 1021 τὸν

78 1039 167 1071 κακῶς
187 1040 226 1078 τῷ
247 1040 320 1079 καλῷ
341 1039 514 1079 κεχρημένον.
535 1039 569 1068 Ὁ
592 1037 715 1078 βασιλεὺς
738 1038 850 1077 σώματα

1671 603 1763 631 parandi
1783 617 1791 631 ,

899 621 961 659 quis
990 628 1077 651 tecum
1108 622 1235 663 disputet,
1262 624 1388 663 dicatque
1404 637 1412 654 :
1428 624 1534 656 Vidisti
1564 625 1645 654 illum
1656 643 1700 656 uon
1730 642 1800 656 sacer-

899 667 1102 697 Christianum?
1113 670 1273 709 respondeto
1287 683 1293 699 :
1308 673 1343 700 At
1363 681 1412 710 ego
1432 681 1485 700 non
1498 670 1533 700 de
1550 681 1645 711 perso·
1656 668 1751 689 ‘¹⁰¹³''m‘

899 713 952 750 nis,
963 714 1011 743 sed
1021 714 1056 744 de
1069 715 1150 744 rebus
1165 716 1214 745 tibi
1228 717 1335 756 loquor.
1350 717 1457 756 Alioqui
1467 724 1535 756 quot
1543 717 1646 747 medici

898 759 961 788 facti
974 767 1037 789 sunt
1051 761 1200 798 carnifices,
1209 772 1240 791 ac
1253 773 1355 792 venena
1368 773 1418 803 pro
1431 763 1584 803 pharmacis
1597 762 1646 792 de—

900 804 1019 834 derunt?
1032 807 1092 836 Non
1116 814 1204 836 tamen
1231 815 1315 837 artem
1339 809 1480 849 vitupero,
1505 809 1552 838 sed
1576 809 1646 838 male

901 858 1018 882 utentem
1028 861 1098 883 arte.
1109 855 1183 891 Quot
1196 862 1284 884 nautae
1297 856 1367 885 male
1378 855 1561 885 demerserunt
1572 855 1647 885 navi-

900 898 963 936 gia?
980 900 1087 929 Verum
1100 909 1152 929 non
1164 912 1207 930 ars
1221 902 1366 941 navigandi
1379 902 1448 931 111313
1463 900 1512 939 est,
1527 901 1575 931 sed
1588 912 1645 931 ma-

899 943 943 973 lus
965 944 1076 974 illorum
1090 946 1206 976 animus.
1225 947 1254 977 Si
1268 947 1437 977 Christianus
1449 947 1530 976 fuerit
1543 947 1645 987 impro-

899 989 962 1027 bus,
975 1000 1009 1019 ne
1035 991 1140 1021 incuses
1163 992 1262 1032 dogma
1287 992 1439 1029 sacerdotii,
1453 993 1501 1022 sed
1524 1004 1554 1023 re
1574 993 1646 1022 hona

901 1042 1018 1065 utentem
1040 1037 1120 1066 male.
1143 1039 1211 1077 Regi
1232 1044 1343 1078 c‘orpora
1358 1039 1499 1068 commissa
1513 1046 1587 1075 suut,
1605 1049 1646 1068 sa-

78 1084 281 1122 ἔμπιστεύεται,
296 1087 310 1114 ὁ
324 1085 351 1114 δὲ
366 1085 448 1125 ἱερεὺς
458 1084 557 1125 ψυχάς·
580 1086 594 1113 ὁ
615 1083 738 1123 βασιλεὺς
757 1084 851 1113 λοιπά·
867 1106 886 1129 Ε
901 1081 1002 1111 cerdoti
1016 1082 1126 1121 animae;
1141 1094 1189 1112 rex
1203 1084 1311 1113 residua
1332 1084 1506 1124 pecuniarum
1521 1084 1644 1122 remittit,

79 1131 124 1164 δας
137 1131 282 1171 χρημάτων
294 1132 411 1172 ἀφίησιν,
421 1134 435 1160 ὃ
451 1131 478 1160 δὲ
492 1131 576 1173 ἱερεὺς
589 1130 717 1164 λοιποίδας
731 1131 850 1170 ἁμαρτη-

80 1175 170 1214 μάτων
179 1188 185 1195 ·
199 1178 296 1210 ἐκεῖνος
313 1177 469 1216 ἀναγκάζει,
483 1172 558 1210 οὗτος
572 1174 722 1215 τταρακαλεῖ
731 1188 737 1194 ·
754 1177 850 1209 ἐκεῖνος

79 1221 181 1262 ἀνάγκῃ
191 1243 199 1259 ,
221 1218 295 1256 οὗτος
312 1223 421 1263 γνώμῃ·
445 1224 541 1256 ἐκεῖνος
556 1222 626 1252 ὅπλα
644 1222 700 1262 ἔχει
718 1221 848 1258 αἰσθητὰ,

79 1263 152 1301 οὗτος
163 1267 232 1298 ὅπλα
240 1269 407 1307 πνευματικά
415 1281 421 1287 ·
432 1270 528 1302 ἐκεῖνος
538 1270 650 1308 πολεμεῖ
663 1268 728 1308 πρὸς
749 1267 849 1307 βαρὸά-

80 1325 152 1354 ρους,
174 1314 232 1354 ἐμοὶ
248 1314 364 1354 πόλεμος
386 1315 450 1355 πρὸς
467 1315 601 1354 δαίμονας.
627 1314 731 1348 Μείζων
745 1317 762 1350 ἠ
777 1313 847 1354 ἀρχὴ

79 1359 146 1395 αὕτη
157 1371 165 1379 ·
180 1359 224 1390 διὰ
237 1363 314 1390 τοῦτο
327 1363 341 1390 ὁ
354 1360 477 1400 βασιλεὺς
495 1360 543 1397 τὴν
563 1360 680 1401 κεφαλὴν
694 1359 746 1389 ὑπὸ
757 1364 849 1400 χεῖρας

78 1409 124 1435 τοῦ
136 1406 225 1447 ἱερέως
246 1407 320 1446 ἄγει,
345 1407 391 1437 καὶ
402 1410 538 1448 πανταχοῦ
553 1408 580 1437 ἐν
596 1409 630 1447 τῇ
643 1408 753 1448 Παλαιᾷ
771 1409 848 1448 ἱερεῖς

79 1451 203 1491 βασιλέας
211 1452 307 1493 ἔχριον.
319 1454 390 1484 Ἀλλ’
400 1455 414 1482 ὃ
423 1452 545 1494 βασιλεὺς
554 1454 650 1486 ἐκεῖνος
657 1452 690 1482 τὰ
695 1453 749 1482 ἴδια
763 1453 848 1493 σκάμ-

901 1129 1023 1159 sacerdos
1032 1137 1120 1160 autem
1130 1131 1237 1168 residua
1246 1138 1419 1171 peccatorum
1429 1145 1435 1161 ε
1449 1132 1496 1161 ille
1505 1132 1587 1172 cogit,
1601 1132 1646 1162 hie

899 1175 1073 1206 exhortatur:
1085 1177 1131 1206 ille
1150 1177 1315 1214 necessitate,
1329 1178 1374 1207 hic
1396 1178 1508 1208 consilio
1519 1178 1581 1207 :ille
1595 1178 1646 1208 ha-

897 1222 943 1250 bet
968 1233 1042 1252 arma
1066 1223 1201 1252 sensibilia
1210 1246 1218 1259 ,
1241 1224 1286 1253 hic
1315 1235 1388 1254 arma
1416 1225 1568 1265 spiritualia
1580 1238 1586 1255 ε
1598 1226 1646 1255 ille

897 1266 1000 1296 bellum
1020 1268 1088 1308 gerit
1109 1279 1172 1298 cum
1192 1269 1325 1307 barbaris,
1339 1270 1408 1299 mihi
1426 1270 1530 1300 bellum
1545 1270 1645 1300 estad-

896 1323 991 1344 versus
1003 1315 1147 1344 daemones.
1163 1317 1253 1356 Major
1263 1315 1309 1346 hic
1322 1316 1505 1357 principatus;
1521 1324 1643 1358 propter-

1690 1327 1797 1349 Sacerdo-

896 1369 926 1388 ea
943 1371 992 1390 rex
1008 1367 1089 1401 caput
1106 1361 1242 1391 submittit
1260 1361 1352 1391 manui
1372 1363 1526 1401 sacerdotis,
1539 1371 1565 1393 et
1581 1364 1641 1393 ubi·
1654 1359 1701 1377 ‘¹¹¹¹‘
1725 1358 1798 1387 ''¹³5⁰'‘

1703 1389 1797 1418 dignitas

896 1415 949 1444 que
974 1406 1002 1435 in
1027 1407 1113 1437 veteri
1132 1407 1271 1447 Scriptura
1300 1407 1450 1438 sacerdotes
1478 1409 1644 1449 inungebant
1653 1427 1719 1448 quam
1729 1422 1794 1450 regis.

899 1462 985 1492 reges.
1001 1453 1107 1483 Verum
1127 1464 1175 1482 rex
1189 1453 1236 1483 ille
1257 1464 1305 1483 sua
1319 1455 1471 1485 transiliens
1485 1462 1574 1496 septa,
1583 1467 1642 1485 mo—

78 1509 150 1537 ματα
163 1498 279 1539 ὑπερὸὰς
289 1522 297 1537 ,
316 1499 366 1529 ’καὶ
378 1499 409 1529 τὸ
423 1499 518 1540 μέτρον
532 1501 580 1535 τῆς
598 1499 733 1539 βασιλείας
748 1499 846 1535 διαπη-
856 1520 891 1539 ¹23
898 1497 1017 1536 dumque
1039 1499 1115 1538 regni
1135 1506 1325 1539 transgressus,
1338 1507 1449 1530 conatus
1475 1508 1514 1530 est
1538 1501 1644 1541 aliquid

77 1544 176 1582 δήσας,
204 1548 356 1585 προσθεῖναι
369 1546 542 1586 ἐτέεχείρησε,
564 1545 610 1575 καὶ
624 1546 742 1580 εἷο-ἦλθεν
763 1547 799 1579 εἷς
818 1545 880 1575 τὸ”Α
897 1543 1006 1581 addere,
1021 1551 1101 1584 atque
1121 1545 1256 1585 ingressus
1270 1553 1310 1575 est
1329 1546 1460 1586 templum
1477 1558 1540 1577 cum
1553 1555 1644 1578 aucto-

77 1590 148 1630 ἱερὸν
159 1590 226 1630 μετὰ
241 1590 393 1629 αὖθεντίας,
421 1594 548 1630 θυμιᾶσαι
570 1590 662 1621 θέλων.
677 1590 714 1620 Τί
727 1587 770 1620 οὗν
784 1593 798 1620 ὁ
812 1592 849 1620 ἱε-

81 1635 155 1675 ρεύς;
169 1638 228 1666 Οὔκ
242 1632 326 1671 ἔξεστί
334 1632 396 1673 σοι,
421 1637 515 1673 Ὀζία,
530 1640 667 1676 θυμιᾶσαι.
696 1637 767 1677 Ὅρα
780 1638 849 1677 παῤ-

80 1679 190 1718 ῥησίαν,
203 1681 325 1720 φρόνημα
341 1681 495 1716 ἀδούλωτον,
509 1682 632 1720 γλῶσσαν
645 1683 754 1721 οὐρανοῦ
770 1683 848 1711 ἁπτο-

80 1724 177 1762 μένην,
198 1725 346 1765 ἐλευθερίαν
370 1726 512 1766 ἇχείρωτον
525 1747 533 1761 ,
559 1725 695 1766 ἀνθρώπου
708 1725 739 1756 τὸ
752 1730 831 1766 σῶμα
840 1748 848 1762 ,

79 1770 124 1799 καὶ
138 1770 249 1810 ἀγγέλου
260 1771 291 1800 τὸ
304 1771 442 1811 φρόνημα,
464 1771 552 1812 χαμαὶ
575 1771 728 1811 βαδίζοντα,
756 1772 801 1802 καὶ
820 1774 847 1802 ἐν

79 1817 181 1857 οὐρανῷ
194 1817 406 1856 πολιτευόμενον.
431 1814 494 1847 Ε’ἶδε
520 1817 564 1846 τὸν
579 1817 709 1857 βασιλέα,
732 1819 777 1848 καὶ
799 1820 848 1848 οὐκ

79 1857 131 1892 εἶδε
148 1859 199 1893 τὴν
210 1864 345 1904 πορφύραν
356 1875 363 1882 ·
384 1859 435 1893 εἶδε
455 1864 499 1894 τὸν
518 1863 645 1903 βασιλέα,
665 1863 709 1893 καὶ
732 1866 780 1894 οὔκ
795 1860 846 1895 εἶδε

79 1907 110 1938 τὸ
120 1905 244 1949 διᾶδημα.
261 1910 307 1946 Μή
320 1921 366 1948 μοι
386 1910 446 1950 λέγε
459 1910 507 1946 τὴν
520 1909 669 1949 βασιλείαν,
684 1911 748 1941 ὅπου
761 1923 848 1952 παρα-

79 1952 168 1994 νομία.
187 1956 246 1985 Οὔκ
267 1955 352 1989 ἔξεστί
372 1968 430 1991 σοι,
451 1957 560 1996 βασιλεῦ
575 1978 583 1992 ,
604 1960 731 1996 θυμιᾶσαι
753 1958 790 1991 εἰς
813 1956 847 1986 τὰ

80 2045 206 2084 δεδομένα
219 2047 320 2081 ζητεῖς·
343 2046 385 2076 διὰ
410 2049 487 2077 τοῦτο
504 2047 549 2077 καὶ
572 2047 590 2076 ἃ
613 2047 706 2080 ἔλαὸες
730 2048 846 2081 ἀπολεῖς.

81 2091 140 2121 Οὔκ
150 2089 236 2125 ’ἔξεστί
249 2104 291 2122 σοι
306 2095 432 2131 θυμιᾶσαι
445 2110 454 2129 ,
477 2093 546 2125 ἀλλὰ
561 2097 618 2127 ’τοῖς
641 2095 762 2133 ἱερεῦσιν.
789 2095 849 2124 Οὐκ.

81 2135 137 2166 ἔστι
147 2137 192 2167 σὺν
204 2140 296 2175 τοῦτο,
309 2139 370 2168 ἀλλ’
379 2138 451 2178 ἐμόν.
472 2138 519 2175 Μὴ
533 2139 642 2179 ἥρπασά
656 2151 702 2168 σου
714 2139 762 2175 τὴν
783 2151 847 2180 πορ-

81 2183 190 2223 ῴυρίδας
204 2180 257 2221 ἶΜὴ
269 2185 390 2225 ἇρποίσῃς
402 2197 451 2224 μου
465 2185 513 2222 τὴν
528 2185 680 2225 ἱερωσύνην.
693 2187 752 2216 Οὐκ
764 2185 849 2220 ἔξεστί

82 2239 123 2258 σοι
137 2228 270 2268 θυμιᾶσαι,
281 2232 339 2260 ἀλλ’
352 2230 370 2266 ἢ
386 2234 457 2265 “τοῖς
469 2233 568 2271 ἱερεῦσι
580 2235 635 2264 τοῖς
655 2234 720 2265 υἱοῖς
740 2232 847 2272 Ἀαρών.

81 2274 159 2303 Μετὰ
166 2274 247 2304 πολὺν
255 2275 362 2315 χρόνον,
379 2277 446 2316 μετὰ
459 2277 506 2313 τὴν
521 2277 646 2313 τελευτὴν
660 2277 759 2317 Ἀαρὼν
772 2281 848 2306 τοῦτο

81 2317 191 2358 ἐγένετο.
206 2322 259 2351 Καὶ
274 2322 316 2352 διὰ
328 2323 356 2352 τί
369 2325 416 2354 οὐκ
429 2319 502 2360 εἷπε,
520 2325 584 2358 Τοῖς
601 2326 698 2365 ἱερεῦσι
710 2347 717 2360 ,
748 2324 826 2363 μόνον
839 2348 848 2362 ,

81 2366 139 2395 ἀλλ’
155 2366 332 2406 ἐμνημόνευσε
345 2368 391 2398 καὶ
404 2371 449 2398 τοῦ
463 2369 575 2409 πατρός;
597 2369 701 2406 Συνέὸη
716 2372 742 2399 ἐν
757 2370 848 2410 ἐκείνῳ

80 2415 119 2453 τῷ
129 2415 215 2455 χρόνῳ
228 2415 344 2445 τοιοῦτόν
360 2428 387 2446 τι
397 2416 524 2456 γενέσθαι.
540 2418 629 2448 Δαθὰν
640 2418 691 2458 γὰρ
704 2418 749 2447 καὶ
762 2417 849 2448 Ἀδει-

896 1589 974 1625 ritate
985 1590 1123 1620 incensum
1135 1590 1241 1620 adolere
1257 1592 1361 1621 volens.
1376 1592 1451 1629 Quid
1464 1593 1549 1634 igitur
1559 1604 1644 1623 sacer-

897 1635 966 1665 dos?
979 1637 1040 1666 Non
1055 1637 1116 1666 licet
1128 1637 1190 1674 tibi,
1200 1637 1276 1674 Ozia,
1286 1638 1393 1667 adolere
1405 1639 1554 1669 incensum.
1568 1639 1642 1670 Vide

897 1677 1058 1719 libertatem,
1068 1682 1132 1712 vide
1142 1690 1256 1712 mentem
1265 1684 1367 1714 servire
1379 1684 1507 1722 nesciam,
1517 1686 1580 1716 vide
1594 1685 1643 1714 lin-

897 1739 978 1768 guam
985 1730 1063 1758 caelos
1071 1730 1241 1768 attingentem
1247 1753 1254 1767 ,
1265 1730 1416 1760 libertatem
1430 1731 1567 1768 invictam,
1575 1732 1640 1762 vide

896 1775 1013 1804 hominis
1036 1785 1145 1815 corpus,
1160 1782 1186 1804 et
1213 1776 1301 1815 angeli
1325 1784 1438 1806 mentem
1455 1790 1462 1806 :
1476 1778 1539 1813 vide
1564 1779 1642 1808 humi

897 1819 1102 1860 ingredientem,
1117 1828 1143 1850 et
1156 1821 1184 1851 in
1199 1824 1264 1851 caelo
1275 1830 1432 1854 versantem.
1449 1825 1528 1855 Vidit
1541 1832 1640 1864 regem,

897 1877 950 1896 11011
964 1866 1033 1896 vidit
1046 1878 1195 1907 purpuram
1213 1880 1219 1896 :
1235 1868 1305 1898 vidit
1318 1879 1420 1908 regem,
1436 1880 1483 1900 nec
1500 1871 1571 1901 vidit
1584 1871 1642 1901 dia-

898 1912 986 1942 dema.
1002 1913 1042 1943 Ne
1064 1913 1131 1942 mihi
1156 1913 1258 1943 dixeris
1271 1925 1327 1944 esse
1349 1926 1472 1955 regnum,
1486 1917 1533 1946 uhi
1552 1924 1591 1947 est
1602 1918 1641 1947 le-

900 1970 964 1999 gum
984 1960 1167 1998 transgressio.
1186 1961 1253 1990 Non
1273 1961 1341 1990 licet
1355 1964 1418 1999 tibi,
1441 1973 1503 2000 rex,
1525 1965 1643 1994 adolere
1651 1984 1674 1999 2,
1689 1977 1775 1998 paral.

80 1998 143 2040 ἅγια
156 2003 208 2030 τῶν
221 2001 317 2041 ἁγίων·
341 2002 506 2043 ὓπερὸαίνεις
519 2003 553 2032 τὰ
571 2004 733 2042 σκάμματα,
760 2002 795 2032 τὰ
810 2003 847 2042 μὴ
864 2012 882 2035 B
898 2006 1048 2035 incensum
1060 2007 1138 2034 intra
1157 2014 1262 2036 sancta
1278 2015 1444 2038 sanctorum
1452 2021 1463 2045 ;
1475 2011 1640 2040 transcendis
1651 2007 1690 2031 ²⁶·
1708 2008 1745 2032 ’3-

899 2060 984 2093 septa,
996 2054 1094 2093 quaeris
1107 2054 1157 2083 tibi
1169 2065 1222 2084 non
1241 2066 1364 2086 concessa
1381 2067 1387 2084 ε
1403 2057 1464 2087 ideo
1476 2055 1535 2098 qum?
1555 2070 1634 2089 acce-

899 2099 962 2139 pisti
974 2099 1079 2140 perdes.
1096 2101 1166 2143 Νονι
1180 2101 1248 2130 licet
1262 2104 1315 2131 tibi
1331 2104 1451 2133 adolere
1470 2106 1636 2143 incensum,

899 2147 950 2175 sed
959 2147 1157 2177 sacerdotibus
1168 2149 1248 2178 istud
1259 2149 1360 2179 datum
1370 2156 1422 2179 est.
1439 2152 1499 2181 Non
1511 2158 1587 2182 tuum
1602 2160 1642 2182 est

899 2193 960 2231 hoc,
975 2194 1022 2223 sed
1035 2204 1135 2225 meum.
1151 2197 1224 2225 Num
1238 2203 1312 2226 tuam
1327 2198 1457 2238 usurpavi
1470 2200 1641 2239 purpuram?

899 2240 940 2270 Ne
954 2250 1069 2280 usurpes
1086 2252 1176 2271 meum
1198 2243 1387 2272 sacerdotium.
1403 2245 1474 2273 Non
1496 2245 1565 2274 licet
1588 2248 1641 2275 tibi

900 2286 1018 2316 adolere
1030 2283 1192 2326 incensum,
1205 2289 1257 2318 sed
1270 2296 1384 2318 tantum
1398 2292 1596 2320 sacerdotibus
1596 2292 1628 2332 Ji
1632 2309 1641 2315 -

900 2332 947 2362 liis
960 2334 1076 2363 Aaron.
1093 2336 1154 2364 Post
1167 2335 1284 2365 multum
1299 2336 1426 2375 temporis
1437 2336 1493 2376 jam
1513 2337 1638 2366 defuncto

899 2379 1003 2408 Aaroue
1018 2379 1069 2409 hoc
1085 2380 1192 2410 accidit.
1202 2381 1237 2409 Et
1249 2381 1422 2419 quamobrem
1435 2392 1486 2410 non
1498 2382 1639 2419 dixit‚Sa-

899 2425 1061 2455 cerdatibus
1084 2432 1198 2463 tantum,
1215 2426 1262 2455 sed
1276 2433 1302 2455 et
1323 2427 1407 2467 patris
1425 2427 1584 2456 mentionem
1597 2428 1639 2456 fe-

82 2463 133 2503 ρὼν
146 2465 191 2494 καὶ
206 2465 272 2505 Κορὲ
286 2465 537 2504 Ι’καπ-ιτανέστησσιν
552 2472 598 2498 τοῦ
613 2469 712 2510 Ἀαρών
721 2481 727 2488 ·
736 2469 847 2510 ἠνοίχθη
863 2476 881 2500 C
898 2470 955 2500 cit?
970 2471 1076 2501 Accidit
1087 2473 1115 2501 111
1129 2472 1177 2502 1110
1191 2479 1319 2513 tempore,
1335 2480 1365 2502 ut
1378 2473 1429 2502 tale
1441 2473 1580 2513 quidpiam
1596 2474 1641 2503 fle-

113 2561 124 2574 ·
141 2555 208 2586 Hac,
220 2562 265 2586 τοῖς
276 2560 364 2592 inpetu,
376 2555 481 2583 deerant
496 2558 521 2584 'm
543 2559 641 2592 Mon-el„
654 2559 698 2585 sed
708 2559 833 2586 habentur
882 2561 913 2587 ab
925 2562 1039 2587 Erasmo.

80 2592 105 2617 in
117 2593 192 2620 Savil.
203 2594 228 2620 in
246 2595 409 2629 omnibusque
438 2597 632 2630 exemplaribus,
647 2598 761 2633 lectaque
772 2607 832 2627 cunt

915 2603 927 2621 b
947 2602 1002 2626 Duo
1014 2602 1071 2626 Mss.
1085 2604 1272 2636 ὑπερανέστητκν.
