1890 2826
714 185 748 208 IN
776 185 905 216 lsMAM,
934 186 1011 208 CAP.
1041 186 1074 208 V.

111 245 184 279 ιἷαιῖιθ
202 249 229 278 ἐν
243 248 360 288 κρίματι.
382 246 452 287 Ὅρα
466 247 545 277 πάλιν
559 249 629 277 Θεοῦ
650 247 819 285 κηδεμονίαν.
834 247 875 276 Οὐ

111 295 161 334 γὰρ
180 294 360 334 πανωλεθρίαν
378 293 529 334 ἐργάζεται,
543 292 602 322 οὐδὲ
620 292 679 322 δ’λον
692 293 722 322 ἐκ
735 293 817 332 μέσου
831 293 875 321 τὸν

109 341 192 378 δῆμον
215 341 300 369 αὐτῶν
314 339 481 379 ἀνάρπαστον
495 344 581 374 ποιεῖ,
598 340 657 368 ἀλλ’
682 337 775 378 ἀφίησί
788 350 874 373 τινας,

108 385 178 415 ὥστε
188 387 222 424 τῇ
236 385 351 426 τιμωρίᾳ
361 388 414 415 τῶν
428 385 593 415 ἀπελθόντων
605 384 726 424 γενέσθαι
745 384 874 423 βελτίους.

109 432 196 461 Τοῦτο
208 434 270 471 γοῦν
285 431 461 470 αἰνιττόμενος
478 431 588 471 ἔφησεν,
600 431 640 460 ὅτι
654 430 875 465 Ταπεινωθήσον-

107 488 162 514 ται,
175 477 319 512 τουτέστιν,
331 479 355 507 οἱ
370 477 504 516 μένοντες,
518 479 542 506 οἱ
556 476 806 516 ὑπολιμπανόμενοι.
822 477 875 506 Καὶ

108 523 277 564 ὑψωθήσεται
293 523 390 563 Κύριος
406 523 521 553 Σαὸαὼθ
540 525 567 552 ἐν
581 523 705 563 κρίματι,
720 523 766 552 καὶ
779 526 794 552 ὁ
807 523 875 557 Θεὸς

107 572 122 599 ὁ
145 569 218 608 ἅγιος
245 568 434 605 δοξασθήσεται
456 571 483 598 ἐν
508 569 668 608 δικαιοσύνῃ.
695 569 750 599 Δύο
771 569 874 606 τίθησιν

107 615 204 654 ἀγαθὰ,
216 615 258 645 ὅτι
270 617 386 645 κάκεῖνοι
399 617 446 651 τῆς
463 617 610 655 φλεγμονῆς
623 615 872 655 ἀπαλλαγήσονται,

106 660 152 690 καὶ
164 661 268 691 ἔσονται
280 661 406 701 βελτίους,
417 661 462 690 καὶ
473 663 487 690 ὁ
498 661 567 695 Θεὸς
578 662 792 701 θαυμασθήσεται
801 661 874 702 παρὰ

105 711 187 736 πᾶσι·
198 710 275 736 τοῦτο
287 707 339 747 γάρ
361 708 446 744 ἐστιν,
460 706 645 747 Ὑψωθήσεται
659 707 705 737 καὶ
718 707 874 744 δοξασθήσε-

106 763 164 781 ται·
179 752 222 782 διὰ
240 755 289 789 τῆς
301 753 433 787 κολάσεως
445 755 557 791 ἀὖτῆς,
573 752 615 783 ἑιὰ
628 756 675 790 τῆς
687 754 825 794 τιμωρίας.
838 755 874 784 Τί

107 797 136 827 δέ
146 799 227 833 ἐστιν,
241 800 288 829 Ἐν
305 799 427 840 κρίματι;
441 799 494 829 Διὰ
506 802 555 836 τῆς
567 799 736 836 ἐκδικήσεως.
756 800 810 830 Καὶ
825 803 873 840 βο-

106 843 283 879 σκηθήσονται
308 847 333 874 οἱ
353 845 540 885 διεσπαρμένα
565 847 602 878 ὡς
627 848 731 886 ταῦροι,
755 846 800 875 καὶ
827 845 875 880 τὰς

105 889 220 928 ἐρήμους
231 893 285 920 τῶν
296 891 501 930 ἀπειλημμένων
511 891 587 931 ἄρνες
600 891 735 931 φάγονται.
748 892 806 928 Τὴν
818 893 873 922 ὀλι-

105 935 205 975 γότητα
227 938 338 967 ἐνταῦθα
359 937 501 967 αἰνίττεται
521 939 573 966 τῶν
591 938 814 978 ὑπολειφθέντων,
828 939 873 967 καὶ

105 982 154 1018 τὴν
167 982 359 1022 ἐπιτεταμένην
374 983 486 1023 ἐρημίαν
506 986 553 1020 τῆς
574 983 672 1024 χώρας.
687 984 756 1014 Οὐαὶ
771 986 795 1014 οἱ
813 986 872 1014 ἐπι-

105 1028 240 1068 σπώμενοι
253 1028 300 1063 τὰς
321 1029 452 1069 ἁμαρτίας
466 1031 552 1059 αὐτῶν
575 1032 611 1063 ὡς
633 1030 741 1070 σχοινίῳ
762 1033 873 1070 μακρῷ,

105 1075 150 1104 καὶ
170 1077 206 1108 ὡς
225 1076 303 1114 ζυγοῦ
317 1075 407 1114 ἱμάντι
432 1076 570 1114 δαμάλεως
588 1076 635 1108 τὰς
654 1075 763 1115 ἀνομίας
777 1078 872 1105 αὐτῶν.

104 1121 141 1149 Οἱ
152 1120 287 1160 λέγοντες,
301 1120 332 1149 τὸ
344 1120 424 1160 τάχος
444 1121 586 1160 ε’γγισάτω,
602 1120 619 1150 ἃ
637 1121 741 1157 ποιήσει
755 1124 769 1150 ὁ
791 1122 872 1158 Θεὸς,

105 1165 147 1195 ἵνα
162 1165 258 1204 ἴδωμεν
267 1178 274 1186 ·
288 1166 333 1196 καὶ
344 1166 441 1196 ἐλθέτω
453 1169 471 1203 ἡ
486 1167 566 1206 βουλὴ
589 1170 634 1197 τοῦ
655 1167 730 1207 ἁγίου
745 1168 872 1208 Ἰσραὴλ,

103 1212 145 1241 ἴνα
159 1215 271 1252 γνῶμεν.
293 1214 355 1243 Τῶν
376 1215 518 1253 προφητῶν
541 1213 718 1243 ἀπειλούντων
740 1217 871 1254 συνεχῶς,

103 1258 149 1287 καὶ
163 1258 196 1288 τὰ
211 1258 310 1298 φοὸερὰ
330 1259 600 1299 προαναφωνούντων,
621 1261 645 1289 οἱ
658 1261 871 1301 ψευδοπροφῆται

101 1303 168 1343 πρὸς
186 1303 265 1344 χάριν
287 1304 467 1344 διαλεγόμενοι
475 1325 484 1339 ,
505 1304 551 1334 καὶ
564 1307 610 1334 τοῦ
633 1305 718 1344 δήμου
739 1306 783 1336 τὸν
798 1307 871 1336 τόνον

102 1348 252 1384 ἐκλύοντες,
264 1349 299 1379 τὰ
313 1349 361 1389 μὲν
382 1349 488 1379 ἐκείνων
507 1350 620 1390 ἔφασκον
643 1346 710 1380 εἶναι
723 1353 806 1392 ψευδῆ
815 1375 822 1388 ,
837 1353 871 1382 τὰ

102 1394 131 1424 δὲ
141 1396 227 1424 αὐτῶν
235 1396 330 1431 ἀληθῆ.
343 1395 443 1425 Πολλοὶ
451 1395 537 1425 τοίνυν
544 1395 734 1436 ὓάπατώμενοι
743 1398 870 1434 ἠπίστουν

101 1439 147 1469 καὶ
161 1441 248 1474 αὐτοῖς
259 1445 314 1474 τοῖς
328 1441 452 1480 ῥήμασιν.
476 1437 544 1471 Εἶτα
557 1442 648 1479 ἐπειδὴ
664 1444 691 1472 αἱ
712 1449 871 1484 προφητεῖαι

101 1487 152 1526 οὐχ
164 1489 230 1525 ὁμοῦ
243 1498 273 1516 τε
286 1486 406 1526 ἐλέγοντο
419 1487 465 1516 καὶ
479 1486 608 1521 ἐξέὸαινον
616 1501 623 1506 ·
645 1490 806 1529 προφητείας
818 1490 870 1531 γὰρ

103 1527 135 1568 ἦν
149 1534 166 1568 ἡ
179 1532 264 1573 φύσις,
277 1533 308 1563 τὸ
319 1534 371 1573 πρὸ
382 1534 481 1563 πολλοῦ
493 1534 588 1574 χρόνου
599 1535 633 1563 τὰ
646 1535 776 1574 μέλλοντα
789 1537 869 1574 ἐκδή-

102 1581 193 1607 σεσθαι
206 1583 401 1619 προαναφωνεῖν
412 1591 419 1598 ·
434 1579 491 1609 ἐπεὶ
505 1576 550 1609 οὖν
570 1583 688 1621 συνεχῶς
711 1582 758 1621 μὲν
780 1582 868 1622 ἔλεγον

101 1625 126 1652 οἱ
138 1625 272 1664 προφῆται
285 1624 345 1658 τοὺς
356 1625 464 1664 λιμοὺς,
485 1626 545 1659 τοὺς
566 1626 689 1665 λοιμοὺς,
708 1627 768 1661 τοὺς
786 1629 868 1658 πολέ-

102 1680 175 1707 μους,
189 1669 233 1698 tul
248 1669 275 1699 δὲ
286 1672 338 1699 τῶν
352 1669 434 1710 ἔργων
447 1671 515 1701 αὐτὰ
530 1673 577 1701 οὐκ
592 1672 731 1709 ἐδείκνυον,
743 1674 809 1708 τέως
819 1675 868 1711 τὴν

101 1717 146 1744 τοῦ
168 1714 261 1754 χρόνου
287 1715 415 1753 μέλλησιν
446 1717 567 1756 ἀφορμὴν
588 1719 625 1751 εἷς
648 1719 772 1749 ἀπιστίαν
796 1722 868 1758 λαμ-

101 1759 223 1794 ὂάνοντες
239 1762 264 1789 οἱ
277 1761 369 1790 πολλοὶ
389 1763 441 1791 τῶν
460 1763 638 1802 ἠπατημένων
652 1763 741 1803 ἔλεγον
752 1777 758 1783 ·
773 1766 869 1795 ἐλθέτω

100 1806 135 1836 τὰ
149 1806 292 1846 λεγόμενα·
307 1808 331 1836 εἶ
344 1807 500 1845 ἀληθεύετε,
514 1810 646 1848 ἐγγισάτω
658 1810 692 1839 τὰ
705 1811 866 1851 πράγματα·

101 1851 201 1885 δείξατε
214 1854 279 1891 ἡμῖν
292 1853 336 1882 ἐπὶ
357 1855 410 1882 τῶν
432 1853 515 1893 ἔργων
538 1855 586 1891 τὴν
601 1856 698 1895 βουλὴν
717 1859 762 1885 τοῦ
781 1859 863 1888 Θεοῦ.

101 1898 179 1927 Ἐπεὶ
192 1893 236 1927 οὗν
248 1898 297 1934 τὴν
317 1900 396 1928 αὐτοῦ
411 1901 592 1940 μακροθυμίαν
606 1901 728 1931 ὑπόθεσιν
743 1903 866 1937 ἀπιστίας

99 1944 234 1973 ἐποιοῦντο
242 1966 250 1979 ,
272 1943 318 1973 καὶ
342 1945 459 1975 ἐντεῦθεν
485 1946 674 1986 προσετίθεσαν
701 1949 786 1977 αὐτῶν
812 1954 866 1982 τοῖς

99 1988 288 2029 ἁμαρτήμασι,
303 1989 334 2019 τό
345 2002 374 2019 τε
389 1991 507 2020 ἀπιστεῖν
516 2013 524 2027 ,
537 1992 568 2021 τό
580 2004 608 2021 τε
623 1993 665 2023 διὰ
677 1994 726 2030 τὴν
741 1995 865 2024 ἀπιστίαν

100 2034 272 2075 ῥαθυμότεροι
294 2035 431 2076 γίνεσθαι,
451 2037 558 2071 εἰκότως
582 2039 674 2073 αὐτοὺς
696 2042 710 2069 ὁ
729 2041 867 2081 προφήτης

99 2083 188 2120 θρηνεῖ
209 2080 308 2120 λέγων,
333 2082 373 2112 ὅτι
395 2083 513 2123 καθάπερ
528 2084 635 2125 σχοινίῳ
660 2089 770 2127 μακρῷ,
784 2087 866 2120 οὕτως

99 2125 190 2156 ἕλκετε
210 2129 268 2156 καθ’
293 2130 392 2157 ἑαυτῶν
402 2128 452 2164 τὴν
465 2129 544 2169 ὀργὴν
558 2133 603 2160 τοῦ
617 2132 687 2160 Θεοῦ
697 2155 705 2169 ,
719 2132 763 2162 καὶ
775 2132 865 2167 αὔξετε

99 2173 161 2209 ὑμῖν
172 2171 219 2208 τὴν
232 2173 368 2214 πονηρίαν.
382 2174 494 2211 Ἐπειδὴ
509 2175 559 2215 γὰρ
572 2177 708 2207 ἀπιστεῖτε
721 2182 775 2211 τοῖς
786 2180 864 2218 λεγο·

102 2216 188 2255 μένοις
202 2218 315 2258 ῥήμασι,
334 2220 454 2249 λείπεται
473 2221 565 2251 λοιπὸν
586 2222 634 2258 τὴν
654 2223 697 2252 διὰ
717 2226 768 2253 τῶν
783 2224 866 2264 ἔργων

101 2263 271 2303 ἐπενεχθῆναι
283 2269 376 2305 πεῖραν
395 2267 469 2304 ὓμῖνρ
481 2266 566 2296 “stete
580 2269 604 2297 οἱ
617 2268 650 2297 τὰ
661 2268 731 2298 κακὰ
745 2270 864 2300 ἐπισπώ-

133 2354 226 2386 ¹flaec,
239 2357 321 2386 αὐτῆς,
333 2358 371 2383 διὰ
381 2363 422 2387 τῆς
432 2370 473 2391 τιμ.
476 2377 525 2384 .....
539 2362 575 2386 διὰ
592 2366 631 2389 τῆς
642 2363 783 2393 ἐκδικήσεως,
795 2361 856 2387 dee-

100 2398 158 2418 rant
171 2393 198 2418 in
214 2393 312 2426 Metel„
325 2394 370 2420 sed
387 2404 418 2421 ex
429 2397 506 2431 Regio
518 2397 632 2423 desumta
645 2405 713 2424 sunt.
724 2400 859 2426 Bavuricus

99 2433 176 2457 etiam
190 2432 282 2465 habet,
299 2433 344 2459 sed
355 2434 451 2468 aliquot
467 2436 572 2470 adjectis
587 2438 700 2463 vocibus.
713 2434 810 2472 Illaque
822 2439 858 2465 le-

100 2477 170 2504 gerat
180 2470 329 2497 Tilmannus
341 2474 472 2507 interpres,
480 2475 539 2500 Mox
550 2479 725 2510 ἀπειλημμένων
742 2477 857 2505 Tilman-

99 2518 147 2535 nun
167 2516 276 2536 verterat
284 2532 291 2544 ‚
313 2520 395 2537 eorum
416 2515 462 2547 qui
478 2515 561 2539 mlicu·
576 2521 649 2546 sunt,
670 2517 741 2550 quasi
758 2516 855 2551 legisset

99 2553 304 2583 ἀπολελειμμένων.
321 2550 495 2585 Ᾰπειλημμίνων
521 2560 587 2579 certe
599 2561 651 2585 est,
666 2565 750 2581 eorum
762 2559 807 2590 qui
817 2568 858 2583 as-

254 2607 326 2626 ΤΟΜ.
351 2608 393 2627 Vl.

880 1967 904 2017 >S

929 247 1052 285 judicio.
1064 247 1135 278 Vide
1147 259 1241 279 rursus
1253 251 1303 279 Dei
1313 250 1590 290 providentiam-Non
1602 252 1674 281 enim

930 292 1137 323 internecionem
1155 295 1274 333 addueit⁷
1292 306 1376 335 neque
1393 303 1478 325 totum
1490 309 1504 326 e
1526 298 1614 328 medio
1627 299 1676 327 ab·

930 338 983 378 ripi
994 340 1126 378 populum
1139 341 1280 382 permittit,
1292 342 1340 371 sed
1353 343 1482 381 quosdam
1493 344 1633 383 relinquit,
1648 351 1676 373 ut

929 393 963 412 ex
975 384 1131 414 abeuntium
1146 387 1281 427 supplicio
1294 388 1459 427 resipiscant.
1470 390 1527 419 Hoc
1534 400 1598 430 ergo
1612 390 1676 419 sub-

930 430 1050 460 indicans
1071 432 1118 468 ait,
1135 433 1389 471 Humiliabuntur‚
1400 434 1428 463 id
1437 441 1487 471 est,
1498 435 1547 473 qui
1557 443 1674 473 manent,

929 475 976 513 qui
990 476 1078 507 relicti
1100 485 1172 507 sunt.
1190 480 1232 508 Et
1252 479 1433 509 exaltabitur
1455 481 1598 510 Dominus
1619 482 1672 510 Sa-

929 523 1019 551 baoth
1032 525 1064 551 in
1074 524 1199 562 judicio,
1212 531 1240 554 et
1258 526 1340 555 Deus
1360 532 1479 555 sanctus
1500 526 1676 566 glorificabi-

898 570 908 593 ἶ
929 574 977 597 tur·
996 570 1028 597 in
1041 571 1170 609 justitia.
1186 572 1249 601 Duo
1271 572 1347 612 ponit
1370 572 1451 610 bona,
1466 579 1492 602 et
1505 573 1567 603 illos
1580 584 1676 614 nempe

927 613 1050 644 timorem
1062 615 1232 656 deposituros
1243 628 1310 654 esse,
1325 617 1504 657 melioresque
1516 619 1633 657 futuros,
1649 627 1676 649 et

927 661 1017 690 Deum
1029 661 1202 692 admirationi
1215 663 1272 693 fore
1285 663 1359 704 apud
1375 674 1481 700 omnes;
1497 664 1526 694 id
1539 665 1610 695 enim
1624 666 1677 695 sibi

927 705 986 735 vult
1009 707 1081 737 illud
1092 731 1099 745 ,
1115 709 1309 739 Exultabitur
1333 716 1363 739 et
1382 710 1613 750 glorificabitur5
1628 723 1676 752 per

926 752 1094 792 supplicium
1108 764 1215 795 nempe,
1230 766 1261 785 ac
1281 766 1329 795 per
1342 756 1430 796 ipsam
1444 756 1585 787 ultionem.
1600 757 1676 795 Quid

926 804 1016 827 autem
1027 806 1077 837 est,
1090 802 1128 829 In
1134 802 1248 840 judicio
1258 804 1271 830 Ρ
1283 802 1339 831 Per
1352 802 1493 832 ultionem.
1507 805 1556 833 17.
1570 804 1611 832 Et
1621 814 1676 843 pa—

926 851 1008 874 scent
1021 846 1143 885 dispersi
1165 850 1252 887 quasi
1275 850 1354 877 tauri
1363 870 1371 885 ‚
1385 855 1414 877 et
1427 850 1543 878 deserta
1556 860 1656 879 eorum
1665 873 1673 887 ,

925 892 977 928 qui
1002 894 1125 920 assumti
1145 899 1225 928 sunt,
1239 895 1309 934 agni
1331 895 1494 924 comedent.
1509 895 1676 926 Relictorum

924 936 1086 975 paucitatem
1108 937 1152 967 his
1176 939 1340 975 subindicat,
1355 946 1381 968 et
1399 939 1537 979 ingentem·
1557 941 1674 980 regionis

925 981 1109 1012 solitudinem.
1127 983 1176 1013 18.
1192 985 1244 1013 Vae
1257 987 1309 1023 qui
1323 986 1476 1014 attrahunt
1485 992 1608 1024 peccata
1620 997 1675 1017 sua

926 1034 957 1056 ut
967 1028 1104 1067 funiculo
1119 1030 1216 1070 longo,
1233 1037 1262 1059 et
1278 1032 1364 1070 quasi
1371 1032 1439 1071 jugi
1452 1033 1577 1072 corrigia
1593 1034 1675 1062 vitu-

926 1073 964 1101 1ae
973 1074 1144 1113 iniquitates
1167 1085 1248 1105 suas.
1265 1077 1312 1105 19.
1332 1077 1391 1115 Qui
1403 1078 1527 1106 dicunt.-
1546 1078 1612 1107 cito
1623 1089 1675 1118 ap-

924 1121 1121 1160 propinquent
1135 1132 1201 1161 quoe
1208 1123 1308 1160 faciet
1329 1123 1427 1159 Deus,
1442 1130 1474 1152 ut
1497 1125 1651 1157 videamus
1663 1137 1672 1153 .-

926 1171 954 1194 εἰ
966 1167 1069 1195 veniat
1081 1167 1235 1196 consilium
1249 1171 1347 1197 sancti
1363 1169 1474 1204 Israel,
1489 1175 1522 1198 ut
1534 1172 1673 1200 sciamus.

924 1211 1066 1251 Prophetis
1088 1212 1240 1251 frequenter
1263 1213 1488 1244 comminantibus
1501 1222 1527 1244 et
1541 1215 1674 1247 terribilia

923 1256 1180 1295 praenuntiantibus,
1195 1258 1438 1299 pseudoprophetae
1451 1259 1486 1289 ad
1499 1261 1613 1300 gratiam
1633 1262 1675 1292 lo-

922 1308 1044 1340 quentes,
1065 1303 1215 1343 populique
1228 1304 1350 1344 vigorem
1361 1305 1549 1342 dissolventes,
1562 1307 1674 1337 illorum

925 1346 997 1377 dicta
1019 1348 1098 1383 falsa,
1113 1359 1161 1378 sua
1174 1360 1238 1380 vera
1256 1360 1313 1380 esse
1329 1350 1497 1380 dictitabant.
1513 1352 1595 1382 Multi
1610 1364 1674 1393 ergo

924 1392 1028 1423 seducti
1039 1394 1152 1424 illorum
1162 1395 1255 1426 verbis
1264 1406 1318 1426 non
1330 1396 1483 1426 credebant.
1495 1398 1601 1428 Deinde
1609 1399 1674 1438 quia

924 1439 1071 1479 prophetiae
1092 1451 1146 1470 non
1169 1441 1258 1471 statim
1283 1449 1363 1482 atque
1382 1444 1562 1483 pronuntiatae
1585 1453 1671 1481 erant,

924 1485 1082 1515 eveniebant
1091 1498 1101 1524 ;
1117 1487 1265 1527 prophetiae
1275 1498 1392 1527 namque
1402 1495 1498 1519 natura
1509 1497 1575 1528 erat,
1585 1492 1673 1521 multo

923 1537 984 1559 ante
996 1537 1115 1572 tempore
1129 1542 1158 1562 ea
1173 1543 1222 1572 pro
1228 1533 1351 1562 nuntiare
1365 1544 1425 1571 quae
1438 1542 1564 1566 eventura
1578 1544 1670 1571 erant;

923 1577 1051 1615 quoniam
1073 1589 1136 1618 ergo
1159 1579 1310 1619 frequenter
1334 1580 1471 1621 prophetae
1497 1583 1610 1621 famem,
1624 1595 1671 1624 pe-

923 1630 1001 1660 stem,
1016 1624 1142 1665 bellaque
1164 1625 1355 1665 praedicebant,
1370 1637 1419 1656 nec
1431 1634 1519 1656 tamen
1532 1639 1563 1658 ea
1582 1630 1671 1669 reipsa
1720 1667 1722 1670 7

923 1668 1114 1708 ostendebant,
1138 1671 1246 1701 interim
1267 1672 1347 1701 multi
1371 1683 1406 1702 ex
1428 1673 1480 1710 iis,
1497 1674 1544 1712 qui
1566 1674 1671 1716 decepti

922 1721 1008 1751 erant,
1023 1726 1057 1744 ex
1070 1717 1237 1746 cunctatione
1259 1717 1295 1746 ad
1308 1727 1361 1747 non
1375 1719 1539 1748 credendum
1553 1722 1669 1751 occasio-

922 1770 984 1790 nem
1006 1762 1176 1801 accipientes,
1192 1762 1318 1793 dicebant
1332 1775 1339 1792 ε
1356 1765 1474 1795 Veniant
1488 1777 1548 1805 quae
1569 1767 1667 1797 dicun-

922 1812 981 1837 tur;
994 1806 1018 1835 si
1030 1817 1094 1837 vere
1118 1807 1220 1845 dicitis,
1236 1808 1360 1838 accedant
1374 1821 1416 1839 res
1441 1811 1505 1850 ipsae
1522 1825 1529 1841 ι
1544 1813 1669 1843 exhibete

922 1853 1000 1883 nobis
1014 1864 1049 1883 ex
1062 1855 1190 1895 operibus
1204 1855 1270 1896 ipsis
1282 1857 1426 1886 consilium
1436 1859 1485 1888 Dei
1490 1862 1574 1896 ‚Quia
1585 1861 1669 1900 igitur

920 1899 978 1938 ejus
998 1900 1152 1939 pauentiam
1167 1901 1362 1931 incredulitatis
1383 1904 1547 1934 occasionem
1567 1906 1666 1936 efficic-

920 1945 996 1981 bant,
1012 1952 1038 1975 et
1060 1947 1175 1986 peccatis
1189 1947 1246 1977 suis
1259 1947 1311 1978 hoc
1324 1947 1498 1988 adjiciebant,
1513 1958 1570 1981 tum
1594 1954 1667 1991 quod

920 2000 972 2019 non
983 1990 1131 2030 crederent,
1143 1999 1201 2022 tum
1211 1993 1284 2032 quod
1295 1993 1330 2022 oh
1339 1994 1551 2026 incredulitatem
1563 1999 1667 2038 segnio-

921 2047 962 2065 res
977 2037 1127 2075 evaderent,
1139 2039 1201 2079 jure
1214 2040 1287 2080 ipsos
1300 2041 1429 2080 propheta
1451 2042 1525 2082 luget
1548 2043 1638 2074 dicens
1659 2058 1666 2074 :

920 2082 1004 2119 Quasi
1015 2083 1136 2114 funiculo
1149 2085 1241 2125 longo,
1256 2087 1294 2115 sic
1307 2093 1399 2116 contra
1412 2098 1460 2118 vos
1479 2089 1583 2118 trahitis
1598 2090 1665 2120 iram

920 2129 983 2166 Dei,
996 2136 1022 2159 et
1034 2130 1181 2169 nequitiam
1194 2139 1310 2161 vestram
1324 2133 1436 2172 augetis.
1452 2135 1523 2171 Quia
1534 2136 1604 2166 enim
1620 2137 1663 2166 di-

920 2175 970 2204 ctis
982 2185 1035 2205 non
1048 2175 1169 2214 creditis,
1180 2177 1209 2206 id
1222 2178 1385 2217 relinquitur
1398 2179 1519 2217 demum,
1532 2189 1562 2210 ut
1575 2193 1663 2212 reruni

920 2219 997 2250 vobis
1016 2221 1180 2261 experientia
1193 2223 1330 2253 afferatur.
1346 2225 1386 2253 lta
1411 2232 1442 2254 ut
1466 2236 1514 2255 vos
1529 2227 1581 2266 ipsi
1595 2228 1663 2256 mal-¹1

921 2266 999 2296 vobis
1023 2268 1173 2306 attrahetis,
1189 2269 1237 2308 qui
1251 2269 1340 2299 verbis
1366 2270 1448 2299 fidem
1472 2282 1524 2300 non
1548 2273 1661 2308 habetis,

905 2364 980 2388 sumti
992 2370 1052 2389 sunt
1065 2364 1098 2389 ab
1115 2368 1285 2398 ἀπαλαμεάνω,
1303 2371 1328 2390 et
1342 2371 1426 2391 tamen
1442 2366 1541 2392 videtur
1552 2367 1663 2401 Clu-yso-

906 2407 1003 2428 stemus
1011 2403 1038 2428 in
1047 2403 1206 2436 sequentibus
1216 2413 1258 2430 cos
1270 2404 1407 2438 intelligere
1414 2426 1421 2437 ‚
1432 2407 1475 2438 qui
1487 2405 1567 2430 relicti
1577 2413 1643 2431 sunt.

939 2442 953 2461 Ι·
969 2443 1031 2475 Reg.
1053 2448 1078 2467 ct
1090 2444 1179 2469 Bavar.
1194 2448 1353 2477 ἀπατώμενοι,
1367 2450 1392 2468 et
1406 2445 1441 2468 ita
1453 2444 1512 2476 legit
1524 2446 1660 2477 Inter-pres,

906 2481 992 2506 Morel.
1004 2487 1029 2506 ct
1037 2482 1114 2507 Savil.
1124 2487 1272 2516 ἀπαγόμενοι.
1286 2484 1397 2516 Utraque
1415 2482 1489 2508 lectio
1502 2483 1619 2517 quadrat,
1634 2491 1661 2510 ut

909 2522 949 2547 vix
959 2522 1022 2547 scias
1034 2522 1074 2547 cui
1086 2523 1118 2547 sit
1129 2521 1281 2549 haerendum.

1505 2608 1524 2634 (5
