1904 2840
0 968 98 1030 au

0 1093 86 1118 'aldt-
99 1100 135 1120 ¹0·

0 1125 36 1149 ¹³.

0 1173 71 1198 Rom.
84 1180 121 1199 η.

0 1212 40 1237 ¹9·

0 1969 130 1995 baioar-

15 2168 121 2190 verbum.

258 206 275 215 a

676 210 709 233 m
735 194 956 237 misrrumum„
978 209 1095 232 HOMIL.
1126 210 1149 232 1.

1623 183 1691 245 743

152 273 234 303 Esaia*
245 265 412 307 etJizcob‚in
419 270 437 300 f
476 280 505 300 ra
510 269 626 300 duorum
634 270 894 300 ‘saeculorumEsaii
913 273 934 297 Δ
952 270 1022 299 liber
1030 276 1148 300 testatur.
1160 271 1192 300 In
1204 270 1323 300 Ecclesia
1332 277 1432 308 autem,
1443 272 1505 311 quia
1512 273 1600 303 fuerat
1609 274 1693 304 eccle-

151 322 168 341 a
175 312 261 352 capite
269 322 354 349 usquc
364 310 399 340 ad
496 317 567 340 totus
575 310 689 350 pilosus,
702 310 830 339 saeculum
837 309 893 350 pri·

150 361 226 380 mum
236 351 288 380 hoc
301 350 443 390 significat,
450 349 525 395 quod
538 350 572 379 ab
587 350 663 379 initio
671 360 755 388 usque
768 349 804 379 ad
811 349 892 378 finem

151 396 236 420 totum
243 390 320 428 quasi
330 390 484 429 asperrimis
497 389 563 430 pilis
574 389 746 428 iniquitatum
759 389 892 428 repletum

151 436 201 459 est.
214 429 300 460 Jacob
317 436 407 459 autem
425 436 498 459 totus
517 430 653 468 speciosus
675 437 701 459 et
721 428 833 465 nitidus,
848 429 891 457 su-

152 475 244 498 turum
267 469 396 499 saeculum
413 468 546 509 significat
555 490 564 504 ‚
586 468 660 507 quod
680 475 767 498 totum
786 468 891 508 pietatis

150 507 247 538 decore
259 508 384 549 fulgebit,
398 512 496 543 et1non
516 508 667 538 invenietur
688 508 716 537 in
737 508 786 537 illo
799 507 890 546 aliqua

151 548 279 587 asperitas
291 555 338 578 aut
357 548 469 588 nigredo
481 548 591 588 peceati.
614 548 651 578 Et
663 546 889 587 quemadmodum

150 597 215 617 eum
226 587 260 618 de
269 594 344 617 utero
355 588 449 617 matris
459 598 514 617 suae
525 587 611 617 exiret
624 587 707 624 Esaii,
715 587 800 617 tenuit
831 587 889 616 lan-

149 633 204 656 tam
217 627 276 657 e'us
287 628 372 658 Jacob
385 640 391 656 :
407 626 479 656 unde
500 627 631 656 Hebra'ioe
641 626 725 657 Jacob
737 637 807 667 appe
829 632 888 655 atus

149 666 221 703 oet,i
255 673 305 704 est,
317 667 504 707 supplantator
518 678 526 695 ε
541 677 607 696 mox
618 666 690 696 enim
705 673 735 696 ut
747 666 823 696 illius
837 676 887 706 pe-

148 705 197 735 des
209 706 308 745 egressi
326 713 400 744 sunt,
422 706 500 736 istius
512 716 542 735 ca
565 713 594 736 ut
605 706 730 746 apparuit
745 718 753 735 ι
769 707 808 736 sic
820 713 846 735 et
859 705 886 735 in

148 745 202 775 fine
214 745 306 775 saequi
316 745 392 776 istius
412 746 503 776 statim
515 745 536 774 il
549 756 592 775 lus
609 746 700 776 saeculi
722 746 809 786 princi
829 745 887 774 ium

147 785 296 825 apparebit.
307 785 344 815 Et
355 784 583 825 quemadmodum
594 785 668 816 Esaii
679 796 713 826 pe
775 797 791 814 u
842 791 887 814 tur

147 824 243 862 Jacob,
250 824 290 854 sic
297 824 350 855 filii
359 825 451 854 saeculi
458 824 541 865 hujus
549 832 747 865 persequuntur
778 825 828 855 lios
839 834 886 854 sae-

147 863 204 893 culi
216 863 310 894 illius:
323 871 350 894 et
358 864 504 904 sicutipse,
519 864 555 894 ita
569 871 595 894 et
603 864 655 894 filii
668 865 738 904 ejus,
753 874 807 894 non
816 864 885 894 resi-
902 871 922 894 B

147 902 241 933 suendo
248 902 296 933 sed
302 903 430 944 fugiendo
438 911 565 944 superant
572 904 666 934 malos.
675 905 746 934 Nam
756 904 885 943 quemad-

96 940 260 972 ¹¹¹¹modum
282 949 347 973 tunc
361 950 447 973 mater
462 943 548 974 adivit
559 944 654 982 Jacob,
669 943 760 974 dicens
772 944 797 973 ei
812 955 820 972 ε
836 944 887 972 Fi-

148 982 188 1019 li,
198 982 272 1012 audi
283 993 328 1012 me
338 989 369 1013 et
379 983 458 1025 suge
471 985 503 1012 in
517 984 760 1022 Mesopotamiam
771 1005 779 1019 ,
795 983 888 1012 donec

146 1023 279 1062 quiescat
290 1024 335 1052 ira
336 1024 447 1064 fratris
458 1024 501 1052 tui
508 1034 519 1051 .-
529 1022 568 1052 sic
576 1029 603 1052 et
614 1022 734 1052 Ecclesia
745 1022 816 1051 filios
825 1032 888 1051 suos

165 1061 266 1092 uotidie
286 1061 376 1099 docet,
398 1072 462 1092 cum
482 1063 715 1102 persequutionem
737 1061 886 1102 patiuntur,

144 1071 300 1132 diaeum&
317 1112 374 1131 vos
391 1103 560 1141 persequuti
572 1102 692 1141 suerint
712 1103 745 1130 in
769 1103 887 1131 civitate

145 1141 325 1182 ista,fitgite
341 1142 375 1170 in
391 1141 533 1175 alteram
546 1147 583 1177 ct,
602 1142 682 1170 Date
704 1141 801 1171 locum
820 1142 884 1170 iroe.

145 1180 241 1210 Jacob
262 1187 360 1210 autem
381 1181 480 1220 genuit
497 1181 610 1210 Judam
631 1187 661 1210 et
671 1181 789 1222 fratres
810 1182 881 1220 ejus.

146 1220 184 1249 Et
204 1227 293 1250 noster
311 1220 396 1250 Jacob
419 1219 510 1259 genuit
533 1219 676 1249 duodecim
697 1220 831 1260 apostolos
858 1221 885 1250 iu

146 1259 257 1305 spiritu,
270 1269 324 1290 non
337 1259 366 1288 in
378 1269 457 1288 carne
469 1270 478 1288 =
493 1259 587 1296 verbo,
601 1269 654 1289 non
664 1260 802 1299 sanguine.
816 1260 885 1289 Nam

145 1305 215 1328 sicut
229 1299 277 1329 ille
288 1309 351 1329 cum
360 1298 418 1328 suis
429 1297 572 1328 duodecim
593 1298 730 1329 descendit
753 1299 782 1329 in
801 1298 886 1339 AEgy-

164 1345 234 1376 tum,
246 1346 276 1369 ut
286 1337 511 1378 multiplicaretur
521 1349 528 1366 =
538 1338 577 1367 sic
586 1345 613 1367 et
619 1338 743 1368 Christus
755 1349 817 1369 cum
827 1339 884 1368 suis

165 1377 289 1408 uodecim
299 1377 428 1418 apostolis
438 1375 576 1408 dacendit
586 1377 614 1407 in
625 1377 767 1416 mundum,
779 1384 805 1408 et
814 1379 883 1407 mul-

144 1417 283 1457 tiplicatus
302 1424 342 1448 est
362 1427 412 1457 per
428 1423 514 1446 totum
527 1416 660 1446 mundum
668 1438 679 1454 ,
691 1417 760 1447 sicut
771 1418 832 1447 resi
853 1429 882 1448 sa

144 1463 266 1487 testatur.
280 1458 348 1487 Item
364 1456 434 1486 sieut
452 1456 500 1486 ille
517 1455 664 1493 descendit,
686 1464 716 1486 ut
736 1457 827 1487 medul
855 1469 882 1488 m
899 1463 919 1489 G

143 1495 256 1537 AEgypfi
279 1497 451 1526 manducaret
470 1508 477 1525 z
496 1495 536 1525 sic
558 1502 585 1525 ct
608 1496 731 1526 Christus
751 1507 812 1526 cum
827 1497 882 1527 suis

143 1536 272 1576 apostolis
282 1535 393 1566 intravit
405 1536 433 1564 in
442 1534 524 1564 istum
535 1535 678 1572 mundum,
692 1543 722 1565 ut
735 1535 882 1566 medullam

142 1576 226 1614 hujus
238 1575 334 1605 mundi
348 1573 531 1610 manducaret,
546 1573 576 1602 id
589 1581 639 1610 est,
655 1575 803 1613 acquireret
815 1575 878 1604 sibi.

142 1613 267 1649 Medulla
278 1615 351 1644 enim
368 1613 452 1642 hu‘us
467 1612 562 1642 mundi
577 1620 639 1642 sunt
651 1613 772 1643 homines
784 1614 879 1644 sancti.

143 1654 219 1684 Sicut
229 1653 300 1683 enim
310 1651 402 1683 medul
414 1663 429 1680 a
438 1651 567 1691 quamdiu
578 1652 606 1681 in
616 1652 712 1682 arbore
717 1652 798 1682 fuerit
807 1664 880 1689 sana,

143 1704 199 1723 sem
260 1692 338 1722 floret
345 1703 354 1730 ;
366 1701 431 1721 cum
446 1697 536 1720 autem
548 1698 711 1731 peroomoeta
723 1692 814 1730 fuerit,
827 1699 880 1722 tota

141 1743 195 1773 pau
224 1728 272 1762 tim
292 1729 476 1762 marcescendo
495 1730 628 1760 siccatur:
643 1738 669 1760 et
690 1731 729 1760 sic
748 1732 879 1770 quamdiu

142 1778 207 1802 suut
224 1771 318 1801 fideles
328 1793 337 1809 ,
351 1776 404 1800 stat
425 1769 474 1800 iste
496 1769 625 1800 mundus.
640 1771 710 1800 Nam
722 1771 792 1800 sieut
804 1782 879 1811 egre-

141 1810 280 1841 dientibus
300 1809 437 1841 Isra'e'litisr
448 1809 482 1840 de
503 1809 639 1850 AEgypto‚
653 1810 827 1840 exterminata
840 1819 880 1842 est

141 1850 338 1891 AEgyptustsic
350 1856 376 1879 et
387 1850 470 1880 sancti
484 1859 546 1879 cum
556 1849 590 1879 de
603 1849 653 1879 isto
665 1849 767 1879 mundo
777 1849 878 1881 deseoe-

141 1891 206 1926 rint‚
219 1899 329 1920 murus
341 1895 380 1919 est
389 1889 439 1920 iste
451 1888 580 1918 mundus.
593 1888 679 1920 Judas
691 1896 780 1919 autem
794 1890 876 1921 inter-

140 1936 261 1970 pretatur
272 1929 420 1966 consessor,
435 1928 564 1968 quoniam'
581 1928 683 1959 Christi
698 1935 756 1958 erat
773 1929 877 1970 imago,

139 1969 188 2009 qui
201 1969 335 1999 consessor
355 1969 443 1999 Patris
453 1974 510 1998 erat
521 1968 640 2004 futurus,
655 1967 747 1998 dicens
759 1980 767 1998 ε
782 1969 878 2010 Confi-

140 2015 203 2039 teor
224 2010 291 2046 tibi,
307 2009 414 2044 Pater,
429 2009 557 2037 Domine
568 2009 633 2038 coeli
654 2014 684 2037 et
696 2015 788 2038 terroe.
807 2009 878 2046 Quia

138 2048 210 2079 sicut
221 2046 306 2080 Judas
326 2047 459 2078 meretrici
478 2047 635 2087 conjunctus
648 2054 697 2085 est,
712 2054 738 2077 et
749 2047 824 2078 dedit
835 2049 877 2078 illi
894 2055 914 2078 D

138 2087 244 2127 virgam
256 2094 283 2117 et
299 2088 432 2117 annulum
444 2100 451 2118 ε
468 2087 508 2116 sic
520 2094 547 2117 et
560 2087 683 2117 Christus
695 2087 812 2118 ecclesiae
825 2099 877 2118 mc·

139 2127 231 2157 tetrici
243 2137 278 2156 ex
290 2127 414 2166 gentibus
427 2138 455 2157 se
467 2127 618 2171 conjunxit,
633 2133 659 2156 et
671 2126 747 2156 dedit
765 2127 808 2157 illi
846 2138 877 2157 ro

139 2165 261 2196 mercede
268 2166 488 2206 coniunctionis-1·
494 2176 599 2206 virgam
608 2166 705 2205 crucis,
713 2173 740 2196 et
746 2176 817 2196 annu
831 2177 877 2197 um

140 2206 160 2236 S
180 2205 259 2234 iritus
267 2206 350 2234 sancti
367 2216 415 2249 per
426 2205 600 2246 baptismum,
613 2205 690 2245 quasi
709 2205 877 2246 signaculum

141 2216 204 2274 fidei
224 2243 413 2284 praeoedentis,
425 2254 505 2283 quem
523 2244 604 2274 etiam
621 2245 687 2274 alibi
705 2245 806 2275 lascivo
819 2245 876 2275 filio

140 2282 283 2314 revertenti
296 2282 356 2312 dari
375 2283 501 2323 praeeepit
519 2290 594 2324 pater
606 2284 748 2324 benignus.
762 2285 799 2314 Et
816 2284 876 2314 ideo

140 2322 250 2352 forsitan
255 2322 456 2360 'rhama-,uxor
464 2322 720 2363 ejus,interpretatur
728 2323 876 2359 immutata,

141 2362 186 2393 vel
198 2361 383 2392 exacerbatio:
396 2361 460 2402 quia
472 2362 539 2391 etin
551 2361 610 2406 ipsa
620 2361 700 2391 habet
711 2361 876 2392 intellectum

141 2402 341 2432 convenientem
363 2408 391 2431 et
416 2401 444 2430 in
467 2400 599 2431 Ecclesia.
617 2402 649 2430 In
674 2400 732 2441 ipsa
755 2401 875 2440 quidem,

142 2441 206 2478 quia
217 2451 280 2470 eum
291 2447 359 2470 esset
369 2447 451 2477 casta,
461 2440 489 2469 in
500 2440 664 2470 meretricem
674 2450 703 2469 se
711 2440 875 2479 immutavit,

141 2485 166 2508 et
179 2479 246 2509 sacta
259 2486 298 2509 est
310 2479 476 2510 exacerbatio
487 2480 504 2510 J
507 2479 566 2509 udae
576 2479 603 2508 in
618 2479 668 2518 ira,
683 2479 752 2510 sicut
764 2481 877 2511 Genesis

174 2566 185 2578 e
202 2558 243 2583 Iun
252 2558 283 2583 V.
296 2558 327 2584 D.
341 2564 366 2583 et
375 2557 443 2592 prius
455 2558 525 2584 miti
536 2559 562 2584 in
578 2559 698 2592 margine,
709 2564 785 2593 atque
793 2559 846 2586 hauc
854 2560 891 2588 vi-

142 2596 215 2622 detur
226 2604 278 2622 esse
290 2604 346 2622 vera
358 2596 442 2623 lectio.
454 2595 523 2622 Editi
534 2597 560 2623 in
572 2602 640 2622 textu
649 2597 806 2631 populorum.

950 310 990 338 sia
1005 310 1146 347 meretrix,
1158 317 1184 339 et
1197 310 1364 340 exacerbatio
1381 312 1443 347 Dei,
1456 313 1628 352 postmodum
1641 325 1691 343 au·

950 355 1004 378 tem
1018 350 1156 379 immutata
1170 360 1218 389 per
1239 349 1322 379 fidem
1342 351 1444 380 Christi
1466 352 1534 382 facta
1556 359 1595 382 est
1607 360 1690 383 casta.

948 389 1046 417 Judas
1073 395 1171 418 autem
1195 391 1296 429 genuit
1320 391 1432 420 Pharas
1465 398 1493 420 et
1520 393 1633 421 Zaram
1655 394 1692 422 de

953 428 1090 458 Thamar.
1106 430 1136 458 In
1149 428 1277 469 mysterio
1290 429 1308 459 J
1310 429 1398 459 udaiei
1417 431 1511 470 populi
1531 437 1556 460 et
1570 432 1688 471 gentilis.

947 467 1015 496 Zara
1033 467 1104 497 enim
1127 469 1232 508 primus
1255 478 1289 497 ex
1315 475 1388 498 utero
1409 480 1530 509 egressus
1552 472 1688 511 apparuit,
1703 480 1759 502 Gen.
1782 479 1822 502 38.

946 506 1077 537 obstetrix
1096 515 1185 537 autem
1205 508 1302 546 ligavit
1316 507 1358 537 illi
1380 518 1488 538 coccum
1512 510 1547 540 ad
1567 521 1687 548 manum,
1700 517 1812 540 27---29-

945 546 1052 585 signans
1065 548 1197 590 populum
1211 546 1357 577 Juda·1'cum
1370 548 1537 579 rubricatum
1560 551 1689 590 sanguine

944 585 1166 616 circumcisionis.
1191 588 1317 616 Retracto
1348 594 1438 616 autem
1467 589 1534 618 Zara
1561 590 1690 629 processit

944 625 1043 654 Phares
1058 637 1067 654 ε
1083 625 1226 656 interclusa
1243 633 1282 655 est
1307 626 1379 656 enim
1406 637 1468 657 caro
1490 628 1518 657 in
1541 640 1594 668 qua
1619 630 1689 659 Zara

943 672 999 694 erat
1021 665 1142 695 inclusus
1154 677 1164 703 3
1188 666 1244 695 haec
1266 671 1355 694 autem
1378 666 1406 695 in
1432 677 1485 705 qua
1507 668 1605 698 Pharcs
1632 676 1689 699 erat

942 703 1075 739 inclusus,
1091 705 1216 745 adaperta
1230 711 1280 742 cst,
1298 703 1359 734 idco
1373 712 1398 735 ct
1415 708 1542 746 processit
1557 707 1685 748 primum.

942 743 988 773 Sic
1008 745 1027 774 J
1029 744 1140 775 uda'icus
1165 745 1284 785 populus
1311 744 1418 784 primus
1444 747 1569 786 apparuit
1584 747 1613 776 in
1628 747 1688 778 luce

941 782 1021 822 fidei,
1042 784 1118 823 quasi
1141 784 1176 814 de
1200 784 1282 814 vulva
1305 785 1444 814 tenebrosa
1468 786 1564 817 mundi
1592 797 1687 827 proce-

940 821 1018 860 dens,
1038 830 1065 853 et
1086 823 1146 854 ideo
1161 823 1282 864 signatus
1305 830 1345 853 est
1366 835 1444 854 cocco
1463 826 1685 862 circumcisionis,

940 863 1097 902 putantibus
1109 863 1246 900 omnibus,
1265 865 1327 902 quia
1341 863 1398 903 ipse
1418 865 1537 904 populus
1556 865 1610 895 Dei
1629 874 1687 896 erat

939 902 1048 932 futurus
1058 903 1172 943 primus.
1185 903 1238 933 Sed
1249 902 1336 942 quid?
1349 904 1439 933 Posita
1456 911 1495 934 est
1513 911 1573 934 ante
1590 906 1685 935 faeiem

940 942 1000 980 ejus
1010 942 1065 980 lex,
1079 942 1156 987 quasi
1169 953 1255 982 sepes,
1271 950 1302 973 ut
1316 942 1459 981 impediret
1468 944 1602 983 justitiam
1612 946 1681 985 ejus.

940 981 1012 1011 Nam
1023 981 1068 1011 lex
1081 981 1194 1021 impedit
1207 982 1300 1021 fidem,
1313 991 1367 1012 non
1388 981 1511 1021 adjuvat,
1525 984 1595 1013 sicut
1617 985 1683 1014 scri-

941 1027 1019 1059 ptum
1025 1027 1079 1050 est:
1092 1022 1272 1061 Priusquam
1292 1022 1407 1052 veniret
1422 1023 1607 1060 mandatum,
1616 1035 1681 1063 pec·
1691 1032 1760 1056 Rom.
1773 1041 1794 1064 7.
1808 1042 1832 1065 9·

940 1066 1038 1089 catum
1052 1061 1168 1100 quidem
1186 1068 1332 1091 mortuum
1343 1067 1417 1097 erat,
1427 1071 1480 1101 ego
1491 1069 1590 1092 autem
1603 1065 1681 1093 vive-
1695 1069 1730 1087 ¹0·

941 1100 1009 1128 bam
1024 1112 1033 1129 :
1046 1106 1201 1139 postquam
1221 1102 1306 1130 venit
1325 1101 1508 1138 mandatum,
1527 1109 1681 1142 peccatum

941 1140 1056 1177 revixit,
1068 1149 1120 1179 ego
1133 1146 1230 1169 autem
1243 1147 1374 1170 mortuus
1382 1149 1456 1170 sum.
1468 1141 1513 1170 Sic
1522 1151 1585 1181 ergo
1596 1142 1680 1183 impe-

940 1177 1015 1207 ditus
1027 1186 1068 1209 est
1083 1179 1201 1218 populus
1221 1179 1351 1210 Juda't'cus
1399 1190 1413 1208 r
1426 1179 1522 1218 legem,
1538 1188 1568 1210 ut
1579 1192 1632 1211 uon
1646 1183 1681 1212 ad

938 1217 1050 1256 justitiae
1074 1218 1162 1247 lucem
1187 1219 1291 1249 veniret
1307 1231 1314 1248 ι
1400 1219 1489 1249 subito
1514 1221 1680 1261 temporibus

940 1257 1041 1287 Christi
1052 1264 1130 1297 rupta
1141 1265 1180 1287 est
1189 1268 1263 1298 sepes
1273 1259 1351 1298 legis,
1363 1268 1423 1298 quae
1431 1266 1487 1288 erat
1494 1258 1562 1290 inter
1570 1262 1589 1291 J
1589 1260 1680 1291 udaeos

939 1303 966 1325 et
974 1297 1097 1336 gentiles,
1106 1297 1175 1326 sicut
1185 1297 1224 1326 ait
1233 1298 1381 1338 apostolus,
1390 1298 1523 1328 Medium
1537 1302 1679 1339 parietem
1689 1313 1771 1343 3*th
1789 1320 1810 1336 2,

939 1338 1073 1366 macerioe
1093 1337 1230 1366 solvens.-
1248 1338 1287 1367 sic
1307 1338 1408 1367 sactum
1429 1344 1479 1374 est,
1501 1345 1531 1368 ut
1555 1339 1678 1370 ethnicus
1692 1345 1726 1373 ¹4-

937 1376 1067 1416 populus,
1081 1376 1128 1415 qui
1139 1376 1269 1416 primum,
1281 1377 1395 1408 Juda'i'co
1408 1377 1510 1417 populo
1522 1386 1676 1419 apparente,

937 1415 1014 1454 quasi
1027 1415 1055 1445 in
1069 1416 1151 1446 vulva
1166 1416 1298 1445 tenebrosi
1319 1417 1414 1447 mundi
1430 1417 1572 1448 tenebatur
1592 1418 1677 1448 inclu-

936 1466 983 1485 sus
994 1468 1001 1484 :
1013 1462 1154 1495 postquam
1166 1463 1246 1494 rupta
1258 1462 1299 1485 est
1310 1455 1356 1485 lex
1365 1467 1416 1496 per
1425 1456 1526 1486 Christi
1539 1458 1676 1495 mandata,

936 1495 1046 1524 excluso
1060 1494 1174 1525 Juda'ico
1186 1495 1300 1534 populo,
1315 1495 1364 1524 iste
1382 1495 1487 1534 primus
1500 1497 1628 1534 processit
1641 1498 1676 1527 ad

936 1534 1029 1571 fidem,
1045 1540 1071 1562 et
1103 1540 1173 1562 ostea
1188 1534 1308 1572 sequitur
1321 1534 1451 1564 Juda'icus
1464 1535 1592 1574 populns,
1605 1536 1675 1566 sicut

936 1574 973 1602 ait
993 1579 1085 1612 aposto
1098 1583 1129 1601 us
1153 1584 1160 1600 :
1181 1573 1259 1602 Ecce
1285 1575 1456 1610 mysterium
1485 1575 1569 1604 vobis
1595 1576 1672 1605 dico.
1688 1592 1708 1607 ι.
1721 1585 1777 1607 Cor.
1787 1586 1823 1608 15.

935 1613 986 1641 Ex
1006 1618 1090 1651 parte
1112 1613 1227 1641 coecitas
1249 1613 1282 1640 in
1306 1612 1402 1641 Israel
1425 1614 1557 1653 contigit,
1581 1615 1674 1644 donec
1683 1614 1721 1637 5¹·

933 1652 1086 1691 plenitudo
1100 1651 1226 1691 gentium
1238 1652 1370 1687 intraret,
1380 1658 1408 1681 et
1418 1653 1460 1681 sic
1472 1654 1566 1682 omnis
1578 1655 1673 1683 Israe'l
1682 1645 1771 1698 '³5⁰¹'ss
1781 1654 1798 1668 ¹·

935 1691 1036 1722 salvus
1046 1691 1128 1720 ficret.
1139 1689 1202 1720 Sive
1212 1696 1301 1719 autem
1311 1690 1406 1720 Zaram
1417 1691 1478 1729 quis
1487 1691 1560 1721 dicat
1569 1691 1597 1721 in
1606 1693 1673 1733 figu-
1683 1682 1696 1698 ²
1717 1693 1720 1698 '
1735 1683 1747 1699 ²
1755 1684 1772 1698 ''

935 1741 992 1761 ram
1003 1730 1098 1771 populi
1116 1729 1199 1759 fuisse
1217 1730 1334 1769 gentilis,
1349 1730 1396 1774 qui
1415 1730 1532 1770 primum
1546 1742 1594 1771 per
1606 1743 1671 1772 pro-

934 1771 1028 1811 phetas
1041 1769 1236 1799 demonstratus
1250 1776 1385 1814 apparuit,
1401 1776 1427 1799 et
1439 1770 1474 1799 ab
1491 1770 1592 1800 eisdem
1606 1782 1672 1811 pro-

933 1810 1022 1850 phetis
1031 1808 1160 1838 dominici
1171 1809 1309 1848 sanguinis
1319 1819 1397 1839 cocco
1407 1809 1527 1848 signatus
1538 1817 1586 1840 est.
1598 1812 1671 1841 Dum

933 1849 1005 1879 enim
1018 1859 1066 1889 per
1085 1847 1189 1878 Clu-isti
1213 1848 1370 1888 sanguinem
1394 1849 1588 1888 regenerandus
1609 1860 1671 1890 pro—

932 1888 1126 1929 phetirabatur,
1135 1897 1214 1917 coeco
1220 1887 1349 1917 dominici
1357 1888 1494 1928 sanguinis
1502 1888 1668 1928 signabatur:

933 1928 1031 1958 Pharos
1044 1932 1131 1956 autem
1145 1927 1173 1956 in
1185 1926 1272 1966 figura
1284 1927 1392 1957 Juda’i'ci
1410 1928 1517 1967 populi,
1532 1929 1580 1967 qui
1600 1939 1635 1958 sae

932 1967 1000 2007 legis
1010 1966 1120 1997 excluso
1129 1966 1231 2006 populo
1240 1966 1344 2006 gentili,
1353 1966 1461 2012 primus
1473 1967 1610 2007 processit,
1619 1940 1670 1999 iiiii

932 2014 1023 2048 postea
1046 2012 1213 2045 sequuturo:
1227 2006 1250 2045 †
1263 2016 1377 2036 maceria
1391 2006 1459 2046 legis
1480 2007 1596 2045 sublata,
1615 2017 1666 2038 non
1677 2021 1689 2047 τ
1702 2023 1808 2042 macm‘e.

932 2049 1077 2086 incongrue
1088 2044 1188 2075 dicitur
1201 2057 1208 2074 t
1221 2052 1330 2086 propter
1344 2045 1419 2085 quod
1428 2053 1454 2075 et
1467 2046 1618 2076 nominatus
1629 2055 1668 2078 est

931 2087 978 2116 ille
991 2087 1102 2122 zaram,
1115 2083 1190 2123 quod
1201 2091 1241 2114 est
1252 2084 1340 2115 oriens
1350 2107 1358 2122 ‚
1372 2085 1417 2116 vel
1430 2086 1539 2115 nobilis.
1555 2087 1608 2116 Iste
1620 2097 1667 2116 au-

931 2133 984 2156 tem
997 2125 1108 2161 Phares,
1122 2123 1195 2162 quod
1206 2130 1246 2154 est
1257 2124 1391 2164 praecisio,
1404 2126 1531 2164 quoniam
1548 2126 1667 2165 populus

930 2164 1100 2196 Christianus
1119 2173 1224 2204 semper
1241 2164 1329 2194 oriens
1350 2171 1407 2194 erat
1427 2164 1547 2202 futurus,
1561 2175 1681 2205 semper-1

931 2203 1046 2234 illustris
1052 2214 1062 2240 5
1074 2201 1204 2234 Juda'ieus
1214 2210 1303 2233 autem
1312 2203 1452 2243 interjectu
1463 2203 1530 2243 legis
1539 2205 1666 2243 praecisus

931 2244 966 2273 ab
975 2253 1018 2274 eo.
1032 2243 1069 2273 Et
1080 2241 1187 2273 videtur
1199 2242 1309 2282 quidem
1323 2242 1408 2273 Judas
1421 2253 1455 2272 ex
1468 2243 1567 2272 incesto
1581 2253 1665 2272 nurus

929 2293 984 2313 suae
1005 2282 1124 2312 Thamar
1147 2282 1272 2322 conjugio
1297 2282 1368 2312 filios
1391 2281 1551 2327 suscepisse,
1573 2292 1664 2312 revera

929 2330 1018 2352 autem
1037 2331 1124 2361 neque
1148 2331 1183 2351 ex
1202 2321 1350 2351 meretrice.
1365 2322 1495 2350 Meretrix
1516 2320 1587 2349 enim
1610 2329 1662 2349 non

928 2362 989 2398 suit,
1001 2361 1066 2401 quia
1077 2367 1186 2402 propter
1198 2371 1315 2391 amorem
1330 2360 1437 2389 seminis
1449 2359 1530 2389 Israel
1544 2358 1623 2387 finxit
1635 2369 1663 2388 sc

929 2401 1111 2437 meretricem,
1132 2411 1194 2430 cum
1217 2410 1271 2429 non
1293 2406 1371 2428 esset.
1385 2399 1478 2428 Nurus
1498 2403 1588 2426 autem
1611 2407 1663 2426 non

908 2458 911 2461 ν
928 2441 996 2479 fuit,
1010 2441 1074 2480 quia
1094 2440 1186 2469 nullus
1210 2438 1330 2468 filiorum
1357 2436 1435 2467 Judae
1464 2436 1561 2465 habuit
1581 2446 1638 2465 eam
1654 2448 1661 2464 ε

929 2485 941 2498 “
954 2491 1015 2510 nam
1029 2481 1132 2520 primus
1145 2478 1219 2508 filius
1232 2476 1320 2513 Judae,
1329 2486 1390 2506 cum
1401 2474 1502 2509 Judas‚
1515 2484 1564 2504 suo
1580 2475 1664 2514 ipsius

950 2567 961 2580 u
979 2560 1010 2584 In
1031 2557 1143 2591 margine
1161 2555 1230 2589 prius
1241 2554 1374 2580 Editor-um
1388 2562 1393 2576 :
1407 2551 1480 2578 Nam
1494 2552 1566 2585 prius
1583 2551 1667 2577 Judas

916 2607 970 2623 cum
977 2607 1021 2623 suo
1032 2598 1108 2631 ipsius
1120 2601 1168 2622 etc.
1178 2595 1208 2622 V.
1218 2595 1249 2620 D.
1260 2598 1357 2618 autem:
1368 2591 1439 2619 Nam
1446 2592 1517 2624 prius
1527 2590 1610 2617 Iudas
1616 2598 1665 2618 etc.

1484 2627 1534 2665 48.
