1890 2826
76 912 135 932 Jmm
148 911 170 933 3.
181 911 216 942 xli.

236 175 304 233 392

235 258 333 295 Edem,
351 265 379 287 ut
392 269 436 288 eos
449 258 559 288 transire
574 258 686 287 sineret:
702 258 750 288 ille
762 269 827 289 vero
841 268 894 288 non
911 269 973 298 per-

234 304 335 334 missit:
353 312 378 334 et
391 305 595 335 declinaverunt
609 304 643 333 ab
656 315 687 334 eo
699 304 752 334 filii
765 305 859 335 Isra'e'l.
873 306 913 335 Ut
925 315 974 334 au-

231 358 283 379 tem
294 358 472 391 pervenerunt
481 351 508 379 in
518 358 635 380 montem
644 352 695 388 Or,
700 352 778 391 jussu
791 351 843 381 Dei
851 351 975 381 assumtis

231 400 340 438 Moyses
367 401 470 427 Aarone
496 404 521 427 et
538 397 666 427 Eleazaro
684 397 742 427 filio
767 398 839 438 ejus,
859 397 974 427 adduxit

232 456 276 473 eos
301 446 328 474 in
352 452 487 475 montem:
511 451 537 474 et
557 444 646 474 induit
670 435 828 474 Eleazarum
851 445 973 476 vestibus

231 492 298 530 ejus.
315 494 403 520 Aaron
415 498 503 520 autem
517 498 640 520 mortuus
654 497 698 520 est
710 491 738 520 in
752 498 852 521 monte.
868 491 970 522 Flevit·
989 491 1008 514 D

231 548 282 576 que
292 537 411 577 populus
420 537 528 577 triginta
535 537 643 568 diebus.
652 537 832 568 Chananaeum
841 539 972 572 vicerunt,

230 592 254 612 et
273 584 441 613 anathemate
459 584 599 614 ferierunt.
620 583 735 614 Profecti
748 591 837 614 autem
849 583 886 613 ad
898 595 972 614 mare

233 630 366 666 Rubrum,
391 629 557 659 circuierunt
580 636 678 659 terram
705 629 805 667 Edem,
833 637 859 659 et
882 630 972 659 animo

229 676 391 712 defecerunt,
414 680 704 714 murmuraveruntque
721 683 812 706 eontra
826 677 948 716 Moysem
962 688 969 705 ε

229 721 392 760 immisitque
403 721 431 750 in
444 731 489 750 eos
500 722 574 751 Deus
586 728 720 761 serpentes
729 722 778 761 qui
790 721 853 751 illos
867 721 972 751 occide-

227 775 296 797 rent.
313 769 491 807 Precatusque
500 774 539 798 est
552 769 672 808 Moyses,
687 775 714 798 et
720 769 832 809 jubente
844 770 902 799 Deo
910 768 971 798 fecit

227 822 375 855 serpentem
397 825 516 847 aeneumg
541 815 588 855 qui
610 826 675 846 vero
700 815 886 853 mordebatur,
909 826 971 845 cum

228 861 369 900 respiceret
381 861 408 890 in
422 867 583 901 serpentem,
597 861 716 891 vivebat.
731 862 772 891 De
786 861 838 891 hoc
850 869 972 902 serpente

227 908 328 937 dictum
340 915 378 937 est
391 908 418 937 in
431 908 570 947 evangelio
582 920 588 936 ι
601 908 683 938 Sicut
693 908 837 938 exaltavit
850 910 971 946 Moyses

226 961 385 993 serpentem
401 956 432 983 in
447 955 570 991 deserto,
592 956 636 983 ita
651 961 761 994 oportet
778 955 907 983 exaltari
918 956 971 984 Fi-

226 1001 296 1029 lium
320 1001 454 1030 hominis.
480 1002 594 1040 Legatos
618 1001 702 1030 mittit
714 1002 824 1040 Moyses
843 1000 879 1030 ad
900 1002 969 1031 seon

227 1058 314 1087 regem
330 1047 559 1077 Amorrhaeorum.
582 1047 635 1078 Hic
646 1054 736 1077 autem
747 1046 818 1077 Seon
833 1059 895 1078 eum
908 1049 969 1079 bel·
984 1048 1003 1071 E

225 1093 280 1122 lum
295 1101 355 1123 ante
375 1094 499 1123 movisset
514 1102 604 1124 contra
619 1104 709 1133 regem
721 1094 816 1131 Moab,
831 1095 902 1135 cepit
914 1103 970 1126 ter-

224 1150 281 1167 ram
290 1140 358 1179 ejus.
374 1141 413 1169 Ut
425 1150 490 1168 vero
503 1140 583 1168 etiam
593 1146 684 1169 contra
697 1140 832 1170 Israelitas
844 1141 970 1181 praelium

223 1185 366 1220 commisit,
383 1185 542 1224 profligatus
556 1185 590 1213 ab
604 1184 661 1213 illis
678 1192 717 1214 est
733 1197 740 1215 ε
754 1187 889 1226 urbesque
911 1188 969 1227 ejus

223 1237 350 1269 ceperunt
359 1230 496 1259 Israelitae.
513 1229 655 1268 Congressi
673 1230 752 1260 etiam
771 1242 834 1261 cum
847 1233 891 1272 Og
907 1244 968 1273 rege

224 1276 318 1312 Basan,
340 1275 434 1304 iisdem
448 1275 538 1315 ipsum
551 1275 630 1305 malis
643 1276 797 1314 affecerunt,
811 1278 886 1316 queis
894 1279 966 1309 Seon

221 1322 372 1359 affecerant,
387 1332 418 1351 ac
431 1329 529 1351 terram
549 1322 682 1361 urbesque
703 1324 762 1363 ejus
779 1334 871 1353 omnes
889 1335 966 1365 cept.L

220 1374 292 1396 1·.unt
311 1368 395 1397 Mittit
416 1378 466 1397 rex
480 1368 560 1398 Balac
573 1367 607 1397 ad
626 1368 737 1398 Balaam
751 1376 850 1407 vatem,
865 1377 893 1399 ut
907 1381 965 1400 ma-

220 1413 346 1443 lediceret
370 1415 513 1454 populum
543 1415 616 1444 Deus
638 1421 728 1444 autem
752 1415 829 1446 initio
853 1418 965 1456 quidem

573 198 603 220 S.
630 197 772 221 JOANNIS
798 197 984 221 CHRYSOST.
1013 197 1177 222 Ancflmt‘.

1206 199 1482 223 CONSTANTINOP-

1026 258 1115 288 λαθὼν
1130 262 1247 296 Μωῦσῆς
1269 260 1313 290 τὸν
1333 261 1433 300 Ἀαρὼν
1456 261 1501 290 καὶ
1523 261 1652 301 Ἐλεάζαρ
1673 262 1718 291 τὸν
1740 261 1796 291 υἱὸν

1027 305 1121 340 αὐτοῦ,
1137 305 1266 346 ἀνήγαγεν
1281 308 1318 339 εἷς
1331 306 1361 335 τὸ
1376 307 1449 347 ὄρος·
1463 307 1509 336 καὶ
1522 307 1627 337 ἐνέδυσε
1639 307 1684 337 τὸν
1698 307 1796 337 Ἐλεά-

1027 352 1075 391 ζαρ
1094 351 1127 380 τὰ
1149 351 1241 390 ἱμάτια
1258 354 1345 382 αὐτοῦ.
1361 353 1395 382 Ὁ
1412 352 1439 383 δὲ
1454 353 1553 393 Ἀαρὼν
1567 353 1696 383 ἀπέθανεν
1709 355 1736 383 ἐν
1756 355 1796 393 τῷ

1025 397 1089 454 ὄρει.
1104 397 1157 427 Καὶ
1174 397 1300 428 ἔκλαυσεν
1314 401 1328 428 ὁ
1340 399 1402 432 λαὸς
1423 399 1565 439 τριάκοντα
1585 399 1696 439 ἡμέρας.
1714 395 1794 429 mov

1023 443 1067 472 τὸν
1092 445 1251 482 Χαναναῖον,
1273 445 1318 475 καὶ
1337 445 1526 485 ἀνεθεμάτισαν
1547 446 1636 475 αὐτόν.
1658 445 1796 478 Ἐλθόντες

1024 488 1051 517 δὲ
1066 489 1110 518 ἐπὶ
1123 490 1257 520 θάλασσαν
1279 492 1399 531 ἐρυθρὰν,
1414 492 1541 522 ἐκύκλουν
1554 492 1603 528 τὴν
1621 494 1671 531 γ’ἥν
1685 491 1794 530 Ἔδὼμ,

1023 546 1068 570 κᾳι
1081 535 1273 575 ὠλιγοψύχουν,
1288 537 1333 567 καὶ
1346 538 1537 578 κατεγόγγυζον
1549 539 1662 576 Μωῦσῇ·
1673 537 1719 568 καὶ
1731 537 1795 567 ἀπί-

1023 582 1124 610 στειλεν
1144 583 1158 610 ὁ
1171 582 1240 615 Θεὸς
1261 584 1303 612 ἐπ’
1327 584 1421 618 αὐτοὺς
1443 585 1514 624 ὄφεις
1535 587 1718 618 θανατοῦντας.
1739 583 1795 614 Καὶ

1023 626 1120 662 ηὔξατο
1135 629 1268 664 Μωϋσῆς·
1283 630 1327 659 καὶ
1342 630 1452 666 ἐποίησε
1466 632 1582 671 χαλκοῦν
1595 631 1664 671 ὅφιν,
1677 642 1795 671 προστα-

1022 672 1094 712 χθεὶς
1113 673 1165 703 ὑπὸ
1184 676 1230 703 τοῦ
1244 675 1327 705 Θεοῦ.
1341 675 1395 705 Καὶ
1409 678 1424 706 ὁ
1438 677 1595 716 δακνόμενος
1604 698 1613 712 ,
1627 676 1712 713 ἡνίκα
1732 676 1795 706 ἀνέ-

1023 718 1118 759 ὅλεψεν
1138 722 1174 753 εἷς
1192 721 1236 750 τὸν
1250 721 1318 761 ὄφιν,
1333 722 1387 758 ἔζη.
1409 722 1478 763 Περὶ
1491 722 1585 752 τούτου
1599 726 1646 752 τοῦ
1660 723 1743 763 ὄφεως
1755 722 1796 752 εἴ-

1023 775 1101 803 ρηται
1115 766 1142 794 ἐν
1156 768 1194 806 τῷ
1211 767 1356 808 εὐαγγελίῳ
1368 780 1374 786 ·
1396 768 1493 802 Καθὼς
1507 768 1596 808 ὕψωσε
1618 770 1737 805 Μωϋσῆς
1749 767 1795 798 τὸν

1021 809 1079 849 ὄφιν
1093 812 1120 840 ἐν
1133 815 1166 852 τῇ
1181 812 1274 854 ἐρήμῳ
1284 837 1291 851 ,
1305 813 1374 843 οὕτω
1395 815 1434 844 δεῖ
1454 816 1591 854 ὑψωθῆναι
1603 814 1648 844 τὸν
1662 814 1727 844 Υἱὸν
1747 817 1793 844 τοῦ

1022 858 1169 897 ἀνθρώπου.
1195 860 1376 899 Πρεσὸεύεται
1400 862 1519 897 Μωῦσῆς
1539 861 1605 901 πρὸς
1625 861 1668 891 τὸν
1683 860 1795 901 βασιλέα

1021 904 1074 931 τῶν
1089 905 1250 944 Ἀμοῤῥαίων
1272 907 1317 936 τὸν
1339 906 1428 943 Σηών.
1442 903 1528 941 Οὗτος
1548 908 1577 937 δὲ
1589 909 1603 937 δ
1615 907 1693 944 Σηὼν
1713 908 1795 937 πολε-

1023 948 1111 988 μήσας
1124 951 1251 991 πρότερον
1271 953 1315 982 τὸν
1341 953 1452 992 βασιλέα
1465 953 1568 991 Motae,
1588 953 1668 984 ἔλαθε
1681 953 1730 990 τὴν
1743 956 1793 993 γῆν

1022 997 1112 1024 αὐτοῦ.
1137 996 1184 1030 Ὡς
1207 997 1235 1027 δὲ
1255 999 1299 1028 καὶ
1322 1004 1377 1033 τοῖς
1393 1000 1572 1039 Ἰσραηλίταις
1595 999 1732 1039 συνέμιξεν
1757 1001 1795 1033 εἷς

1020 1041 1147 1081 πόλεμον,
1163 1043 1265 1080 ἡττήθη
1277 1045 1346 1075 κατὰ
1360 1045 1464 1086 κράτος,
1479 1046 1524 1076 καὶ
1540 1046 1587 1080 τὰς
1605 1046 1696 1079 πόλεις
1713 1047 1793 1075 αὖτοῧ

1020 1087 1107 1121 πάσας
1120 1088 1215 1118 ἔλαὲον
1229 1091 1254 1119 οἱ
1269 1090 1443 1131 Ἰσραηλῖται.
1456 1091 1643 1131 Συμὸαλόντες
1656 1092 1684 1122 δὲ
1695 1092 1741 1122 καὶ
1753 1094 1793 1132 τῷ

1020 1132 1075 1173 Ὢγ
1085 1135 1190 1173 βασιλεῖ
1205 1138 1252 1172 τῆς
1264 1137 1366 1174 Bonchis,
1390 1142 1444 1172 τοῖς
1462 1139 1550 1171 αὐτοῖς
1571 1137 1728 1178 περιέὸαλον
1742 1139 1793 1167 αὖ·

1020 1178 1064 1207 τὸν
1077 1184 1182 1216 κακοῖς,
1205 1177 1243 1214 οἷς
1263 1194 1307 1211 και
1331 1182 1376 1212 τὸν
1388 1183 1477 1220 Σηὼν,
1489 1184 1535 1214 καὶ
1548 1184 1597 1220 τὴν
1615 1195 1666 1222 γην
1679 1183 1725 1213 καὶ
1744 1182 1793 1217 τὰς

1019 1224 1109 1258 πόλεις
1123 1227 1202 1255 αὐτου
1218 1227 1305 1262 πάσας
1318 1228 1424 1259 ἔλαθον.
1442 1229 1550 1268 Πέμπει
1563 1229 1687 1269 βασιλευς
1697 1229 1791 1260 Βαλὰκ

1018 1270 1083 1309 πρὸς
1094 1271 1209 1310 Βαλαὰμ
1227 1273 1270 1302 τὸν
1285 1274 1388 1313 μάντιν,
1403 1275 1446 1305 ἵνα
1460 1276 1592 1315 ἀράσηται
1606 1276 1651 1306 τὸν
1665 1275 1740 1306 λαόν.
1755 1276 1790 1306 ‘O

1019 1314 1046 1344 δὲ
1060 1315 1129 1350 Θεὸς
1140 1316 1171 1345 τὸ
1184 1318 1232 1356 μὲν
1246 1322 1351 1359 πρῶτον
1365 1321 1505 1351 ἐκώλυσεν.
1520 1322 1570 1355 Ὡς
1583 1322 1610 1352 δὲ
1624 1322 1739 1352 ἐνέκειτο
1751 1324 1790 1362 τῷ

1017 1361 1127 1399 μάντει,
1150 1364 1334 1405 συνεχώρησεν
1354 1368 1477 1396 ἀπελθεῖν
1492 1367 1551 1406 μὲν,
1567 1369 1596 1397 οὗ
1611 1368 1664 1407 μὴν
1686 1368 1788 1408 ἀράσα-

1017 1410 1094 1436 σθαι·
1114 1407 1194 1439 Ι’ἀλλ’
1209 1411 1303 1451 ἔτρεψε
1317 1413 1364 1447 τὰς
1377 1414 1495 1453 κατάρας
1515 1416 1552 1448 εις
1574 1414 1704 1454 εὐλογίας
1728 1416 1789 1445 Οὐκ

219 1460 390 1499 prohibebat.
415 1462 454 1490 Ut
468 1467 556 1490 autem
575 1461 691 1490 instabat
704 1461 751 1490 ille
773 1462 847 1502 apud
864 1471 963 1501 vatem,
973 1468 1008 1486 ⁸³⁵
1017 1454 1144 1490 ἐπειδὴ
1134 1467 1224 1496 “10⁰“
1247 1469 1273 1487 ‘²¹²
1293 1460 1320 1487 αἶ
1340 1460 1459 1499 ἀραῑτῡυ
1474 1460 1556 1499 μάντέ
1557 1472 1605 1496 ως,
1621 1462 1680 1490 ἀλλ
1693 1461 1786 1497 ἐπειδὴ

219 1507 348 1536 concessit
359 1507 469 1545 quidem
482 1514 510 1536 ut
522 1507 583 1544 iret,
597 1506 643 1536 sed
661 1517 713 1536 non
732 1514 760 1536 ut
772 1509 961 1540 malediceret·

219 1552 408 1582 sedeonvertit
420 1552 619 1582 maledictiones
629 1554 656 1582 in
669 1553 891 1585 benedictionem.
901 1557 963 1587 Non

218 1598 290 1636 quod
315 1598 454 1638 quidpiam
476 1605 584 1638 possent
605 1598 775 1628 malectiones
801 1601 870 1630 vatis
880 1624 888 1639 ,
914 1602 963 1632 sed

217 1644 279 1682 quia
292 1645 405 1673 miseriis
416 1645 526 1673 affectus
537 1651 593 1673 erat
601 1644 733 1684 populus,
743 1645 896 1676 crediturus
905 1655 963 1678 erat

218 1691 292 1719 illius
307 1691 549 1728 maledictionibus,
571 1690 683 1729 illicque
697 1699 807 1731 propter
820 1693 962 1724 infirmita-

165 1750 168 1752 *
215 1744 266 1766 tem
283 1748 358 1766 suam
373 1737 541 1766 damnandus
553 1744 620 1766 erat.
635 1737 687 1766 Hic
698 1736 732 1766 de
744 1737 852 1768 Christo
865 1740 959 1770 vatici-

64 1795 111 1816 Νη]
151 1798 188 1825 24,

67 1832 101 1854 ¹7-

55 2116 123 2167 }'saL
136 2123 177 2139 ιω

76 2153 93 2167 Ι.

215 1790 293 1812 natur
306 1783 396 1812 dicens
407 1796 412 1812 :
428 1785 544 1812 Orietur
554 1783 643 1812 stella
655 1793 691 1811 ez
702 1784 796 1812 Jacob
805 1807 814 1820 ,
825 1791 854 1813 et
863 1794 960 1826 surget

215 1830 300 1857 homo
312 1840 348 1858 ex
361 1829 466 1858 Israel.
490 1828 608 1868 Spiritus
621 1828 693 1858 enim
710 1828 761 1857 Dei
774 1829 826 1858 fuit
839 1830 867 1858 in
885 1838 956 1861 vate.

214 1876 251 1903 Ut
264 1885 327 1903 vcro
342 1875 409 1903 abiit
420 1874 540 1910 Balaam,
557 1873 722 1902 fornicantur
732 1873 782 1902 filii
797 1875 881 1904 Israe'l
894 1887 957 1906 cum

212 1919 321 1949 filiabus
342 1921 442 1957 Moab,
466 1926 492 1948 et
516 1919 656 1948 initiantur
679 1918 857 1960 Beelphegor.
878 1922 956 1952 Tunc

210 1967 331 2006 praecipit
354 1969 472 2006 Moyse5‚
496 1972 525 1994 ut
545 1965 730 2004 unusquisque
754 1966 863 1996 fratrem
877 1979 956 1998 suum

210 2013 291 2042 idolis
312 2013 471 2043 servientem
485 2011 636 2040 interficiat.
655 2011 733 2040 Tunc
750 2012 863 2042 Phinees
882 2014 956 2044 filius
972 2015 990 2038 Β

209 2058 331 2088 Eleazar-i
349 2056 468 2086 confodit
481 2056 609 2086 Zambrin
630 2056 789 2091 Israelitam,
807 2065 831 2087 et
853 2059 954 2090 Chasbi

166 2117 187 2140 r„
208 2103 413 2133 Madianitidem
428 2113 489 2132 eum
503 2102 571 2131 illo:
600 2102 636 2130 Et
657 2109 823 2141 reputatum
843 2112 886 2134 est
907 2106 956 2135 illi

207 2152 414 2190 adjustitiam.
438 2149 516 2178 Tunc
528 2155 703 2177 numerantur
717 2149 767 2177 filii
784 2149 866 2179 Israe'l
881 2162 895 2180 a
907 2152 952 2181 vi-

205 2198 306 2235 gesimo
327 2206 395 2224 anno
418 2201 447 2224 et
465 2204 558 2233 supra,
581 2200 606 2221 et
628 2193 729 2223 inventi
751 2202 814 2224 suut
833 2198 951 2226 sexcenti

203 2249 228 2271 et
250 2249 302 2271 tres
325 2241 401 2271 mille
424 2247 449 2269 et
469 2239 578 2279 triginta
591 2238 656 2268 viri.
676 2239 775 2269 Levitae
789 2248 878 2270 autem
899 2249 952 2272 tres

202 2296 227 2316 et
253 2287 350 2328 viginti
371 2286 446 2316 mille
469 2297 483 2314 a
502 2295 592 2314 mense
617 2291 642 2313 et
663 2296 755 2325 supra.
780 2286 832 2316 Hic
857 2298 951 2318 census

202 2335 229 2363 in
260 2334 380 2364 Araboth
411 2332 494 2363 Moab
518 2332 604 2361 factus
627 2339 666 2361 est
692 2338 765 2361 trans
791 2333 948 2364 Jordanem.

200 2382 294 2420 Neque
307 2381 335 2410 in
351 2381 407 2410 illis
418 2386 475 2409 erat
485 2378 620 2418 quispiam
635 2388 668 2406 ex
681 2377 714 2407 iis
724 2389 792 2417 quos
809 2390 948 2410 enumera-

200 2435 274 2458 verat
288 2428 365 2468 prius
376 2429 486 2467 Moyses
500 2426 526 2456 in
541 2425 644 2454 deserto
659 2426 734 2461 Sina,
750 2427 869 2466 exceptis
881 2428 947 2456 Jesu

200 2476 256 2504 filio
275 2477 361 2511 Nave,
375 2481 401 2503 et
414 2473 534 2503 Chalebo
561 2472 620 2502 filio
647 2472 781 2512 Jephone.
808 2473 946 2503 Accedunt

231 2571 245 2591 h
264 2568 319 2591 Huc
332 2565 421 2591 recidit.
438 2564 500 2590 illud
517 2564 586 2598 quod
597 2565 633 2588 ait
645 2565 696 2596 ipse
708 2563 832 2588 Sermone
850 2572 918 2589 nono
938 2566 962 2589 in

201 2607 315 2632 Genesim
329 2607 411 2631 'l'omo
425 2605 470 2634 IV,
482 2614 507 2636 p.
521 2605 577 2635 096,
588 2605 619 2627 A:
632 2607 670 2630 τὸν
679 2606 775 2636 Βαλαὰμ
787 2608 899 2636 ἠνάγκασέ
907 2616 962 2631 ποτε

982 1496 1181 1542 Αταλαίπωρος
1193 1499 1225 1539 ἦν
1240 1506 1254 1533 ὁ
1267 1505 1329 1538 λαὸς
1338 1527 1346 1540 ,
1361 1505 1485 1544 ἤμελλεν
1491 1507 1571 1536 αὐτοῦ
1585 1506 1719 1536 πιστεύειν
1730 1511 1788 1540 ταῖς

1014 1546 1156 1587 κατάραις,
1169 1549 1215 1578 και
1226 1550 1430 1590 κατακρίνεσθαι
1444 1553 1498 1581 ἐκεῖ
1510 1552 1554 1581 διὰ
1564 1552 1613 1588 τὴν
1625 1552 1692 1581 ἰδίαν
1707 1553 1785 1582 ἀσθέ-

1013 1603 1093 1622 νειαν.
1116 1590 1202 1628 Οὗτος
1224 1596 1385 1636 προφητεύει
1403 1597 1464 1637 περὶ
1486 1601 1532 1627 τοῦ
1547 1599 1664 1638 Χριστοῦ
1681 1591 1785 1638 λέγων·

1013 1637 1144 1668 Ἀνατελεῖ
1155 1640 1252 1680 ἄστρον
1267 1641 1294 1675 ἐξ
1309 1642 1423 1680 Ἰακὼὸ,
1437 1655 1483 1672 και
1497 1643 1674 1680 ἀναστήσεται
1686 1644 1785 1685 ἅνθρω-

1011 1696 1060 1718 πος
1080 1685 1108 1719 ἐξ
1132 1686 1251 1727 Ἰσραήλ.
1266 1689 1379 1727 Πνεῦμα
1393 1689 1444 1729 γὰρ
1459 1691 1530 1720 Θεοῦ
1544 1691 1656 1730 ἐγενήθη
1677 1691 1722 1721 ἐπὶ
1745 1693 1784 1731 τῷ

1012 1731 1114 1769 μάντει.
1127 1732 1202 1766 Ὡς
1188 1733 1216 1763 οὲ
1230 1735 1346 1770 ἀπῆλθεν
1367 1738 1381 1765 ὁ
1402 1736 1530 1775 Βαλαὰμ,
1550 1737 1736 1777 ε’κπορεύουσιν
1759 1740 1784 1768 οἱ

1009 1777 1061 1806 υἱοὶ
1075 1779 1186 1818 Ἰσραὴλ
1201 1781 1238 1813 εἷς
1252 1780 1299 1814 τὰς
1313 1782 1457 1822 θυγατέρας
1471 1782 1572 1820 mma&
1586 1783 1632 1812 καὶ
1645 1784 1783 1813 τελοῦνται

1008 1825 1046 1864 τῷ
1060 1825 1226 1866 Βεελφεγώρ.
1245 1826 1314 1856 Τότε
1329 1828 1430 1857 κελεύει
1441 1830 1559 1865 Mustio-11⁸5
1580 1829 1700 1867 ἕκαστον,
1714 1832 1782 1860 ἀπο·

1008 1874 1109 1899 κτεῖναι
1133 1872 1178 1900 τὸν
1203 1872 1314 1912 ἀδελφὸν
1339 1874 1615 1914 εἰδωλολατρήσαντα.
1644 1876 1714 1906 Τότε
1736 1876 1782 1906 καὶ

1007 1916 1103 1950 Φινεὲς
1123 1917 1177 1950 υἱὸς
1195 1918 1326 1958 Ἐλεάζαρ
1349 1919 1502 1956 ἐξεκέντησε
1524 1920 1569 1950 τὸν
1586 1922 1716 1962 Ζαμὸρὶν
1735 1922 1780 1952 τὸν

1007 1960 1186 2001 Ἰσραηλίτην,
1212 1964 1258 1993 καὶ
1279 1964 1328 2000 τὴν
1353 1965 1443 1995 Χασὸὶ
1473 1965 1521 2001 τὴν
1544 1968 1702 1998 Μαδιανῖτιν
1721 1971 1779 2007 μετ’

1007 2010 1103 2037 αὐτοῦ·
1118 2010 1163 2039 καὶ
1177 2010 1300 2050 ἐλογίσθη
1315 2011 1386 2051 αὐτῷ
1401 2013 1437 2045 εις
1448 2012 1626 2048 δικαιοσύνην.
1639 2013 1736 2043 Τότε’
1721 2026 1779 2054 αρι-

1006 2057 1132 2093 θμοῦνται
1145 2057 1169 2085 οῖ
1183 2056 1234 2085 υἱοὶ
1251 2056 1390 2096 Ἰσραῆλ’
1376 2057 1428 2087 απὸ
1441 2058 1605 2092 εἷκοσαέτους
1617 2059 1660 2088 καὶ
1673 2057 1763 2090 ἐπάνω
1771 2083 1779 2097 ,

1006 2101 1051 2130 καὶ
1076 2101 1219 2141 εὑρέθησαν
1244 2103 1378 2136 ἑξακόσιαι
1404 2103 1521 2143 χιλιάδες
1531 2126 1539 2141 ,
1568 2104 1612 2134 καὶ
1637 2106 1782 2146 τρισχίλιοι

1005 2148 1096 2187 ἄνδρες
1106 2147 1152 2176 καὶ
1166 2148 1318 2205 τριάκοντα.
1333 2149 1371 2178 Οἱ
1383 2149 1410 2178 δὲ
1424 2151 1534 2179 Λευῖται
1554 2155 1623 2190 τρεῖς
1636 2151 1682 2181 καὶ
1695 2152 1781 2182 εἴκοσι

1004 2193 1122 2233 χιλιάδες
1143 2194 1194 2223 ἀπὸ
1209 2194 1332 2232 μηνιαίου
1345 2207 1390 2224 και
1403 2195 1502 2225 ἐπάνω.
1522 2196 1597 2232 Αὕτη
1609 2199 1626 2233 ἡ
1641 2197 1780 2238 ἐπίσκεψις

1004 2242 1030 2269 ἐν
1057 2241 1176 2280 Ἀραὸὼθ
1203 2241 1291 2270 Μωὰὸ
1312 2241 1415 2280 ἐγένετο
1425 2264 1434 2278 ,
1462 2254 1545 2283 περαν
1566 2247 1613 2273 τοῦ
1634 2243 1777 2284 Ἰορδάνου.

1000 2286 1057 2315 ,Καὶ
1076 2288 1123 2316 οὐκ
1139 2282 1170 2322 ην
1184 2287 1211 2316 ἐν
1226 2287 1315 2320 αὐτοῖς
1335 2287 1483 2327 ἄνθρωπος,
1507 2288 1535 2322 ἐξ
1556 2284 1593 2318 ὧν
1612 2288 1777 2329 ἐπεσκέψατο

1004 2334 1122 2367 Μωϋσῆς
1135 2332 1263 2373 πρότερον
1274 2333 1302 2362 ἐν
1315 2335 1348 2372 τῇ
1363 2333 1455 2373 ἐρήμῳ
1469 2335 1536 2364 Σινᾶ
1545 2356 1553 2370 ,
1565 2334 1635 2371 πλὴν
1649 2335 1751 2371 Ἰησοῦς
1762 2338 1776 2364 ὁ

1002 2382 1049 2407 τοῦ
1065 2380 1158 2414 Ναυῆ,
1178 2379 1223 2408 καὶ
1244 2378 1335 2408 Χαλὲὸ
1349 2381 1363 2408 ὁ
1376 2381 1422 2408 τοῦ
1437 2380 1555 2420 Ἰεφονεί.
1575 2380 1775 2421 Προσέρχονταί

1001 2437 1069 2458 τινες
1079 2425 1218 2464 θυγατέρες
1230 2424 1360 2455 Σαλπαὰδ
1372 2427 1419 2461 τῆς
1431 2427 1514 2465 φυλῆς
1525 2428 1657 2463 Μανασσῆ
1667 2448 1675 2462 ,
1688 2427 1775 2461 ἀξιοῦ-

1003 2487 1046 2504 σαι
1057 2498 1064 2512 ,
1079 2476 1170 2511 ἐπειδὴ
1184 2475 1264 2509 ἄπαις
1278 2475 1393 2515 ἀῤῥένων
1405 2476 1506 2506 παίδων
1518 2477 1671 2507 ἀπέθανενὸ
1684 2478 1774 2518 πατὴρ

1013 2570 1043 2592 τὰ
1053 2569 1169 2598 μέλλοντα
1189 2571 1267 2597 εἰπεῖν,
1286 2568 1443 2593 Balaammn
1463 2569 1523 2594 olim
1544 2572 1622 2604 coegit
1640 2577 1665 2595 ιιι
1676 2571 1768 2603 finum

1510 2614 1600 2644 m
1606 2611 1772 2645 ι’·.;·.·..-.-.Ϊ·--]

1010 2606 1166 2638 proedicerel.
