1890 2826
707 149 738 171 ΙΝ
769 148 898 179 ΙὸΑΙΑΜ,
928 147 1005 171 cAP.
1036 147 1083 170 IV.

1624 132 1668 179 57

104 214 206 243 δεῖσθαι
218 217 276 246 ταῖς
288 211 389 252 γυναιξὶ
404 209 588 251 προσηκούσης
609 210 661 239 ὑπὸ
671 211 775 250 γἀνδρῶν
789 209 875 249 παρέ-
896 211 913 234 Ε
931 207 984 237 sibi
994 207 1115 238 subsidio
1127 218 1195 248 opus
1209 219 1265 238 esse
1278 207 1416 245 dixerunt,
1430 206 1505 246 quod
1515 206 1674 236 mulieribus

102 261 212 299 χισθαι,
230 257 298 287 ἀλλὰ
312 258 394 292 ἀτελῆ
417 259 466 293 τῆς
483 256 647 296 λειτουργίας
670 255 747 285 αὐτὸν
773 257 877 295 ἀφεῖναι

102 305 217 341 ταύτης,
231 304 276 333 καὶ
288 303 406 343 στέργειν
418 303 462 332 καὶ
474 305 579 342 ἀγαπᾷν
588 325 596 338 ,
612 303 635 331 εἷ
649 303 739 335 ἁπλῶς
754 304 816 341 γοῦν
831 299 877 330 καὶ

101 353 138 385 ὡς
166 350 243 391 ἔτυχε
267 353 312 380 τοῦ
332 352 380 385 τῆς
401 349 510 390 χηρείας
537 349 714 389 ᾀπαλλάγειεν
740 348 877 387 ὀνόματος.

103 399 191 428 Τοῦτο
201 397 252 438 γάρ
266 398 351 426 ἐστιν·
362 396 457 436 Ἄφελε
467 396 512 426 τὸν
526 395 672 435 ὀνειδισμὸν
685 397 770 434 ἡμῶν·
784 394 876 430 ἐπειδὴ

932 253 1021 284 aviris
1034 254 1100 283 ferri
1112 265 1161 294 par
1174 261 1223 292 est,
1236 254 1284 284 sed
1298 264 1326 283 se
1339 253 1419 282 illum
1431 265 1446 283 a
1459 253 1507 282 tali
1520 252 1609 282 officio
1622 252 1672 281 im-

933 309 1040 329 munem
1055 300 1196 340 complecti
1207 307 1233 330 et
1245 310 1343 336 amare,
1354 299 1377 328 si
1399 306 1545 345 utcumque
1557 299 1646 328 solum
1660 309 1674 327 a

932 344 1072 375 viduitatis
1085 346 1193 376 nomine
1205 346 1363 375 liberentur.
1374 345 1407 375 Id
1418 345 1489 374 enim
1503 345 1556 374 sibi
1566 345 1627 376 vult
1639 344 1675 373 il-

932 391 982 421 lud
991 403 998 420 ι
1006 391 1108 434 Aufer
1121 394 1304 432 opprobrium
1313 398 1441 423 nostrum
1452 404 1463 420 .·
1474 393 1600 431 quoniam
1610 391 1675 421 olim

103 445 134 474 τὸ
153 443 265 473 παλαιὸν
280 443 376 476 ὄνειδος
386 441 483 472 ι’τοῦτο
500 437 567 471 εἶναι
578 441 673 471 ἐδόκει.
690 442 734 481 Τῇ
749 440 776 470 δὲ
791 440 879 480 ἡμέρᾳ
893 459 917 478 49
931 437 963 467 id
973 438 1106 479 vituperio
1116 449 1172 469 esse
1178 438 1366 470 videbatui-‚Q
1376 440 1414 468 In
1424 438 1471 467 die
1480 438 1536 466 illa
1544 438 1676 477 splende-

102 490 190 529 ἐκείνῃ
205 489 352 529 ἐπιλάμψιι
363 491 377 518 ὁ
387 485 455 521 Θεὸς
468 489 496 517 ἐν
510 489 592 527 βουλῇ
604 486 671 526 μετὰ
685 486 762 522 δόξης
772 486 816 515 ἐπὶ
831 488 878 521 τῆς
896 489 915 508 Α

101 538 150 575 γῆς
160 559 169 573 ,
189 538 236 566 τοῦ
247 537 352 576 ὑψῶσαι
364 534 409 564 καὶ
423 537 469 563 τοῦ
484 533 591 568 δοξάσαι
602 533 633 562 τὸ
646 531 818 572 καταλειφθὲν
830 534 876 561 τοῦ

103 581 222 622 Ἰσραήλ.
258 581 370 617 Ἐπειδὴ
397 580 498 620 σφόδρα
523 579 660 609 κατέσεισε
687 578 736 615 τὴν
762 578 877 608 διάνοιαν

102 629 234 667 αὗτῶντῇ
249 628 302 656 τῶν
319 627 445 667 λυπηρῶν
468 627 580 665 ἀπειλῇ,
605 625 650 654 καὶ
669 624 718 660 τὴν
741 623 877 664 συμφορὰν

104 675 199 707 ἱκανῶς
212 672 398 713 ἐτραγῴδησε,
420 672 466 702 καὶ
481 671 582 711 μακρὸν
600 670 720 700 ἀπέτεινε
744 670 822 709 λόγον
844 669 877 698 τὰ

105 719 203 760 φοὸερὰ
217 718 396 759 διηγούμενος,
407 721 419 734 ⁸
427 718 587 757 μεταὸάλλει
601 717 693 746 λοιπὸν
705 716 748 746 ἐπὶ
760 717 794 745 τὰ
805 728 875 757 χρη-

106 765 224 806 στότερα.
251 767 338 795 Τοῦτο
363 764 414 805 γὰρ
436 763 553 804 ἰατρείας
568 763 678 803 ἀρίστης
696 764 792 802 τρόπος
803 786 811 800 ,
840 763 876 802 μὴ

104 811 210 850 τέμνειν
223 810 291 850 μηδὲ
298 810 381 840 καίειν
392 810 469 850 μόνον
480 832 489 845 ,
503 809 572 839 ἀλλὰ
585 809 687 842 καὶτὰς
701 810 798 839 ἐκεῖθεν
808 821 878 849 γινο-

107 857 187 897 μένας
208 857 300 891 ὀδύνας
321 855 467 897 προσηνέσι
490 858 702 896 παραμυθεῖσθαι
715 855 863 895 φαρμάκοις
872 867 878 873 ·

105 906 182 933 τοῦτο
202 903 234 940 δὴ
248 903 293 933 καὶ
307 902 384 936 αὐτὸς
396 906 475 932 ποιεῖ.
484 903 524 932 Οὐ
537 902 589 941 γὰρ
601 901 633 938 δὴ
647 903 686 934 εἰς
692 901 727 931 τὰ
736 901 880 941 σκυθρωπὰ

105 948 262 979 καταλύσειν
281 948 362 989 ἔφησε
375 948 406 978 τὸ
429 953 483 977 πᾶν
494 970 502 984 ,
527 947 597 977 ἀλλὰ
623 946 636 963 ¹¹
647 949 700 976 τῶν
715 949 837 987 πονηρῶν
850 948 880 976 ἐκ

107 995 188 1035 μέσου
198 994 349 1037 ληφθέντων
361 993 530 1034 διαδέχεσθαι
539 992 573 1022 τὰ
582 993 750 1033 χρηστότερα
759 1005 766 1011 ·
780 992 825 1022 καὶ
834 994 882 1022 οὐκ

107 1041 268 1081 ἀπαλλαγὴν
281 1041 386 1071 ἔσεσθαι
400 1040 478 1079 μόνον
490 1042 544 1069 τῶν
560 1040 662 1075 ἀηδῶν,
679 1039 747 1068 ἀλλὰ
760 1038 806 1068 καὶ
818 1039 882 1068 πολ-

106 1087 155 1124 λὴν
168 1087 216 1124 τὴν
229 1085 400 1127 περιφάνειαν
413 1087 458 1116 καὶ
477 1085 596 1125 μεγάλην
618 1085 666 1120 τὴν
690 1084 879 1125 λαμπρότητα.

109 1135 197 1164 Τοῦτο
209 1133 262 1173 γὰρ
271 1132 416 1172 ἐπίλαμψιν
428 1134 498 1163 Θεοῦ
518 1133 610 1166 καλεῖ,
624 1131 654 1161 τὸ
664 1130 755 1164 σκότος
764 1133 812 1167 τῆς
824 1132 882 1160 ἄθυ-

109 1179 171 1219 μίας
196 1179 325 1215 λύουσαν,
347 1178 392 1208 καὶ
407 1177 519 1218 φαιδρὰν
546 1179 673 1207 ποιοῦσαν
693 1175 795 1216 ἡμέραν
806 1198 813 1211 ,
837 1175 882 1205 καὶ

108 1229 258 1265 περιφανεῖς
271 1221 447 1254 καθιστῶσαν.
464 1223 504 1253 Τὸ
519 1222 562 1260 δὲ,
583 1222 631 1252 Ἐν
645 1223 744 1262 βουλῇ,
767 1221 807 1251 ὅτι
818 1233 880 1250 συν-

110 1272 190 1307 ετιῖις,
205 1270 285 1311 φησὶ,
299 1270 386 1299 πάντα
397 1269 552 1309 ἐργάσεται,
566 1268 611 1298 καὶ
631 1268 698 1307 μετὰ
717 1270 765 1303 τῆς
778 1279 880 1308 προση-

109 1317 207 1353 κούσης
222 1317 293 1357 αὐτῷ
304 1316 406 1356 σοφίας.
427 1316 481 1346 Καὶ
503 1315 578 1345 ἔσται
590 1315 621 1345 τὸ
648 1313 821 1354 καταλειφθὲν
835 1316 881 1343 τοῦ

111 1362 220 1404 Ἰσραὴλ
233 1362 260 1392 ἰν
282 1362 371 1399 Σιὼν,
390 1361 435 1392 καὶ
461 1361 492 1391 τὸ
514 1360 687 1403 καταλειφθὲν
708 1362 736 1390 ἐν
749 1360 882 1400 Ἰερουσα-

113 1409 171 1449 λὴμ
182 1430 190 1445 ,
217 1409 288 1448 ἅγιοι
312 1408 489 1445 κληθήσονται
515 1407 612 1441 πάντες
633 1409 657 1437 οἱ
681 1406 823 1447 γραφέντες
846 1408 883 1439 εἰς

114 1455 183 1492 ζωὴν
196 1457 224 1485 ἐν
239 1454 426 1495 Ἰερουσαλήμ.
452 1454 512 1484 Ἵνα
530 1455 616 1494 μάθῃς
636 1454 677 1484 ὅτι
697 1455 726 1484 οὗ
744 1453 884 1494 συντυχίας

114 1502 183 1536 τινὸς
193 1505 211 1539 ἡ
225 1502 343 1542 σωτηρία
354 1501 444 1541 γέγονε
456 1504 508 1531 τῶν
522 1501 700 1542 διαφυγόντων
707 1500 751 1530 τὸν
759 1499 884 1536 κίνδυνον,

933 486 972 514 bit
981 485 1062 514 Deus
1073 487 1105 515 in
1115 486 1239 516 concilio
1248 495 1312 515 cum
1322 485 1417 525 gloria
1426 491 1637 524 superterram,
1645 491 1675 513 ul

932 532 1041 561 exaltet
1053 539 1081 560 et
1091 533 1234 573 glorificet
1244 532 1325 572 quod
1334 531 1470 561 relictum
1482 536 1526 560 est
1545 530 1674 560 Israelis.

931 577 1003 614 Quia
1017 588 1051 607 ex
1063 578 1182 608 tristium
1199 578 1404 608 comminatione
1425 576 1544 607 animum
1566 576 1675 606 illorum

931 622 1079 653 admodum
1090 625 1234 662 concussit,
1244 631 1270 653 et
1280 623 1458 654 calamitatem
1473 623 1536 652 satis
1546 622 1676 657 traduxit,

931 669 1066 708 longoque
1079 681 1201 700 sermone
1214 669 1345 700 terribilia
1369 670 1499 706 narravit,
1516 668 1551 697 ad
1566 667 1675 697 mellora

931 714 1041 745 demum
1053 727 1082 746 se
1088 717 1228 746 convertit.
1235 715 1286 746 Illa
1298 714 1517 745 enimmedicinae
1527 711 1677 754 optimam·-

931 761 969 790 tio
982 769 1032 799 est,
1041 772 1094 791 non
1104 762 1193 792 solum
1208 773 1295 793 secare
1309 769 1334 791 et
1345 772 1432 797 urere,
1440 760 1487 790 sed
1496 760 1603 790 dolores
1616 760 1678 790 inde

932 815 1024 848 partos
1035 809 1206 839 dulcioribus
1218 809 1370 850 pharmacis
1383 808 1467 837 lenire
1481 819 1487 835 :
1501 807 1530 836 id
1541 807 1598 848 ipse
1608 818 1680 837 nunc

932 854 1006 884 facit.
1022 855 1116 894 Neque
1129 855 1201 884 enim
1213 856 1241 885 in
1254 855 1342 885 tristia
1355 861 1442 884 totum
1455 853 1608 883 desiturum
1623 865 1679 883 esse

933 901 982 938 ait,
997 901 1044 931 sed
1057 902 1136 932 malis
1150 903 1184 932 de
1197 902 1286 932 medio
1300 902 1413 932 sublatis
1427 901 1538 930 meliora
1552 908 1678 931 eventura

934 959 1003 979 essm
1017 958 1103 987 neque
1123 956 1227 978 tantum
1250 958 1430 977 aerumnarum
1443 947 1604 976 solutionem
1623 948 1679 977 sore

899 998 917 1020 B
935 995 983 1029 ait,
1005 994 1052 1024 sed
1072 994 1152 1023 etiam
1172 995 1289 1024 multum
1310 993 1481 1034 splendorem
1503 1004 1680 1033 magnamque

935 1042 1092 1071 claritatem.
1116 1043 1174 1071 Hoc
1203 1042 1275 1072 enim
1301 1041 1511 1072 illustrationem
1532 1042 1582 1071 Dei
1602 1049 1680 1072 vocat

934 1098 993 1126 quae
1013 1087 1129 1117 tristitiae
1148 1088 1269 1118 tenebras
1282 1088 1379 1125 solvat,
1395 1087 1536 1126 laetamque
1547 1087 1620 1116 diem
1631 1098 1679 1127 pa-

935 1133 997 1170 riat,
1022 1133 1149 1173 ipsosque
1171 1133 1333 1163 illustriores
1348 1133 1452 1163 reddat.
1478 1133 1554 1163 Illud
1579 1140 1678 1169 autem,

934 1182 973 1208 In
983 1179 1116 1215 consilio,
1127 1175 1260 1219 siguificat
1270 1190 1332 1209 eum
1344 1179 1491 1220 prudenter
1504 1180 1593 1209 omnia
1606 1180 1679 1209 face—

934 1236 975 1262 re,
987 1232 1014 1255 et
1033 1235 1096 1255 cum
1116 1226 1247 1266 sapientia
1266 1226 1319 1255 sibi
1342 1226 1512 1266 competenti.
1527 1228 1556 1256 5.
1570 1227 1612 1255 Et
1626 1229 1681 1256 erit

934 1272 1015 1312 quod
1029 1273 1175 1301 residuum
1181 1272 1278 1313 fuerit
1291 1272 1412 1302 Israiilis
1428 1275 1460 1301 in
1469 1272 1550 1310 Sion,
1563 1279 1592 1302 et
1603 1275 1683 1313 quod

934 1319 1069 1348 relictum
1079 1318 1176 1359 fuerit
1188 1319 1220 1347 in
1233 1318 1413 1355 Jerusalem,
1425 1322 1521 1348 sancti
1531 1321 1680 1348 vocabun-

936 1370 984 1394 tur·
992 1375 1091 1394 omnes
1104 1366 1154 1405 qui
1168 1367 1269 1404 scripti
1277 1372 1345 1395 sunt
1357 1365 1399 1394 ad
1411 1367 1507 1394 vitam
1520 1368 1552 1394 in
1561 1367 1681 1396 Jerusa-

937 1411 1004 1440 lem.
1018 1412 1057 1441 Ut
1076 1411 1143 1441 scias
1164 1421 1218 1440 non
1241 1411 1351 1442 fortuito
1372 1422 1435 1441 casu
1457 1412 1571 1442 salutem
1592 1419 1682 1442 nactos

937 1468 993 1487 esse
1004 1467 1048 1487 eos
1061 1458 1109 1497 qui
1134 1458 1287 1498 periculum
1309 1458 1471 1499 effugerunt,
1499 1459 1546 1488 sed
1571 1459 1683 1489 caelcstis

937 1505 1072 1535 sententiae
1084 1504 1191 1535 decreto
1205 1506 1333 1539 munitos,
1344 1506 1425 1536 etiam
1446 1506 1472 1535 in
1493 1506 1590 1536 mediis
1605 1507 1683 1535 malis

114 1549 173 1578 ἀλλ’
189 1549 220 1578 ἐκ
232 1550 280 1584 τῆς
289 1548 387 1577 ἄνωθεν
399 1547 488 1588 ψήφου
502 1546 684 1588 τειχισθέντες,
698 1546 743 1576 καὶ
757 1547 782 1576 ἕν
798 1545 886 1585 μέσοις
902 1551 920 1575 C
937 1562 991 1581 non
1011 1558 1102 1592 captos
1122 1551 1214 1589 fuisse,
1226 1551 1287 1582 ideo
1294 1552 1332 1582 ait
1349 1563 1355 1579 :
1372 1553 1473 1583 Sancti
1495 1555 1683 1584 vocabuntur·

115 1598 170 1627 τοῖς
189 1595 282 1628 δεινοῖς
301 1594 374 1627 ὄντες
389 1595 440 1634 οὐχ
465 1593 584 1623 ἑάλωσαν
592 1616 600 1630 ,
625 1592 669 1622 διὰ
690 1591 768 1622 τοῦτό
788 1603 867 1632 φησιν
878 1603 885 1610 ·

115 1639 201 1678 Ἅγιοι
213 1639 390 1675 κληθήσονται
406 1638 502 1674 πάντες
516 1640 540 1669 οἱ
553 1638 694 1679 γραφέντες
706 1640 743 1671 εἷς
765 1637 834 1673 ζωὴν
859 1639 886 1666 ἐν

116 1685 300 1725 Ἰερουσαλήμ,
310 1687 346 1716 Οἱ
359 1685 555 1726 ἀφορισθέντες,
568 1686 661 1726 φησὶν,
676 1688 700 1715 οἱ
717 1685 886 1724 δοκιμασθέν-

116 1743 168 1767 τες,
178 1735 190 1748 ⁶
200 1734 224 1762 οἱ
236 1731 408 1769 τυπωθέντες,
420 1731 502 1771 μηδὲν
516 1733 608 1760 παθεῖν
619 1731 713 1761 δεινόν.
725 1730 844 1763 Εἰκότως
857 1731 886 1760 δὲ

117 1778 210 1811 αὖτοὺς
219 1778 306 1817 ἁγίους
319 1779 411 1813 καλεῖ,
432 1777 533 1810 δεικνὺς
544 1800 552 1814 ,
573 1776 613 1807 ὅτι
626 1778 676 1817 οὐχ
690 1777 780 1810 ἁπλῶς
792 1778 806 1805 ὁ
820 1779 886 1817 ἀφο-

117 1824 209 1864 ρισμὸς
234 1823 328 1857 αὐτοὺς
348 1823 511 1859 ἀπήλλαξεν,
535 1822 594 1852 οὐδὲ
615 1823 705 1856 ἁπλῶς
717 1825 736 1859 ἡ
749 1825 794 1852 τοῦ
816 1823 887 1852 Θεοῦ

115 1872 214 1911 ψῆφος·
233 1869 303 1900 ἀλλά
315 1882 342 1899 τι
355 1869 401 1902 καὶ
414 1872 431 1905 ἡ
441 1871 494 1899 τῶν
507 1868 612 1909 τρόπων
624 1868 774 1908 εἰσήνεγκεν
789 1868 869 1908 ἀρετὴ
878 1890 886 1903 ,

116 1916 170 1946 εἴτε
183 1916 312 1956 προτέρα,
330 1916 383 1945 εἶτε
403 1915 471 1955 μετὰ
487 1918 580 1945 ταῦτα.
598 1915 633 1944 Εἰ
644 1914 695 1955 γὰρ
708 1914 752 1944 καὶ
775 1914 887 1955 χρηστοί

116 1973 183 1995 τινες
201 1957 269 1997 ἦσαν
282 1961 328 1991 καὶ
344 1963 467 1994 ἐπιεικεῖς
475 1983 483 1997 ,
501 1960 562 1991 ἀλλ’
572 1962 643 1999 ὅμως
653 1961 704 1990 ὑπὸ
710 1963 763 1990 τῶν
771 1960 888 1999 συμὸάν-

116 2019 169 2037 των
184 2007 301 2047 βελτίους
318 2006 435 2047 ἐγένοντο
444 2006 489 2036 καὶ
498 2007 690 2047 ἀκριὸέστεροι.
702 2006 829 2046 Καθάπερ
836 2006 886 2046 γὰρ

116 2054 148 2083 τὸ
160 2053 269 2094 χρυσίον
281 2055 320 2092 τῷ
331 2053 395 2093 πυρὶ
409 2052 617 2093 παραδιδόμενον
633 2057 721 2082 πᾶσαν
734 2053 887 2082 ἀποτίθεται

117 2101 230 2136 κηλῖδα,
251 2099 320 2129 οὕτω
334 2099 380 2129 καὶ
394 2101 418 2129 οἱ
434 2099 572 2129 σπουδαῖοι
589 2098 787 2139 σπουδαιότεροι
810 2098 888 2128 καθί-

118 2158 228 2176 στανται
252 2147 279 2176 ἐν
294 2151 348 2180 τοῖς
374 2149 544 2187 πειρασμοῖς,
572 2150 660 2175 πᾶσαν
683 2145 888 2184 ἀπονιπτόμενοι

120 2192 256 2231 ῥᾳθυμίαν.
270 2191 337 2222 Ὅτι
350 2193 473 2222 ἐκπλυνεῖ
484 2191 581 2232 Κύριος
593 2191 637 2221 τὸν
653 2191 733 2232 ῥύπον
754 2193 806 2220 τῶν
825 2193 888 2220 υἱῶν

120 2237 165 2266 καὶ
175 2239 226 2267 τῶν
238 2238 387 2278 θυγατέροιν
400 2237 486 2273 Σιὼν,
499 2237 586 2267 καὶτὸ
599 2233 666 2276 αἷμα
685 2239 835 2276 ἐκκαθαριεῖ
859 2238 889 2266 ἰκ

121 2283 202 2321 μέσου
212 2285 296 2313 αὐτῶν
308 2283 438 2323 πνεύματι
449 2283 559 2323 κρίσεως
569 2283 614 2313 καὶ
624 2283 754 2322 πνεύματι
764 2282 889 2316 καύσεως.

157 2361 170 2381 ¹²
187 2365 257 2388 τοῦτο
263 2367 322 2394 post
330 2364 409 2392 ὄνειδος
418 2362 443 2387 in
451 2362 541 2387 Bavar.
554 2367 580 2387 et
587 2361 674 2386 Morel.
685 2360 766 2392 adest,
777 2361 801 2386 iu
812 2361 873 2394 neg.

121 2409 146 2428 et
157 2400 233 2428 Savil.
245 2410 295 2427 non
308 2399 422 2428 habetur.

153 2449 164 2460 ·
182 2440 269 2466 noret.
286 2443 434 2473 μιταὸάλλιι.
446 2440 524 2467 savit.
538 2443 719 2474 μεταλαμὸάνιι,
735 2446 761 2464 et.
771 2440 798 2465 iu
809 2448 876 2465 ruar-

122 2483 178 2515 gine
187 2486 261 2506 notat.
271 2485 322 2509 ἴσως
330 2482 468 2513 μιταθαίνει.

154 2521 168 2540 ¹³
185 2527 233 2547 Τῶν
241 2526 346 2555 πονηρῶν
355 2523 379 2546 ἐκ
391 2522 463 2552 μέσου
474 2522 611 2555 ληφθέντων.
621 2518 685 2544 nasi
697 2518 877 2552 aliquantulum

125 2569 156 2586 an
166 2562 200 2586 sic
210 2561 508 2594 interpretat-inponeret
518 2573 521 2586 ς
535 2560 652 2593 improbis
661 2560 691 2584 de
704 2559 785 2584 medio
797 2558 880 2583 subla-

937 1608 1037 1627 omnes
1048 1599 1099 1638 qui
1113 1599 1210 1637 scripti
1221 1604 1290 1628 sunt
1301 1599 1343 1627 ad
1351 1600 1446 1627 vitam
1456 1601 1487 1627 in
1503 1600 1677 1630 Jerusalem.

938 1645 994 1682 Qui
1014 1644 1143 1685 segregati
1162 1651 1236 1681 suut,
1259 1645 1357 1684 inquit,
1380 1646 1427 1684 qui
1444 1645 1561 1685 probati,
1575 1647 1623 1685 qni
1644 1648 1680 1676 si-

938 1691 1023 1727 gnati,
1038 1697 1069 1719 ut
1083 1689 1152 1719 nihil
1172 1690 1237 1719 mali
1258 1697 1421 1730 paterentur.
1433 1692 1500 1721 Jure
1515 1698 1603 1721 autern
1621 1693 1683 1722 illos

939 1742 1043 1765 sanctos
1066 1742 1155 1773 vocat,
1174 1735 1315 1765 ostendens
1338 1737 1551 1776 segregationem
1570 1747 1622 1767 non
1644 1746 1683 1768 te·
1714 1739 1721 1745 '

940 1792 1022 1818 mere,
1048 1792 1096 1812 nec
1118 1782 1175 1811 sine
1203 1792 1282 1811 causa
1308 1782 1359 1811 Dei
1380 1781 1516 1812 decretum
1543 1783 1605 1814 illos
1630 1795 1683 1814 ser-

942 1838 1019 1858 vasse
1035 1839 1042 1855 =
1058 1827 1105 1857 scd
1133 1827 1239 1867 aliquid
1264 1827 1306 1857 illi
1323 1828 1363 1859 rei
1382 1829 1526 1859 contulisse
1542 1829 1682 1867 virtutem,

940 1874 998 1904 sive
1018 1885 1049 1903 ea
1069 1874 1230 1915 praecesserit
1242 1897 1250 1911 ,
1274 1874 1332 1904 sive
1357 1881 1418 1914 post
1447 1875 1612 1914 subsequuta
1636 1878 1681 1907 sit.

941 1921 1055 1951 Etiamsi
1075 1921 1146 1950 enim
1165 1920 1229 1950 boni
1252 1920 1362 1960 quidam
1383 1921 1485 1951 fuerint
1498 1929 1523 1951 et
1545 1923 1626 1962 aequi,
1641 1931 1684 1953 at-

941 1974 1028 1997 tamen
1050 1978 1084 1997 ex
1103 1967 1136 1996 iis
1157 1978 1217 2006 quae
1247 1967 1417 2008 contigerunt
1440 1968 1563 1999 meliores
1584 1981 1615 1999 ac
1639 1971 1683 1999 di-

941 2012 1093 2053 ligentiores
1117 2019 1268 2043 evaserunt.
1292 2013 1528 2050 Quemadmodum
1545 2016 1616 2046 enim
1636 2028 1685 2046 au*

906 2063 925 2085 Ι)
941 2069 1003 2088 rum
1019 2057 1075 2098 igni
1093 2058 1224 2088 traditum
1243 2069 1348 2088 omnem
1368 2061 1481 2089 scoriam
1500 2061 1624 2102 deponit,
1646 2064 1685 2092 sic

942 2111 968 2135 et
981 2104 1059 2145 probi
1072 2105 1099 2134 in
1118 2104 1309 2134 tentationibus
1330 2106 1467 2146 probiores
1484 2107 1564 2145 siunt,
1579 2119 1685 2139 omnem

943 2149 1080 2179 abluentes
1100 2148 1258 2179 socordiam.
1276 2150 1306 2178 k.
1325 2150 1402 2188 Quia
1420 2151 1521 2181 abluet
1541 2153 1686 2182 Dominus

943 2194 1057 2223 sordem
1058 2193 1195 2233 filiorum
1207 2194 1371 2234 etfiliarum
1382 2194 1464 2231 Sion,
1473 2201 1502 2224 et
1512 2198 1685 2237 sanguinem

944 2239 1116 2279 expurgabit
1133 2237 1170 2266 de
1186 2239 1281 2268 medio
1301 2248 1400 2268 eorum
1411 2241 1513 2278 spiritu
1529 2241 1644 2279 judicii,
1657 2248 1686 2270 et

945 2283 1048 2322 spiritu
1066 2282 1190 2311 ardoris.
1206 2282 1350 2322 Duplicem
1362 2282 1407 2312 hic
1425 2283 1496 2312 'mihi
1512 2283 1620 2313 videtur
1639 2283 1684 2313 di-

924 2362 963 2392 tis,
977 2368 1010 2385 an
1022 2360 1097 2384 malis·
1107 2368 1147 2384 seu
1158 2360 1267 2384 tristibus
1278 2361 1313 2384 de
1321 2361 1403 2385 medio
1419 2361 1534 2386 sublatis.
1546 2361 1582 2385 Ea
1592 2362 1684 2394 quippe

924 2407 973 2425 vox
984 2405 1087 2434 πονηρῶν
1098 2399 1211 2433 priorem
1227 2400 1310 2432 potius
1323 2398 1449 2432 requirere
1460 2400 1600 2424 versionem
1611 2400 1684 2425 vide-

925 2438 1000 2463 batur
1009 2450 1016 2470 ς
1025 2437 1068 2462 sed
1076 2446 1106 2462 ex
1119 2438 1181 2463 serie
1192 2444 1217 2463 et
1224 2440 1380 2465 connexione
1390 2439 1546 2470 sequentium
1560 2441 1685 2471 posterio-

926 2486 980 2503 rem
990 2476 1076 2508 malui,
1089 2482 1114 2502 et
1122 2478 1157 2502 sio
1170 2478 1245 2503 vertit
1254 2485 1353 2510 quoque
1363 2476 1520 2501 Tilmannus.

963 2525 974 2537 e
990 2522 1016 2543 οὶ
1029 2519 1167 2546 τυπωθὲντες
1180 2516 1248 2541 deest
1261 2517 1285 2541 iu
1301 2515 1377 2541 Savil.
1392 2521 1416 2540 et
1428 2516 1489 2548 neg.
