1904 2840
259 204 327 240 862

257 279 359 310 diaboli
383 288 435 308 non
459 276 596 306 invenitur
611 276 722 306 bonum.
746 276 816 306 Nam
838 276 908 305 sicut
925 277 999 305 Deus
1016 278 1036 302 Α

258 322 285 349 in
306 320 386 349 domo
403 328 452 347 sua
469 327 522 346 non
542 316 602 346 vult
621 315 714 345 videre
734 315 847 353 malum,
870 316 1000 345 sustinere

258 366 347 389 autem
364 357 472 387 videtur
485 367 533 396 pro
547 363 664 395 tempore
677 355 790 391 malum,
810 366 863 385 non
877 356 940 395 quia
951 355 1000 384 de—

258 400 370 428 lectatur
381 397 408 426 in
422 397 504 432 malo,
513 396 558 425 sed
568 403 597 425 ut
607 402 744 425 convertat
752 405 814 424 eum
828 395 863 424 ad
875 395 978 424 bonum
990 407 997 424 z

258 439 296 468 sic
303 445 329 468 et
338 437 463 466 diabolus
470 436 497 465 in
506 435 587 465 domo
597 446 646 464 sua
653 445 706 464 non
717 434 778 464 vult
785 435 877 464 videre
888 435 999 472 bonum,

259 478 387 508 sustinere
399 487 464 505 vero
478 475 584 505 videtur
598 475 711 511 bonum,
727 484 780 503 non
802 476 867 514 qnia
879 472 1000 504 “delecta-

257 525 302 547 tur
323 518 351 546 in
371 517 452 551 bono,
469 515 517 545 sed
537 521 566 544 ut
584 514 694 544 suadeat
708 524 770 543 eum
790 514 818 543 in
836 514 949 543 malum.
965 514 1001 544 Et

259 559 331 587 Deus
337 555 446 596 quidem
453 565 583 596 persuam
592 553 803 583 benevolentiam
813 561 890 584 vocat
898 553 1000 583 malum

259 597 293 626 ad
305 597 417 631 bonum,
433 602 463 624 ut
483 605 535 624 non
549 594 714 630 necessitate,
728 593 775 622 sed
788 593 926 623 voluntate
938 603 1001 623 cor-

258 637 361 676 rigatur
385 634 420 663 ad
445 635 556 664 bonum.
582 634 713 663 Diabolus
739 640 829 662 autem
853 644 901 673 per
924 643 1002 663 suam

258 676 414 706 violentiam
425 674 593 715 persequitur
606 673 718 710 bonum,
735 679 763 702 ut
776 673 824 702 etsi
839 683 890 702 non
904 673 1002 702 volun-

259 722 322 752 tate,
343 716 436 745 velex
448 714 602 743 necessitate
619 720 730 752 cogatur
743 712 778 742 ad
797 713 910 741 malum.
927 713 1004 752 Fuge

259 762 349 785 autem
359 754 502 791 mundum,
515 753 723 790 conversatione,
734 762 787 781 non
799 762 920 792 corpore.
932 753 1002 781 Nam

259 802 286 825 et
297 795 355 836 ipse
368 793 485 823 mundus
495 803 547 822 non
560 800 655 822 natura
667 792 771 822 diaboli
783 798 832 828 cst,
845 792 890 821 sed
906 802 1003 821 corru-

260 836 362 876 ptione.
373 836 430 864 Nec
439 834 473 863 ab
483 833 560 862 initio
573 832 635 862 fecit
646 833 717 862 hunc
726 831 858 861 mundum
868 831 1002 868 diabolus,

261 875 308 904 sed
329 877 519 913 Deus:postea
542 873 712 912 corruptione
733 873 817 902 factus
828 878 868 900 est
886 871 1001 901 diaboli.
1018 879 1037 902 B

157 926 252 948 Mundus
263 915 335 955 Ergo
346 913 464 943 mundus
475 912 585 952 quidem
598 912 655 951 ipse
672 912 722 941 Dei
733 917 772 941 est
787 923 794 940 e
810 911 946 951 corruptio
957 922 1006 940 au-

113 956 155 978 Det
165 974 171 983 η
217 962 238 979 ²2
263 961 315 984 tem
328 953 434 989 mundi,
448 952 550 982 diaboli
561 958 610 981 est.
624 952 653 982 Si
664 962 726 997 ergo
739 951 774 980 de
785 951 853 980 mala
865 961 1005 980 conversa-

113 989 209 1010 mundus

113 1019 204 1042 diaboli.

263 994 333 1024 tione
346 991 496 1029 recesseris,
512 992 561 1021 etsi
577 1002 623 1020 cor
643 1003 688 1021 ore
701 1002 738 1020 sis
752 991 779 1020 in
793 990 906 1027 mundo,
921 1001 1006 1020 reces-

263 1035 328 1064 sisse
339 1034 441 1063 videris
452 1030 486 1061 de
498 1031 599 1061 mundo
634 1031 727 1068 iaboli,
742 1037 767 1060 et
779 1041 836 1060 esse
845 1030 874 1059 in
889 1030 1002 1059 mundo.

264 1075 342 1103 Nunc
363 1073 436 1113 qnod
461 1072 592 1108 vivimus,
616 1072 643 1100 in
666 1071 716 1100 Dei
737 1070 840 1100 mundo
859 1071 1000 1100 vivimus:

263 1113 337 1152 quod
357 1121 445 1143 autem
463 1121 603 1152 peccamus
615 1134 623 1148 ,
643 1111 671 1139 in
694 1110 797 1140 diaboli
816 1109 918 1140 mundo
938 1120 1004 1150 pec-

264 1164 364 1182 camus.
380 1154 455 1192 Fuge
473 1162 536 1191 ergo
554 1151 588 1180 de
608 1150 726 1188 mundo,
746 1150 775 1179 id
795 1156 849 1187 est,
873 1149 908 1179 de
927 1149 1004 1179 volu-

263 1193 380 1232 ptatibus
403 1191 513 1228 mundi,
533 1201 566 1219 ne
585 1191 651 1220 forte
669 1189 771 1220 diutius
787 1190 880 1219 vivens
896 1189 922 1218 in
942 1200 1006 1229 pos-

264 1233 378 1261 sessione
391 1242 502 1271 operum
523 1231 589 1270 ejus,
603 1231 650 1259 fias
662 1230 789 1269 proprius
802 1239 894 1259 servus
907 1229 1002 1269 ipsius.

264 1272 339 1301 Sicut
362 1272 493 1310 ingenuus
515 1269 596 1298 homo
618 1270 641 1299 si
662 1269 767 1298 diutius
787 1269 815 1298 in
840 1269 1005 1308 possessione

263 1311 307 1340 vel
321 1309 401 1339 domo
420 1309 533 1349 potentis
546 1309 660 1348 alicujus
673 1315 699 1337 et
713 1309 823 1338 violenti
838 1308 917 1336 fuerit
928 1318 1004 1337 com-

263 1357 393 1386 moratus,
407 1360 455 1389 per
467 1349 658 1388 possessionem
672 1347 745 1387 longi
757 1347 883 1386 temporis
895 1357 944 1381 usu
958 1358 1003 1376 ca-

263 1391 304 1429 pit
317 1400 379 1419 eum
391 1389 418 1418 in
430 1388 556 1418 servitute
571 1400 577 1416 τ
594 1387 631 1416 sic
642 1394 668 1416 et
680 1387 760 1415 homo
773 1386 796 1415 si
809 1386 912 1415 diutius
925 1386 1006 1415 suerit

264 1430 292 1458 in
307 1429 470 1469 possessione
483 1426 595 1462 diaboli,
615 1437 666 1455 usu
679 1426 753 1465 longi
768 1425 894 1465 temporis
909 1425 1003 1455 vendi-

265 1476 307 1498 cat
314 1469 366 1498 sibi
377 1467 528 1498 dominium
537 1477 567 1495 su
604 1477 616 1495 r
627 1476 699 1502 eum,
710 1466 746 1494 ita
757 1472 786 1494 ut
798 1475 874 1494 nemo
884 1475 912 1494 se
922 1465 1005 1504 possit
1020 1469 1039 1493 C

264 1519 280 1537 a
296 1508 475 1538 dominatione
485 1476 728 1542 diabolieliberare,
742 1504 793 1533 nisi
812 1504 868 1533 sola
887 1505 1006 1544 potentia

264 1548 325 1577 Dei.
340 1549 389 1577 50.
408 1548 466 1585 Qui
475 1557 533 1575 non
544 1552 585 1574 est
594 1555 716 1580 mecum,
731 1545 886 1573 adversum
899 1555 944 1573 me
950 1551 1003 1573 est.

264 1587 373 1617 Diaboli
385 1587 509 1616 voluntas
522 1595 581 1624 quae
594 1585 651 1614 est?
665 1586 766 1614 Rerum
786 1584 928 1612 malarum.
945 1585 1007 1613 Mea

263 1634 350 1657 autem
361 1637 420 1665 quae
431 1626 489 1655 est?
503 1627 604 1654 Rerum
617 1625 759 1653 bonarum.
773 1623 845 1654 Vide
855 1634 930 1662 ergo,
943 1623 1007 1662 quia

265 1678 325 1696 cum
335 1677 385 1695 non
395 1666 446 1695 sim
455 1676 516 1695 cum
525 1664 644 1699 diabolo,
652 1663 780 1693 adversus
787 1662 927 1692 diabolum
934 1673 1005 1691 sum.

265 1707 340 1736 Sicut
353 1706 424 1735 enim
439 1706 539 1735 bonum
552 1714 603 1733 non
617 1711 656 1733 est
670 1713 731 1732 cum
746 1703 828 1739 mato,
844 1702 890 1732 sed
904 1713 1008 1742 semper

265 1745 395 1776 adversus
406 1746 509 1774 malum
524 1756 530 1772 :
545 1744 583 1773 sic
594 1754 645 1773 non
660 1750 722 1772 sunt
734 1753 835 1779 secum,
851 1742 896 1772 sed
910 1741 1009 1773 adver-

266 1796 311 1815 sus
325 1797 363 1822 se,
376 1786 475 1824 quibus
488 1791 513 1813 ct
535 1783 660 1813 voluntas
680 1783 811 1812 contraria
825 1789 874 1818 est,
889 1789 915 1811 et
928 1793 1004 1823 opus.

267 1825 318 1855 llle
336 1825 464 1866 praedicat
485 1823 699 1858 fornicationem,
722 1833 771 1861 ego
795 1823 952 1852 castitatem.
973 1822 1008 1851 Et

269 1865 328 1894 ideo
339 1865 444 1905 repellit
457 1865 503 1893 ille
515 1870 611 1900 castos,
624 1870 649 1892 et
659 1869 800 1902 congregat
810 1862 925 1892 lascivos
940 1872 1008 1900 :ego

268 1912 355 1934 autem
376 1904 476 1944 repello
498 1904 622 1938 lascivos,
643 1910 669 1931 et
689 1912 820 1941 congrego
839 1909 938 1941 castos;
960 1902 1007 1932 ille

267 1944 344 1974 docet
363 1943 537 1978 discordiam,
561 1953 609 1981 ego
631 1952 739 1982 pacem3
756 1942 801 1970 ille
823 1941 1008 1972 seditionarios

268 1991 408 2023 congregat
419 1990 444 2012 ct
453 1983 583 2018 turbatos,
596 1993 644 2021 ego
656 1989 743 2011 autem
750 1982 887 2011 unanimes
897 1989 922 2011 et
929 1993 1008 2011 man-

268 2031 366 2053 suetos.
383 2022 455 2053 Vide
477 2033 539 2061 crgo
552 2021 615 2060 quia
638 2031 689 2050 non
715 2032 845 2061 congrego
864 2033 926 2051 cum
947 2022 1005 2058 illo,

269 2063 317 2092 sed
329 2063 464 2102 dispergo.
483 2063 575 2091 Minus
596 2060 673 2096 dicit,
688 2068 717 2090 ut
728 2061 845 2100 amplius
862 2062 1003 2101 significet.
1021 2070 1041 2093 Ι)

269 2102 298 2132 Si
313 2103 383 2131 enim
397 2102 444 2141 qui
469 2112 572 2131 mecum
588 2111 641 2129 non
661 2108 716 2138 est,
731 2101 875 2130 adversum
886 2112 928 2130 me
940 2108 979 2131 est
999 2114 1006 2131 :

269 2149 369 2180 quanto
384 2141 467 2180 magis
484 2141 531 2179 qui
550 2140 692 2170 adversum
703 2151 745 2170 me
764 2147 813 2177 est,
826 2151 931 2170 mecum
954 2151 1007 2170 non

270 2181 327 2210 est?
342 2183 450 2211 Mecum
464 2190 516 2209 non
530 2187 579 2217 est,
594 2180 657 2219 quia
674 2190 726 2209 non
739 2181 802 2209 facit
819 2191 848 2209 ea
868 2191 928 2219 quae
945 2191 1006 2220 ego.

273 2220 422 2250 Adversum
441 2231 483 2249 me
502 2227 550 2256 est,
573 2221 635 2258 quia
655 2220 785 2250 contraria
804 2220 877 2249 facit.
891 2221 1005 2260 Utputa‚

271 2260 387 2297 aedificog
395 2260 417 2289 si
428 2259 488 2298 quis
498 2270 549 2288 non
561 2259 682 2295 ad'uvat,
694 2260 797 2289 etiamsi
811 2270 863 2288 non
875 2259 1005 2297 destruat,

271 2311 375 2329 mecum
387 2310 439 2329 non
452 2306 500 2336 est,
516 2299 562 2328 sed
572 2271 700 2329 adversus
714 2310 756 2328 me
771 2313 777 2328 :
794 2300 857 2338 quia
870 2310 932 2328 cum
944 2310 1006 2339 pos-

271 2339 305 2369 sit
317 2339 454 2379 adjuvare,
469 2350 521 2368 non
539 2339 659 2379 adjuvat.
680 2340 709 2369 Si
728 2340 784 2368 haec
796 2339 946 2378 specialiter
959 2338 1007 2368 de-

270 2379 359 2414 struit,
371 2386 470 2417 qnanto
483 2378 566 2417 magis
577 2378 717 2408 adversum
727 2390 769 2407 me
782 2379 839 2408 est?
853 2379 898 2408 Sic
907 2385 933 2407 et
946 2378 1008 2407 dia-

271 2419 333 2447 bolo
341 2419 410 2448 mala
420 2419 535 2454 volente,
545 2418 588 2447 vel
605 2419 726 2455 faciente,
739 2418 787 2447 etsi
795 2418 865 2447 bona
876 2428 928 2447 non
940 2428 1009 2457 prae-

270 2458 397 2494 dicarem,
418 2468 469 2487 non
489 2469 561 2487 eram
578 2469 639 2487 cum
658 2458 716 2494 illo,
736 2457 799 2496 quia
819 2467 871 2486 non
893 2457 1007 2496 praedico

271 2498 351 2533 mala,
367 2508 426 2536 quae
439 2498 498 2527 vult
511 2498 568 2526 ille.
583 2499 652 2528 Cum
664 2504 752 2526 autem
769 2508 784 2526 e
793 2497 925 2526 contrario
939 2497 1009 2526 bona

273 2536 424 2576 praedicem,
437 2543 537 2576 quanto
559 2537 644 2577 magis
662 2547 714 2566 non
735 2547 795 2565 sum
808 2547 870 2565 cum
888 2536 946 2572 illo,
961 2536 1007 2565 sed

271 2577 399 2605 adversus
410 2577 508 2605 illum?
522 2576 639 2605 Audiam
654 2576 775 2615 regulam
788 2575 944 2611 Christiani,
961 2576 1007 2614 qui

273 2622 366 2655 putant
373 2615 508 2645 haereticos
517 2616 681 2646 Christianos
693 2625 758 2652 esse,
768 2615 831 2654 quia
839 2615 877 2645 sic
885 2614 1007 2654 credunt,

831 214 922 242 ‚OPUS
943 212 1181 238 IMPERFECTUM

1053 275 1190 315 quomodo
1201 285 1252 306 nos
1263 288 1270 306 ε
1282 282 1370 306 tamen
1380 276 1444 316 quia
1455 286 1509 307 non
1518 283 1581 307 sunt
1590 276 1741 315 nobiscum,
1752 277 1798 307 ad-

1053 326 1147 345 versus
1157 325 1206 345 nos
1214 323 1286 346 sunt.
1296 317 1333 346 Et
1343 317 1407 355 quia
1414 326 1466 346 non
1474 323 1634 357 congregant
1642 317 1794 352 nobiscum,

1053 362 1193 395 spargunt.
1208 355 1236 386 Si
1247 366 1311 396 ergo
1320 356 1384 395 quia
1397 366 1450 386 non
1461 363 1522 386 sunt
1535 357 1687 392 nobiscum,
1699 356 1796 386 adver-

1053 405 1114 424 sum
1129 406 1177 424 nos
1188 402 1263 432 sunt,
1283 403 1309 425 et
1320 396 1384 435 quia
1397 406 1451 425 non
1464 403 1626 436 congregant
1642 396 1795 434 nobiscum,

1051 445 1175 474 spargere
1185 435 1313 465 videntur
1328 447 1336 464 ε
1347 442 1447 475 quanto
1456 437 1541 476 magis
1553 436 1602 474 qui
1613 443 1639 466 et
1645 436 1795 474 voluntate,

1051 480 1076 503 et
1090 475 1190 512 verbis,
1204 481 1230 504 et
1240 475 1344 505 actibus
1355 482 1446 505 contra
1460 485 1508 505 nos
1518 482 1592 513 sunt,
1602 485 1656 515 pon
1668 482 1731 505 sunt
1745 485 1798 505 no-

1051 513 1156 544 biscum
1164 515 1178 544 ?
1194 515 1229 544 Et
1240 515 1290 554 qui
1301 515 1440 545 manifeste
1450 521 1591 556 spargunt,
1606 525 1659 545 non
1669 514 1798 546 videntur

1050 563 1211 594 congregare
1225 554 1376 585 nobiscum.

1217 660 1352 690 Humilia
1364 671 1438 697 xxx.
1451 670 1488 689 ez·
1502 671 1567 700 cap.
1581 662 1636 702 xij.

1097 753 1146 783 58.
1169 755 1207 782 In
1220 753 1274 782 illo
1293 759 1420 793 tempore
1438 760 1621 783 accesserunt
1641 755 1683 783 ad
1697 755 1800 785 Jesum

1057 794 1159 822 scribae
1169 799 1197 822 et
1210 794 1365 827 Pharisaei,
1378 794 1507 822 dicentes
1520 807 1527 822 :
1541 795 1692 834 Magister,
1706 795 1801 824 volu-

1057 842 1120 862 mus
1133 843 1154 861 a
1167 839 1194 862 te
1205 838 1320 872 signum
1333 834 1446 869 videre,
1461 840 1487 862 et
1500 833 1615 872 reliqua.
1631 835 1731 864 Curato
1742 834 1802 864 dae-

1057 872 1189 908 moniaco,
1203 872 1315 911 qnidam
1330 872 1492 902 adstantium
1506 873 1663 903 Judaeorum
1677 874 1802 914 blasphe-

1057 918 1197 941 maverunt
1203 922 1276 947 eum,
1287 911 1404 941 dicentes
1413 923 1420 940 :
1429 914 1488 942 llic
1494 924 1553 942 non
1561 915 1640 953 ejicit
1646 915 1800 950 doemonia,

1059 953 1115 981 nisi
1128 953 1160 980 in
1179 951 1342 981 Beelzebub
1360 953 1491 991 principe
1507 954 1726 983 daemoniorum.
1745 954 1801 983 Atii

1057 997 1146 1020 autem
1159 997 1288 1020 tentantes
1301 1002 1374 1025 eum,
1386 991 1513 1022 dixerunt
1530 1005 1536 1021 :
1552 994 1703 1033 Magister,
1713 995 1803 1023 volu-

1059 1041 1122 1060 mus
1130 1041 1150 1059 a
1159 1038 1187 1060 te
1195 1034 1310 1070 signum
1319 1031 1462 1060 vider-ede
1471 1032 1552 1061 caelo.
1564 1033 1682 1062 Diversae
1689 1033 1801 1073 quidem

1058 1070 1170 1111 species,
1214 1070 1340 1100 rversitas
1348 1077 1436 1100 autem
1443 1071 1564 1101 omnium
1575 1082 1638 1101 una.
1649 1074 1718 1103 Nam
1731 1073 1802 1103 sicut

1058 1120 1074 1139 o
1096 1120 1139 1139 era
1151 1111 1183 1140 Fi
1197 1110 1216 1139 ii
1232 1111 1279 1139 Dei
1293 1110 1402 1139 diabolo
1415 1111 1551 1151 applicare
1564 1111 1752 1152 blasphemare
1761 1120 1802 1142 est

1083 1150 1160 1179 ilium
1181 1150 1240 1185 Dei,
1259 1150 1303 1180 vel
1318 1150 1450 1190 Spiritum
1469 1157 1590 1180 sanctum
1606 1164 1612 1180 :
1635 1151 1675 1181 sic
1693 1152 1802 1192 signum

1057 1188 1208 1219 divinitatis
1218 1191 1277 1230 ejus
1289 1197 1378 1230 petere
1389 1201 1404 1218 a
1417 1190 1488 1219 Filio
1502 1190 1564 1227 Dei,
1575 1190 1702 1230 injuriam
1711 1199 1751 1222 est
1759 1193 1802 1222 fa-

1058 1239 1117 1258 cere
1134 1230 1206 1259 Filio
1224 1230 1273 1259 Dei
1288 1242 1295 1259 :
1309 1229 1437 1268 quoniam
1455 1230 1525 1259 nihil
1544 1237 1584 1260 est
1600 1231 1675 1260 aliud
1693 1231 1802 1272 signum

1058 1268 1207 1299 divinitatis
1220 1270 1278 1309 ejus
1290 1276 1379 1310 petere
1389 1270 1423 1299 ab
1437 1280 1479 1306 eo,
1490 1270 1541 1299 nisi
1555 1281 1607 1300 non
1621 1271 1730 1301 credere
1739 1282 1803 1301 ver-

1058 1308 1100 1337 bis
1116 1310 1185 1348 ejus,
1199 1309 1276 1347 quasi
1289 1309 1354 1338 falsa
1369 1309 1483 1338 dicentis
1496 1309 1530 1339 de
1543 1320 1581 1347 se,
1597 1311 1649 1340 nisi
1663 1311 1803 1350 signorum

1058 1348 1203 1377 ostenderit
1216 1349 1394 1387 probamenta.
1405 1349 1539 1386 Quoniam
1551 1357 1641 1380 autem
1649 1358 1741 1380 curato
1751 1351 1804 1380 da>

1058 1387 1190 1423 moniam,
1199 1389 1215 1417 J
1219 1387 1288 1416 udaei
1298 1388 1346 1417 Dei
1356 1388 1484 1417 virtutem
1496 1389 1530 1417 ad
1543 1389 1646 1419 diaboli
1657 1391 1802 1430 potentiam

1058 1436 1111 1454 non
1125 1434 1312 1466 porrexerunt,
1332 1434 1357 1456 et
1377 1437 1428 1456 non
1447 1427 1571 1457 aedificati
1590 1429 1733 1465 miraculo,
1754 1430 1802 1459 sed

1057 1465 1186 1494 destructi
1200 1465 1311 1502 invidia,
1320 1477 1369 1506 pro
1382 1466 1466 1506 gloria
1479 1467 1674 1508 blasphemiam
1691 1470 1799 1499 obtule-

1058 1512 1121 1534 runt
1134 1506 1262 1542 Domino,
1276 1505 1394 1536 dieentes
1411 1518 1417 1535 ι
1433 1508 1492 1536 Hic
1516 1518 1575 1536 non
1594 1510 1674 1548 ejicit
1695 1509 1802 1539 daemo-

1058 1546 1120 1580 nia‚
1143 1547 1200 1574 nisi
1220 1547 1251 1574 in
1274 1546 1437 1575 Beelzebub
1460 1559 1468 1575 .·
1492 1545 1563 1577 dixit
1582 1547 1621 1576 eis
1636 1549 1768 1579 Dominus
1791 1562 1798 1579 ε

1058 1585 1107 1613 51.
1126 1585 1218 1613 Omne
1228 1591 1378 1624 peccatum
1391 1588 1557 1623 remittitur,
1571 1583 1688 1627 spiritus
1702 1595 1802 1618 autem

1059 1624 1246 1663 blasphemioe
1255 1635 1314 1653 non
1326 1627 1489 1655 remittitur.
1502 1626 1584 1663 Quod
1593 1627 1731 1657 audientes
1738 1629 1800 1667 qui·-

1058 1662 1122 1692 dam
1135 1663 1235 1700 Judaei,
1251 1674 1303 1693 non
1320 1664 1430 1703 quidem
1446 1665 1578 1702 timentes,
1600 1666 1647 1696 sed
1658 1667 1758 1697 timere
1773 1679 1802 1699 se

1058 1703 1198 1742 fingentes,
1212 1714 1298 1743 neque
1311 1705 1449 1734 veritatem
1466 1704 1500 1734 de
1520 1705 1628 1736 Christo
1641 1715 1798 1746 quaerentes,

1058 1742 1105 1772 sed
1119 1743 1249 1772 malitiam
1263 1755 1339 1773 suam
1352 1744 1403 1773 sub
1416 1745 1506 1774 colore
1519 1745 1675 1784 ignorantiae
1686 1747 1801 1777 abscon-

1058 1782 1123 1812 dere
1138 1783 1284 1823 cupientes,
1302 1784 1533 1823 interrogaverunt
1548 1795 1610 1815 eum
1624 1798 1631 1815 :
1647 1787 1799 1826 Magister,

1059 1823 1196 1852 volumus
1210 1833 1230 1851 a
1242 1829 1270 1852 te
1283 1825 1398 1863 signum
1414 1825 1524 1860 videre,
1539 1824 1567 1853 id
1588 1832 1639 1860 est,
1654 1827 1725 1863 Quia
1737 1827 1800 1856 bla-

1060 1862 1180 1902 sphemia
1191 1862 1388 1892 irremediabile
1398 1870 1536 1903 peccatum
1548 1871 1586 1894 est
1600 1877 1607 1895 ε
1621 1865 1668 1894 sed
1679 1866 1728 1895 etsi
1741 1867 1802 1896 bla-

1059 1902 1241 1942 sphemamus,
1257 1903 1318 1932 ideo
1331 1902 1559 1942 blasphemamus,
1574 1905 1638 1943 quia
1653 1911 1678 1934 te
1697 1905 1800 1936 Filium

1059 1942 1110 1971 Dei
1123 1943 1286 1981 ignoramus.
1303 1942 1367 1972 Ideo
1387 1953 1469 1982 opera
1486 1950 1533 1972 tua
1551 1943 1660 1974 diabolo
1679 1945 1800 1990 applica-

1059 1991 1130 2017 mus,
1144 1982 1206 2020 quia
1220 1982 1353 2022 Spiritum
1365 1989 1485 2011 sanctum
1506 1983 1533 2012 in
1547 1990 1573 2012 te
1585 1994 1641 2013 esse
1654 1994 1798 2015 nescimus.

1059 2021 1089 2051 Si
1104 2031 1167 2060 ergo
1183 2029 1213 2050 tu
1230 2033 1258 2051 es
1277 2022 1365 2051 Filius
1385 2022 1446 2056 Dei⁷
1461 2022 1570 2053 ostende
1583 2023 1662 2053 nobis
1680 2024 1798 2064 signum,

1059 2068 1086 2090 et
1094 2061 1266 2091 adorabimus
1275 2069 1311 2098 te,
1322 2068 1348 2090 et
1358 2061 1414 2101 jam
1426 2071 1479 2090 non
1491 2062 1748 2101 blasphemabimus.
1761 2065 1801 2093 Ut

1059 2101 1138 2137 scias,
1157 2101 1229 2139 quod
1244 2101 1368 2130 volumus
1381 2111 1395 2128 a
1410 2107 1435 2129 te
1447 2100 1550 2130 discere
1567 2101 1705 2131 veritatem
1715 2124 1724 2138 ,
1741 2113 1801 2132 ecce

1059 2140 1139 2170 etiam
1152 2139 1310 2179 magistrum
1323 2147 1349 2169 te
1363 2139 1540 2179 appellamus.
1554 2141 1579 2170 Ο
1592 2140 1712 2170 malitia!
1727 2153 1800 2181 quo-

1059 2179 1140 2209 modo
1154 2188 1247 2219 sapere
1263 2179 1368 2209 nescit?
1383 2181 1454 2208 Dum
1475 2180 1568 2209 volunt
1581 2181 1710 2210 malitiam
1723 2191 1800 2212 suam

1060 2219 1221 2249 abscondere
1231 2242 1238 2255 ‚
1259 2219 1343 2258 magis
1369 2229 1428 2248 eam
1450 2219 1631 2249 manifestant:
1645 2221 1715 2250 Nam
1738 2231 1802 2251 cum

1061 2259 1146 2288 multa
1159 2259 1235 2298 signa
1246 2258 1386 2294 vidissent,
1406 2265 1540 2297 tamquam
1560 2260 1582 2289 si
1596 2261 1703 2290 nullum
1716 2260 1804 2291 vidis-

1061 2306 1129 2336 sent,
1143 2299 1180 2328 ita
1193 2299 1300 2344 signnm
1317 2298 1450 2338 petebant.
1466 2299 1540 2328 Vere
1552 2300 1624 2328 enim
1638 2300 1744 2329 nullum
1756 2301 1803 2330 vi-

1061 2338 1169 2372 derunt,
1179 2349 1243 2377 quta
1250 2338 1382 2378 corporali
1394 2345 1501 2378 aspectu
1511 2338 1647 2375 viderunt,
1660 2349 1713 2369 non
1725 2339 1803 2379 spiri-

1061 2378 1128 2408 tuali
1139 2378 1246 2407 affectu.
1256 2379 1325 2407 Nam
1337 2388 1411 2407 mens
1425 2378 1482 2407 sine
1492 2378 1577 2408 oculis
1592 2378 1667 2408 videt
1678 2378 1801 2417 aliquan-

1039 2419 1047 2422 *
1061 2417 1109 2453 do,
1123 2417 1196 2447 oculi
1209 2424 1298 2446 autem
1317 2418 1374 2446 sine
1395 2424 1482 2446 mente
1499 2418 1646 2456 numquam
1660 2417 1796 2448 viderunt.

1062 2457 1166 2488 Similis
1178 2463 1217 2486 est
1230 2464 1323 2486 natura
1335 2457 1499 2486 infidelitatis
1513 2464 1588 2486 terrae
1601 2467 1728 2492 arenosae,
1743 2469 1803 2497 quae

1063 2497 1187 2536 quamvis
1218 2496 1320 2526 luviam
1331 2496 1486 2536 susceperit,
1500 2503 1587 2526 tamen
1601 2497 1665 2535 quia
1679 2497 1804 2528 nullosin

1064 2548 1092 2566 se
1109 2543 1181 2566 tenet
1220 2547 1338 2573 umores,
1356 2546 1460 2576 semper
1479 2535 1567 2565 adhuc
1585 2543 1652 2566 aret.
1672 2537 1748 2566 Talis
1765 2544 1806 2567 est

1066 2576 1183 2605 conditio
1194 2576 1320 2605 febrium.
1336 2575 1517 2613 Quantumvis
1528 2576 1647 2605 biberint
1656 2576 1805 2606 febricitan-

1066 2622 1120 2653 ωε,
1140 2616 1228 2646 calore
1248 2622 1334 2646 totum
1360 2622 1560 2645 consummante
1583 2615 1657 2655 quod
1677 2615 1806 2653 biberint,
