1904 2840
258 190 330 238 954

861 192 944 216 OPUS
971 191 1206 216 lMPEnFECTUM

259 273 322 292 mus
336 265 367 292 in
381 261 480 290 diebus
490 264 606 297 patrum
620 263 794 292 nostrorum,
804 266 863 285 non
876 264 999 284 essemus
1016 257 1037 280 Α
1057 254 1121 283 Ideo
1136 263 1201 293 ergo
1213 259 1239 282 et
1252 252 1330 282 malis
1348 251 1393 281 dat
1412 251 1587 290 occasionem,
1602 262 1649 292 per
1668 262 1750 291 quam
1767 252 1796 281 in

259 304 330 332 socii
348 310 446 330 eornm
463 301 495 327 in
513 299 655 337 sanguine
670 296 893 336 prophetarum.-
907 294 936 323 id
949 300 999 329 est,

259 341 393 378 Quoniam
407 337 544 367 :edificatis
561 336 683 376 sepulcra
697 335 900 381 prophetarum,
915 340 941 363 et
954 344 1003 373 per

259 381 311 409 hoc
324 390 376 409 non
391 378 479 407 solum
489 376 590 412 verbis,
606 375 652 405 sed
662 382 687 404 et
700 375 765 414 ipsis
778 373 1002 403 aedificationibus

260 418 398 453 dicitis‚Si
412 417 440 446 in
453 416 553 446 dicbus.
561 422 668 455 patrum
681 421 835 443 nostrorum
847 413 1001 448 fuissemus,

118 1607 258 1630 Rom.2.15.

121 1640 157 1662 16.

265 865 327 894 Jora
344 853 468 882 facientes
482 851 604 892 patribus
618 855 714 879 vestris
731 861 736 877 :
749 858 876 888 quonlam
889 847 930 876 illi
944 857 1007 886 qui—

261 469 314 488 non
335 467 451 487 essemus
469 456 536 485 socii
550 465 644 484 eorum
664 454 692 483 in
713 453 842 492 sanguine
857 452 1003 492 propheta-

261 509 324 528 rum
341 510 348 527 ε
364 497 484 527 volentes
497 505 546 525 vos
557 494 706 534 justificare
726 503 816 522 coram
836 488 1002 527 bominibus,

263 538 310 577 qui
325 535 473 566 secundum
485 534 618 565 visionem
635 543 747 573 operum
762 531 897 572 judicant,
913 537 939 560 et
951 540 1004 559 non

265 587 355 607 coram
369 577 436 610 Deo,
451 574 499 613 qui
514 573 595 603 corda
607 572 742 612 cognoscit
758 582 765 599 ε
782 570 855 610 quod
867 577 907 600 est
918 570 1005 610 hypo-

265 617 402 646 critarum.
414 614 479 644 Ideo
498 613 570 643 dixit
589 613 667 643 Jesus
690 611 778 641 turbis
800 609 968 647 Judaeorum,
981 616 1007 638 et

266 655 435 696 principibus
448 653 616 683 sacerdotum
631 663 638 681 τ
653 652 730 681 Ecce
743 661 795 691 ego
810 651 892 679 mitto
903 650 1007 679 advos

265 696 430 736 prophetas,
446 700 472 722 et
492 694 646 732 sapientes,
666 697 694 719 et
712 693 831 726 scribas,
846 696 875 718 et
887 700 924 718 ex
939 690 1008 727 ipsis

268 735 415 769 occidetis,
429 740 458 763 et
465 732 647 772 crucifigetis,
657 737 686 760 et
696 730 911 770 persequemini
923 729 960 757 de
974 730 1011 757 ci-

271 776 356 804 vitate
377 774 407 802 in
430 775 586 808 civitatem,
600 777 630 800 ut
643 780 794 799 mensuram
808 768 1008 798 homicidarum

288 822 376 844 atrum
390 819 539 843 vestrorum
552 821 604 840 non
615 811 682 840 bene
691 810 798 855 plenam
809 807 951 853 impleatis,
961 818 1008 852 P‘.³'

269 893 331 923 dem
344 892 487 933 prophetas
501 890 665 926 occiderunt,
678 899 727 919 vos
745 894 834 917 autem
847 887 938 926 ipsum
953 888 1008 915 Do-

269 933 373 962 minum
386 931 588 972 prophetarum.
599 929 644 959 Illi
655 929 727 958 enim
740 938 796 964 eos,
811 927 858 966 qui
871 926 1012 970 annuntiaf

269 974 333 1002 bant
353 978 498 1001 venturum
519 970 622 999 Filium
643 969 694 998 Dei
708 978 776 998 :vos
800 973 888 995 autem
906 976 950 995 eos
963 976 1011 1004 qui

270 1023 331 1042 eum
342 1013 399 1051 jam
412 1010 551 1040 advenisse
564 1015 702 1043 testantur,
712 1014 743 1036 ut
755 1007 793 1036 sic
805 1017 851 1046 per
864 1006 923 1045 ipsa
931 1016 1011 1045 opera

269 1059 357 1081 vestra
378 1049 562 1080 homicidialia
581 1047 763 1077 testimonium
787 1046 861 1076 vobis
880 1044 1009 1082 reddatis,

270 1091 334 1129 quia
344 1090 395 1119 filii
407 1089 469 1119 estis
482 1096 589 1129 patrum
609 1087 807 1116 homicidarum
824 1098 830 1114 ε
847 1092 877 1114 ut
895 1095 948 1114 non
967 1095 1011 1114 so-

270 1131 329 1160 lum
342 1129 451 1169 sanguis
461 1129 573 1158 istorum
580 1134 742 1163 sanctorum,
751 1136 847 1156 verum
859 1124 937 1154 etiam
948 1135 1012 1164 pro-

270 1177 329 1210 pter
344 1171 456 1198 istorum
470 1167 730 1207 sanguinem‚omnis
742 1165 850 1204 sanguis
863 1164 1013 1204 praeceden-

271 1210 340 1239 tium
353 1216 505 1238 sanctorum
518 1207 608 1236 veniat
621 1216 703 1245 super
715 1215 774 1235 vos.
790 1206 869 1234 Nunc
883 1204 1011 1233 virtutem

270 1249 391 1288 ipsorum
412 1247 556 1277 verborum
575 1245 725 1275 videamus.
741 1243 865 1274 ostendit
884 1243 933 1280 eis,
949 1242 1013 1282 quia

270 1288 398 1327 intelligit
420 1286 499 1316 corda
519 1287 650 1325 ipsorum,
665 1284 729 1323 quia
749 1284 815 1313 tales
835 1289 908 1318 sunt,
926 1289 954 1311 ut
973 1283 1013 1311 fa-

271 1328 341 1356 ciant
362 1327 436 1365 quod
461 1326 580 1354 fecerunt
606 1331 693 1363 patres
719 1333 822 1352 eorum.
849 1323 918 1351 Nam
939 1321 1013 1361 apud

270 1368 370 1403 Deum,
381 1366 429 1404 qui
446 1364 581 1394 hominem
595 1363 715 1392 occidere
731 1362 860 1401 disponit,
872 1368 1014 1399 antequam

270 1406 385 1441 occidat,
396 1404 473 1444 quasi
493 1402 629 1432 homicida
650 1402 775 1432 habetur.
788 1402 824 1430 Et
837 1400 883 1439 qui
905 1400 1014 1429 adulte-

270 1446 342 1474 rium
356 1444 521 1475 committere
534 1453 615 1472 ausus
633 1449 682 1478 est,
699 1448 839 1479 antequam
854 1440 1012 1475 committat,
1029 1447 1046 1470 C

267 1486 323 1524 jam
335 1485 441 1514 adulter
449 1490 488 1512 est
502 1489 561 1511 ante
572 1483 668 1511 Deum.
683 1482 719 1510 Et
732 1481 779 1519 qui
787 1480 926 1520 perjurare
937 1490 1013 1518 para—

271 1531 314 1553 tus
327 1531 376 1560 est,
392 1530 534 1561 antequam
543 1521 672 1562 perjuret,
683 1520 740 1559 jam
753 1519 877 1559 perjurus
887 1518 995 1548 videtur
1004 1521 1016 1547 ε’

270 1563 334 1602 quia
346 1566 417 1593 Deus
426 1572 478 1591 non
490 1572 524 1590 ex
541 1560 669 1600 operibus
679 1559 795 1598 judicat,
806 1557 853 1587 sed
867 1569 901 1587 ex
914 1558 1015 1597 cogita-

269 1603 389 1632 tionibus
411 1600 511 1637 cordis,
529 1599 634 1628 dicente
653 1599 785 1638 apostolo,
806 1598 1012 1627 Testimonium

271 1643 409 1671 reddente
422 1641 598 1671 conscientia
612 1649 721 1673 eorum,
730 1639 818 1667 etiam
831 1639 1013 1677 cogitationi-

270 1684 323 1711 bus
337 1684 461 1711 invicem
470 1679 675 1709 accusantibus
688 1688 729 1712 se,
741 1684 794 1707 aut
807 1677 894 1706 etiam
906 1677 1009 1717 defen-

270 1722 403 1750 dentibus
414 1731 454 1755 se,
466 1723 496 1748 in
508 1721 565 1755 die,
577 1729 642 1747 cum
648 1718 794 1757 judicabit
805 1717 951 1746 Dominus
961 1727 1003 1746 oc-

269 1762 350 1790 culta
369 1761 528 1790 hominum.
546 1759 675 1789 Voluntas
689 1763 727 1786 est
740 1757 821 1793 enim,
837 1767 896 1795 quae
911 1763 957 1785 aut
968 1767 1011 1785 re-

269 1807 424 1829 muneratur
437 1809 486 1839 pro
499 1799 579 1833 bono,
591 1804 636 1826 aut
650 1796 841 1826 condemnatur
854 1807 903 1835 pro
918 1796 988 1825 malo
1001 1808 1007 1824 ε

269 1850 350 1879 opera
368 1847 458 1869 autem
474 1838 625 1867 testimonia
638 1843 700 1866 sunt
720 1836 875 1865 voluntatis.
890 1837 930 1864 Ut
941 1835 1009 1873 quid

268 1889 331 1918 ergo
340 1885 499 1919 exspectato
521 1887 575 1914 era,
584 1876 631 1915 qui
639 1875 812 1904 conscientias
823 1874 915 1904 novit?
928 1876 1011 1903 Num-

269 1918 336 1957 quid
354 1925 380 1947 et
398 1925 428 1947 tu
447 1917 475 1946 in
489 1889 580 1955 aitque
603 1915 707 1954 negotio
727 1914 875 1943 testimonia
899 1914 1007 1952 quaeris,

269 1968 331 1987 cum
344 1958 395 1987 tibi
416 1968 457 1986 res
470 1957 527 1996 ipsa
539 1954 620 1985 suerit
639 1953 795 1983 manifesta?
807 1953 860 1983 Sed
873 1952 941 1983 dicis
955 1966 963 1983 ι
979 1953 1007 1983 Si

268 1997 416 2026 secundum
432 1996 597 2026 voluntatem
614 1993 728 2029 'udicat,
751 2000 775 2022 et
792 2003 872 2032 opera
890 2003 943 2022 non
957 2004 1008 2022 ex-

268 2043 378 2075 spectat,
394 2046 447 2065 non
462 2035 577 2065 misisset
590 2044 604 2062 a
638 2033 700 2061 illos
712 2033 855 2072 prophetas
868 2039 893 2061 et
907 2032 1009 2072 sapien-

268 2083 317 2104 tes.
331 2075 396 2104 Ideo
416 2081 562 2114 exspectat,
578 2079 608 2101 ut
627 2072 682 2101 duo
700 2072 768 2101 bona
788 2072 881 2101 fierent
902 2072 1008 2101 miseri-

268 2114 377 2150 cordiae,
392 2121 421 2143 ut
436 2121 461 2143 et
474 2113 563 2144 Judaei
583 2110 730 2141 secundum
745 2111 918 2140 conscientias
939 2111 1008 2141 solas

268 2163 330 2182 suas
343 2153 592 2187 condemnarentur,
605 2158 630 2180 ct
641 2151 707 2191 justi
726 2151 847 2180 homines
861 2161 914 2179 non
934 2151 1008 2180 occi-

268 2192 404 2222 derentur.
419 2193 455 2222 Et
465 2192 526 2231 quis
546 2191 606 2227 scit,
623 2190 686 2229 quia
708 2197 752 2219 ant
772 2191 859 2219 malus
872 2190 943 2230 juste
959 2190 1006 2219 da-

267 2239 373 2261 mnatus
386 2231 421 2261 sit
435 2238 545 2271 propter
555 2230 685 2260 malitiam
696 2240 782 2266 suam,
793 2237 839 2259 aut
849 2230 934 2259 bonus
946 2240 1007 2269 pro-

267 2279 326 2311 pter
341 2271 553 2301 benevolentiam
573 2280 660 2304 suam,
673 2269 744 2308 juste
763 2276 945 2298 remuneratus
959 2269 1004 2304 sit,

267 2311 318 2340 nisi
331 2311 455 2341 voluntas
468 2310 693 2339 demonstraretur
707 2309 734 2337 in
749 2310 847 2348 opere?
861 2309 947 2346 Quale
967 2316 1006 2338 est

266 2351 336 2380 enim
350 2350 419 2379 illud
430 2349 567 2389 judicium
575 2350 690 2389 justum,
699 2348 915 2387 cujusjustitiam
927 2359 1005 2378 nemo

266 2390 420 2430 cognoscit?
436 2390 496 2419 Non
509 2387 572 2426 ergo
592 2389 665 2417 Deus
678 2388 773 2426 quaerit
795 2398 875 2426 opera
895 2395 1005 2427 propter

265 2440 303 2466 se,
318 2437 346 2459 ut
360 2430 426 2458 sciat
436 2427 572 2468 quomodo
581 2427 693 2468 judicet,
705 2426 752 2456 sed
765 2434 873 2466 propter
885 2427 963 2463 alios,
977 2435 1006 2456 ut

265 2479 354 2498 omnes
367 2469 515 2513 intelligant
525 2468 587 2506 quia
598 2467 687 2506 justus
701 2473 740 2495 est
756 2468 838 2495 Deus.
853 2467 923 2496 Nam
935 2468 1006 2496 Deus

265 2509 377 2547 est,·qui
392 2519 512 2538 omnium
527 2506 608 2537 corda
622 2506 767 2545 cognescit,
780 2512 806 2534 et
818 2506 969 2542 hominum,
982 2513 1007 2535 et

263 2549 436 2587 angelorum,
452 2554 477 2577 et
501 2547 645 2587 spirituum
662 2552 827 2574 caeterorum.
844 2546 897 2574 Cor
917 2552 1006 2575 autem

263 2589 311 2617 Dei
327 2598 404 2617 nemo
417 2587 561 2627 cognoscit,
574 2596 659 2624 neque
666 2585 799 2622 homines,
808 2595 893 2623 neque
904 2585 1002 2625 angeli.

1057 293 1183 333 operibus
1204 291 1359 321 ostendatur
1383 292 1553 331 propositum
1576 292 1722 322 voluntatis
1742 302 1797 321 suae

1057 333 1133 361 malae
1150 345 1156 361 :
1172 333 1241 361 sicut
1257 331 1332 360 dedit
1357 331 1453 360 scribis
1475 339 1501 361 et
1523 331 1674 367 Pharisaeis,
1689 331 1796 361 mittens

1058 371 1092 400 ad
1105 382 1150 401 eos
1163 371 1318 411 prophetas,
1333 377 1358 400 et
1368 370 1511 410 sapientes,
1524 377 1550 400 et
1567 371 1669 401 scribas
1685 383 1692 400 :
1707 378 1732 401 et
1744 371 1796 401 bo-

1058 411 1100 440 nis
1113 412 1212 450 praebet
1227 410 1404 445 occasionem,
1419 421 1467 450 per
1480 420 1561 449 quam
1579 411 1717 440 ostendant
1733 421 1797 450 pro-

1058 451 1176 490 positum
1194 449 1342 479 voluntatis
1364 460 1420 478 suae
1438 450 1514 479 bonae
1525 472 1533 486 ,
1554 449 1622 479 sicut
1642 450 1797 490 prophetis,

1058 497 1083 519 et
1111 489 1292 529 sapientibus,
1321 496 1347 518 et
1369 489 1464 518 scribis
1488 489 1544 518 suis
1566 490 1697 528 praebuit,
1722 490 1799 519 exci-

1059 536 1117 558 tans
1131 540 1212 569 super
1223 539 1267 558 eos
1280 529 1517 569 persequutionem
1529 529 1676 558 scribarum
1691 536 1717 558 et
1730 529 1800 558 Pha·

1059 569 1214 605 risaeorum,
1238 575 1268 597 ut
1293 578 1346 597 non
1365 568 1422 597 sine
1442 579 1521 598 causa
1545 575 1675 607 quantum
1699 568 1735 598 ad
1751 568 1801 598 ho-

1061 608 1145 637 mines
1162 615 1363 638 coronarentur.
1375 608 1412 637 Et
1436 609 1506 638 sicut
1531 608 1611 637 homo
1627 608 1729 638 habens
1749 608 1801 637 be-

1061 648 1208 677 nefaciendi
1222 648 1401 693 propositum,
1417 655 1486 678 certe
1493 649 1600 688 justum
1618 654 1665 683 est,
1678 655 1708 677 ut
1727 649 1801 678 Deus

1062 687 1202 727 provideat
1214 688 1239 716 ei
1253 697 1413 723 occaswnes,
1429 697 1477 727 per
1490 698 1556 726 quas
1568 687 1648 716 faciat
1666 687 1748 716 bona.
1763 689 1802 718 Ut
1809 693 1886 710 ⁶¹C¹¹¹

1062 726 1128 765 quid
1143 727 1252 767 pinguis
1266 734 1333 756 terra
1344 727 1431 766 jaceat
1448 727 1506 756 sine
1519 727 1627 756 fructu?
1642 727 1687 757 Sic
1697 727 1802 767 justum

1063 773 1146 802 est,ut
1156 766 1259 796 homini
1267 767 1365 796 malam
1377 766 1541 796 voluntatem
1547 766 1655 796 habenti
1663 766 1804 806 provideat

1063 816 1165 842 causas,
1180 817 1227 846 per
1246 817 1313 845 quas
1333 807 1413 835 faciat
1426 806 1508 841 mala,
1524 807 1629 836 dicente
1646 806 1801 836 Salomone:

1066 846 1118 874 Ad
1127 856 1234 890 pravos
1249 856 1357 885 pravas
1369 847 1436 875 vias
1450 847 1539 875 mittit
1552 847 1707 876 Dominus.
1723 845 1805 880 Unde

1063 884 1154 914 David
1169 885 1355 925 rogat,dicens
1368 895 1374 911 τ
1391 886 1475 914 Viam
1491 888 1652 926 iniquitatis
1667 896 1769 915 amove
1784 896 1804 915 a
1815 896 1882 918 Paul.
1903 904 1904 918 i

1065 935 1121 959 me,
1134 925 1225 965 legem
1238 931 1332 962 tuam,
1351 926 1490 955 ete-Nam
1503 933 1529 955 et
1540 926 1575 955 de
1587 925 1725 954 benevolis
1737 925 1803 957 alibi
1814 933 1852 956 ²9-

1064 964 1194 1004 propheta
1211 965 1251 994 sic
1262 963 1329 993 dicit
1344 974 1352 991 τ
1370 965 1447 1003 Quia
1470 976 1529 994 non
1552 966 1672 994 dimittit
1689 967 1803 1005 virgam
1814 962 1881 984 Psal.
1901 968 1904 983 ³

1061 1010 1245 1042 peccatorum
1254 1014 1340 1043 super
1349 1011 1455 1033 sortem
1463 1006 1624 1045 justorum,
1639 1011 1671 1034 ut
1685 1016 1744 1034 non
1757 1015 1805 1034 ex·
1831 1010 1838 1016 '

1065 1044 1187 1072 tendant
1206 1045 1281 1082 justi
1292 1044 1333 1072 ad
1350 1045 1535 1083 iniquitatem
1552 1055 1656 1074 manus
1669 1054 1738 1074 suas
1751 1058 1760 1073 .-
1776 1044 1805 1074 id

1063 1090 1112 1120 est,
1125 1093 1178 1112 non
1192 1083 1238 1112 dat
1257 1090 1412 1123 potestatem
1433 1083 1601 1114 daemonibus
1614 1094 1645 1113 su
1681 1095 1696 1113 r
1706 1085 1803 1124 justos,

1063 1133 1096 1152 ne
1109 1122 1217 1162 quando
1231 1123 1500 1153 contra'voluntatem
1513 1134 1589 1153 suam
1602 1094 1705 1154 maiiim
1720 1124 1806 1153 facere

1063 1173 1122 1191 com
1143 1163 1259 1192 ellantur
1278 1162 1312 1191 ab
1326 1162 1391 1191 illis.
1408 1165 1450 1193 De
1465 1163 1605 1193 malevolis
1615 1170 1705 1193 autem
1716 1163 1806 1193 statim

1064 1202 1103 1230 sic
1134 1202 1180 1231 icit
1189 1213 1196 1230 :
1205 1203 1395 1231 Declinantes
1404 1210 1502 1232 autem
1515 1203 1557 1232 ad
1567 1204 1805 1244 suffocationem,
1815 1200 1876 1222 md·
1887 1208 1904 1221 '¹

1065 1242 1191 1271 adducet
1210 1244 1355 1272 Domitius
1369 1253 1435 1272 curn
1456 1244 1641 1282 operantibus
1664 1244 1806 1283 iniquita-

1067 1290 1122 1310 tem
1133 1294 1141 1310 .-
1158 1282 1186 1311 id
1197 1289 1245 1319 est,
1256 1282 1303 1321 qui
1317 1281 1513 1320 declinatusest
1525 1281 1560 1311 ad
1573 1282 1806 1319 malefaciendum,

1067 1322 1149 1351 sociat
1167 1322 1245 1351 illum
1264 1333 1326 1350 cum
1347 1322 1521 1362 operantibus
1534 1322 1615 1351 mala.
1628 1323 1742 1362 Utputa‚
1755 1333 1808 1352 vo-

1066 1361 1130 1390 lenti
1144 1361 1195 1390 tibi
1212 1361 1392 1400 eleemosynas
1404 1362 1500 1398 faeere,
1510 1362 1627 1391 occurrit
1642 1369 1702 1391 ante
1714 1362 1809 1391 faciem

1066 1407 1140 1429 tuam
1149 1401 1280 1440 captivus,
1291 1408 1338 1430 aut
1351 1400 1469 1431 desolata
1482 1401 1578 1437 vidua,
1587 1409 1633 1431 aut
1646 1401 1809 1431 miserabilis

1067 1439 1205 1484 orphanus
1219 1452 1227 1468 :
1254 1450 1306 1468 non
1322 1447 1425 1469 tantum
1447 1442 1496 1469 *te
1511 1440 1585 1469 misit
1603 1440 1639 1469 ad
1665 1441 1808 1470 utilitatem
1835 1441 1904 1476 ‚⁶⁶¹¹'fl

1208 1486 1316 1508 uantum
1342 1479 1422 1508 illum
1445 1480 1591 1509 transmisit
1611 1479 1646 1509 ad
1665 1480 1808 1510 utilitatem
1817 1477 1857 1494 ⁵¹¹·

1067 1479 1143 1509 illius
1154 1502 1161 1515 ‚

1067 1515 1164 1547 tuam:
1180 1519 1189 1547 i
1231 1526 1287 1554 est,
1303 1529 1355 1548 non
1371 1525 1474 1548 tantum
1493 1519 1616 1559 praestitit
1633 1519 1675 1548 illi
1691 1530 1740 1564 per
1760 1527 1787 1549 te
1799 1542 1807 1557 ‚

1067 1565 1198 1597 quantum
1211 1569 1261 1598 per
1272 1558 1351 1587 illum
1363 1558 1495 1588 tibi.Nam
1507 1558 1581 1597 quod
1592 1570 1639 1599 per
1651 1566 1677 1588 te
1689 1558 1731 1588 illi
1743 1568 1810 1598 prae-

1067 1598 1145 1635 stitit,
1159 1597 1305 1643 temporale
1327 1605 1375 1633 est,
1395 1604 1420 1626 et
1442 1604 1577 1627 terrenum
1591 1611 1597 1627 :
1625 1597 1699 1637 quod
1720 1605 1810 1628 autem

1066 1638 1117 1666 tibi
1130 1637 1253 1677 praestitit
1264 1648 1312 1677 per
1325 1637 1416 1673 illum,
1423 1644 1583 1677 perpetuum
1594 1645 1644 1673 est,
1656 1645 1682 1667 et
1694 1638 1807 1668 caeleste.

1067 1678 1107 1706 Ne
1120 1684 1197 1717 putes
1211 1677 1274 1716 quia
1288 1684 1397 1717 propter
1412 1677 1553 1706 utilitatem
1573 1688 1722 1717 pauperum
1735 1679 1810 1708 Deus

1066 1715 1179 1746 divitem
1193 1716 1265 1753 fecit,
1273 1727 1340 1753 quos
1354 1723 1379 1745 et
1388 1716 1445 1745 sine
1452 1716 1583 1746 divitibus
1594 1723 1697 1757 poterat
1705 1724 1809 1747 susten-

1066 1762 1121 1785 tare
1139 1769 1147 1786 ε
1161 1756 1208 1786 sed
1227 1763 1336 1796 propter
1349 1756 1490 1785 utilitatem
1504 1756 1622 1786 divitum
1634 1767 1764 1796 pauperes
1775 1757 1811 1791 fe,-

1066 1796 1111 1831 cit,
1123 1796 1171 1835 qui
1193 1796 1351 1825 insmctuosi
1372 1802 1397 1825 et
1418 1796 1522 1825 steriles
1541 1803 1616 1825 erant
1633 1796 1734 1832 futuri,
1756 1796 1809 1826 nisi

1065 1846 1195 1876 pauperes
1211 1836 1271 1865 facti
1291 1835 1413 1865 fuissent.
1428 1836 1458 1866 Si
1471 1846 1534 1875 ergo
1546 1836 1700 1866 benefacere
1713 1835 1807 1866 volen-

1066 1875 1148 1911 tibus,
1164 1875 1272 1914 quando
1280 1875 1404 1915 providet
1414 1886 1506 1905 causas
1514 1875 1707 1912 benefaciendi,
1715 1876 1806 1916 justus

1064 1921 1103 1943 est
1117 1916 1190 1944 Deus
1204 1926 1210 1942 :
1226 1915 1282 1944 sine
1305 1914 1389 1944 dubio
1404 1922 1429 1944 et
1441 1914 1549 1954 qnando
1561 1915 1716 1945 malefacere
1729 1926 1808 1957 para-

1063 1955 1098 1983 tis
1107 1954 1291 1983 malefaciendi
1305 1955 1430 1994 providet
1445 1964 1549 1991 causas,
1564 1965 1616 1983 non
1627 1962 1666 1984 est
1679 1955 1804 1996 injustus

1063 1994 1138 2024 Sicut
1149 1994 1221 2023 enim
1242 1994 1329 2030 bonus
1352 2001 1438 2033 rogat,
1449 2005 1483 2023 ne
1498 1994 1663 2024 occasionem
1678 1994 1806 2035 peccandi

1063 2034 1194 2069 incurrat,
1204 2033 1295 2062 dicens
1309 2047 1314 2062 :
1325 2034 1410 2062 Viam
1421 2035 1586 2074 iniquitatis
1593 2045 1696 2063 amove
1709 2045 1728 2063 a
1741 2046 1787 2064 me
1797 2046 1806 2062 .·
1818 2042 1886 2064 Psal.

1063 2073 1101 2102 sic
1108 2080 1134 2102 et
1147 2073 1234 2101 malus
1243 2079 1327 2112 optat,
1337 2079 1367 2101 ut
1374 2072 1493 2102 inveniat
1506 2073 1671 2102 occasionem
1681 2074 1806 2103 nocendi.
1817 2079 1858 2103 ²9·

1063 2111 1127 2141 Ideo
1135 2122 1197 2151 crgo
1211 2111 1278 2141 dicit
1285 2112 1417 2141 Dominus
1432 2125 1439 2141 ε
1456 2113 1534 2141 Ecce
1543 2122 1593 2152 ego
1604 2115 1688 2142 mitto
1701 2114 1803 2143 advos

1061 2152 1228 2190 prophetas,
1241 2157 1269 2180 et
1282 2153 1425 2190 sapientes
1449 2158 1478 2188 et
1499 2152 1620 2187 scribas,
1632 2159 1661 2181 et
1684 2163 1722 2181 ex
1735 2154 1807 2192 ipsis

1063 2192 1207 2226 occidetis,
1224 2197 1251 2219 et
1263 2191 1444 2231 crucifigetis,
1455 2197 1484 2220 et
1485 2191 1695 2232 flagellabitis,
1708 2193 1758 2223 55.
1771 2203 1791 2222 u

1063 2232 1164 2260 veniat
1173 2241 1259 2269 super·
1271 2240 1326 2259 vos
1337 2233 1429 2260 omnis
1442 2232 1560 2270 sanguis
1571 2232 1679 2270 justus,
1696 2238 1748 2272 qut
1759 2243 1775 2261 e
1794 2249 1806 2254 -

1052 2271 1199 2310 funditur·
1220 2280 1306 2308 super
1320 2277 1437 2299 ter-ram.
1453 2271 1526 2310 Ergo
1545 2270 1619 2300 Deus
1638 2272 1803 2301 occasionem

1061 2309 1185 2349 providet
1198 2309 1343 2349 peccandi?
1356 2310 1455 2346 Etiam,
1470 2310 1517 2339 sed
1530 2320 1583 2339 non
1597 2317 1627 2340 ut
1642 2322 1751 2350 peccare
1761 2311 1803 2343 fa,—

1060 2349 1122 2385 (εἰει,
1138 2349 1185 2378 sed
1205 2356 1234 2378 ut
1248 2356 1412 2389 peccatorem
1426 2349 1553 2379 ostendat.
1570 2350 1641 2379 Ecce
1653 2351 1724 2379 eniin
1734 2350 1756 2379 si
1770 2357 1801 2380 tu

1059 2389 1187 2418 vitiosum
1194 2399 1330 2428 compares
1344 2399 1463 2427 servum,
1478 2396 1504 2419 et
1513 2390 1630 2419 volueris
1640 2399 1726 2419 mores
1738 2400 1801 2418 suos

1059 2428 1138 2465 scire,
1151 2439 1239 2457 nonne
1247 2439 1328 2468 pones
1336 2436 1397 2458 ante
1407 2429 1485 2458 illum
1495 2428 1614 2458 sacculos
1623 2439 1685 2458 cum
1693 2428 1798 2466 solidis,

1060 2475 1106 2496 aut
1120 2468 1237 2506 aliquem
1248 2468 1484 2508 concupiscibilem
1491 2469 1582 2498 cibum
1599 2479 1605 2495 :
1622 2475 1648 2497 et
1660 2469 1682 2497 si
1690 2467 1801 2507 quidem

1061 2518 1153 2536 servus
1166 2508 1213 2540 ille
1230 2508 1397 2537 incontinens
1407 2508 1497 2543 suerit,
1513 2514 1538 2536 et
1550 2508 1608 2536 sine
1621 2508 1724 2544 timore,
1738 2518 1799 2547 por-

1061 2547 1129 2586 rigat
1138 2557 1245 2576 manum
1258 2558 1343 2582 suam,
1354 2547 1498 2586 etaccipiat
1510 2546 1723 2586 inde,numquid
1731 2546 1802 2577 male

1060 2586 1163 2615 fecisti?
1177 2594 1222 2615 aut
1244 2586 1375 2625 numquid
1389 2593 1419 2616 tu
1440 2586 1549 2626 coegisti
1561 2586 1642 2616 illum
1657 2594 1686 2616 ut
1707 2588 1804 2617 faceret
