1890 2826
561 207 605 230 DE
631 207 741 230 MUNDI
768 207 961 231 CREATIONE
989 209 1091 231 ouAT.
1122 209 1170 232 111.

73 272 114 301 νὸν
137 271 181 301 καὶ
198 270 246 306 τὴν
265 271 329 310 γῆν,
342 269 406 300 ποία
420 269 496 310 μάχη
517 268 579 299 ὅταν
597 268 662 308 λέγῃ
677 270 691 298 ὁ
705 268 820 308 Χριστός
832 280 838 286 ·

71 316 130 347 Ἵνα
143 315 292 355 γινώσκωσί
304 327 334 345 σε
350 315 394 346 τὸν
415 315 494 355 μόνον
511 314 633 351 ἀληθινὸν
647 314 732 349 Θεὸν,
752 313 797 343 καὶ
811 313 839 343 ὃν

71 361 191 401 ἔπεμψας
206 361 308 397 Ἰησοῦν
330 360 458 401 Χριστόν;
472 361 540 391 Ὀτε
552 362 566 390 ὁ
584 360 681 401 Σωτὴρ
695 360 713 396 ἢ
733 359 775 389 διὰ
787 362 839 389 τῶν

71 409 222 447 προφητῶν,
237 406 255 443 ἢ
269 407 302 436 δι’
315 407 394 437 αὐτοῦ
405 409 488 437 ταῦτα
503 406 600 447 ἔλεγεν,
614 407 643 437 οὔ
655 406 720 447 πρὸς
729 407 840 435 ἀντιπα-

72 452 175 492 ράθεσιν
189 454 268 483 αὐτοῦ
284 456 368 483 ταῦτα
380 453 483 493 ἔλεγεν·
505 452 563 483 Ἵνα
579 452 728 493 γινώσκωσί
752 463 782 481 σε
795 451 840 480 τὸν

72 498 150 537 μόνον
161 498 231 529 Θεόν
240 511 247 518 ·
259 499 329 529 ἀλλὰ
345 499 410 540 πρὸς
423 499 623 535 ἄντιδιαστολὴν
640 501 693 528 τῶν
706 497 841 539 ψευδωνύ-

72 557 138 584 μων.
153 545 234 586 Ὅθεν
250 545 295 575 καὶ
313 548 328 575 ὁ
346 546 452 580 Παῦλός
464 558 560 586 φησιν·
572 545 770 586 Ἐπεστρέψατε
789 544 842 574 ἀπὸ

71 594 124 620 τῶν
146 591 261 622 εἰδώλων
270 614 279 629 ,
301 592 430 622 δουλεύειν
453 594 516 633 Θεῷ
541 594 619 627 ζῶντι
646 591 692 621 καὶ
711 593 838 631 ἀληθινῷ.

73 638 206 675 Ἂληθινὸν
230 639 322 676 καλεῖ,
348 638 392 669 ἵνα
421 639 481 673 τοὺς
509 638 694 680 ψευδωνύμως
725 637 817 678 ἐλέγξῃ
833 649 840 656 ·

73 685 173 722 ζῶντα,
194 684 237 715 ἵνα
254 685 289 714 τὰ
307 685 387 726 νεκρὰ
409 685 504 715 εἴδωλα
523 684 692 725 στηλιτεύσῃ.
707 684 779 724 Ἐγὼ
793 682 841 723 μὲν
869 687 877 695 “

72 730 187 770 νομίζω,
207 732 307 770 μᾶλλον
327 731 354 761 δὲ
375 731 492 762 πιστεύω
504 732 563 767 ,ὅτι
586 732 762 771 ἀγανακτοῦσι
782 730 843 760 καθ’

73 780 150 817 ἡμῶν
168 778 193 807 οἱ
214 777 316 817 νεκροὶ,
336 777 380 807 ἐὰν
402 778 549 809 ἀκούσωσιν
567 777 608 807 ὅτι
627 777 661 807 τὰ
682 776 778 806 εἴδωλα
796 788 839 806 νε-

74 823 125 863 κρὰ
145 824 286 862 καλοῦμεν.
307 823 444 864 ςΥὸρίζετι
466 824 517 864 γὰρ
531 825 607 863 ἡμῶν
625 823 673 860 τὴν
686 822 776 858 τάξιν,
789 834 841 862 φη-

74 870 127 899 σίν.
145 869 239 910 Ἡμεῖς
258 870 345 910 νεκροὶ
365 871 517 910 καλούμεθα
536 871 560 900 οἱ
578 870 643 900 ποτὲ
664 869 803 905 ζήσαντες·
817 870 842 898 ot

74 915 207 954 μηδέποτε
228 916 353 953 ζήσαντες
372 916 442 946 διατί
459 916 547 956 νεκροὶ
567 917 709 945 καλοῦνται
715 927 723 951 ;
738 914 804 945 Θεοὶ
818 915 842 943 οἱ

73 962 117 991 τὸν
129 961 237 1001 οὐρανὸν
253 962 299 991 καὶ
312 961 360 998 τὴν
370 964 419 1001 γῆν
431 964 479 992 οὔκ
491 961 630 999 ἐποίησαν,
646 959 841 990 ἀπολέσθωσαν.

74 1007 179 1047 Κύριος,
189 1007 242 1041 “ος
254 1007 377 1043 ἐποίησεν
389 1007 450 1042 τοὺς
461 1008 584 1048 οὐρανοὺς
598 1009 625 1037 ἐν
639 1007 758 1042 συνέσει,
767 1005 844 1039 αὐτὸς

74 1055 124 1088 ζῶν
143 1053 211 1088 Θεὸς
228 1054 275 1084 καὶ
294 1054 425 1090 ἀληθινός.
446 1055 496 1089 Τίς
508 1057 523 1084 ὃ
536 1056 603 1092 ζῶν;
617 1054 652 1084 Ὁ
666 1053 780 1089 ποιήσας
800 1052 843 1082 τὸν

74 1100 190 1140 οὐρανόν.
217 1099 265 1137 Μὴ
289 1100 418 1136 ἑστήκασι
437 1102 490 1130 τῶν
520 1102 660 1140 αἱρετικῶν
678 1101 702 1129 οἱ
722 1098 792 1139 ὅροι;
814 1099 844 1127 οὐ

74 1145 167 1174 πίπτει
178 1146 264 1175 αὑτῶν
278 1147 295 1181 ἡ
309 1144 418 1175 ἀσέὸεια
426 1157 435 1183 ;
448 1146 496 1175 οὔκ
513 1145 650 1185 ἐλέγχεται
664 1147 681 1180 ἡ
695 1143 844 1179 θεοσέὸειας

75 1191 104 1219 οὗ
119 1190 254 1220 διαλύεται
267 1193 284 1227 ἡ
293 1191 437 1231 σκαιωρίαξ
451 1190 496 1221 Τὰ
509 1191 573 1231 ἔργα
585 1194 632 1220 τοῦ
643 1193 754 1227 ποιητοῦ
766 1201 844 1219 κατα-

1566 195 1635 242 557

895 269 992 310 Deum
1000 279 1113 306 venem,
1121 276 1147 299 el
1158 280 1243 310 quem
1253 272 1357 299 misisti
1362 271 1384 299 J
1384 280 1463 298 esum
1474 270 1495 299 C
1499 270 1588 298 hrislu
1593 272 1636 297 m?

895 316 965 344 Cum
977 316 1105 345 Servatur
1117 323 1164 345 aut
1175 326 1223 356 per
1237 316 1391 356 prophetas,
1405 323 1452 345 aut
1465 327 1512 356 per
1533 327 1560 345 se
1580 315 1637 345 haec

895 359 1011 397 dicebat,
1025 371 1078 390 non
1099 361 1134 391 ad
1156 362 1382 402 comparationem
1404 372 1466 391 cum
1491 363 1567 391 Patre
1581 362 1636 390 haec

894 406 1010 444 dicebat,
1029 409 1068 437 Ut
1078 413 1255 448 cognoscant
1269 410 1296 438 ie
1310 409 1404 438 solum
1417 409 1512 437 Deum
1520 420 1533 444 ,·
1546 407 1592 437 sed
1603 407 1637 436 ad

893 452 1072 483 differentiam
1083 464 1191 489 eorum,
1206 455 1254 493 qui
1267 455 1334 484 falso
1346 454 1385 484 dii
1403 454 1583 494 appellantur,
1598 453 1637 482 si-

894 498 1085 538 gnificandam.
1100 500 1282 537 Quamobrem
1307 500 1406 530 Paulus
1420 510 1527 539 quoqne
1545 499 1612 528 dicit
1628 512 1634 527 :

897 545 1034 574 Conversi
1049 547 1118 575 estis
1136 547 1173 575 ab
1192 546 1291 583 idolis,
1306 548 1414 575 servire
1435 547 1499 575 Deo
1520 548 1590 576 vivo
1609 550 1636 574 el
1652 549 1747 571 1-1'lccss
1765 556 1784 570 ¹·

895 601 976 620 vero.
990 592 1095 622 Verum
1108 599 1196 630 vocat,
1211 599 1239 621 ut
1252 592 1332 621 falsos
1344 593 1476 631 consutet3
1490 592 1598 629 vivum,
1610 587 1670 622 ut9'

895 644 1000 666 mortua
1014 637 1087 667 idola
1098 637 1231 667 traducat.
1245 638 1304 678 Ego
1317 648 1383 667 vcro
1395 645 1471 678 puto,
1483 639 1538 668 imo
1550 639 1638 678 potius

895 683 993 719 credo,
1008 691 1129 713 mortuos
1151 683 1295 714 adversum
1318 694 1365 713 nos
1384 684 1473 721 irasci,
1491 685 1514 713 si
1529 685 1639 713 audiant

894 739 943 759 nos
956 730 1029 760 idola
1043 730 1180 770 appellare
1193 736 1308 759 mortua.
1325 730 1455 770 Injuriam
1465 752 1472 766 ,
1488 729 1581 767 aiunt,
1599 730 1636 759 ir-

894 777 993 816 rogatis
1010 784 1101 815 nostro
1122 777 1220 806 ordini·
1236 778 1293 807 Nos
1316 776 1415 806 mortui
1438 775 1576 813 irocamur,
1590 777 1637 815 qui

894 823 1040 862 aliquando
1063 823 1183 854 viximus
1198 835 1205 851 ε
1220 822 1268 862 qui
1294 833 1443 861 numquam
1469 822 1576 859 vixere,
1590 834 1639 852 cur

895 870 995 899 mortui
1016 869 1187 910 appellantur
1199 872 1211 899 ?
1224 870 1278 899 Dii
1290 871 1342 909 qui
1355 870 1460 898 coelum
1483 876 1510 898 et
1533 876 1639 899 terram
1650 882 1697 903 Jer.
1712 887 1737 901 m
1754 886 1787 900 ιι,

896 926 955 944 non
960 915 1111 955 fecerunt,
1133 916 1309 955 dispereant.
1326 915 1474 952 Dominus,
1491 916 1551 954 Qui
1559 917 1639 958 fecit
1650 923 1718 945 Psnl.
1738 922 1789 945 135.

896 962 982 990 coelos
1005 963 1036 991 in
1059 962 1221 998 intellectu,
1237 961 1295 1001 ipse
1314 961 1396 991 vivus
1419 963 1492 991 Deus
1506 969 1532 991 et
1546 972 1637 992 verus.
1650 953 1672 976 ⁵·

896 1008 966 1044 Quis
979 1014 1018 1036 est
1030 1007 1132 1037 vivus?
1146 1007 1202 1045 Qui
1215 1007 1277 1036 fecit
1289 1007 1394 1036 caelum.
1409 1008 1481 1037 Num
1495 1014 1565 1037 stant
1585 1009 1639 1038 hae-

897 1053 1041 1083 reticorum
1056 1053 1243 1083 definitiones?
1254 1063 1342 1082 annon
1356 1053 1428 1083 cadit
1440 1064 1533 1083 eorum
1548 1054 1640 1094 impie-

897 1099 958 1128 tas?
985 1109 1072 1128 annon
1096 1098 1270 1139 redarguitur
1294 1109 1387 1128 eorum
1414 1099 1530 1139 religio?
1552 1110 1640 1129 annon

897 1144 1055 1175 dissolvitur
1065 1145 1202 1186 pravitas?
1211 1145 1365 1175 Conditoris
1374 1155 1453 1185 opera
1466 1146 1641 1186 comprehen-

896 1191 960 1220 dere
982 1201 1037 1220 non
1060 1198 1150 1231 potes,
1164 1198 1190 1220 et
1203 1190 1340 1220 Artificem
1363 1191 1467 1220 curiose
1488 1191 1602 1229 inquiris
1616 1198 1642 1220 et

75 1236 166 1266 λαὸεἶν
176 1237 225 1266 οὐκ
236 1236 337 1277 ἷσχύεις
346 1259 354 1273 ,
367 1237 413 1267 καὶ
430 1237 474 1267 τὸν
488 1237 612 1277 τεχνίτην
625 1235 784 1276 περιεργάζῃ
799 1235 844 1265 καὶ
861 1244 881 1267 1)
896 1237 1020 1277 exploras
1029 1237 1043 1266 Ρ
1057 1237 1133 1274 Quid
1151 1237 1247 1266 clamat
1259 1236 1348 1265 David
1359 1236 1373 1265 Ρ
1390 1237 1486 1275 Quam
1507 1237 1640 1277 magnifi-
1653 1245 1717 1266 Psal.
1741 1246 1794 1268 103.

75 1282 229 1322 ἐξιχνεύεις;
244 1282 281 1312 Τί
299 1285 350 1323 βοᾷ
367 1283 464 1312 Δαυίδ·
478 1282 526 1316 Ὡς
543 1282 707 1322 ἐμεγαλύνθη
727 1281 761 1311 τὰ
779 1281 844 1322 ἔργα

75 1340 132 1364 σου,
147 1328 237 1368 Κύριε.
256 1329 350 1358 Πάντα
370 1330 398 1358 ἒν
416 1329 494 1370 σοφίᾳ
505 1329 641 1365 ἐποίησας.
655 1329 796 1368 Προφῆται
810 1328 843 1358 τὰ

76 1374 140 1414 ἔργα
159 1375 364 1415 μιγαλύνουσιν,
383 1375 510 1415 αἱρετικοὶ
529 1375 574 1404 τὸν
591 1375 714 1415 τεχνίτην
729 1374 844 1415 σμικρό-

77 1432 173 1450 νουσιν.
187 1421 222 1451 ‘0
235 1420 317 1461 μέγας
328 1423 362 1461 τῇ
375 1422 457 1461 βουλῇ
471 1421 517 1451 καὶ
531 1421 638 1454 δυνατὸς
648 1425 702 1454 τοῖς
716 1420 817 1461 ἔργοις,
830 1423 844 1450 ὁ

76 1465 120 1495 τὸν
134 1466 242 1507 οὐρανὸν
254 1467 339 1503 πήξας
357 1466 383 1501 ἐξ
396 1466 498 1497 ὑδάτων
508 1479 515 1485 ·
529 1468 558 1497 οὗ
572 1467 623 1508 γὰρ
636 1467 785 1507 ἀφίσταμαι
797 1469 843 1496 τοῦ

76 1512 218 1551 θαύματος,
240 1513 289 1547 Ἐξ
306 1514 408 1543 ὑδάτων
428 1513 582 1550 πίπηκται,
597 1513 643 1543 καὶ
662 1513 732 1553 ὕδωρ
755 1512 843 1553 φέρει·

76 1558 129 1587 ἀπὸ
141 1558 243 1588 ὗδάτων
257 1559 359 1599 ἐπάγη,
378 1560 423 1590 καὶ
444 1560 559 1590 ἄὸυσσον
580 1559 719 1599 βαστάζεν
733 1558 799 1592 ὅλως
815 1559 843 1588 δὲ

75 1603 166 1642 ἔχεται
185 1605 392 1644 ὑποδείγματος,
410 1606 441 1635 τὸ
459 1606 540 1635 κακὸν
559 1608 637 1635 τοῦτο
656 1608 744 1645 θαῦμα
761 1605 841 1644 λέγω.

76 1645 152 1683 Εἶδες
162 1649 265 1684 πλάκας
278 1651 336 1681 οἰπὸΥ
352 1650 445 1684 ὕδατος
461 1651 670 1691 βασταζομένας,
686 1651 732 1680 καὶ
746 1650 844 1679 ἄνωθεν

75 1696 152 1735 χιόνα
168 1696 309 1736 φερούσαςς
329 1697 437 1736 Χειμὼν
455 1697 606 1737 εἰργάσατο,
621 1697 690 1730 Θεὸς
703 1698 751 1726 οὐκ
762 1697 843 1737 ἐργά-

895 1290 964 1312 cata
972 1289 1040 1312 sunt
1049 1290 1204 1323 operatua,
1217 1280 1358 1314 Domine!
1370 1284 1478 1312 Omnia
1488 1287 1519 1311 in
1529 1285 1642 1322 sapien·
1651 1278 1690 1304 ²4·

897 1330 1057 1370 1iasecisti.
1073 1330 1211 1370 Prophetae
1231 1340 1311 1370 opera
1324 1329 1508 1368 magnificant,
1524 1329 1641 1358 haeretici

895 1377 1025 1416 Opificem
1040 1375 1176 1405 minuunt.
1192 1377 1309 1415 Magnus
1324 1375 1370 1404 illc
1383 1375 1495 1404 consilio
1508 1382 1533 1404 et
1547 1382 1641 1415 potens

895 1424 1037 1464 operibus,
1051 1424 1099 1462 qui
1119 1423 1214 1452 caelum
1234 1423 1359 1452 formavit
1374 1428 1400 1452 et
1420 1422 1481 1451 fixit
1495 1433 1529 1451 cx
1544 1422 1639 1461 aquis;

896 1479 948 1498 non
960 1469 1031 1499 enim
1041 1479 1056 1498 a
1067 1469 1198 1498 miraculo
1208 1468 1335 1497 abscedo.
1344 1469 1385 1497 Ex
1398 1470 1476 1506 aquis
1486 1476 1639 1497 concretum

895 1524 950 1553 est,
964 1524 990 1547 et
1003 1528 1100 1556 aquam
1114 1523 1198 1557 gestat
1213 1527 1219 1544 τ
1233 1527 1267 1546 ex
1282 1516 1359 1555 aquis
1372 1522 1525 1546 concretum
1538 1523 1576 1545 est
1585 1539 1592 1552 ,
1615 1523 1641 1545 et

895 1564 1022 1604 abyssum
1047 1570 1151 1603 gestat;
1166 1563 1275 1592 omnino
1289 1569 1378 1591 autem
1402 1562 1528 1600 exemplo
1542 1562 1638 1598 hoeret,

896 1619 1006 1643 novum,
1021 1609 1140 1647 inquam,
1160 1608 1212 1637 hoc
1226 1608 1398 1636 miraculum.
1416 1607 1546 1637 Vidistin’
1559 1608 1639 1636 tabu-

895 1655 935 1683 las
958 1655 992 1684 ab
1005 1666 1075 1693 aqna
1095 1660 1218 1693 gestatas,
1235 1660 1260 1682 et
1280 1653 1396 1693 desuper
1409 1653 1499 1682 nivem
1517 1655 1639 1692 gestare?

894 1700 987 1729 Hiems
1001 1700 1030 1729 id
1042 1699 1115 1736 fecit,
1129 1706 1155 1728 et
1169 1700 1242 1728 Deus
1256 1709 1308 1727 non
1329 1698 1407 1728 saciet
1417 1700 1430 1726 P
1443 1698 1517 1727 Fecit
1530 1698 1637 1735 caelum,

75 1744 161 1779 ζεται;
174 1742 323 1778 ’Ἐποίησε
347 1743 392 1773 τὸν
415 1744 522 1784 οὐρανὸν
541 1744 591 1783 οὐχ
609 1746 645 1778 ὡς
664 1747 793 1784 σφαῖραν,
807 1745 843 1777 ὣς
862 1752 880 1776 Β
896 1755 947 1775 non
962 1752 991 1774 ut
1008 1745 1156 1785 sphaeram,
1173 1751 1202 1773 ut
1215 1744 1442 1784 philosophantur
1455 1754 1569 1782 nugaces
1585 1744 1635 1773 illi.

75 1789 258 1828 φιλοσοφοῦσιν
267 1790 290 1818 οἵ
304 1789 489 1829 ματαιολόγοι·
502 1792 532 1820 οὗ
542 1790 594 1830 γὰρ
607 1790 715 1826 ἐποίησε
729 1794 841 1830 σφαῖραν

75 1834 244 1872 κυλιομένην,
257 1835 316 1864 ἀλλ’
332 1835 368 1869 ὥς
381 1848 460 1876 φησιν
474 1839 488 1866 ὃ
503 1837 653 1877 προφήτης,
667 1838 681 1866 ὁ
699 1836 772 1872 ἥλιος
785 1837 842 1869 πῶς

74 1879 178 1919 τρέχει,
193 1879 228 1910 Ὁ
246 1881 376 1920 στεγάσας
396 1882 440 1912 τὸν
461 1883 569 1923 οὐρανὸν
589 1885 625 1917 ὡς
644 1882 782 1922 καμάραν,
797 1882 842 1912 καὶ

75 1926 203 1962 διατείνας
213 1929 291 1959 αὐτὸν
302 1931 338 1962 ὡς
351 1931 459 1966 σκηνήν.
480 1930 575 1963 Οὐδεὶς
593 1931 669 1969 ἡμῶν
683 1929 765 1963 οὕτως
778 1930 840 1958 ἀσε-

74 1972 123 2008 ὅὴς
135 1972 205 2003 ὥστε
217 1977 356 2011 πεισθῆναι
377 1980 431 2009 τοῖς
450 1975 641 2015 ματαιολόγοις.
657 1977 692 2005 Οἱ
708 1977 842 2016 προφῆται

72 2019 209 2058 λέγωσιν,
228 2021 269 2050 ὅτι
288 2022 374 2062 ἀρχὴν
393 2022 449 2063 ἔχει
465 2022 510 2052 καὶ
530 2022 604 2055 τέλος
623 2025 637 2052 ὁ
660 2022 776 2062 οὐρανός.
790 2021 841 2051 Διὰ

894 1792 954 1821 Non
965 1791 1037 1820 enim
1048 1791 1180 1831 sphaeram
1191 1790 1254 1819 fecit
1263 1800 1322 1828 quae
1331 1790 1469 1819 volvatur.
1481 1790 1597 1825 Verum,
1609 1797 1638 1819 ut

895 1837 932 1866 ait
953 1837 1094 1877 propheta,
1110 1836 1151 1866 sol
1175 1834 1310 1875 quomodo
1336 1835 1442 1864 currit?
1461 1835 1517 1873 Qui
1535 1838 1637 1865 statuit
1648 1847 1705 1869 1501.
1718 1847 1755 1878 40,

895 1884 998 1913 coelum
1014 1883 1253 1925 sicutsornicem,
1266 1888 1294 1911 et
1308 1882 1439 1911 extendit
1458 1882 1537 1911 illud
1555 1883 1637 1913 velut
1646 1883 1684 1900 ²²·

896 1930 1126 1959 tabernaculum.
1139 1929 1225 1959 Nemo
1246 1934 1367 1957 nostrum
1381 1927 1417 1956 ita
1436 1927 1537 1967 impius
1555 1934 1593 1957 est
1609 1936 1638 1958 ut

894 1975 1043 2016 nugacibus
1054 1975 1110 2005 illis
1121 1974 1202 2004 fidem
1213 1974 1319 2003 haheat.
1331 1973 1471 2013 Prophetae
1482 1973 1576 2003 dicunt
1586 1985 1637 2004 cae—

895 2023 953 2053 lum
964 2023 1072 2053 initium
1083 2030 1109 2052 et
1122 2022 1202 2052 finem
1220 2021 1330 2051 hahere.
1345 2020 1410 2050 Ideo
1423 2022 1462 2050 sol
1477 2032 1529 2051 non
1545 2032 1636 2052 ascen-

72 2068 150 2095 τοῦτο
162 2066 232 2096 καὶὸ
242 2067 315 2103 ἥλιος
327 2069 375 2098 οὐκ
387 2069 537 2106 ἀναὸαίνει,
555 2070 615 2099 ἀλλ’
628 2069 746 2108 ἔρχεται.
761 2068 841 2107 Λέγει
859 2079 876 2099 A
893 2069 935 2099 dit
945 2092 953 2107 ,
969 2069 1016 2099 sed
1037 2068 1168 2109 procedit.
1182 2068 1255 2098 Dicit
1268 2067 1408 2107 Scriptura
1422 2080 1428 2097 z
1443 2068 1495 2097 Sol
1508 2079 1637 2108 egressus

73 2113 90 2147 ἠ
106 2112 200 2151 Γραφή
210 2124 216 2131 ·
237 2112 272 2142 ‘O
290 2113 364 2150 ἥλιος
381 2114 487 2150 ἐξῆλθεν
506 2114 550 2144 ἐπὶ
571 2114 619 2151 τὴν
633 2117 698 2154 γῆν,
715 2114 760 2143 καὶ
777 2113 840 2143 Λὼτ

72 2158 193 2192 εἰσῆλθεν
206 2160 243 2191 εἰς
254 2159 361 2199 Σηγώρ.
376 2160 460 2191 Ὥστε
472 2162 551 2197 δῆλον
566 2161 607 2190 ὅτι
623 2160 728 2196 ἐξῆλθεν
741 2162 756 2189 ὁ
767 2159 840 2196 ἥλιος

73 2203 142 2232 κατὰ
167 2203 216 2240 τὴν
239 2205 261 2234 Γ
263 2205 347 2245 ραφὴν
354 2229 364 2242 ,
385 2206 430 2236 καὶ
451 2208 498 2236 οὐκ
522 2209 643 2243 ἀνῆλθεν.
669 2207 723 2236 Καὶ
744 2206 839 2244 πάλιν,

74 2249 130 2278 Ἀπ’
149 2250 241 2289 ἄκρου,
262 2251 326 2291 φησὶ
337 2274 345 2288 ,
358 2254 404 2281 τοῦ
418 2253 527 2292 οὐρανοῦ
546 2256 563 2289 ὴ
584 2253 668 2287 ἔξοδος
684 2255 778 2290 αὔτοῢ,
793 2255 840 2283 οὐκ

73 2296 173 2329 ἄνοδος.
198 2297 232 2326 Εἰ
250 2297 349 2336 σφαῖρά
368 2298 453 2334 ἐστιν,
474 2298 554 2338 ἄκρον
574 2301 622 2329 οὐκ
644 2300 711 2340 ἔχει.
735 2299 775 2329 Τὸ
789 2299 840 2339 γὰρ

72 2342 236 2383 πανταχόθεν
248 2343 394 2384 περιφερὲς,
408 2347 459 2374 ποῦ
471 2344 526 2385 ἔχει
536 2345 566 2375 τὸ
582 2345 678 2385 ἄκρον;
689 2341 756 2385 ’Ἆρα
769 2341 813 2375 οὖν
826 2348 840 2375 ὁ

72 2387 156 2417 aaut&
170 2388 246 2427 μόνος
257 2388 338 2428 λέγει,
351 2389 369 2424 ἢ
381 2389 426 2418 καὶ
439 2392 454 2419 ὁ
467 2390 578 2430 Σωτήρ;
591 2390 683 2420 Ἄκουε
702 2393 781 2421 αὐτοῦ
792 2391 837 2421 λέ-

72 2444 161 2471 γοντος
171 2446 178 2452 ·
188 2433 276 2464 “Οταν
288 2434 349 2474 ἔλθῃ
364 2437 378 2464 ὁ
391 2435 454 2469 Υἱὸς
470 2438 515 2465 τοῦ
530 2436 666 2476 ἀνθρώπου
688 2437 715 2466 ἐν
729 2439 763 2476 τῇ
778 2436 838 2476 δόξῃ

892 2122 936 2147 est
947 2127 1033 2156 super
1044 2123 1160 2154 terram,
1172 2122 1201 2145 et
1214 2116 1270 2144 Lot
1283 2118 1426 2152 ingressus
1438 2122 1480 2144 est
1494 2117 1526 2144 in
1536 2115 1635 2155 Segor.
1649 2129 1704 2150 Gen*
1720 2135 1754 2157 ¹1)-

893 2164 986 2193 Palam
997 2173 1061 2204 ergo
1071 2169 1110 2193 est
1122 2173 1156 2192 ex
1170 2161 1308 2202 Scriptura
1321 2162 1403 2191 solem
1417 2172 1553 2201 egressum
1566 2173 1634 2199 esse,
1646 2159 1685 2181 ²³·

888 2220 945 2249 >non
975 2208 1122 2239 ascendisse
1138 2220 1145 2237 z
1160 2219 1191 2238 ac
1216 2217 1343 2243 rursum,
1365 2207 1397 2236 A
1422 2218 1533 2237 summo
1563 2208 1635 2237 caelo
1646 2215 1712 2236 Psal.
1726 2214 1785 2243 187.

893 2257 1017 2296 egressio
1025 2257 1099 2295 ejus,
1111 2253 1210 2293 inquit,
1222 2263 1273 2282 non
1285 2263 1418 2282 ascensus.
1431 2253 1459 2282 Si
1470 2253 1573 2293 sphaera
1584 2260 1634 2288 est,

893 2313 1030 2331 summum
1049 2312 1102 2332 non
1117 2301 1207 2330 habet.
1222 2299 1304 2337 Quod
1316 2300 1387 2328 enim
1406 2299 1524 2338 undique
1541 2306 1634 2328 rotun-

893 2348 959 2377 dum
972 2355 1024 2385 est,
1040 2347 1151 2377 ubinam
1166 2356 1302 2375 summum
1315 2345 1415 2374 hahet?
1427 2346 1500 2374 Num
1514 2355 1576 2383 ergo
1590 2355 1633 2372 so-

894 2395 936 2424 lus
950 2394 1041 2425 David
1053 2394 1137 2430 dicit,
1151 2403 1184 2422 an
1199 2391 1278 2422 etiam
1296 2391 1441 2421 Servator?
1457 2390 1527 2419 Audi
1542 2390 1631 2429 ipsum

893 2440 1023 2470 dicentem
1038 2452 1047 2469 ε
1063 2441 1135 2469 Cum
1147 2439 1262 2467 venerit
1275 2436 1370 2465 Filius
1383 2436 1507 2464 hominis
1521 2437 1553 2463 in
1568 2446 1634 2463 ma-
1648 2447 1731 2469 Mam„
1749 2449 1785 2476 24‘

72 2480 167 2515 αὐτοῦ,
178 2481 318 2510 ἀποστελεῖ
331 2480 390 2515 τοὺς
404 2481 529 2521 ἀγγέλους
542 2483 621 2512 αὐτοῦ
641 2483 708 2521 μετὰ
725 2483 839 2523 σάλπιγ-
887 2487 995 2525 jestate
1014 2496 1082 2522 sua,
1095 2485 1188 2513 mittet
1206 2481 1324 2520 angelos
1345 2490 1411 2509 suos
1430 2490 1495 2508 cum
1517 2480 1585 2509 tuba
1607 2487 1633 2509 et
1645 2475 1684 2498 3¹·

105 2573 114 2584 ³
133 2564 195 2589 Vide
211 2566 328 2591 Cosmum
344 2567 491 2600 AEgyptium
510 2576 534 2599 p.
551 2568 608 2592 323.
622 2567 709 2601 [Modo
727 2569 803 2595 savit.
818 2574 833 2595 ὁὶ
883 2570 934 2601 vit,
948 2576 972 2594 et
986 2570 1089 2594 omnino
1101 2567 1221 2600 glossema
1239 2563 1373 2596 marginale
1391 2572 1441 2587 esse
1460 2562 1575 2588 tidentur
1589 2564 1633 2588 ad>

71 2611 163 2637 χειμών,
174 2604 252 2630 Panlo
262 2611 318 2637 post
335 2605 410 2631 verba
420 2609 432 2633 ὁ
443 2610 502 2636 ἥλιος
512 2614 557 2636 πῶς
567 2612 642 2642 τρέχει
651 2606 739 2633 desunt
749 2608 774 2634 in
788 2609 831 2634 Sa-

881 2610 1002 2642 scriptum
1017 2609 1045 2633 iis
1057 2616 1111 2639 qua:
1121 2607 1184 2631 infra
1197 2604 1342 2629 §merianus
1353 2603 1503 2634 arguuntur]
