1890 2826
656 164 772 188 nonum
778 165 796 186 Α
824 163 868 185 DE
895 162 1124 184 LEGtsLA‘ronE
1131 178 1138 185 .

111 228 151 267 μή
171 240 210 262 τις
233 228 359 263 ἀκούσας,
375 227 535 267 Εὗαγγέλιον
550 229 630 260 Θεοῦ,
644 226 740 265 νομίσῃ
755 225 800 254 τὸν
816 224 879 254 Υἱὸν

109 274 146 312 μὴ
160 274 229 315 ἔχειν
244 274 380 304 αὖθεντίαν
395 275 430 307 εἷς
445 274 475 303 τὸ
486 273 628 314 κήρυγμα,
642 274 669 302 ἓν
691 274 724 312 τῇ
738 272 805 310 αὐτῇ
823 271 879 299 ἑπι-

108 321 189 359 στολῇ
208 320 300 360 μικρὸν
315 319 414 353 ὑποὸὰς
431 319 519 359 λέγει·
535 319 644 359 Μάρτυς
658 318 709 358 γάρ
722 317 782 372 ueim
780 318 851 346 ἐστιν
865 318 879 345 ὁ

108 365 176 398 Θεὸς
186 387 195 402 ,
211 358 233 406 ᾧ
246 365 367 406 λατρεύω
380 366 407 394 ἐν
420 367 459 406 τῷ
479 365 610 404 πνεύματί
625 377 684 404 μου,
705 366 732 393 ἐν
747 365 785 404 τῷ
799 364 877 402 εὐαγ-

107 411 187 451 γελίῳ
204 414 250 440 τοῦ
265 412 330 441 Υἱοῦ
346 412 435 441 αὐτοῦ.
444 394 529 445 Εἶδες
542 411 572 440 τὸ
586 413 675 449 θαυμα
686 413 731 440 τοῦ
747 410 860 450 κηρυκος
870 431 878 445 ,

108 456 153 486 καὶ
170 456 220 492 τὴν
241 457 442 497 ἀπηρτισμένην
457 457 588 493 διάνοιαν;
602 456 662 486 Ἵνα
675 456 712 495 μὴ
726 456 864 494 νομισθῇ’
852 466 879 483 εν

109 502 156 541 μὲν
170 505 208 543 τῷ
222 503 294 543 νόμῳ
308 503 380 543 ἄλλῳ
394 504 457 543 Θεῷ
471 503 610 539 δουλεύειν,
626 505 653 532 ἐν
668 503 695 533 δὲ
711 505 750 543 τῷ
771 504 879 541 εὐαγγε-

107 547 157 588 λίῳ
170 549 235 588 πρὸς
248 549 327 578 ἄλλον
341 553 447 589 χωρεῖν,
461 549 547 588 λέγει·
561 549 712 588 Εὐλογητὸς
724 551 738 578 ὁ
757 548 825 581 Θεὸς
834 570 842 583 ,
857 543 879 588 ᾧ

1606 149 1675 195 473

933 222 1031 260 Patris,
1046 229 1072 252 et
1085 222 1162 259 Filii,
1178 230 1203 252 et
1215 222 1332 263 Spiritus
1351 222 1434 252 sancti
1451 232 1562 262 regumn
1574 221 1673 262 praedi-

933 274 986 304 cat,
999 267 1080 298 modo
1093 269 1262 308 evangelium
1274 269 1326 298 Dei
1337 268 1435 305 Patris,
1450 268 1530 298 modo
1549 269 1614 298 Filii
1625 279 1673 308 ap-

932 313 1036 353 pellat:
1060 315 1175 345 Paulus
1194 325 1294 344 servus
1313 316 1387 345 Jesu
1411 315 1528 350 Christi,
1551 322 1675 344 vocatus
1686 315 1743 336 1³⁰¹ss

932 361 1092 399 apostolus,
1107 368 1272 401 segregatus
1284 363 1317 390 in
1332 360 1527 401 Evangelium
1538 362 1605 390 Dei.
1622 363 1678 391 Ve-

930 418 992 436 rum
1005 418 1038 436 ne
1051 408 1123 446 quis,
1138 419 1201 438 cum
1221 408 1314 438 audiat
1327 408 1398 437 illud
1414 408 1598 447 evangelium
1610 408 1676 443 Dei,

930 453 1076 482 arbitretur
1090 454 1192 483 Filium
1206 454 1309 483 nullam
1322 454 1357 483 ad
1370 453 1571 494 praedicandum
1584 460 1675 482 aucto-

930 499 1033 529 ritatem
1042 500 1171 535 obtinere,
1183 500 1210 529 in
1222 500 1315 530 eadem
1323 501 1447 540 epistola,
1456 500 1538 540 paulo
1548 507 1608 541 post
1620 500 1657 529 ait
1668 511 1675 527 :

935 547 1025 576 Testis
1039 549 1115 575 enim
1128 549 1199 577 mihi
1211 548 1302 583 Deus,
1323 549 1374 587 qui
1386 549 1510 576 inservio
1532 549 1564 575 in
1576 549 1677 586 spiritu
1687 549 1752 571 Rom.
1768 555 1817 579 1-9-

107 593 226 633 λατρεύω
239 594 292 624 ἀπὸ
303 594 437 635 προγόνων
449 596 476 624 ἐν
490 597 592 635 καθαρᾷ
606 595 761 631 συνειδήσει.
776 595 817 624 Οὗ
830 594 879 633 γὰρ
895 596 914 619 C
931 603 993 622 meo
1014 595 1046 622 in
1064 595 1217 634 evangelio
1240 594 1313 623 Filii
1330 596 1402 633 ejus.
1428 593 1528 624 Viden’
1548 594 1678 634 praeconis

109 640 154 668 ἀπ’
169 640 258 676 ἄλλου,
273 641 352 680 φησὶ,
372 641 437 681 πρὸς
455 641 534 670 ἄλλον
548 642 672 681 ἔδραμον,
693 642 752 670 ἀλλ’
765 640 794 669 ὃν
808 635 880 679 εἶχον

109 687 136 714 ἐν
151 686 251 726 ἀγνοίᾳ,
270 686 434 726 προσέλαὸον
448 688 476 716 ἐν
489 686 596 726 γνώσει.
612 686 665 716 Καὶ
681 686 761 716 πάλιν
775 688 789 715 ὁ
804 686 880 718 αὐτὸς

110 732 246 770 βουληθεὶς
267 732 362 769 δεῖξαι,
383 733 424 762 ὅτι
442 732 476 761 τὰ
492 732 600 772 ῥήματα
614 734 661 768 τῆς
682 733 798 765 παλαιᾶς
812 733 879 762 Δια-

109 777 193 812 θήκης
204 777 249 806 καὶ
265 779 312 814 τ’ἥς
325 778 384 812 νέας
395 768 451 812 ἑνός
464 779 521 808 ἐστι
535 778 682 817 στόματος,
694 778 739 807 καὶ
759 777 813 811 ἑνὸς
827 779 881 807 Δε-

109 822 224 859 σπότου,
249 823 312 862 μίαν
336 824 483 864 μαρτυρίαν
509 824 561 853 ἀπὸ
590 825 699 864 Γραφης
722 824 880 863 παρήγαγε,

109 868 260 907 συμπλέξας
279 871 318 909 τῷ
341 870 502 909 εὖαγγελικῷ
521 870 592 910 λόγῳ
612 869 660 906 τὴν
688 869 820 905 Παλαιὰν,
835 869 881 898 καὶ

107 914 179 952 λέγει
188 925 195 931 ·
208 914 380 954 Γέγραπται,
395 916 438 944 Οὔ
451 915 581 956 φιμώσεις
597 917 659 955 βοῦν
675 917 794 944 ἀλοῶντα
805 927 811 934 ·
825 915 882 951 καὶ,

109 958 193 993 Ἄξιος
206 962 220 989 ὁ
233 960 348 1000 ἐργάτης
357 964 403 990 τοῦ
416 963 510 999 μισθοῦ
525 963 613 990 αὐτοῦ.
625 960 638 977 ¹³
648 962 688 990 Τὸ
703 961 750 1000 μὲν
764 960 826 1000 γὰρ,
840 961 883 990 Οὔ

110 1004 257 1044 φιμώσεις,
282 1007 401 1042 Μωῦοῆς
421 1002 477 1035 εἷπε
489 1019 496 1025 ·
516 1007 547 1035 τὸ
564 1007 610 1042 δὲ,
628 1006 712 1040 Ἄξιος
732 1008 746 1035 ὁ
771 1006 883 1045 ἐργάτης

111 1055 157 1080 τοῦ
170 1054 263 1090 μισθοῦ
276 1053 366 1088 αὐτοῦ,
378 1055 392 1081 ὁ
402 1053 515 1092 Χριστὸς
525 1054 551 1082 ἐν
566 1056 620 1086 τοῖς
630 1052 800 1091 εὐαγγελίοις.
814 1051 883 1081 Ἀλλ’

110 1097 154 1126 ἵνα
176 1097 248 1137 δείξῃ
262 1098 302 1126 ὅτι
322 1097 350 1126 ἓν
364 1097 450 1136 στόμα
464 1099 572 1127 κάκεῖνα
590 1098 635 1126 καὶ
648 1101 732 1127 ταῦτα
750 1098 863 1133 ἐλάλησε
875 1120 882 1133 ,

112 1142 146 1171 τὰ
166 1147 220 1176 τοῖς
232 1144 334 1183 χρόνοις
347 1143 495 1183 διῃρημένα
513 1146 612 1184 συνῆψε
625 1145 658 1183 ’ἑῇ
681 1143 819 1184 συμφωνίᾳ
837 1147 884 1180 τῆς

113 1188 251 1226 ἀληθείας,
275 1189 359 1218 εἰκών
368 1201 375 1207 ·
401 1188 572 1229 Γέγραπται,
596 1190 637 1219 Οὐ
665 1189 794 1230 φιμώσεις
821 1192 883 1229 βοῦν

113 1234 250 1263 &leffium-
270 1235 330 1270 καὶ,
345 1234 428 1268 Ἄξιος
445 1237 459 1263 ὁ
474 1235 587 1275 ἐργάτης
605 1238 650 1264 τοῦ
675 1238 768 1274 μισθοῦ
791 1237 881 1264 αὐτοῦ.

112 1278 215 1308 Τούτου
236 1283 282 1309 τοῦ
302 1280 454 1319 εὐαγγελίου
474 1281 551 1310 εἰκὼν
570 1282 604 1310 τὰ
618 1281 710 1310 δίκτυα
724 1281 838 1322 Πέτρου,
849 1281 884 1310 τὰ

113 1324 228 1364 σήμερον
239 1327 282 1354 ἐπ’
293 1326 385 1365 ὄψεσιν
397 1325 539 1366 ἡμετέραις
551 1327 596 1356 καὶ
608 1329 699 1361 ἀκοαῖς
707 1328 884 1367 χαλασθέντα.

114 1371 156 1399 Οὐ
177 1370 230 1410 γὰρ
251 1371 321 1405 ἅπαξ
337 1371 439 1412 Πέτρος
462 1372 578 1412 ἐχάλασε
596 1372 630 1402 τὰ
644 1373 751 1409 δίκτυα,
769 1373 837 1403 ἀλλὰ
850 1376 884 1414 τῇ

113 1415 161 1454 μὲν
182 1417 285 1456 ἱστορίᾳ
298 1417 382 1454 ἅπαξ,
403 1420 436 1457 τῇ
464 1417 493 1447 δὲ
520 1418 629 1458 δυνάμει
649 1420 784 1453 πολλάκις.
800 1419 885 1449 Ὁσά-
899 1427 917 1450 E

112 1474 152 1495 κως
165 1461 216 1502 γὰρ
229 1462 275 1492 ἐὰν
286 1465 407 1503 κηρυχθῇ
418 1463 449 1492 τὸ
461 1465 623 1504 εὐαγγέλιον,
638 1465 712 1495 οὐδὲν
722 1466 810 1505 ἕτερον
822 1468 884 1506 ὁρῶ,

111 1507 129 1543 ἢ
150 1508 262 1548 Πέτρον,
283 1509 327 1538 καὶ
351 1509 476 1549 Ανδρέαν,
492 1511 536 1539 καὶ
554 1511 599 1540 τὸν
612 1511 691 1551 χορὸν
703 1514 756 1551 τῷν
771 1513 884 1542 ἀποστό-

112 1554 175 1591 λων,
189 1554 219 1583 τὸ
233 1554 335 1584 δίκτυον
351 1555 499 1589 ἆπλοῦντας
513 1556 543 1585 τὸ
556 1557 734 1596 εὐαγγελικόν.

154 1980 207 2010 Καὶ
220 1975 252 2016 ἧν
264 1979 333 2013 ξένον
346 1979 432 2018 θέαμα
447 1980 492 2010 τὸν
503 1982 617 2021 Σωτῆρα
632 1982 693 2010 ἰδεῖν
709 1983 735 2010 ἐν
747 1982 863 2021 θαλάττῃ
873 2004 882 2016 ,

114 2025 159 2054 καὶ
172 2025 231 2058 τοὺς
251 2025 452 2064 διδασκομένους
466 2026 540 2066 παρὰ
554 2026 597 2055 τὸν
619 2027 737 2066 αἰγιαλὸν
752 2030 867 2061 ἑστῶτας
877 2039 883 2045 ·

115 2069 184 2104 ξένον
202 2075 314 2110 πρᾶγμα
323 2093 331 2107 ,
347 2073 370 2100 οἱ
383 2071 472 2111 ἰχθύες
483 2072 528 2101 ἐπὶ
540 2072 589 2108 τὴν
602 2075 661 2111 γ’ἧν,
675 2073 720 2102 καὶ
732 2076 745 2102 ὁ
757 2073 844 2106 ἁλιεὺς
858 2075 884 2102 ἐν

114 2115 300 2156 οαλάττῃ.”“Η
311 2117 416 2150 κάθεσις
424 2117 524 2148 ἐκείνου
534 2120 580 2147 τοῦ
593 2118 696 2148 δικτύου
708 2119 785 2148 εἰκὼν
795 2115 826 2155 ἦν
839 2131 904 2174 woh

115 2162 283 2201 εὖαγγελικοῦ
296 2162 384 2201 λόγου.
398 2159 483 2204 Εὗρε,
502 2163 580 2204 φησὶ,
594 2164 654 2197 τοὺς
668 2165 749 2198 ἁλιεῖς
767 2154 904 2193 ἀποπλύ-Ι’

114 2219 204 2240 νοντας
217 2206 251 2236 τὰ
265 2207 357 2237 δίκτυα
367 2230 375 2244 ,
391 2210 427 2242 ὡς
440 2209 599 2245 ἀπειπόντας
620 2212 667 2246 τ’ῆς
685 2211 774 2250 ἄγρας.
787 2210 885 2243 Ἁλιευς

113 2252 165 2292 γὰρ
185 2252 231 2281 ἐὰν
255 2252 293 2292 μὴ
316 2253 484 2294 ἀπαγορεύσῃ
505 2256 553 2290 τῆς
573 2254 672 2295 θήρας,
691 2257 720 2285 οὐ
745 2255 837 2284 πλύνει
855 2255 885 2284 τὸ
905 2266 908 2269 ’

114 2298 227 2328 δίκτυον.
244 2295 329 2339 Εὗρεν
342 2295 386 2329 οὖν
401 2299 493 2333 αὐτοὺς
505 2302 520 2329 ὁ
537 2301 635 2341 Σωτὴρ
657 2301 817 2334 ἀπειπόντας
838 2304 885 2338 τῆς

115 2345 212 2384 ἄγρας,
233 2345 278 2374 καὶ
296 2344 435 2385 ἐφίσταται
448 2347 462 2375 ὁ
476 2348 523 2381 τῆς
537 2347 618 2386 θήρας
631 2346 768 2382 Δεσπότης
777 2369 785 2382 ,
801 2346 845 2376 καὶ
859 2346 884 2375 τί

115 2394 199 2425 ποιεῖ;
211 2391 323 2430 Πρῶτον
337 2391 455 2420 διδάσκει
469 2391 514 2421 τὸν
525 2391 601 2431 λόγον
615 2394 662 2428 τῆς
677 2392 799 2427 ἀληΟείας
808 2404 814 2410 ·
829 2387 886 2422 εἶτα

115 2436 218 2466 κελεύει
230 2438 403 2476 (χαλασθῆναι
416 2437 447 2467 τὸ
461 2437 574 2466 δίκτυον.
591 2437 700 2473 Ἐπειδὴ
722 2437 772 2477 γὰρ
788 2437 821 2467 τὰ
836 2437 885 2477 ῥή-

119 2493 190 2519 ματα
210 2477 242 2517 ἦν
261 2482 436 2512 ἀναπόδεικτα
456 2482 516 2512 ἄνευ
537 2484 589 2512 τῶν
607 2484 699 2522 ἔργων,
723 2485 803 2524 ἐχρῆν
821 2486 881 2513 nixo-

152 2573 165 2592 Ι)
184 2573 224 2597 lta
236 2572 302 2598 idem
315 2579 390 2599 recte.
404 2573 542 2607 [Edebatur
555 2578 590 2604 τὸ,
604 2577 627 2600 οὐ
640 2574 676 2610 P]

930 639 1012 679 hujus
1023 639 1123 669 mirum
1141 640 1289 678 ingenium,
1305 647 1331 669 et
1344 641 1500 669 sententiam
1511 640 1651 679 perfectam
1665 640 1678 667 ἱ)

930 685 972 714 Ne
982 684 1183 715 existimaretur
1195 686 1222 715 in
1237 686 1296 725 lege
1309 685 1420 724 quidem
1434 685 1481 715 alii
1496 687 1552 714 Deo
1565 682 1678 720 servire,

930 729 958 758 in
970 730 1109 770 evangelio
1120 742 1184 761 vero
1199 731 1234 760 ad
1247 731 1332 760 alium
1346 732 1432 760 Deum
1445 730 1618 760 secessionem
1636 731 1679 759 fa—

930 785 1000 811 cere,
1014 775 1102 814 inquit
1117 778 1309 806 :Benedictus
1322 777 1412 811 Deus,
1421 778 1468 806 cui
1485 779 1578 806 servio
1592 788 1612 805 α
1621 788 1679 805 ma-
1690 792 1711 806 ο.
1730 787 1784 807 lum.
1799 794 1817 807 ι.

927 820 1038 859 joribus
1047 823 1080 850 in
1090 824 1268 861 couscientia
1275 833 1361 862 pura.
1373 824 1434 852 Non
1443 822 1525 858 enim,
1535 823 1632 862 inquit,
1646 823 1680 852 ab
1689 816 1711 838 3.

928 864 985 896 alio
995 867 1030 896 ad
1040 863 1127 897 'alium
1141 869 1235 899 secessi
1250 881 1258 906 ;
1283 869 1330 899 sed
1343 880 1423 908 quem
1437 869 1537 899 inscius
1547 870 1679 904 colebam,

932 914 992 954 e'jus
1005 915 1156 953 cognitione
1166 915 1298 952 imbutus,
1314 916 1471 955 complexus
1483 926 1554 944 sum.
1570 916 1606 945 Et
1615 916 1680 945 alibi

926 956 995 997 -c'ngm
1009 960 1104 990 docere
1124 961 1217 997 vellet,
1231 961 1339 990 oracula
1360 961 1523 990 Testamenti
1538 962 1645 991 Veteris
1657 969 1683 990 ct

900 1014 918 1036 D
934 1005 1004 1035 Novi
1024 1006 1059 1034 ab
1080 1006 1174 1036 eodem
1194 1017 1239 1036 ore
1259 1006 1406 1045 eodemque
1428 1007 1545 1036 Domino
1565 1008 1682 1046 profecta

934 1061 1001 1088 esse,
1011 1062 1096 1081 unum
1106 1052 1286 1082 testimonium
1296 1053 1362 1093 petit
1371 1063 1387 1081 a
1395 1053 1565 1082 Testamento
1575 1054 1682 1089 Veteri,

935 1097 980 1125 cui
1007 1098 1190 1138 evangelicam
1212 1099 1369 1128 sententiam
1390 1099 1528 1133 annexuit,
1545 1109 1606 1128 cnm
1620 1099 1657 1128 ait
1674 1110 1679 1125 :

933 1143 1076 1183 Scriptum
1086 1151 1139 1182 est,
1150 1145 1219 1174 Non
1233 1146 1382 1174 obturabis
1392 1154 1423 1174 os
1435 1146 1502 1175 bovi
1513 1147 1663 1174 trituranti
1669 1158 1681 1180 ;
1696 1162 1715 1178 1,
1734 1156 1792 1176 Tun.
1810 1155 1834 1176 Γ..

934 1195 973 1225 et,
987 1190 1104 1229 Dignus
1117 1197 1160 1220 est
1177 1192 1326 1230 operarius
1338 1191 1469 1220 mercede
1481 1201 1546 1220 sua.
1557 1192 1681 1228 Quorum
1695 1187 1730 1211 ’θ’

934 1235 1016 1272 illud,
1025 1237 1093 1266 Non
1103 1238 1263 1274 obturabis,
1275 1237 1359 1267 Mosis
1370 1243 1423 1266 est.
1434 1237 1494 1274 hoc,
1504 1237 1619 1277 Dignus
1629 1244 1681 1272 est,
1694 1247 1735 1267 υει
1737 1251 1762 1266 ιι.
1772 1246 1809 1267 23.

934 1284 1081 1321 operarius
1103 1284 1235 1313 mercede
1253 1294 1318 1319 sua,
1343 1283 1467 1313 Christus
1490 1284 1517 1313 in
1538 1279 1715 1323 evangeliis-'⁴

935 1329 1031 1359 effatus
1049 1337 1099 1359 est.
1115 1331 1150 1359 At
1164 1329 1222 1367 ille,
1245 1337 1276 1359 ut
1286 1330 1399 1370 planum
1413 1331 1521 1367 faceret,
1536 1331 1570 1360 ab
1590 1341 1643 1359 uno
1658 1337 1683 1359 et

935 1374 1029 1404 eodem
1042 1385 1089 1405 ore
1099 1375 1155 1405 haec
1168 1383 1194 1405 et
1206 1376 1255 1405 illa
1265 1375 1336 1405 edita
1343 1386 1399 1406 esse
1413 1377 1532 1414 oracula,
1543 1377 1615 1413 ideo⁷
1624 1387 1684 1416 quae

934 1420 1067 1451 distinctis
1088 1422 1254 1462 temporibus
1274 1422 1444 1462 pronuntiata
1456 1423 1572 1458 fuerant,
1591 1423 1626 1452 ob
1636 1434 1683 1451 ve-

934 1468 1020 1497 ritatis
1030 1469 1230 1498 consensionem
1243 1468 1390 1508 copulavit,
1404 1479 1465 1498 cum
1475 1469 1524 1498 ait:
1541 1469 1684 1509 Scriptum

934 1520 987 1550 est,
1010 1515 1079 1544 Non
1100 1516 1249 1544 obturabis
1263 1524 1295 1543 os
1304 1516 1371 1544 bovi
1383 1516 1535 1544 trituranti
1540 1528 1551 1550 ;
1566 1522 1605 1552 et,
1627 1516 1685 1544 Di-

934 1570 1007 1599 gnus
1019 1568 1060 1590 est
1081 1563 1230 1600 operarius
1244 1562 1375 1590 mercede
1388 1571 1452 1590 sua.
1469 1562 1556 1601 Hujus
1569 1572 1683 1600 evange-

936 1606 994 1635 ticae
1007 1606 1153 1636 harmoniae
1168 1607 1311 1646 imaginem
1327 1606 1392 1636 retia
1407 1606 1454 1635 illa
1465 1607 1548 1641 Petri,
1560 1617 1618 1644 quae
1630 1608 1681 1636 lio-

935 1651 980 1680 die
991 1651 1018 1680 in
1032 1659 1175 1692 conspectu
1187 1660 1276 1682 vestro
1285 1653 1374 1682 laxata
1389 1660 1461 1689 sunt,
1473 1654 1611 1683 exhibent.
1628 1655 1681 1683 Ne-

935 1708 988 1736 que
999 1698 1070 1728 enim
1083 1698 1164 1727 semel
1173 1699 1268 1728 Petrus
1279 1706 1382 1728 tantum
1396 1699 1462 1728 retia
1476 1699 1578 1729 laxavit
1589 1712 1595 1728 z
1605 1700 1650 1729 sed
1660 1700 1681 1728 si

935 1743 1074 1773 historiam
1093 1750 1205 1783 spectes,
1231 1744 1312 1774 semel
1335 1751 1440 1773 tantum
1455 1757 1464 1782 ;
1481 1745 1527 1774 sed
1540 1745 1569 1774 vi
1587 1752 1612 1774 et
1622 1746 1681 1774 effi-

935 1789 1007 1819 cacia
1020 1799 1100 1829 saepe.
1115 1790 1227 1827 Quoties
1237 1791 1309 1819 enim
1327 1791 1497 1830 evangelium
1508 1791 1679 1831 praedicatur,

936 1835 1004 1864 nihil
1014 1845 1062 1874 ego
1069 1835 1144 1865 aliud
1155 1835 1270 1871 intueor,
1277 1847 1358 1875 quam
1368 1837 1488 1874 Petrum,
1500 1844 1525 1866 et
1534 1837 1679 1872 Andr-eam,

933 1889 960 1911 et
978 1888 1065 1911 totum
1077 1882 1157 1912 illum
1168 1882 1281 1915 chorum
1295 1882 1482 1923 apostolicum,
1497 1883 1680 1924 evangelicum

933 1927 1004 1957 illud
1013 1935 1067 1958 rete
1078 1929 1221 1961 laxantem.

974 1977 1004 2004 9.
1021 1975 1056 2007 Et
1065 1982 1121 2005 erat
1132 1986 1194 2005 sane
1204 1986 1304 2006 novum
1317 1976 1499 2016 spectaculum
1512 1978 1681 2007 Servatorem

935 2022 963 2051 in
976 2021 1046 2051 mari
1067 2022 1230 2062 conspicere,
1242 2029 1268 2052 et
1285 2022 1421 2052 auditores
1440 2023 1469 2052 in
1492 2022 1581 2052 littore
1593 2024 1680 2053 consi-

936 2075 1052 2098 stentes.
1069 2068 1139 2097 mira
1160 2079 1224 2098 res·
1247 2068 1332 2109 pisces
1356 2069 1383 2097 in
1407 2075 1489 2106 terra,
1515 2069 1632 2109 piscator
1652 2070 1679 2098 in

936 2115 1004 2144 mari
1023 2115 1190 2144 versabatur.
1212 2114 1347 2144 Immissio
1357 2115 1432 2145 illius
1443 2116 1506 2145 retis
1521 2116 1609 2155 imago
1624 2122 1680 2144 eiat

901 2154 1064 2204 ⁰⁵doctrinae
1075 2160 1243 2200 evangelicae.
1261 2161 1387 2200 Reperit
1413 2161 1510 2200 inquit,
1522 2163 1678 2200 piscatores
1691 2171 1721 2192 ιιι
1715 2178 1743 2192 ια
1758 2171 1770 2191 Γ.

901 2182 1071 2236 ΑΖανιινιιες
1088 2208 1174 2243 retia,
1190 2213 1220 2235 ut
1234 2207 1280 2245 qui
1294 2217 1400 2236 omnem
1412 2214 1528 2248 capturae
1540 2218 1613 2246 spem
1631 2208 1677 2235 al)

933 2251 1066 2292 jecissent.
1088 2252 1206 2281 Piscator
1226 2251 1297 2282 enim
1318 2252 1369 2281 nisi
1393 2252 1514 2292 desperet
1535 2263 1563 2281 se
1576 2252 1679 2291 aliquid

936 2297 1051 2338 piscium
1058 2307 1136 2339 posse
1145 2307 1250 2338 capere,
1261 2304 1316 2327 rete
1327 2307 1380 2327 non
1392 2298 1472 2327 lavat.
1481 2299 1574 2336 Itaque
1581 2297 1678 2336 reperit

937 2345 1009 2385 ipsos
1030 2346 1155 2376 S’ervator
1178 2345 1243 2374 retia
1264 2345 1391 2379 lavantes,
1405 2351 1435 2372 ut
1455 2344 1502 2382 qui
1517 2343 1607 2372 nullos
1624 2353 1680 2372 sese

936 2391 1022 2431 pisces
1032 2401 1126 2431 capere
1139 2401 1215 2430 posse
1228 2390 1401 2425 confiderent,
1417 2396 1441 2418 et
1454 2388 1580 2418 dominus
1593 2389 1680 2426 pisca-

938 2437 1018 2467 tionis
1037 2443 1114 2473 astat,
1130 2443 1155 2466 ct
1178 2436 1244 2475 quid
1265 2435 1349 2464 facit?
1363 2435 1483 2464 Primum
1498 2433 1607 2472 quidem
1629 2433 1679 2462 do-

941 2485 1053 2514 ctrinam
1073 2484 1192 2513 veritatis
1216 2483 1271 2511 illis
1292 2481 1416 2520 proponit
1433 2491 1440 2507 z
1457 2480 1519 2509 hinc
1537 2481 1614 2519 jubet
1628 2487 1681 2510 rete

963 2583 973 2593 c
991 2575 1060 2599 Unus
1075 2579 1086 2603 ἡ
1100 2578 1186 2602 missu,-
1198 2578 1249 2607 γὰρ.

1696 1312 1833 1338 Lu..r107

1786 2187 1789 2191 <
1803 2177 1815 2191 2
