1904 2840
0 393 24 408 ιι·-
41 385 63 408 8.
76 386 101 409 5.

3 423 39 439 to.

0 448 55 470 nuh.
72 447 107 470 ι3.

0 486 66 502 —11.

0 1059 51 1081 tuh.
67 1059 102 1082 16.

0 1106 6 1112 .
27 1089 62 1112 ι6.

0 1140 54 1164 e.9.
65 1140 103 1156 21.

9 1582 16 1590 .
28 1566 51 1590 3.
66 1568 102 1592 ι3.

21 2457 28 2464 ι
42 2448 77 2464 10.

620 201 653 224 ΙΝ
678 199 893 223 MATTHAEUM.
921 200 1039 224 nomn..
1066 201 1152 225 XXV.

1582 190 1652 236 845

118 263 217 294 auditis
226 264 255 294 in
270 264 372 294 secreto
381 262 445 300 soli,
480 261 603 293 raedieate
612 271 704 292 eoram
718 261 861 300 omnibus,
873 263 893 288 Α
908 261 1065 292 infidelibus
1077 273 1137 309 non·
1144 269 1239 303 putant
1249 273 1305 294 esse
1317 270 1456 305 peecatum
1466 275 1474 293 =
1486 260 1512 294 et
1523 272 1651 306 propter·
1700 297 1704 302 ,

117 303 188 334 nulli
205 303 395 335 abscondentes
407 313 427 332 v
475 312 532 338 nm,
542 302 619 342 quasi
632 302 681 341 qui
703 308 754 332 stet
774 311 857 342 supra

117 349 184 373 tona
193 350 219 373 et
227 343 334 373 clamet.
340 342 416 380 Quid
424 348 463 372 est
471 341 544 381 quod
552 341 667 382 apostoli
677 341 820 371 audierunt
828 342 856 371 in

118 382 267 424 mysterio?
279 382 367 422 quid?
382 383 484 412 Estote
493 383 653 412 seminator
660 383 806 410 seminare
816 391 857 410 se-

118 432 185 452 men
194 433 286 452 suum.
295 423 338 452 Ee
346 422 482 463 quaedam
493 422 660 451 ceciderunt
668 430 750 449 καις
759 422 855 458 viam,

117 463 252 502 quaedam
273 468 491 502 superponam,
509 462 643 501 quoedam
655 462 733 489 inter
745 461 856 500 spinas,

0 542 19 564 a
66 516 110 572 52:⁶¹
118 502 252 541 quoedam
265 511 352 541 super
364 508 471 531 terram
491 501 609 530 bonam.
621 501 663 530 Et
683 499 859 539 loquebatur

0 544 2 554 '¹
20 557 26 564 ι
36 550 58 564 V·
101 557 108 564 ι

117 542 159 570 eis
176 544 208 571 in
219 541 381 580 parabolis,
394 547 422 570 et
434 543 499 570 sine
516 540 666 579 parabolis
685 539 858 580 loquebatur

116 581 254 610 eisnihil.
262 582 304 610 Et
317 586 500 610 accessa-unt
512 579 648 619 discipuli
659 579 722 619 ejus
737 579 780 613 ad
789 589 857 608 eum

115 619 235 658 secreto,
252 621 405 650 dieentes.-
425 621 546 649 Enarra
571 619 654 649 nobis
673 619 856 658 parabolam.

118 659 230 698 Quibus
242 661 405 698 respondit.-
421 659 510 689 Vobis
519 660 621 688 datum
634 665 677 688 est
692 667 776 688 nosse
788 668 855 696 my-

115 701 234 729 ster-ium
244 702 328 740 regni
338 700 407 736 Dei,
418 701 530 728 caeteris
540 705 638 728 autem
647 700 681 728 in
692 697 854 737 parabolis,

115 746 148 768 ut
168 740 318 769 audientes
343 749 404 768 aon
422 739 554 775 audiant,
578 743 608 767 et
631 738 765 767 videntes
788 739 858 766 coeci

110 779 200 819 fiant.
223 778 299 816 Quid
320 778 406 818 ergo?
425 777 507 815 Quod
519 784 584 807 tune
598 777 628 806 in
643 776 771 817 mysterio
791 777 856 806 solis

115 817 243 858 apostolis
256 817 426 853 credebatur,
440 827 512 847 nune
525 816 696 857 evangelistis
717 817 855 846 referenti-

909 311 939 330 ea
953 302 1033 331 multi
1047 302 1222 335 inveniuntur
1235 304 1263 332 in
1277 304 1327 334 isto
1341 311 1426 334 reatu.
1441 304 1506 334 Ideo
1522 314 1571 334 nos
1586 315 1652 334 con-

908 341 981 370 venit
993 342 1111 381 apertius
1131 342 1231 379 dicere,
1246 343 1374 382 quoniam
1393 343 1463 373 nihil
1481 343 1517 373 de
1537 345 1651 374 veritate

907 381 1029 420 neganda
1042 392 1157 421 praesens
1171 382 1292 421 loquitur
1314 393 1411 417 sermo,
1432 383 1480 412 sed
1491 383 1525 412 de
1539 384 1651 414 veritate

908 430 960 450 non
975 420 1059 450 libem
1071 421 1249 461 praedicanda,
1261 422 1370 452 dioensz
1389 423 1475 461 Quod
1485 424 1552 452 dico
1564 425 1651 454 vobis

907 461 940 489 in
950 462 1086 497 tenebris,
1102 462 1191 490 dicite
1213 462 1242 491 in
1256 462 1366 491 lumine
1376 472 1387 493 .·
1404 469 1432 492 et
1447 463 1538 492 nolite
1551 465 1652 493 timere

906 509 965 536 eos,
979 501 1031 540 qui
1049 501 1185 530 occidunt
1199 511 1312 541 corpus,
1336 502 1495 540 quominus
1513 502 1609 532 dicatis
1622 503 1650 532 in

907 538 1021 575 lumine,
1036 540 1110 579 quod
1123 540 1236 570 audistis
1250 541 1277 569 in
1293 542 1421 574 tenebris.
1434 542 1507 572 Vide
1523 542 1650 581 quoniam

906 587 960 607 non
974 579 1062 608 solum
1076 580 1123 609 ille
1137 582 1314 619 transgressor
1327 588 1367 610 est
1381 581 1513 618 veritatis,
1534 581 1582 621 qui
1599 593 1648 621 pa-

906 617 960 646 lam
972 617 1085 657 denegat
1097 618 1245 655 veritatem,
1258 619 1305 649 sed
1317 620 1398 650 etiam
1409 621 1468 657 ille,
1481 622 1527 660 qui
1540 629 1650 661 propter

906 656 1030 687 timorem
1045 668 1150 693 eorum,
1164 659 1211 697 qui
1227 667 1338 704 possunt
1350 660 1472 690 occidere
1483 671 1592 700 corpuS,
1607 668 1649 691 ta-

906 703 947 726 cet
967 697 1117 727 veritatem.
1132 699 1169 728 Et
1186 699 1255 737 quid
1267 699 1378 728 dicam?
1397 700 1469 737 Quia
1482 707 1591 740 propter
1616 701 1650 730 ti-

905 746 1007 766 morem
1021 738 1114 767 mortis
1129 745 1214 767 tacent
1228 739 1348 768 homines
1368 740 1519 775 veritatem,
1542 746 1568 769 et
1590 751 1650 780 pro-

906 782 965 843 pter
990 776 1117 808 miserum
1143 784 1263 807 ventrem
1272 801 1280 814 ‚
1307 785 1336 808 et
1353 786 1463 823 propter
1483 788 1559 819 spem
1587 781 1650 810 vani

915 816 1024 852 nonoris,
1049 816 1075 845 in
1097 824 1240 856 conspectu
1261 818 1413 848 infidelium
1427 825 1512 848 tacent
1525 819 1648 849 homines

115 857 213 894 bus,01
234 857 362 898 apostolis
373 855 757 898 praedioenu'bns‚quotidiein
769 856 857 885 medio
872 858 889 882 B
905 855 1054 885 veritatem.
1080 858 1194 896 Utputa‚
1219 864 1282 886 eunt
1295 857 1417 887 homines
1437 857 1472 887 ad
1492 858 1649 888 convivium

115 897 242 927 Ecclesia}
267 897 392 926 omnibus
449 896 522 936 pulis
539 902 691 925 enarratur.
714 895 788 935 Ergo
805 895 857 925 hoe

114 943 155 966 est
165 949 174 966 ι
194 937 281 978 Quod
293 937 359 969 dico
369 946 409 966 w
428 938 454 965 is
468 939 498 965 in
513 936 649 971 tenebris,
663 935 751 964 dicite
765 937 798 964 in
814 936 857 964 lu-

115 977 210 1005 mine.-
224 975 252 1005 id
265 983 316 1013 est,
331 975 413 1013 Quod
425 975 487 1006 dico
500 975 578 1006 vobis
592 974 620 1004 in
633 981 743 1011 secreto,
754 975 854 1014 praedi-

113 1022 171 1045 cate
180 1026 270 1046 eoram
289 1016 415 1045 omnihus
424 1027 434 1054 3
457 1015 527 1044 sicut
545 1021 596 1050 est,
616 1014 664 1043 ubi
680 1014 786 1044 vocavit
799 1015 856 1043 Do-

113 1054 202 1085 minus
212 1055 361 1096 discipnlos
384 1064 447 1084 suos
468 1064 599 1090 seorsum,
613 1053 706 1082 dicens
725 1053 763 1083 eis
777 1066 783 1082 :
799 1053 857 1084 Vos

113 1102 210 1124 autem
249 1106 314 1124 uem
330 1105 376 1124 me
389 1104 450 1124 esse
469 1094 588 1123 dicitis?
611 1093 832 1132 Responderunt
847 1105 855 1122 ε

118 1134 162 1164 Tu
173 1145 205 1164 es
245 1135 361 1170 hristus,
376 1134 473 1163 Fatus
489 1133 547 1162 Dei
566 1134 641 1168 vivi,
663 1134 715 1172 qui
732 1133 764 1161 in
779 1134 857 1162 hunc

113 1175 256 1203 mundam
272 1175 394 1203 venisti.
418 1174 459 1202 Et
484 1172 639 1202 mandavit
661 1173 712 1208 eis,
737 1172 857 1202 Nemini

113 1214 262 1242 dixeritis.-
277 1215 349 1254 quia
361 1218 474 1252 oportet
483 1212 595 1241 Filium
615 1212 742 1241 hominis
760 1214 855 1241 cruci-

109 1253 176 1292 figi,
198 1259 227 1282 et
247 1255 333 1282 tertia
351 1253 399 1282 die
420 1260 581 1291 resurgere.-
603 1251 666 1291 quia
681 1251 704 1280 si
717 1251 855 1282 manifeste

112 1292 235 1332 cognitus
253 1292 346 1322 suisset
367 1291 456 1322 Filius
475 1291 538 1326 Dei,
559 1300 638 1326 nemo
661 1301 743 1320 ausus
762 1291 856 1321 fuisset

113 1340 207 1361 mamis
226 1332 337 1371 injicere
355 1332 382 1361 iu
402 1341 476 1360 eum.
499 1330 534 1360 Et
554 1329 616 1360 ideo
629 1330 778 1359 crucifixus
801 1340 854 1360 non

112 1378 190 1407 esset,
213 1381 299 1410 neque
322 1370 511 1406 resurrexisset
528 1379 543 1398 a
564 1369 687 1399 mortuis.
711 1370 852 1409 Propterea

111 1409 201 1440 adhuc
215 1411 380 1441 internorum
465 1418 512 1438 um
529 1415 596 1439 esset
610 1409 636 1438 in
650 1415 732 1445 terra,
752 1415 779 1438 et
801 1409 853 1438 do-

906 893 1051 934 impiorum
1069 896 1248 932 sacerdotum,
1263 904 1288 926 et
1302 898 1461 936 confugiunt.
1479 897 1514 926 ad
1553 899 1649 927 atroci-

905 934 982 963 nium
1003 934 1138 965 malorum
1151 936 1355 974 haeretieorum
1376 937 1407 966 fit
1422 947 1509 966 sermo
1531 908 1565 966 ge
1579 937 1647 967 fide:

905 972 952 1002 ille
973 974 1096 1004 sacerdos
1115 975 1228 1015 impius,
1253 977 1299 1006 vel
1320 983 1456 1016 patronus,
1480 977 1650 1016 blasphemat

906 1013 1044 1043 veritatem
1065 1021 1151 1051 tuam,
1172 1015 1248 1053 quasi
1262 1015 1450 1045 mendacium:
1465 1016 1547 1045 fidem
1561 1024 1648 1054 tuam,

905 1052 981 1090 quasi
991 1053 1146 1098 perfidiam,
1160 1061 1189 1083 ut
1202 1061 1249 1084 aut
1260 1055 1379 1091 seducat,
1392 1062 1439 1084 aut
1453 1056 1574 1085 vulneret
1586 1067 1649 1086 con-

904 1091 1042 1122 scientiam
1064 1100 1150 1130 tuam,
1164 1100 1190 1123 et
1204 1095 1281 1123 faciat
1303 1105 1362 1124 eam
1380 1094 1526 1130 infirmam,
1546 1094 1596 1125 etsi
1613 1096 1648 1125 ad

904 1131 1015 1170 plenum
1031 1142 1125 1172 capere
1136 1143 1189 1162 non
1204 1134 1321 1173 potuerit
1331 1145 1340 1171 ;
1364 1141 1393 1163 tu
1416 1142 1504 1163 autem
1522 1135 1572 1164 etsi
1594 1145 1647 1165 non

904 1170 1078 1211 denegaveris
1092 1172 1180 1211 palam
1196 1173 1344 1209 veritatem,
1365 1180 1454 1203 tamen
1467 1184 1519 1203 non
1534 1181 1646 1204 conten-

904 1209 948 1239 djs
958 1221 1020 1240 cum
1033 1222 1145 1251 persona
1161 1212 1229 1248 e'us,
1247 1214 1325 1253 cujus
1337 1223 1431 1253 panem
1454 1213 1559 1243 inanem
1573 1225 1648 1243 man—

904 1249 998 1287 ducas,
1014 1257 1043 1280 ut
1054 1261 1105 1280 non
1118 1262 1165 1291 per
1185 1263 1213 1281 as
1226 1263 1301 1292 spem
1313 1252 1467 1292 patrocinii,
1480 1260 1528 1282 aut
1540 1254 1646 1293 rapaci-

904 1289 965 1318 tatis
978 1301 986 1319 :
1003 1290 1151 1326 veritatem,
1165 1302 1247 1330 quam
1265 1292 1403 1331 oportebat
1416 1298 1442 1321 te
1455 1292 1540 1322 libere
1550 1292 1647 1322 defen-⁴

903 1327 978 1366 det-e,
995 1335 1094 1367 tacens,
1110 1331 1252 1360 confundis
1271 1342 1330 1360 eam
1347 1331 1375 1360 in
1390 1339 1533 1372 conspectu
1555 1333 1646 1362 inimi-

903 1378 997 1397 corum
1014 1370 1084 1409 ejus,
1103 1376 1133 1399 ut
1146 1370 1271 1400 videatur
1292 1381 1308 1400 a
1330 1377 1357 1400 te
1376 1377 1478 1401 tacente
1500 1372 1565 1401 falsa
1587 1383 1647 1410 quae

902 1417 965 1436 vera
975 1415 1024 1438 est.
1042 1409 1077 1438 Et
1089 1410 1225 1448 quomodo
1231 1420 1284 1439 non
1297 1417 1364 1439 estu
1379 1410 1499 1449 proditor
1510 1412 1646 1441 veritatis?

111 1449 222 1480 minatio
243 1449 348 1479 diaboli
370 1448 503 1479 mundum
528 1455 614 1478 totum
638 1454 748 1478 teneret.
778 1448 853 1486 Quid
867 1454 887 1480 c
903 1446 956 1476 Sed
970 1447 1038 1477 forte
1050 1448 1119 1478 dicis
1135 1461 1143 1478 ε
1157 1450 1187 1479 Si
1208 1456 1282 1479 taceo
1295 1450 1434 1479 veritatem
1447 1457 1508 1480 ante
1519 1450 1645 1480 adversa-

111 1490 196 1529 ergo?
222 1491 366 1528 Postquam
389 1488 527 1518 Dominus
551 1488 669 1518 surrexit
689 1498 704 1518 a
727 1488 851 1523 mortuis,

111 1528 185 1568 quod
209 1528 331 1558 audierat
351 1530 447 1558 Petrus
468 1528 497 1556 in
519 1533 631 1564 secreto,
656 1527 738 1566 coepit
762 1537 853 1556 coram

112 1568 238 1598 omnibus
262 1567 407 1608 praedicare
425 1566 536 1598 dicens:
562 1566 643 1595 Deus
662 1572 780 1604 patrum
801 1577 853 1595 no-

112 1614 238 1637 strorum
250 1607 401 1636 suscitavit
419 1605 518 1646 filium
531 1615 616 1634 suum
634 1606 747 1640 Jesum,
768 1615 854 1645 quem

112 1657 168 1676 vos
191 1646 387 1686 crucifixistis,
412 1649 441 1674 et
462 1645 625 1684 denegastis
650 1650 720 1673 ante
736 1645 852 1685 faciem

111 1687 219 1720 Pilati,
226 1686 381 1726 judicante
390 1685 444 1714 illo
459 1685 578 1713 dimitti.
590 1684 649 1713 Vos
659 1693 732 1712 vero
742 1685 853 1724 justum

112 1736 149 1754 ne
167 1726 247 1761 ustis,
261 1731 290 1754 et
302 1726 403 1754 virum
422 1723 596 1753 homicidam
616 1724 729 1763 petistis
748 1723 854 1752 donari

111 1776 150 1795 vo
170 1765 206 1802 is,
219 1765 378 1804 principem
386 1770 483 1793 autem
493 1765 564 1792 vitoe
573 1763 767 1792 interemistis.
780 1763 853 1802 Ergo

111 1804 162 1834 hoc
174 1811 224 1841 est,
241 1805 328 1843 Quod
337 1805 370 1832 in
380 1813 451 1832 aure
461 1803 595 1838 audistis,
603 1802 760 1842 praedicate
769 1812 856 1842 super

111 1850 198 1873 tecta.
213 1843 262 1874 28.
279 1845 322 1873 Et
339 1843 430 1872 nolite
450 1844 549 1872 timere
562 1852 620 1878 eos,
642 1843 695 1880 qui
718 1842 854 1872 occidunt

110 1892 222 1923 corpus.
235 1884 277 1913 Ne
289 1883 357 1912 forte
389 1889 479 1922 ropter
499 1881 622 1911 timorem
642 1880 736 1910 mortis
749 1891 801 1910 non
815 1881 853 1910 li-

107 1922 174 1952 bere
194 1922 291 1952 dicatis
309 1933 345 1961 qu
395 1921 526 1951 audistis:
542 1931 590 1950 nec
602 1919 765 1950 fiducialiter
782 1931 850 1960 prae-

111 1961 207 1992 dicetis
226 1962 254 1991 in
273 1962 409 1996 omnibus,
423 1960 496 2000 quod
517 1960 545 1990 in
565 1970 632 1990 aure
653 1959 704 1989 soli
726 1959 850 1990 audistis.

110 2001 157 2032 Sic
169 2011 233 2040 ergo
243 2012 278 2031 ex
289 2001 333 2030 his
343 2001 435 2031 verbis
447 1999 607 2037 ostenditur,
618 1999 691 2038 quod
701 2009 754 2028 non
763 1999 851 2029 solum

112 2041 159 2071 ille
170 2035 291 2080 proditor
301 2047 342 2070 est
355 2040 484 2076 veritatis,
500 2039 548 2079 qui
565 2039 764 2085 transgrediens
777 2039 849 2069 veri·

111 2087 203 2117 tatem,
222 2081 312 2121 palam
333 2079 502 2110 mendacium
521 2089 571 2119 pro
592 2085 703 2109 veritate
716 2078 847 2117 loquitur,

111 2119 157 2149 sed
170 2119 249 2149 etiam
268 2120 326 2154 ille,
349 2119 395 2158 qui
408 2129 461 2148 non
474 2119 559 2148 libere
578 2118 733 2159 pronuntiat
752 2119 849 2148 verita-

111 2165 176 2194 tem,
194 2169 276 2197 quam
299 2159 383 2188 libere
420 2158 574 2188 ronuntiare
593 2168 609 2187 o
647 2164 708 2189 rtet.
730 2164 776 2187 aut
796 2167 847 2186 non

111 2197 195 2227 libere
208 2198 346 2227 veritatem
360 2169 489 2233 delgndst,
511 2207 591 2236 quam
618 2197 690 2226 ibere
706 2196 848 2226 defendere

110 2243 223 2276 oportet,
235 2237 356 2277 proditor
367 2243 406 2266 est
418 2237 548 2266 veritatis.
563 2237 633 2266 Nam
646 2236 714 2266 sicut
725 2235 848 2265 sacerdos

108 2275 215 2306 debitor
227 2282 277 2311 est,
293 2282 322 2305 ut
334 2275 473 2305 veritatem
485 2285 566 2314 quam
586 2275 694 2305 audivit
706 2285 721 2304 a
740 2276 798 2304 Deo
811 2275 848 2304 li-

108 2315 172 2345 bere
194 2315 339 2356 praedicet:
355 2314 394 2344 sic
416 2314 501 2343 la'icus
519 2313 626 2343 debitor
643 2320 694 2349 est,
708 2320 738 2343 ut
750 2314 848 2343 verita-

110 2362 174 2391 tem,
185 2366 265 2394 quarn
280 2354 385 2383 audivit
422 2353 510 2382 uidem
524 2363 540 2381 a
553 2352 737 2382 sacerdotibus
751 2353 848 2393 proba-

111 2395 205 2424 tamin
218 2393 375 2435 scripturis,
396 2364 520 2422 defendat
541 2391 714 2421 fiducialiter.
731 2393 811 2429 Quod
825 2393 848 2422 si

110 2443 163 2463 non
176 2434 277 2470 feeerit,
299 2432 420 2473 proditor
441 2439 480 2461 est
503 2431 632 2462 veritatis.
656 2432 749 2460 Corde
769 2434 848 2461 enim

111 2473 239 2501 creditur
253 2473 295 2502 ad
319 2473 468 2508 'ustitiam,
489 2480 539 2499 ore
549 2476 647 2499 autem
660 2470 803 2515 confessio
811 2471 849 2511 fit

111 2512 151 2540 ad
161 2512 295 2541 salutem.
335 2521 372 2540 aec
383 2517 471 2540 autem
483 2509 617 2546 diximus,
629 2520 754 2548 quoniam
768 2511 848 2540 multi

108 2550 322 2580 Christianorum
331 2550 419 2591 palam
429 2549 537 2589 quidem
548 2549 696 2589 transgredi
709 2549 847 2580 veritatem

111 2596 205 2629 putant
221 2596 373 2629 peccatum,
394 2597 478 2619 tacere
498 2595 586 2618 autem
605 2589 742 2620 veritatem
763 2600 852 2620 coram

903 1486 968 1521 rios,
985 1488 1119 1526 numquid
1139 1489 1274 1518 consentio
1296 1489 1435 1518 mendacio
1457 1490 1574 1518 eorum?
1595 1491 1646 1519 Dic

903 1525 982 1559 mihi,
1001 1526 1025 1554 si
1044 1527 1170 1566 princeps
1182 1528 1284 1565 aliquis
1304 1528 1483 1567 imperatoris,
1498 1528 1593 1558 videns
1610 1530 1645 1558 ci-

902 1564 1013 1593 vitatem
1035 1566 1183 1595 Romanam
1203 1567 1237 1596 ab
1257 1567 1379 1596 hostibus
1400 1567 1562 1606 expugnari,
1583 1578 1645 1598 cum

903 1603 987 1648 possit
1009 1603 1124 1634 liberare
1143 1616 1212 1641 eam,
1227 1612 1254 1635 et
1266 1605 1385 1645 neglexit
1404 1605 1563 1636 defendere:
1578 1617 1644 1637 num

904 1652 961 1681 ipse
975 1642 1112 1674 videbitur
1124 1644 1276 1680 tradidisse,
1287 1656 1367 1684 quam
1378 1645 1466 1684 potuit
1478 1646 1606 1684 liberare,
1620 1647 1644 1677 si

903 1681 1053 1712 voluisset?
1072 1683 1118 1713 Sic
1137 1690 1163 1713 et
1181 1690 1211 1713 tu
1228 1684 1324 1714 videns
1345 1684 1483 1714 veritatem
1503 1685 1538 1714 ab
1553 1686 1644 1726 impiis

903 1731 936 1750 ex
959 1722 1064 1761 ugoni,
1079 1733 1141 1752 cum
1155 1734 1212 1753 eam
1226 1725 1357 1763 potuisses
1365 1723 1517 1761 defendere,
1532 1725 1554 1754 si
1567 1725 1643 1764 loqui

901 1732 1043 1797 voluisses,
1061 1768 1148 1792 tacens
1161 1763 1330 1803 expugnasti,
1344 1774 1393 1803 per
1404 1763 1453 1793 hoc
1466 1765 1554 1804 ipsum
1569 1765 1644 1803 quod

901 1810 1054 1840 compassus
1070 1811 1098 1831 es
1116 1803 1274 1842 expugnari.
1293 1804 1328 1833 Et
1346 1803 1369 1832 si
1390 1811 1501 1843 propter
1519 1803 1643 1834 timorem

900 1850 1004 1876 eorum,
1015 1841 1063 1879 qui
1073 1841 1198 1871 occidunt
1208 1852 1315 1882 corpus,
1329 1849 1415 1871 tacere
1428 1843 1576 1880 veritatem,
1589 1844 1642 1873 sic-

902 1885 932 1908 ut
947 1889 1062 1918 praesens
1080 1881 1212 1926 scriptura
1226 1888 1349 1919 testatur,
1364 1882 1486 1922 impietas
1500 1889 1557 1912 est:
1574 1894 1642 1922 quo-

901 1918 982 1948 modo
1004 1929 1055 1948 non
1077 1920 1112 1949 sit
1132 1920 1255 1960 impietas
1272 1921 1370 1961 major,
1393 1928 1480 1951 tacere
1501 1922 1641 1952 veritatem

901 1965 1011 1998 propter
1024 1959 1152 1988 miserum
1163 1966 1294 1997 ventrem,
1308 1968 1334 1991 et
1349 1972 1424 2006 spem
1444 1962 1505 1991 vani
1517 1961 1638 1999 honoris,

900 2004 927 2027 et
939 1998 1075 2033 meliorem
1086 1999 1172 2028 facete
1183 2000 1294 2038 gratiam
1305 2011 1383 2041 panis
1396 2008 1423 2030 et
1437 2001 1545 2031 honoris
1558 2012 1640 2040 quam

865 2049 885 2072 ῃ
901 2037 1013 2076 gloriam
1025 2038 1144 2067 veritatis
1164 2039 1234 2068 Dei?
1246 2041 1286 2069 Et
1300 2041 1391 2069 nolite
1404 2042 1503 2070 timere
1513 2051 1573 2079 eos,
1589 2043 1642 2086 qui

900 2077 1038 2106 occidunt
1051 2087 1084 2106 co
1120 2088 1169 2107 us.-
1184 2079 1310 2118 quoniam
1323 2090 1431 2120 corpus,
1444 2080 1492 2109 etsi
1503 2080 1538 2109 ab
1549 2080 1642 2120 impiis

900 2116 1018 2146 octisum
1026 2127 1078 2146 non
1101 2117 1168 2147 uerit
1178 2125 1286 2158 propter
1296 2120 1394 2155 Deum,
1405 2130 1420 2148 a
1429 2119 1570 2160 semetipso
1579 2127 1641 2160 post

899 2155 1035 2193 modicum
1047 2157 1176 2186 morietur
1209 2165 1298 2198 ropter
1310 2165 1445 2188 naturam.
1467 2159 1541 2197 Ergo
1559 2160 1640 2189 occisi

899 2194 1047 2224 secundum
1064 2206 1161 2236 corpus
1180 2168 1214 2226 aii)
1227 2197 1328 2237 impiis,
1348 2198 1418 2227 nihil
1441 2198 1564 2237 penditis,
1586 2199 1639 2227 nisi

899 2234 992 2263 mortis
1005 2234 1170 2274 dilationem,
1183 2243 1213 2266 ut
1223 2247 1331 2278 corpus,
1344 2237 1416 2276 quod
1432 2244 1491 2276 post
1503 2237 1640 2266 modicum

898 2274 984 2303 suerat
996 2275 1167 2312 moriturum,
1181 2283 1241 2306 ante
1255 2277 1392 2306 modicum
1403 2277 1542 2311 moriatur,
1554 2276 1639 2315 magis

898 2320 987 2342 autem
1000 2323 1048 2343 nec
1060 2321 1120 2344 ante
1134 2315 1220 2355 ipsam
1233 2316 1326 2345 mortis
1340 2315 1507 2344 dilationem.
1525 2314 1555 2344 Si
1574 2324 1638 2353 ergo

898 2363 993 2382 verum
1013 2360 1062 2389 est,
1083 2355 1145 2393 quia
1160 2365 1208 2384 nec
1218 2355 1313 2384 folium
1332 2354 1404 2384 cadit
1417 2354 1451 2382 dc
1469 2353 1564 2397 arbore
1578 2353 1637 2382 sine

897 2402 982 2432 praece
1003 2399 1029 2422 to
1044 2394 1110 2423 Dei:
1127 2401 1154 2423 et
1192 2394 1236 2423 uia
1258 2393 1387 2423 numerati
1399 2393 1454 2421 dati
1470 2392 1547 2421 nohis
1575 2399 1638 2437 sunt

898 2431 980 2461 diosa
1014 2432 1107 2470 vitam,
1127 2405 1234 2463 credere
1246 2432 1385 2469 debemus,
1400 2431 1463 2469 quia
1486 2440 1534 2459 nec
1552 2441 1639 2460 mori-

899 2481 962 2500 mur
974 2478 1035 2501 ante
1046 2471 1129 2508 diem,
1145 2482 1193 2501 uec
1206 2472 1318 2501 transire
1339 2480 1480 2510 possumus
1491 2469 1564 2499 diem
1578 2482 1585 2498 :
1601 2477 1638 2499 ta-

898 2520 960 2540 men
988 2520 1118 2551 ponamus
1128 2533 1135 2547 ,
1167 2511 1240 2549 quod
1262 2517 1321 2538 ante
1342 2510 1414 2538 diem
1437 2508 1562 2543 moritur,
1590 2510 1638 2548 qui

900 2550 1015 2580 moritui·
1031 2557 1139 2589 propter
1155 2551 1253 2579 Deum.
1269 2549 1297 2578 Si
1312 2559 1375 2587 crgo
1394 2554 1419 2576 ct
1438 2548 1530 2585 gratis,
1544 2548 1572 2577 id
1586 2555 1636 2581 cst,

901 2590 957 2618 sine
968 2590 1089 2619 molestia
1107 2589 1281 2628 percussoris,
1297 2594 1356 2627 post
1367 2587 1502 2617 modicum
1516 2588 1639 2618 morituti
