1890 2826
601 182 735 205 CONTRA
761 182 930 214 THEATRA,
959 183 1036 206 ETc.
1065 185 1190 208 SERMO.

103 240 161 274 σίας
172 240 263 276 &dam
285 240 335 277 τὴν
353 240 478 270 ἀπαιδίαν
501 241 691 281 ὀλοφυρόμενος
710 241 756 271 καὶ
772 241 873 280 λέγων·

102 281 139 309 Τί
159 292 205 318 μοι
219 280 326 315 δώσεις,
353 279 449 319 Κύριε,
468 281 481 309 ἐ
505 280 511 288 “
538 281 566 310 δὲ
580 279 732 319 ἀπόλλυμαι
757 281 872 315 ἄτεκνος.

102 319 211 356 Ταύτην
219 320 293 359 ἀφεὶς
304 318 353 356 τὴν
422 319 464 357 ὴν,
523 319 568 353 ὃες
574 319 674 349 τέκνον.
685 322 708 350 Γ
709 323 766 350 ενοῦ
773 320 872 360 πατὴρ,

99 357 198 395 ταύτην
213 358 277 399 ἄφες
289 361 335 388 νῦν
344 381 352 396 ,
366 331 513 399 iffae-§0714
529 360 559 389 τὸ
573 359 674 389 τέκνον.
690 359 759 389 Εἰπὲ
772 360 852 389 πάλιν
861 382 870 395 ,

98 396 126 425 τί
137 409 182 436 μοι
192 397 301 434 δώσεις,
313 399 437 428 Δέσποτα
446 421 454 435 ,
479 400 594 439 ἀναιρῶν
609 411 658 438 μου
675 399 720 429 τὸν
741 399 868 439 κληρονό-

99 447 171 512 taz&
181 437 280 476 Οἶμαι,
305 438 376 478 τάχα
400 438 460 468 τότε
474 439 624 479 φιλότεκνος
646 434 694 476 ἧς,
718 439 762 468 ὅτι
776 440 824 468 οὐκ
836 434 868 475 ἧς

99 487 122 505 π
174 487 200 516 ρ.

136 597 232 627 Ταῦτα
244 597 371 637 λεγούσης
383 599 432 634 τῆς
451 597 574 638 Σάῤῥας,
598 597 625 627 τί
637 601 722 627 ποιεῖν
744 596 797 627 ἔδει
822 598 867 628 τὸν

94 636 232 676 Ἅὸραάμ;
245 637 375 673 Δηλονότι
387 637 516 677 ἀφέμενον
523 640 568 667 τοῦ
579 637 648 667 θείου
655 637 866 677 προστάγματος,

96 674 157 709 τοὺς
172 677 234 716 περὶ
260 677 408 710 θεοσεὸείας
419 679 550 706 ποιεῖσθαι
567 676 674 716 λόγους,
699 676 746 706 καὶ
767 676 865 706 πείθειν

96 713 146 750 τὴν
157 716 280 756 Σάῤῥαν,
300 716 358 754 ὅτι,
379 719 470 746 τοῦτον
485 716 516 746 ἂν
534 716 604 756 λα’ὅῃ
614 716 697 750 Θεὸς,
711 716 802 746 δίδωσί
823 728 865 746 σοι
881 718 900 743 Β

96 754 244 793 κρείσσονα.
257 755 310 786 Καὶ
321 758 378 789 πῶς
392 756 424 785 ἂν
441 755 531 785 ἔπεισε
547 759 658 795 γυναῖκα
671 757 710 795 τῷ
721 756 799 785 πάθει
810 768 864 795 με-

96 793 224 832 θύουσανς
239 794 318 825 Ἀλλὰ
331 795 363 831 δὴ
377 795 498 825 πέπεικε.
513 795 648 831 Θιοσεὸὴς
661 794 713 835 γὰρ
738 797 755 831 ἡ
777 795 843 834 γυνὴ
854 818 862 831 ,

95 833 141 862 καὶ
164 835 256 874 ἀνδρὸς
268 834 427 864 πιστοτάτου
441 834 572 868 σύνοικος·
595 834 701 867 πάντως
719 838 784 874 γοῦν
798 835 864 865 ἀκό-

94 873 186 903 λουθον
198 877 349 904 πεισθεῖσαν
362 874 444 910 αὐτὴν
457 874 614 915 προπέμψαι
632 874 676 903 τὸν
685 874 744 903 υἱὸν
758 874 802 903 ἐπὶ
814 874 862 911 τὴν

94 912 186 942 θυσίαν
199 913 320 944 ὁδεύοντα
327 935 338 949 ‚
353 913 455 953 στέγειν
466 913 523 954 ,μὲν
536 913 599 947 ἴσως
619 913 663 943 τὸν
677 913 755 942 πόνον
771 916 863 953 βιαζο-

94 951 176 989 μένην
187 952 230 982 διὰ
243 953 274 982 τὸ
287 955 378 983 δοκοῦν
409 955 427 962 ’“’
442 953 523 993 Θεῷ,
537 954 588 983 ὑπὸ
599 952 629 982 δὲ
640 955 690 988 τῆς
701 952 802 992 φύσεως
816 955 863 983 αὖ·

92 992 140 1026 τῆς
152 992 216 1031 πρὸς
229 992 338 1032 θρήνους
347 965 501 1028 ἇέοῗλήτως
510 992 680 1032 ἐξαγομένην.
694 991 777 1022 Πόσοι
789 993 863 1041 θερά-

55 1048 58 1049 ⁷
92 1041 186 1064 ποντες
210 1033 264 1061 ἐκεῖ
282 1035 325 1073 ,τῷ
347 1032 420 1072 πόθῳ
439 1034 485 1061 τοῦ
499 1031 557 1061 νέου
579 1032 733 1070 δακνόμενοι
744 1043 752 1067 ;
781 1043 863 1061 ποσαι

92 1072 120 1099 θε
147 1070 247 1101 ’παιναι
270 1075 304 1109 τῆ
328 1071 451 1111 δεσποίνῃ
473 1071 693 1111 σνμπάσχουσαη
718 1072 863 1101 Χαναναῖοι

91 1082 185 1146 trgum,
196 1105 316 1147 συνήθεις
329 1111 374 1140 καὶ
387 1111 501 1150 γείτονες
510 1131 518 1145 ,
527 1112 555 1140 οἱ
569 1111 613 1140 ἐπὶ
622 1115 676 1144 τοῖς
693 1109 778 1150 τούτῳ
790 1123 860 1150 συμ-

91 1148 218 1185 6ε6ηκόσι
238 1151 429 1190 θαυμάζοντες,
455 1150 574 1189 Θόρυὸος
595 1151 626 1179 ἐκ
645 1149 743 1179 τούτων
761 1150 842 1184 πολὺς
854 1173 861 1186 ,

91 1188 137 1217 καὶ
150 1189 267 1228 οἰμωγὴ,
280 1190 326 1220 καὶ
339 1191 442 1229 θρῆνος,
454 1189 499 1218 καὶ
511 1189 625 1229 δάκρυα,
639 1191 674 1222 ὥς
685 1189 729 1219 ἐπὶ
739 1201 861 1230 προπεμ-

85 1227 199 1268 πομένῳ
218 1231 312 1270 νεκρῷ.
346 1225 415 1259 Eine
427 1229 450 1258 δ’
463 1229 493 1258 ἂν
518 1231 535 1264 ἡ
560 1229 649 1268 μήτ-ηρ
667 1229 861 1259 ἀνακωκύσασα

92 1267 174 1306 μέγα·
188 1267 231 1301 δός
242 1280 302 1307 μοι,
313 1269 403 1299 τέκνον
415 1290 423 1305 ,
437 1267 590 1302 τελευταίας
602 1268 773 1308 περιπλοκάς.
788 1268 860 1308 Ἐγὼ

1597 175 1663 212 66ι

929 243 987 272 caeli
995 254 1005 282 ς
1019 250 1133 274 attamen
1146 252 1218 274 tanta
1235 256 1297 275 cum
1318 246 1373 276 sint
1408 246 1519 276 romissa
1529 247 1610 284 bona,
1626 248 1669 278 lu—

928 282 995 312 dnm
1013 284 1112 323 putasti
1124 284 1172 313 illa
1186 295 1253 321 esse,
1266 292 1363 315 etcum
1387 286 1477 315 iducia
1490 286 1621 324 clamasti,
1633 288 1667 316 si-

927 321 1027 351 liorum
1046 323 1187 353 orbitatem
1208 324 1303 363 lugens
1323 336 1354 355 ac
1369 325 1462 356 dicens
1477 338 1485 355 2
1501 327 1579 365 Quid
1597 328 1668 357 milti
1681 331 1816 355 Gen.16.2.

926 361 1020 398 dabis,
1034 363 1181 392 Domine?
1194 368 1362 403 ego'autem
1379 367 1443 394 sine
1453 366 1529 405 filiIs
1546 369 1664 396 morior.

925 400 983 430 Hac
1001 401 1098 431 emissa
1114 412 1198 440 voce,
1219 404 1344 443 accepisti
1363 404 1461 434 filium.
1488 405 1553 434 Esto
1573 412 1663 445 pater,

924 438 993 469 hanc
1004 451 1076 470 nunc
1089 441 1190 479 emitte,
1207 449 1238 471 ut
1251 453 1340 473 serves
1357 443 1457 473 filium.
1473 444 1524 474 Dic
1541 443 1639 474 iteru‘m
1656 458 1663 474 z

923 479 1000 516 Quid
1018 480 1087 509 mihi
1106 480 1195 518 dabis,
1217 482 1350 519 Domine,
1369 483 1393 512 si
1413 483 1518 513 occidas
1540 484 1664 514 heredem

922 528 1012 549 meum
1021 519 1035 548 i>
1047 521 1098 550 Vae
1112 520 1189 550 mihi.
1205 521 1283 550 Tunc
1297 521 1365 551 forte
1384 522 1469 562 prolis
1485 533 1577 552 amans
1593 534 1661 562 eras,

921 567 985 587 cum
998 558 1118 588 nondum
1132 567 1208 599 pater
1221 570 1301 590 esses.

960 598 990 628 5.
1011 599 1074 628 Haec
1086 597 1193 629 dicente
1206 599 1282 636 Sara,
1298 599 1366 638 quid
1375 600 1494 631 facturus
1507 609 1563 632 erat
1577 604 1663 633 Abra-

920 636 1004 667 ham?
1017 637 1126 668 Scilicet
1137 639 1288 668 intermisso
1301 639 1352 668 Dei
1372 641 1508 678 mandato,
1520 642 1590 672 circa
1602 643 1663 682 pie—

919 682 1001 706 tatem
1025 688 1089 717 erga
1112 679 1201 708 Deum
1227 689 1375 708 sermonem
1401 679 1499 710 habere
1508 704 1516 716 ‚
1537 688 1567 711 et
1591 682 1663 711 Sarae

919 715 1042 754 suadere,
1056 717 1080 746 si
1094 717 1167 747 hunc
1179 718 1256 747 tollet
1269 719 1353 755 Deus,
1368 729 1431 748 eum
1452 720 1589 750 meliorem
1603 721 1611 749 i
1633 732 1662 751 so

919 754 1047 785 daturum
1058 767 1124 786 esse.
1140 758 1176 787 Et
1189 757 1324 796 quomodo
1337 758 1465 787 suasisset
1476 759 1586 789 mulieri
1596 732 1661 790 age—

919 798 963 824 otu
977 795 1135 826 inebriatae?
1146 796 1200 826 Sed
1213 802 1279 833 esto,
1292 797 1428 827 suasisset.
1443 798 1580 838 Religiosa
1590 800 1662 830 enim

918 835 1018 864 mulier
1027 842 1096 872 erat,
1106 843 1132 865 et
1141 836 1293 865 fidelissimi
1303 837 1358 867 viri
1370 838 1470 867 con‘ux
1481 851 1486 866 :
1498 849 1661 878 consequens

918 876 1028 904 omuino
1037 882 1096 904 erat
1109 882 1138 904 ut
1149 875 1197 913 illa
1207 886 1308 905 morem
1315 886 1417 915 gerens>
1437 877 1505 906 lium
1515 878 1661 917 praemitte-

918 920 959 942 oet
979 913 1015 943 ad
1033 914 1196 944 sacrificium
1241 915 1416 952 recedentem,
1430 923 1610 956 *amoremque
1630 919 1659 948 vi

917 952 1053 990 obrueret,
1064 954 1141 992 quod
1153 954 1190 983 ita
1274 955 1402 994 placeret,
1414 955 1464 984 sed
1481 956 1510 986 vi
1529 958 1660 988 naturalis

917 992 1027 1022 affectus
1039 994 1082 1023 vel
1095 993 1178 1024 invita
1191 993 1219 1022 in
1234 994 1311 1023 fletus
1322 1002 1519 1034 prorumperet.
1534 997 1608 1033 Quot
1618 998 1659 1026 sa-

917 1031 986 1061 muli
1000 1032 1059 1062 istic
1067 1033 1175 1073 juvenis
1198 1043 1288 1062 amore
1312 1033 1423 1064 cruciati
1446 1034 1578 1064 fuissent?
1593 1044 1660 1075 quot

916 1071 1020 1100 ancillae
1033 1072 1060 1101 in
1075 1079 1178 1112 partem
1191 1072 1314 1101 moeroris
1335 1083 1398 1102 cum
1417 1074 1481 1103 hera
1505 1075 1659 1105 venissent>

916 1117 982 1150 quot
995 1111 1147 1146 Chananaei,
1160 1111 1304 1141 familiares
1315 1118 1341 1141 et
1351 1113 1446 1150 vieini,
1459 1113 1529 1143 circa
1542 1114 1599 1144 haec
1609 1113 1659 1145 'mi-

915 1151 967 1180 rati
987 1151 1119 1180 fuissent?
1141 1151 1211 1181 Hinc
1232 1151 1365 1180 tumultus
1385 1152 1499 1192 ingens,
1524 1154 1656 1193 gemitus,

916 1189 1007 1227 fletus,
1019 1190 1155 1230 lacrymae,
1169 1201 1200 1219 ac
1213 1190 1236 1219 si
1245 1197 1369 1220 mortuus
1379 1192 1528 1222 efferretur.
1539 1193 1659 1223 Dixisset

915 1237 1000 1259 mater
1016 1229 1070 1258 alto
1086 1230 1207 1267 ⁸clamore
1221 1230 1315 1268 lugens
1329 1242 1336 1258 :
1352 1231 1393 1259 Da
1406 1231 1486 1268 mihi,
1499 1231 1552 1268 fili,
1567 1240 1658 1262 extre-

914 1278 990 1298 mum
1003 1269 1169 1308 amplexum.
1184 1269 1244 1308 Ego
1263 1269 1414 1309 sperabam,
1429 1270 1482 1306 fili,
1497 1281 1540 1300 me
1551 1282 1566 1300 a
1577 1278 1603 1300 te
1616 1273 1657 1302 es·-

91 1306 139 1344 μὲν
156 1306 266 1341 ἤλπιζον
279 1308 332 1338 ὑπὸ
342 1311 389 1338 σοῦ
402 1309 622 1348 προπεμφθῆναι,
635 1306 724 1337 τέκνον
736 1330 745 1344 ,
758 1307 803 1336 καὶ
815 1311 860 1338 τὸν
877 1317 897 1341 c
914 1307 1051 1337 ferendam
1063 1319 1130 1345 esse,
1144 1315 1171 1338 et
1190 1315 1303 1338 mortem
1326 1319 1412 1338 meam
1431 1310 1488 1339 tuis
1510 1311 1658 1341 ornandam

34 1341 37 1344 ¹
89 1345 153 1383 ἐμὸν
165 1346 275 1376 θάνατον
289 1352 343 1381 τοῖς
354 1352 408 1380 σοῖς
421 1349 587 1386 κοσμηθῆναι
603 1347 739 1386 δακρύοις·
763 1347 820 1377 ἐπεὶ
831 1349 860 1379 δὲ

87 1386 174 1425 &apoc
188 1388 235 1415 τοῦ
247 1387 384 1421 κτίσαντος
395 1386 442 1420 τὰς
456 1386 522 1426 ἐμὰς
532 1386 639 1420 ἐλπίδας
660 1386 795 1423 νενίκηκε,
816 1389 861 1419 καὶ

89 1427 176 1464 θρηνῶ
189 1428 280 1456 τοῦτον
290 1450 298 1464 ,
306 1428 350 1467 ὑφ’
358 1423 389 1458 ὀὗ
403 1429 562 1466 θρηνηθῆναι
570 1425 753 1466 προσεδόκησα
762 1449 770 1464 ,
784 1429 861 1459 τοῦτό

88 1464 211 1534 ἶὲεῗῖζῗ
221 1467 306 1546 {iiffi’
316 1466 520 1536 &5353sser
531 1465 778 1534 ff‘wffl‘iiss‘sszi'ssssl'
787 1469 859 1537 2⁷²2ss

90 1541 147 1581 βίου
159 1543 221 1583 πρὶν
233 1518 383 1574 ίπὲνῖζθεῖν
395 1548 443 1580 τῆς
455 1517 692 1583 θυσξίαςεξτοόνῖερέα.
706 1518 799 1578 Δεξιῖν
807 1547 858 1586 γὰρ

88 1582 187 1621 πατρὸς
199 1583 292 1622 αἵματι
301 1584 393 1617 παιδὸς
406 1585 469 1613 ἰδεῖν
481 1583 638 1623 ᾑμαγμένην
649 1584 678 1612 οὐ
692 1583 814 1622 δύναμαι.
823 1586 858 1616 Ἥ

90 1621 138 1659 μὲν
155 1617 199 1651 οὖν
213 1623 302 1662 μήτηρ
319 1626 443 1653 τοσαῦτα.
467 1624 492 1652 Τ
505 1635 516 1656 ς
536 1623 558 1651 δ’
579 1622 610 1651 ἂν
625 1621 670 1657 ἤνε
735 1623 769 1652 τὰ
785 1626 859 1664 παρὰ

88 1661 142 1689 τῶν
154 1661 309 1691 Χαναναίων
319 1661 404 1698 ὀνείδη
413 1684 421 1697 ,
432 1664 485 1691 τῶν
495 1661 538 1691 ἐπὶ
545 1663 579 1701 τῇ
589 1661 636 1701 θέᾳ
649 1672 708 1690 τοτε
722 1663 859 1703 συνδεδρα-

90 1699 230 1738 μηκότων;
245 1700 279 1731 Ὁ
294 1701 341 1740 μὲν
353 1701 404 1741 γὰρ
418 1696 489 1730 εἶπεν
503 1701 534 1730 ἄν
543 1711 549 1718 ·
569 1700 605 1736 ὦ,
620 1702 660 1741 ἐφ’
675 1696 728 1730 οἷον
740 1702 857 1741 θάλαμον

93 1738 138 1767 τὸν
149 1739 204 1768 υἱὸν
218 1742 232 1768 ὁ
245 1741 324 1774 καλὸς
338 1740 397 1780 ἄγει
418 1740 521 1780 nott-»593
545 1739 580 1769 Ὁ
595 1739 636 1776 δὲ,
660 1741 690 1769 ἐκ
711 1740 788 1774 ποίας
805 1742 857 1782 ἄρα

88 1777 433 1853 ἶίἷμοὲηἱαὲἷῖἒῖῗξ“ἓῗέζ
439 1793 446 1816 ³
453 1779 493 1852 ὡῗ
506 1779 540 1848 3}
548 1780 856 1850 ἀ’ἑῖλῗςτῖῗττῗῦὁζῗζὲς

177 1830 190 1847 ν
210 1831 218 1847 Ι.
827 1834 853 1851 υ.

87 1836 193 1893 Ἄλλος,
204 1857 226 1887 ὢ
237 1858 316 1888 πόσοι
324 1831 448 1898 γέγροντεέ
457 1859 494 1892 ὥς
500 1858 554 1888 υἱὸν
565 1831 688 1898 θρηξοῦσι
699 1858 744 1887 τὸν
757 1832 857 1896 gozzo„

87 1892 161 1930 οὗτος
179 1897 208 1926 δὲ
219 1897 318 1933 ἠλίθιος
330 1898 414 1939 γέρων
427 1897 486 1928 οὐδὲ
499 1897 607 1937 δακρύει
621 1897 651 1926 τὸ
665 1897 729 1927 ἴδιον
750 1899 854 1937 τέκνον;

87 1937 182 1966 Ταῦτα
198 1936 246 1975 μὲν
266 1939 290 1966 οἱ
307 1939 464 1967 Χαναναῖοι·
478 1940 530 1967 τῶν
551 1936 579 1966 δὲ
600 1937 766 1977 θεραπόντων
778 1941 793 1967 ὁ
807 1940 855 1978 μὲν

87 1975 233 2015 ἀνοιμώξαξ
251 1972 339 2006 εἶπεν·
359 1977 382 2006 ὦ
395 1978 499 2007 παιδίον
521 1977 626 2011 ἄθλιον,
651 1977 695 2006 καὶ
717 1978 776 2016 γενό
811 1991 854 2009 νον

86 2016 198 2055 ὄψιμον,
218 2016 264 2045 καὶ
278 2016 457 2055 ἀπολλύμενον
475 2017 570 2056 ἄωρον.
586 2017 639 2046 Σοῦ
652 2016 697 2046 καὶ
710 2019 855 2057 παραδοξος

85 2057 103 2090 ἠ
111 2054 230 2094 γέννησις
240 2077 248 2092 ,
262 2056 307 2085 καὶ
320 2056 463 2096 παράδοξος
474 2059 491 2092 ἢ
506 2055 624 2091 τελευτή.
643 2055 729 2089 Μόνος
742 2059 773 2086 ἐκ
785 2058 853 2087 πάν-

86 2106 138 2123 των
148 2094 176 2128 ἐξ
189 2094 282 2133 ἀγόνου
296 2095 416 2135 μήτρας,
436 2096 512 2134 μόνος
526 2097 555 2125 ἐκ
574 2095 680 2124 πάντων
694 2097 796 2126 ἀκούων
810 2099 853 2127 τὸν

86 2134 130 2162 ἐπὶ
144 2135 178 2172 τῇ
194 2135 264 2173 ταφῇ
290 2145 336 2164 σου
350 2138 452 2175 θρῆνον.
473 2135 510 2165 Ὦ
520 2158 528 2172 ,
552 2134 608 2164 οἵαν
630 2136 644 2163 ὁ
662 2135 791 2173 δεσπότης
803 2139 853 2166 αὐ-

85 2175 132 2201 τοῦ
159 2172 246 2201 εἰκόνα
267 2172 394 2213 ἐξαλείφει
414 2177 460 2203 τοῦ
481 2174 554 2214 βίου;
580 2174 605 2202 Τ
607 2177 673 2203 αῦτα
699 2175 746 2213 μὲν
764 2173 808 2206 οὖν
829 2179 853 2206 οἱ

85 2213 144 2241 καθ’
168 2211 277 2240 exau-:ov
288 2223 295 2230 ·
322 2214 388 2251 ὁμοῦ
403 2213 431 2243 δὲ
444 2213 540 2247 πάντες
555 2214 765 2253 ὑποστρέψαντες
778 2216 853 2245 οἴκα-

86 2251 130 2286 δε,
149 2252 185 2283 ὡς
197 2251 242 2290 ἀφ’
258 2249 313 2284 ἑνὸς
333 2251 462 2290 στόματος
485 2248 556 2281 εἶπον
579 2251 627 2280 ἄν·
647 2253 719 2282 ὅδευε
741 2255 831 2284 λοιπὸν
844 2278 851 2291 ,

84 2285 108 2319 ὦ
127 2289 278 2329 πρεσὸῦτα,
292 2292 369 2319 τοῦτο
383 2290 460 2329 μόνον
472 2290 676 2330 ἐνθυμούμενος,
699 2293 739 2322 ὅτι
763 2297 853 2324 τοῦτον

85 2329 116 2358 ἂν
131 2330 227 2368 θύσῃς,
248 2329 326 2358 ἄλλον
338 2330 394 2359 υἱὸν
405 2330 458 2359 ἀπὸ
477 2331 583 2381 Σάρρας
595 2332 624 2360 οὐ
661 2331 735 2366 ἴξεις.
760 2334 854 2363 Ταῦτα

85 2369 102 2397 λ
135 2371 204 2407 ισμῷ
214 2367 328 2408 σώφρονι
341 2369 524 2408 προιιδόμενος
541 2369 617 2409 Αὸρα
636 2382 672 2409 μ,
685 2374 769 2402 ταῦτα
793 2384 854 2402 σκο-

126 2419 174 2441 σας
186 2409 200 2436 ὁ
213 2408 341 2448 μακάριος
351 2430 360 2444 ,
380 2408 502 2447 ἐμὸύθιον
525 2409 621 2449 ἔκρυψε
637 2409 667 2438 τὸ
680 2411 852 2451 πρόσταγμα,

86 2446 155 2475 οὕτω
169 2447 307 2482 διατιθεὶς,
325 2448 361 2480 ὥς
379 2448 493 2481 ἀκούσας
506 2448 609 2488 ἄρρητα
628 2449 751 2488 ῥήματα,
769 2451 786 2480 ἃ
805 2453 853 2482 οὐκ

86 2485 141 2519 ἐξὸν
156 2485 286 2525 ἀνθρώπῳ
305 2487 429 2523 λαλῆσαι.
453 2482 491 2517 Ὦ
509 2490 592 2524 θησαυ
610 2487 623 2518 ὲ
646 2488 737 2529 κρύφιε
755 2491 853 2521 δεσπο-

87 2526 167 2554 τικῶν
178 2526 300 2554 ἐντολῶν·
320 2521 342 2554 ὦ
362 2532 480 2565 ταμιεῖον
496 2499 667 2567 ‹impp-§gemm
680 2533 797 2568 ταμιεῖον
816 2533 852 2561 ἱε-

86 2566 140 2601 ρῶν
154 2565 224 2595 Θεοῦ
238 2564 331 2602 λόγων.
350 2566 444 2596 Ταῦτά
462 2578 492 2596 σε
508 2566 541 2596 τὰ
562 2567 694 2606 μυστήρια
710 2571 767 2599 καθ’
791 2570 853 2608 ὅλης

252 2613 325 2633 τοι.
348 2615 390 2634 Vl.

914 1357 972 1377 esse
997 1347 1125 1388 lacrymis
1151 1360 1158 1376 ε
1181 1348 1245 1386 quia
1269 1358 1335 1378 vero
1359 1349 1494 1379 Creatoris
1520 1349 1658 1381 decretum

915 1397 927 1416 s
947 1397 989 1416 em
1000 1397 1086 1419 meam
1095 1387 1171 1423 vicit,
1185 1397 1302 1426 eumque
1314 1388 1405 1427 lugeo,
1418 1399 1433 1417 a
1443 1399 1497 1427 quo
1508 1400 1551 1419 me
1563 1390 1659 1430 lugen-

951 1437 978 1456 m
991 1426 1131 1466 sperabam
1143 1437 1209 1462 esse,
1223 1427 1275 1456 hoc
1288 1426 1376 1456 solum
1397 1428 1446 1457 abs
1457 1435 1482 1457 te
1494 1429 1611 1468 postulo,
1628 1438 1658 1459 ut

915 1476 978 1495 cum
989 1467 1017 1495 in
1030 1466 1119 1504 ignem
1138 1466 1263 1495 sacrificii
1283 1466 1420 1504 ascendes,
1442 1468 1530 1496 Deum
1551 1479 1601 1508 pro
1615 1481 1657 1499 me

914 1505 1042 1545 preceris,
1056 1511 1085 1533 ut
1095 1515 1132 1534 ex
1142 1505 1193 1533 hac
1206 1505 1261 1534 vita
1274 1505 1411 1534 discedam
1421 1513 1562 1545 antequam
1573 1518 1657 1537 sacer-

914 1544 963 1573 dos
975 1550 1123 1573 revertatur
1136 1554 1150 1572 a
1165 1544 1306 1573 sacrificio.
1322 1545 1453 1573 Dextram
1471 1546 1543 1575 enim
1556 1547 1654 1585 patris,

914 1582 965 1612 filii
987 1583 1116 1621 sanguine
1140 1589 1313 1619 cruentatam,
1338 1583 1431 1612 videre
1452 1594 1567 1623 nequeo.
1593 1587 1657 1616 Haec

914 1621 1024 1660 quidem
1031 1628 1124 1650 mater.
1135 1621 1203 1657 Quis
1213 1631 1276 1651 vero
1282 1621 1387 1651 tulisset
1398 1623 1612 1653 Chananaeorum
1620 1626 1656 1655 ad

913 1661 965 1690 hoc
989 1671 1002 1689 s
1063 1660 1172 1689 aculum
1185 1660 1382 1690 accurrentium
1398 1672 1415 1690 o
1434 1662 1562 1701 probria?
1576 1664 1654 1694 Alius

912 1700 984 1729 onim
1006 1706 1063 1728 orte
1074 1699 1187 1728 dixisset
1201 1710 1208 1728 ι
1223 1700 1258 1735 Ο,
1271 1698 1300 1728 in
1313 1707 1412 1738 quemt
1432 1701 1550 1731 alamum
1564 1703 1653 1733 filium

911 1739 999 1769 honus
1013 1745 1088 1778 pater
1097 1738 1191 1767 ducit?
1203 1738 1293 1774 Alius,
1308 1740 1352 1768 Ex
1373 1750 1427 1778 quo
1443 1740 1511 1770 ovili
1530 1742 1598 1771 hanc
1609 1743 1653 1772 vi-

911 1778 1019 1807 ctimam
1030 1777 1151 1818 profert?
1166 1777 1256 1813 Alius,
1267 1778 1383 1807 Pulchre
1394 1780 1468 1808 Deus
1481 1781 1542 1810 vult
1555 1782 1654 1811 multi—

911 1818 1012 1858 plicare
1023 1827 1106 1856 genus
1112 1817 1172 1862 ejus
1183 1817 1253 1846 sicut
1264 1817 1357 1846 stellas
1366 1818 1435 1847 caeli.
1450 1819 1540 1856 Alius,
1553 1822 1579 1850 Ο
1588 1829 1653 1860 quot

910 1867 985 1887 senes
1006 1856 1078 1885 hunc
1100 1866 1228 1885 miserum
1248 1863 1278 1885 ut
1296 1857 1384 1886 filium
1397 1858 1515 1897 plorant,
1530 1860 1575 1889 hic
1587 1871 1652 1890 vero

911 1907 992 1926 senex
1001 1906 1091 1925 amens
1103 1905 1138 1925 ne
1150 1906 1230 1924 suum
1245 1896 1355 1934 quidem
1368 1897 1456 1927 filium
1470 1899 1573 1938 plorat!
1589 1901 1652 1930 Haee

911 1935 1054 1966 Chananaei
1066 1946 1073 1969 ς
1088 1944 1122 1964 ex
1141 1934 1226 1964 servis
1249 1942 1339 1966 autem
1361 1936 1430 1966 alius
1451 1937 1478 1966 in
1499 1938 1651 1969 emiscendo

910 1975 1023 2005 dixisset
1037 1987 1043 2003 :
1059 1975 1084 2004 Ο
1096 1984 1210 2014 puerum
1227 1974 1365 2012 miserum,
1375 1976 1425 2021 gui
1439 1949 1514 2006 tarde
1526 1979 1611 2015 venit,
1625 1987 1651 2008 et

900 2015 1053 2044 immature
1060 2012 1197 2043 discessit!
1210 2014 1287 2043 Tuus
1296 2025 1360 2044 vero
1374 2023 1570 2056 inexspectatus
1580 2025 1651 2047 nata-

909 2054 944 2084 lis
957 2053 1015 2083 dies
1028 2060 1078 2090 est,
1092 2053 1269 2092 inexspectata
1292 2053 1371 2083 etiam
1386 2066 1468 2085 mors.
1483 2057 1561 2086 Unus
1580 2057 1650 2087 inter

909 2103 1000 2122 omnes
1012 2103 1045 2122 ex
1059 2092 1144 2122 sterili
1160 2092 1256 2129 vulva,
1269 2093 1342 2122 solus
1362 2094 1430 2124 inter
1442 2105 1534 2124 omnes
1545 2096 1648 2126 luctum

909 2132 944 2162 ad
963 2143 991 2162 se
1012 2132 1130 2162 ulturam
1139 2137 1214 2160 tuam
1229 2131 1338 2162 audisti.
1354 2134 1379 2163 Ο
1392 2134 1498 2172 qualem
1520 2134 1648 2165 dominus

909 2173 967 2217 ejus
981 2143 1054 2200 delet
1073 2170 1216 2209 imaginem
1235 2171 1316 2201 vitae!
1330 2173 1393 2202 Haec
1413 2174 1502 2212 itaque
1522 2175 1622 2213 singuli
1639 2188 1645 2203 ε

908 2211 1087 2240 simulantem
1098 2219 1189 2239 omnes
1201 2209 1313 2239 domum
1324 2219 1494 2248 revertentes,
1506 2214 1582 2251 quasi
1594 2224 1647 2243 nno

908 2260 955 2279 ore
965 2249 1095 2280 dixissent
1111 2261 1118 2278 ε
1134 2248 1213 2280 Vade
1226 2249 1260 2279 de
1273 2250 1388 2289 reliquo,
1401 2263 1418 2281 o
1431 2262 1522 2285 senex,
1539 2253 1594 2281 hoff
1603 2264 1648 2282 so-

908 2291 967 2319 lnm
977 2296 1066 2320 tecum
1078 2295 1204 2329 reputans
1214 2300 1221 2323 ;
1233 2289 1258 2318 si
1271 2289 1344 2319 hunc
1354 2291 1547 2328 immolaveris,
1562 2292 1647 2320 alium

908 2329 997 2359 filium
1010 2340 1026 2359 a
1037 2328 1104 2358 Sara
1117 2338 1170 2357 non
1184 2328 1322 2368 suscipies.
1339 2330 1402 2358 Haec
1415 2340 1444 2361 sa,
1465 2330 1527 2358 ienti
1539 2330 1645 2359 ratioci-

908 2369 954 2398 nio
972 2367 1122 2409 praevidens
1143 2367 1287 2402 Abraham,
1300 2367 1343 2396 his
1363 2340 1535 2397 consideratis
1554 2369 1647 2397 beatus

907 2408 966 2443 ille,
985 2408 1054 2437 intra
1067 2418 1095 2437 se
1108 2413 1270 2446 praeceptum
1287 2406 1442 2442 occultavit,
1467 2406 1505 2435 sic
1525 2407 1646 2443 affectus,

909 2459 939 2478 ac
951 2448 973 2478 si
986 2446 1134 2477 audivisset
1145 2455 1240 2474 arcana
1252 2445 1334 2474 verba
1370 2455 1410 2473 11ae
1424 2455 1476 2473 non
1489 2445 1581 2474 liceret
1595 2446 1647 2475 ho-

908 2487 975 2517 mini
984 2487 1070 2525 loqui.
1085 2487 1111 2517 Ο
1122 2485 1244 2514 thesaure
1252 2456 1405 2512 abscondite
1414 2483 1569 2514 divinorum
1581 2496 1648 2524 prae-

907 2524 1064 2567 ceptorum!
1077 2522 1302 2563 oreceptaculum
1328 2523 1499 2551 arcanorum!
1527 2531 1647 2563 recepta-

909 2571 1001 2601 culum
1013 2578 1149 2600 sacrorum
1158 2566 1209 2597 Dei
1218 2565 1363 2597 vorborum
1374 2565 1380 2595 ἶ
1393 2567 1455 2595 Haec
1465 2566 1514 2634 ῐΧῐῙέὶ
1525 2568 1649 2606 mysteria

1479 2618 1490 2643 l
