1904 2840
671 161 705 184 m
730 161 944 185 MATTHAEUM.
971 162 1098 186 nomn.
1125 163 1182 187 x1„
1628 165 1697 200 907

161 230 289 265 potestate
298 222 348 253 Dei
361 221 419 252 haec
433 221 556 252 faciebat.
571 222 707 259 Quoniam
719 233 794 262 ergo,
803 223 861 252 haec
871 234 902 252 eo

161 265 275 300 dicente,
290 273 325 292 ex
337 261 446 303 populis
456 261 536 290 multi
549 261 576 290 in
590 272 651 291 eum
662 261 846 299 crediderunt,
862 273 903 291 sa-

161 303 280 333 cerdotes
299 308 389 331 autem
408 303 487 342 juxta
507 301 581 340 quod
596 312 648 331 non
662 301 841 339 crediderant,
857 302 904 331 sed

159 343 249 372 adhuc
258 342 409 381 frequenter
421 341 622 371 insurrexerant
635 352 716 381 super
726 352 799 378 eum,
815 342 903 371 intro-

159 381 240 412 duxit
253 381 410 422 parabolam
424 380 541 410 duorum
554 381 676 410 filiorum
691 391 698 408 ε
715 381 855 411 ostendens
865 381 904 410 cis

159 433 208 464 per
220 432 290 458 eam,
300 421 428 460 quoniam
448 421 571 450 meliores
585 428 648 450 sunt
661 421 814 461 populares,
828 421 874 460 qui
889 432 904 450 a

159 461 295 504 principio
302 461 457 490 saecularem
466 467 491 489 et
499 460 634 490 carnalem
642 461 800 500 profitentur
811 461 903 498 vitam,

159 513 242 542 quam
258 499 417 536 sacerdotes,
429 500 477 539 qui
495 500 531 529 ab
544 500 621 529 initio
632 500 791 540 profitentur
805 511 832 530 se
846 502 904 529 Deo

159 542 261 573 servire
274 553 281 570 z
293 540 421 580 quoniam
441 550 476 580 po
497 540 586 569 ulares
608 539 728 579 quidem,
748 539 793 569 vel
816 540 904 569 satiati

159 582 265 612 actibus
281 580 338 610 suis
357 579 447 616 malis,
462 590 476 608 a
490 578 607 618 iquando
622 579 775 620 compuncti
789 590 905 609 conver-

158 629 255 652 tuntur
276 620 312 650 ad
334 621 433 656 Deum,
445 626 471 648 et
492 619 626 659 incipiunt
646 618 754 658 operari
770 619 905 659 justitiam

159 662 227 698 Dei;
246 659 395 690 sacerdotes
417 665 506 688 autem
528 658 729 699 impoenitibiles
755 659 904 693 constituti,

159 711 307 741 numquam
320 699 447 728 desinunt
459 709 570 739 peccare
592 698 620 727 in
634 700 731 727 Deum.
747 699 823 727 Duos
841 708 904 738 ergo

160 742 232 771 filios
250 740 317 769 dicit
330 739 462 769 laicorum
477 737 668 774 conditionem,
685 745 711 767 et
723 737 845 767 ordinem
860 749 903 767 sa-

160 781 310 811 cerdotum.
330 779 400 816 Quis
421 785 460 808 est
473 778 548 818 prior
568 777 663 806 filius?
681 777 812 818 Populus.
828 778 905 807 Prior

160 821 233 851 enim
250 819 369 860 populus
387 824 490 848 creatus
504 824 553 854 est,
567 816 666 847 deinde
682 816 842 853 sacerdotes,
857 818 904 857 qui

161 867 259 900 regunt
279 858 422 899 populum.
445 857 574 896 Alioquin
595 864 655 886 ante
676 857 758 886 creati
776 864 902 895 rectores,

181 910 242 930 uam
253 897 395 938 regerent?
408 898 468 927 Non
482 897 553 927 enim
567 897 685 936 populus
697 903 808 936 propter
821 908 906 927 sacer-

159 912 236 969 dotes
248 945 352 968 creatus
360 944 410 974 est,
422 937 469 966 sed
478 936 626 966 sacerdotes
635 943 747 976 propter
760 937 901 976 populum.

158 980 228 1010 Nam
242 985 269 1008 et
281 977 415 1007 mundum
427 978 501 1006 Deus
513 983 573 1005 ante
586 976 697 1012 creavit,
714 983 740 1005 et
750 983 839 1015 postea
852 976 903 1006 ho-

158 1019 270 1055 minem,
285 1017 333 1056 qui
357 1023 461 1056 regeret
479 1015 623 1045 mundum.
642 1016 766 1054 Denique
786 1016 905 1056 populus

158 1058 209 1088 Dei
223 1069 257 1087 ex
275 1064 394 1096 ternpore
409 1056 522 1085 Abrahae
540 1055 632 1095 coepit,
647 1055 797 1084 sacerdotes
815 1063 903 1086 autem

157 1109 193 1127 ex
211 1105 332 1136 tempore
347 1098 447 1125 Aaron.
470 1096 512 1124 Et
531 1096 607 1124 dixit
623 1097 675 1123 uni
692 1105 792 1124 eorum
807 1105 815 1121 :
830 1097 903 1133 Fili,

157 1138 238 1166 vade
260 1137 346 1165 hodie
364 1137 479 1173 operari
492 1136 523 1163 in
536 1136 658 1164 ‘vineam
672 1145 777 1163 meam.
789 1134 835 1164 At
852 1136 905 1165 ille

157 1177 318 1216 respondit,
329 1175 418 1205 Noto.
432 1176 542 1204 Postea
551 1180 649 1203 autem
660 1176 832 1210 poenitentia
841 1185 903 1204 mo·-

159 1224 221 1252 tus,
236 1217 300 1246 ivit.
316 1216 358 1245 Et
376 1216 516 1244 accedens
530 1214 571 1243 ad
584 1213 723 1249 alterum,
737 1215 812 1243 dixit
823 1217 902 1243 simi-

159 1257 237 1286 liter.
263 1255 308 1285 At
333 1256 386 1285 ille
405 1254 581 1299 respondens
602 1254 645 1283 ait
658 1266 666 1282 .·
680 1255 742 1290 Eo,
767 1254 885 1283 domine
889 1267 902 1290 ,-

158 1303 186 1326 et
200 1306 260 1325 non
272 1297 334 1325 ivit.
349 1296 419 1325 Nam
431 1300 502 1323 sicut
513 1303 604 1322 omnes
617 1294 635 1323 J
637 1293 706 1322 udaei
721 1293 845 1331 quamvis
859 1294 902 1323 in-

156 1335 284 1374 terrogati
297 1342 323 1364 et
334 1346 381 1375 per
394 1335 498 1364 Mosem
511 1340 537 1362 et
549 1343 598 1372 per
607 1333 711 1368 Jesum‚
725 1332 801 1371 quasi
815 1343 830 1361 a
844 1334 902 1363 Deo

155 1385 261 1416 percos
273 1374 408 1413 loquente,
417 1372 620 1413 spoponderunt
631 1372 721 1401 omnia
731 1382 759 1401 se
772 1372 899 1409 facturos,

156 1425 217 1454 qnae
235 1420 394 1454 praeceperat
407 1413 445 1442 eis
459 1414 543 1448 Deus,
555 1418 581 1441 et
593 1422 647 1440 non
661 1412 797 1448 fecerunt;
811 1419 901 1451 gentes

157 1461 246 1484 autem
255 1453 380 1492 quamvis
389 1462 442 1481 non
454 1451 627 1492 promiserint
636 1451 722 1496 prius,
732 1457 819 1480 tamen
832 1459 901 1491 post-

156 1504 188 1523 ea
202 1493 383 1528 obedientiam
393 1493 452 1521 Deo
470 1490 602 1522 dederunt
617 1501 624 1518 τ
637 1498 674 1519 ita
690 1490 761 1519 enim
775 1497 801 1520 et
812 1502 901 1535 popu-

157 1534 227 1563 lares
240 1543 288 1572 per
306 1532 358 1561 hoc
371 1531 473 1571 ipsum,
487 1529 562 1567 quod
579 1530 733 1559 saecularem
749 1530 901 1569 suscipiunt

156 1573 241 1603 vitam
251 1594 258 1608 ‚
275 1571 407 1610 denegare
420 1569 549 1600 videntur
564 1569 745 1598 obedientiam
765 1570 822 1597 Deo
829 1580 839 1606 ;
854 1580 899 1598 sa-

157 1611 277 1641 cerdotes
293 1617 382 1639 autem
397 1609 484 1647 magis
501 1607 629 1638 videntur
643 1607 820 1637 obedientiam
834 1618 898 1648 pro-

151 1652 263 1681 'mittere
283 1651 350 1686 Deo,
363 1648 498 1692 praecipue
520 1658 568 1693 per
581 1647 633 1677 boc
651 1647 741 1687 ipsum
755 1647 829 1685 quod
841 1658 900 1688 spe-

156 1691 261 1721 cialiter
274 1690 302 1719 in
321 1689 470 1719 ministerio
483 1688 534 1716 De1
547 1686 757 1716 constituuntur.
772 1687 841 1716 Nam
852 1687 900 1726 qui

156 1730 251 1761 doctor
269 1729 364 1770 populi
382 1727 564 1763 constituitur,
579 1727 635 1755 sine
653 1725 738 1755 dubio
760 1726 901 1766 profitetur

155 1781 185 1800 se
198 1771 279 1800 talem
293 1770 360 1806 fore,
373 1767 479 1807 qualem
493 1777 550 1795 esse
562 1772 666 1805 oportet
678 1765 824 1795 doctorem.
839 1766 900 1796 Sic-

157 1817 188 1840 ut
209 1810 280 1839 enim
303 1809 350 1848 qui
373 1807 513 1842 sutoriam,
527 1805 605 1836 verbi
623 1815 718 1840 causa,
735 1812 782 1834 aut
801 1816 900 1850 quam-

157 1860 274 1889 cumque
287 1849 397 1878 alteram
417 1846 556 1887 profitetur
577 1851 672 1881 artem,
684 1844 734 1874 etsi
750 1845 901 1884 specialiter

157 1899 210 1918 non
228 1888 368 1929 spondeat,
383 1893 470 1916 tamen
490 1896 538 1925 per
555 1885 607 1914 hoc
629 1884 719 1930 ipsum
738 1883 811 1923 quod
825 1891 900 1914 suto-

158 1930 227 1958 riam
248 1929 383 1968 professus
405 1933 444 1956 est
456 1932 551 1962 artem,
563 1931 589 1953 et
601 1923 740 1964 opificium
758 1924 802 1954 vel
816 1923 902 1963 magi-

158 1968 270 1998 sterium
288 1967 346 2007 ejus
362 1965 427 1995 artis
439 1965 553 2006 aperuit,
566 1963 673 1993 videtur
687 1963 765 1993 tacite
778 1963 903 1993 omnihus

158 2007 344 2048 spopondisse,
358 2013 388 2035 ut
399 2006 456 2034 sine
474 2003 679 2044 reprehensione
697 2002 807 2043 impleat
822 2014 903 2041 quam

158 2048 294 2088 professus
306 2053 344 2076 est
356 2052 439 2074 artem
454 2056 460 2073 :
474 2044 513 2073 sic
526 2042 660 2079 sacerdos,
675 2049 701 2071 et
716 2042 803 2072 omnis
818 2042 903 2072 cleri—

160 2098 217 2123 cus,
229 2087 279 2116 etsi
289 2085 441 2127 specialiter
460 2093 513 2113 non
531 2082 680 2123 promittat,
690 2089 778 2111 tamen
792 2093 840 2122 per
852 2083 904 2112 huc

160 2126 251 2166 ipsum
277 2125 351 2165 quod
373 2124 466 2154 doctor
488 2122 662 2153 constituitur
685 2122 812 2157 aliorum,
827 2122 913 2151 tacite'

161 2165 316 2205 promittere
328 2166 385 2194 Deo
399 2163 518 2200 videtur,
532 2163 559 2191 in
574 2162 699 2191 omnibus
711 2161 905 2190 obauditurum

163 2215 191 2234 se
203 2206 271 2234 Deo.
288 2205 355 2240 Quae
366 2203 401 2233 sit
413 2209 501 2231 autem
514 2202 592 2231 vinea
601 2224 609 2238 ,
625 2201 668 2231 vel
682 2200 817 2239 quomodo
832 2202 906 2230 Deus

162 2244 289 2283 loquatur
300 2243 335 2272 ad
348 2241 605 2277 homines,diximus
617 2251 709 2279 supra.
729 2241 800 2278 Quis
811 2251 826 2269 e
836 2241 907 2269 duo-

165 2285 216 2313 bus
221 2283 300 2324 fecit
314 2281 497 2311 voluntatem
509 2282 600 2318 patris
609 2282 622 2307 ?
634 2279 678 2308 At
692 2280 738 2308 illi
751 2280 907 2319 responde-

163 2329 244 2359 runt,
256 2323 381 2351 Primus.
393 2321 429 2350 Et
440 2330 533 2349 verum
548 2325 598 2355 est,
612 2318 676 2357 quia
693 2318 789 2347 melior
806 2325 845 2348 est
854 2319 906 2347 la'i'-

163 2373 222 2399 cus,
235 2362 283 2401 qui
294 2365 305 2377 ²
315 2361 341 2390 in
357 2360 443 2400 prima
458 2359 523 2387 facie
537 2358 691 2387 saecularem
702 2358 786 2387 vitam
800 2358 906 2398 profite-

164 2409 210 2431 tur
219 2424 226 2438 ,
254 2412 283 2430 re
309 2411 371 2431 vera
396 2406 486 2428 autem
512 2397 699 2437 complectitur
723 2397 905 2437 spiritualem,

165 2451 247 2479 quam
260 2439 394 2475 sacerdos,
410 2439 459 2477 qui
479 2437 505 2466 in
519 2436 606 2477 prima
620 2435 730 2475 quidem
744 2436 810 2466 facie
824 2437 906 2476 profi-

165 2486 236 2509 tetur
248 2480 333 2511 vitam
344 2478 522 2519 spiritualem,
531 2487 560 2506 re
568 2484 630 2507 vera
641 2482 729 2505 autem
738 2476 908 2516 amplectitur

921 225 941 249 Δ
960 223 1043 255 vitam
1061 225 1205 254 carnalem.
1220 226 1255 256 Et
1266 226 1361 256 melior
1378 232 1418 256 est
1438 226 1524 256 la'ieus
1536 232 1597 256 ante
1611 227 1700 256 Deum

960 263 1143 302 poenitentiam
1161 275 1252 304 agens,
1263 277 1344 304 quam
1365 265 1478 296 clericus
1496 276 1654 306 permanens
1672 267 1700 295 in

960 303 1084 341 peccatis.
1096 304 1191 333 Latous
1200 305 1271 334 enim
1282 306 1308 334 in
1316 305 1360 335 die
1369 305 1465 346 judicii
1475 306 1571 336 stolam
1578 305 1701 336 sacerdo-

960 342 1039 371 talem
1053 343 1176 382 accipiet,
1189 351 1215 373 et
1227 355 1242 373 a
1256 346 1312 374 Deo
1327 345 1468 376 chrismate
1485 352 1602 386 ungetur
1614 346 1642 375 in
1654 356 1701 375 sa·-

959 381 1107 412 cerdotium
1124 394 1130 410 :
1147 384 1270 413 sacerdos
1293 392 1382 414 autem
1396 392 1519 425 peccator
1540 385 1701 425 spoliabitur

957 422 1099 451 sacerdotii
1121 422 1263 462 dignitate,
1280 435 1361 463 quam
1379 425 1493 461 habuit,
1507 431 1533 454 et
1556 425 1607 455 erit
1631 425 1701 454 inter

956 460 1078 491 infideles
1099 469 1126 491 et
1144 463 1310 502 hypocritas,
1322 463 1426 493 dicente
1440 464 1555 493 Domino
1577 464 1611 495 de
1629 465 1701 494 malo

956 499 1160 540 dispensatore:
1179 502 1211 531 Si
1229 510 1327 532 autem
1346 506 1462 542 coeperit
1484 505 1582 533 sedere
1603 514 1701 534 servus
1710 514 1766 535 Luc.
1790 518 1826 535 η.

957 541 1138 570 manducare
1151 548 1179 570 et
1200 543 1297 571 bibere
1308 553 1374 572 cum
1388 545 1519 580 ebriosis,
1534 546 1633 573 veniet
1642 545 1700 573 do-
1710 544 1749 575 45·
1764 545 1802 574 46-

957 580 1053 609 minus
1074 582 1137 620 ejus
1153 582 1200 610 die
1218 589 1278 621 qua
1301 593 1360 611 non
1381 590 1488 622 sperat,
1501 589 1529 612 et
1554 584 1627 612 hora
1641 594 1701 622 qua

956 620 1083 658 ignorat,
1099 626 1128 649 et
1141 622 1253 650 dividet
1266 632 1342 655 eum,
1356 629 1527 662 partemque
1538 623 1600 662 ejus
1612 630 1701 662 ponet

957 668 1022 688 cum
1037 660 1200 699 hypocritis
1209 666 1237 690 et
1251 661 1429 702 infidelibus.
1443 662 1523 692 Unde
1533 669 1558 691 et
1569 662 1649 692 modo
1663 662 1701 692 sic

957 698 1077 728 invenies
1090 701 1303 730 remfiaecularis
1315 701 1395 730 homo
1405 708 1466 739 post
1473 709 1611 741 peccatum
1623 702 1701 732 facile

957 737 993 767 ad
1013 739 1196 778 poenitentiam
1218 740 1306 778 venit;
1321 751 1382 770 nam
1401 747 1546 781 occupatus
1560 741 1700 780 negligen-

955 777 993 806 tia
1015 779 1148 815 saeculari,
1163 779 1230 809 dum
1252 780 1398 820 Scripturis
1420 791 1474 809 non
1494 781 1559 810 satis
1576 781 1700 818 attendit,

921 824 940 847 Β
956 828 1062 857 semper
1073 819 1096 848 ei
1109 829 1168 857 quae
1180 820 1209 848 in
1229 820 1377 860 Scripturis
1391 820 1476 860 posita
1489 827 1562 853 sunt,
1573 830 1642 849 nova
1655 821 1702 850 vi-

957 857 1055 887 dentur
1068 870 1074 887 :
1091 858 1205 898 ideoque
1218 870 1281 889 cum
1292 859 1368 889 audit
1380 859 1485 898 aliquid
1497 860 1531 889 de
1544 859 1629 900 gloria
1639 870 1700 889 san-

957 903 1074 934 ctorum,
1090 905 1137 927 aut
1159 898 1193 928 de
1213 910 1290 939 poena
1303 906 1483 939 peccatorum,
1498 900 1575 938 quasi
1598 909 1701 929 novum

957 936 1063 975 aliquid
1084 937 1211 975 audiens,
1233 939 1404 979 expavescit,
1417 939 1536 978 dumque
1560 946 1607 968 aut
1629 939 1701 969 bona

957 977 1133 1022 concupiscit,
1148 985 1195 1015 aut
1215 979 1284 1007 mala
1299 978 1374 1008 timet
1396 985 1582 1019 compunctus,
1597 978 1630 1008 ad
1643 990 1700 1024 poe-

956 1016 1094 1045 nitentiam
1117 1017 1169 1046 cito
1193 1017 1321 1047 decurrit.
1335 1018 1413 1048 Nihil
1433 1025 1522 1047 autem
1543 1018 1700 1058 impossibi-

955 1054 1022 1092 lius,
1038 1067 1120 1094 quam
1134 1056 1213 1086 illum
1234 1057 1375 1096 corrigere,
1391 1058 1438 1096 qui
1449 1058 1537 1087 omnia
1549 1059 1607 1094 scit,
1622 1065 1648 1087 et
1657 1066 1700 1088 ta—

956 1105 1017 1124 men
1037 1103 1206 1126 contemnens
1226 1097 1340 1134 bonum,
1361 1097 1452 1137 diligit
1474 1097 1587 1126 malum.
1600 1098 1700 1128 Omnia

955 1134 1028 1164 enim
1042 1146 1217 1175 quaecumque
1226 1144 1287 1166 sunt
1296 1137 1324 1165 in
1337 1137 1495 1177 Scripturis,
1508 1145 1619 1177 propter
1631 1148 1699 1177 quo-

955 1174 1086 1204 tidianam
1100 1175 1299 1205 meditationem
1312 1183 1372 1206 ante
1381 1177 1474 1206 oculos
1482 1177 1540 1216 ejus
1553 1177 1698 1207 inveterata

955 1221 983 1243 et
1001 1214 1068 1243 vilia
1087 1215 1262 1244 aestimantur.
1274 1217 1343 1245 Nam
1366 1215 1498 1255 quiequid
1511 1215 1569 1246 illic
1580 1217 1699 1247 terribile

954 1260 994 1283 est
1013 1264 1064 1283 usu
1085 1254 1200 1284 vilescit.
1215 1256 1358 1295 Propterea
1381 1256 1506 1293 clericus,
1526 1256 1573 1294 qui
1594 1267 1699 1296 semper

954 1292 1100 1323 meditatur
1120 1294 1288 1334 Scripturas,
1309 1302 1355 1324 aut
1379 1295 1488 1325 omnino
1509 1295 1698 1326 observaturus

953 1339 1003 1367 est,
1019 1333 1110 1362 eterit
1122 1335 1270 1373 perfectus3
1285 1341 1331 1364 aut
1355 1334 1379 1364 si
1399 1335 1481 1364 semel
1506 1335 1616 1375 coeperit
1638 1336 1699 1366 illas

953 1378 1134 1410 contemnere,
1149 1383 1297 1412 numquam
1309 1374 1440 1404 excitatur
1461 1374 1490 1404 in
1517 1374 1582 1410 illis,
1609 1382 1639 1405 ut
1659 1376 1697 1405 ti-

918 1415 937 1440 C
953 1418 1032 1441 meat.
1049 1413 1118 1449 Quis
1142 1413 1287 1451 aliquando
1300 1413 1370 1444 vidit
1390 1414 1518 1443 clericum
1538 1415 1591 1444 cito
1611 1416 1698 1455 poeni-

952 1451 1063 1480 tentiam
1076 1458 1196 1491 agentem
1205 1452 1219 1480 'r’
1231 1452 1285 1482 Sed
1301 1454 1351 1482 etsi
1365 1453 1547 1493 deprehensus
1565 1455 1697 1484 humilia-

952 1490 1022 1519 verit
1046 1501 1085 1527 se,
1101 1501 1153 1519 non
1176 1490 1237 1519 ideo
1250 1491 1324 1521 dolet
1347 1493 1412 1530 quia
1424 1495 1554 1532 peccavit,
1567 1494 1615 1523 sed
1637 1505 1697 1523 con-

952 1528 1077 1558 funditur
1097 1531 1160 1568 quia
1181 1529 1302 1569 perdidit
1322 1531 1436 1570 gloriam
1458 1542 1545 1561 suam.
1569 1534 1694 1570 Putasne,

951 1568 1095 1605 Dominus,
1108 1569 1185 1607 quasi
1196 1570 1325 1606 erudelis,
1337 1570 1442 1599 clericis
1455 1571 1637 1610 poenitentiam
1648 1573 1696 1602 de-

952 1607 1069 1647 negavit,
1079 1607 1221 1637 dicens:Si
1233 1610 1280 1638 sal
1288 1610 1469 1648 infatuatum
1470 1611 1580 1650 fuerit,
1589 1613 1621 1641 in
1638 1623 1696 1652 quo
1707 1625 1791 1648 Marah.
1807 1627 1830 1650 5,

952 1648 1105 1677 condietur
1115 1650 1128 1675 Ρ
1142 1647 1195 1677 Sed
1208 1649 1285 1687 quasi
1300 1649 1449 1678 naturalem
1464 1660 1521 1678 rem
1534 1661 1590 1681 esse
1608 1652 1697 1682 consi·
1709 1656 1745 1680 13.

952 1686 1059 1724 derans,
1073 1687 1137 1725 quia
1152 1697 1205 1717 non
1225 1695 1264 1717 est
1278 1688 1325 1727 qui
1340 1688 1434 1718 doceat
1455 1689 1534 1718 illum
1553 1699 1696 1729 errantem,

953 1725 1000 1764 qui
1014 1733 1132 1756 errantes
1150 1727 1218 1756 alios
1231 1728 1392 1767 corrigebat,
1407 1727 1468 1757 ideo
1481 1728 1597 1766 addidit,
1610 1738 1636 1761 et
1650 1731 1695 1761 di—

953 1766 1010 1795 cit.-
1027 1766 1127 1795 Amen
1143 1767 1207 1796 dico
1223 1769 1316 1803 vobis,
1330 1769 1402 1807 quia
1417 1768 1570 1806 publicani
1589 1778 1616 1799 et
1637 1782 1696 1800 me·-

953 1807 1071 1835 retrices
1082 1807 1251 1845 praecedunt
1263 1817 1319 1836 vos
1331 1809 1363 1836 in
1381 1818 1412 1836 re
1433 1819 1502 1837 num
1515 1810 1583 1839 Dei.
1596 1810 1629 1840 Id
1643 1818 1693 1848 est,

953 1845 1014 1875 Non
1028 1845 1088 1874 dico
1101 1846 1256 1885 populares,
1265 1846 1313 1885 qui
1321 1857 1400 1876 secun
1424 1858 1469 1876 um
1478 1848 1607 1878 rationem
1618 1851 1695 1880 verbi

953 1884 1038 1914 vitam
1056 1895 1132 1914 suam
1148 1885 1190 1915 dis
1212 1893 1304 1915 ensant
1319 1899 1324 1915 ι
1341 1886 1388 1916 sed
1410 1887 1549 1926 publicani
1563 1896 1589 1918 et
1606 1901 1695 1920 mere-

954 1924 1045 1959 trices,
1059 1924 1107 1963 qui
1120 1896 1261 1955 desideriis
1273 1925 1457 1955 mundialibus
1472 1933 1498 1956 et
1511 1927 1574 1957 volu
1598 1929 1697 1959 tatibus

955 1964 1108 1993 carnalibus
1121 1964 1222 2009 seipsos
1234 1965 1466 2005 mancipaverunt,
1481 1939 1635 2006 praecetiiunt
1648 1979 1698 1999 vos

921 2006 940 2030 Ι)
956 2003 984 2032 in
998 2013 1110 2043 regnum
1118 2005 1181 2041 Dei,
1191 2005 1255 2043 quia
1270 2005 1311 2034 illi
1325 2005 1449 2035 conversi
1461 2006 1613 2037 desiderarit
1630 2019 1696 2045 esse,

956 2043 1029 2082 quod
1051 2053 1104 2072 non
1123 2051 1197 2073 erant
1211 2055 1217 2072 τ
1232 2055 1281 2074 vos
1294 2051 1383 2074 autem
1400 2044 1536 2085 denegatis
1562 2046 1590 2075 in
1606 2058 1696 2088 opere,

956 2083 1030 2121 quod
1052 2082 1182 2113 videmini
1220 2084 1321 2113 rofiteri
1342 2085 1371 2114 in
1391 2085 1486 2120 verbo,
1501 2092 1526 2115 et
1549 2086 1612 2116 estis
1630 2094 1698 2116 tam-

957 2133 1039 2161 quam
1052 2123 1161 2152 arbores
1176 2123 1202 2152 so
1215 2123 1239 2152 ia
1258 2124 1315 2153 sine
1332 2124 1421 2153 fructu
1432 2124 1570 2162 habentes,
1584 2136 1636 2155 non
1650 2137 1696 2165 pa·
1707 2144 1797 2163 cuvm

958 2169 1058 2191 scentes
1076 2161 1216 2192 dominum
1238 2163 1384 2200 suum,sed
1405 2163 1570 2194 deludentes.
1588 2166 1623 2195 Et
1635 2165 1698 2194 vide

958 2200 1033 2240 quod
1043 2211 1095 2230 non
1110 2201 1192 2240 dixit,
1205 2209 1252 2231 aut
1266 2204 1329 2241 quia
1348 2203 1488 2233 Publicani
1502 2211 1528 2233 et
1549 2204 1698 2233 meretrices

959 2241 1109 2270 introibunt
1122 2243 1149 2270 in
1161 2252 1273 2281 regnum
1287 2243 1349 2279 Dei,
1365 2253 1413 2272 vos
1432 2250 1519 2272 autem
1533 2243 1699 2283 repellemini

959 2280 1038 2320 longe
1054 2292 1061 2308 t
1074 2288 1120 2310 aut
1130 2292 1299 2320 quocumque
1308 2282 1362 2311 alio
1372 2282 1455 2311 verbo
1469 2282 1634 2320 significante
1646 2292 1699 2311 non

959 2330 1004 2349 eos
1018 2320 1162 2350 intraturos
1177 2321 1204 2350 in
1212 2331 1323 2360 regnum
1335 2320 1383 2350 Dei
1396 2333 1402 2349 :
1415 2320 1462 2349 sed
1472 2321 1701 2357 ita,Praecedunt

959 2370 1013 2388 vos
1023 2361 1054 2388 in
1061 2370 1158 2400 regne.
1175 2360 1231 2390 Ubi
1241 2361 1310 2388 alius
1324 2359 1448 2399 praecedit
1459 2360 1486 2387 ln
1500 2360 1596 2389 caelesti
1606 2370 1699 2399 regno,

961 2399 1027 2428 alter
1041 2400 1172 2438 sequitur,
1184 2399 1231 2437 qui
1242 2399 1321 2428 etiam
1334 2399 1438 2427 laetatur
1453 2410 1459 2426 :
1473 2398 1521 2427 etsi
1542 2398 1569 2427 in
1582 2399 1699 2430 secundo

960 2438 1030 2476 loco,
1042 2445 1129 2468 tamen
1142 2438 1319 2467 nihilominus
1333 2437 1382 2466 erit
1396 2437 1423 2465 in
1437 2447 1530 2476 regno.
1547 2438 1643 2467 Adhuc
1653 2450 1698 2468 au·

959 2485 1011 2507 tem
1029 2477 1103 2516 vide,
1119 2478 1182 2517 quia
1196 2487 1248 2507 non
1262 2477 1332 2506 dixit
1344 2476 1421 2515 quasi
1434 2476 1468 2505 dc
1481 2477 1583 2515 futuro,
1598 2479 1699 2508 Praece-

201 2580 211 2590 ἢ·
230 2571 259 2596 V,
272 2572 302 2596 D.
318 2571 351 2594 In
368 2571 449 2603 prima
468 2567 650 2602 quidemfiteic
668 2569 757 2601 incipit
771 2569 852 2593 vitam
871 2568 1007 2594 carnalem.
