1904 2840
700 163 733 186 IN
760 163 818 185 JOB

84 227 137 267 γὰρ
155 226 198 256 τὸν
214 224 262 265 μὲν
273 222 335 255 Ἰὼὸ
348 224 393 254 ἐπὶ
412 223 522 263 κοπρίας
538 223 686 262 καθήμενον
702 223 740 262 μὴ
759 223 857 263 ναρκῆ-

86 278 131 295 σαι
142 266 207 306 πρὸς
216 265 265 300 τὴν
276 263 420 299 εὔσέόειαν,
433 265 504 302 ἡμᾶς
515 263 543 293 δὲ
555 264 583 292 ἐν
594 263 724 302 ἐκκλησίᾳ
734 262 856 303 χορεύον-

84 317 145 342 τας,
158 307 242 334 ὀκνεῖν
256 303 322 344 πρὸς
341 303 389 339 τὴν
407 303 545 338 ἀλήθειαν·
557 303 603 332 καὶ
621 302 665 332 τὸν
686 302 733 341 μὲν
755 302 858 343 μυρίοις

84 346 207 383 ὀδυρμοῖς
226 342 435 383 πτριηχούμενον
455 344 504 378 τῆς
529 344 623 371 ἑαυτοῦ
652 347 804 382 συμφορᾶς,
819 341 856 381 μὴ

83 385 298 418 κατακλασθῆναι
315 383 365 418 τὴν
379 381 478 451 ragav-
491 384 563 421 ἡμᾶς
577 382 604 411 δὲ
618 381 709 421 ὕμνοις
719 382 765 411 καὶ
777 380 858 422 ᾠδαῖς

83 422 377 502 ᾒινῖῗὲαῗθῖῐιίΐὲ-ὶῗ
390 462 547 502 προθυμίαν.
563 461 626 491 Ἰὼὸ
642 462 693 491 ὑπὸ
711 461 857 497 σκωλήκων

84 502 258 541 διεσθιόμενος
270 502 300 531 τὸ
311 502 398 540 σῶμα,
411 501 527 542 ἄτρωτον
540 500 697 541 διεφύλαττε
707 500 756 536 τὴν
769 500 857 541 ψυχὴν

83 543 149 583 πρὸς
166 542 314 571 εὖσέὸειαν·
328 543 427 571 ἐκεῖνον
448 541 585 577 σκώληκες
597 543 646 571 οὐκ
666 540 799 578 ἐνίκησαν,
811 541 857 571 καὶ

83 585 156 621 ἡμᾶς
175 583 283 621 ἱδρῶτες
297 581 540 618 καταπαλαίσουσι;
554 580 696 620 Γενώμεθα
718 581 763 610 καὶ
780 583 858 619 ἡμεῖς

84 622 233 661 ἄνθρωποι,
243 621 375 661 ἄνθρωποι
391 621 461 650 κατὰ
478 621 523 650 τὸν
543 621 603 660 ὅρον
615 621 660 650 τὸν
677 621 857 660 προαποδεδο-

85 661 171 700 μένον.
180 661 235 690 Τὸν
249 660 302 700 γὰρ
315 661 451 700 ἄνθρωπον
462 671 584 700 χαρακτη
603 660 651 694 ίζει
663 660 694 690 τὸ
707 659 857 699 ἄμεμπτον,

84 701 115 730 τὸ
129 701 239 737 δίκαιον,
250 700 282 729 τὸ
299 700 431 737 ἀληθινὸν,
444 701 476 730 τὸ
489 700 580 730 θεοσεὸ
595 712 615 734 ς.
634 699 689 730 Καὶ
708 701 799 740 ὥσπερ
812 700 857 730 ἐπὶ

84 743 132 776 τῆς
151 742 240 776 κοινῆς
258 740 396 775 συνηθείας
414 740 520 769 ἐπειδάν
533 751 573 774 τις
586 739 631 769 τὸν
644 741 738 768 ἑαυτοῦ
751 739 856 777 οἰκέτην

85 780 102 815 ἢ
115 781 160 810 τὸν
174 779 229 809 υἱὸν
243 779 287 809 ἐπὶ
306 779 400 819 πρᾶξίν
413 789 473 809 τινα
489 779 656 817 ἀποστέλλῃ,
675 780 856 819 παρακελεύε-

84 832 142 858 ται,
162 820 260 859 λέγων·
279 821 315 852 ὡς
333 819 468 859 ἄνθρωπος
481 819 546 859 ἅψαι
566 820 644 854 τ’ῆςδε
657 821 707 855 τῆς
723 819 857 859 πράξεως,

84 860 173 890 καὶτὸ
191 859 275 889 κοινὸν
288 859 372 898 ὄνομα
391 859 454 889 ἴδιον
469 863 583 888 ποιεῖται
603 861 702 898 θαῦμα·
717 859 786 889 οὕτω
807 859 856 889 κᾶν

83 900 181 933 πάντες
206 899 335 938 λέγωνται
358 898 505 938 ἄνθρωποι,
531 899 609 938 μόνος
632 900 732 932 ἐκεῖνος
756 900 857 936 ἀληθὴς

83 940 130 969 ἄνθ
161 950 234 975 moe,
247 940 262 968 ὁ
279 938 328 974 τὴν
347 938 435 968 εἰκόνα
456 938 555 974 σώζων,
569 938 616 968 καὶ
632 937 663 967 τὸ
683 939 857 978 πρωτότυπον

83 991 100 1008 κ
152 990 179 1012 ος
193 978 230 1017 μὴ
245 977 385 1017 ἀφανίζων.
396 974 478 1008 Εἶπεν
492 978 570 1008 αὐτὸν
582 978 732 1017 ἄνθρωπον,
747 979 856 1020 ἵνα-ἀπὸ

28 1032 31 1034 ·
83 1022 131 1055 τῆς
150 1020 238 1053 κοινῆς
259 1017 360 1058 φύσεως
380 1017 430 1054 τὴν
454 1017 576 1058 πρόθεσιν
598 1017 748 1053 ἐπαινέσῃς.
771 1019 856 1048 Εἶπεν

84 1058 162 1088 αὐτὸν
173 1057 226 1087 ἀπὸ
235 1059 283 1106 τῆΙς
299 1057 388 1098 χώρας
398 1059 445 1093 τῆς
462 1057 609 1093 Αὖσίτιδος,
621 1056 664 1086 ἵνα
674 1049 728 1086 ἀπὸ
741 1060 788 1094 τῆς
798 1058 855 1098 χώ-
871 1069 890 1092 (2

85 1109 131 1138 ρας
143 1099 191 1133 τῆς
208 1108 334 1136 κομωσης
350 1097 399 1133 τὴν
414 1097 537 1127 acies-av
546 1118 554 1132 ,
565 1097 611 1126 τὸν
625 1096 726 1136 καρπὸν
738 1098 856 1137 ἀνυμνή-

83 1149 141 1177 σῃς.
166 1132 248 1188 ΕἶπΙεν
269 1136 407 1206 αιίτοῦΕἶτὰ
430 1136 570 1188 κι-’ήματαέ
595 1136 797 1206 ἵναλοὲζὲμάὲῃς
813 1137 856 1207 g&

82 1179 314 1256 ἷὴλῖοΐῖἆηωῖίὶἷ.
327 1188 630 1255 ἐπατιῗέσῖζῒοέλλτφῖιζ
653 1189 854 1256 γεγυμνωῖεένον

84 1256 162 1286 αὐτὸν
175 1255 322 1294 θαυμάσῃς.
343 1256 455 1285 Πάντων
465 1255 501 1295 γὰ
536 1255 653 1291 ἀπεδόθη
662 1277 670 1291 ,
683 1256 730 1285 καὶ
744 1256 793 1292 τὴν
810 1259 856 1286 εὖ·

83 1296 188 1325 σέὸειαν
205 1297 254 1325 σῦκ
268 1295 412 1330 ἀπεδύετο,
425 1297 482 1325 ἀλλ’
497 1267 530 1331 ἓν
543 1294 637 1335 ὥσπερ
655 1306 695 1328 τις
712 1296 789 1329 πόλις
801 1308 855 1326 πο-

82 1334 255 1375 λιορκουμένη
264 1357 272 1371 ,
285 1335 392 1364 πάντων
413 1335 460 1373 μὲν
474 1337 527 1364 τῶν
541 1334 635 1369 ἔξωθεν
647 1336 854 1385 γεγυμνωμένη,

83 1375 154 1415 μόνῳ
168 1375 197 1404 δὲ
208 1377 247 1414 τῷ
258 1374 342 1414 τείχει
353 1374 535 1415 φυλαττομένη
547 1385 554 1392 ·
575 1374 734 1415 Ἐγυμνώθη
746 1387 854 1413 τεκνων,

82 1414 127 1444 καὶ
144 1414 205 1447 τοὺς
222 1416 400 1466 καρποὺςιτῆς
419 1414 552 1465 εἰσιὸείας
565 1416 613 1444 οὐκ
627 1414 774 1445 ἀπώλεσεν.
788 1411 854 1465 Ιᾷχε

81 1454 133 1494 ⁷³¹⁹
143 1454 290 1527 2³²⁹?ss
300 1466 328 1503 '-‘
359 1466 475 1523 αοῖῶτηοῖ
483 1450 855 1524 ‘ss{⁶‡‘“{;‡}1'02⁰12“22{

81 1494 151 1573 ἶὲῖἷς
162 1505 342 1573 {iiiiii-&pezzi
353 1523 423 1563 κιιιτόιΙ
434 1505 647 1572 πνεγῦμαῗκςαθώς
660 1506 764 1573 φησινρὸ
777 1517 856 1563 ᾗαῢ-

81 1574 126 1606 λος
134 1585 142 1591 ·
153 1573 236 1602 Μίνει
250 1573 278 1601 δὲ
291 1572 326 1602 τὰ
337 1572 399 1612 τρία
409 1575 494 1602 ταῦτα
501 1595 510 1607 ,
525 1573 613 1606 πίστις
621 1594 635 1610 ,Ἰ
646 1573 734 1610 ἐλπὶς,
746 1573 837 1612 ἀγάπη
847 1586 854 1592 ·

83 1612 180 1651 μείζων
190 1612 219 1641 δὲ
231 1611 330 1641 τούτων
345 1615 362 1647 ἠ
375 1611 477 1651 ἀγάπη.
490 1611 648 1651 Ἐγυμνώθη
660 1612 776 1648 πάντων,
791 1615 802 1628 ⁸
810 1613 855 1642 καὶ

82 1652 127 1681 τὸν
141 1651 299 1690 δημιουργὸν
314 1653 363 1687 τῆς
380 1650 482 1691 φύσεως
499 1652 547 1680 οὐκ
567 1651 714 1691 ἠρνήσατο·
726 1651 784 1691 ᾔδει
803 1652 855 1692 γὰρ

82 1692 124 1721 ὅτι
134 1690 213 1720 τέκνα
224 1690 380 1729 παραμυθία
390 1691 523 1742 διαδοχκῆς,
534 1692 548 1720 ὁ
560 1691 588 1721 δὲ
599 1691 668 1724 Θεὸς
681 1691 796 1731 γεωργὸς
808 1694 856 1728 τῆς

100 1731 164 1766 ίζης.
178 1731 237 1760 Οὔκ
255 1730 436 1770 ἐδυσχέραινε,
448 1742 508 1763 τους
524 1730 641 1770 καρποὺς
653 1732 721 1770 ὁρῶν
734 1731 855 1761 ἀποὸαλ-
870 1754 890 1777 D

99 1771 216 1809 ομένους·
229 1770 286 1809 ᾔδει
303 1770 355 1809 γὰρ
366 1769 407 1799 ὅτι
421 1769 493 1808 μένει
507 1771 544 1803 εἷς
555 1769 600 1799 τὸν
621 1771 703 1799 αἰῶνα
714 1773 728 1800 ὁ
739 1771 854 1811 γεωργὸς

82 1812 130 1846 τῆς
152 1809 232 1849 ῥίζης.
252 1809 409 1848 Ἐγυμνώθη
430 1812 482 1839 τῶν
502 1809 652 1849 προὸάτων,
668 1810 713 1839 καὶ
727 1810 804 1844 αὐτὸς
821 1807 854 1847 ἦν

81 1849 215 1890 πρόὸατον
239 1849 292 1878 ὑπὸ
314 1851 385 1879 Θεοῦ
406 1849 616 1889 φυλαττόμενον·
639 1849 778 1889 ἐγυμνώθη
801 1853 854 1881 τῶν

82 1891 160 1928 βοῶν,
176 1889 221 1918 καὶ
234 1888 268 1917 τὰ
283 1888 330 1927 μὲν
346 1888 424 1928 ζεύγη
445 1890 498 1918 τῶν
519 1891 587 1928 βοῶν
601 1894 762 1929 περιῃρεῖτο,
777 1890 809 1919 τὸ
824 1891 852 1921 δὲ

81 1930 170 1968 ζεῦγος
188 1931 236 1963 τῆς
253 1930 341 1968 ψυχῆς
361 1929 407 1958 καὶ
428 1931 472 1958 τοῦ
495 1929 618 1967 σώματος
639 1931 668 1959 οὐ
689 1929 852 1968 διετέμνετο,

82 1969 140 1997 ἀλλ’
151 1971 218 2007 ὁμοῦ
232 1967 431 2008 συμφωνήσασα
445 1971 462 2004 ἡ
477 1968 541 2008 σὰρξ
555 1969 600 1998 καὶ
613 1972 630 2005 ἡ
647 1969 719 2009 ψυχὴ
732 1970 798 2009 πρὸς
808 1972 854 2000 εὐ-

81 2007 186 2038 σέὸιιαν
199 2004 270 2037 εἷλκε
291 2008 322 2037 τὸ
342 2008 461 2060 ἄροτρον.
482 2009 508 2037 Τ
510 2008 589 2048 ρόπον
606 2009 634 2038 δὲ
653 2011 703 2044 τῆς
721 2010 854 2048 ὑπομονῆς

80 2047 186 2088 ἐδέχετο
196 2047 257 2081 τοὺς
277 2059 393 2087 καρπους
406 2051 454 2084 τῆς
465 2049 571 2087 ἀρετῆς,
588 2048 630 2078 ἵνα
643 2048 776 2088 πλεονάσῃ
793 2048 854 2083 τοὺς

81 2087 196 2127 καρποὺς
206 2090 255 2122 τῆς
265 2082 501 2125 ὑπομονῆς.γΗσαν
511 2083 555 2117 οὖν
570 2089 642 2128 αὐτῷ
652 2089 769 2127 κάμηλοι
781 2101 852 2129 τρισ-

80 2127 180 2165 χίλιαι,
191 2127 246 2156 ὄνοι
270 2126 380 2165 νομάδες
401 2128 584 2157 πεντακόσιαι.
598 2127 671 2167 Ἐγὼ
685 2128 797 2167 νομίζω,
811 2129 852 2158 ὅτι

81 2160 164 2205 μικρὰ
178 2165 312 2201 ἐκέκτητο,
319 2166 386 2206 ἅπερ
399 2166 536 2202 ἐκέκτητο.
549 2168 583 2197 Εἰ
595 2167 646 2207 γὰρ
658 2168 761 2207 ἑκάστῳ
775 2179 846 2197 πτω-

80 2207 122 2244 χῷ
142 2205 279 2245 ἐχορήγει,
293 2205 380 2238 καθὼς
398 2206 476 2238 αὐτὸς
498 2206 584 2245 λέγει,
604 2207 756 2247 Ὀφθαλμὸς
777 2208 849 2246 ἤμην

80 2240 194 2284 τυφλῶν,
207 2247 272 2277 ποῦς
284 2244 311 2273 δὲ
320 2245 424 2284 χωλῶν,
450 2245 533 2285 μικρὰ
544 2246 575 2274 ἂν
589 2242 621 2282 ἦν
629 2249 646 2282 ἡ
658 2246 767 2286 ὕπαρξις
780 2248 844 2286 πρὸς

79 2284 128 2319 τὴν
149 2285 270 2323 πρόθεσιν
282 2296 289 2302 ·
310 2283 407 2312 πλείων
427 2280 459 2319 ἧν
473 2287 490 2319 ἡ
508 2296 514 2301 ·
529 2285 624 2324 ορηγία
642 2288 689 2321 τῆς
700 2286 846 2325 φιλοξενίας

78 2323 152 2363 παρὰ
169 2323 218 2360 τὴν
234 2323 384 2363 περιουσίαν
402 2325 450 2358 τ’ἤς
469 2296 580 2354 εἰσόδου.
596 2325 708 2364 Πτωχὸς
724 2322 757 2361 ἦν
774 2326 847 2361 ’lasa

79 2365 127 2392 οὐκ
144 2364 265 2403 ἐπαρκῶν
279 2365 312 2402 τῇ
327 2363 473 2403 προθυμίᾳ·
488 2363 533 2393 καὶ
546 2363 669 2397 πλούσιος
684 2365 731 2403 μὲν
743 2366 846 2405 ὑπῆρχε
863 2387 883 2410 B

79 2404 113 2441 τῇ
126 2403 233 2439 κτήσει,
247 2403 353 2442 πτωχὸς
366 2402 393 2432 δὲ
407 2404 471 2442 πρὸς
492 2402 540 2438 τὴν
562 2403 671 2442 δύναμιν
684 2405 732 2439 τῆς
748 2415 845 2444 προαι-

82 2442 185 2480 ρέσεως.
196 2437 251 2471 ’Ἦν
265 2441 292 2471 δὲ
306 2444 387 2482 αὐτῷ,
400 2442 477 2481 φησὶ,
489 2442 534 2471 καὶ
545 2442 610 2482 ἔργα
624 2455 656 2481 με
675 2443 727 2473 άλα
740 2444 784 2473 ἐπὶ
797 2447 844 2480 τῆς

79 2483 136 2519 γῆς.
162 2481 234 2510 Ποῖα
258 2481 286 2510 δὲ
307 2484 404 2518 ruia-:⁵13
429 2482 607 2521 Φιλοπτωχία
629 2494 664 2512 κα
698 2481 844 2523 φιλοξενία,

122 2579 130 2589 ³·
150 2570 218 2597 Unus
229 2575 264 2598 zzz
278 2575 315 2598 τὸν
327 2575 423 2607 γεωργὸν
437 2578 475 2602 τῆς
486 2574 575 2606 φύσεως.

845 162 955 186 SERMO
983 163 1031 186 111.

390 434 430 455 αις
442 423 561 462 Γραφαῖς
575 421 779 462 περιᾳδομένους
791 433 858 462 προ-,
873 438 891 461 B

1585 153 1649 200 691

909 229 977 252 esset
988 223 1089 254 Jobum
1103 224 1130 253 in
1146 224 1316 263 sterquilinio
1330 224 1464 254 sedentem
1477 234 1531 254 non
1550 235 1658 264 segnem

908 273 966 292 esse
976 262 1012 292 ad
1021 263 1128 302 pietatis
1139 264 1310 300 exercitium,
1321 274 1422 303 nosque
1435 264 1464 293 in
1473 265 1584 294 ecclesia
1598 265 1659 295 eho-

909 312 954 331 ros
967 306 1086 341 agentes,
1102 313 1196 344 segnes
1210 314 1267 333 esse
1278 304 1313 333 ad
1323 305 1463 334 veritatem
1475 304 1636 334 audiendam
1649 317 1656 333 :

908 341 1042 381 illumque
1061 342 1137 373 mille
1155 343 1314 373 calamitatis
1334 354 1389 373 suae
1404 343 1527 373 lamentis
1541 344 1659 374 circum-

908 388 1015 421 septum
1023 392 1075 412 non
1085 382 1171 423 frangi
1180 383 1269 412 animo
1278 394 1287 421 ;
1298 393 1346 413 nos
1356 393 1431 418 vero,
1439 383 1560 423 hymniS,
1570 384 1657 413 canti-

910 421 949 450 cis
966 421 1164 460 spiritualibus,
1178 422 1333 462 divinisque
1349 422 1496 463 Scripturis
1512 424 1658 453 circumso-

910 461 1163 501 nantibus‚ignaviae
1170 462 1332 492 alacritatem
1359 462 1462 492 rodere.
1469 462 1595 493 Johdum
1600 474 1659 493 cor-

910 511 962 540 pus
974 511 990 530 a
998 502 1137 531 vermibus
1149 501 1313 539 corroditur,
1325 502 1332 530 i
1357 512 1436 531 aesam
1447 502 1517 532 circa
1533 502 1658 543 pietatem

910 547 999 570 servat
1009 541 1137 571 animam.
1148 542 1231 571 Illum
1239 551 1344 571 vermes
1354 552 1408 571 non
1414 541 1546 578 vicerunt,
1555 553 1657 582 nosque

910 579 1022 609 sudores
1030 581 1218 620 prosternent?
1225 581 1316 611 Simus
1328 588 1353 610 et
1361 592 1409 611 nos
1417 581 1539 611 homines
1547 593 1555 617 ;
1568 582 1659 612 homi-

910 629 957 649 nes
977 630 1072 660 nempe
1085 620 1233 650 secundum
1247 620 1340 650 datam
1360 621 1508 661 pauloante
1523 621 1658 651 definitio-

910 669 981 689 nem.
991 659 1132 689 Hominem
1144 662 1246 701 quippe
1258 659 1392 700 designat,
1407 660 1480 699 quod
1493 660 1528 690 sit
1541 661 1656 701 irrepre-

911 698 1063 736 hensibilis,
1078 699 1153 739 quod
1165 701 1268 741 justuS,
1282 699 1356 739 quod
1368 710 1463 737 verax,
1482 700 1556 739 quod
1570 702 1658 731 Deum

910 739 1008 768 colens.
1021 741 1057 768 At
1068 739 1298 778 quemadmodum
1306 750 1357 769 usu
1365 740 1496 779 frequenti
1509 740 1531 769 si
1543 741 1605 779 quis
1611 748 1659 771 aut

908 778 1040 808 famulum
1050 780 1101 808 'aut
1112 780 1201 809 filium
1210 779 1244 809 ad
1253 778 1324 818 quod
1347 780 1401 809 iam
1411 790 1481 820 opus
1489 780 1603 816 miserit,
1611 781 1658 821 ju-

908 818 953 847 bet
963 818 1005 847 his
1012 819 1101 848 verbis
1112 832 1118 848 :
1129 821 1168 850 Ut
1176 819 1313 849 hominem
1343 826 1409 856 ecet,
1422 820 1474 848 hoc
1484 829 1553 859 opus
1563 830 1660 860 aggre-

909 857 984 894 dere,
999 869 1193 898 communeque
1215 861 1311 888 nomen
1326 866 1356 888 ut
1369 859 1495 888 mirabile
1509 859 1658 899 quodpiam

909 898 1011 937 profert
1033 910 1040 927 ε
1061 898 1100 927 sic
1124 899 1229 928 etiamsi
1253 908 1345 928 omnes
1365 898 1487 928 homines
1513 898 1637 928 dicantur
1647 922 1655 936 ‚

910 938 984 967 solus
996 937 1044 967 ille
1054 948 1118 968 vere
1131 939 1223 975 homo,
1233 937 1281 977 qui
1296 938 1439 978 imaginem
1450 945 1549 975 servat,
1563 945 1589 970 et
1619 939 1657 968 ri-

911 977 1055 1016 migeniam
1075 978 1308 1018 pulchritudinem
1323 988 1375 1006 non
1389 978 1471 1007 delet.
1494 979 1567 1008 Eum
1609 978 1658 1008 'xit

909 1015 1056 1054 hominem,
1072 1024 1102 1046 ut
1115 1028 1130 1046 a
1149 1017 1286 1047 communi
1305 1024 1400 1046 natura
1415 1017 1582 1058 propositum
1596 1018 1656 1047 lau-

910 1055 968 1085 des.
978 1056 1057 1086 Dixit
1070 1067 1132 1086 eum
1143 1067 1178 1086 ex
1190 1057 1298 1097 regione
1308 1057 1432 1087 Ausitide
1445 1067 1512 1094 esse,
1528 1064 1559 1087 ut
1570 1069 1604 1087 ex
1616 1068 1658 1087 re-

909 1095 988 1165 {ione
1000 1096 1134 1136 impietate
1149 1098 1255 1134 referta,
1268 1096 1350 1126 talem
1361 1097 1479 1126 fructum
1493 1097 1655 1128 celebrares.

931 1136 978 1175 jus
998 1136 1176 1175 possessiones
1200 1136 1348 1173 enarravit,
1364 1143 1394 1166 ut
1415 1136 1522 1166 mireris
1545 1137 1656 1168 virtutis

908 1175 1103 1205 excellentiam.
1125 1176 1244 1206 Divitias
1265 1176 1406 1215 exposuit,
1425 1186 1478 1206 non
1495 1183 1527 1206 ut
1542 1177 1656 1217 opulen-

908 1215 974 1244 tiam
985 1215 1120 1251 laudares,
1135 1214 1183 1245 sed
1194 1223 1223 1245 ut
1234 1226 1296 1245 eum
1305 1215 1472 1245 denudatum
1484 1216 1658 1256 obstupesce-

906 1265 958 1284 reS.
971 1255 1106 1284 Omnibus
1119 1255 1191 1284 enim
1209 1255 1326 1284 nudatus
1339 1261 1379 1285 est
1388 1277 1397 1292 ,
1413 1262 1440 1285 et
1453 1255 1582 1296 pietatem
1603 1266 1657 1286 non

907 1294 1021 1334 abjecit,
1046 1294 1095 1324 sed
1120 1301 1177 1324 erat
1200 1295 1278 1334 ‘suasi
1304 1295 1371 1324 urbs
1390 1295 1513 1332 obsessa,
1540 1297 1658 1326 externis

907 1334 1033 1363 omnibus
1045 1334 1125 1364 rebus
1138 1335 1255 1374 privata,
1269 1334 1380 1373 soloque
1393 1345 1473 1365 muro
1486 1334 1584 1365 cincta.
1599 1337 1656 1366 Nu-

906 1373 987 1403 datus
996 1373 1101 1412 liberis,
1114 1375 1222 1414 pietatis
1233 1374 1337 1404 fructus
1353 1384 1405 1404 non
1415 1375 1514 1405 amisit.
1529 1375 1581 1405 Pro
1593 1376 1657 1405 filiis

906 1413 979 1442 enim
1000 1413 1096 1443 habuit
1116 1414 1176 1454 pios
1195 1424 1305 1444 mores:
1323 1410 1398 1444 filias'
1416 1415 1511 1444 habuit
1525 1414 1651 1445 virtutes.

906 1453 974 1482 Tres
993 1452 1045 1494 ipsi
1072 1453 1136 1483 filiae
1153 1461 1229 1483 erant
1255 1454 1403 1483 secundum
1417 1464 1534 1489 carnem,
1549 1461 1657 1494 tresque

909 1492 1023 1521 virtutes
1043 1492 1193 1522 secundum
1206 1493 1345 1533 spiritum,
1360 1499 1392 1522 ut
1407 1493 1445 1522 ait
1454 1494 1573 1523 Paulus:
1587 1496 1655 1523 Ma·
1669 1511 1688 1527 ι,
1703 1505 1758 1528 cor,
1770 1506 1805 1528 13.

907 1538 977 1560 nent
988 1538 1087 1561 autem
1097 1534 1155 1561 tria
1163 1533 1234 1569 haec,
1236 1533 1326 1572 fides,
1337 1542 1411 1571 spes,
1422 1535 1530 1562 caritas
1538 1545 1547 1561 .-
1561 1535 1657 1573 major·
1668 1536 1705 1560 13.

906 1577 1006 1599 autem
1019 1571 1122 1600 horum
1134 1578 1177 1600 est
1192 1573 1310 1601 caritas.
1323 1571 1447 1601 Nudatus
1460 1579 1499 1602 est
1511 1572 1637 1602 omnibus
1645 1596 1653 1610 ‚

905 1616 933 1639 et
954 1616 1055 1639 naturae
1074 1611 1226 1640 Creatorem
1241 1621 1293 1640 non
1316 1612 1424 1650 negavit
1440 1624 1446 1640 :
1462 1612 1562 1641 sciebat
1582 1613 1654 1642 enim

906 1649 1005 1679 liberos
1019 1649 1144 1679 solatium
1156 1660 1212 1680 esse
1232 1650 1418 1688 successionis,
1431 1652 1520 1680 Deum
1533 1662 1597 1681 vero
1610 1663 1655 1681 ra-

906 1688 974 1718 dicis
997 1698 1055 1718 esse
1071 1689 1228 1728 agricolam.
1251 1691 1312 1720 Non
1337 1700 1407 1729 aegre
1428 1691 1529 1720 serebat
1550 1691 1655 1721 fructus

907 1727 1003 1758 videns
1020 1728 1137 1768 dejectos
1153 1742 1159 1758 :
1175 1729 1275 1759 sciebat
1293 1730 1365 1759 enim
1387 1729 1486 1760 radicis
1497 1731 1653 1770 Agricolam

907 1767 935 1796 in
955 1775 1083 1798 aeternum
1104 1778 1220 1798 manere.
1237 1769 1362 1799 Nudatus
1373 1777 1413 1799 est
1426 1770 1540 1806 ovibus,
1556 1777 1583 1800 et
1595 1771 1653 1811 ipse

906 1807 966 1837 ovis
989 1814 1045 1837 erat
1065 1808 1118 1837 sub
1141 1809 1192 1838 Dei
1212 1809 1312 1843 tutela;
1327 1808 1443 1839 nudatus
1463 1816 1503 1839 est
1515 1810 1614 1848 bobus,
1627 1818 1654 1840 et

903 1848 970 1887 juga
987 1847 1070 1876 boum
1083 1847 1282 1886 auferebantur,
1294 1850 1394 1889 jugum
1417 1856 1505 1879 autem
1519 1851 1615 1880 animae
1627 1857 1653 1880 et

906 1886 1027 1927 corporis
1039 1897 1092 1916 non
1107 1887 1320 1926 discindebatur‚
1334 1888 1382 1918 sed
1401 1899 1464 1919 caro
1482 1900 1544 1919 cum
1563 1891 1652 1920 anima

906 1926 1072 1956 consentiens
1085 1934 1203 1956 aratrum
1214 1928 1336 1958 trahebat
1347 1928 1382 1957 ad
1415 1929 1530 1959 ietatem.
1549 1930 1653 1960 Patien—

905 1966 949 1995 tiae
962 1973 1051 1996 autem
1071 1976 1158 1996 mores
1175 1967 1322 2008 accipiebat
1344 1975 1375 1997 ut
1403 1975 1509 1998 ructum
1527 1970 1649 2007 virtutis,

907 2012 936 2034 nt
945 2006 1048 2035 fructus
1056 2006 1189 2046 patientiae
1199 2007 1277 2046 longe
1288 2009 1401 2048 majores
1412 2009 1553 2048 proferret.
1566 2009 1651 2039 Erant

906 2045 991 2084 igitur
1005 2045 1045 2074 illi
1061 2046 1223 2076 camelorum
1240 2047 1289 2076 tria
1305 2048 1404 2083 millia,
1420 2048 1502 2077 asinae
1510 2049 1650 2089 pascuales

905 2085 1067 2124 quingentae.
1081 2085 1140 2125 Ego
1154 2093 1242 2116 autem
1255 2087 1380 2117 existimo
1391 2099 1463 2124 eum,
1474 2099 1650 2127 quaecumque

905 2124 1063 2163 possederit,
1078 2135 1163 2164 pauca
1176 2132 1265 2155 tamen
1279 2126 1438 2166 possedisse.
1458 2129 1488 2158 Si
1504 2129 1577 2157 enim
1591 2129 1648 2157 sin-

904 2164 976 2200 gulis
990 2165 1153 2204 pauperibus
1165 2165 1262 2204 dabat,
1277 2166 1505 2205 quemadmodum
1519 2168 1576 2208 ipse
1588 2168 1625 2197 ait
1639 2190 1647 2205 ,

906 2203 1015 2232 Oculus
1029 2214 1109 2233 eram
1118 2214 1269 2242 caecvrum,
1281 2217 1331 2245 pes
1339 2206 1523 2244 claudorum,
1536 2207 1648 2236 modicae
1658 2215 1792 2243 Joh.29.15.

903 2242 1040 2272 salcutatcs
1062 2251 1136 2273 erant
1157 2244 1192 2273 ad
1213 2251 1317 2275 tantum
1339 2247 1507 2285 propositum
1531 2257 1537 2273 :
1562 2246 1649 2285 major

902 2289 958 2311 erat
967 2281 1156 2322 hospitalitatis
1167 2291 1368 2323 sumtus,quam
1378 2292 1557 2324 proventuum
1569 2286 1647 2314 uber-

903 2327 952 2350 tas.
968 2323 1074 2363 Pauper
1093 2330 1148 2353 erat
1161 2324 1226 2360 Joh,
1242 2334 1327 2363 neque
1341 2331 1419 2353 tantae
1433 2325 1562 2353 alacritati
1574 2324 1646 2352 suffi-

902 2370 960 2390 cere
979 2369 1080 2402 poterat
1094 2374 1102 2392 ι
1115 2363 1244 2402 divesque
1267 2370 1324 2392 erat
1346 2363 1510 2408 possessione
1520 2386 1527 2399 ,
1543 2373 1646 2403 pauper

903 2407 990 2429 autem
1004 2409 1134 2441 quantum
1153 2402 1187 2432 ad
1201 2413 1257 2433 vim
1272 2409 1414 2442 proposui.
1434 2403 1529 2431 Erant
1540 2408 1638 2430 autem
1654 2410 1707 2433 διώ.
1724 2419 1742 2434 ι,
1755 2413 1778 2435 3·

900 2443 939 2476 ei,
950 2440 1048 2480 inquit,
1061 2449 1089 2471 et
1103 2452 1191 2482 opera
1204 2452 1313 2481 magna
1334 2452 1419 2481 super
1430 2448 1546 2470 terram.
1562 2443 1644 2478 Quae-

900 2494 961 2514 nam
978 2485 1034 2515 haec
1044 2486 1058 2515 ἰ’
1073 2489 1156 2516 Amor
1169 2496 1327 2525 pauperum,
1344 2484 1522 2523 hospitalitas,
1536 2495 1642 2514 summa
