1890 2826
690 187 724 209 IN
752 186 880 217 sttAM,
910 186 983 209 CAP.
1013 187 1035 210 l.

83 250 182 289 ἐχθρῶν
213 260 272 288 μου.
300 249 413 278 Κολάσω
434 249 492 282 τοὺς
518 248 625 288 ἐχθρούς
652 259 716 286 μου,
742 247 849 287 ἐχθροὺς

82 295 161 322 αὐτοῦ
174 293 258 334 λέγων
271 294 330 328 τοὺς
344 297 397 324 τῶν
416 294 536 331 πενήτων
558 293 666 335 ἐχθροὺς
681 293 724 323 διὰ
740 293 771 322 τὸ
783 294 848 329 ε’τιη-

82 339 182 378 ρεοίζειν
193 341 282 375 ὄντας·
296 344 373 370 τοῦτο
387 341 414 371 δὲ
425 341 523 381 ἔλεγεν,
537 340 580 370 ἵνα
592 340 676 381 μάθῃς
690 342 738 375 τῆς
747 339 849 372 ἀδικίας

1603 190 1644 225 ¹9

904 248 1047 287 potentiam
1058 248 1092 278 ad
1104 249 1206 278 malum
1219 248 1369 279 adhibitam
1379 249 1573 279 criminaretur.
1582 251 1646 279 For-

903 292 1045 323 titudinem
1053 305 1116 324 vero
1126 294 1171 324 hic
1185 305 1237 324 non
1250 295 1370 335 corporis
1380 295 1457 332 dicit,
1467 295 1514 325 sed
1525 306 1583 325 eam
1597 306 1645 336 po-

904 339 1012 369 tentiam
1026 350 1085 379 quae
1096 351 1130 370 ex
1144 341 1224 370 rebus
1233 341 1469 371 circumstantibus
1479 341 1593 381 paritur.
1602 343 1644 372 Et

80 385 110 414 τὸ
123 385 239 425 μέγεθος.
259 387 314 417 Καὶ
328 387 416 422 ἐπάξω
433 387 482 423 τὴν
494 387 572 428 χεῖρά
594 399 644 426 μου
667 386 711 416 ἐπὶ
734 386 778 422 σὲ,
803 386 849 415 καὶ
865 393 883 415 Β
897 387 1043 425 judicium
1044 388 1164 429 faciam
1169 389 1207 431 με
1215 389 1340 418 inimicis
1350 388 1550 417 ηιείςΡΙεοωιη
1559 388 1644 417 inimi-

79 431 195 471 πυρώσω
206 444 236 462 σε
256 435 293 467 εἰς
311 434 433 474 καθαρόν.
446 434 507 464 Ἵνα
519 434 620 474 μάθῃς,
633 433 674 463 ὅτι
693 433 735 463 οἵα
749 433 780 462 ἂν
799 430 817 474 ἦ
830 437 847 470 ἡ

79 477 144 516 ὀργὴ
158 481 204 508 τοῦ
218 480 289 509 Θεοῦ
303 480 349 510 καὶ
363 483 379 516 ἡ
394 480 520 520 τιμωρία,
532 484 542 496 ²
552 482 600 510 οὐκ
613 480 657 510 ἐπὶ
674 482 749 520 κακῷ
760 480 806 509 καὶ
818 480 849 510 τὸ

79 524 168 553 δοῦναι
188 524 262 562 δίκην
283 525 384 566 γίνεται
406 527 500 566 μόνον,
523 527 582 556 ἀλλ’
603 526 647 556 ἐπὶ
669 529 708 566 τῷ
731 526 849 566 βελτίους

77 569 198 607 γενέσθαι
211 571 256 600 καὶ
272 572 366 607 αὐτοὺς
379 573 439 607 τοὺς
452 573 650 612 κολαζομένους.
666 573 719 602 Καὶ
732 573 848 613 πυρώσω

78 627 121 650 σε,
137 616 226 656 φησὶν,
240 619 276 651 εἰς
287 619 412 659 καθαρόν.
428 621 468 650 Οὐ
480 619 565 650 τοίνυν
582 619 644 649 ὅταν
657 620 844 658 κολαζώμεθα,

78 662 137 691 ἀλλ’
151 662 213 692 ὅταν
227 664 429 704 ἇμαρτάνωμεν,
440 665 500 695 τότε
514 666 603 705 ἀλγεῖν
623 665 723 695 δίκαιον
732 677 739 684 ·
753 666 784 695 τὸ
798 666 847 705 μὲν

77 707 129 748 γὰρ
143 708 241 748 ῥύπον,
261 709 292 739 τὸ
306 710 334 740 δὲ
353 711 488 752 καθαρμὸν
502 712 648 752 ἐργάζεται.
663 712 700 741 Τί
720 712 748 742 δέ
760 714 846 748 ἐστιν,

77 755 125 787 Εἷς
138 755 267 795 καθαρόν;
281 756 329 790 Ὡς
341 757 407 796 μηδὲ
424 757 496 798 ἴχνος
509 753 576 787 εἶναι
588 758 661 798 παρὰ
673 758 714 787 σοὶ
727 759 843 795 κηλῖδος.

77 799 167 840 ”Οπερ
178 801 229 841 γάρ
242 803 300 832 ἐστι
313 805 351 843 τῷ
364 804 466 844 χρυσίῳ
479 804 510 833 τὸ
522 807 591 844 πῦρ,
605 807 682 834 τοῦτο
695 809 749 838 τοῖς
766 804 846 845 ῥᾳθύ-

78 858 136 885 μοις
149 849 166 882 ἡ
180 847 304 888 τιμωρία.
326 849 396 883 Τοὺς
414 850 441 879 δὲ
460 851 631 884 ἀπειθοῦντας
646 851 784 888 ἀπολέσω,
801 851 846 881 καὶ

77 939 172 977 φοίνους
185 939 351 969 ταπεινώσω.
366 941 402 970 Οἱ
417 941 467 982 γὰρ
489 939 583 972 ἀνίατα
603 947 752 979 νοσοῦντες,
766 943 845 984 φησὶ,

76 983 121 1013 καὶ
134 984 193 1014 οὐδὲ
206 985 345 1026 τιμωρίαις
358 986 480 1023 εἴκοντες,
494 990 663 1019 ἀπολοῦνται.
675 989 711 1020 Τί
722 990 774 1030 γὰρ
786 991 846 1031 ὄφε-

76 1032 120 1064 λος
140 1033 188 1067 ἰἥς
208 1032 307 1062 τούτων
320 1035 403 1069 ζωῆς,
423 1033 485 1065 ὅταν
506 1035 551 1065 καὶ
566 1038 666 1069 ἑαυτοῖς
678 1036 729 1066 ’καὶ
749 1036 847 1076 ἑτέροις

76 1077 280 1108 ἐπιὸουλεύωσιν
294 1081 321 1109 ἐν
340 1083 379 1120 τῷ
392 1083 452 1121 ζῇν;
467 1083 502 1111 Οἱ
523 1082 550 1112 δὲ
570 1083 600 1111 ἐκ
620 1084 668 1118 τῆς
687 1082 794 1112 ἐκείνων
806 1096 843 1113 τι·

77 1123 177 1163 μωρίας
191 1124 329 1163 δυνάμενοι
351 1127 468 1165 βελτίους
488 1128 621 1167 γενέσθαι,
636 1132 751 1167 μενοῦσι.
766 1131 845 1159 Δοκεῖ

22 1198 26 1204 ,
77 1168 106 1197 δέ
119 1180 165 1207 μοι
176 1171 287 1199 ἐνταῦθα
298 1171 343 1200 καὶ
354 1172 402 1208 τὴν
415 1174 599 1213 αἰχμαλωσίαν
613 1174 781 1205 αἰνίττεσθαι.
792 1175 846 1206 Καὶ

76 1215 212 1251 ἐπιστήσω
225 1216 285 1250 τοὺς
298 1217 389 1257 κριτάς
402 1230 464 1255 σου,
479 1221 514 1253 ὡς
528 1220 557 1249 τὸ
571 1220 697 1261 πρότερον
706 1244 714 1258 ,
728 1222 773 1251 καὶ
785 1221 846 1255 τοὺς

76 1261 240 1300 συμβούλους
254 1274 311 1299 σου,
325 1265 360 1297 ὡς
372 1264 403 1294 τὸ
416 1266 462 1294 ἀπ’
478 1266 573 1305 ἀρχῆς.

117 1500 248 1531 Ἐνταῦθα
261 1502 310 1539 τὴν
328 1504 454 1534 ἔπᾶνοδόν
474 1517 548 1545 φησι.
569 1506 632 1535 Τῶν
645 1518 674 1535 τε
686 1506 737 1546 γὰρ
751 1506 845 1536 ἀνίατα

76 1547 220 1578 νοσούντων
233 1550 419 1589 ἀναιρεθέντων
428 1573 436 1587 ,
451 1553 504 1580 τῶν
517 1563 546 1581 τε
568 1552 720 1591 ἐπιμέλειαν
737 1554 752 1568 *
762 1553 844 1583 ε’νδεί-

77 1593 169 1627 ξασθαι
192 1595 342 1635 δυναμένων
365 1598 570 1637 διορθωθέντων,
595 1598 722 1639 εὐκαίρως
744 1600 790 1629 καὶ
815 1600 845 1630 τὸ

76 1640 167 1669 λοιπὸν
182 1642 230 1676 τῆς
243 1642 382 1681 θεραπείας
390 1638 457 1676 εἶδος
471 1644 654 1684 προστίθεται,
667 1645 782 1684 δοκίμων
796 1648 844 1686 ἀρ-

75 1685 176 1724 χόντων
191 1687 343 1725 ἐπιστασία,
357 1688 402 1718 καὶ
418 1689 573 1727 συμὸούλων
590 1691 694 1730 ἀγαθῶν
709 1691 787 1731 φορὰ,
801 1691 845 1721 ἶνα

76 1731 121 1760 καὶ
140 1734 186 1760 τοῦ
208 1732 331 1771 σώματος
350 1733 463 1768 εἴκοντος
482 1739 535 1769 τοῖς
556 1737 719 1776 φαρμάκοις,
733 1738 778 1766 καὶ
793 1740 844 1767 τῶν

76 1778 172 1817 ἰατρῶν
201 1778 316 1818 ἀρίστων
340 1779 436 1816 ὄντων,
463 1782 628 1821 πανταχόθεν
654 1782 719 1822 πρὸς
746 1783 845 1823 ὑγίειαν

76 1823 169 1863 ἐπανίῃ
181 1824 215 1854 τὰ
231 1826 280 1860 τῆς
292 1825 394 1860 πόλεως
407 1825 487 1867 μέρη.
505 1828 546 1857 Οὔ
560 1827 610 1868 γὰρ
631 1828 725 1869 μικρὸν
738 1831 845 1870 εὖεργε-

74 1869 134 1902 σίας
146 1866 224 1906 εἶδος,
237 1871 370 1911 ἀρχόντων
387 1872 570 1913 ἐπιτυγχάνειν
585 1876 698 1914 ἀγαθῶν.
712 1874 765 1904 Καὶ
777 1876 845 1915 μετὰ

74 1918 159 1944 ταῦτα
172 1914 186 1932 ¹³
194 1917 314 1956 κληθήσῃ
328 1917 405 1951 πόλις
416 1918 590 1955 δικαιοσύνης,
602 1920 763 1960 μητρόπολις
774 1921 845 1951 Σιὼν

75 1961 168 1997 πιστή.
182 1962 277 1992 Καίτοι
290 1975 320 2003 γε
331 1964 447 2003 οὐδαμοῦ
458 1967 536 1994 τοῦτο
547 1965 702 2005 εὑρίσκομεν
714 1966 744 1996 τὸ
762 1967 845 2006 ὄνομα

75 2008 108 2046 τῇ
130 2007 207 2037 πόλει
220 2009 272 2038 τῶν
289 2008 478 2049 Ἱεροσολύμων
499 2011 626 2041 ἐπιτεθέν.
641 2011 677 2041 Τί
694 2007 739 2041 οῦν
760 2013 791 2042 ἂν
804 2012 843 2042 εἴ-

75 2065 184 2092 ποιμεν;
199 2054 265 2084 Ὅτι
285 2055 334 2091 τὴν
347 2056 401 2085 ἀπὸ
414 2058 467 2086 τῶν
485 2057 649 2097 πραγμάτων
666 2059 844 2100 προσηγορίαν

75 2100 186 2130 ἐνταῦθα’
199 2112 273 2140 φησι.
285 2102 372 2131 Τοῦτο
381 2102 408 2132 δὲ
419 2105 484 2141 ἡμῖν
495 2104 525 2132 οὗ
537 2104 630 2144 μικρὸν
641 2108 651 2121 ¹²
660 2105 844 2143 συμὸαλεῖται,

75 2146 137 2175 ὅταν
157 2148 305 2177 ἀπαιτῶσιν
316 2150 387 2186 ἡμᾶς
407 2147 528 2179 Ἰουδαῖοι
541 2152 587 2179 τοῦ
603 2151 776 2189 Ἐμμανουὴλ
794 2151 843 2188 τὴν

75 2192 224 2231 ἑρμηνείαν.
245 2193 356 2230 Ἐπειδὴ
370 2194 421 2235 γὰρ
436 2194 549 2229 Ἡσαΐας
566 2197 647 2237 ἔφησε
661 2197 705 2226 τὸν
728 2198 842 2237 Χριστὸν

108 2335 119 2347 ·
136 2331 180 2354 οὐκ
192 2332 290 2356 dumata
296 2329 372 2356 savit.
381 2337 407 2356 et
413 2331 500 2357 Morel.
508 2332 588 2358 Series
595 2333 684 2358 mutila
691 2333 730 2359 vel
740 2334 828 2360 vitiata

74 2371 121 2392 eat.
133 2367 230 2392 Locum
241 2367 278 2394 sic
287 2369 341 2395 vult
352 2370 450 2396 restitui
462 2371 579 2404 Savium,
592 2372 637 2398 sed
644 2381 673 2398 ex
686 2374 829 2406 conjectura

75 2411 174 2432 tantum
190 2416 196 2431 2
211 2411 248 2434 καὶ
260 2411 274 2438 ἡ
283 2413 382 2445 τιμωρία
393 2414 430 2438 int
440 2414 502 2444 καλῷ
511 2429 520 2443 ,
541 2415 582 2438 καὶ
598 2415 622 2438 οὐ
635 2419 668 2446 τῷ
680 2415 754 2440 δοῦναι
768 2416 829 2444 δίκην

77 2450 161 2479 γίνεται
170 2453 247 2480 μόνον,
263 2450 316 2474 ἀλλ’
327 2452 364 2475 ἐπὶ
373 2455 407 2483 τῷ
420 2453 530 2483 βελτίους,
543 2451 639 2476 Βοὶςίυε
649 2460 654 2475 ε
665 2454 703 2478 οὐκ
712 2456 748 2479 ἐπὶ
760 2455 829 2480 κολά-

75 2495 116 2516 σει,
128 2489 205 2520 καὶτῷ
217 2488 292 2514 δοῦναι
303 2489 372 2518 δίκην,
385 2488 542 2515 ammianus
555 2498 561 2514 τ
575 2493 613 2517 οὐκ
626 2494 661 2518 ἐπὶ
671 2497 741 2525 κακῷ,
750 2496 828 2527 καὶτῷ

75 2525 148 2551 δοῦναι
160 2527 220 2555 δίκην
229 2529 312 2559 γίνεται
320 2531 397 2559 μόνον,
410 2530 462 2554 ἀλλ’
472 2531 508 2555 ἐπὶ
516 2535 557 2563 τῷ.
568 2529 665 2555 Boisius
676 2529 755 2556 multa
767 2539 828 2556 con-

75 2563 148 2594 gerit,
156 2568 185 2588 ut
193 2565 361 2597 conjecturam
379 2565 511 2592 confirmet
520 2576 604 2593 suam.
618 2568 668 2594 Sed
678 2569 731 2594 haec
742 2571 826 2595 omnia

78 2598 214 2628 divinando
222 2603 350 2635 dicuntur,
365 2613 410 2629 nec
419 2611 501 2638 potest
512 2607 565 2631 sine
579 2606 685 2633 aliorum
696 2608 754 2633 Mss.
780 2617 827 2641 ope

874 910 881 919 a

77 893 167 931 ἀφελῶ
179 893 280 927 πάντας
299 894 410 934 ἀνόμως
427 896 480 925 ἀπὸ
494 899 550 932 σοῦ,
572 897 617 926 καὶ
629 898 730 931 πάντας
744 899 846 938 ὑπερη-
863 896 880 919 (’

902 443 947 463 cos
955 444 1038 471 meos,
1046 434 1169 464 inimicos
1179 445 1241 464 suos
1246 444 1344 466 vocans
1353 434 1475 463 inimicos
1484 444 1644 474 pauperum,

901 479 949 518 qui
971 480 1027 510 illis
1047 480 1178 511 damnum
1196 481 1312 511 inserunt
1327 491 1335 511 z
1351 480 1381 510 id
1402 490 1468 511 vero
1489 479 1595 510 dicebat
1614 487 1644 509 ut

901 524 989 555 discas
1000 526 1137 566 injustitiae
1148 527 1370 566 magnitudinem.
1386 528 1436 557 25.
1449 528 1477 556 E
1480 532 1491 555 t
1505 527 1643 556 inducam

902 581 1022 602 manum
1034 583 1128 602 meam
1139 578 1271 613 superte,
1282 579 1310 603 et
1322 583 1483 612 excoquam
1494 578 1522 601 te
1533 573 1574 601 ad
1585 583 1643 612 pu-

901 627 978 647 rum.
994 619 1032 648 Ut
1045 618 1144 656 discas,
1158 619 1362 658 qualiscumque
1372 619 1407 648 sit
1424 618 1463 647 ira
1478 619 1527 648 Dei
1541 625 1566 648 et
1580 619 1643 649 vin—

900 663 983 699 dicta,
998 675 1056 694 eam
1080 676 1133 695 non
1148 666 1175 695 in
1189 666 1302 703 malum,
1317 672 1342 695 et
1355 672 1385 695 ut
1398 676 1482 705 poenae
1496 665 1644 695 inserantur

899 711 988 740 solum
1000 711 1098 752 infligi,
1108 712 1155 741 sed
1168 718 1197 741 ut
1205 712 1224 741 ii
1239 712 1286 751 qui
1297 711 1447 752 puniuntur
1455 711 1491 741 ad
1504 712 1643 741 meliorem

899 757 1003 796 frugem
1024 764 1191 788 revocentur.
1203 759 1244 787 Et
1257 768 1419 798 excoquam
1444 764 1482 794 te,
1494 757 1593 796 inquit,
1602 759 1643 786 ad

897 814 1014 842 purum.
1027 806 1086 834 Non
1097 815 1161 844 ergo
1174 815 1237 834 cum
1253 804 1425 843 castigamur,
1440 804 1487 834 sed
1501 815 1563 834 cum
1576 815 1641 844 pec-

898 860 991 879 camus
1003 860 1052 879 nos
1063 850 1220 891 dolerepar
1229 857 1268 881 est
1281 861 1288 878 ε
1303 850 1375 879 illud
1389 850 1460 879 enim
1474 851 1580 888 sordes,
1591 851 1642 880 hoc

900 896 1084 935 purgationem
1098 898 1180 936 parit.
1195 897 1271 934 Quid
1283 904 1372 926 autem
1386 903 1436 933 est,
1450 897 1504 926 Ad
1511 908 1616 936 purum
1628 900 1641 925 Ρ

900 942 936 970 Ut
963 952 996 971 ne
1023 943 1165 982 vestigium
1187 943 1298 982 quidem
1321 942 1408 972 sordis
1434 943 1462 971 in
1484 949 1510 972 te
1528 950 1640 973 maneat.

898 987 979 1023 Quod
993 988 1066 1017 enim
1077 999 1144 1018 auro
1155 988 1225 1027 ignis
1232 995 1282 1025 est,
1289 988 1341 1017 hoc
1350 988 1455 1028 ignavis
1464 988 1639 1029 supplicium.

897 1034 1103 1063 Inobedientes
1115 1043 1187 1063 vero
1203 1035 1335 1073 perdam,
1348 1041 1378 1063 et
1390 1034 1531 1075 auferam·
1542 1045 1641 1065 omnes

897 1079 1030 1108 inimicos
1055 1090 1074 1108 a
1094 1085 1132 1117 te,
1145 1086 1174 1109 et
1191 1090 1290 1110 omnes
1313 1082 1449 1119 superbos
1466 1081 1639 1111 humiliabo.

898 1124 954 1161 Qui
977 1127 1059 1164 enim,
1088 1126 1192 1165 inquit,
1218 1126 1403 1155 insanabiliter
1427 1133 1566 1166 aegromnt,
1592 1137 1642 1157 uec

897 1171 1039 1211 suppliciis
1050 1172 1210 1209 cedunt,⁴hi
1225 1172 1364 1212 peribunt.
1381 1173 1450 1202 Nam
1464 1183 1524 1211 quae
1540 1173 1641 1202 utilitas

897 1227 932 1246 ex
958 1228 1051 1247 eorum
1068 1219 1136 1255 vita,
1148 1218 1267 1258 quando,
1281 1218 1349 1248 dum
1371 1219 1480 1256 vivunt,
1496 1226 1522 1249 et
1540 1219 1593 1248 sibi
1614 1226 1640 1248 et

897 1263 960 1293 aliis
970 1264 1152 1295 insidiantur?
1163 1265 1219 1303 Qui
1237 1272 1327 1295 autem
1342 1276 1377 1295 ex
1391 1276 1484 1294 eorum
1502 1265 1638 1306 supplicio

897 1311 1021 1340 meliores
1042 1311 1102 1341 fieri
1126 1318 1249 1352 possunt,
1263 1312 1284 1341 ii
1303 1312 1459 1341 manebunt.
1481 1313 1533 1342 Hic
1558 1322 1640 1351 porro

902 1357 972 1386 mihi
993 1356 1101 1387 videtur
1122 1358 1303 1399 captivitatem
1325 1358 1506 1387 subindicare.
1528 1359 1577 1387 26.
1599 1359 1640 1387 Et

897 1403 1176 1444 proeficiamjudices
1188 1410 1261 1442 tuos,
1271 1407 1346 1435 sicut
1354 1406 1447 1445 prius,
1460 1411 1489 1434 ec
1501 1404 1638 1434 consilia-

898 1453 956 1481 rios
968 1457 1039 1487 tuos,
1049 1453 1124 1481 sicut
1137 1453 1175 1481 ab
1189 1452 1284 1482 initio.

937 1499 968 1528 9.
991 1498 1043 1528 Hic
1064 1498 1181 1527 reditum
1200 1498 1349 1528 annuntiat.
1362 1499 1399 1529 Iis
1418 1499 1488 1528 enim
1500 1499 1546 1538 qui
1567 1499 1638 1528 insa-

898 1545 1023 1575 nabiliter
1042 1545 1207 1586 aegrotabant
1227 1546 1353 1583 sublatis,
1376 1552 1401 1575 et
1420 1546 1454 1575 iis
1473 1546 1521 1585 qui
1541 1546 1638 1586 resipi-

897 1593 1025 1622 scentiam
1043 1593 1170 1622 exhibere
1183 1599 1303 1633 poterant
1320 1592 1478 1630 emendatis,
1489 1598 1640 1633 opportune

898 1639 1028 1678 reliquam
1039 1640 1185 1669 curationis
1198 1640 1314 1680 speciem
1335 1639 1445 1670 adhibet
1459 1653 1467 1670 ι
1482 1652 1512 1670 ea
1523 1648 1562 1670 est
1575 1651 1638 1681 pro-

896 1686 1020 1716 batorum
1036 1686 1191 1728 principum
1210 1687 1373 1725 dominatus,
1384 1695 1410 1717 et
1423 1687 1638 1717 consiliariorum

896 1732 1029 1761 honorum
1052 1733 1146 1772 oopia;
1174 1740 1203 1763 ut
1225 1744 1338 1774 corpore
1363 1734 1488 1764 remediis
1518 1733 1637 1771 cedente,

897 1777 1062 1816 medicisque
1075 1779 1185 1818 optimis
1197 1779 1375 1817 adstantibus,
1391 1780 1467 1809 urbis
1481 1787 1570 1820 partes
1585 1790 1637 1809 un-

897 1824 980 1863 dique
992 1823 1027 1853 ad
1038 1824 1177 1854 sanitatem
1197 1832 1398 1855 revocarentur.
1407 1827 1467 1856 Non
1483 1825 1555 1855 enim
1575 1836 1637 1865 par-

897 1882 964 1901 vum
975 1871 1098 1900 beneficii
1112 1882 1195 1911 genus
1208 1878 1256 1908 est,
1265 1872 1402 1912 principes
1412 1872 1528 1902 nancisci
1541 1872 1636 1902 bonos.

897 1918 938 1947 Et
945 1923 1012 1957 post
1023 1919 1086 1947 haec
1095 1919 1247 1947 vocaberis
1256 1919 1359 1948 civitas
1363 1919 1638 1958 justilioe‚metropo-

898 1964 934 1994 lis
951 1964 1021 1994 Sion
1025 1964 1141 2004 fidelis.
1160 1964 1243 2004 Atqui
1261 1974 1393 2004 nusquam
1413 1965 1564 2006 reperimus
1587 1966 1638 1995 hoc

898 2021 993 2040 nomen
1014 2011 1076 2040 urbi
1088 2012 1319 2052 Jerosolymorum
1335 2011 1462 2041 inditum.
1478 2011 1554 2050 Quid
1573 2023 1636 2052 crgo

896 2057 1046 2087 dixerimus
1053 2057 1067 2086 Ρ
1081 2058 1155 2087 Hanc
1166 2057 1373 2098 appellationem
1382 2069 1416 2088 ex
1425 2058 1505 2087 rebus
1517 2058 1583 2099 ipsis
1595 2058 1637 2087 illi

896 2103 1029 2133 attribuit.
1045 2102 1120 2133 Illud
1132 2114 1197 2133 vero
1214 2104 1292 2133 nobis
1304 2114 1356 2134 non
1370 2114 1466 2144 parum
1485 2105 1551 2134 utile
1572 2104 1634 2142 erit,

896 2160 958 2180 cum
970 2149 1059 2180 Judaei
1073 2162 1088 2180 a
1102 2150 1180 2180 nobis
1192 2157 1280 2191 petent
1293 2151 1367 2181 vocis
1377 2151 1536 2180 Emmanuel
1550 2151 1634 2181 inter-

894 2197 1080 2238 pretationem.
1101 2197 1184 2227 Isaias
1208 2208 1323 2237 namque
1344 2197 1415 2227 dixit
1435 2198 1575 2228 Christum
1596 2198 1635 2227 sic

877 2335 948 2361 locus
958 2337 1064 2361 restitui.
1074 2336 1102 2362 Si
1112 2344 1161 2369 qua
1173 2344 1204 2361 ex
1215 2335 1297 2361 allatis
1304 2336 1453 2369 conjecturis
1465 2335 1566 2360 admitti
1575 2343 1633 2367 pos-

877 2375 919 2408 sit,
932 2378 970 2401 οὐκ
979 2379 1016 2402 ἐπὶ
1024 2382 1086 2409 κακῷ
1095 2374 1206 2408 mallem,
1225 2383 1254 2400 ac
1270 2383 1328 2400 cum
1339 2376 1375 2400 sic
1387 2374 1479 2400 habeat
1488 2375 1630 2401 hwarinus,

877 2414 912 2439 sic
925 2414 989 2447 lego.

911 2455 919 2462 '
937 2453 1073 2479 Bavaricus
1080 2455 1192 2484 δέξασθαι.

911 2494 924 2513 b
940 2494 1003 2526 Reg.
1016 2496 1123 2524 κληθῆναι
1132 2491 1205 2517 male.

909 2539 919 2551 e
937 2533 998 2566 neg.
1012 2537 1037 2557 et
1049 2530 1127 2557 savit.
1141 2533 1308 2564 συμὸάλληται.
1322 2528 1371 2555 Sed
1387 2529 1522 2555 Bavaricus
1542 2533 1629 2563 cepaea-

877 2574 957 2598 λεῖται.
967 2572 1028 2603 Qua:
1033 2579 1092 2596 mox
1099 2575 1237 2603 sequuntur
1244 2568 1369 2594 tantillum
1378 2569 1494 2594 intricata
1502 2569 1628 2596 videntur.

1643 2196 1772 2231 ,Inflare—rum

75 2236 157 2271 οὕτως
175 2239 414 2278 ὀνομασθήσεσθαι,
430 2242 545 2282 οὐδαμοῦ
570 2243 597 2273 δὲ
620 2244 787 2283 ὠνόμασται,
802 2244 842 2274 εἶ-
858 2248 876 2271 E
894 2245 1045 2276 vocandum
1061 2245 1128 2283 sore,
1148 2251 1174 2274 et
1197 2252 1283 2275 tamen
1303 2255 1450 2285 numquam
1469 2246 1508 2275 sie
1526 2252 1634 2275 vocatus
1643 2227 1764 2286 Ῐὲἳζὲῃιῖὲ..

1644 2292 1688 2310 Ιιιι·7
