1904 2840
226 171 298 222 958

225 246 318 275 sistere
335 250 427 274 contra
443 243 554 273 malum.
568 242 599 273 Si
619 251 694 282 ergo,
708 241 904 288 tenegligente
915 241 968 272 do·
985 246 1004 270 Α
1021 241 1076 272 fide
1093 243 1237 282 landatur,
1258 243 1369 274 villicus
1390 247 1479 274 autem
1496 254 1547 285 pro
1569 244 1623 276 fide
1645 246 1774 277 omnium

225 296 301 315 mum
315 295 361 314 cor
382 283 435 313 oris
448 283 498 312 hoc
511 282 591 312 modo
605 293 721 320 servare,
738 292 874 323 ingressus
886 282 968 312 fuerit

224 326 270 354 fur
283 295 418 360 diabobus,
433 330 458 352 et
469 323 573 352 furatus
586 322 667 351 fuerit
684 322 839 352 vestimenta
847 322 967 368 justitia-

152 382 214 398 ccxv
226 375 298 400 rum,
312 363 411 403 quibus
425 370 450 392 te
460 370 581 392 renatum
594 362 620 391 in
631 362 765 403 baptismo
776 361 866 391 indult
874 363 946 391 Deus
957 374 964 390 τ

74 648 135 670 Gen..
143 646 156 670 3
162 663 167 669 .

225 405 246 434 si
260 405 362 433 furatus
374 403 455 432 suerit
474 403 572 432 aurum
591 402 743 432 intellectus
755 402 807 439 tui,
823 402 846 431 si
857 401 966 432 divino-

224 455 285 473 rum
304 443 474 481 eloquiorum
498 450 652 482 argentum,
673 441 747 481 quod
769 442 880 471 forsitan
904 452 967 471 cum

224 485 310 514 multo
323 483 462 512 fabricasti
478 483 569 512 labore
582 496 588 512 :
602 482 624 512 si
639 482 794 511 linteamina
808 482 965 522 gratiarum,

223 534 283 563 quae
299 523 349 552 tibi
368 522 444 551 dedit
458 524 542 559 Deus,
557 533 620 552 cum
632 529 658 552 te
669 521 810 562 adoptaret
824 522 851 551 in
864 521 964 559 filium,

224 571 382 602 caeterasque
405 562 515 592 divitias
540 562 694 602 spirituales
716 562 830 597 tollens,
853 567 879 590 te
902 560 966 606 dor-

223 603 331 639 miente,
343 602 487 641 feceritque
504 609 531 631 te
548 602 702 632 mendicum
722 609 748 631 et
766 601 881 638 nudum,
897 607 966 630 510111

223 654 331 684 serpens
344 642 429 672 Adam
442 654 449 671 :
463 642 532 681 quid
542 642 642 672 facies?
655 641 790 681 quomodo
802 640 965 686 nudus-ante

225 689 396 723 conspectum
415 682 524 711 Domini
541 682 583 711 tui
604 681 731 711 accedes?
745 682 780 712 Et
793 681 841 711 ille
854 680 963 720 quidem

224 723 340 753 nudatus
351 721 490 752 abscondit
501 732 529 751 se
541 722 610 751 inter
622 722 696 762 ligna
714 721 834 762 paradisi
848 732 854 749 ε
869 727 900 750 tu
912 731 962 750 au-

223 771 277 793 tem
292 763 343 793 suh
355 773 409 801 qua
418 762 533 791 scissura
551 769 686 801 petrarum
699 769 725 791 te
739 760 884 791 abscondes
894 771 909 789 a
922 760 964 789 fa-

223 804 264 833 cie
275 802 400 839 Domini,
414 812 477 831 cum
493 798 598 831 venerit
618 801 784 841 confringere
800 800 917 830 terram?
930 801 965 830 Et

224 843 311 873 Adam
326 841 436 882 quidem
449 852 464 870 a
478 843 535 871 Deo
553 842 682 881 quaesitus
698 848 738 871 est
749 848 775 871 et
786 841 919 876 inventus,
933 847 964 870 tu
979 847 997 870 B

223 890 312 912 autem
331 881 466 922 abjicietis
487 888 512 910 et
532 881 633 922 peribis
654 893 660 910 z
679 881 742 920 quia
768 881 815 910 ille
840 880 966 920 ignorans

224 922 354 962 serpentis
364 922 520 956 versutiam,
533 932 581 962 per
591 921 642 950 sim
663 921 790 950 licitatem
802 920 919 950 nudatus
927 926 966 949 est

225 974 301 992 511301
313 974 320 991 ε
333 969 361 991 111
376 968 466 990 autem
479 961 575 998 sciens,
590 967 629 990 tot
660 961 698 990 cri
721 961 788 990 turis
800 960 965 995 admonitus,

225 1014 274 1043 per
288 1002 476 1042 negligentiam
496 1001 580 1030 factus
600 1011 628 1030 es
648 972 747 1030 nudiits.
765 1001 876 1040 Propter
894 999 967 1039 quod

227 1043 274 1073 ille
287 1042 397 1081 quidem
410 1041 569 1070 mortalitate
583 1041 695 1071 vestitus
707 1047 746 1070 est
759 1040 794 1069 ad
804 1047 921 1079 tempus,
936 1047 966 1069 tu

226 1090 315 1112 autem
338 1082 364 1111 in
382 1088 511 1110 aeternum
529 1081 586 1120 ipse
605 1080 752 1110 tradendus
766 1091 794 1110 es
806 1080 899 1117 morti,
913 1090 966 1109 ma-

226 1122 301 1151 xime
314 1122 336 1151 si
354 1128 379 1150 te
394 1120 628 1161 comprehenderit
649 1120 721 1156 finis,
740 1120 899 1160 priusquam
916 1119 967 1149 tibi

226 1173 274 1202 per
293 1160 476 1202 poenitentiam
499 1160 582 1189 altera
604 1167 678 1190 texes
702 1160 870 1190 vestimenta.
897 1159 967 1189 Nam

227 1202 314 1241 prima
335 1201 418 1241 gratis
444 1207 585 1241 praestatur
603 1211 618 1229 a
640 1201 697 1230 Deo
720 1214 727 1228 :
742 1199 858 1230 secunda
877 1206 968 1229 autem

226 1242 286 1275 vix,
297 1248 395 1270 etcum
407 1240 490 1269 nimio
502 1246 642 1279 reparatur
652 1240 745 1269 labore
757 1246 783 1269 et
797 1240 884 1276 luctu,
901 1249 968 1278 quo-

227 1281 308 1310 modo
332 1280 390 1309 haec
413 1279 541 1319 parabola
566 1286 617 1309 est.
644 1280 794 1310 Veniamus
818 1280 909 1318 itaque
933 1278 968 1308 ad

231 1321 316 1361 ipsam
330 1320 462 1360 parabolae
476 1329 593 1348 causam.
615 1319 710 1349 Omnis
731 1319 824 1355 homo,
840 1320 862 1348 si
877 1319 966 1355 sciret,

227 1360 335 1399 quando
347 1359 405 1388 dies
423 1359 528 1388 Domini
544 1366 672 1388 venturus
682 1365 721 1388 est
732 1368 814 1398 super
824 1369 886 1387 enm
898 1359 969 1387 sicut

226 1401 272 1429 fur
288 1399 347 1437 (sed
360 1399 492 1439 insperate
502 1399 610 1429 veniens
629 1398 698 1428 sicut
711 1398 780 1435 fur),
793 1398 966 1438 praeveniret,

228 1447 254 1469 et
273 1449 327 1468 non
346 1439 443 1468 sineret
464 1438 567 1478 perfodi
585 1438 697 1467 domum
717 1448 805 1467 511301.
829 1439 889 1467 Non
907 1437 968 1467 dico
982 1441 1002 1466 C

228 1480 290 1519 quia
305 1478 445 1518 repelleret
458 1490 473 1508 a
488 1489 515 1507 50
528 1479 626 1515 furem,
644 1478 691 1507 sed
713 1478 809 1506 faceret
822 1477 966 1522 justitiam3

229 1526 258 1548 ut
270 1519 392 1548 veniente
410 1518 538 1547 sententia
556 1518 616 1554 Dei‚
629 1528 682 1546 non
695 1516 880 1556 perfoderetur
891 1527 968 1555 quasi

227 1560 364 1599 ignorans,
383 1557 431 1586 sed
450 1564 590 1587 vocaretur
603 1558 679 1596 quasi
690 1557 748 1596 jam
759 1563 923 1596 praeparatus
935 1556 970 1586 ad

228 1599 340 1628 exitum.
353 1597 470 1635 Quando
482 1597 578 1627 animae
593 1598 752 1637 peccatrices
762 1596 930 1626 delectantur
942 1597 968 1626 in

227 1649 357 1679 corpore,
380 1644 406 1666 et
424 1644 559 1676 tamquam
582 1637 610 1666 in
631 1647 679 1667 suo
702 1636 812 1676 proprio
831 1636 970 1666 domicilio

229 1678 355 1718 gaudent,
364 1677 474 1708 veniens
484 1688 547 1707 cum
558 1677 685 1706 sententia
697 1676 745 1706 Dei
758 1675 867 1716 angelus
878 1677 971 1706 mortis

229 1718 345 1758 perfodit
362 1728 472 1757 corpus,
487 1725 514 1747 et
526 1717 643 1747 animam
659 1716 792 1747 violenter
815 1715 922 1745 divellit
936 1717 970 1762 ab

229 1769 261 1788 eo
277 1771 284 1788 =
300 1758 394 1787 auimae
407 1764 495 1787 3111010
509 1758 600 1797 justae,
614 1767 674 1796 quae
692 1767 743 1786 non
765 1755 932 1785 delectantur
945 1767 972 1786 10

230 1809 353 1839 corpore,
367 1797 414 1827 sed
425 1798 501 1837 quasi
517 1797 544 1826 10
558 1797 655 1826 exsilio
669 1803 740 1831 sunt,
756 1796 783 1824 in
794 1806 837 1825 035
851 1796 973 1826 veniente

231 1839 376 1875 sententia,
393 1848 444 1866 1100
466 1836 670 1877 perfodiuntur,
689 1835 736 1865 sed
754 1842 884 1866 vocantur
909 1847 973 1876 gau-

233 1880 336 1908 dentes,
348 1879 398 1908 45.
415 1879 487 1916 Quis
498 1879 574 1906 enim
583 1877 680 1915 fidelis
689 1885 788 1905 servus
797 1881 824 1904 et
833 1877 972 1914 prudens,

234 1929 320 1958 quem
332 1919 482 1947 constituit
495 1917 630 1946 dominus
650 1917 712 1955 ejus
731 1924 814 1954 super
819 1915 973 1955 familiam

234 1969 328 1994 suam,
346 1966 376 1987 ut
391 1959 438 1986 det
459 1957 519 1986 illis
536 1957 631 1985 cibum
651 1958 681 1984 in
701 1958 845 1994 tempore?
858 1956 926 1985 Cum
941 1956 975 1985 de

234 1998 363 2037 vigilante
382 2004 408 2026 et
432 2007 484 2026 non
507 1996 636 2035 vigilante
659 1994 876 2040 superedomum
900 2006 976 2025 511310

831 179 914 203 OPUS
940 179 1176 204 IMPERF'ECTUM
1892 125 1904 209 ᾗ

1020 289 1207 313 remuneratur
1224 295 1231 312 e
1246 281 1284 313 sic
1295 290 1321 314 et
1334 285 1410 314 Deus
1421 284 1456 313 in,
1462 285 1566 325 populo
1583 285 1644 315 ideo
1658 286 1766 317 ordinat

1020 322 1180 360 sacerdotes,
1203 330 1233 352 ut
1252 329 1476 354 3010001001·οω
1494 324 1546 365 ipsi
1562 324 1708 357 discutiant
1719 338 1763 356 ra-

1019 361 1126 391 tionem.
1135 361 1255 402 Ideoque
1266 370 1390 403 peccante
1398 364 1501 408 populo
1511 366 1698 405 unusquisque
1706 367 1766 406 qui-

1019 399 1080 430 dem
1092 411 1142 441 pro
1157 413 1206 431 suo
1217 410 1324 448 peccato
1338 410 1465 444 punitur,
1479 405 1602 435 sacerdos
1615 413 1703 436 autem
1714 417 1764 447 pro

1018 441 1134 480 peccatis
1154 452 1287 472 00101001.
1305 443 1341 473 Et
1358 443 1426 472 bene
1446 449 1540 483 agente
1559 445 1661 485 populo
1675 456 1762 477 unus-

1018 481 1133 519 quisque
1150 482 1261 521 quidem
1299 493 1330 512 ro
1351 493 1400 513 suo
1419 483 1491 513 bono
1508 492 1707 523 remuneratur,
1723 498 1763 517 sa-

1017 520 1111 549 cerdos
1120 529 1210 558 autem
1222 533 1271 562 pro
1278 493 1362 552 110015
1375 523 1507 554 omnium.
1526 525 1598 563 Quis
1611 531 1655 555 est
1663 535 1763 557 servus

1012 560 1118 600 fidelis
1130 568 1158 590 et
1164 562 1293 602 prudens
1304 564 1395 603 Ρ,Βοοι
1405 562 1517 602 quidem
1527 563 1694 595 laudabilem
1702 577 1763 607 pro-

1017 600 1102 639 ponit,
1117 602 1281 631 rarissimam
1297 609 1398 640 autem,
1412 610 1442 632 ut
1453 604 1516 642 quis
1534 604 1624 634 fidelis
1640 606 1759 637 invenia-

1018 646 1061 668 tur
1080 647 1106 669 et
1125 641 1256 680 prudens.
1273 642 1343 673 Ecce
1361 642 1384 672 si
1405 653 1511 682 quaeras
1533 644 1638 682 fideles,
1660 645 1690 675 id
1709 654 1760 685 est,

1015 680 1103 709 Deum
1126 681 1247 711 timentes
1263 694 1269 711 :
1283 689 1309 712 et
1323 683 1396 723 ipsos
1417 683 1528 722 quidem
1541 694 1594 714 non
1607 685 1708 716 multos
1720 686 1762 717 in·
1804 696 1807 697 ⁷

1015 719 1116 758 venies,
1130 727 1217 751 tamen
1240 722 1330 752 adhuc
1346 722 1426 753 facile
1448 722 1568 760 invenis;
1583 725 1647 755 item
1657 726 1681 756 si
1693 737 1761 766 prn-

1015 758 1107 789 dentes
1120 771 1235 799 quaeras,
1250 762 1369 792 invenies
1387 763 1488 794 multos
1502 776 1510 794 z
1525 763 1614 795 fidelis
1632 773 1722 796 autem
1735 774 1763 797 01

1015 799 1135 839 prudens
1153 800 1267 832 difficile
1282 802 1419 832 invenitur
1433 816 1440 832 :
1457 804 1594 843 quomodo
1607 805 1654 845 qui
1669 806 1762 837 fideles

1015 845 1086 874 sunt,
1100 839 1129 869 id
1140 847 1190 877 est,
1206 843 1294 871 Deum
1313 842 1445 880 timentes,
1455 844 1568 874 difficile
1580 853 1643 875 sunt
1656 853 1682 876 et
1713 858 1761 877 ru-

1015 879 1107 908 dentes
1129 892 1135 908 :
1152 887 1178 909 et
1197 882 1244 920 qui
1264 881 1411 922 prudentes
1435 884 1678 923 inveniuntur‚.di
1710 887 1761 918 cile

1016 925 1079 948 sunt
1093 927 1119 949 et
1129 921 1218 950 Deum
1237 921 1370 951 timentes.
1385 923 1494 959 Quanto
1508 934 1572 964 ergo
1586 926 1672 955 rarior
1686 926 1762 958 inve-

1017 959 1091 988 nitur
1106 959 1194 989 fidelis
1205 960 1373 1002 et'prudens‚
1384 968 1458 992 tanto
1468 964 1516 1002 qui
1527 964 1653 995 inventus
1665 966 1759 1005 fuerit,

1018 999 1120 1029 beatior
1132 1006 1182 1029 051.
1197 1000 1359 1030 Prudentem
1381 1009 1471 1032 autem
1483 1002 1556 1040 dico,
1572 1015 1624 1035 non
1635 1005 1763 1037 scientem

1017 1045 1043 1067 et
1056 1038 1177 1077 doctum,
1201 1040 1249 1070 sed
1269 1047 1404 1071 sensatum
1422 1048 1449 1071 et
1464 1049 1552 1073 mente
1572 1051 1693 1082 acutum,
1713 1047 1763 1085 qni

1016 1086 1103 1118 potest
1124 1090 1215 1109 rernm
1244 1080 1394 1120 ponderare
1414 1088 1539 1119 naturas,
1563 1091 1589 1114 et
1613 1085 1764 1116 secundnm

1016 1118 1088 1158 quod
1103 1126 1200 1159 potest,
1215 1120 1409 1150 rationabiliter
1429 1122 1518 1152 omnia
1532 1134 1620 1163 agere.
1635 1124 1761 1166 Plerique

1017 1165 1106 1188 autem
1119 1166 1182 1188 sunt
1195 1160 1321 1190 habentes
1333 1160 1469 1190 scientiam
1479 1163 1603 1201 multam,
1616 1163 1663 1194 sed
1678 1175 1725 1195 nec
1736 1176 1764 1196 50

1017 1199 1152 1239 sapienter
1177 1207 1288 1238 regunt,
1308 1210 1357 1229 nec
1375 1201 1514 1231 scientiam
1537 1214 1614 1234 suam
1632 1205 1764 1245 sapienter

1017 1238 1182 1279 dispensant.
1208 1240 1243 1269 Et
1264 1239 1352 1270 omnis
1372 1240 1482 1279 quidem
1502 1243 1620 1283 prudens
1639 1251 1726 1284 potest
1738 1253 1765 1276 et

1018 1279 1156 1308 scientiam
1179 1279 1278 1309 habere
1294 1291 1327 1309 ex
1342 1286 1439 1319 parte,
1459 1293 1512 1312 non
1532 1290 1622 1313 autem
1631 1291 1658 1314 et
1676 1286 1764 1315 omnis
1900 1307 1904 1316 2

1017 1318 1102 1348 sciens
1116 1318 1273 1359 sapientiam
1284 1327 1370 1360 potest
1385 1320 1483 1351 habere
1498 1334 1504 1351 :
1518 1324 1647 1362 quoniam
1661 1325 1764 1365 sapien·
1900 1324 1904 1327 “

1017 1358 1054 1386 tia
1068 1358 1281 1398 uniuscujusque
1301 1360 1328 1388 in
1346 1366 1407 1389 actu
1427 1362 1567 1400 probatur,
1586 1363 1694 1393 scientia
1713 1376 1761 1394 311-

1018 1404 1071 1426 1010
1083 1398 1111 1426 10
1126 1408 1256 1427 sermone.
1272 1399 1374 1428 Fidelis
1388 1400 1498 1438 quidem
1507 1403 1638 1440 quaeritur
1651 1412 1765 1444 propter

1019 1438 1117 1474 Deum,
1132 1444 1163 1467 ut
1173 1438 1265 1467 timeat
1279 1440 1367 1468 Deum
1381 1451 1388 1467 :
1402 1433 1521 1479 prudens
1542 1449 1632 1471 autem
1652 1451 1763 1484 propter

1018 1477 1139 1506 homines
1151 1500 1158 1513 ‚
1182 1484 1212 1506 nt
1234 1478 1368 1518 populum
1392 1480 1442 1509 Dei
1466 1482 1598 1520 sapienter
1623 1483 1762 1522 gubernet.

1018 1517 1154 1554 Quoniam
1171 1527 1236 1557 ergo
1252 1519 1308 1547 Deo
1322 1528 1375 1547 non
1391 1524 1497 1549 tantum
1513 1520 1657 1560 prudentia
1679 1522 1765 1552 1101111-

1018 1557 1071 1592 015,
1085 1563 1215 1595 quantum
1235 1557 1397 1587 conscientia
1413 1559 1500 1599 placet
1516 1572 1522 1589 :
1536 1560 1692 1591 hominibus
1713 1573 1764 1592 au-

1020 1603 1073 1625 tem
1090 1606 1143 1626 non
1162 1603 1265 1626 tantum
1286 1598 1462 1636 conscientia,
1483 1607 1615 1638 quantum
1635 1612 1662 1631 sa
1685 1602 1765 1632 ientia

1019 1636 1129 1676 prodest
1151 1649 1157 1665 :
1173 1636 1196 1666 si
1214 1637 1296 1666 fuerit
1318 1644 1421 1667 tantum
1448 1640 1510 1678 quis
1536 1639 1644 1677 fidelis,
1664 1613 1683 1671 i,

1020 1675 1131 1715 quidem
1145 1676 1228 1713 facit,
1245 1677 1409 1707 sacerdotem
1426 1686 1516 1708 autem
1535 1690 1588 1709 non
1609 1681 1690 1717 facit,
1713 1682 1767 1711 nisi
1896 1665 1904 1708 ¹·

1020 1716 1101 1745 fuerit
1123 1715 1212 1746 fidelis
1225 1723 1251 1746 et
1267 1717 1395 1757 prudens.
1422 1718 1496 1758 Ergo
1516 1719 1606 1750 fidelis
1623 1721 1766 1760 quaeritur,
1895 1715 1904 1767 Ξ

1022 1763 1052 1785 ut
1066 1756 1144 1785 faciat
1159 1757 1233 1796 prius
1254 1768 1315 1786 uam
1335 1757 1408 1788 dicat
1422 1770 1430 1787 :
1446 1758 1564 1799 prudens
1579 1767 1680 1797 autem,
1694 1768 1768 1802 post·
1894 1773 1904 1864 ἰ

1900 1019 1904 1028 -
1898 1007 1904 1010 i
1894 829 1904 990 famae-a—

1677 1644 1766 1672 ascum

1021 1806 1103 1864 qnam
1117 1796 1218 1833 fecerit,
1253 1797 1317 1834 icat,
1331 1804 1357 1827 et
1369 1797 1442 1827 dicat
1456 1799 1609 1839 intelligens
1622 1801 1666 1830 cui
1678 1801 1768 1840 qualis

1042 1836 1143 1865 octrina
1163 1837 1314 1873 conveniat,
1326 1844 1352 1866 et
1373 1838 1492 1877 quando.
1509 1839 1579 1870 Item
1592 1840 1682 1870 fidelis
1691 1851 1767 1880 111131-

1022 1875 1112 1912 ritur,
1136 1882 1165 1904 01
1181 1886 1283 1905 0100101·
1299 1877 1334 1906 511
1355 1888 1522 1918 pauperum,
1543 1880 1613 1910 sicut
1632 1881 1734 1910 Paulus
1757 1891 1847 1914 titum.
1866 1896 1876 1912 1

1024 1914 1142 1955 prudens
1155 1923 1255 1953 autem,
1272 1923 1302 1947 ut
1319 1917 1450 1958 intelligat
1467 1918 1512 1948 cui
1525 1926 1550 1948 ct
1563 1920 1700 1958 quomodo
1719 1920 1767 1950 de·
1781 1924 1818 1947 ²6·

1024 1956 1085 1984 beat
1096 1955 1263 1995 dispensare.
1280 1957 1315 1986 Et
1326 1957 1376 1987 hoc
1392 1958 1514 1997 estquod
1524 1958 1601 1997 dicit,
1618 1960 1683 1990 dare
1695 1961 1771 1990 cibos

1026 1995 1054 2024 in
1068 2002 1187 2035 tempore
1201 2003 1226 2025 et
1240 1996 1393 2041 spirituales
1409 2005 1437 2027 et
1451 1999 1603 2039 corporales
1618 2012 1626 2029 :
1643 2000 1770 2041 spiritua-

234 2038 369 2067 Dominus
386 2038 555 2075 loquer-etun>
573 2035 657 2065 sciens
675 2045 802 2073 quomam
817 2035 977 2074 plerumque
992 2041 1012 2063 D
1027 2035 1065 2064 les
1083 2035 1194 2074 quidem
1208 2037 1360 2073 animabus,
1379 2039 1531 2077 corporales
1547 2046 1636 2070 autem
1654 2040 1773 2080 corpori-

235 2076 383 2107 sacerdotes
405 2075 469 2105 mali
495 2075 628 2115 populum
651 2074 804 2104 obdormire
826 2074 926 2104 faciunt
950 2076 977 2104 10

236 2116 431 2157 peceatis‚b0ni
441 2122 528 2144 autem
540 2115 656 2144 excitant
668 2125 683 2143 a
695 2113 861 2154 negligentia?
873 2125 978 2153 somno,

237 2164 263 2186 et
277 2156 376 2186 faciunt
390 2155 504 2195 vigilare
518 2155 546 2183 10
560 2155 687 2195 operibus
704 2154 782 2183 bonis
799 2165 805 2182 t
822 2155 898 2192 quasi
911 2155 980 2184 assi-

237 2197 291 2226 dua
313 2196 377 2226 tuba
399 2195 527 2224 doctrinae
547 2204 601 2223 suae
619 2194 736 2223 excitans
758 2193 792 2222 ad
811 2194 880 2222 bona
900 2204 981 2234 opera

237 2237 339 2266 animas
349 2235 514 2267 auditorum,
528 2240 718 2272 consequenter
732 2232 766 2262 de
778 2233 856 2263 bonis
868 2240 893 2262 et
901 2234 982 2273 justis

238 2276 422 2306 sacerdotibus
436 2273 583 2303 introducit
602 2283 762 2310 sermonem,
776 2273 867 2303 dicens
884 2286 890 2302 z
910 2275 983 2313 Quis

239 2322 282 2345 est
291 2315 390 2356 fidelis
401 2324 499 2344 servus
511 2320 540 2342 et
548 2314 695 2353 prudens?
704 2313 733 2343 Si
747 2313 818 2342 enim
830 2314 982 2353 paterfami-

240 2356 289 2384 lias
302 2366 382 2395 super
396 2353 587 2399 possessionem
610 2363 686 2382 suam
706 2352 831 2382 villicum
854 2354 939 2392 ponit,
955 2361 985 2384 ut

240 2406 292 2424 non
307 2405 369 2424 cum
387 2393 502 2433 singulis
519 2393 620 2422 colonis
639 2392 735 2421 habeat
757 2402 876 2429 causam,
892 2393 936 2422 sed
951 2393 986 2423 de

241 2436 298 2464 solo
313 2434 406 2464 villico
423 2434 546 2462 omnium
559 2432 648 2471 exigat
663 2433 793 2461 rationem
808 2443 815 2460 :
830 2433 852 2461 si
865 2443 929 2471 ergo
945 2433 984 2462 in·

241 2482 281 2504 ter
308 2474 415 2503 colonos
441 2473 531 2511 aliqua
556 2471 766 2512 indisciplinatio
791 2472 873 2501 fuerit
895 2472 964 2502 foeda
976 2496 984 2510 ,

244 2515 429 2552 unusquisque
438 2523 486 2553 pro
496 2522 545 2541 suo
555 2512 654 2541 delicto
665 2522 726 2541 1005
737 2511 863 2548 efficitur,
878 2512 987 2541 villicus

242 2561 331 2583 antem
352 2564 400 2593 pro
424 2552 545 2581 omnium
563 2551 685 2590 delictis;
698 2558 724 2580 et
745 2551 849 2580 sibene
869 2551 985 2581 reditum

245 2604 322 2622 5111110
345 2591 522 2629 reddiderint,
544 2591 729 2631 unusquisque
747 2590 856 2630 quidem
875 2602 925 2631 pro
939 2603 986 2622 sua

1027 2075 1089 2104 bus.
1103 2075 1237 2111 Quoniam
1260 2083 1349 2105 autem
1359 2076 1387 2105 in
1399 2077 1519 2107 Ecclesia
1538 2088 1590 2107 non
1610 2080 1697 2108 solum
1708 2086 1775 2109 sunt

1028 2125 1159 2154 pauperes
1174 2114 1202 2143 in
1213 2116 1400 2155 corporalibus
1414 2117 1506 2153 rebus,
1521 2117 1567 2146 sed
1581 2119 1662 2148 etiam
1677 2119 1706 2148 in
1717 2119 1774 2159 spi—

1029 2154 1173 2184 ritualibus
1196 2155 1281 2184 multo
1300 2156 1471 2195 pauperiores
1488 2169 1495 2185 :
1515 2158 1554 2187 Ut
1573 2159 1622 2188 det
1645 2161 1725 2188 cibos
1745 2159 1777 2188 ἰπ

1032 2201 1166 2234 tempore,
1181 2193 1211 2223 id
1221 2202 1270 2232 est,
1284 2195 1313 2224 in'
1322 2202 1440 2235 tempore
1461 2204 1624 2237 opportuno.
1635 2198 1711 2236 Quid
1722 2205 1772 2236 est,

1033 2234 1060 2263 in
1073 2241 1191 2274 tempore
1201 2235 1372 2275 opportuno?
1383 2236 1469 2272 Quasi
1482 2244 1521 2266 est
1534 2237 1647 2278 aliquod
1657 2245 1708 2268 tem
1731 2249 1774 2276 115,

1033 2274 1142 2313 quando
1160 2284 1214 2303 non
1230 2282 1269 2304 est
1287 2282 1469 2315 opportunum
1492 2276 1588 2308 docere
1599 2301 1606 2315 ,
1630 2289 1691 2308 cum
1727 2278 1779 2308 icat

1034 2315 1162 2344 Salomon
1178 2327 1184 2342 ε
1201 2314 1345 2344 Doctrina
1360 2322 1387 2345 et
1387 2316 1439 2358 fla
1458 2317 1518 2346 ella
1531 2319 1564 2346 1'n
1577 2321 1656 2347 omni
1671 2325 1780 2358 tempo·
1790 2331 1862 2353 Ereti.

1035 2364 1076 2383 re.
1089 2353 1143 2383 Sed
1156 2361 1222 2394 puto
1236 2355 1287 2384 hoe
1299 2327 1503 2396 intelligendum
1522 2363 1629 2397 tempus
1649 2365 1781 2398 opportu<
1790 2363 1815 2386 6.

1037 2405 1102 2423 num
1116 2393 1255 2431 doctrinae,
1269 2395 1404 2433 quomodo
1417 2395 1484 2425 dicit
1494 2403 1520 2426 et
1530 2398 1661 2437 propheta
1676 2409 1684 2427 ε
1702 2397 1781 2427 Tem·
1792 2408 1871 2438 Assae-4

1036 2445 1106 2473 pore
1126 2435 1302 2474 acceptabili
1320 2437 1460 2465 exaudivi
1470 2442 1509 2472 te,
1526 2442 1554 2466 01
1567 2438 1600 2465 in
1614 2437 1662 2466 die
1675 2437 1782 2467 salutis

1038 2475 1141 2513 adjuvi
1155 2481 1193 2502 te.
1212 2474 1327 2511 Quando
1343 2475 1526 2505 misericordia
1546 2476 1597 2507 Dei
1617 2487 1671 2506 non
1684 2483 1724 2506 est
1738 2487 1783 2507 ac-

1038 2514 1197 2554 ceptabilis?
1216 2513 1270 2544 Sed
1291 2516 1427 2556 praecipue
1444 2522 1508 2545 tunc
1531 2523 1570 2545 est
1592 2517 1782 2558 acceptabilis,

1039 2553 1148 2592 quando
1164 2554 1325 2584 necessitatis
1340 2562 1366 2584 et
1387 2556 1514 2594 angustiae
1534 2562 1640 2596 tempus
1657 2563 1696 2586 est
1713 2568 1720 2585 :
1734 2557 1784 2585 510-

1042 2600 1071 2621 111
1094 2600 1119 2622 et
1140 2604 1244 2633 semper
1264 2594 1358 2634 pluvia
1380 2594 1450 2625 bona
1477 2602 1537 2633 est,
1558 2596 1677 2627 maxime
1698 2602 1785 2626 tamen
