1890 2826
630 157 764 181 CONTRA
790 157 960 194 TREATRA,
988 158 1063 181 E'rc.
1093 159 1218 183 SERMO.

124 219 291 260 πατριάρχην
299 218 370 248 θέλει
375 223 477 258 χρῖσαι,
485 219 580 252 ζῶντος
588 219 652 257 ἐμοῦ
657 219 690 254 ,ἢ
704 217 820 251 ἔνώπιος
830 219 894 248 ἐνω-

123 259 178 299 nup
189 260 359 298 διαλεχθῆναι
368 258 437 290 ,καὶ
450 259 524 297 ωωνῇ
538 257 610 297 ζώσῃ
623 258 788 298 παραδοῦναι
801 257 895 297 νόμους

123 299 257 339 θεοφιλῶς
271 297 345 338 βίου,
358 294 396 331 οἷς
408 290 504 340 ὁδεύων
524 297 694 337 εὖαρεστήσει
707 299 746 337 τῷ
761 296 894 327 κτίσαντι.

162 457 256 486 Ταῦτα
269 456 317 495 μὲν
331 452 375 487 οὗν
387 456 432 486 καὶ
443 459 552 486 τοιαῦτα
565 455 724 486 ἀκούσεσθαι
737 455 810 496 παρὰ
823 457 901 486 Θεοῦ-

122 495 316 536 προσεδόκησεν
329 499 344 526 ὁ
358 496 499 536 μακάριος·
524 499 539 526 ὁ
558 496 586 526 δὲ
608 496 676 530 Θεὸς
698 495 737 531 τί;
753 495 896 535 Ἀνένεγκε,

121 587 387 651 ζειαιδτιῖρᾶυλλῗνᾶᾞές
397 587 600 655 ςἰνῖιιτιτερὸλήτοο
613 587 726 648 vetis-tem<
733 637 742 651 ‚
755 616 778 644 ὢ
789 586 841 650 τῆξ
849 625 894 655 φι-

122 654 212 684 λοθέου
237 656 332 695 ψυχῆς.
357 655 472 685 Οὐδέπω
488 655 557 688 Θεὸς
575 654 709 685 ἐπαύσατο
722 655 826 690 καλῶν,
848 655 893 684 καὶ

120 694 187 762 {poc
199 693 247 743 ῖὴν
261 694 379 746 ὑπακοὴν
390 694 511 770 Ἀδραὰςι.
521 696 640 770 §gay
649 693 792 763 ἑξετεῖ-ἴῃς,
802 693 894 763 2355-

122 744 248 811 μίθςνοιιένὶΕ
291 745 431 803 οῧανηίτέιτῖς
437 746 526 803 Ἄλλοι
538 746 659 813 πατέηριῖὶν
673 745 826 811 ἤνεγεεῗςᾶν
843 772 892 809 τὴν

121 812 245 849 τοιαύτην
260 812 348 853 φωνὴν
359 835 369 851 ,
391 813 437 843 καὶ
451 815 480 843 οὗ
499 815 666 853 παραχρῆμα
687 812 830 843 κατέπεσεν
855 815 892 846 εἷς

121 854 171 891 γῆν
179 873 188 887 ,
200 853 299 892 ἀθυμίᾳ
310 853 344 882 τὰ
357 852 426 891 μέλη
439 852 540 889 λυθείς;
558 852 576 888 ἢ
588 853 658 892 τάχα
673 853 736 892 παρ’
751 854 824 892 αὐτῷ
836 853 891 881 διε-

122 891 209 931 φθάρή
221 893 260 932 τῷ
271 903 357 931 προσ-ε
366 891 374 903 ’
393 892 524 931 ματι,ὓτι·ὸ
531 895 662 932 πατρικῆς
675 891 813 925 διαθέσεως
826 904 892 932 πυρ-

120 930 295 969 πολούμενος;
310 931 351 961 Τὸ
361 943 378 971 γ
399 943 412 972 ρ
431 935 478 961 τοῦ
497 933 701 972 προστάγματος
715 931 892 971 ἀπαραμύθη-

121 981 166 999 τον
176 970 265 1000 ἄκουε.
283 972 343 1001 Οὔκ
359 973 396 1004 εἷς
417 971 520 1012 σφαγὴν
541 972 632 1004 ἁπλῶς
644 971 728 1011 ᾔτησε
748 970 793 1000 τὸν
807 971 864 1000 νέον
877 973 891 1000 ὁ

120 1009 204 1045 Θεὸς,
219 1009 263 1039 ἶνα
273 1010 331 1050 ἔχοι
340 1010 372 1040 τὸ
383 1010 507 1051 λείψανον
523 1013 538 1040 ὁ
555 1011 639 1051 γέρων
654 1010 823 1050 παραμυθίαν
844 1013 890 1039 τοῦ

120 1049 219 1083 πάθους
237 1052 276 1090 τῷ
286 1050 362 1090 τάφῳ
381 1050 618 1090 παρακαθήμενος·
635 1051 694 1079 ἀλλ’
719 1052 756 1083 εἷς
777 1049 890 1090 ὁλοκοίρ-

120 1100 206 1118 πωσιν
215 1111 223 1126 ,
235 1091 272 1123 εἰς
283 1090 456 1138 ἐμπρησμὸέ,
469 1092 506 1123 εἷς
513 1090 660 1139 ἀφανισμὸν
674 1090 791 1138 παντελῆ
801 1111 812 1124 ,
822 1090 892 1140 ὅπως

122 1128 190 1166 μηδὲ
202 1128 325 1169 προχέειν
339 1129 388 1169 ἔχῃ
407 1141 456 1164 της
467 1131 576 1168 καρδιας
588 1130 636 1165 τὴν
652 1130 785 1168 ἀλγηδονα
799 1130 892 1158 ἐπιοα-

121 1168 208 1207 κρίκον
218 1170 257 1208 τῷ
270 1168 385 1206 σώματι.
406 1170 474 1198 Ἀλλ’
488 1169 559 1207 ὅμως
573 1170 597 1198 εἰ
612 1169 658 1199 καὶ
672 1169 802 1208 ἀφόρητον
817 1164 849 1204 ἧν
860 1169 891 1198 τὸ

119 1207 614 1288 ἷᾷῗῗὶἷῖμῗεέἷαὶσῗόᾍτῖἒέἷῗέ
622 1208 726 1278 aff*
740 1207 891 1286 δῖἷςῖἱῗέῗ

119 1291 174 1315 πᾶν
187 1285 238 1326 γὰρ
245 1259 376 1322 iti-6120
386 1287 517 1327 συμφέρον
527 1283 595 1316 εἶναι
605 1287 650 1317 καὶ
661 1258 769 1326 ἀγὲθῖῖ,
779 1287 794 1316 ὃ
805 1298 891 1327 προσ-

119 1325 212 1355 τάσσει
222 1325 300 1359 Θεός.
314 1328 462 1366 Τοιγαροῦν
476 1327 617 1366 προθύμως
630 1326 755 1365 ὑπομένει
769 1326 800 1356 τὸ
809 1326 891 1366 πρόσ-

118 1376 210 1404 ταγμα
219 1387 227 1402 ,
255 1365 300 1394 καὶ
314 1367 372 1404 μεθ’
392 1366 487 1401 ἡδονῆς
501 1366 635 1406 ἀφράστου
646 1366 694 1402 τὴν
708 1366 798 1396 θυσίαν
812 1366 891 1406 ἐργά-

118 1405 192 1438 ζεται
201 1427 210 1441 ,
220 1407 304 1434 ταῦτα
315 1406 502 1444 λογισάμενος,
513 1408 549 1439 ὡς
564 1406 646 1439 εἰκός·
658 1406 764 1439 ἄτεκνος
778 1406 831 1435 ἀπὸ
844 1409 890 1435 τοῦ

118 1446 178 1479 νῦν,
192 1445 251 1473 ἀλλ’
261 1444 313 1483 ἐγὼ
321 1445 412 1474 τέκνον
421 1446 492 1474 Θεοῦ
503 1446 536 1474 δι’
545 1447 664 1480 ὑπακοῆς
675 1445 782 1484 γίνομαι
791 1457 798 1463 ·
810 1447 890 1475 ἀπολ-
905 1451 924 1475 Ε

117 1483 174 1512 λύω
195 1483 240 1513 τὸν
252 1484 430 1523 κληρονόμον,
443 1484 512 1514 ἀλλὰ
523 1486 678 1524 κληρονομῶ
689 1485 723 1514 τὰ
733 1485 868 1534 μέλλοντα
880 1495 886 1502 ·

117 1524 167 1551 οὐκ
176 1523 228 1562 ὄψο
269 1536 278 1552 ι
292 1524 336 1553 τὸν
357 1523 422 1559 υἱὸν,
438 1525 496 1553 ἀλλ’
511 1524 610 1564 ὄψομαι
627 1524 672 1554 τὸν
685 1525 755 1554 Θεον
764 1536 771 1543 ·
793 1526 823 1553 οὖ
837 1535 889 1563 γη-

119 1561 214 1601 pogen
234 1574 276 1592 σει
289 1574 323 1600 με
337 1567 414 1599 παῖς,
428 1563 497 1592 ἀλλὰ
510 1575 610 1604 γηροτρ
644 1563 704 1598 ἥσει
718 1563 802 1596 Θεός·
817 1575 889 1603 μεμ-

119 1600 252 1640 φθήσομαι
275 1601 349 1640 παρὰ
365 1604 418 1630 τῶν
439 1603 555 1638 ἀνοήτων
566 1623 574 1637 ,
597 1574 655 1631 8333
673 1602 891 1642 ἀποδεχθήσομαι

117 1639 192 1679 παρὰ
204 1643 249 1669 τοῦ
262 1640 396 1680 πανσόφου
405 1650 412 1657 ·
425 1641 538 1677 λυπήσω
551 1641 599 1677 τὴν
613 1641 720 1682 Σάῤῥαν
729 1663 737 1678 ,
753 1642 811 1670 ἀλλ’
825 1643 890 1671 εὐα-

120 1678 241 1718 ρεστήσω
254 1682 293 1730 u}
303 1679 438 1710 κτίσαντι·
453 1680 473 1709 ἔ·
485 1693 507 1710 ω
518 1681 619 1716 πολλὴν
630 1680 799 1721 παραμυθίαν
810 1692 817 1699 ·
839 1682 888 1710 λυ-

118 1723 163 1747 πεῖ
178 1730 212 1757 με
226 1721 327 1755 θανων,
340 1721 398 1749 ἀλλ’
414 1721 437 1748 ῐε
469 1732 485 1749 α
498 1723 544 1750 τοῦ
558 1720 686 1760 Ὑψίστου
700 1724 779 1750 ποιεῖ·
791 1720 890 1750 ἄπαιδα

118 1758 288 1795 καθίστησιν,
309 1759 378 1788 ἀλλὰ
396 1758 500 1798 πατέρα
521 1760 753 1808 προπομέρτυρος.
775 1760 823 1796 Μὴ
837 1760 889 1801 γὰρ

911 779 929 802 D
945 772 1069 812 pessendi
1092 773 1200 803 initium
1221 773 1346 802 reddens.

1622 151 1693 200 659

947 219 1060 256 Quare?
1075 219 1157 249 Plane
1170 226 1201 250 ut
1209 231 1244 250 ex
1257 220 1329 251 edito
1340 221 1505 261 sublimique
1516 222 1576 253 loco
1588 229 1671 254 totam
1682 248 1690 261 ‚

948 264 979 287 ut
1001 258 1186 298 promissionis
1209 260 1320 297 heredi,
1335 267 1434 290 terram
1456 262 1508 302 ipsi
1529 263 1690 301 ostenderet,

947 297 991 327 vel
1012 308 1074 327 sane
1086 299 1147 329 vult
1167 299 1257 337 illum,
1273 300 1370 339 inquit,
1384 312 1427 330 me
1440 302 1582 342 superstite
1597 303 1626 332 in
1667 315 1695 333 a·

947 336 1093 366 triarcham
1107 338 1252 378 inungere,
1268 347 1314 369 aut
1326 351 1442 380 praesens
1456 349 1613 381 praesentem
1623 313 1692 372 alio-

949 376 1007 415 qui,
1024 384 1050 406 et
1060 377 1123 407 viva
1136 388 1203 407 voce
1214 378 1285 418 leges
1296 379 1348 424 ipsi
1362 380 1466 409 tradere
1479 381 1611 421 religiosae
1620 382 1692 419 vitm,

947 415 975 445 in
989 427 1043 454 qua
1057 417 1180 446 inccdens
1193 419 1313 447 Creatori
1346 419 1477 449 laciturus
1489 427 1540 449 est.

987 456 1018 485 h.
1041 457 1104 486 Haec
1125 456 1215 495 itaque
1227 464 1254 486 et
1266 430 1366 487 similia
1388 469 1416 489 se
1435 459 1591 489 auditurum
1605 471 1620 489 a
1634 462 1692 490 Deo

947 504 1003 524 esse
1016 496 1140 540 sperabat
1159 496 1252 526 beatus
1272 497 1319 526 ille
1333 509 1340 526 ε
1356 499 1430 527 Deus
1441 506 1529 528 autem
1540 499 1629 538 quid?
1643 501 1692 541 Of

938 535 1006 575 ser,
1027 535 1126 574 inquit,
1145 535 1231 565 illum
1252 538 1283 565 in
1306 537 1521 568 holocaustum.
1540 540 1692 569 Onerosum

946 574 1102 604 mandatum
1119 575 1163 605 vel
1183 575 1271 604 cuivis
1284 576 1397 612 homini,
1412 577 1512 606 nedum
1525 579 1607 618 patri,
1624 579 1693 619 ipsi-

946 624 999 652 que
1010 614 1098 671 prolis
1110 614 1219 645 amanti.
1234 616 1350 651 Verum,
1366 626 1382 644 o
1396 616 1478 646 fidem
1492 617 1692 658 incomparabi-

946 653 1000 683 lem
1009 675 1016 683 .
1029 664 1046 682 o
1060 653 1213 693 religiosam
1234 653 1366 683 animam!
1382 656 1509 685 Nondum
1523 658 1597 686 Deus
1610 658 1691 687 finem

945 692 1053 723 dicendi
1074 700 1100 722 et
1123 694 1239 723 vocandi
1261 695 1369 729 fecerat,
1393 701 1420 724 et
1438 695 1473 724 ad
1490 696 1692 734 obsequentiam

946 733 1082 762 Abraham
1097 740 1206 771 paratus
1219 740 1286 768 erat,
1301 733 1418 763 mandati
1433 734 1514 764 finem
1529 735 1634 765 itineris
1647 747 1693 766 ca-

1362 774 1432 811 Quis
1445 785 1478 804 ex
1492 774 1554 804 aliis
1568 776 1691 815 patribus

946 812 1026 842 talem
1036 821 1130 843 vocem
1143 813 1260 849 tulisset,
1276 823 1325 842 nec
1337 812 1479 853 derepente
1491 814 1518 843 in
1531 821 1628 844 terram
1641 814 1689 845 de-

944 851 1063 889 cidisset,
1082 852 1211 882 membris
1227 863 1342 882 moerore
1359 853 1474 882 solutis?
1486 860 1532 882 aut
1554 854 1624 884 forte
1636 865 1690 884 non

945 890 980 920 ad
999 892 1052 921 tale
1070 895 1233 931 praeee'ptum
1256 892 1414 928 intefiisset,
1436 900 1547 960 paterno
1568 895 1691 924 incensus

945 929 1040 960 affectu
1050 931 1064 960 Ξ)
1078 931 1151 960 Audi
1166 932 1237 960 enim
1259 942 1341 970 quam
1359 942 1439 961 conso
1451 932 1538 961 atione
1552 933 1625 962 omni
1639 945 1690 964 va-

944 980 1026 999 cuum
1038 971 1074 1000 sit
1087 970 1254 1000 mandatum.
1265 972 1326 1001 Non
1340 970 1374 1000 ad
1389 971 1489 1000 caedem
1500 978 1605 1002 tantum
1611 972 1691 1012 juve-

944 1019 1004 1038 nem
1028 1010 1124 1049 petivit
1144 1012 1234 1046 Deus3
1258 1017 1288 1039 ut
1311 1010 1369 1040 seni
1391 1010 1506 1041 cadaver
1527 1020 1688 1051 superesset,

943 1048 1017 1087 quod
1027 1048 1062 1078 ad
1076 1049 1202 1078 solatium
1214 1049 1317 1079 doloris
1336 1050 1365 1078 in
1387 1049 1511 1090 sepulcro
1523 1050 1686 1091 deponerem

943 1088 1030 1118 sedin
1043 1088 1244 1126 holocaustum,
1257 1089 1285 1118 in
1299 1088 1465 1127 incendium,
1479 1090 1506 1119 in
1525 1093 1688 1122 consumiio-

943 1137 1003 1157 nem
1027 1127 1209 1158 omnimodam
1221 1151 1229 1165 ‚
1251 1139 1285 1158 ne
1302 1129 1438 1158 effundere
1464 1129 1547 1159 animi
1567 1129 1689 1161 dolorem

942 1174 1032 1207 posset
1057 1167 1184 1213 lacrymis
1203 1168 1238 1197 ad
1258 1178 1356 1207 corpus
1384 1168 1462 1197 fusis.
1489 1171 1613 1199 Attamen
1639 1172 1688 1200 etsi

942 1206 1099 1236 mandatum
1115 1207 1284 1237 intolerabile
1297 1214 1376 1244 esset,
1389 1207 1465 1247 quod
1477 1209 1520 1238 vel
1533 1218 1599 1238 sono
1609 1210 1687 1239 verbi

942 1246 1089 1285 percellere
1096 1253 1196 1286 posset,
1205 1247 1296 1277 virum
1305 1247 1399 1285 utique
1411 1257 1426 1275 a
1438 1247 1532 1277 divino
1543 1259 1621 1278 sensu
1634 1259 1687 1279 non

942 1286 1057 1315 removit
1077 1298 1085 1315 ε
1103 1286 1274 1316 existimabat
1299 1287 1371 1316 enini
1397 1286 1587 1326 quodcumque
1613 1290 1688 1318 Deus

941 1325 1066 1365 praecipit
1084 1325 1149 1355 utile
1166 1326 1322 1364 bonumque
1343 1336 1409 1355 esse.
1422 1327 1516 1365 Itaque
1533 1327 1687 1357 mandatum

941 1364 1067 1394 alacriter
1083 1365 1157 1402 tulit,
1171 1371 1197 1394 et
1215 1366 1347 1395 ineffabili
1367 1366 1506 1406 voluptate
1525 1367 1688 1397 sacrificium

942 1404 1030 1440 offert,
1043 1404 1113 1441 haec,
1125 1411 1154 1434 ut
1167 1405 1275 1434 credere
1292 1412 1342 1442 est,
1355 1416 1444 1435 secum
1460 1412 1587 1445 reputans
1603 1419 1609 1435 ε
1626 1408 1687 1437 Jam

943 1443 1037 1473 liberis
1049 1444 1172 1481 orbatus,
1182 1444 1256 1474 filius
1266 1445 1315 1474 Dei
1328 1455 1378 1484 per
1388 1444 1565 1474 obedientiam
1577 1447 1663 1476 evado
1676 1458 1685 1476 ε

941 1482 1067 1512 heredem
1076 1483 1180 1519 amitto,
1189 1483 1235 1512 sed
1243 1484 1333 1513 futura
1344 1485 1372 1513 in
1382 1483 1555 1513 hereditatem
1565 1486 1686 1525 accipi03

941 1532 996 1551 non
1009 1522 1108 1552 videbo
1122 1523 1221 1559 filium,
1237 1522 1284 1552 sed
1296 1523 1395 1552 videbo
1409 1525 1513 1561 Deum;
1530 1534 1583 1552 non
1597 1535 1686 1555 senem

941 1572 985 1590 me
998 1562 1096 1590 nutriet
1109 1561 1193 1597 filius,
1210 1562 1257 1590 sed
1276 1573 1366 1591 senem
1379 1563 1431 1592 alet
1447 1564 1538 1598 Deus;
1562 1574 1578 1592 a
1597 1564 1688 1593 stultis

941 1600 1132 1640 reprehendar,
1147 1600 1194 1630 sed
1205 1601 1408 1640 sapientissimo
1427 1602 1469 1631 illi
1482 1602 1612 1641 probatus
1625 1614 1686 1639 ero3

942 1650 1055 1669 moerore
1079 1639 1196 1669 afficiam
1221 1641 1325 1677 Saram,
1348 1640 1396 1670 sed
1418 1641 1529 1681 placebo
1549 1643 1685 1678 Creatori;

941 1679 1027 1708 multa
1041 1680 1116 1709 fruor
1129 1679 1308 1709 consolatione
1326 1691 1334 1717 ;
1346 1679 1441 1710 dolore
1458 1691 1500 1710 me
1518 1681 1602 1710 afficit
1614 1693 1687 1711 mors

941 1719 1011 1758 ejus,
1026 1719 1073 1748 sed
1088 1719 1221 1748 Altissimi
1243 1720 1406 1750 sacerdotem
1427 1720 1523 1758 effici13
1539 1720 1633 1751 liberis
1641 1732 1685 1751 or-

941 1757 1007 1787 bum
1020 1758 1166 1794 constituit,
1176 1758 1222 1788 sed
1237 1766 1338 1798 patrem
1350 1759 1447 1800 primis
1459 1760 1596 1800 martyriS.
1611 1762 1684 1791 Num

118 1798 278 1827 ἀπόλλυται·
291 1798 400 1835 'lomim
421 1799 584 1838 Καθαίρεται
607 1811 623 1829 τ
663 1799 727 1839 πυρὶ
742 1799 774 1829 τὸ
793 1802 932 1838 σῶμα,55;
943 1797 1013 1836 perit
1030 1798 1125 1827 Isaac?
1147 1799 1281 1838 Purgatur
1302 1799 1363 1838 igne
1381 1810 1497 1839 corpus,
1516 1800 1647 1831 liberatur
1668 1813 1684 1831 a

116 1836 209 1866 λύεται
220 1839 272 1866 τῶν
285 1840 332 1874 τῆς
346 1838 442 1878 σαρκὸς
461 1839 577 1875 ἡδονῶν,
596 1839 628 1868 ἐκ
662 1839 742 1878 μήσει
755 1841 801 1869 τοῦ
817 1839 888 1878 βίου,
905 1843 925 1866 Α
941 1837 1028 1866 carnis
1041 1837 1105 1867 volu
1126 1837 1236 1874 tatibus,
1261 1838 1390 1877 migrabit
1402 1850 1415 1867 a
1430 1839 1496 1872 vita.
1512 1839 1559 1869 sed
1573 1842 1686 1871 commi-

118 1876 177 1906 ἀλλ’
198 1877 342 1916 ἕνδημήσει
361 1877 426 1917 πρὸς
438 1878 546 1917 Κύριον.
558 1878 694 1912 Τοιούτοις
707 1880 841 1918 λογισμοῖς
855 1879 889 1908 τὰ

117 1917 166 1951 τῆς
178 1916 279 1956 φ’ύσεως
292 1917 423 1957 νευρώσας
445 1917 648 1957 συμπτώματα,
664 1918 708 1947 ἐπὶ
733 1918 782 1954 τὴν
797 1918 888 1948 θυσίαν

117 1955 267 1995 ἐπείγεται,
282 1956 407 1991 ἐπισάξας
417 1956 466 1992 τὴν
479 1957 537 1986 ὄνον
545 1980 553 1994 ,
578 1957 657 1993 θήξαις
670 1957 718 1993 τὴν
733 1957 869 1997 μάχαιραν
881 1981 889 1995 ,

116 1994 151 2024 τὰ
174 1995 253 2031 ξύλα,
273 1996 304 2025 τὸ
325 1999 379 2036 πῦρ
402 1996 559 2036 εὐτρεπίσας
573 2019 581 2033 ,
609 1997 654 2026 τὸν
680 1996 735 2026 υἱὸν
756 1998 792 2030 ὡς
807 1997 888 2036 ἀμνὸν

116 2035 293 2074 ἐπαγόμενος,
310 2036 355 2065 καὶ
370 2036 455 2065 οὐδενὶ
468 2036 516 2072 τὴν
531 2036 601 2066 θείαν
615 2036 700 2070 ἐξεῖπε
715 2036 820 2077 φωνὴν,
841 2039 888 2067 οὐκ

117 2074 308 2104 ἀνεκοινώσατο
318 2075 422 2115 φίλως,
444 2076 504 2106 οὐδὲ
518 2077 584 2115 αὐτῇ
599 2078 715 2116 κοινωνῷ
730 2078 777 2111 τ’ἠς
790 2079 868 2116 γονῆς
880 2098 887 2111 ,

117 2113 147 2141 οὗ
161 2116 245 2152 μισῶν
257 2113 305 2149 τὴν
319 2114 443 2154 σύζυγον,
457 2115 526 2144 ἀλλὰ
537 2115 581 2145 τὸν
592 2115 649 2155 ὅφιν
683 2115 833 2154 οὸούμενος,
849 2116 886 2154 μὴ

116 2152 247 2191 προφάσει
272 2154 435 2192 φιλοτεκνίας
453 2154 574 2195 ἀμὸλύνῃ
589 2127 737 2189 θεοσεέείας
760 2156 886 2191 σπουδήν.

116 2190 154 2220 Ὦ
166 2191 280 2224 πίστεως
293 2192 375 2231 ἄκρας
388 2214 397 2229 ,
420 2193 443 2222 ὢ
461 2194 554 2234 σοφίας
572 2194 784 2234 ἀνυπερὲλήτου.
807 2196 885 2224 Ἐνε-

117 2229 207 2266 νόησεν
221 2232 236 2260 ὁ
249 2231 416 2271 πατριάρχης
428 2232 499 2262 πόσα
511 2233 676 2272 συμὸήσεται
689 2233 775 2269 κακὰ,
802 2234 885 2263 ἐκπύ-

116 2281 179 2299 στου
192 2269 328 2309 γινομένου
341 2274 388 2300 τοῧ
407 2271 476 2300 θείου
490 2272 706 2311 προστάγματος,
720 2273 800 2306 πόσος
811 2273 886 2303 ἔσται

116 2311 223 2349 θρῆνος,
245 2309 325 2343 πόσος
350 2309 499 2349 κλαυθμὸς,
524 2311 594 2341 πόσα
613 2311 722 2350 δάκρυα.
745 2312 796 2342 Διὰ
814 2315 885 2342 τοῦτ’

115 2350 238 2387 ἱχεμυθεῖ
253 2371 261 2383 ,
276 2351 364 2388 eumz-'fi
376 2349 506 2379 σὸεννύων
521 2350 636 2389 μεγάλην
658 2351 779 2391 ὀδυρμῶν
792 2351 886 2391 φλόγα.

116 2387 152 2416 Τί
165 2388 200 2426 γὰ
227 2387 277 2417 οἴει
290 2389 384 2428 δρᾶσαι
400 2389 449 2424 τὴν
464 2389 569 2429 Σάῤῥαν
587 2389 736 2420 ἀκούσασαν
758 2392 819 2431 περὶ
837 2394 885 2427 τῆς

117 2427 177 2455 ἀναι
208 2438 273 2460 ow<
295 2431 341 2457 τοῦ
356 2427 465 2463 τέκνου;
491 2430 520 2458 οὗ
531 2429 696 2468 περιεπλάκη
708 2429 739 2459 ἂν
760 2429 835 2464 εὐθὺς
845 2433 884 2460 τῶ

84 2459 89 2466 i
117 2464 157 2494 Ἰσ
193 2477 225 2502 κ,
241 2466 311 2496 ἔνδον
325 2467 403 2497 αὐτὸν
415 2468 512 2505 πάλιν,
534 2470 556 2498 εἷ
566 2464 619 2497 οἶόν
632 2480 662 2497 τε
675 2465 721 2506 ἦν,
743 2471 775 2510 τῇ
789 2481 884 2511 γαστρι

942 1877 1030 1915 grabit
1052 1876 1088 1906 ad
1127 1877 1258 1907 ominum.
1281 1878 1395 1907 Talibus
1418 1878 1564 1909 ratiociniis
1582 1888 1685 1910 naturae

940 1915 1050 1945 affectus
1064 1915 1235 1952 confirmans,
1250 1915 1284 1946 ad
1298 1917 1461 1948 sacrificium
1471 1927 1612 1963 properat,
1627 1921 1684 1950 asi-

941 1964 1006 1984 num
1016 1955 1120 1990 stravit,
1132 1955 1253 1995 gladium
1259 1957 1340 1993 acuit,
1350 1957 1421 1996 ligna
1433 1965 1459 1987 et
1469 1969 1556 1996 ignem
1566 1959 1682 1999 paravit,

941 1994 1030 2024 filium
1045 2002 1074 2024 ut
1085 2001 1185 2034 agnum
1205 1995 1358 2031 abducens,
1384 1997 1538 2036 neminique
1562 1999 1684 2030 divinam

940 2035 1109 2064 annuntiavit
1122 2045 1216 2065 vocem
1230 2047 1236 2064 ε
1250 2045 1303 2064 non
1317 2037 1524 2067 communicavit
1538 2049 1600 2068 cum
1614 2039 1682 2068 ami—

940 2073 989 2109 cis,
1004 2074 1111 2113 nequei
1132 2074 1155 2103 si
1167 2074 1275 2114 conjugi
1297 2075 1380 2104 simul
1402 2076 1505 2115 parenti
1523 2089 1530 2105 ε
1546 2089 1599 2108 non
1610 2078 1684 2116 quod

940 2113 1081 2153 conjugem
1129 2114 1156 2143 io
1170 2113 1290 2150 haberet,
1303 2114 1351 2143 sed
1363 2115 1437 2153 quod
1447 2124 1596 2156 serpentem
1607 2118 1685 2146 time-

939 2159 991 2187 ret,
1007 2162 1039 2181 ne
1052 2153 1151 2182 amoris
1171 2163 1235 2191 erga
1253 2153 1357 2193 prolem
1367 2155 1489 2191 obtentu,
1505 2157 1611 2195 pietatis
1625 2163 1683 2185 stu-

940 2190 1018 2221 dium
1031 2193 1187 2222 remitteret.
1200 2194 1225 2222 Ο
1238 2203 1370 2223 summam
1384 2194 1480 2223 fidem!
1494 2205 1510 2223 ο
1525 2195 1682 2236 sapientiam

939 2230 1194 2271 incomparabilem!
1227 2233 1326 2262 Secum
1361 2234 1495 2273 reputavit
1530 2234 1683 2274 patriarcha

939 2277 1038 2308 quanta
1055 2278 1182 2301 eventura
1195 2279 1282 2302 essent
1295 2271 1376 2308 mala,
1393 2273 1416 2301 si
1432 2272 1556 2302 divinum
1571 2273 1683 2302 manda-

938 2315 997 2339 tum
1009 2317 1102 2340 notum
1114 2311 1208 2349 fieret3
1223 2318 1339 2349 quantus
1355 2311 1443 2340 luctus
1462 2312 1541 2348 foret,
1564 2318 1684 2350 quantus

938 2348 1028 2386 fletus,
1047 2357 1152 2388 quautae
1172 2350 1307 2390 lacrymae.
1324 2349 1390 2379 Ideo
1405 2357 1482 2383 tacet.
1501 2361 1623 2389 magnam
1638 2351 1682 2379 la-

938 2395 1089 2419 mentorum
1111 2390 1246 2419 flammam
1273 2389 1378 2418 silentio
1400 2389 1581 2427 exstinguens.
1605 2389 1681 2426 Quid

938 2429 1008 2458 enim
1022 2435 1103 2468 putas
1115 2430 1244 2458 facturam
1259 2429 1353 2457 saram
1364 2428 1456 2461 fuisse,
1471 2428 1493 2456 si
1507 2427 1541 2456 de
1554 2438 1618 2458 nece
1628 2429 1679 2457 filii

937 2467 1085 2497 audiisset?
1099 2478 1187 2498 annon
1201 2468 1339 2506 complexa
1358 2467 1446 2495 statim
1461 2467 1582 2496 isaacum
1600 2475 1678 2504 esset,

119 2504 285 2544 κατακρύψαι
307 2507 500 2546 μηχανωμένη,
519 2507 607 2536 τέκνον
622 2508 745 2558 ρίλτατον
766 2509 883 2539 ἀπόλλυ-
901 2515 918 2538 n
936 2517 1045 2536 rursum
1060 2507 1086 2536 in
1109 2514 1194 2542 utero,
1217 2507 1239 2534 si
1263 2506 1403 2544 potuisset,
1426 2505 1574 2541 inclusum,
1591 2507 1676 2540 Poris,

118 2555 162 2572 σαι
171 2565 179 2579 ,
202 2544 314 2582 λέγουσα
323 2568 330 2582 ,
345 2547 372 2574 ἐν
386 2546 485 2578 θυσίαις
498 2548 719 2586 πολιορκουμεθα;
733 2550 837 2578 Θᾶττον
851 2550 883 2579 ἂν

937 2549 978 2579 sili
993 2550 1136 2587 carissime,
1148 2549 1280 2587 inquiens,
1295 2548 1431 2578 sacrificiis
1443 2549 1620 2579 obsidemur?
1633 2551 1681 2580 Ci-
