<?xml version="1.0" encoding="UTF-8"?>
<!DOCTYPE html PUBLIC "-//W3C//DTD XHTML 1.0 Transitional//EN"
    "http://www.w3.org/TR/xhtml1/DTD/xhtml1-transitional.dtd">
<html xmlns="http://www.w3.org/1999/xhtml" xml:lang="en" lang="en">
 <head>
  <title>
</title>
<meta http-equiv="Content-Type" content="text/html;charset=utf-8" />
  <meta name='ocr-system' content='tesseract 3.04.00' />
  <meta name='ocr-capabilities' content='ocr_page ocr_carea ocr_par ocr_line ocrx_word'/>
</head>
<body>
  <div class='ocr_page' id='page_1' title='image "./operaomniaquaeex06johnuoft_0850.png"; bbox 0 0 1904 2840; ppageno 0'>
   <div class='ocr_carea' id='block_1_1' title="bbox 241 178 309 212">
    <p class='ocr_par' dir='ltr' id='par_1_1' title="bbox 241 178 309 212">
     <span class='ocr_line' id='line_1_1' title="bbox 241 178 309 212; baseline -0.015 0"><span class='ocrx_word' id='word_1_1' title='bbox 241 178 309 212; x_wconf 80' lang='lat'>830</span> 
     </span>
    </p>
   </div>
   <div class='ocr_carea' id='block_1_2' title="bbox 835 181 1183 207">
    <p class='ocr_par' dir='ltr' id='par_1_2' title="bbox 835 181 1183 207">
     <span class='ocr_line' id='line_1_2' title="bbox 835 181 1183 207; baseline -0.003 0"><span class='ocrx_word' id='word_1_2' title='bbox 835 183 919 207; x_wconf 83' lang='lat' dir='ltr'>OPUS</span> <span class='ocrx_word' id='word_1_3' title='bbox 945 181 1183 207; x_wconf 74' lang='lat' dir='ltr'>lMPERFRcTum</span> 
     </span>
    </p>
   </div>
   <div class='ocr_carea' id='block_1_3' title="bbox 189 241 1774 284">
    <p class='ocr_par' dir='ltr' id='par_1_3' title="bbox 189 241 1774 284">
     <span class='ocr_line' id='line_1_3' title="bbox 189 241 1774 284; baseline -0.002 -5"><span class='ocrx_word' id='word_1_4' title='bbox 189 241 191 243; x_wconf 25' lang='grc' dir='ltr'>Ι</span> <span class='ocrx_word' id='word_1_5' title='bbox 238 249 319 279; x_wconf 90' lang='lat' dir='ltr'>modo</span> <span class='ocrx_word' id='word_1_6' title='bbox 329 257 391 278; x_wconf 86' lang='lat' dir='ltr'>cum</span> <span class='ocrx_word' id='word_1_7' title='bbox 404 247 496 277; x_wconf 89' lang='lat' dir='ltr'>nullus</span> <span class='ocrx_word' id='word_1_8' title='bbox 509 246 545 276; x_wconf 87' lang='lat' dir='ltr'>sit</span> <span class='ocrx_word' id='word_1_9' title='bbox 557 243 683 281; x_wconf 77' lang='lat' dir='ltr'>infidelis,</span> <span class='ocrx_word' id='word_1_10' title='bbox 697 241 880 277; x_wconf 74' lang='lat' dir='ltr'>faciendorum</span> <span class='ocrx_word' id='word_1_11' title='bbox 893 245 977 275; x_wconf 84' lang='lat' dir='ltr'>mira·</span> <span class='ocrx_word' id='word_1_12' title='bbox 996 248 1017 271; x_wconf 83' lang='grc' dir='ltr'><strong>Δ</strong></span> <span class='ocrx_word' id='word_1_13' title='bbox 1031 252 1070 275; x_wconf 91' lang='lat' dir='ltr'>est</span> <span class='ocrx_word' id='word_1_14' title='bbox 1081 257 1088 274; x_wconf 77' lang='lat' dir='ltr'><strong><em>z</em></strong></span> <span class='ocrx_word' id='word_1_15' title='bbox 1098 252 1125 275; x_wconf 90' lang='lat' dir='ltr'>et</span> <span class='ocrx_word' id='word_1_16' title='bbox 1135 245 1182 284; x_wconf 87' lang='lat' dir='ltr'>qui</span> <span class='ocrx_word' id='word_1_17' title='bbox 1193 244 1282 274; x_wconf 85' lang='lat' dir='ltr'>honus</span> <span class='ocrx_word' id='word_1_18' title='bbox 1294 250 1345 282; x_wconf 68' lang='lat' dir='ltr'>est,</span> <span class='ocrx_word' id='word_1_19' title='bbox 1358 255 1374 274; x_wconf 81' lang='lat' dir='ltr'>a</span> <span class='ocrx_word' id='word_1_20' title='bbox 1383 245 1529 283; x_wconf 70' lang='lat' dir='ltr'>Deo&#39;esset,</span> <span class='ocrx_word' id='word_1_21' title='bbox 1540 243 1615 284; x_wconf 83' lang='lat' dir='ltr'>quod</span> <span class='ocrx_word' id='word_1_22' title='bbox 1625 244 1713 275; x_wconf 81' lang='lat' dir='ltr'>bonus</span> <span class='ocrx_word' id='word_1_23' title='bbox 1722 252 1774 276; x_wconf 57' lang='lat' dir='ltr'>at.</span> 
     </span>
    </p>
   </div>
   <div class='ocr_carea' id='block_1_4' title="bbox 91 285 991 2302">
    <p class='ocr_par' dir='ltr' id='par_1_4' title="bbox 239 285 980 325">
     <span class='ocr_line' id='line_1_4' title="bbox 239 285 980 325; baseline -0.005 -7"><span class='ocrx_word' id='word_1_24' title='bbox 239 289 362 318; x_wconf 85' lang='lat' dir='ltr'>culorum</span> <span class='ocrx_word' id='word_1_25' title='bbox 376 287 515 316; x_wconf 82' lang='lat' dir='ltr'>necessitas</span> <span class='ocrx_word' id='word_1_26' title='bbox 527 296 581 315; x_wconf 88' lang='lat' dir='ltr'>non</span> <span class='ocrx_word' id='word_1_27' title='bbox 593 292 641 319; x_wconf 49' lang='lat' dir='ltr'>est,</span> <span class='ocrx_word' id='word_1_28' title='bbox 654 286 729 325; x_wconf 69' lang='lat' dir='ltr'>Ergo</span> <span class='ocrx_word' id='word_1_29' title='bbox 739 286 762 315; x_wconf 90' lang='lat' dir='ltr'>si</span> <span class='ocrx_word' id='word_1_30' title='bbox 773 285 871 315; x_wconf 88' lang='lat' dir='ltr'>inutile</span> <span class='ocrx_word' id='word_1_31' title='bbox 887 285 980 315; x_wconf 79' lang='lat' dir='ltr'>fecerit</span> 
     </span>
    </p>

    <p class='ocr_par' dir='ltr' id='par_1_5' title="bbox 238 325 988 485">
     <span class='ocr_line' id='line_1_5' title="bbox 238 325 980 373; baseline -0.003 -17"><span class='ocrx_word' id='word_1_32' title='bbox 238 329 356 373; x_wconf 73' lang='lat' dir='ltr'>signum,</span> <span class='ocrx_word' id='word_1_33' title='bbox 371 327 454 356; x_wconf 85' lang='lat' dir='ltr'>falsus</span> <span class='ocrx_word' id='word_1_34' title='bbox 473 325 602 366; x_wconf 82' lang='lat' dir='ltr'>propheta</span> <span class='ocrx_word' id='word_1_35' title='bbox 623 332 683 356; x_wconf 84' lang='lat' dir='ltr'>est:</span> <span class='ocrx_word' id='word_1_36' title='bbox 701 325 763 364; x_wconf 81' lang='lat' dir='ltr'>quia</span> <span class='ocrx_word' id='word_1_37' title='bbox 787 335 840 354; x_wconf 91' lang='lat' dir='ltr'>non</span> <span class='ocrx_word' id='word_1_38' title='bbox 861 325 934 362; x_wconf 85' lang='lat' dir='ltr'>facit,</span> <span class='ocrx_word' id='word_1_39' title='bbox 949 330 980 354; x_wconf 90' lang='lat' dir='ltr'>ut</span> 
     </span>
     <span class='ocr_line' id='line_1_6' title="bbox 238 364 988 404; baseline -0.004 -8"><span class='ocrx_word' id='word_1_40' title='bbox 238 367 322 396; x_wconf 81' lang='lat' dir='ltr'>alium</span> <span class='ocrx_word' id='word_1_41' title='bbox 336 366 449 396; x_wconf 83' lang='lat' dir='ltr'>aedificet</span> <span class='ocrx_word' id='word_1_42' title='bbox 462 366 489 395; x_wconf 91' lang='lat' dir='ltr'>in</span> <span class='ocrx_word' id='word_1_43' title='bbox 501 365 565 401; x_wconf 86' lang='lat' dir='ltr'>fide,</span> <span class='ocrx_word' id='word_1_44' title='bbox 573 365 620 395; x_wconf 88' lang='lat' dir='ltr'>sed</span> <span class='ocrx_word' id='word_1_45' title='bbox 631 371 662 395; x_wconf 88' lang='lat' dir='ltr'>ut</span> <span class='ocrx_word' id='word_1_46' title='bbox 674 375 702 394; x_wconf 88' lang='lat' dir='ltr'>se</span> <span class='ocrx_word' id='word_1_47' title='bbox 711 364 832 394; x_wconf 86' lang='lat' dir='ltr'>ostendat</span> <span class='ocrx_word' id='word_1_48' title='bbox 844 365 872 394; x_wconf 90' lang='lat' dir='ltr'>in</span> <span class='ocrx_word' id='word_1_49' title='bbox 886 365 988 404; x_wconf 72' lang='lat' dir='ltr'>opere.v</span> 
     </span>
     <span class='ocr_line' id='line_1_7' title="bbox 238 404 979 446; baseline -0.004 -9"><span class='ocrx_word' id='word_1_50' title='bbox 238 406 391 446; x_wconf 79' lang='lat' dir='ltr'><em>Numquid</em></span> <span class='ocrx_word' id='word_1_51' title='bbox 404 406 546 445; x_wconf 84' lang='lat' dir='ltr'>colligunt</span> <span class='ocrx_word' id='word_1_52' title='bbox 557 406 593 434; x_wconf 85' lang='lat' dir='ltr'>de</span> <span class='ocrx_word' id='word_1_53' title='bbox 611 407 702 445; x_wconf 75' lang='lat' dir='ltr'>spinis</span> <span class='ocrx_word' id='word_1_54' title='bbox 715 406 798 440; x_wconf 67' lang='lat' dir='ltr'>uvas,</span> <span class='ocrx_word' id='word_1_55' title='bbox 814 410 866 433; x_wconf 87' lang='lat' dir='ltr'>aut</span> <span class='ocrx_word' id='word_1_56' title='bbox 880 404 917 433; x_wconf 83' lang='lat' dir='ltr'>de</span> <span class='ocrx_word' id='word_1_57' title='bbox 932 406 979 434; x_wconf 80' lang='lat' dir='ltr'>tri-</span> 
     </span>
     <span class='ocr_line' id='line_1_8' title="bbox 239 442 974 485; baseline -0.003 -10"><span class='ocrx_word' id='word_1_58' title='bbox 239 446 418 485; x_wconf 76' lang='lat' dir='ltr'>bul1&#39;sficus?</span> <span class='ocrx_word' id='word_1_59' title='bbox 430 446 491 475; x_wconf 80' lang='lat' dir='ltr'>Uva</span> <span class='ocrx_word' id='word_1_60' title='bbox 505 445 663 485; x_wconf 82' lang='lat' dir='ltr'><strong>mysterium</strong></span> <span class='ocrx_word' id='word_1_61' title='bbox 677 444 758 474; x_wconf 87' lang='lat' dir='ltr'>habet</span> <span class='ocrx_word' id='word_1_62' title='bbox 778 444 806 473; x_wconf 91' lang='lat' dir='ltr'>in</span> <span class='ocrx_word' id='word_1_63' title='bbox 818 454 845 473; x_wconf 84' lang='lat' dir='ltr'>se</span> <span class='ocrx_word' id='word_1_64' title='bbox 863 442 974 474; x_wconf 79' lang='lat' dir='ltr'>Christi.</span> 
     </span>
    </p>

    <p class='ocr_par' dir='ltr' id='par_1_6' title="bbox 238 483 978 523">
     <span class='ocr_line' id='line_1_9' title="bbox 238 483 978 523; baseline -0.005 -7"><span class='ocrx_word' id='word_1_65' title='bbox 238 486 314 517; x_wconf 84' lang='lat' dir='ltr'>Sicut</span> <span class='ocrx_word' id='word_1_66' title='bbox 320 485 390 515; x_wconf 89' lang='lat' dir='ltr'>enim</span> <span class='ocrx_word' id='word_1_67' title='bbox 400 485 494 514; x_wconf 78' lang='lat' dir='ltr'>botrus</span> <span class='ocrx_word' id='word_1_68' title='bbox 501 485 585 514; x_wconf 87' lang='lat' dir='ltr'>multa</span> <span class='ocrx_word' id='word_1_69' title='bbox 595 484 623 514; x_wconf 91' lang='lat' dir='ltr'>in</span> <span class='ocrx_word' id='word_1_70' title='bbox 636 495 664 514; x_wconf 89' lang='lat' dir='ltr'>se</span> <span class='ocrx_word' id='word_1_71' title='bbox 672 494 764 523; x_wconf 86' lang='lat' dir='ltr'>grana,</span> <span class='ocrx_word' id='word_1_72' title='bbox 773 483 847 523; x_wconf 82' lang='lat' dir='ltr'>ligno</span> <span class='ocrx_word' id='word_1_73' title='bbox 857 483 978 513; x_wconf 83' lang='lat' dir='ltr'>median-</span> 
     </span>
    </p>

    <p class='ocr_par' dir='ltr' id='par_1_7' title="bbox 238 522 977 564">
     <span class='ocr_line' id='line_1_10' title="bbox 238 522 977 564; baseline -0.003 -10"><span class='ocrx_word' id='word_1_74' title='bbox 238 532 274 562; x_wconf 89' lang='lat' dir='ltr'>te,</span> <span class='ocrx_word' id='word_1_75' title='bbox 285 524 439 564; x_wconf 73' lang='lat' dir='ltr'><strong>suspendit:</strong></span> <span class='ocrx_word' id='word_1_76' title='bbox 454 525 493 554; x_wconf 89' lang='lat' dir='ltr'>sic</span> <span class='ocrx_word' id='word_1_77' title='bbox 509 531 535 553; x_wconf 88' lang='lat' dir='ltr'>et</span> <span class='ocrx_word' id='word_1_78' title='bbox 557 524 681 554; x_wconf 81' lang='lat' dir='ltr'>Christus</span> <span class='ocrx_word' id='word_1_79' title='bbox 695 523 794 554; x_wconf 86' lang='lat' dir='ltr'>multos</span> <span class='ocrx_word' id='word_1_80' title='bbox 813 523 865 552; x_wconf 90' lang='lat' dir='ltr'>sibi</span> <span class='ocrx_word' id='word_1_81' title='bbox 884 522 977 553; x_wconf 66' lang='lat' dir='ltr'>fideles</span> 
     </span>
    </p>

    <p class='ocr_par' dir='ltr' id='par_1_8' title="bbox 238 563 976 605">
     <span class='ocr_line' id='line_1_11' title="bbox 238 563 976 605; baseline -0.003 -11"><span class='ocrx_word' id='word_1_82' title='bbox 238 575 287 605; x_wconf 88' lang='lat' dir='ltr'>per</span> <span class='ocrx_word' id='word_1_83' title='bbox 301 565 407 604; x_wconf 82' lang='lat' dir='ltr'>lignum</span> <span class='ocrx_word' id='word_1_84' title='bbox 415 564 503 593; x_wconf 91' lang='lat' dir='ltr'>crucis</span> <span class='ocrx_word' id='word_1_85' title='bbox 514 571 586 593; x_wconf 88' lang='lat' dir='ltr'>tenet</span> <span class='ocrx_word' id='word_1_86' title='bbox 596 563 744 603; x_wconf 78' lang='lat' dir='ltr'>adjunctos.</span> <span class='ocrx_word' id='word_1_87' title='bbox 755 563 886 593; x_wconf 85' lang='lat' dir='ltr'>Similiter</span> <span class='ocrx_word' id='word_1_88' title='bbox 892 569 918 592; x_wconf 87' lang='lat' dir='ltr'>et</span> <span class='ocrx_word' id='word_1_89' title='bbox 923 563 976 592; x_wconf 86' lang='lat' dir='ltr'>sic·</span> 
     </span>
    </p>

    <p class='ocr_par' dir='ltr' id='par_1_9' title="bbox 239 603 978 643">
     <span class='ocr_line' id='line_1_12' title="bbox 239 603 978 643; baseline -0.003 -10"><span class='ocrx_word' id='word_1_90' title='bbox 239 611 269 633; x_wconf 92' lang='lat' dir='ltr'>ut</span> <span class='ocrx_word' id='word_1_91' title='bbox 281 605 349 634; x_wconf 88' lang='lat' dir='ltr'>ficus</span> <span class='ocrx_word' id='word_1_92' title='bbox 361 604 446 633; x_wconf 79' lang='lat' dir='ltr'>multa</span> <span class='ocrx_word' id='word_1_93' title='bbox 457 612 540 643; x_wconf 82' lang='lat' dir='ltr'>grana</span> <span class='ocrx_word' id='word_1_94' title='bbox 547 614 601 633; x_wconf 89' lang='lat' dir='ltr'>uno</span> <span class='ocrx_word' id='word_1_95' title='bbox 607 603 723 642; x_wconf 87' lang='lat' dir='ltr'>tegmine</span> <span class='ocrx_word' id='word_1_96' title='bbox 731 609 801 632; x_wconf 86' lang='lat' dir='ltr'>tenet</span> <span class='ocrx_word' id='word_1_97' title='bbox 813 603 928 639; x_wconf 83' lang='lat' dir='ltr'>inclusa,</span> <span class='ocrx_word' id='word_1_98' title='bbox 938 603 978 632; x_wconf 85' lang='lat' dir='ltr'>sic</span> 
     </span>
    </p>

    <p class='ocr_par' dir='ltr' id='par_1_10' title="bbox 181 642 977 682">
     <span class='ocr_line' id='line_1_13' title="bbox 181 642 977 682; baseline 0.001 -12"><span class='ocrx_word' id='word_1_99' title='bbox 181 654 229 671; x_wconf 77' lang='lat' dir='ltr'>xcv</span> <span class='ocrx_word' id='word_1_100' title='bbox 239 645 339 674; x_wconf 85' lang='lat' dir='ltr'>multos</span> <span class='ocrx_word' id='word_1_101' title='bbox 346 643 439 673; x_wconf 88' lang='lat' dir='ltr'>fideles</span> <span class='ocrx_word' id='word_1_102' title='bbox 445 642 563 682; x_wconf 80' lang='lat' dir='ltr'>quodam</span> <span class='ocrx_word' id='word_1_103' title='bbox 570 642 773 680; x_wconf 65' lang='lat' dir='ltr'>dulci‘caritatis</span> <span class='ocrx_word' id='word_1_104' title='bbox 785 643 912 682; x_wconf 86' lang='lat' dir='ltr'>amplexu</span> <span class='ocrx_word' id='word_1_105' title='bbox 923 652 977 671; x_wconf 89' lang='lat' dir='ltr'>una</span> 
     </span>
    </p>

    <p class='ocr_par' dir='ltr' id='par_1_11' title="bbox 239 682 978 722">
     <span class='ocr_line' id='line_1_14' title="bbox 239 682 978 722; baseline -0.004 -9"><span class='ocrx_word' id='word_1_106' title='bbox 239 690 309 714; x_wconf 86' lang='lat' dir='ltr'>tenet</span> <span class='ocrx_word' id='word_1_107' title='bbox 320 683 452 713; x_wconf 83' lang='lat' dir='ltr'><strong>Ecclesia.</strong></span> <span class='ocrx_word' id='word_1_108' title='bbox 465 683 501 712; x_wconf 88' lang='lat' dir='ltr'>Et</span> <span class='ocrx_word' id='word_1_109' title='bbox 509 690 571 712; x_wconf 85' lang='lat' dir='ltr'>sunt</span> <span class='ocrx_word' id='word_1_110' title='bbox 584 682 612 712; x_wconf 92' lang='lat' dir='ltr'>in</span> <span class='ocrx_word' id='word_1_111' title='bbox 622 682 676 711; x_wconf 81' lang='lat' dir='ltr'>ficu</span> <span class='ocrx_word' id='word_1_112' title='bbox 689 682 833 722; x_wconf 22' lang='lat' dir='ltr'>signa-haec</span> <span class='ocrx_word' id='word_1_113' title='bbox 844 682 978 711; x_wconf 80' lang='lat' dir='ltr'>:caritatis</span> 
     </span>
    </p>

    <p class='ocr_par' dir='ltr' id='par_1_12' title="bbox 91 721 982 843">
     <span class='ocr_line' id='line_1_15' title="bbox 239 721 972 762; baseline -0.004 -9"><span class='ocrx_word' id='word_1_114' title='bbox 239 723 348 762; x_wconf 86' lang='lat' dir='ltr'>quidem</span> <span class='ocrx_word' id='word_1_115' title='bbox 366 722 395 752; x_wconf 88' lang='lat' dir='ltr'>in</span> <span class='ocrx_word' id='word_1_116' title='bbox 409 722 563 759; x_wconf 84' lang='lat' dir='ltr'><strong>dulcedine,</strong></span> <span class='ocrx_word' id='word_1_117' title='bbox 584 722 694 751; x_wconf 77' lang='lat' dir='ltr'>unitatis</span> <span class='ocrx_word' id='word_1_118' title='bbox 712 729 800 751; x_wconf 86' lang='lat' dir='ltr'>autem</span> <span class='ocrx_word' id='word_1_119' title='bbox 821 721 848 750; x_wconf 88' lang='lat' dir='ltr'>in</span> <span class='ocrx_word' id='word_1_120' title='bbox 863 721 972 761; x_wconf 87' lang='lat' dir='ltr'>conjun-</span> 
     </span>
     <span class='ocr_line' id='line_1_16' title="bbox 91 761 982 801; baseline -0.003 -8"><span class='ocrx_word' id='word_1_121' title='bbox 91 761 228 794; x_wconf 70' lang='lat' dir='ltr'><em>P⁸“l·⁶7-7·</em></span> <span class='ocrx_word' id='word_1_122' title='bbox 239 764 325 793; x_wconf 83' lang='lat' dir='ltr'>ctione</span> <span class='ocrx_word' id='word_1_123' title='bbox 339 772 493 801; x_wconf 78' lang='lat' dir='ltr'>granorum,</span> <span class='ocrx_word' id='word_1_124' title='bbox 508 762 578 791; x_wconf 90' lang='lat' dir='ltr'>sicut</span> <span class='ocrx_word' id='word_1_125' title='bbox 601 762 731 801; x_wconf 86' lang='lat' dir='ltr'>scriptum</span> <span class='ocrx_word' id='word_1_126' title='bbox 742 768 809 791; x_wconf 77' lang='lat' dir='ltr'>est:</span> <span class='ocrx_word' id='word_1_127' title='bbox 820 762 908 790; x_wconf 42' lang='lat' dir='ltr'>*Deus</span> <span class='ocrx_word' id='word_1_128' title='bbox 928 761 982 800; x_wconf 81' lang='lat' dir='ltr'>qui</span> 
     </span>
     <span class='ocr_line' id='line_1_17' title="bbox 240 801 980 843; baseline -0.001 -12"><span class='ocrx_word' id='word_1_129' title='bbox 240 803 406 832; x_wconf 81' lang='lat' dir='ltr'>inhabitare</span> <span class='ocrx_word' id='word_1_130' title='bbox 419 802 504 843; x_wconf 87' lang='lat' dir='ltr'>facit</span> <span class='ocrx_word' id='word_1_131' title='bbox 526 803 678 831; x_wconf 84' lang='lat' dir='ltr'>unanimes</span> <span class='ocrx_word' id='word_1_132' title='bbox 700 803 744 831; x_wconf 81' lang='lat' dir='ltr'>in.</span> <span class='ocrx_word' id='word_1_133' title='bbox 754 802 858 830; x_wconf 69' lang='lat' dir='ltr'>domm·</span> <span class='ocrx_word' id='word_1_134' title='bbox 870 801 902 830; x_wconf 90' lang='lat' dir='ltr'>ln</span> <span class='ocrx_word' id='word_1_135' title='bbox 926 811 980 830; x_wconf 88' lang='lat' dir='ltr'>uva</span> 
     </span>
    </p>

    <p class='ocr_par' dir='ltr' id='par_1_13' title="bbox 240 840 982 886">
     <span class='ocr_line' id='line_1_18' title="bbox 240 840 982 886; baseline -0.003 -15"><span class='ocrx_word' id='word_1_136' title='bbox 240 841 350 881; x_wconf 88' lang='lat' dir='ltr'>quidem</span> <span class='ocrx_word' id='word_1_137' title='bbox 359 848 398 870; x_wconf 87' lang='lat' dir='ltr'>est</span> <span class='ocrx_word' id='word_1_138' title='bbox 410 841 543 886; x_wconf 83' lang='lat' dir='ltr'>patientiae</span> <span class='ocrx_word' id='word_1_139' title='bbox 553 841 670 881; x_wconf 85' lang='lat' dir='ltr'>signum,</span> <span class='ocrx_word' id='word_1_140' title='bbox 679 840 741 879; x_wconf 87' lang='lat' dir='ltr'>quia</span> <span class='ocrx_word' id='word_1_141' title='bbox 752 840 780 870; x_wconf 87' lang='lat' dir='ltr'>in</span> <span class='ocrx_word' id='word_1_142' title='bbox 791 840 908 870; x_wconf 82' lang='lat' dir='ltr'>torcular</span> <span class='ocrx_word' id='word_1_143' title='bbox 919 840 982 869; x_wconf 87' lang='lat' dir='ltr'>mit·</span> 
     </span>
    </p>

    <p class='ocr_par' dir='ltr' id='par_1_14' title="bbox 91 879 983 1120">
     <span class='ocr_line' id='line_1_19' title="bbox 91 879 983 921; baseline -0.003 -10"><span class='ocrx_word' id='word_1_144' title='bbox 91 882 158 904; x_wconf 79' lang='lat' dir='ltr'>Psal.</span> <span class='ocrx_word' id='word_1_145' title='bbox 180 880 230 904; x_wconf 78' lang='lat'>¹03·</span> <span class='ocrx_word' id='word_1_146' title='bbox 242 883 317 913; x_wconf 63' lang='lat' dir='ltr'>titum</span> <span class='ocrx_word' id='word_1_147' title='bbox 332 881 423 921; x_wconf 83' lang='lat' dir='ltr'>gaudii</span> <span class='ocrx_word' id='word_1_148' title='bbox 436 887 525 911; x_wconf 81' lang='lat' dir='ltr'>aute‘m</span> <span class='ocrx_word' id='word_1_149' title='bbox 539 881 566 910; x_wconf 91' lang='lat' dir='ltr'>in</span> <span class='ocrx_word' id='word_1_150' title='bbox 579 891 636 920; x_wconf 88' lang='lat' dir='ltr'>spe,</span> <span class='ocrx_word' id='word_1_151' title='bbox 653 880 718 919; x_wconf 86' lang='lat' dir='ltr'>quia</span> <span class='ocrx_word' id='word_1_152' title='bbox 732 879 839 910; x_wconf 85' lang='lat' dir='ltr'><em>Vinum</em></span> <span class='ocrx_word' id='word_1_153' title='bbox 853 880 983 920; x_wconf 80' lang='lat' dir='ltr'>loetificat</span> 
     </span>
     <span class='ocr_line' id='line_1_20' title="bbox 96 913 983 965; baseline -0.003 -14"><span class='ocrx_word' id='word_1_154' title='bbox 96 913 132 935; x_wconf 82' lang='lat'>¹⁵·</span> <span class='ocrx_word' id='word_1_155' title='bbox 243 932 293 951; x_wconf 82' lang='lat' dir='ltr'>cor·</span> <span class='ocrx_word' id='word_1_156' title='bbox 306 922 442 956; x_wconf 76' lang='lat' dir='ltr'>honiinis;</span> <span class='ocrx_word' id='word_1_157' title='bbox 456 920 626 956; x_wconf 80' lang='lat' dir='ltr'>sinceritatis,</span> <span class='ocrx_word' id='word_1_158' title='bbox 638 919 701 965; x_wconf 72' lang='lat' dir='ltr'>quia</span> <span class='ocrx_word' id='word_1_159' title='bbox 721 929 774 948; x_wconf 90' lang='lat' dir='ltr'>non</span> <span class='ocrx_word' id='word_1_160' title='bbox 786 926 826 949; x_wconf 91' lang='lat' dir='ltr'>est</span> <span class='ocrx_word' id='word_1_161' title='bbox 837 930 906 958; x_wconf 83' lang='lat' dir='ltr'>aqua</span> <span class='ocrx_word' id='word_1_162' title='bbox 918 929 983 959; x_wconf 84' lang='lat' dir='ltr'>per-</span> 
     </span>
     <span class='ocr_line' id='line_1_21' title="bbox 243 958 981 999; baseline -0.003 -9"><span class='ocrx_word' id='word_1_163' title='bbox 243 962 371 998; x_wconf 80' lang='lat' dir='ltr'>mixtum,</span> <span class='ocrx_word' id='word_1_164' title='bbox 385 967 412 990; x_wconf 86' lang='lat' dir='ltr'>et</span> <span class='ocrx_word' id='word_1_165' title='bbox 424 959 725 999; x_wconf 47' lang='lat' dir='ltr'>delectatio-suavitatis.</span> <span class='ocrx_word' id='word_1_166' title='bbox 738 958 782 988; x_wconf 88' lang='lat' dir='ltr'>De</span> <span class='ocrx_word' id='word_1_167' title='bbox 795 959 838 988; x_wconf 89' lang='lat' dir='ltr'>his</span> <span class='ocrx_word' id='word_1_168' title='bbox 851 959 981 999; x_wconf 70' lang='lat' dir='ltr'>&#39;scriptum</span> 
     </span>
     <span class='ocr_line' id='line_1_22' title="bbox 93 998 982 1040; baseline -0.002 -10"><span class='ocrx_word' id='word_1_169' title='bbox 93 998 231 1023; x_wconf 71' lang='lat' dir='ltr'>Gfll·⁵·&#39;22·</span> <span class='ocrx_word' id='word_1_170' title='bbox 243 1008 282 1030; x_wconf 87' lang='lat' dir='ltr'>cst</span> <span class='ocrx_word' id='word_1_171' title='bbox 296 1013 302 1030; x_wconf 73' lang='grc' dir='ltr'><em>τ</em></span> <span class='ocrx_word' id='word_1_172' title='bbox 319 1002 444 1030; x_wconf 78' lang='lat' dir='ltr'>Fructus</span> <span class='ocrx_word' id='word_1_173' title='bbox 465 1007 563 1029; x_wconf 82' lang='lat' dir='ltr'>autem</span> <span class='ocrx_word' id='word_1_174' title='bbox 575 1001 692 1040; x_wconf 78' lang='lat' dir='ltr'>spiritus</span> <span class='ocrx_word' id='word_1_175' title='bbox 704 1005 748 1028; x_wconf 83' lang='lat' dir='ltr'>est</span> <span class='ocrx_word' id='word_1_176' title='bbox 768 1001 888 1035; x_wconf 77' lang='lat' dir='ltr'>caritas,</span> <span class='ocrx_word' id='word_1_177' title='bbox 907 1008 982 1038; x_wconf 77' lang='lat' dir='ltr'>gau-</span> 
     </span>
     <span class='ocr_line' id='line_1_23' title="bbox 92 1030 978 1083; baseline -0.002 -13"><span class='ocrx_word' id='word_1_178' title='bbox 92 1030 131 1053; x_wconf 81' lang='lat'>23.</span> <span class='ocrx_word' id='word_1_179' title='bbox 244 1041 334 1076; x_wconf 86' lang='lat' dir='ltr'>dium,</span> <span class='ocrx_word' id='word_1_180' title='bbox 347 1051 418 1080; x_wconf 68' lang='lat' dir='ltr'>pta,</span> <span class='ocrx_word' id='word_1_181' title='bbox 438 1041 591 1079; x_wconf 86' lang='lat' dir='ltr'>patientia,</span> <span class='ocrx_word' id='word_1_182' title='bbox 615 1039 832 1083; x_wconf 76' lang='lat' dir='ltr'><em>longanimitas,</em></span> <span class='ocrx_word' id='word_1_183' title='bbox 853 1039 978 1076; x_wconf 80' lang='lat' dir='ltr'>bonitas,</span> 
     </span>
     <span class='ocr_line' id='line_1_24' title="bbox 244 1079 980 1120; baseline -0.001 -12"><span class='ocrx_word' id='word_1_184' title='bbox 244 1081 418 1120; x_wconf 81' lang='lat' dir='ltr'>benignitas,</span> <span class='ocrx_word' id='word_1_185' title='bbox 434 1079 636 1115; x_wconf 77' lang='lat' dir='ltr'>mansuetudo,</span> <span class='ocrx_word' id='word_1_186' title='bbox 639 1079 732 1119; x_wconf 81' lang='lat' dir='ltr'>fides,</span> <span class='ocrx_word' id='word_1_187' title='bbox 745 1079 895 1113; x_wconf 83' lang='lat' dir='ltr'>modestia,</span> <span class='ocrx_word' id='word_1_188' title='bbox 910 1086 980 1107; x_wconf 53' lang='lat' dir='ltr'>con*—</span> 
     </span>
    </p>

    <p class='ocr_par' dir='ltr' id='par_1_15' title="bbox 215 1118 982 1158">
     <span class='ocr_line' id='line_1_25' title="bbox 215 1118 982 1158; baseline -0.001 -10"><span class='ocrx_word' id='word_1_189' title='bbox 215 1138 217 1141; x_wconf 92' lang='lat'><em>-</em></span> <span class='ocrx_word' id='word_1_190' title='bbox 243 1121 378 1156; x_wconf 80' lang='lat' dir='ltr'>tinentia,</span> <span class='ocrx_word' id='word_1_191' title='bbox 391 1121 524 1156; x_wconf 56' lang='lat' dir='ltr'>castum</span> <span class='ocrx_word' id='word_1_192' title='bbox 537 1118 675 1148; x_wconf 70' lang='lat' dir='ltr'>adversus</span> <span class='ocrx_word' id='word_1_193' title='bbox 687 1118 854 1158; x_wconf 79' lang='lat' dir='ltr'>hujusmodi</span> <span class='ocrx_word' id='word_1_194' title='bbox 867 1129 927 1147; x_wconf 89' lang='lat' dir='ltr'>non</span> <span class='ocrx_word' id='word_1_195' title='bbox 938 1124 982 1147; x_wconf 82' lang='lat' dir='ltr'>est</span> 
     </span>
    </p>

    <p class='ocr_par' dir='ltr' id='par_1_16' title="bbox 243 1157 981 1237">
     <span class='ocr_line' id='line_1_26' title="bbox 244 1157 980 1198; baseline 0 -11"><span class='ocrx_word' id='word_1_196' title='bbox 244 1160 302 1188; x_wconf 71' lang='lat' dir='ltr'>lez.</span> <span class='ocrx_word' id='word_1_197' title='bbox 320 1159 409 1198; x_wconf 82' lang='lat' dir='ltr'>Spinae</span> <span class='ocrx_word' id='word_1_198' title='bbox 423 1165 511 1188; x_wconf 87' lang='lat' dir='ltr'>autem</span> <span class='ocrx_word' id='word_1_199' title='bbox 531 1165 593 1186; x_wconf 90' lang='lat' dir='ltr'>sunt</span> <span class='ocrx_word' id='word_1_200' title='bbox 606 1158 810 1192; x_wconf 84' lang='lat' dir='ltr'>haeretici,sicut</span> <span class='ocrx_word' id='word_1_201' title='bbox 823 1168 910 1187; x_wconf 89' lang='lat' dir='ltr'>sermo</span> <span class='ocrx_word' id='word_1_202' title='bbox 923 1157 931 1186; x_wconf 86' lang='lat' dir='ltr'>i</span> <span class='ocrx_word' id='word_1_203' title='bbox 953 1168 980 1187; x_wconf 84' lang='lat' dir='ltr'>se</span> 
     </span>
     <span class='ocr_line' id='line_1_27' title="bbox 243 1197 981 1237; baseline -0.001 -10"><span class='ocrx_word' id='word_1_204' title='bbox 243 1198 408 1228; x_wconf 79' lang='lat' dir='ltr'>demonstrat</span> <span class='ocrx_word' id='word_1_205' title='bbox 421 1198 543 1237; x_wconf 85' lang='lat' dir='ltr'>superius</span> <span class='ocrx_word' id='word_1_206' title='bbox 555 1197 646 1226; x_wconf 87' lang='lat' dir='ltr'>dicens</span> <span class='ocrx_word' id='word_1_207' title='bbox 673 1209 679 1225; x_wconf 92' lang='lat'>:</span> <span class='ocrx_word' id='word_1_208' title='bbox 695 1199 848 1227; x_wconf 76' lang='lat' dir='ltr'>Attendite</span> <span class='ocrx_word' id='word_1_209' title='bbox 861 1197 929 1237; x_wconf 81' lang='lat' dir='ltr'>asa</span> <span class='ocrx_word' id='word_1_210' title='bbox 942 1199 981 1226; x_wconf 83' lang='lat' dir='ltr'>sis</span> 
     </span>
    </p>

    <p class='ocr_par' dir='ltr' id='par_1_17' title="bbox 212 1237 981 1315">
     <span class='ocr_line' id='line_1_28' title="bbox 212 1237 981 1276; baseline -0.001 -10"><span class='ocrx_word' id='word_1_211' title='bbox 212 1248 215 1252; x_wconf 48' lang='lat'>⁸</span> <span class='ocrx_word' id='word_1_212' title='bbox 242 1238 399 1276; x_wconf 81' lang='lat' dir='ltr'>prophetis.</span> <span class='ocrx_word' id='word_1_213' title='bbox 413 1237 485 1275; x_wconf 84' lang='lat' dir='ltr'>Ergo</span> <span class='ocrx_word' id='word_1_214' title='bbox 498 1246 549 1265; x_wconf 91' lang='lat' dir='ltr'>non</span> <span class='ocrx_word' id='word_1_215' title='bbox 562 1243 674 1275; x_wconf 86' lang='lat' dir='ltr'>possunt</span> <span class='ocrx_word' id='word_1_216' title='bbox 687 1237 770 1275; x_wconf 83' lang='lat' dir='ltr'>spinae</span> <span class='ocrx_word' id='word_1_217' title='bbox 783 1243 809 1265; x_wconf 81' lang='lat' dir='ltr'>et</span> <span class='ocrx_word' id='word_1_218' title='bbox 822 1237 917 1266; x_wconf 84' lang='lat' dir='ltr'>tribuli</span> <span class='ocrx_word' id='word_1_219' title='bbox 931 1247 981 1266; x_wconf 94' lang='lat' dir='ltr'>ec-</span> 
     </span>
     <span class='ocr_line' id='line_1_29' title="bbox 244 1275 980 1315; baseline -0.001 -10"><span class='ocrx_word' id='word_1_220' title='bbox 244 1276 404 1305; x_wconf 89' lang='lat' dir='ltr'>clesiasticos</span> <span class='ocrx_word' id='word_1_221' title='bbox 418 1275 520 1309; x_wconf 79' lang='lat' dir='ltr'>fructus</span> <span class='ocrx_word' id='word_1_222' title='bbox 533 1276 660 1314; x_wconf 81' lang='lat' dir='ltr'>proferre.</span> <span class='ocrx_word' id='word_1_223' title='bbox 677 1275 730 1305; x_wconf 83' lang='lat' dir='ltr'>Sed</span> <span class='ocrx_word' id='word_1_224' title='bbox 744 1275 809 1313; x_wconf 88' lang='lat' dir='ltr'>quid</span> <span class='ocrx_word' id='word_1_225' title='bbox 822 1275 980 1315; x_wconf 71' lang='lat' dir='ltr'>proferunt?</span> 
     </span>
    </p>

    <p class='ocr_par' dir='ltr' id='par_1_18' title="bbox 244 1314 980 1351">
     <span class='ocr_line' id='line_1_30' title="bbox 244 1314 980 1351; baseline -0.003 -6"><span class='ocrx_word' id='word_1_226' title='bbox 244 1315 378 1351; x_wconf 82' lang='lat' dir='ltr'><strong>Vulnera,</strong></span> <span class='ocrx_word' id='word_1_227' title='bbox 393 1314 590 1349; x_wconf 75' lang='lat' dir='ltr'>tribulationes,</span> <span class='ocrx_word' id='word_1_228' title='bbox 603 1320 629 1342; x_wconf 87' lang='lat' dir='ltr'>et</span> <span class='ocrx_word' id='word_1_229' title='bbox 648 1321 739 1343; x_wconf 80' lang='lat' dir='ltr'>caetera</span> <span class='ocrx_word' id='word_1_230' title='bbox 750 1314 829 1343; x_wconf 84' lang='lat' dir='ltr'>mala.</span> <span class='ocrx_word' id='word_1_231' title='bbox 845 1314 980 1350; x_wconf 87' lang='lat' dir='ltr'>Quemad-</span> 
     </span>
    </p>

    <p class='ocr_par' dir='ltr' id='par_1_19' title="bbox 244 1353 982 1393">
     <span class='ocr_line' id='line_1_31' title="bbox 244 1353 982 1393; baseline -0.001 -10"><span class='ocrx_word' id='word_1_232' title='bbox 244 1354 356 1383; x_wconf 86' lang='lat' dir='ltr'><strong>modum</strong></span> <span class='ocrx_word' id='word_1_233' title='bbox 372 1354 460 1393; x_wconf 80' lang='lat' dir='ltr'>spina‚</span> <span class='ocrx_word' id='word_1_234' title='bbox 481 1353 524 1382; x_wconf 88' lang='lat' dir='ltr'>vel</span> <span class='ocrx_word' id='word_1_235' title='bbox 538 1353 664 1388; x_wconf 88' lang='lat' dir='ltr'>tribulus,</span> <span class='ocrx_word' id='word_1_236' title='bbox 678 1363 712 1382; x_wconf 79' lang='lat' dir='ltr'>ex</span> <span class='ocrx_word' id='word_1_237' title='bbox 725 1363 893 1391; x_wconf 81' lang='lat' dir='ltr'>quacumque</span> <span class='ocrx_word' id='word_1_238' title='bbox 906 1360 982 1392; x_wconf 76' lang='lat' dir='ltr'>parte</span> 
     </span>
    </p>

    <p class='ocr_par' dir='ltr' id='par_1_20' title="bbox 94 1392 982 1549">
     <span class='ocr_line' id='line_1_32' title="bbox 139 1392 981 1433; baseline -0.001 -11"><span class='ocrx_word' id='word_1_239' title='bbox 139 1400 235 1422; x_wconf 73' lang='lat' dir='ltr'>Fructus</span> <span class='ocrx_word' id='word_1_240' title='bbox 245 1394 319 1430; x_wconf 81' lang='lat' dir='ltr'>illam</span> <span class='ocrx_word' id='word_1_241' title='bbox 339 1392 517 1433; x_wconf 81' lang='lat' dir='ltr'>conspexeris,</span> <span class='ocrx_word' id='word_1_242' title='bbox 538 1392 617 1421; x_wconf 77' lang='lat' dir='ltr'>habet</span> <span class='ocrx_word' id='word_1_243' title='bbox 635 1392 740 1421; x_wconf 85' lang='lat' dir='ltr'>aculeos</span> <span class='ocrx_word' id='word_1_244' title='bbox 761 1404 768 1420; x_wconf 94' lang='lat'><strong>:</strong></span> <span class='ocrx_word' id='word_1_245' title='bbox 789 1393 827 1421; x_wconf 88' lang='lat' dir='ltr'>sic</span> <span class='ocrx_word' id='word_1_246' title='bbox 846 1399 871 1421; x_wconf 91' lang='lat' dir='ltr'>et</span> <span class='ocrx_word' id='word_1_247' title='bbox 890 1403 981 1422; x_wconf 84' lang='lat' dir='ltr'>servos</span> 
     </span>
     <span class='ocr_line' id='line_1_33' title="bbox 94 1431 981 1476; baseline -0.003 -13"><span class='ocrx_word' id='word_1_248' title='bbox 94 1432 209 1453; x_wconf 73' lang='lat' dir='ltr'>haereiiro-</span> <span class='ocrx_word' id='word_1_249' title='bbox 245 1433 347 1463; x_wconf 88' lang='lat' dir='ltr'>diaboli</span> <span class='ocrx_word' id='word_1_250' title='bbox 367 1443 402 1461; x_wconf 83' lang='lat' dir='ltr'>ex</span> <span class='ocrx_word' id='word_1_251' title='bbox 419 1442 587 1470; x_wconf 84' lang='lat' dir='ltr'>quacumque</span> <span class='ocrx_word' id='word_1_252' title='bbox 599 1439 674 1476; x_wconf 84' lang='lat' dir='ltr'>parte</span> <span class='ocrx_word' id='word_1_253' title='bbox 688 1431 909 1467; x_wconf 82' lang='lat' dir='ltr'>consideraveris,</span> <span class='ocrx_word' id='word_1_254' title='bbox 924 1432 981 1460; x_wconf 91' lang='lat' dir='ltr'>ini·-</span> 
     </span>
     <span class='ocr_line' id='line_1_34' title="bbox 94 1470 982 1511; baseline -0.002 -9"><span class='ocrx_word' id='word_1_255' title='bbox 94 1470 153 1485; x_wconf 79' lang='lat' dir='ltr'>rum.</span> <span class='ocrx_word' id='word_1_256' title='bbox 245 1473 391 1511; x_wconf 80' lang='lat' dir='ltr'>quitatibus</span> <span class='ocrx_word' id='word_1_257' title='bbox 403 1471 475 1511; x_wconf 89' lang='lat' dir='ltr'>pleni</span> <span class='ocrx_word' id='word_1_258' title='bbox 488 1478 559 1500; x_wconf 86' lang='lat' dir='ltr'>sunt.</span> <span class='ocrx_word' id='word_1_259' title='bbox 576 1472 605 1501; x_wconf 77' lang='lat' dir='ltr'>Si</span> <span class='ocrx_word' id='word_1_260' title='bbox 626 1471 758 1510; x_wconf 86' lang='lat' dir='ltr'>loquitur,</span> <span class='ocrx_word' id='word_1_261' title='bbox 773 1471 801 1500; x_wconf 90' lang='lat' dir='ltr'>in</span> <span class='ocrx_word' id='word_1_262' title='bbox 814 1471 878 1500; x_wconf 90' lang='lat' dir='ltr'>dolo</span> <span class='ocrx_word' id='word_1_263' title='bbox 889 1471 982 1509; x_wconf 86' lang='lat' dir='ltr'>loqui-</span> 
     </span>
     <span class='ocr_line' id='line_1_35' title="bbox 244 1511 982 1549; baseline -0.003 -8"><span class='ocrx_word' id='word_1_264' title='bbox 244 1511 302 1549; x_wconf 63' lang='lat' dir='ltr'>tur,</span> <span class='ocrx_word' id='word_1_265' title='bbox 321 1512 344 1541; x_wconf 90' lang='lat' dir='ltr'>si</span> <span class='ocrx_word' id='word_1_266' title='bbox 358 1518 435 1546; x_wconf 87' lang='lat' dir='ltr'>tacet,</span> <span class='ocrx_word' id='word_1_267' title='bbox 447 1511 517 1539; x_wconf 89' lang='lat' dir='ltr'>male</span> <span class='ocrx_word' id='word_1_268' title='bbox 530 1512 638 1549; x_wconf 83' lang='lat' dir='ltr'>cogitat;</span> <span class='ocrx_word' id='word_1_269' title='bbox 651 1511 673 1539; x_wconf 86' lang='lat' dir='ltr'>si</span> <span class='ocrx_word' id='word_1_270' title='bbox 686 1511 821 1548; x_wconf 79' lang='lat' dir='ltr'>irascitur,</span> <span class='ocrx_word' id='word_1_271' title='bbox 835 1511 943 1548; x_wconf 77' lang='lat' dir='ltr'>insanit3</span> <span class='ocrx_word' id='word_1_272' title='bbox 958 1511 982 1540; x_wconf 87' lang='lat' dir='ltr'>si</span> 
     </span>
    </p>

    <p class='ocr_par' dir='ltr' id='par_1_21' title="bbox 245 1549 982 1591">
     <span class='ocr_line' id='line_1_36' title="bbox 245 1549 982 1591; baseline -0.004 -10"><span class='ocrx_word' id='word_1_273' title='bbox 245 1552 376 1591; x_wconf 82' lang='lat' dir='ltr'>patienter</span> <span class='ocrx_word' id='word_1_274' title='bbox 388 1550 454 1589; x_wconf 72' lang='lat' dir='ltr'>agit,</span> <span class='ocrx_word' id='word_1_275' title='bbox 469 1557 522 1579; x_wconf 86' lang='lat' dir='ltr'>tem</span> <span class='ocrx_word' id='word_1_276' title='bbox 543 1561 575 1579; x_wconf 92' lang='lat' dir='ltr'>us</span> <span class='ocrx_word' id='word_1_277' title='bbox 591 1557 725 1590; x_wconf 81' lang='lat' dir='ltr'>exspectat</span> <span class='ocrx_word' id='word_1_278' title='bbox 741 1549 865 1586; x_wconf 89' lang='lat' dir='ltr'>nocendi,</span> <span class='ocrx_word' id='word_1_279' title='bbox 879 1557 905 1579; x_wconf 89' lang='lat' dir='ltr'>et</span> <span class='ocrx_word' id='word_1_280' title='bbox 930 1560 982 1589; x_wconf 80' lang='lat' dir='ltr'>op-</span> 
     </span>
    </p>

    <p class='ocr_par' dir='ltr' id='par_1_22' title="bbox 203 1589 983 1630">
     <span class='ocr_line' id='line_1_37' title="bbox 203 1589 983 1630; baseline -0.004 -9"><span class='ocrx_word' id='word_1_281' title='bbox 203 1623 206 1625; x_wconf 52' lang='grc'><strong>,</strong></span> <span class='ocrx_word' id='word_1_282' title='bbox 243 1591 433 1630; x_wconf 80' lang='lat' dir='ltr'>portunitatem</span> <span class='ocrx_word' id='word_1_283' title='bbox 446 1589 519 1619; x_wconf 85' lang='lat' dir='ltr'>consi</span> <span class='ocrx_word' id='word_1_284' title='bbox 539 1595 605 1625; x_wconf 81' lang='lat' dir='ltr'>erat,</span> <span class='ocrx_word' id='word_1_285' title='bbox 619 1589 730 1628; x_wconf 82' lang='lat' dir='ltr'>quando</span> <span class='ocrx_word' id='word_1_286' title='bbox 748 1597 849 1618; x_wconf 86' lang='lat' dir='ltr'>noceat.</span> <span class='ocrx_word' id='word_1_287' title='bbox 865 1589 893 1619; x_wconf 89' lang='lat' dir='ltr'>Si</span> <span class='ocrx_word' id='word_1_288' title='bbox 913 1589 983 1618; x_wconf 89' lang='lat' dir='ltr'>male</span> 
     </span>
    </p>

    <p class='ocr_par' dir='ltr' id='par_1_23' title="bbox 244 1628 983 1669">
     <span class='ocr_line' id='line_1_38' title="bbox 244 1628 983 1669; baseline -0.003 -10"><span class='ocrx_word' id='word_1_289' title='bbox 244 1631 303 1669; x_wconf 68' lang='lat' dir='ltr'>agit²</span> <span class='ocrx_word' id='word_1_290' title='bbox 319 1641 371 1659; x_wconf 92' lang='lat' dir='ltr'>non</span> <span class='ocrx_word' id='word_1_291' title='bbox 379 1629 524 1660; x_wconf 82' lang='lat' dir='ltr'>erubescit;</span> <span class='ocrx_word' id='word_1_292' title='bbox 534 1629 556 1658; x_wconf 90' lang='lat' dir='ltr'>si</span> <span class='ocrx_word' id='word_1_293' title='bbox 566 1629 712 1665; x_wconf 82' lang='lat' dir='ltr'>benefacit,</span> <span class='ocrx_word' id='word_1_294' title='bbox 723 1628 758 1657; x_wconf 89' lang='lat' dir='ltr'>ad</span> <span class='ocrx_word' id='word_1_295' title='bbox 765 1639 859 1658; x_wconf 87' lang='lat' dir='ltr'>vanam</span> <span class='ocrx_word' id='word_1_296' title='bbox 869 1629 983 1667; x_wconf 79' lang='lat' dir='ltr'>gloriam</span> 
     </span>
    </p>

    <p class='ocr_par' dir='ltr' id='par_1_24' title="bbox 243 1668 983 1709">
     <span class='ocr_line' id='line_1_39' title="bbox 243 1668 983 1709; baseline -0.003 -10"><span class='ocrx_word' id='word_1_297' title='bbox 243 1676 352 1709; x_wconf 85' lang='lat' dir='ltr'>propter</span> <span class='ocrx_word' id='word_1_298' title='bbox 364 1670 484 1699; x_wconf 90' lang='lat' dir='ltr'>homines</span> <span class='ocrx_word' id='word_1_299' title='bbox 503 1669 574 1698; x_wconf 83' lang='lat' dir='ltr'>facit.</span> <span class='ocrx_word' id='word_1_300' title='bbox 591 1668 733 1705; x_wconf 88' lang='lat' dir='ltr'>Quomodo</span> <span class='ocrx_word' id='word_1_301' title='bbox 751 1669 866 1708; x_wconf 85' lang='lat' dir='ltr'>proferat</span> <span class='ocrx_word' id='word_1_302' title='bbox 882 1669 983 1697; x_wconf 89' lang='lat' dir='ltr'>bonum</span> 
     </span>
    </p>

    <p class='ocr_par' dir='ltr' id='par_1_25' title="bbox 243 1708 983 1748">
     <span class='ocr_line' id='line_1_40' title="bbox 243 1708 983 1748; baseline -0.001 -10"><span class='ocrx_word' id='word_1_303' title='bbox 243 1709 371 1746; x_wconf 82' lang='lat' dir='ltr'>fructum,</span> <span class='ocrx_word' id='word_1_304' title='bbox 380 1709 457 1748; x_wconf 88' lang='lat' dir='ltr'>cujus</span> <span class='ocrx_word' id='word_1_305' title='bbox 463 1708 673 1737; x_wconf 75' lang='lat' dir='ltr'>radixdiabolus</span> <span class='ocrx_word' id='word_1_306' title='bbox 681 1715 720 1737; x_wconf 92' lang='lat' dir='ltr'>est</span> <span class='ocrx_word' id='word_1_307' title='bbox 726 1708 740 1736; x_wconf 76' lang='grc' dir='ltr'>ἐ’</span> <span class='ocrx_word' id='word_1_308' title='bbox 746 1708 804 1739; x_wconf 88' lang='lat' dir='ltr'>Sub</span> <span class='ocrx_word' id='word_1_309' title='bbox 812 1709 906 1737; x_wconf 83' lang='lat' dir='ltr'>arbore</span> <span class='ocrx_word' id='word_1_310' title='bbox 912 1708 983 1737; x_wconf 87' lang='lat' dir='ltr'>bona</span> 
     </span>
    </p>

    <p class='ocr_par' dir='ltr' id='par_1_26' title="bbox 198 1747 983 1826">
     <span class='ocr_line' id='line_1_41' title="bbox 198 1747 983 1787; baseline -0.001 -10"><span class='ocrx_word' id='word_1_311' title='bbox 198 1767 205 1772; x_wconf 46' lang='grc' dir='ltr'><em>ι</em></span> <span class='ocrx_word' id='word_1_312' title='bbox 244 1755 270 1777; x_wconf 89' lang='lat' dir='ltr'>ct</span> <span class='ocrx_word' id='word_1_313' title='bbox 279 1749 370 1777; x_wconf 82' lang='lat' dir='ltr'>bestiae</span> <span class='ocrx_word' id='word_1_314' title='bbox 377 1756 403 1778; x_wconf 89' lang='lat' dir='ltr'>et</span> <span class='ocrx_word' id='word_1_315' title='bbox 411 1748 535 1777; x_wconf 84' lang='lat' dir='ltr'>animalia</span> <span class='ocrx_word' id='word_1_316' title='bbox 545 1748 713 1786; x_wconf 87' lang='lat' dir='ltr'>requiescunt</span> <span class='ocrx_word' id='word_1_317' title='bbox 726 1759 732 1776; x_wconf 92' lang='lat'><strong>:</strong></span> <span class='ocrx_word' id='word_1_318' title='bbox 742 1748 793 1776; x_wconf 89' lang='lat' dir='ltr'>sub</span> <span class='ocrx_word' id='word_1_319' title='bbox 802 1747 983 1787; x_wconf 79' lang='lat' dir='ltr'>spinisautem</span> 
     </span>
     <span class='ocr_line' id='line_1_42' title="bbox 245 1787 983 1826; baseline 0 -10"><span class='ocrx_word' id='word_1_320' title='bbox 245 1788 351 1817; x_wconf 88' lang='lat' dir='ltr'>nullum</span> <span class='ocrx_word' id='word_1_321' title='bbox 365 1788 463 1817; x_wconf 85' lang='lat' dir='ltr'>animal</span> <span class='ocrx_word' id='word_1_322' title='bbox 475 1787 638 1826; x_wconf 75' lang='lat' dir='ltr'>requiescere</span> <span class='ocrx_word' id='word_1_323' title='bbox 649 1794 745 1826; x_wconf 88' lang='lat' dir='ltr'>potest,</span> <span class='ocrx_word' id='word_1_324' title='bbox 759 1787 812 1816; x_wconf 90' lang='lat' dir='ltr'>nisi</span> <span class='ocrx_word' id='word_1_325' title='bbox 824 1794 983 1816; x_wconf 78' lang='lat' dir='ltr'>tantummo-</span> 
     </span>
    </p>

    <p class='ocr_par' dir='ltr' id='par_1_27' title="bbox 246 1826 984 1867">
     <span class='ocr_line' id='line_1_43' title="bbox 246 1826 984 1867; baseline 0 -11"><span class='ocrx_word' id='word_1_326' title='bbox 246 1827 281 1856; x_wconf 86' lang='lat' dir='ltr'>do</span> <span class='ocrx_word' id='word_1_327' title='bbox 294 1835 436 1867; x_wconf 86' lang='lat' dir='ltr'>serpentes.</span> <span class='ocrx_word' id='word_1_328' title='bbox 453 1827 498 1857; x_wconf 89' lang='lat' dir='ltr'>Sic</span> <span class='ocrx_word' id='word_1_329' title='bbox 507 1827 586 1866; x_wconf 84' lang='lat' dir='ltr'>juxta</span> <span class='ocrx_word' id='word_1_330' title='bbox 600 1826 692 1855; x_wconf 82' lang='lat' dir='ltr'>fideles</span> <span class='ocrx_word' id='word_1_331' title='bbox 703 1826 824 1858; x_wconf 84' lang='lat' dir='ltr'>homines</span> <span class='ocrx_word' id='word_1_332' title='bbox 842 1833 867 1856; x_wconf 86' lang='lat' dir='ltr'>et</span> <span class='ocrx_word' id='word_1_333' title='bbox 880 1827 944 1856; x_wconf 85' lang='lat' dir='ltr'>boni</span> <span class='ocrx_word' id='word_1_334' title='bbox 955 1833 984 1856; x_wconf 86' lang='lat' dir='ltr'>et</span> 
     </span>
    </p>

    <p class='ocr_par' dir='ltr' id='par_1_28' title="bbox 245 1866 983 1907">
     <span class='ocr_line' id='line_1_44' title="bbox 245 1866 983 1907; baseline 0 -12"><span class='ocrx_word' id='word_1_335' title='bbox 245 1867 309 1896; x_wconf 86' lang='lat' dir='ltr'>mali</span> <span class='ocrx_word' id='word_1_336' title='bbox 323 1867 442 1896; x_wconf 89' lang='lat' dir='ltr'>homines</span> <span class='ocrx_word' id='word_1_337' title='bbox 453 1866 466 1882; x_wconf 81' lang='lat'>¹’</span> <span class='ocrx_word' id='word_1_338' title='bbox 493 1876 565 1895; x_wconf 88' lang='lat' dir='ltr'>acem</span> <span class='ocrx_word' id='word_1_339' title='bbox 577 1866 676 1895; x_wconf 84' lang='lat' dir='ltr'>hahere</span> <span class='ocrx_word' id='word_1_340' title='bbox 685 1877 715 1895; x_wconf 86' lang='lat' dir='ltr'>ac</span> <span class='ocrx_word' id='word_1_341' title='bbox 725 1866 843 1906; x_wconf 84' lang='lat' dir='ltr'>accipere</span> <span class='ocrx_word' id='word_1_342' title='bbox 854 1867 983 1907; x_wconf 84' lang='lat' dir='ltr'>possunt:</span> 
     </span>
    </p>

    <p class='ocr_par' dir='ltr' id='par_1_29' title="bbox 243 1904 985 1946">
     <span class='ocr_line' id='line_1_45' title="bbox 243 1904 985 1946; baseline 0 -11"><span class='ocrx_word' id='word_1_343' title='bbox 243 1906 322 1945; x_wconf 82' lang='lat' dir='ltr'>juxta</span> <span class='ocrx_word' id='word_1_344' title='bbox 334 1904 423 1936; x_wconf 78' lang='lat' dir='ltr'>autem</span> <span class='ocrx_word' id='word_1_345' title='bbox 435 1907 462 1935; x_wconf 91' lang='lat' dir='ltr'>in</span> <span class='ocrx_word' id='word_1_346' title='bbox 474 1905 557 1935; x_wconf 81' lang='lat' dir='ltr'>ideles</span> <span class='ocrx_word' id='word_1_347' title='bbox 573 1905 692 1934; x_wconf 85' lang='lat' dir='ltr'>homines</span> <span class='ocrx_word' id='word_1_348' title='bbox 704 1916 780 1935; x_wconf 89' lang='lat' dir='ltr'>nemo</span> <span class='ocrx_word' id='word_1_349' title='bbox 796 1913 880 1946; x_wconf 86' lang='lat' dir='ltr'>potest</span> <span class='ocrx_word' id='word_1_350' title='bbox 893 1916 985 1946; x_wconf 87' lang='lat' dir='ltr'>pacem</span> 
     </span>
    </p>

    <p class='ocr_par' dir='ltr' id='par_1_30' title="bbox 236 1945 986 2025">
     <span class='ocr_line' id='line_1_46' title="bbox 247 1945 986 1984; baseline 0 -9"><span class='ocrx_word' id='word_1_351' title='bbox 247 1946 356 1982; x_wconf 84' lang='lat' dir='ltr'>habere,</span> <span class='ocrx_word' id='word_1_352' title='bbox 366 1957 451 1983; x_wconf 85' lang='lat' dir='ltr'>neque</span> <span class='ocrx_word' id='word_1_353' title='bbox 462 1945 626 1984; x_wconf 69' lang='lat' dir='ltr'>requiescere</span> <span class='ocrx_word' id='word_1_354' title='bbox 640 1945 667 1973; x_wconf 93' lang='lat' dir='ltr'>in</span> <span class='ocrx_word' id='word_1_355' title='bbox 678 1945 727 1981; x_wconf 85' lang='lat' dir='ltr'>eis,</span> <span class='ocrx_word' id='word_1_356' title='bbox 738 1945 790 1974; x_wconf 88' lang='lat' dir='ltr'>nisi</span> <span class='ocrx_word' id='word_1_357' title='bbox 801 1945 986 1975; x_wconf 86' lang='lat' dir='ltr'>tantummodo</span> 
     </span>
     <span class='ocr_line' id='line_1_47' title="bbox 236 1984 986 2025; baseline 0 -11"><span class='ocrx_word' id='word_1_358' title='bbox 236 1990 390 2025; x_wconf 83' lang='lat' dir='ltr'>serpentes,</span> <span class='ocrx_word' id='word_1_359' title='bbox 406 1985 435 2014; x_wconf 92' lang='lat' dir='ltr'>id</span> <span class='ocrx_word' id='word_1_360' title='bbox 447 1992 497 2021; x_wconf 85' lang='lat' dir='ltr'>est,</span> <span class='ocrx_word' id='word_1_361' title='bbox 513 1984 657 2021; x_wconf 86' lang='lat' dir='ltr'>daemones,</span> <span class='ocrx_word' id='word_1_362' title='bbox 672 1985 719 2022; x_wconf 89' lang='lat' dir='ltr'>qui</span> <span class='ocrx_word' id='word_1_363' title='bbox 732 1984 830 2015; x_wconf 81' lang='lat' dir='ltr'>habent</span> <span class='ocrx_word' id='word_1_364' title='bbox 845 1985 946 2014; x_wconf 81' lang='lat' dir='ltr'>cubilia</span> <span class='ocrx_word' id='word_1_365' title='bbox 958 1985 986 2014; x_wconf 86' lang='lat' dir='ltr'>in</span> 
     </span>
    </p>

    <p class='ocr_par' dir='ltr' id='par_1_31' title="bbox 98 2024 991 2302">
     <span class='ocr_line' id='line_1_48' title="bbox 125 2024 988 2064; baseline 0.002 -12"><span class='ocrx_word' id='word_1_366' title='bbox 125 2031 239 2055; x_wconf 63' lang='lat' dir='ltr'>timenti,</span> <span class='ocrx_word' id='word_1_367' title='bbox 249 2025 400 2064; x_wconf 78' lang='lat' dir='ltr'>pectoribus</span> <span class='ocrx_word' id='word_1_368' title='bbox 410 2035 513 2053; x_wconf 88' lang='lat' dir='ltr'>eorum.</span> <span class='ocrx_word' id='word_1_369' title='bbox 528 2024 642 2053; x_wconf 87' lang='lat' dir='ltr'>Fructus</span> <span class='ocrx_word' id='word_1_370' title='bbox 653 2034 744 2053; x_wconf 90' lang='lat' dir='ltr'>eorum</span> <span class='ocrx_word' id='word_1_371' title='bbox 756 2025 824 2053; x_wconf 92' lang='lat' dir='ltr'>nulli</span> <span class='ocrx_word' id='word_1_372' title='bbox 839 2024 988 2064; x_wconf 90' lang='lat' dir='ltr'>procedunt</span> 
     </span>
     <span class='ocr_line' id='line_1_49' title="bbox 98 2063 985 2102; baseline 0.003 -11"><span class='ocrx_word' id='word_1_373' title='bbox 98 2065 185 2099; x_wconf 36' lang='lat' dir='ltr'>„ip-inm,</span> <span class='ocrx_word' id='word_1_374' title='bbox 219 2063 286 2092; x_wconf 65' lang='lat' dir='ltr'>eiad</span> <span class='ocrx_word' id='word_1_375' title='bbox 296 2074 375 2092; x_wconf 90' lang='lat' dir='ltr'>usum</span> <span class='ocrx_word' id='word_1_376' title='bbox 391 2076 397 2091; x_wconf 83' lang='lat' dir='ltr'>z</span> <span class='ocrx_word' id='word_1_377' title='bbox 412 2064 508 2092; x_wconf 88' lang='lat' dir='ltr'>umbra</span> <span class='ocrx_word' id='word_1_378' title='bbox 523 2063 652 2102; x_wconf 78' lang='lat' dir='ltr'>refrigerii</span> <span class='ocrx_word' id='word_1_379' title='bbox 666 2070 771 2095; x_wconf 82' lang='lat' dir='ltr'>nonest</span> <span class='ocrx_word' id='word_1_380' title='bbox 785 2064 811 2093; x_wconf 91' lang='lat' dir='ltr'>in</span> <span class='ocrx_word' id='word_1_381' title='bbox 826 2065 875 2094; x_wconf 88' lang='lat' dir='ltr'>eis.</span> <span class='ocrx_word' id='word_1_382' title='bbox 891 2065 927 2094; x_wconf 90' lang='lat' dir='ltr'>Et</span> <span class='ocrx_word' id='word_1_383' title='bbox 938 2075 985 2094; x_wconf 83' lang='lat' dir='ltr'>ve·</span> 
     </span>
     <span class='ocr_line' id='line_1_50' title="bbox 98 2093 988 2142; baseline 0 -10"><span class='ocrx_word' id='word_1_384' title='bbox 98 2093 186 2115; x_wconf 51' lang='lat' dir='ltr'>“mm&#39;&#39;</span> <span class='ocrx_word' id='word_1_385' title='bbox 251 2113 312 2132; x_wconf 90' lang='lat' dir='ltr'>rum</span> <span class='ocrx_word' id='word_1_386' title='bbox 331 2110 370 2132; x_wconf 90' lang='lat' dir='ltr'>est</span> <span class='ocrx_word' id='word_1_387' title='bbox 389 2103 509 2141; x_wconf 77' lang='lat' dir='ltr'>q‘uidem,</span> <span class='ocrx_word' id='word_1_388' title='bbox 530 2103 592 2141; x_wconf 84' lang='lat' dir='ltr'>quia</span> <span class='ocrx_word' id='word_1_389' title='bbox 608 2099 697 2142; x_wconf 83' lang='lat' dir='ltr'>spinas</span> <span class='ocrx_word' id='word_1_390' title='bbox 716 2110 742 2132; x_wconf 88' lang='lat' dir='ltr'>et</span> <span class='ocrx_word' id='word_1_391' title='bbox 762 2104 878 2134; x_wconf 84' lang='lat' dir='ltr'>tribulos</span> <span class='ocrx_word' id='word_1_392' title='bbox 898 2106 988 2133; x_wconf 81' lang='lat' dir='ltr'>omnes</span> 
     </span>
     <span class='ocr_line' id='line_1_51' title="bbox 251 2142 989 2182; baseline 0.001 -11"><span class='ocrx_word' id='word_1_393' title='bbox 251 2142 357 2182; x_wconf 86' lang='lat' dir='ltr'>iniquos</span> <span class='ocrx_word' id='word_1_394' title='bbox 365 2142 503 2172; x_wconf 71' lang='lat' dir='ltr'>haereticos</span> <span class='ocrx_word' id='word_1_395' title='bbox 511 2142 656 2182; x_wconf 87' lang='lat' dir='ltr'>appellavit</span> <span class='ocrx_word' id='word_1_396' title='bbox 668 2154 675 2171; x_wconf 90' lang='lat'><strong>:</strong></span> <span class='ocrx_word' id='word_1_397' title='bbox 685 2149 771 2172; x_wconf 88' lang='lat' dir='ltr'>tamen</span> <span class='ocrx_word' id='word_1_398' title='bbox 782 2144 891 2173; x_wconf 82' lang='lat' dir='ltr'>forsitan</span> <span class='ocrx_word' id='word_1_399' title='bbox 903 2143 989 2173; x_wconf 88' lang='lat' dir='ltr'>sciens</span> 
     </span>
     <span class='ocr_line' id='line_1_52' title="bbox 252 2181 989 2227; baseline 0.003 -17"><span class='ocrx_word' id='word_1_400' title='bbox 252 2181 383 2210; x_wconf 87' lang='lat' dir='ltr'>Dominus</span> <span class='ocrx_word' id='word_1_401' title='bbox 404 2181 471 2210; x_wconf 86' lang='lat' dir='ltr'>hanc</span> <span class='ocrx_word' id='word_1_402' title='bbox 494 2182 613 2210; x_wconf 86' lang='lat' dir='ltr'>haeresim</span> <span class='ocrx_word' id='word_1_403' title='bbox 633 2193 689 2211; x_wconf 84' lang='lat' dir='ltr'>esse</span> <span class='ocrx_word' id='word_1_404' title='bbox 710 2183 910 2227; x_wconf 81' lang='lat' dir='ltr'>praevalituram</span> <span class='ocrx_word' id='word_1_405' title='bbox 933 2194 989 2223; x_wconf 65' lang='lat' dir='ltr'>prae</span> 
     </span>
     <span class='ocr_line' id='line_1_53' title="bbox 253 2221 990 2261; baseline 0.004 -12"><span class='ocrx_word' id='word_1_406' title='bbox 253 2221 388 2258; x_wconf 85' lang='lat' dir='ltr'>omnibus,</span> <span class='ocrx_word' id='word_1_407' title='bbox 402 2221 517 2252; x_wconf 87' lang='lat' dir='ltr'>tribulos</span> <span class='ocrx_word' id='word_1_408' title='bbox 530 2231 574 2250; x_wconf 89' lang='lat' dir='ltr'>eos</span> <span class='ocrx_word' id='word_1_409' title='bbox 588 2222 748 2261; x_wconf 76' lang='lat' dir='ltr'>appellavit,</span> <span class='ocrx_word' id='word_1_410' title='bbox 762 2223 838 2261; x_wconf 80' lang='lat' dir='ltr'>quasi</span> <span class='ocrx_word' id='word_1_411' title='bbox 850 2223 990 2252; x_wconf 81' lang='lat' dir='ltr'>Trinitatis</span> 
     </span>
     <span class='ocr_line' id='line_1_54' title="bbox 253 2261 991 2302; baseline 0.004 -14"><span class='ocrx_word' id='word_1_412' title='bbox 253 2261 421 2300; x_wconf 80' lang='lat' dir='ltr'>professores,</span> <span class='ocrx_word' id='word_1_413' title='bbox 434 2267 460 2290; x_wconf 83' lang='lat' dir='ltr'>et</span> <span class='ocrx_word' id='word_1_414' title='bbox 473 2261 633 2300; x_wconf 78' lang='lat' dir='ltr'>triangulam</span> <span class='ocrx_word' id='word_1_415' title='bbox 647 2261 809 2301; x_wconf 83' lang='lat' dir='ltr'>impietatem</span> <span class='ocrx_word' id='word_1_416' title='bbox 826 2262 852 2291; x_wconf 92' lang='lat' dir='ltr'>in</span> <span class='ocrx_word' id='word_1_417' title='bbox 867 2273 915 2291; x_wconf 85' lang='lat' dir='ltr'>sua</span> <span class='ocrx_word' id='word_1_418' title='bbox 929 2273 991 2302; x_wconf 86' lang='lat' dir='ltr'>per-</span> 
     </span>
    </p>
   </div>
   <div class='ocr_carea' id='block_1_5' title="bbox 101 2219 242 2310">
    <p class='ocr_par' dir='ltr' id='par_1_32' title="bbox 101 2219 242 2310">
     <span class='ocr_line' id='line_1_55' title="bbox 101 2219 241 2241; baseline -0.007 0"><span class='ocrx_word' id='word_1_419' title='bbox 101 2220 181 2241; x_wconf 67' lang='lat' dir='ltr'>contra</span> <span class='ocrx_word' id='word_1_420' title='bbox 190 2219 241 2241; x_wconf 79' lang='lat' dir='ltr'>Tri-</span> 
     </span>
     <span class='ocr_line' id='line_1_56' title="bbox 102 2251 242 2272; baseline 0 -1"><span class='ocrx_word' id='word_1_421' title='bbox 102 2253 193 2272; x_wconf 75' lang='lat' dir='ltr'>nitatem</span> <span class='ocrx_word' id='word_1_422' title='bbox 209 2251 242 2271; x_wconf 88' lang='lat' dir='ltr'>lo-</span> 
     </span>
     <span class='ocr_line' id='line_1_57' title="bbox 102 2283 188 2310; baseline 0.012 -8"><span class='ocrx_word' id='word_1_423' title='bbox 102 2283 188 2310; x_wconf 74' lang='lat' dir='ltr'>quitur.</span> 
     </span>
    </p>
   </div>
   <div class='ocr_carea' id='block_1_6' title="bbox 245 2340 993 2498">
    <p class='ocr_par' dir='ltr' id='par_1_33' title="bbox 245 2340 993 2498">
     <span class='ocr_line' id='line_1_58' title="bbox 254 2340 992 2381; baseline 0.003 -13"><span class='ocrx_word' id='word_1_424' title='bbox 254 2347 315 2369; x_wconf 83' lang='lat' dir='ltr'>ctus</span> <span class='ocrx_word' id='word_1_425' title='bbox 330 2340 423 2369; x_wconf 83' lang='lat' dir='ltr'>malos</span> <span class='ocrx_word' id='word_1_426' title='bbox 430 2341 537 2381; x_wconf 85' lang='lat' dir='ltr'>facere</span> <span class='ocrx_word' id='word_1_427' title='bbox 555 2351 561 2368; x_wconf 92' lang='lat'>:</span> <span class='ocrx_word' id='word_1_428' title='bbox 582 2346 610 2368; x_wconf 83' lang='lat' dir='ltr'>et</span> <span class='ocrx_word' id='word_1_429' title='bbox 630 2351 690 2369; x_wconf 89' lang='lat' dir='ltr'>non</span> <span class='ocrx_word' id='word_1_430' title='bbox 707 2348 801 2380; x_wconf 83' lang='lat' dir='ltr'>polest</span> <span class='ocrx_word' id='word_1_431' title='bbox 814 2341 899 2370; x_wconf 84' lang='lat' dir='ltr'>arbor</span> <span class='ocrx_word' id='word_1_432' title='bbox 910 2343 992 2376; x_wconf 83' lang='lat' dir='ltr'>mala</span> 
     </span>
     <span class='ocr_line' id='line_1_59' title="bbox 245 2379 992 2424; baseline 0.005 -17"><span class='ocrx_word' id='word_1_433' title='bbox 245 2379 350 2418; x_wconf 82' lang='lat' dir='ltr'>sacer-e</span> <span class='ocrx_word' id='word_1_434' title='bbox 364 2381 469 2411; x_wconf 80' lang='lat' dir='ltr'>bonnm</span> <span class='ocrx_word' id='word_1_435' title='bbox 476 2380 621 2424; x_wconf 77' lang='lat' dir='ltr'>fructum.</span> <span class='ocrx_word' id='word_1_436' title='bbox 638 2382 699 2410; x_wconf 88' lang='lat' dir='ltr'>Non</span> <span class='ocrx_word' id='word_1_437' title='bbox 719 2380 800 2417; x_wconf 83' lang='lat' dir='ltr'>dixit,</span> <span class='ocrx_word' id='word_1_438' title='bbox 822 2381 908 2410; x_wconf 78' lang='lat' dir='ltr'>Arbor</span> <span class='ocrx_word' id='word_1_439' title='bbox 918 2381 992 2411; x_wconf 83' lang='lat' dir='ltr'>mala</span> 
     </span>
     <span class='ocr_line' id='line_1_60' title="bbox 254 2419 990 2458; baseline 0.004 -12"><span class='ocrx_word' id='word_1_440' title='bbox 254 2428 305 2446; x_wconf 89' lang='lat' dir='ltr'>non</span> <span class='ocrx_word' id='word_1_441' title='bbox 323 2425 408 2458; x_wconf 87' lang='lat' dir='ltr'>potest</span> <span class='ocrx_word' id='word_1_442' title='bbox 427 2419 484 2448; x_wconf 83' lang='lat' dir='ltr'>fieri</span> <span class='ocrx_word' id='word_1_443' title='bbox 504 2419 574 2448; x_wconf 85' lang='lat' dir='ltr'>bona</span> <span class='ocrx_word' id='word_1_444' title='bbox 594 2429 679 2458; x_wconf 85' lang='lat' dir='ltr'>neque</span> <span class='ocrx_word' id='word_1_445' title='bbox 698 2420 778 2449; x_wconf 83' lang='lat' dir='ltr'>arbor</span> <span class='ocrx_word' id='word_1_446' title='bbox 798 2420 886 2456; x_wconf 86' lang='lat' dir='ltr'>bona,</span> <span class='ocrx_word' id='word_1_447' title='bbox 908 2421 990 2450; x_wconf 85' lang='lat' dir='ltr'>mala.</span> 
     </span>
     <span class='ocr_line' id='line_1_61' title="bbox 255 2458 993 2498; baseline 0.004 -12"><span class='ocrx_word' id='word_1_448' title='bbox 255 2458 363 2496; x_wconf 86' lang='lat' dir='ltr'>Alioqui</span> <span class='ocrx_word' id='word_1_449' title='bbox 380 2458 426 2497; x_wconf 88' lang='lat' dir='ltr'>qui</span> <span class='ocrx_word' id='word_1_450' title='bbox 445 2458 533 2488; x_wconf 80' lang='lat' dir='ltr'>malus</span> <span class='ocrx_word' id='word_1_451' title='bbox 546 2466 596 2496; x_wconf 88' lang='lat' dir='ltr'>est,</span> <span class='ocrx_word' id='word_1_452' title='bbox 611 2470 627 2488; x_wconf 87' lang='lat' dir='ltr'>a</span> <span class='ocrx_word' id='word_1_453' title='bbox 648 2461 705 2488; x_wconf 86' lang='lat' dir='ltr'>Deo</span> <span class='ocrx_word' id='word_1_454' title='bbox 726 2465 802 2493; x_wconf 86' lang='lat' dir='ltr'>esset,</span> <span class='ocrx_word' id='word_1_455' title='bbox 817 2459 891 2498; x_wconf 84' lang='lat' dir='ltr'>qnod</span> <span class='ocrx_word' id='word_1_456' title='bbox 905 2460 993 2489; x_wconf 86' lang='lat' dir='ltr'>malus</span> 
     </span>
    </p>
   </div>
   <div class='ocr_carea' id='block_1_7' title="bbox 256 2549 1006 2621">
    <p class='ocr_par' dir='ltr' id='par_1_34' title="bbox 256 2549 1006 2621">
     <span class='ocr_line' id='line_1_62' title="bbox 287 2549 1006 2585; baseline 0.003 -11"><span class='ocrx_word' id='word_1_457' title='bbox 287 2550 300 2568; x_wconf 74' lang='lat'>1,</span> <span class='ocrx_word' id='word_1_458' title='bbox 319 2549 348 2575; x_wconf 87' lang='lat' dir='ltr'>V.</span> <span class='ocrx_word' id='word_1_459' title='bbox 358 2550 388 2574; x_wconf 87' lang='lat' dir='ltr'>D.</span> <span class='ocrx_word' id='word_1_460' title='bbox 397 2558 484 2583; x_wconf 70' lang='lat' dir='ltr'>pacem</span> <span class='ocrx_word' id='word_1_461' title='bbox 493 2559 580 2583; x_wconf 79' lang='lat' dir='ltr'>capere</span> <span class='ocrx_word' id='word_1_462' title='bbox 590 2557 704 2584; x_wconf 78' lang='lat' dir='ltr'>possunt,</span> <span class='ocrx_word' id='word_1_463' title='bbox 713 2550 783 2577; x_wconf 82' lang='lat' dir='ltr'>Editi</span> <span class='ocrx_word' id='word_1_464' title='bbox 791 2552 817 2577; x_wconf 84' lang='lat' dir='ltr'>in</span> <span class='ocrx_word' id='word_1_465' title='bbox 830 2559 908 2585; x_wconf 78' lang='lat' dir='ltr'>marg.</span> <span class='ocrx_word' id='word_1_466' title='bbox 916 2560 1006 2585; x_wconf 74' lang='lat' dir='ltr'>pacem</span> 
     </span>
     <span class='ocr_line' id='line_1_63' title="bbox 256 2587 672 2621; baseline 0.002 -10"><span class='ocrx_word' id='word_1_467' title='bbox 256 2587 351 2618; x_wconf 76' lang='lat' dir='ltr'>habere,</span> <span class='ocrx_word' id='word_1_468' title='bbox 365 2597 396 2612; x_wconf 81' lang='lat' dir='ltr'>ac</span> <span class='ocrx_word' id='word_1_469' title='bbox 408 2596 432 2612; x_wconf 77' lang='lat' dir='ltr'>se</span> <span class='ocrx_word' id='word_1_470' title='bbox 448 2597 535 2621; x_wconf 81' lang='lat' dir='ltr'>capere</span> <span class='ocrx_word' id='word_1_471' title='bbox 544 2595 655 2621; x_wconf 74' lang='lat' dir='ltr'>possunt.</span> <span class='ocrx_word' id='word_1_472' title='bbox 668 2617 672 2619; x_wconf 36' lang='lat'>¹</span> 
     </span>
    </p>
   </div>
   <div class='ocr_carea' id='block_1_8' title="bbox 1031 282 1776 364">
    <p class='ocr_par' dir='ltr' id='par_1_35' title="bbox 1031 282 1776 364">
     <span class='ocr_line' id='line_1_64' title="bbox 1031 282 1776 325; baseline 0.001 -11"><span class='ocrx_word' id='word_1_473' title='bbox 1031 286 1111 314; x_wconf 86' lang='lat' dir='ltr'>Nunc</span> <span class='ocrx_word' id='word_1_474' title='bbox 1124 292 1212 314; x_wconf 86' lang='lat' dir='ltr'>autem</span> <span class='ocrx_word' id='word_1_475' title='bbox 1223 284 1262 314; x_wconf 89' lang='lat' dir='ltr'>sic</span> <span class='ocrx_word' id='word_1_476' title='bbox 1271 283 1349 322; x_wconf 84' lang='lat' dir='ltr'>dicit,</span> <span class='ocrx_word' id='word_1_477' title='bbox 1361 282 1453 315; x_wconf 67' lang='lat' dir='ltr'>Milus</span> <span class='ocrx_word' id='word_1_478' title='bbox 1463 295 1521 315; x_wconf 19' lang='lat' dir='ltr'>nont</span> <span class='ocrx_word' id='word_1_479' title='bbox 1525 292 1612 325; x_wconf 80' lang='lat' dir='ltr'>potest</span> <span class='ocrx_word' id='word_1_480' title='bbox 1624 285 1776 320; x_wconf 72' lang='lat' dir='ltr'>facerefru-</span> 
     </span>
     <span class='ocr_line' id='line_1_65' title="bbox 1032 323 1775 364; baseline 0.003 -11"><span class='ocrx_word' id='word_1_481' title='bbox 1032 331 1091 353; x_wconf 86' lang='lat' dir='ltr'>ctus</span> <span class='ocrx_word' id='word_1_482' title='bbox 1109 325 1194 354; x_wconf 91' lang='lat' dir='ltr'>bonos</span> <span class='ocrx_word' id='word_1_483' title='bbox 1213 337 1219 354; x_wconf 74' lang='grc' dir='ltr'><strong><em>ε</em></strong></span> <span class='ocrx_word' id='word_1_484' title='bbox 1247 324 1276 353; x_wconf 91' lang='lat' dir='ltr'>id</span> <span class='ocrx_word' id='word_1_485' title='bbox 1289 331 1340 362; x_wconf 77' lang='lat' dir='ltr'>est,</span> <span class='ocrx_word' id='word_1_486' title='bbox 1355 323 1485 364; x_wconf 87' lang='lat' dir='ltr'>quamdiu</span> <span class='ocrx_word' id='word_1_487' title='bbox 1502 325 1590 355; x_wconf 84' lang='lat' dir='ltr'>malus</span> <span class='ocrx_word' id='word_1_488' title='bbox 1601 332 1649 355; x_wconf 87' lang='lat' dir='ltr'>est.</span> <span class='ocrx_word' id='word_1_489' title='bbox 1666 324 1697 355; x_wconf 88' lang='lat' dir='ltr'>Si</span> <span class='ocrx_word' id='word_1_490' title='bbox 1709 335 1775 355; x_wconf 82' lang='lat' dir='ltr'>vero</span> 
     </span>
    </p>
   </div>
   <div class='ocr_carea' id='block_1_9' title="bbox 1007 364 1775 404">
    <p class='ocr_par' dir='ltr' id='par_1_36' title="bbox 1007 364 1775 404">
     <span class='ocr_line' id='line_1_66' title="bbox 1007 364 1775 404; baseline 0.004 -12"><span class='ocrx_word' id='word_1_491' title='bbox 1007 396 1009 398; x_wconf 18' lang='lat' dir='ltr'>q</span> <span class='ocrx_word' id='word_1_492' title='bbox 1031 364 1115 393; x_wconf 77' lang='lat' dir='ltr'>factus</span> <span class='ocrx_word' id='word_1_493' title='bbox 1123 364 1204 393; x_wconf 81' lang='lat' dir='ltr'>suerit</span> <span class='ocrx_word' id='word_1_494' title='bbox 1213 365 1312 400; x_wconf 86' lang='lat' dir='ltr'>bonus,</span> <span class='ocrx_word' id='word_1_495' title='bbox 1325 371 1411 404; x_wconf 80' lang='lat' dir='ltr'>potest</span> <span class='ocrx_word' id='word_1_496' title='bbox 1423 376 1430 392; x_wconf 91' lang='lat'>:</span> <span class='ocrx_word' id='word_1_497' title='bbox 1445 371 1473 394; x_wconf 88' lang='lat' dir='ltr'>ut</span> <span class='ocrx_word' id='word_1_498' title='bbox 1490 365 1686 404; x_wconf 74' lang='lat' dir='ltr'>unusquisque,</span> <span class='ocrx_word' id='word_1_499' title='bbox 1700 364 1775 404; x_wconf 85' lang='lat' dir='ltr'>quod</span> 
     </span>
    </p>
   </div>
   <div class='ocr_carea' id='block_1_10' title="bbox 1030 403 1813 524">
    <p class='ocr_par' dir='ltr' id='par_1_37' title="bbox 1030 403 1813 524">
     <span class='ocr_line' id='line_1_67' title="bbox 1031 403 1775 444; baseline 0.003 -12"><span class='ocrx_word' id='word_1_500' title='bbox 1031 403 1119 433; x_wconf 85' lang='lat' dir='ltr'>malus</span> <span class='ocrx_word' id='word_1_501' title='bbox 1131 410 1181 440; x_wconf 86' lang='lat' dir='ltr'>est,</span> <span class='ocrx_word' id='word_1_502' title='bbox 1196 411 1244 433; x_wconf 87' lang='lat' dir='ltr'>aut</span> <span class='ocrx_word' id='word_1_503' title='bbox 1256 404 1354 441; x_wconf 85' lang='lat' dir='ltr'>bonus,</span> <span class='ocrx_word' id='word_1_504' title='bbox 1368 403 1516 434; x_wconf 77' lang='lat' dir='ltr'>voluntatis</span> <span class='ocrx_word' id='word_1_505' title='bbox 1527 404 1586 444; x_wconf 83' lang='lat' dir='ltr'>ejus</span> <span class='ocrx_word' id='word_1_506' title='bbox 1599 405 1644 441; x_wconf 90' lang='lat' dir='ltr'>sit,</span> <span class='ocrx_word' id='word_1_507' title='bbox 1661 414 1713 433; x_wconf 90' lang='lat' dir='ltr'>non</span> <span class='ocrx_word' id='word_1_508' title='bbox 1729 414 1775 434; x_wconf 83' lang='lat' dir='ltr'>na-</span> 
     </span>
     <span class='ocr_line' id='line_1_68' title="bbox 1030 443 1813 484; baseline 0.001 -12"><span class='ocrx_word' id='word_1_509' title='bbox 1030 449 1109 472; x_wconf 83' lang='lat' dir='ltr'>turae.</span> <span class='ocrx_word' id='word_1_510' title='bbox 1123 444 1191 472; x_wconf 85' lang='lat' dir='ltr'>Nam</span> <span class='ocrx_word' id='word_1_511' title='bbox 1201 444 1225 473; x_wconf 83' lang='lat' dir='ltr'>si</span> <span class='ocrx_word' id='word_1_512' title='bbox 1234 443 1353 480; x_wconf 82' lang='lat' dir='ltr'>volebat,</span> <span class='ocrx_word' id='word_1_513' title='bbox 1363 450 1451 473; x_wconf 84' lang='lat' dir='ltr'>et-non</span> <span class='ocrx_word' id='word_1_514' title='bbox 1462 451 1565 484; x_wconf 83' lang='lat' dir='ltr'>poterat</span> <span class='ocrx_word' id='word_1_515' title='bbox 1573 444 1678 474; x_wconf 78' lang='lat' dir='ltr'>tructus</span> <span class='ocrx_word' id='word_1_516' title='bbox 1690 444 1775 473; x_wconf 88' lang='lat' dir='ltr'>bonos</span> <span class='ocrx_word' id='word_1_517' title='bbox 1810 463 1813 465; x_wconf 93' lang='lat'>-</span> 
     </span>
     <span class='ocr_line' id='line_1_69' title="bbox 1032 483 1773 524; baseline 0.001 -13"><span class='ocrx_word' id='word_1_518' title='bbox 1032 483 1162 522; x_wconf 80' lang='lat' dir='ltr'>proferre,</span> <span class='ocrx_word' id='word_1_519' title='bbox 1173 490 1274 524; x_wconf 75' lang='lat' dir='ltr'>naturae</span> <span class='ocrx_word' id='word_1_520' title='bbox 1283 489 1340 512; x_wconf 81' lang='lat' dir='ltr'>erat</span> <span class='ocrx_word' id='word_1_521' title='bbox 1350 494 1358 511; x_wconf 75' lang='grc' dir='ltr'><strong><em>ε</em></strong></span> <span class='ocrx_word' id='word_1_522' title='bbox 1368 483 1390 512; x_wconf 87' lang='lat' dir='ltr'>si</span> <span class='ocrx_word' id='word_1_523' title='bbox 1401 490 1491 515; x_wconf 74' lang='lat' dir='ltr'>autem</span> <span class='ocrx_word' id='word_1_524' title='bbox 1499 490 1594 524; x_wconf 82' lang='lat' dir='ltr'>potest,</span> <span class='ocrx_word' id='word_1_525' title='bbox 1604 490 1631 514; x_wconf 88' lang='lat' dir='ltr'>et</span> <span class='ocrx_word' id='word_1_526' title='bbox 1640 493 1694 512; x_wconf 87' lang='lat' dir='ltr'>non</span> <span class='ocrx_word' id='word_1_527' title='bbox 1702 483 1773 521; x_wconf 86' lang='lat' dir='ltr'>vult,</span> 
     </span>
    </p>
   </div>
   <div class='ocr_carea' id='block_1_11' title="bbox 1008 522 1395 562">
    <p class='ocr_par' dir='ltr' id='par_1_38' title="bbox 1008 522 1395 562">
     <span class='ocr_line' id='line_1_70' title="bbox 1008 522 1395 562; baseline 0.003 -11"><span class='ocrx_word' id='word_1_528' title='bbox 1008 553 1012 562; x_wconf 35' lang='grc' dir='ltr'><em>Δ</em></span> <span class='ocrx_word' id='word_1_529' title='bbox 1033 522 1139 552; x_wconf 85' lang='lat' dir='ltr'>arbitrii</span> <span class='ocrx_word' id='word_1_530' title='bbox 1152 529 1203 559; x_wconf 81' lang='lat' dir='ltr'>est,</span> <span class='ocrx_word' id='word_1_531' title='bbox 1216 533 1270 552; x_wconf 92' lang='lat' dir='ltr'>non</span> <span class='ocrx_word' id='word_1_532' title='bbox 1283 525 1395 553; x_wconf 77' lang='lat' dir='ltr'>naturae.</span> 
     </span>
    </p>
   </div>
   <div class='ocr_carea' id='block_1_12' title="bbox 1005 2027 1025 2050">
    <p class='ocr_par' dir='ltr' id='par_1_39' title="bbox 1005 2027 1025 2050">
     <span class='ocr_line' id='line_1_71' title="bbox 1005 2027 1025 2050; baseline 0 -3"><span class='ocrx_word' id='word_1_533' title='bbox 1005 2027 1025 2050; x_wconf 81' lang='lat' dir='ltr'>D</span> 
     </span>
    </p>
   </div>
   <div class='ocr_carea' id='block_1_13' title="bbox 1006 2183 1784 2224">
    <p class='ocr_par' dir='ltr' id='par_1_40' title="bbox 1006 2183 1784 2224">
     <span class='ocr_line' id='line_1_72' title="bbox 1006 2183 1784 2224; baseline 0.006 -12"><span class='ocrx_word' id='word_1_534' title='bbox 1006 2215 1010 2219; x_wconf 92' lang='lat'>.</span> <span class='ocrx_word' id='word_1_535' title='bbox 1045 2184 1126 2213; x_wconf 78' lang='lat' dir='ltr'>disus</span> <span class='ocrx_word' id='word_1_536' title='bbox 1145 2183 1210 2214; x_wconf 67' lang='lat' dir='ltr'>cit‘m</span> <span class='ocrx_word' id='word_1_537' title='bbox 1220 2183 1328 2224; x_wconf 78' lang='lat' dir='ltr'>fructu</span> <span class='ocrx_word' id='word_1_538' title='bbox 1361 2194 1508 2221; x_wconf 75' lang='lat' dir='ltr'>omarum,</span> <span class='ocrx_word' id='word_1_539' title='bbox 1527 2185 1606 2215; x_wconf 85' lang='lat' dir='ltr'>multi</span> <span class='ocrx_word' id='word_1_540' title='bbox 1625 2193 1688 2216; x_wconf 88' lang='lat' dir='ltr'>sunt</span> <span class='ocrx_word' id='word_1_541' title='bbox 1707 2187 1784 2217; x_wconf 75' lang='lat' dir='ltr'>mah.</span> 
     </span>
    </p>
   </div>
   <div class='ocr_carea' id='block_1_14' title="bbox 253 2299 1010 2343">
    <p class='ocr_par' dir='ltr' id='par_1_41' title="bbox 253 2299 1010 2343">
     <span class='ocr_line' id='line_1_73' title="bbox 253 2299 1010 2343; baseline 0.004 -15"><span class='ocrx_word' id='word_1_542' title='bbox 253 2299 316 2329; x_wconf 77' lang='lat' dir='ltr'>fidia</span> <span class='ocrx_word' id='word_1_543' title='bbox 326 2300 485 2340; x_wconf 84' lang='lat' dir='ltr'>bajulantes.</span> <span class='ocrx_word' id='word_1_544' title='bbox 498 2301 547 2330; x_wconf 82' lang='grc'>18.</span> <span class='ocrx_word' id='word_1_545' title='bbox 560 2301 628 2330; x_wconf 89' lang='grc' dir='ltr'>Νοη</span> <span class='ocrx_word' id='word_1_546' title='bbox 637 2304 827 2340; x_wconf 84' lang='lat' dir='ltr'>potestarbor·</span> <span class='ocrx_word' id='word_1_547' title='bbox 839 2302 992 2343; x_wconf 77' lang='lat' dir='ltr'>benafru-</span> <span class='ocrx_word' id='word_1_548' title='bbox 1006 2310 1010 2312; x_wconf 62' lang='grc'><strong>“</strong></span> 
     </span>
    </p>
   </div>
   <div class='ocr_carea' id='block_1_15' title="bbox 1036 2591 1109 2616">
    <p class='ocr_par' dir='ltr' id='par_1_42' title="bbox 1036 2591 1109 2616">
     <span class='ocr_line' id='line_1_74' title="bbox 1036 2591 1109 2616; baseline 0.014 -1"><span class='ocrx_word' id='word_1_549' title='bbox 1036 2591 1066 2615; x_wconf 88' lang='lat' dir='ltr'>V.</span> <span class='ocrx_word' id='word_1_550' title='bbox 1079 2592 1109 2616; x_wconf 91' lang='lat' dir='ltr'>D.</span> 
     </span>
    </p>
   </div>
   <div class='ocr_carea' id='block_1_16' title="bbox 1031 523 1904 2222">
    <p class='ocr_par' dir='ltr' id='par_1_43' title="bbox 1465 523 1712 556">
     <span class='ocr_line' id='line_1_75' title="bbox 1465 523 1712 556; baseline 0 -4"><span class='ocrx_word' id='word_1_551' title='bbox 1465 533 1480 552; x_wconf 92' lang='grc' dir='ltr'><strong>ο</strong></span> <span class='ocrx_word' id='word_1_552' title='bbox 1493 533 1587 556; x_wconf 83' lang='lat' dir='ltr'>servus</span> <span class='ocrx_word' id='word_1_553' title='bbox 1596 523 1645 553; x_wconf 90' lang='lat' dir='ltr'>Dei</span> <span class='ocrx_word' id='word_1_554' title='bbox 1660 532 1712 552; x_wconf 86' lang='lat' dir='ltr'>non</span> 
     </span>
    </p>

    <p class='ocr_par' dir='ltr' id='par_1_44' title="bbox 1031 533 1904 2205">
     <span class='ocr_line' id='line_1_76' title="bbox 1032 533 1808 602; baseline 0.003 -12"><span class='ocrx_word' id='word_1_555' title='bbox 1032 568 1083 591; x_wconf 88' lang='lat' dir='ltr'>test</span> <span class='ocrx_word' id='word_1_556' title='bbox 1096 562 1181 591; x_wconf 86' lang='lat' dir='ltr'>facere</span> <span class='ocrx_word' id='word_1_557' title='bbox 1200 562 1303 592; x_wconf 89' lang='lat' dir='ltr'>malum</span> <span class='ocrx_word' id='word_1_558' title='bbox 1323 574 1330 591; x_wconf 87' lang='lat'>=</span> <span class='ocrx_word' id='word_1_559' title='bbox 1353 569 1379 592; x_wconf 85' lang='lat' dir='ltr'>et</span> <span class='ocrx_word' id='word_1_560' title='bbox 1397 562 1420 592; x_wconf 84' lang='lat' dir='ltr'>si</span> <span class='ocrx_word' id='word_1_561' title='bbox 1434 562 1542 593; x_wconf 83' lang='lat' dir='ltr'>videtur</span> <span class='ocrx_word' id='word_1_562' title='bbox 1553 562 1603 592; x_wconf 90' lang='lat' dir='ltr'>tibi</span> <span class='ocrx_word' id='word_1_563' title='bbox 1615 533 1775 602; x_wconf 52' lang='lat' dir='ltr'>aliquandi:</span> <span class='ocrx_word' id='word_1_564' title='bbox 1805 564 1808 567; x_wconf 71' lang='grc'>“</span> 
     </span>
     <span class='ocr_line' id='line_1_77' title="bbox 1031 601 1773 643; baseline 0.003 -14"><span class='ocrx_word' id='word_1_565' title='bbox 1031 601 1105 640; x_wconf 88' lang='lat' dir='ltr'>quod</span> <span class='ocrx_word' id='word_1_566' title='bbox 1111 602 1181 631; x_wconf 87' lang='lat' dir='ltr'>male</span> <span class='ocrx_word' id='word_1_567' title='bbox 1187 602 1259 638; x_wconf 81' lang='lat' dir='ltr'>fecit,</span> <span class='ocrx_word' id='word_1_568' title='bbox 1267 601 1405 632; x_wconf 78' lang='lat' dir='ltr'>considera</span> <span class='ocrx_word' id='word_1_569' title='bbox 1413 609 1489 632; x_wconf 81' lang='lat' dir='ltr'>caute</span> <span class='ocrx_word' id='word_1_570' title='bbox 1497 603 1586 643; x_wconf 84' lang='lat' dir='ltr'>ipsum</span> <span class='ocrx_word' id='word_1_571' title='bbox 1593 602 1697 633; x_wconf 76' lang='lat' dir='ltr'>malum</span> <span class='ocrx_word' id='word_1_572' title='bbox 1702 602 1773 642; x_wconf 83' lang='lat' dir='ltr'>ejus,</span> 
     </span>
     <span class='ocr_line' id='line_1_78' title="bbox 1033 641 1775 681; baseline 0.001 -11"><span class='ocrx_word' id='word_1_573' title='bbox 1033 647 1059 670; x_wconf 90' lang='lat' dir='ltr'>et</span> <span class='ocrx_word' id='word_1_574' title='bbox 1073 641 1191 671; x_wconf 86' lang='lat' dir='ltr'>invenies</span> <span class='ocrx_word' id='word_1_575' title='bbox 1200 653 1262 671; x_wconf 86' lang='lat' dir='ltr'>eum</span> <span class='ocrx_word' id='word_1_576' title='bbox 1268 642 1303 671; x_wconf 89' lang='lat' dir='ltr'>ah</span> <span class='ocrx_word' id='word_1_577' title='bbox 1316 641 1389 672; x_wconf 79' lang='lat' dir='ltr'>intus</span> <span class='ocrx_word' id='word_1_578' title='bbox 1397 652 1455 672; x_wconf 77' lang='lat' dir='ltr'>esse</span> <span class='ocrx_word' id='word_1_579' title='bbox 1466 642 1578 672; x_wconf 88' lang='lat' dir='ltr'>honum.</span> <span class='ocrx_word' id='word_1_580' title='bbox 1589 643 1660 672; x_wconf 88' lang='lat' dir='ltr'>Nam</span> <span class='ocrx_word' id='word_1_581' title='bbox 1669 652 1704 671; x_wconf 87' lang='lat' dir='ltr'>ex</span> <span class='ocrx_word' id='word_1_582' title='bbox 1714 652 1775 681; x_wconf 85' lang='lat' dir='ltr'>pro-</span> 
     </span>
     <span class='ocr_line' id='line_1_79' title="bbox 1033 680 1775 721; baseline 0.001 -12"><span class='ocrx_word' id='word_1_583' title='bbox 1033 680 1121 721; x_wconf 85' lang='lat' dir='ltr'>posito</span> <span class='ocrx_word' id='word_1_584' title='bbox 1134 681 1222 719; x_wconf 87' lang='lat' dir='ltr'>bono,</span> <span class='ocrx_word' id='word_1_585' title='bbox 1237 682 1328 712; x_wconf 26' lang='lat' dir='ltr'>etiam,</span> <span class='ocrx_word' id='word_1_586' title='bbox 1350 680 1404 711; x_wconf 88' lang='lat' dir='ltr'>uod</span> <span class='ocrx_word' id='word_1_587' title='bbox 1416 681 1525 712; x_wconf 74' lang='lat' dir='ltr'>videtur</span> <span class='ocrx_word' id='word_1_588' title='bbox 1538 681 1640 712; x_wconf 83' lang='lat' dir='ltr'>malum</span> <span class='ocrx_word' id='word_1_589' title='bbox 1649 704 1657 718; x_wconf 96' lang='lat'>,</span> <span class='ocrx_word' id='word_1_590' title='bbox 1671 680 1775 711; x_wconf 86' lang='lat' dir='ltr'>bonnm</span> 
     </span>
     <span class='ocr_line' id='line_1_80' title="bbox 1034 721 1772 761; baseline 0 -11"><span class='ocrx_word' id='word_1_591' title='bbox 1034 727 1081 757; x_wconf 81' lang='lat' dir='ltr'>est,</span> <span class='ocrx_word' id='word_1_592' title='bbox 1090 721 1152 759; x_wconf 88' lang='lat' dir='ltr'>quia</span> <span class='ocrx_word' id='word_1_593' title='bbox 1165 722 1333 761; x_wconf 88' lang='lat' dir='ltr'>propositum</span> <span class='ocrx_word' id='word_1_594' title='bbox 1377 731 1443 751; x_wconf 88' lang='lat' dir='ltr'>num</span> <span class='ocrx_word' id='word_1_595' title='bbox 1453 721 1554 751; x_wconf 84' lang='lat' dir='ltr'>malum</span> <span class='ocrx_word' id='word_1_596' title='bbox 1566 731 1635 761; x_wconf 80' lang='lat' dir='ltr'>opus</span> <span class='ocrx_word' id='word_1_597' title='bbox 1645 725 1755 750; x_wconf 77' lang='lat' dir='ltr'>excusat</span> <span class='ocrx_word' id='word_1_598' title='bbox 1763 732 1772 750; x_wconf 85' lang='lat'><em>=</em></span> 
     </span>
     <span class='ocr_line' id='line_1_81' title="bbox 1035 759 1774 806; baseline 0.003 -18"><span class='ocrx_word' id='word_1_599' title='bbox 1035 759 1138 790; x_wconf 89' lang='lat' dir='ltr'>malum</span> <span class='ocrx_word' id='word_1_600' title='bbox 1155 768 1243 790; x_wconf 84' lang='lat' dir='ltr'>autem</span> <span class='ocrx_word' id='word_1_601' title='bbox 1257 771 1326 801; x_wconf 89' lang='lat' dir='ltr'>opus</span> <span class='ocrx_word' id='word_1_602' title='bbox 1338 761 1440 790; x_wconf 88' lang='lat' dir='ltr'>bonum</span> <span class='ocrx_word' id='word_1_603' title='bbox 1458 760 1626 806; x_wconf 82' lang='lat' dir='ltr'>propositum</span> <span class='ocrx_word' id='word_1_604' title='bbox 1640 770 1774 790; x_wconf 69' lang='lat' dir='ltr'>nonnon-</span> 
     </span>
     <span class='ocr_line' id='line_1_82' title="bbox 1035 798 1775 835; baseline 0.001 -7"><span class='ocrx_word' id='word_1_605' title='bbox 1035 798 1153 829; x_wconf 79' lang='lat' dir='ltr'>demnat.</span> <span class='ocrx_word' id='word_1_606' title='bbox 1172 800 1275 831; x_wconf 87' lang='lat' dir='ltr'>Vidisti</span> <span class='ocrx_word' id='word_1_607' title='bbox 1297 802 1401 830; x_wconf 71' lang='lat' dir='ltr'>Mosem</span> <span class='ocrx_word' id='word_1_608' title='bbox 1418 800 1596 830; x_wconf 81' lang='lat' dir='ltr'>homicidium</span> <span class='ocrx_word' id='word_1_609' title='bbox 1620 799 1775 835; x_wconf 77' lang='lat' dir='ltr'>facientem,</span> 
     </span>
     <span class='ocr_line' id='line_1_83' title="bbox 1037 838 1879 880; baseline 0.001 -12"><span class='ocrx_word' id='word_1_610' title='bbox 1037 838 1083 868; x_wconf 88' lang='lat' dir='ltr'>sed</span> <span class='ocrx_word' id='word_1_611' title='bbox 1101 849 1154 870; x_wconf 87' lang='lat' dir='ltr'>nou</span> <span class='ocrx_word' id='word_1_612' title='bbox 1167 847 1277 880; x_wconf 83' lang='lat' dir='ltr'>propter</span> <span class='ocrx_word' id='word_1_613' title='bbox 1290 851 1366 869; x_wconf 80' lang='lat' dir='ltr'>suam</span> <span class='ocrx_word' id='word_1_614' title='bbox 1381 840 1518 880; x_wconf 81' lang='lat' dir='ltr'>injuriam,</span> <span class='ocrx_word' id='word_1_615' title='bbox 1536 840 1583 870; x_wconf 86' lang='lat' dir='ltr'>sed</span> <span class='ocrx_word' id='word_1_616' title='bbox 1617 845 1774 880; x_wconf 17' lang='lat' dir='ltr'>ropterrser-</span> <span class='ocrx_word' id='word_1_617' title='bbox 1800 864 1818 878; x_wconf 19' lang='grc' dir='ltr'>,Β</span> <span class='ocrx_word' id='word_1_618' title='bbox 1876 862 1879 866; x_wconf 39' lang='lat'><strong><em>⁴</em></strong></span> 
     </span>
     <span class='ocr_line' id='line_1_84' title="bbox 1036 877 1882 917; baseline 0.002 -10"><span class='ocrx_word' id='word_1_619' title='bbox 1036 888 1135 908; x_wconf 79' lang='lat' dir='ltr'>vorum</span> <span class='ocrx_word' id='word_1_620' title='bbox 1157 879 1205 908; x_wconf 86' lang='lat' dir='ltr'>Dei</span> <span class='ocrx_word' id='word_1_621' title='bbox 1228 878 1386 910; x_wconf 82' lang='lat' dir='ltr'>vindictam.</span> <span class='ocrx_word' id='word_1_622' title='bbox 1407 878 1511 910; x_wconf 89' lang='lat' dir='ltr'>Vidisti</span> <span class='ocrx_word' id='word_1_623' title='bbox 1532 881 1597 917; x_wconf 79' lang='lat' dir='ltr'>Jaco</span> <span class='ocrx_word' id='word_1_624' title='bbox 1621 899 1625 904; x_wconf 69' lang='lat'><em>›</em></span> <span class='ocrx_word' id='word_1_625' title='bbox 1667 877 1717 908; x_wconf 80' lang='lat' dir='ltr'>iud</span> <span class='ocrx_word' id='word_1_626' title='bbox 1729 877 1786 909; x_wconf 46' lang='lat' dir='ltr'>*lo*</span> <span class='ocrx_word' id='word_1_627' title='bbox 1798 886 1801 889; x_wconf 90' lang='grc'><strong>’</strong></span> <span class='ocrx_word' id='word_1_628' title='bbox 1875 895 1882 898; x_wconf 93' lang='grc'>-</span> 
     </span>
     <span class='ocr_line' id='line_1_85' title="bbox 1036 918 1776 958; baseline 0.001 -11"><span class='ocrx_word' id='word_1_629' title='bbox 1036 925 1161 956; x_wconf 90' lang='lat' dir='ltr'>quentem</span> <span class='ocrx_word' id='word_1_630' title='bbox 1173 918 1202 948; x_wconf 90' lang='lat' dir='ltr'>in</span> <span class='ocrx_word' id='word_1_631' title='bbox 1214 919 1252 948; x_wconf 93' lang='lat' dir='ltr'>lin</span> <span class='ocrx_word' id='word_1_632' title='bbox 1274 930 1318 956; x_wconf 84' lang='lat' dir='ltr'>ua,</span> <span class='ocrx_word' id='word_1_633' title='bbox 1337 918 1466 958; x_wconf 83' lang='lat' dir='ltr'>aliudque</span> <span class='ocrx_word' id='word_1_634' title='bbox 1477 919 1619 949; x_wconf 87' lang='lat' dir='ltr'>habentem</span> <span class='ocrx_word' id='word_1_635' title='bbox 1632 919 1661 948; x_wconf 90' lang='lat' dir='ltr'>in</span> <span class='ocrx_word' id='word_1_636' title='bbox 1683 918 1776 956; x_wconf 54' lang='lat' dir='ltr'>coi-dig</span> 
     </span>
     <span class='ocr_line' id='line_1_86' title="bbox 1036 957 1904 998; baseline 0.002 -12"><span class='ocrx_word' id='word_1_637' title='bbox 1036 968 1099 987; x_wconf 88' lang='lat' dir='ltr'>cum</span> <span class='ocrx_word' id='word_1_638' title='bbox 1116 957 1218 988; x_wconf 88' lang='lat' dir='ltr'>diceret</span> <span class='ocrx_word' id='word_1_639' title='bbox 1230 969 1246 988; x_wconf 86' lang='lat' dir='ltr'>a</span> <span class='ocrx_word' id='word_1_640' title='bbox 1286 959 1369 996; x_wconf 69' lang='lat' dir='ltr'>Esau,</span> <span class='ocrx_word' id='word_1_641' title='bbox 1380 959 1454 998; x_wconf 56' lang='lat' dir='ltr'>¹&#39;quia</span> <span class='ocrx_word' id='word_1_642' title='bbox 1475 958 1665 998; x_wconf 84' lang='lat' dir='ltr'>Vidisaciem</span> <span class='ocrx_word' id='word_1_643' title='bbox 1682 965 1774 995; x_wconf 80' lang='lat' dir='ltr'>tuam,</span> <span class='ocrx_word' id='word_1_644' title='bbox 1787 970 1904 995; x_wconf 57' lang='lat' dir='ltr'>censam</span> 
     </span>
     <span class='ocr_line' id='line_1_87' title="bbox 1035 997 1775 1038; baseline 0.003 -12"><span class='ocrx_word' id='word_1_645' title='bbox 1035 999 1110 1027; x_wconf 77' lang='lat' dir='ltr'>sicut</span> <span class='ocrx_word' id='word_1_646' title='bbox 1129 1001 1180 1038; x_wconf 84' lang='lat' dir='ltr'>qui</span> <span class='ocrx_word' id='word_1_647' title='bbox 1197 999 1300 1028; x_wconf 81' lang='lat' dir='ltr'>videat</span> <span class='ocrx_word' id='word_1_648' title='bbox 1310 999 1424 1038; x_wconf 83' lang='lat' dir='ltr'>faciem</span> <span class='ocrx_word' id='word_1_649' title='bbox 1445 997 1514 1034; x_wconf 77' lang='lat' dir='ltr'>Dei,</span> <span class='ocrx_word' id='word_1_650' title='bbox 1524 997 1574 1028; x_wconf 81' lang='lat' dir='ltr'>sed</span> <span class='ocrx_word' id='word_1_651' title='bbox 1591 1008 1644 1028; x_wconf 86' lang='lat' dir='ltr'>non</span> <span class='ocrx_word' id='word_1_652' title='bbox 1665 1006 1693 1028; x_wconf 89' lang='lat' dir='ltr'>ut</span> <span class='ocrx_word' id='word_1_653' title='bbox 1711 1009 1775 1028; x_wconf 86' lang='lat' dir='ltr'>eum</span> 
     </span>
     <span class='ocr_line' id='line_1_88' title="bbox 1034 1036 1776 1078; baseline 0.001 -12"><span class='ocrx_word' id='word_1_654' title='bbox 1034 1036 1180 1077; x_wconf 83' lang='lat' dir='ltr'>deciperet,</span> <span class='ocrx_word' id='word_1_655' title='bbox 1192 1037 1240 1067; x_wconf 87' lang='lat' dir='ltr'>sed</span> <span class='ocrx_word' id='word_1_656' title='bbox 1249 1044 1279 1067; x_wconf 90' lang='lat' dir='ltr'>ut</span> <span class='ocrx_word' id='word_1_657' title='bbox 1289 1040 1474 1078; x_wconf 64' lang='lat' dir='ltr'>compesceret.</span> <span class='ocrx_word' id='word_1_658' title='bbox 1485 1037 1616 1068; x_wconf 84' lang='lat' dir='ltr'>Similiter</span> <span class='ocrx_word' id='word_1_659' title='bbox 1625 1038 1711 1067; x_wconf 87' lang='lat' dir='ltr'>malus</span> <span class='ocrx_word' id='word_1_660' title='bbox 1722 1048 1776 1067; x_wconf 86' lang='lat' dir='ltr'>non</span> 
     </span>
     <span class='ocr_line' id='line_1_89' title="bbox 1034 1076 1776 1118; baseline 0.001 -12"><span class='ocrx_word' id='word_1_661' title='bbox 1034 1083 1122 1116; x_wconf 85' lang='lat' dir='ltr'>potest</span> <span class='ocrx_word' id='word_1_662' title='bbox 1132 1077 1218 1107; x_wconf 82' lang='lat' dir='ltr'>facere</span> <span class='ocrx_word' id='word_1_663' title='bbox 1230 1077 1332 1118; x_wconf 74' lang='lat' dir='ltr'>bonum</span> <span class='ocrx_word' id='word_1_664' title='bbox 1347 1090 1355 1106; x_wconf 73' lang='grc' dir='ltr'><strong><em>ε</em></strong></span> <span class='ocrx_word' id='word_1_665' title='bbox 1369 1084 1396 1107; x_wconf 88' lang='lat' dir='ltr'>et</span> <span class='ocrx_word' id='word_1_666' title='bbox 1407 1076 1432 1107; x_wconf 68' lang='lat' dir='ltr'>&#39;si</span> <span class='ocrx_word' id='word_1_667' title='bbox 1444 1077 1554 1107; x_wconf 84' lang='lat' dir='ltr'>videtur</span> <span class='ocrx_word' id='word_1_668' title='bbox 1566 1077 1617 1107; x_wconf 85' lang='lat' dir='ltr'>tibi</span> <span class='ocrx_word' id='word_1_669' title='bbox 1628 1077 1714 1108; x_wconf 71' lang='lat' dir='ltr'>facere</span> <span class='ocrx_word' id='word_1_670' title='bbox 1725 1077 1776 1107; x_wconf 78' lang='lat' dir='ltr'>bo-</span> 
     </span>
     <span class='ocr_line' id='line_1_90' title="bbox 1035 1116 1775 1157; baseline 0.003 -12"><span class='ocrx_word' id='word_1_671' title='bbox 1035 1126 1112 1152; x_wconf 86' lang='lat' dir='ltr'>nnm,</span> <span class='ocrx_word' id='word_1_672' title='bbox 1126 1116 1263 1153; x_wconf 81' lang='lat' dir='ltr'>considera</span> <span class='ocrx_word' id='word_1_673' title='bbox 1285 1124 1362 1147; x_wconf 86' lang='lat' dir='ltr'>caute</span> <span class='ocrx_word' id='word_1_674' title='bbox 1381 1118 1470 1157; x_wconf 84' lang='lat' dir='ltr'>ipsum</span> <span class='ocrx_word' id='word_1_675' title='bbox 1483 1117 1596 1154; x_wconf 88' lang='lat' dir='ltr'>bonum,</span> <span class='ocrx_word' id='word_1_676' title='bbox 1610 1124 1637 1147; x_wconf 78' lang='lat' dir='ltr'>et</span> <span class='ocrx_word' id='word_1_677' title='bbox 1653 1117 1775 1147; x_wconf 76' lang='lat' dir='ltr'>invenies</span> 
     </span>
     <span class='ocr_line' id='line_1_91' title="bbox 1035 1155 1776 1197; baseline 0.003 -13"><span class='ocrx_word' id='word_1_678' title='bbox 1035 1155 1106 1185; x_wconf 89' lang='lat' dir='ltr'>illud</span> <span class='ocrx_word' id='word_1_679' title='bbox 1120 1156 1154 1186; x_wconf 88' lang='lat' dir='ltr'>ab</span> <span class='ocrx_word' id='word_1_680' title='bbox 1167 1156 1240 1186; x_wconf 88' lang='lat' dir='ltr'>intus</span> <span class='ocrx_word' id='word_1_681' title='bbox 1252 1167 1309 1186; x_wconf 87' lang='lat' dir='ltr'>esse</span> <span class='ocrx_word' id='word_1_682' title='bbox 1329 1157 1443 1187; x_wconf 80' lang='lat' dir='ltr'>mulum.</span> <span class='ocrx_word' id='word_1_683' title='bbox 1458 1157 1528 1187; x_wconf 75' lang='lat' dir='ltr'>Nam</span> <span class='ocrx_word' id='word_1_684' title='bbox 1541 1155 1615 1196; x_wconf 80' lang='lat' dir='ltr'>quod</span> <span class='ocrx_word' id='word_1_685' title='bbox 1627 1167 1662 1187; x_wconf 84' lang='lat' dir='ltr'>ex</span> <span class='ocrx_word' id='word_1_686' title='bbox 1694 1167 1776 1197; x_wconf 83' lang='lat' dir='ltr'>mpo-</span> 
     </span>
     <span class='ocr_line' id='line_1_92' title="bbox 1036 1195 1776 1234; baseline 0.004 -10"><span class='ocrx_word' id='word_1_687' title='bbox 1036 1195 1087 1224; x_wconf 91' lang='lat' dir='ltr'>sito</span> <span class='ocrx_word' id='word_1_688' title='bbox 1092 1196 1163 1225; x_wconf 87' lang='lat' dir='ltr'>malo</span> <span class='ocrx_word' id='word_1_689' title='bbox 1170 1196 1212 1233; x_wconf 81' lang='lat' dir='ltr'>fit,</span> <span class='ocrx_word' id='word_1_690' title='bbox 1221 1197 1301 1226; x_wconf 87' lang='lat' dir='ltr'>etiam</span> <span class='ocrx_word' id='word_1_691' title='bbox 1308 1196 1422 1234; x_wconf 89' lang='lat' dir='ltr'>bonum,</span> <span class='ocrx_word' id='word_1_692' title='bbox 1432 1196 1533 1225; x_wconf 87' lang='lat' dir='ltr'>malum</span> <span class='ocrx_word' id='word_1_693' title='bbox 1542 1203 1582 1226; x_wconf 86' lang='lat' dir='ltr'>est</span> <span class='ocrx_word' id='word_1_694' title='bbox 1592 1206 1668 1227; x_wconf 85' lang='lat' dir='ltr'>:nam</span> <span class='ocrx_word' id='word_1_695' title='bbox 1710 1206 1776 1226; x_wconf 86' lang='lat' dir='ltr'>num</span> 
     </span>
     <span class='ocr_line' id='line_1_93' title="bbox 1036 1235 1806 1275; baseline 0.004 -12"><span class='ocrx_word' id='word_1_696' title='bbox 1036 1245 1105 1274; x_wconf 87' lang='lat' dir='ltr'>opus</span> <span class='ocrx_word' id='word_1_697' title='bbox 1117 1235 1218 1267; x_wconf 87' lang='lat' dir='ltr'>malum</span> <span class='ocrx_word' id='word_1_698' title='bbox 1229 1235 1398 1275; x_wconf 87' lang='lat' dir='ltr'>propositum</span> <span class='ocrx_word' id='word_1_699' title='bbox 1413 1235 1465 1273; x_wconf 82' lang='lat' dir='ltr'>non</span> <span class='ocrx_word' id='word_1_700' title='bbox 1475 1243 1585 1266; x_wconf 86' lang='lat' dir='ltr'>excusat</span> <span class='ocrx_word' id='word_1_701' title='bbox 1597 1249 1604 1266; x_wconf 71' lang='grc' dir='ltr'><strong><em>ε</em></strong></span> <span class='ocrx_word' id='word_1_702' title='bbox 1617 1236 1719 1266; x_wconf 83' lang='lat' dir='ltr'>malum</span> <span class='ocrx_word' id='word_1_703' title='bbox 1732 1246 1779 1265; x_wconf 83' lang='lat' dir='ltr'>au·</span> <span class='ocrx_word' id='word_1_704' title='bbox 1804 1256 1806 1258; x_wconf 37' lang='lat' dir='ltr'>v</span> 
     </span>
     <span class='ocr_line' id='line_1_94' title="bbox 1037 1275 1777 1317; baseline 0.003 -14"><span class='ocrx_word' id='word_1_705' title='bbox 1037 1281 1090 1303; x_wconf 86' lang='lat' dir='ltr'>tem</span> <span class='ocrx_word' id='word_1_706' title='bbox 1112 1286 1162 1315; x_wconf 90' lang='lat' dir='ltr'>pro</span> <span class='ocrx_word' id='word_1_707' title='bbox 1185 1275 1283 1304; x_wconf 89' lang='lat' dir='ltr'>ositum</span> <span class='ocrx_word' id='word_1_708' title='bbox 1295 1275 1398 1305; x_wconf 90' lang='lat' dir='ltr'>bonum</span> <span class='ocrx_word' id='word_1_709' title='bbox 1411 1286 1481 1317; x_wconf 84' lang='lat' dir='ltr'>opus</span> <span class='ocrx_word' id='word_1_710' title='bbox 1499 1275 1668 1306; x_wconf 79' lang='lat' dir='ltr'>condemnat.</span> <span class='ocrx_word' id='word_1_711' title='bbox 1684 1275 1715 1309; x_wconf 82' lang='lat' dir='ltr'>Si</span> <span class='ocrx_word' id='word_1_712' title='bbox 1733 1275 1777 1307; x_wconf 84' lang='lat' dir='ltr'>vi·</span> 
     </span>
     <span class='ocr_line' id='line_1_95' title="bbox 1036 1312 1810 1353; baseline 0.004 -12"><span class='ocrx_word' id='word_1_713' title='bbox 1036 1312 1110 1342; x_wconf 87' lang='lat' dir='ltr'>deris</span> <span class='ocrx_word' id='word_1_714' title='bbox 1130 1314 1155 1343; x_wconf 91' lang='lat' dir='ltr'>in</span> <span class='ocrx_word' id='word_1_715' title='bbox 1176 1314 1265 1343; x_wconf 85' lang='lat' dir='ltr'>delem</span> <span class='ocrx_word' id='word_1_716' title='bbox 1282 1314 1439 1352; x_wconf 66' lang='lat' dir='ltr'>humilem,</span> <span class='ocrx_word' id='word_1_717' title='bbox 1453 1321 1502 1348; x_wconf 78' lang='lat' dir='ltr'>aut</span> <span class='ocrx_word' id='word_1_718' title='bbox 1517 1314 1703 1353; x_wconf 79' lang='lat' dir='ltr'>mansuetum,</span> <span class='ocrx_word' id='word_1_719' title='bbox 1725 1315 1791 1345; x_wconf 61' lang='lat' dir='ltr'><strong>sci-⁴.</strong></span> <span class='ocrx_word' id='word_1_720' title='bbox 1807 1331 1810 1335; x_wconf 41' lang='lat' dir='ltr'><em>v</em></span> 
     </span>
     <span class='ocr_line' id='line_1_96' title="bbox 1037 1352 1778 1391; baseline 0.006 -11"><span class='ocrx_word' id='word_1_721' title='bbox 1037 1358 1064 1380; x_wconf 88' lang='lat' dir='ltr'>to</span> <span class='ocrx_word' id='word_1_722' title='bbox 1084 1353 1148 1391; x_wconf 85' lang='lat' dir='ltr'>quia</span> <span class='ocrx_word' id='word_1_723' title='bbox 1164 1353 1296 1382; x_wconf 78' lang='lat' dir='ltr'>subdolus</span> <span class='ocrx_word' id='word_1_724' title='bbox 1315 1361 1354 1382; x_wconf 85' lang='lat' dir='ltr'>est</span> <span class='ocrx_word' id='word_1_725' title='bbox 1372 1354 1400 1383; x_wconf 88' lang='lat' dir='ltr'>iu</span> <span class='ocrx_word' id='word_1_726' title='bbox 1419 1353 1508 1391; x_wconf 80' lang='lat' dir='ltr'>corde.</span> <span class='ocrx_word' id='word_1_727' title='bbox 1525 1355 1566 1383; x_wconf 86' lang='lat' dir='ltr'>De</span> <span class='ocrx_word' id='word_1_728' title='bbox 1588 1355 1689 1384; x_wconf 70' lang='lat' dir='ltr'>talibus</span> <span class='ocrx_word' id='word_1_729' title='bbox 1705 1352 1778 1384; x_wconf 78' lang='lat' dir='ltr'>enim</span> 
     </span>
     <span class='ocr_line' id='line_1_97' title="bbox 1037 1390 1900 1438; baseline 0.006 -19"><span class='ocrx_word' id='word_1_730' title='bbox 1037 1390 1103 1420; x_wconf 83' lang='lat' dir='ltr'>dicit</span> <span class='ocrx_word' id='word_1_731' title='bbox 1114 1392 1244 1431; x_wconf 86' lang='lat' dir='ltr'>propheta</span> <span class='ocrx_word' id='word_1_732' title='bbox 1257 1393 1385 1421; x_wconf 78' lang='lat' dir='ltr'>:Molliti</span> <span class='ocrx_word' id='word_1_733' title='bbox 1389 1400 1458 1422; x_wconf 82' lang='lat' dir='ltr'>sunt</span> <span class='ocrx_word' id='word_1_734' title='bbox 1464 1403 1610 1423; x_wconf 82' lang='lat' dir='ltr'>sermones</span> <span class='ocrx_word' id='word_1_735' title='bbox 1621 1396 1683 1433; x_wconf 77' lang='lat' dir='ltr'>ejus</span> <span class='ocrx_word' id='word_1_736' title='bbox 1692 1404 1780 1433; x_wconf 82' lang='lat' dir='ltr'>super</span> <span class='ocrx_word' id='word_1_737' title='bbox 1786 1408 1853 1430; x_wconf 72' lang='lat' dir='ltr'>Peal.</span> <span class='ocrx_word' id='word_1_738' title='bbox 1861 1406 1900 1438; x_wconf 73' lang='lat'>54,</span> 
     </span>
     <span class='ocr_line' id='line_1_98' title="bbox 1038 1431 1825 1471; baseline 0.004 -12"><span class='ocrx_word' id='word_1_739' title='bbox 1038 1431 1145 1467; x_wconf 83' lang='lat' dir='ltr'>oleum,</span> <span class='ocrx_word' id='word_1_740' title='bbox 1160 1437 1189 1460; x_wconf 89' lang='lat' dir='ltr'>et</span> <span class='ocrx_word' id='word_1_741' title='bbox 1201 1433 1256 1471; x_wconf 85' lang='lat' dir='ltr'>ipsi</span> <span class='ocrx_word' id='word_1_742' title='bbox 1268 1438 1335 1460; x_wconf 81' lang='lat' dir='ltr'>sunt</span> <span class='ocrx_word' id='word_1_743' title='bbox 1349 1432 1460 1471; x_wconf 76' lang='lat' dir='ltr'>jacula.</span> <span class='ocrx_word' id='word_1_744' title='bbox 1477 1433 1507 1463; x_wconf 91' lang='lat' dir='ltr'>si</span> <span class='ocrx_word' id='word_1_745' title='bbox 1519 1432 1621 1462; x_wconf 84' lang='lat' dir='ltr'>videris</span> <span class='ocrx_word' id='word_1_746' title='bbox 1633 1444 1694 1464; x_wconf 88' lang='lat' dir='ltr'>eum</span> <span class='ocrx_word' id='word_1_747' title='bbox 1707 1431 1778 1465; x_wconf 72' lang='lat' dir='ltr'>bona</span> <span class='ocrx_word' id='word_1_748' title='bbox 1787 1445 1825 1461; x_wconf 81' lang='lat'>22.</span> 
     </span>
     <span class='ocr_line' id='line_1_99' title="bbox 1038 1470 1798 1513; baseline 0.005 -14"><span class='ocrx_word' id='word_1_749' title='bbox 1038 1481 1118 1510; x_wconf 79' lang='lat' dir='ltr'>opera</span> <span class='ocrx_word' id='word_1_750' title='bbox 1137 1470 1289 1507; x_wconf 73' lang='lat' dir='ltr'>facientem,</span> <span class='ocrx_word' id='word_1_751' title='bbox 1309 1471 1430 1511; x_wconf 81' lang='lat' dir='ltr'>intellige</span> <span class='ocrx_word' id='word_1_752' title='bbox 1450 1473 1513 1511; x_wconf 87' lang='lat' dir='ltr'>quia</span> <span class='ocrx_word' id='word_1_753' title='bbox 1531 1479 1641 1513; x_wconf 82' lang='lat' dir='ltr'>propter</span> <span class='ocrx_word' id='word_1_754' title='bbox 1650 1473 1778 1503; x_wconf 70' lang='lat' dir='ltr'>homines</span> <span class='ocrx_word' id='word_1_755' title='bbox 1796 1498 1798 1500; x_wconf 60' lang='grc'><strong>,</strong></span> 
     </span>
     <span class='ocr_line' id='line_1_100' title="bbox 1037 1509 1778 1554; baseline 0.005 -16"><span class='ocrx_word' id='word_1_756' title='bbox 1037 1509 1111 1550; x_wconf 79' lang='lat' dir='ltr'>facit.</span> <span class='ocrx_word' id='word_1_757' title='bbox 1124 1511 1167 1539; x_wconf 88' lang='lat' dir='ltr'>De</span> <span class='ocrx_word' id='word_1_758' title='bbox 1176 1510 1233 1540; x_wconf 86' lang='lat' dir='ltr'>illis</span> <span class='ocrx_word' id='word_1_759' title='bbox 1252 1510 1324 1540; x_wconf 84' lang='lat' dir='ltr'>enim</span> <span class='ocrx_word' id='word_1_760' title='bbox 1343 1510 1411 1540; x_wconf 88' lang='lat' dir='ltr'>dicit</span> <span class='ocrx_word' id='word_1_761' title='bbox 1425 1511 1558 1542; x_wconf 88' lang='lat' dir='ltr'>Dominus</span> <span class='ocrx_word' id='word_1_762' title='bbox 1575 1524 1582 1541; x_wconf 89' lang='lat'><strong>:</strong></span> <span class='ocrx_word' id='word_1_763' title='bbox 1605 1513 1712 1542; x_wconf 87' lang='lat' dir='ltr'>Omnia</span> <span class='ocrx_word' id='word_1_764' title='bbox 1722 1513 1778 1554; x_wconf 84' lang='lat' dir='ltr'>fa-</span> 
     </span>
     <span class='ocr_line' id='line_1_101' title="bbox 1039 1550 1779 1593; baseline 0.005 -15"><span class='ocrx_word' id='word_1_765' title='bbox 1039 1551 1132 1587; x_wconf 82' lang='lat' dir='ltr'>ciunt,</span> <span class='ocrx_word' id='word_1_766' title='bbox 1143 1555 1183 1578; x_wconf 73' lang='lat' dir='ltr'>ut</span> <span class='ocrx_word' id='word_1_767' title='bbox 1200 1551 1237 1579; x_wconf 73' lang='lat' dir='ltr'>nb</span> <span class='ocrx_word' id='word_1_768' title='bbox 1257 1552 1423 1580; x_wconf 77' lang='lat' dir='ltr'>hominibus</span> <span class='ocrx_word' id='word_1_769' title='bbox 1435 1551 1605 1582; x_wconf 79' lang='lat' dir='ltr'>videantur.</span> <span class='ocrx_word' id='word_1_770' title='bbox 1619 1550 1697 1581; x_wconf 87' lang='lat' dir='ltr'>Sicut</span> <span class='ocrx_word' id='word_1_771' title='bbox 1715 1563 1779 1593; x_wconf 82' lang='lat' dir='ltr'>ergo</span> 
     </span>
     <span class='ocr_line' id='line_1_102' title="bbox 1038 1587 1780 1631; baseline 0.008 -14"><span class='ocrx_word' id='word_1_772' title='bbox 1038 1587 1173 1617; x_wconf 87' lang='lat' dir='ltr'>bonorum</span> <span class='ocrx_word' id='word_1_773' title='bbox 1180 1590 1322 1619; x_wconf 82' lang='lat' dir='ltr'>hominum</span> <span class='ocrx_word' id='word_1_774' title='bbox 1332 1591 1421 1619; x_wconf 88' lang='lat' dir='ltr'>omnia</span> <span class='ocrx_word' id='word_1_775' title='bbox 1434 1601 1526 1631; x_wconf 86' lang='lat' dir='ltr'>opera,</span> <span class='ocrx_word' id='word_1_776' title='bbox 1539 1591 1619 1622; x_wconf 87' lang='lat' dir='ltr'>etiam</span> <span class='ocrx_word' id='word_1_777' title='bbox 1632 1592 1702 1622; x_wconf 72' lang='lat' dir='ltr'>mala</span> <span class='ocrx_word' id='word_1_778' title='bbox 1709 1593 1780 1623; x_wconf 78' lang='lat' dir='ltr'>bona</span> 
     </span>
     <span class='ocr_line' id='line_1_103' title="bbox 1040 1628 1780 1672; baseline 0.008 -15"><span class='ocrx_word' id='word_1_779' title='bbox 1040 1635 1103 1658; x_wconf 85' lang='lat' dir='ltr'>suut</span> <span class='ocrx_word' id='word_1_780' title='bbox 1117 1641 1124 1657; x_wconf 73' lang='grc' dir='ltr'><strong>ι</strong></span> <span class='ocrx_word' id='word_1_781' title='bbox 1139 1628 1180 1669; x_wconf 70' lang='lat' dir='ltr'>sic</span> <span class='ocrx_word' id='word_1_782' title='bbox 1191 1629 1479 1667; x_wconf 82' lang='lat' dir='ltr'>malorumhominum</span> <span class='ocrx_word' id='word_1_783' title='bbox 1491 1631 1580 1660; x_wconf 91' lang='lat' dir='ltr'>omnia</span> <span class='ocrx_word' id='word_1_784' title='bbox 1593 1642 1685 1672; x_wconf 79' lang='lat' dir='ltr'>opera,</span> <span class='ocrx_word' id='word_1_785' title='bbox 1699 1633 1780 1663; x_wconf 85' lang='lat' dir='ltr'>etiam</span> 
     </span>
     <span class='ocr_line' id='line_1_104' title="bbox 1038 1667 1779 1710; baseline 0.009 -14"><span class='ocrx_word' id='word_1_786' title='bbox 1038 1667 1120 1703; x_wconf 90' lang='lat' dir='ltr'>bona,</span> <span class='ocrx_word' id='word_1_787' title='bbox 1140 1669 1210 1698; x_wconf 84' lang='lat' dir='ltr'>mala</span> <span class='ocrx_word' id='word_1_788' title='bbox 1225 1676 1298 1699; x_wconf 85' lang='lat' dir='ltr'>sunt.</span> <span class='ocrx_word' id='word_1_789' title='bbox 1313 1669 1344 1699; x_wconf 85' lang='lat' dir='ltr'>Si</span> <span class='ocrx_word' id='word_1_790' title='bbox 1358 1679 1421 1709; x_wconf 84' lang='lat' dir='ltr'>ergo</span> <span class='ocrx_word' id='word_1_791' title='bbox 1433 1670 1537 1700; x_wconf 81' lang='lat' dir='ltr'>videris</span> <span class='ocrx_word' id='word_1_792' title='bbox 1548 1670 1677 1710; x_wconf 82' lang='lat' dir='ltr'>aliquem,</span> <span class='ocrx_word' id='word_1_793' title='bbox 1691 1673 1779 1703; x_wconf 87' lang='lat' dir='ltr'>Deum</span> 
     </span>
     <span class='ocr_line' id='line_1_105' title="bbox 1039 1706 1780 1748; baseline 0.008 -12"><span class='ocrx_word' id='word_1_794' title='bbox 1039 1707 1066 1735; x_wconf 89' lang='lat' dir='ltr'>in</span> <span class='ocrx_word' id='word_1_795' title='bbox 1080 1706 1192 1738; x_wconf 87' lang='lat' dir='ltr'>veritate</span> <span class='ocrx_word' id='word_1_796' title='bbox 1203 1719 1257 1738; x_wconf 89' lang='lat' dir='ltr'>non</span> <span class='ocrx_word' id='word_1_797' title='bbox 1269 1709 1410 1746; x_wconf 81' lang='lat' dir='ltr'>colentem,</span> <span class='ocrx_word' id='word_1_798' title='bbox 1424 1710 1502 1748; x_wconf 85' lang='lat' dir='ltr'>quasi</span> <span class='ocrx_word' id='word_1_799' title='bbox 1514 1710 1627 1748; x_wconf 90' lang='lat' dir='ltr'>bonum,</span> <span class='ocrx_word' id='word_1_800' title='bbox 1641 1721 1674 1740; x_wconf 85' lang='lat' dir='ltr'>ne</span> <span class='ocrx_word' id='word_1_801' title='bbox 1687 1712 1780 1743; x_wconf 73' lang='lat' dir='ltr'>credas</span> 
     </span>
     <span class='ocr_line' id='line_1_106' title="bbox 1040 1747 1778 1785; baseline 0.009 -9"><span class='ocrx_word' id='word_1_802' title='bbox 1040 1747 1125 1776; x_wconf 87' lang='lat' dir='ltr'>oculis</span> <span class='ocrx_word' id='word_1_803' title='bbox 1135 1749 1201 1785; x_wconf 89' lang='lat' dir='ltr'>tuis,</span> <span class='ocrx_word' id='word_1_804' title='bbox 1212 1755 1242 1777; x_wconf 90' lang='lat' dir='ltr'>ut</span> <span class='ocrx_word' id='word_1_805' title='bbox 1251 1755 1278 1779; x_wconf 90' lang='lat' dir='ltr'>et</span> <span class='ocrx_word' id='word_1_806' title='bbox 1284 1748 1358 1779; x_wconf 87' lang='lat' dir='ltr'>dicas</span> <span class='ocrx_word' id='word_1_807' title='bbox 1366 1747 1443 1780; x_wconf 80' lang='lat' dir='ltr'>honae</span> <span class='ocrx_word' id='word_1_808' title='bbox 1453 1750 1515 1780; x_wconf 74' lang='lat' dir='ltr'>vitae</span> <span class='ocrx_word' id='word_1_809' title='bbox 1524 1750 1606 1780; x_wconf 87' lang='lat' dir='ltr'>illum</span> <span class='ocrx_word' id='word_1_810' title='bbox 1619 1763 1628 1780; x_wconf 68' lang='grc' dir='ltr'>ε</span> <span class='ocrx_word' id='word_1_811' title='bbox 1641 1750 1690 1780; x_wconf 85' lang='lat' dir='ltr'>sed</span> <span class='ocrx_word' id='word_1_812' title='bbox 1699 1752 1778 1783; x_wconf 82' lang='lat' dir='ltr'>erede</span> 
     </span>
     <span class='ocr_line' id='line_1_107' title="bbox 1039 1787 1780 1830; baseline 0.009 -15"><span class='ocrx_word' id='word_1_813' title='bbox 1039 1787 1125 1826; x_wconf 83' lang='lat' dir='ltr'>magis</span> <span class='ocrx_word' id='word_1_814' title='bbox 1138 1788 1302 1827; x_wconf 37' lang='lat' dir='ltr'>Deo‚·quam</span> <span class='ocrx_word' id='word_1_815' title='bbox 1315 1788 1365 1817; x_wconf 80' lang='lat' dir='ltr'>tibi</span> <span class='ocrx_word' id='word_1_816' title='bbox 1375 1789 1425 1827; x_wconf 82' lang='lat' dir='ltr'>qui</span> <span class='ocrx_word' id='word_1_817' title='bbox 1438 1789 1510 1819; x_wconf 82' lang='lat' dir='ltr'>dixit</span> <span class='ocrx_word' id='word_1_818' title='bbox 1525 1801 1532 1818; x_wconf 70' lang='grc' dir='ltr'><em>τ</em></span> <span class='ocrx_word' id='word_1_819' title='bbox 1546 1790 1616 1820; x_wconf 81' lang='grc' dir='ltr'>Νοη</span> <span class='ocrx_word' id='word_1_820' title='bbox 1626 1792 1722 1830; x_wconf 68' lang='lat' dir='ltr'>potest</span> <span class='ocrx_word' id='word_1_821' title='bbox 1732 1802 1780 1822; x_wconf 75' lang='lat' dir='ltr'>ar·</span> 
     </span>
     <span class='ocr_line' id='line_1_108' title="bbox 1041 1827 1780 1869; baseline 0.009 -14"><span class='ocrx_word' id='word_1_822' title='bbox 1041 1829 1094 1856; x_wconf 85' lang='lat' dir='ltr'>bor</span> <span class='ocrx_word' id='word_1_823' title='bbox 1107 1827 1187 1856; x_wconf 84' lang='lat' dir='ltr'>mala</span> <span class='ocrx_word' id='word_1_824' title='bbox 1187 1828 1294 1869; x_wconf 84' lang='lat' dir='ltr'>jacere</span> <span class='ocrx_word' id='word_1_825' title='bbox 1295 1828 1432 1868; x_wconf 70' lang='lat' dir='ltr'>fructum</span> <span class='ocrx_word' id='word_1_826' title='bbox 1446 1830 1563 1859; x_wconf 85' lang='lat' dir='ltr'>bonum.</span> <span class='ocrx_word' id='word_1_827' title='bbox 1574 1827 1780 1862; x_wconf 75' lang='lat' dir='ltr'>Sianiem&#39;dicis</span> 
     </span>
     <span class='ocr_line' id='line_1_109' title="bbox 1040 1866 1781 1904; baseline 0.008 -9"><span class='ocrx_word' id='word_1_828' title='bbox 1040 1866 1120 1895; x_wconf 91' lang='lat' dir='ltr'>illum</span> <span class='ocrx_word' id='word_1_829' title='bbox 1126 1867 1238 1904; x_wconf 91' lang='lat' dir='ltr'>bonum,</span> <span class='ocrx_word' id='word_1_830' title='bbox 1245 1867 1397 1897; x_wconf 82' lang='lat' dir='ltr'>mendaeem</span> <span class='ocrx_word' id='word_1_831' title='bbox 1405 1868 1489 1898; x_wconf 83' lang='lat' dir='ltr'>fecisti</span> <span class='ocrx_word' id='word_1_832' title='bbox 1496 1869 1646 1899; x_wconf 61' lang='lat' dir='ltr'>christum</span> <span class='ocrx_word' id='word_1_833' title='bbox 1654 1871 1698 1901; x_wconf 91' lang='lat' dir='ltr'>Tu</span> <span class='ocrx_word' id='word_1_834' title='bbox 1708 1872 1781 1901; x_wconf 88' lang='lat' dir='ltr'>enim</span> 
     </span>
     <span class='ocr_line' id='line_1_110' title="bbox 1041 1906 1781 1948; baseline 0.007 -13"><span class='ocrx_word' id='word_1_835' title='bbox 1041 1906 1117 1936; x_wconf 89' lang='lat' dir='ltr'>vides</span> <span class='ocrx_word' id='word_1_836' title='bbox 1129 1917 1188 1945; x_wconf 89' lang='lat' dir='ltr'>quae</span> <span class='ocrx_word' id='word_1_837' title='bbox 1202 1908 1302 1937; x_wconf 87' lang='lat' dir='ltr'>suntin</span> <span class='ocrx_word' id='word_1_838' title='bbox 1322 1907 1400 1944; x_wconf 81' lang='lat' dir='ltr'>facie,</span> <span class='ocrx_word' id='word_1_839' title='bbox 1415 1907 1590 1941; x_wconf 82' lang='lat' dir='ltr'>Deus-autem</span> <span class='ocrx_word' id='word_1_840' title='bbox 1603 1920 1663 1948; x_wconf 82' lang='lat' dir='ltr'>quae</span> <span class='ocrx_word' id='word_1_841' title='bbox 1673 1918 1736 1940; x_wconf 81' lang='lat' dir='ltr'>sunt</span> <span class='ocrx_word' id='word_1_842' title='bbox 1751 1911 1781 1940; x_wconf 90' lang='lat' dir='ltr'>in</span> 
     </span>
     <span class='ocr_line' id='line_1_111' title="bbox 1042 1945 1783 1987; baseline 0.007 -12"><span class='ocrx_word' id='word_1_843' title='bbox 1042 1945 1130 1975; x_wconf 84' lang='lat' dir='ltr'>corde.</span> <span class='ocrx_word' id='word_1_844' title='bbox 1151 1947 1228 1976; x_wconf 93' lang='lat' dir='ltr'>Sicut</span> <span class='ocrx_word' id='word_1_845' title='bbox 1247 1947 1319 1976; x_wconf 83' lang='lat' dir='ltr'>enim</span> <span class='ocrx_word' id='word_1_846' title='bbox 1340 1947 1367 1976; x_wconf 93' lang='lat' dir='ltr'>in</span> <span class='ocrx_word' id='word_1_847' title='bbox 1387 1947 1466 1977; x_wconf 85' lang='lat' dir='ltr'>horto</span> <span class='ocrx_word' id='word_1_848' title='bbox 1487 1955 1550 1978; x_wconf 88' lang='lat' dir='ltr'>sunt</span> <span class='ocrx_word' id='word_1_849' title='bbox 1569 1949 1662 1987; x_wconf 78' lang='lat' dir='ltr'>multae</span> <span class='ocrx_word' id='word_1_850' title='bbox 1674 1950 1783 1980; x_wconf 65' lang='lat' dir='ltr'>arbores</span> 
     </span>
     <span class='ocr_line' id='line_1_112' title="bbox 1041 1986 1784 2024; baseline 0.008 -10"><span class='ocrx_word' id='word_1_851' title='bbox 1041 1986 1160 2014; x_wconf 85' lang='lat' dir='ltr'>fructum</span> <span class='ocrx_word' id='word_1_852' title='bbox 1180 1986 1302 2016; x_wconf 87' lang='lat' dir='ltr'>inutilem</span> <span class='ocrx_word' id='word_1_853' title='bbox 1322 1986 1460 2024; x_wconf 65' lang='lat' dir='ltr'>facientes,</span> <span class='ocrx_word' id='word_1_854' title='bbox 1478 1988 1507 2017; x_wconf 92' lang='lat' dir='ltr'>in</span> <span class='ocrx_word' id='word_1_855' title='bbox 1527 1988 1605 2023; x_wconf 82' lang='lat' dir='ltr'>silvis</span> <span class='ocrx_word' id='word_1_856' title='bbox 1619 1996 1710 2019; x_wconf 86' lang='lat' dir='ltr'>autem</span> <span class='ocrx_word' id='word_1_857' title='bbox 1729 1994 1784 2020; x_wconf 81' lang='lat' dir='ltr'>non</span> 
     </span>
     <span class='ocr_line' id='line_1_113' title="bbox 1044 2025 1784 2063; baseline 0.005 -9"><span class='ocrx_word' id='word_1_858' title='bbox 1044 2025 1181 2055; x_wconf 83' lang='lat' dir='ltr'>invenitur</span> <span class='ocrx_word' id='word_1_859' title='bbox 1197 2026 1300 2055; x_wconf 88' lang='lat' dir='ltr'>bonum</span> <span class='ocrx_word' id='word_1_860' title='bbox 1316 2026 1414 2055; x_wconf 82' lang='lat' dir='ltr'>faciens</span> <span class='ocrx_word' id='word_1_861' title='bbox 1432 2039 1439 2055; x_wconf 73' lang='lat' dir='ltr'>z</span> <span class='ocrx_word' id='word_1_862' title='bbox 1458 2026 1482 2057; x_wconf 90' lang='lat' dir='ltr'>si</span> <span class='ocrx_word' id='word_1_863' title='bbox 1499 2034 1590 2057; x_wconf 74' lang='lat' dir='ltr'>autem</span> <span class='ocrx_word' id='word_1_864' title='bbox 1603 2028 1715 2063; x_wconf 80' lang='lat' dir='ltr'>faciunt,</span> <span class='ocrx_word' id='word_1_865' title='bbox 1737 2036 1784 2058; x_wconf 85' lang='lat' dir='ltr'>aut</span> 
     </span>
     <span class='ocr_line' id='line_1_114' title="bbox 1043 2064 1783 2105; baseline 0.004 -12"><span class='ocrx_word' id='word_1_866' title='bbox 1043 2064 1191 2105; x_wconf 87' lang='lat' dir='ltr'>insipidum</span> <span class='ocrx_word' id='word_1_867' title='bbox 1206 2065 1317 2101; x_wconf 85' lang='lat' dir='ltr'>faciunt,</span> <span class='ocrx_word' id='word_1_868' title='bbox 1332 2072 1379 2094; x_wconf 86' lang='lat' dir='ltr'>aut</span> <span class='ocrx_word' id='word_1_869' title='bbox 1391 2067 1516 2096; x_wconf 88' lang='lat' dir='ltr'>acerbum</span> <span class='ocrx_word' id='word_1_870' title='bbox 1533 2079 1541 2096; x_wconf 88' lang='lat'>:</span> <span class='ocrx_word' id='word_1_871' title='bbox 1555 2067 1595 2096; x_wconf 88' lang='lat' dir='ltr'>sic</span> <span class='ocrx_word' id='word_1_872' title='bbox 1609 2067 1636 2096; x_wconf 91' lang='lat' dir='ltr'>in</span> <span class='ocrx_word' id='word_1_873' title='bbox 1650 2068 1783 2105; x_wconf 86' lang='lat' dir='ltr'>Ecclesia,</span> 
     </span>
     <span class='ocr_line' id='line_1_115' title="bbox 1044 2103 1891 2147; baseline 0.009 -15"><span class='ocrx_word' id='word_1_874' title='bbox 1044 2114 1104 2143; x_wconf 63' lang='lat' dir='ltr'>quae</span> <span class='ocrx_word' id='word_1_875' title='bbox 1123 2104 1217 2134; x_wconf 82' lang='lat' dir='ltr'>hortus</span> <span class='ocrx_word' id='word_1_876' title='bbox 1236 2111 1275 2134; x_wconf 87' lang='lat' dir='ltr'>cst</span> <span class='ocrx_word' id='word_1_877' title='bbox 1288 2104 1402 2141; x_wconf 85' lang='lat' dir='ltr'>Christi,</span> <span class='ocrx_word' id='word_1_878' title='bbox 1418 2106 1560 2141; x_wconf 84' lang='lat' dir='ltr'>Salomone</span> <span class='ocrx_word' id='word_1_879' title='bbox 1573 2103 1689 2144; x_wconf 82' lang='lat' dir='ltr'>dicente,</span> <span class='ocrx_word' id='word_1_880' title='bbox 1705 2109 1783 2138; x_wconf 82' lang='lat' dir='ltr'>Hor·</span> <span class='ocrx_word' id='word_1_881' title='bbox 1797 2117 1891 2147; x_wconf 57' lang='lat' dir='ltr'>canna.</span> 
     </span>
     <span class='ocr_line' id='line_1_116' title="bbox 1045 2145 1904 2205; baseline 0.006 -33"><span class='ocrx_word' id='word_1_882' title='bbox 1045 2151 1092 2173; x_wconf 86' lang='lat' dir='ltr'>tus</span> <span class='ocrx_word' id='word_1_883' title='bbox 1102 2145 1351 2185; x_wconf 78' lang='lat' dir='ltr'>conclusus‚sons</span> <span class='ocrx_word' id='word_1_884' title='bbox 1365 2146 1601 2184; x_wconf 25' lang='lat' dir='ltr'>signatus,vsoror</span> <span class='ocrx_word' id='word_1_885' title='bbox 1612 2157 1688 2187; x_wconf 56' lang='lat' dir='ltr'>mea,</span> <span class='ocrx_word' id='word_1_886' title='bbox 1702 2158 1787 2187; x_wconf 81' lang='lat' dir='ltr'>para-</span> <span class='ocrx_word' id='word_1_887' title='bbox 1794 2148 1834 2171; x_wconf 62' lang='lat'>13.</span> <span class='ocrx_word' id='word_1_888' title='bbox 1890 2166 1904 2205; x_wconf 56' lang='grc' dir='ltr'>Ἰι</span> 
     </span>
    </p>

    <p class='ocr_par' dir='ltr' id='par_1_45' title="bbox 1887 2210 1904 2222">
     <span class='ocr_line' id='line_1_117' title="bbox 1887 2210 1904 2222; baseline 0 0"><span class='ocrx_word' id='word_1_889' title='bbox 1887 2210 1904 2222; x_wconf 73' lang='grc' dir='ltr'>Ἰ</span> 
     </span>
    </p>
   </div>
   <div class='ocr_carea' id='block_1_17' title="bbox 1897 1783 1904 1860">
    <p class='ocr_par' dir='ltr' id='par_1_46' title="bbox 1897 1783 1904 1860">
     <span class='ocr_line' id='line_1_118' title="bbox 1897 1783 1904 1860; textangle 90"><span class='ocrx_word' id='word_1_890' title='bbox 1897 1783 1904 1860; x_wconf 31' lang='lat' dir='ltr'>...aa</span> 
     </span>
    </p>
   </div>
   <div class='ocr_carea' id='block_1_18' title="bbox 1045 2223 1904 2507">
    <p class='ocr_par' dir='ltr' id='par_1_47' title="bbox 1046 2223 1786 2304">
     <span class='ocr_line' id='line_1_119' title="bbox 1046 2223 1786 2263; baseline 0.005 -11"><span class='ocrx_word' id='word_1_891' title='bbox 1046 2223 1079 2253; x_wconf 88' lang='lat' dir='ltr'>In</span> <span class='ocrx_word' id='word_1_892' title='bbox 1092 2223 1221 2253; x_wconf 85' lang='lat' dir='ltr'>Ecclesiis</span> <span class='ocrx_word' id='word_1_893' title='bbox 1235 2230 1324 2253; x_wconf 82' lang='lat' dir='ltr'>autem</span> <span class='ocrx_word' id='word_1_894' title='bbox 1357 2234 1481 2262; x_wconf 85' lang='lat' dir='ltr'>aeresum,</span> <span class='ocrx_word' id='word_1_895' title='bbox 1496 2234 1556 2263; x_wconf 88' lang='lat' dir='ltr'>quae</span> <span class='ocrx_word' id='word_1_896' title='bbox 1569 2232 1631 2255; x_wconf 85' lang='lat' dir='ltr'>sunt</span> <span class='ocrx_word' id='word_1_897' title='bbox 1648 2226 1724 2256; x_wconf 84' lang='lat' dir='ltr'>silvae</span> <span class='ocrx_word' id='word_1_898' title='bbox 1737 2226 1786 2256; x_wconf 88' lang='lat' dir='ltr'>de-</span> 
     </span>
     <span class='ocr_line' id='line_1_120' title="bbox 1046 2264 1785 2304; baseline 0.005 -12"><span class='ocrx_word' id='word_1_899' title='bbox 1046 2269 1130 2298; x_wconf 66' lang='lat' dir='ltr'>sem,</span> <span class='ocrx_word' id='word_1_900' title='bbox 1139 2273 1218 2294; x_wconf 89' lang='lat' dir='ltr'>nemo</span> <span class='ocrx_word' id='word_1_901' title='bbox 1226 2264 1363 2293; x_wconf 74' lang='lat' dir='ltr'>estbonus</span> <span class='ocrx_word' id='word_1_902' title='bbox 1373 2276 1380 2292; x_wconf 75' lang='lat' dir='ltr'>t</span> <span class='ocrx_word' id='word_1_903' title='bbox 1392 2264 1455 2303; x_wconf 82' lang='lat' dir='ltr'>quia</span> <span class='ocrx_word' id='word_1_904' title='bbox 1465 2265 1514 2294; x_wconf 89' lang='lat' dir='ltr'>etsi</span> <span class='ocrx_word' id='word_1_905' title='bbox 1522 2265 1624 2304; x_wconf 83' lang='lat' dir='ltr'>aliquis</span> <span class='ocrx_word' id='word_1_906' title='bbox 1638 2273 1678 2296; x_wconf 85' lang='lat' dir='ltr'>est</span> <span class='ocrx_word' id='word_1_907' title='bbox 1687 2267 1785 2303; x_wconf 85' lang='lat' dir='ltr'>bonus,</span> 
     </span>
    </p>

    <p class='ocr_par' dir='ltr' id='par_1_48' title="bbox 1045 2302 1904 2507">
     <span class='ocr_line' id='line_1_121' title="bbox 1045 2302 1787 2346; baseline 0.004 -15"><span class='ocrx_word' id='word_1_908' title='bbox 1045 2306 1057 2319; x_wconf 84' lang='lat'>¹</span> <span class='ocrx_word' id='word_1_909' title='bbox 1066 2309 1175 2343; x_wconf 82' lang='lat' dir='ltr'>propter</span> <span class='ocrx_word' id='word_1_910' title='bbox 1184 2302 1308 2332; x_wconf 86' lang='lat' dir='ltr'>homines</span> <span class='ocrx_word' id='word_1_911' title='bbox 1317 2310 1356 2333; x_wconf 68' lang='lat' dir='ltr'>aet</span> <span class='ocrx_word' id='word_1_912' title='bbox 1363 2303 1463 2341; x_wconf 89' lang='lat' dir='ltr'>bonus,</span> <span class='ocrx_word' id='word_1_913' title='bbox 1474 2311 1499 2334; x_wconf 88' lang='lat' dir='ltr'>et</span> <span class='ocrx_word' id='word_1_914' title='bbox 1510 2315 1562 2334; x_wconf 90' lang='lat' dir='ltr'>non</span> <span class='ocrx_word' id='word_1_915' title='bbox 1571 2312 1680 2346; x_wconf 85' lang='lat' dir='ltr'>propter</span> <span class='ocrx_word' id='word_1_916' title='bbox 1687 2307 1787 2336; x_wconf 85' lang='lat' dir='ltr'>Deum.</span> 
     </span>
     <span class='ocr_line' id='line_1_122' title="bbox 1047 2343 1849 2384; baseline 0.004 -12"><span class='ocrx_word' id='word_1_917' title='bbox 1047 2343 1110 2372; x_wconf 85' lang='lat' dir='ltr'>Haec</span> <span class='ocrx_word' id='word_1_918' title='bbox 1124 2343 1272 2373; x_wconf 83' lang='lat' dir='ltr'>secundum</span> <span class='ocrx_word' id='word_1_919' title='bbox 1289 2343 1370 2372; x_wconf 89' lang='lat' dir='ltr'>fidem</span> <span class='ocrx_word' id='word_1_920' title='bbox 1384 2343 1444 2373; x_wconf 84' lang='lat' dir='ltr'>dixi</span> <span class='ocrx_word' id='word_1_921' title='bbox 1463 2356 1471 2373; x_wconf 87' lang='lat'>:</span> <span class='ocrx_word' id='word_1_922' title='bbox 1486 2355 1545 2384; x_wconf 82' lang='lat' dir='ltr'>quae</span> <span class='ocrx_word' id='word_1_923' title='bbox 1562 2352 1625 2374; x_wconf 79' lang='lat' dir='ltr'>sunt</span> <span class='ocrx_word' id='word_1_924' title='bbox 1643 2352 1732 2375; x_wconf 74' lang='lat' dir='ltr'>autem</span> <span class='ocrx_word' id='word_1_925' title='bbox 1746 2355 1789 2374; x_wconf 86' lang='lat' dir='ltr'>se·-</span> <span class='ocrx_word' id='word_1_926' title='bbox 1847 2373 1849 2375; x_wconf 92' lang='lat'>.</span> 
     </span>
     <span class='ocr_line' id='line_1_123' title="bbox 1048 2358 1904 2433; baseline 0.004 -23"><span class='ocrx_word' id='word_1_927' title='bbox 1048 2381 1168 2411; x_wconf 89' lang='lat' dir='ltr'>cundum</span> <span class='ocrx_word' id='word_1_928' title='bbox 1178 2382 1307 2412; x_wconf 81' lang='lat' dir='ltr'>rationem</span> <span class='ocrx_word' id='word_1_929' title='bbox 1320 2383 1391 2422; x_wconf 51' lang='lat' dir='ltr'>audi¹</span> <span class='ocrx_word' id='word_1_930' title='bbox 1401 2395 1408 2412; x_wconf 92' lang='lat'>:</span> <span class='ocrx_word' id='word_1_931' title='bbox 1421 2384 1592 2422; x_wconf 78' lang='lat' dir='ltr'>Quicumque</span> <span class='ocrx_word' id='word_1_932' title='bbox 1601 2384 1664 2413; x_wconf 79' lang='lat' dir='ltr'>facit</span> <span class='ocrx_word' id='word_1_933' title='bbox 1672 2383 1788 2423; x_wconf 88' lang='lat' dir='ltr'>aliquid,</span> <span class='ocrx_word' id='word_1_934' title='bbox 1898 2358 1904 2433; x_wconf 69' lang='grc'>1</span> 
     </span>
     <span class='ocr_line' id='line_1_124' title="bbox 1049 2422 1804 2464; baseline 0.003 -14"><span class='ocrx_word' id='word_1_935' title='bbox 1049 2428 1088 2450; x_wconf 89' lang='lat' dir='ltr'>est</span> <span class='ocrx_word' id='word_1_936' title='bbox 1095 2429 1208 2462; x_wconf 88' lang='lat' dir='ltr'>propter</span> <span class='ocrx_word' id='word_1_937' title='bbox 1214 2422 1286 2461; x_wconf 90' lang='lat' dir='ltr'>quod</span> <span class='ocrx_word' id='word_1_938' title='bbox 1298 2422 1360 2453; x_wconf 80' lang='lat' dir='ltr'>facit</span> <span class='ocrx_word' id='word_1_939' title='bbox 1370 2436 1376 2452; x_wconf 92' lang='lat'><strong>:</strong></span> <span class='ocrx_word' id='word_1_940' title='bbox 1385 2430 1412 2452; x_wconf 90' lang='lat' dir='ltr'>et</span> <span class='ocrx_word' id='word_1_941' title='bbox 1419 2433 1496 2453; x_wconf 86' lang='lat' dir='ltr'>nemo</span> <span class='ocrx_word' id='word_1_942' title='bbox 1501 2423 1565 2454; x_wconf 78' lang='lat' dir='ltr'>facit</span> <span class='ocrx_word' id='word_1_943' title='bbox 1571 2422 1674 2462; x_wconf 80' lang='lat' dir='ltr'>aliquid</span> <span class='ocrx_word' id='word_1_944' title='bbox 1681 2431 1791 2464; x_wconf 81' lang='lat' dir='ltr'>propter</span> <span class='ocrx_word' id='word_1_945' title='bbox 1801 2453 1804 2461; x_wconf 29' lang='grc' dir='ltr'>ἲ</span> 
     </span>
     <span class='ocr_line' id='line_1_125' title="bbox 1049 2461 1792 2507; baseline 0.005 -18"><span class='ocrx_word' id='word_1_946' title='bbox 1049 2461 1130 2491; x_wconf 88' lang='lat' dir='ltr'>nihil.</span> <span class='ocrx_word' id='word_1_947' title='bbox 1144 2462 1200 2499; x_wconf 87' lang='lat' dir='ltr'>Qui</span> <span class='ocrx_word' id='word_1_948' title='bbox 1219 2470 1332 2507; x_wconf 80' lang='lat' dir='ltr'>pugnat,</span> <span class='ocrx_word' id='word_1_949' title='bbox 1347 2469 1458 2503; x_wconf 78' lang='lat' dir='ltr'>propter</span> <span class='ocrx_word' id='word_1_950' title='bbox 1469 2461 1599 2503; x_wconf 65' lang='lat' dir='ltr'>predam,</span> <span class='ocrx_word' id='word_1_951' title='bbox 1619 2469 1666 2492; x_wconf 86' lang='lat' dir='ltr'>aut</span> <span class='ocrx_word' id='word_1_952' title='bbox 1683 2470 1792 2504; x_wconf 84' lang='lat' dir='ltr'>propter</span> 
     </span>
    </p>
   </div>
   <div class='ocr_carea' id='block_1_19' title="bbox 1065 2543 1793 2589">
    <p class='ocr_par' dir='ltr' id='par_1_49' title="bbox 1065 2543 1793 2589">
     <span class='ocr_line' id='line_1_126' title="bbox 1065 2543 1793 2589; baseline 0.005 -12"><span class='ocrx_word' id='word_1_953' title='bbox 1065 2560 1075 2571; x_wconf 80' lang='lat'>¹·</span> <span class='ocrx_word' id='word_1_954' title='bbox 1093 2543 1330 2587; x_wconf 16' lang='lat' dir='ltr'>Propter-*homines</span> <span class='ocrx_word' id='word_1_955' title='bbox 1345 2559 1396 2588; x_wconf 73' lang='lat' dir='ltr'>est,</span> <span class='ocrx_word' id='word_1_956' title='bbox 1414 2560 1439 2580; x_wconf 79' lang='lat' dir='ltr'>el</span> <span class='ocrx_word' id='word_1_957' title='bbox 1459 2562 1511 2580; x_wconf 82' lang='lat' dir='ltr'>non</span> <span class='ocrx_word' id='word_1_958' title='bbox 1531 2556 1632 2589; x_wconf 54' lang='grc' dir='ltr'><strong><em>[πυρίεί</em></strong></span> <span class='ocrx_word' id='word_1_959' title='bbox 1647 2555 1742 2589; x_wconf 73' lang='lat' dir='ltr'>Deum,</span> <span class='ocrx_word' id='word_1_960' title='bbox 1758 2557 1793 2581; x_wconf 73' lang='lat' dir='ltr'>sic</span> 
     </span>
    </p>
   </div>
  </div>
 </body>
</html>
