1890 2826
273 172 344 221 590
969 183 1145 209 sRvEmAM

271 252 359 275 sumto
384 246 472 275 animo
499 244 615 275 confidit
632 257 640 275 ι
658 254 752 284 -neque
776 245 847 275 enim
874 252 904 275 ut
931 245 1012 275 herus

271 292 361 331 punit,
382 291 430 321 sed
451 298 481 321 ut
506 291 632 331 magister
646 298 746 322 monet.
763 292 808 322 Sic
822 293 922 323 Deus:
940 293 1012 331 Quis

269 338 345 367 dixit
360 338 412 367 tihi
423 339 504 377 quod
510 338 604 367 nudus
614 347 700 374 essee,
711 339 769 368 nisi
782 339 863 378 quod
876 339 913 368 de
922 338 1012 378 ligno,

269 384 306 412 de
315 394 373 423 quo
382 394 575 423 praeceperam
591 385 632 413 tib
641 385 691 413 ine
697 384 871 422 comederes,
887 385 1013 414 comedi-

267 430 305 458 sti
311 431 325 457 Ρ
333 430 406 459 Num
418 430 503 459 multa
514 429 644 470 prohibui
652 430 666 459 Ρ
676 431 770 459 Unum
777 429 916 470 prohibui,
928 429 1011 469 idque

266 484 320 504 uon
337 475 376 505 tui
397 475 470 513 odio,
493 475 542 505 sed
562 475 636 515 quod
657 475 707 505 tihi
729 476 921 516 prospicerem.
938 477 1011 515 Quis

267 523 319 550 tibi
332 522 486 559 indicavit,
501 522 581 562 quod
602 521 698 551 nudus
716 524 812 552 esses?
826 521 904 551 Nihil
917 522 1010 562 impu-

265 567 359 597 denter
376 567 514 608 respondit
537 579 544 597 ε
570 577 623 597 non
641 567 726 606 dixit,
749 567 918 598 Nesciebam.
935 567 1011 606 Quid

122 618 178 640 Gen·
191 617 255 641 3-12-
266 614 351 654 ergo?
365 614 485 651 Mulier,
505 625 593 654 quam
611 614 719 643 dedisti
738 615 820 651 mihi,
845 615 908 644 hoec
927 615 1011 645 dedit

267 662 341 690 milu·
360 667 389 690 et
403 661 534 690 comedi.-
550 670 581 690 ac
600 659 624 689 si
638 659 749 698 diceret,
763 661 831 698 Quae
852 660 915 690 data
941 660 1010 690 mihi

266 713 333 744 erat,
354 713 385 736 ut
404 706 556 747 adjuvaret.
577 705 680 737 Audivi
698 706 770 736 enim
791 717 854 736 cum
877 706 1009 736 formatus
1025 718 1044 741 E

119 755 207 776 Gen-2·
219 753 257 778 13·
265 763 360 789 essem,
377 759 403 782 et
422 752 471 782 issa
487 752 607 782 nondum
627 759 705 789 esset,
726 751 859 782 dicentem
875 764 883 781 ι
902 753 1008 781 Facia-

115 1276 202 1300 Gen.3.
215 1277 251 1300 13.

107 1877 172 1899 Psal.
190 1883 210 1899 Ι.
222 1875 244 1898 5.

221 2114 233 2143 ⁴>

264 809 328 828 mus
349 799 397 828 illi
416 799 581 838 adjutorem
613 798 738 828 similem
758 800 796 828 ei.
824 801 895 828 Haee
917 808 1008 838 quam

263 845 371 874 dedisti
391 845 474 880 mihi,
493 845 574 874 dedit
595 845 677 874 mibi.
695 844 757 874 Non
776 843 860 880 dixit,
879 844 1005 884 Deoepit,

263 901 327 929 non,
339 891 453 921 Mentita
473 897 513 920 est
528 903 535 919 :
551 891 624 920 Haee
638 891 711 920 mihi
723 890 817 927 dedit,
832 896 861 920 et
881 892 1005 921 comedi.

303 938 334 969 8.
355 938 428 967 Tum
444 938 518 966 Deus
541 949 548 966 :
570 936 720 977 Oportebat
740 942 765 966 te
782 936 864 966 uxori
884 936 1004 975 credere,

262 994 316 1014 non
329 983 397 1013 mihi
404 983 419 1013 Ρ
427 993 493 1013 num
503 982 558 1012 fide
569 982 678 1023 dignior
687 993 731 1012 me
741 982 858 1012 mulier?
866 982 925 1021 Ego
935 983 1006 1013 bona

262 1030 357 1067 tribui,
366 1040 415 1069 ego
424 1036 449 1059 te
462 1029 542 1059 rebus
551 1028 617 1069 ipsis
628 1028 760 1059 honoravi
773 1040 779 1057 :
791 1027 839 1057 illa
848 1028 939 1058 verbis
952 1029 1006 1058 ine-

262 1075 357 1107 scavit.
373 1076 409 1105 Et
421 1074 502 1105 vide:
515 1081 544 1104 ut
554 1074 642 1115 judex
655 1081 763 1114 accepta
774 1073 944 1114 excusatione
951 1075 1004 1111 rei,

262 1121 285 1150 si
297 1132 351 1151 non
370 1121 441 1150 ultra
452 1120 646 1150 examinaverit
658 1120 749 1157 illum,
762 1119 810 1149 sed
824 1120 959 1150 transierit
971 1119 1007 1150 ad

262 1167 358 1204 alium,
373 1166 462 1196 statim
475 1177 538 1196 reus
552 1176 615 1195 cum
628 1165 728 1195 fiducia
742 1165 819 1203 dicit,
835 1165 946 1195 Interim
956 1176 1006 1206 ego

262 1223 374 1243 examen
390 1213 463 1243 subii
480 1225 487 1242 ε
509 1213 547 1243 sic
564 1219 590 1243 et
602 1214 675 1242 Deus
688 1212 723 1242 ab
736 1212 841 1242 Adamo
854 1213 961 1250 transit,
976 1219 1007 1242 ut

261 1262 319 1302 ejus
332 1267 432 1291 metum
444 1260 542 1298 solvat,
555 1266 582 1289 et
597 1259 707 1289 mulieri
724 1258 802 1296 dicit,
816 1260 877 1289 Cur
889 1259 1005 1300 hocfe-

1068 245 1163 279 εὐθέως
1176 245 1355 285 ἕφοδιάζεται,
1370 247 1415 277 καὶ
1426 248 1516 288 θαῤῥεῖ
1526 246 1591 282 τέως
1600 260 1606 267 ·
1619 250 1649 279 οὐ
1662 250 1713 290 γὰρ
1732 250 1767 285 ὡς
1789 252 1838 283 ὃς.

1067 291 1167 327 σπότης
1188 292 1309 328 κολάζει,
1323 293 1381 322 ἀλλ’
1395 294 1431 326 ὡς
1453 293 1608 328 διδάσκαλος
1619 298 1742 325 νουθετεῖ.
1755 298 1840 328 Οὕτω

1067 338 1112 367 καὶ
1124 339 1138 367 ὁ
1149 337 1218 371 Θεός
1226 349 1233 356 ·
1245 338 1295 371 Τίς
1306 350 1347 368 σοι
1361 334 1433 368 εἶπεν
1458 339 1500 369 ὅτι
1511 340 1608 379 γυμνὸς
1627 336 1668 378 εἷ,
1690 343 1714 371 εἰ
1725 342 1763 381 μὴ
1783 345 1836 374 ἀπὸ

1066 386 1112 413 τοῦ
1127 383 1202 418 ξύλου
1215 380 1244 413 οἶ
1260 384 1430 424 ἐνετειλάμην
1445 397 1487 415 σοι
1509 385 1547 425 μὴ
1567 390 1670 426 φαγεῖν,
1685 389 1732 418 ἀπ’
1755 391 1835 420 αὐτοῦ

1066 429 1172 469 ἔφαγες;
1184 429 1231 466 Μὴ
1243 430 1296 471 γὰρ
1308 431 1395 461 πολλὰ
1406 431 1540 469 ἐκώλυσας
1548 431 1600 462 “Εν
1611 432 1691 471 μόνον
1701 434 1820 466 ἐκώλυσα
1827 457 1836 471 ,

1066 476 1111 505 καὶ
1123 479 1200 506 τοῦτο
1213 477 1243 506 οὗ
1258 479 1352 514 μισῶν,
1365 475 1434 506 ἀλλὰ
1444 478 1574 517 προνοῶν.
1586 477 1636 511 Τίς
1651 490 1691 508 σοι
1709 475 1785 510 εἶπεν·
1794 481 1836 510 δτι

1065 522 1162 561 γυμνὸς
1175 517 1215 561 εἷς
1232 522 1317 552 Οὐδὲν
1327 522 1499 562 ἀναίσχυντον
1511 518 1594 562 εἶπεν,
1605 525 1653 554 οὔκ
1664 524 1738 565 ᾔδειν
1746 537 1753 544 ·
1766 527 1835 556 ἀλλὰ

1064 568 1105 604 τί,
1119 568 1154 598 Ἡ
1168 568 1251 609 γυνὴ,
1265 569 1298 605 ἣν
1319 568 1419 603 ἔδωκάς
1443 581 1504 608 μοι,
1519 569 1585 607 αὕτη
1613 582 1658 610 μοι
1678 570 1776 607 ἔδωκε,
1789 573 1835 602 καὶ

1063 613 1160 653 ἔφαγον
1171 625 1178 632 ·
1203 613 1262 643 ἀντὶ
1284 617 1330 644 τοῦ
1339 637 1348 650 ,
1373 616 1391 650 ἡ
1414 613 1519 644 δοθεῖσά
1544 626 1589 654 μοι
1611 616 1678 655 πρὸς
1696 616 1831 655 βοήθειανι

1063 658 1185 690 Ἤκουσα
1197 659 1249 700 γὰρ
1262 659 1305 690 ὅτε
1325 659 1459 696 ἐπλάσΟην
1480 661 1548 700 ἐγὼ,
1559 660 1647 697 ἐκείνη
1667 662 1695 691 δὲ
1713 662 1816 692 οὐδέπω
1827 686 1836 699 ,

1062 705 1182 744 λέγοντος
1192 717 1199 724 ·
1213 705 1375 744 Ποιήσωμεν
1397 707 1470 746 αὐτῷ
1491 706 1585 745 βοηθὸν
1599 708 1658 736 κατ’
1678 708 1766 738 αὐτόν.
1780 709 1833 739 “nv

1062 750 1162 785 ἔδωκάς
1173 763 1233 790 μοι,
1246 752 1312 787 αὕτη
1329 763 1374 790 μοι
1387 751 1494 781 ἔδωκεν.
1512 752 1572 781 Οὐκ
1590 747 1673 790 εἶπεν,
1683 753 1834 791 ἠπάτησεν,

1062 798 1124 835 οὔκ,
1134 796 1276 836 ἐψεύσατο·
1291 796 1367 833 Αὕτη
1381 809 1426 836 μοι
1438 797 1520 827 ἔδωκε
1533 797 1579 827 καὶ
1590 798 1700 839 ἔφαγον.

1101 937 1171 972 Εἶτά
1183 953 1262 982 φησιν
1276 943 1291 971 ὁ
1302 942 1385 976 Θεός·
1399 942 1445 972 καὶ
1459 943 1541 983 ἐχρῆν
1561 955 1590 974 σε
1606 945 1711 983 γυναικὶ
1727 948 1837 976 πιστεῦ-

1061 1000 1121 1024 σαι,
1133 988 1178 1018 καὶ
1198 988 1235 1027 μὴ
1253 988 1330 1027 tuost
1343 988 1389 1018 καὶ
1411 987 1614 1030 ἀξιοπιστοτέρα
1638 993 1656 1026 ἡ
1677 991 1744 1030 γυνὴ
1766 992 1834 1032 ὑπὲρ

1060 1034 1124 1073 ἐμέ;
1137 1033 1210 1073 Ἐγὼ
1225 1033 1259 1063 τὰ
1271 1033 1357 1073 ἀγαθὰ
1371 1033 1487 1071 δέδωκα,
1502 1035 1644 1075 πράγμασί
1655 1048 1685 1066 σε
1699 1036 1816 1076 ἐτίμησα
1825 1050 1832 1057 ·

1059 1080 1146 1117 ἐκείνη
1172 1079 1288 1120 ῥήμασιν
1311 1079 1441 1110 ἐδελέασε.
1456 1080 1509 1110 Καὶ
1533 1081 1615 1120 βλέπε
1628 1093 1635 1100 ·
1646 1082 1830 1123 ὦσπερδικα-

1059 1125 1124 1163 στὴς
1132 1125 1178 1155 ἐὰν
1193 1125 1299 1161 δέξηται
1309 1124 1454 1165 ἀπολογίαν
1465 1129 1511 1155 τοῦ
1526 1127 1709 1166 δικαζομένου,
1721 1128 1767 1157 καὶ
1780 1141 1829 1168 μη-

1059 1172 1116 1202 κέτι
1125 1171 1235 1212 ἐξετάσῃ
1247 1171 1337 1207 αὐτὸν,
1351 1171 1421 1201 ἀλλὰ
1436 1171 1540 1211 μεταὸῇ
1554 1172 1599 1202 ἐπὶ
1611 1173 1657 1203 τὸν
1680 1173 1771 1210 ἄλλον,
1785 1176 1831 1204 εὗ-

1059 1218 1123 1252 θέως
1133 1219 1232 1258 θαῤῥεῖ,
1242 1217 1288 1247 καὶ
1300 1217 1382 1257 λέγει,
1391 1217 1456 1252 τέως
1470 1217 1523 1257 ἐγὼ
1533 1217 1679 1256 ἐξητάσθην
1687 1231 1695 1238 ·
1704 1219 1775 1249 οὕτω
1785 1220 1830 1250 καὶ

1057 1265 1072 1292 ὃ
1081 1263 1150 1297 Θεὸς
1164 1262 1316 1302 μεταδαίνει
1328 1263 1381 1293 ἀπὸ
1389 1266 1435 1293 τοῦ
1449 1263 1544 1302 Ἀδὰμ,
1557 1263 1600 1294 ἵνα
1607 1265 1682 1304 λύσῃ
1691 1266 1772 1295 αὐτοῦ
1783 1267 1831 1298 τὸν

260 1310 350 1339 cisti?
366 1309 437 1347 Quoe
451 1307 598 1347 respondit
612 1319 621 1336 .·
634 1306 756 1346 Serpens
770 1307 888 1336 seduxit
908 1316 965 1344 me,
977 1298 1049 1350 et⁶x⁶
1059 1308 1149 1348 φόὸον,
1163 1308 1209 1337 καὶ
1221 1308 1293 1348 λέγει
1302 1311 1335 1349 τῇ
1349 1309 1472 1348 γυναικὶ,
1481 1309 1518 1339 Τί
1531 1312 1609 1339 τοῦτο
1628 1311 1770 1348 ἐποίησας
1785 1313 1835 1342 Λέ-
1883 1318 1885 1320 “

260 1356 382 1386 comedi.
394 1355 465 1393 Quia
471 1365 535 1386 vera
545 1353 627 1392 dixit,
639 1364 730 1384 veram
740 1355 814 1383 Deus
823 1353 1005 1384 defensionem

259 1414 313 1433 non
324 1403 470 1443 vituperat,
481 1401 528 1432 sed
541 1401 598 1431 sine
610 1401 731 1430 ulteriori
740 1401 862 1431 examine
877 1402 1007 1441 relinquit

259 1460 329 1479 eam.
346 1450 406 1478 Non
419 1447 491 1477 dixit
506 1460 513 1477 ε
526 1448 634 1487 Ergone
646 1446 704 1484 ille,
717 1446 818 1476 scilicet
828 1457 948 1488 serpens,
962 1458 1006 1478 me

259 1495 314 1525 fide
333 1494 441 1534 dignior
461 1493 570 1523 habitus
590 1492 649 1522 est?
671 1492 801 1522 Promisit
826 1492 1005 1532 aequalitatem

258 1553 321 1572 cum
334 1543 404 1579 Deo,
418 1547 445 1570 et
457 1546 570 1570 mortem
583 1538 750 1579 procuravit.
765 1540 872 1570 Verum
884 1549 938 1569 non
951 1547 1005 1570 sta-

259 1589 308 1618 tim
323 1588 436 1628 judicat,
457 1587 502 1617 sed
526 1586 551 1616 ei
572 1592 602 1615 ut
614 1586 758 1615 infirmiori
779 1587 838 1616 vasi
850 1586 936 1627 magis
957 1598 1006 1629 pe-

256 1635 342 1675 percit
347 1646 356 1673 ;
369 1640 573 1674 serpentemque
593 1630 689 1668 adivit,
702 1637 733 1660 ut
745 1638 771 1661 et
783 1631 844 1662 viro
857 1638 884 1661 et
895 1633 1004 1662 mulieri

256 1679 441 1721 persuaderet,
456 1689 485 1708 se
496 1684 631 1716 auctorem
648 1676 788 1707 aditurum
807 1687 881 1716 esse;
901 1677 1002 1717 aitque,

261 1728 339 1766 Quia
363 1725 540 1767 hocfecisti.
556 1722 657 1754 Vidcn’
671 1722 772 1752 mirum
785 1723 928 1763 judicem?
949 1725 1005 1754 De-

255 1779 345 1813 ceptos
357 1772 515 1811 interrogat,
529 1769 698 1809 deceptorem
710 1779 798 1798 secus.
813 1770 874 1798 Non
886 1769 911 1798 ei
924 1769 1002 1808 dicit,

255 1819 329 1856 Quid
340 1817 445 1848 fecisti?
457 1818 515 1855 sed,
529 1817 606 1856 Quia
618 1816 674 1845 hoc
677 1814 792 1856 fecisti.
807 1815 913 1846 Eodem
923 1816 1003 1846 modo

254 1865 345 1898 David
355 1865 432 1902 dicit,
444 1865 512 1894 Non
521 1869 671 1904 resurgent
679 1864 764 1902 impii
771 1864 803 1891 in
813 1863 927 1903 judicio
928 1876 942 1900 ,·
949 1873 1002 1894 non
1019 1874 1038 1898 B

254 1913 316 1952 quia
331 1922 383 1941 non
397 1916 549 1950 resurgent,
559 1909 609 1940 sed
620 1909 683 1948 quia
696 1919 749 1938 non
761 1909 1000 1939 examinabuntur.

257 1960 334 1999 Quia
351 1959 407 1987 hoc
417 1957 534 1998 fecisti.
547 1955 654 1986 Inflicta
670 1954 785 1995 serpenti
799 1965 888 1996 poena,
907 1965 1002 1985 eorum

252 2015 320 2044 quos
331 2004 472 2033 seduxerat
482 2012 573 2042 poenas
586 2000 701 2032 leviores
711 2000 808 2030 effecit.
819 2000 890 2038 Nisi,
900 2001 1000 2040 inquit,

253 2053 327 2080 Deus
332 2049 421 2079 omnia
432 2049 475 2078 illi
481 2047 676 2088 adscripsisset,
691 2056 744 2076 non
750 2046 807 2077 sine
813 2047 936 2077 examine
943 2057 1003 2077 sen-

253 2097 363 2128 tentiam
375 2096 488 2126 tulisset.
493 2096 570 2134 Quia
583 2096 640 2124 hoc
641 2095 757 2135 fecisti,
773 2094 949 2125 maledictus
969 2105 1000 2124 es

254 2152 442 2184 superomnes
451 2143 558 2171 bestias
568 2147 661 2170 terrae.
668 2139 761 2180 Super
770 2146 870 2180 pectus
881 2146 963 2170 tuum
971 2147 1000 2170 et

253 2197 388 2222 ventrem
393 2190 545 2230 gradieris.
560 2189 640 2228 Quia
649 2188 705 2217 hoc
713 2188 832 2228 fecisti:
841 2187 905 2226 quia
918 2187 1000 2217 corde

254 2237 397 2278 cepisti,ac
409 2235 496 2266 ventri
511 2241 541 2264 ut
553 2234 645 2264 cibum
655 2240 772 2273 gustaret
781 2233 1001 2274 suasisti,Super

252 2290 352 2324 pectus
362 2289 391 2312 et
396 2288 529 2313 ventrem
534 2280 684 2321 gradieris.
699 2279 760 2309 Non
767 2278 841 2318 quod
848 2285 909 2308 ante
922 2279 1000 2319 pedi-

251 2331 303 2360 bus
316 2329 351 2360 sit
364 2340 441 2365 usus,
453 2326 573 2357 decernit
584 2327 659 2355 Deus
672 2331 703 2354 ut
714 2334 795 2364 super
804 2330 924 2356 ventrem
936 2335 998 2365 gra-

251 2376 352 2413 diatur,
361 2375 408 2405 sed
416 2373 480 2414 quia
494 2378 598 2403 erectus
606 2370 748 2401 mulierem
759 2370 915 2409 alloquutus
927 2378 994 2401 erat.

251 2425 311 2454 Non
324 2424 395 2453 enim
406 2427 509 2462 poterat
517 2418 571 2448 alio
585 2416 666 2447 modo
676 2428 739 2447 cum
752 2417 812 2447 Eva
821 2417 997 2456 5colloquium

253 2468 372 2497 miscere.
396 2463 559 2503 Alloquendi
578 2463 692 2492 formam
702 2483 711 2499 ‚
731 2472 785 2501 qua
804 2459 896 2491 Evam
914 2461 996 2492 sedu-

1058 1365 1100 1393 γει
1114 1353 1200 1390 ἐκείνη
1213 1365 1219 1372 ·
1233 1356 1247 1384 ὁ
1257 1354 1315 1394 ὄφις
1329 1354 1453 1391 ἠπάτησέ
1471 1367 1505 1394 με
1515 1378 1523 1392 ,
1536 1355 1582 1385 καὶ
1601 1356 1707 1396 ἔφαγον.
1721 1357 1833 1394 Ἐπειδὴ

1059 1399 1126 1433 ὅλως
1140 1401 1225 1436 ἀληθῆ
1240 1395 1322 1438 εἶπεν,
1336 1401 1387 1440 οὐχ
1396 1399 1496 1440 ὖὸρίζει
1508 1402 1558 1436 τῆς
1569 1402 1694 1437 ἀληθείας
1705 1402 1754 1439 τὴν
1768 1396 1834 1433 em&-

1058 1444 1159 1485 λογίαν,
1171 1445 1240 1475 ἀλλὰ
1260 1445 1458 1485 καταλιμπάνει
1475 1446 1557 1483 αὐτὴν
1572 1447 1754 1482 ἀνεξέταστον.
1774 1451 1836 1480 Οὐκ

1059 1486 1117 1520 εἶπε
1125 1502 1132 1509 ·
1146 1490 1192 1520 καὶ
1205 1491 1346 1527 ἐπιστεύθη
1358 1493 1469 1529 ἐκεῖνος,
1480 1492 1562 1531 ἤγουν
1572 1494 1587 1522 ὁ
1600 1493 1672 1533 ὄφις,
1687 1494 1756 1535 ὑπὲρ
1765 1496 1832 1534 ἔμέ;

1058 1535 1388 1576 Ἐτι-ηγγείλατοῖσοθεΐαν,
1398 1537 1444 1567 καὶ
1457 1537 1614 1578 προεξένησε
1626 1539 1747 1570 θάνατον.
1762 1541 1831 1571 Ἀλλ’

1058 1582 1088 1611 οὖ
1097 1581 1180 1621 κρίνει
1187 1581 1290 1618 εὐθέως,
1296 1581 1365 1612 ἀλλὰ
1375 1584 1475 1622 μᾶλλον
1485 1585 1521 1617 ὡς
1529 1585 1715 1626 ἀσθενεστέρου
1726 1586 1834 1621 σκεύους

1059 1627 1196 1667 ἐφείσατο,
1210 1627 1256 1657 καὶ
1267 1632 1351 1669 χωρεῖ
1361 1628 1406 1658 ἐπὶ
1418 1630 1463 1660 τὸν
1476 1630 1545 1670 ὅφιν,
1558 1629 1603 1660 ἵνα
1618 1631 1698 1672 πείσῃ
1709 1634 1831 1662 κάκεῖνον

1057 1673 1193 1713 κάκείνην,
1207 1674 1249 1704 ὅτι
1262 1674 1307 1704 ἐπὶ
1328 1675 1373 1704 τὸν
1388 1674 1472 1705 αἴτιον
1493 1680 1592 1717 χωρεῖ,
1606 1676 1653 1706 καί
1672 1689 1737 1718 φησι
1749 1690 1755 1696 ·
1766 1678 1834 1709 Ὅτι

1057 1721 1135 1750 τοῦτο
1159 1720 1295 1757 ἐποίησας.
1306 1716 1383 1754 Εἶδες
1395 1722 1545 1761 Θαυμαστὸν
1559 1722 1672 1763 xpm-Am
1687 1722 1757 1757 Τοὺς
1766 1725 1833 1754 ἀπα-

1056 1765 1183 1802 τηθέντας
1197 1767 1298 1807 ἐρωτᾷ,
1311 1767 1356 1797 τὸν
1375 1766 1552 1803 ἀπατήσαντα
1564 1769 1613 1798 οὐκ
1626 1769 1723 1809 ἐρωτᾷ.
1734 1771 1775 1800 Οὔ
1790 1770 1832 1800 λέ·

1057 1822 1099 1850 γει
1120 1812 1193 1851 αὐτῷ
1204 1832 1212 1847 ,
1226 1811 1253 1841 τί
1266 1812 1410 1848 ἐποίησας
1424 1813 1495 1850 ἀλλ’,
1510 1813 1622 1851 Ἐπειδὴ
1637 1817 1716 1844 τοῦτο
1737 1815 1830 1851 ἐποίη-

1057 1868 1115 1890 σας.
1132 1857 1210 1887 Κατὰ
1233 1857 1333 1894 ταύτην
1359 1858 1409 1894 τὴν
1435 1858 1525 1888 εἰκόνα
1544 1859 1629 1889 Δαυὶδ
1654 1860 1745 1900 λέγει,
1771 1863 1831 1892 Οὐκ

1056 1902 1250 1938 ἀναστήσονται
1264 1903 1368 1937 ἀσεὸεῖς
1381 1905 1408 1933 ἐν
1422 1904 1508 1944 κρίσει
1517 1915 1524 1923 ·
1537 1906 1588 1944 οὔχ
1600 1905 1643 1934 ὅτι
1652 1907 1700 1935 οὒκ
1711 1906 1829 1946 ἐγείρον-

1055 1960 1115 1985 ται,
1128 1950 1187 1978 ἀλλ’
1202 1948 1244 1978 ὅτι
1265 1951 1314 1978 οὐκ
1327 1949 1503 1983 ἐξετάζονται.
1519 1949 1632 1987 Ἐπειδὴ
1644 1953 1723 1981 τοῦτο
1736 1952 1828 1989 emir„

1055 2006 1112 2028 σας.
1125 1994 1161 2024 Ἦ
1175 1995 1240 2034 πρὸς
1260 1995 1305 2025 τὸν
1318 1995 1376 2035 ὄφιν
1398 1995 1495 2032 ἀπειλὴ
1508 1995 1631 2036 ἐκούφισε
1649 1996 1697 2030 τὰς
1719 1998 1830 2037 πληγὰς

1053 2042 1106 2070 τῶν
1120 2040 1319 2076 ἀπατηθέντων.
1335 2042 1370 2071 Εἰ
1385 2041 1437 2080 μὴ,
1450 2041 1539 2081 φησὶν,
1550 2041 1642 2082 ἐκείνῳ
1657 2044 1671 2072 ὁ
1683 2043 1752 2077 θεὸς
1765 2044 1826 2074 ἕπε’-

1053 2087 1153 2126 γραψεν
1164 2085 1227 2123 ὅλα,
1234 2087 1282 2116 οὔκ
1294 2086 1324 2116 ἂν
1337 2086 1514 2120 ἀνεξετάστως
1523 2087 1600 2118 αὖτὸν
1609 2087 1719 2128 ἔκρινεν.
1729 2089 1825 2120 Ἐπει-

1053 2131 1086 2168 δὴ
1100 2134 1178 2162 τοῦτο
1188 2131 1329 2171 ἐποίησας,
1338 2133 1531 2173 ἑπικατάρατος
1544 2132 1575 2163 σὺ
1590 2134 1643 2164 ἀπὸ
1655 2134 1761 2164 πάντων
1774 2138 1827 2165 τῶν

1053 2178 1150 2218 θηρίων
1170 2180 1218 2214 τῆς
1239 2180 1297 2218 γῆς.
1312 2178 1377 2208 Ἐπὶ
1390 2180 1428 2219 τῷ
1444 2179 1535 2215 στήθει
1558 2179 1604 2209 καὶ
1628 2183 1661 2221 τῇ
1675 2181 1763 2222 κοιλίᾳ
1775 2193 1826 2211 πο-

1054 2223 1144 2264 ρεύσῃ.
1172 2223 1285 2260 Ἐπειδὴ
1318 2227 1396 2254 τοῦτο
1424 2224 1565 2261 ἐποίησας·
1593 2226 1685 2263 ἐπειδὴ
1717 2227 1827 2267 καρδίαν

1051 2270 1207 2306 ἠπάτησας,
1222 2270 1268 2300 καὶ
1287 2269 1336 2307 τὴν
1355 2269 1458 2300 κοιλίαν
1481 2270 1588 2305 ἔπεισας
1605 2271 1744 2312 βρώματος
1758 2272 1827 2312 ἅψα-

1051 2318 1126 2353 σθαι,
1139 2315 1203 2346 Ἐπὶ
1215 2317 1254 2356 τῷ
1268 2316 1360 2352 στήθει
1372 2316 1418 2346 καὶ
1431 2319 1464 2356 τῇ
1478 2316 1566 2356 κοιλίᾳ
1577 2316 1774 2357 πορεύσῃ.οὐχ
1787 2320 1824 2352 ὡς

1051 2361 1113 2391 ποσὶ
1127 2360 1292 2402 κεχρημένου
1306 2362 1337 2392 τὸ
1350 2361 1487 2402 πρότερον,
1506 2364 1551 2391 νῦν
1567 2362 1742 2402 ἀποφαίνεται
1757 2364 1825 2397 Θεὸς

1051 2408 1095 2437 τὸν
1122 2407 1167 2437 ἐπὶ
1191 2410 1240 2444 τῆς
1262 2407 1363 2442 κοιλίας
1387 2407 1544 2448 περίπατον,
1558 2408 1617 2437 ἀλλ’
1632 2408 1724 2444 ἐπειδὴ
1747 2410 1822 2449 ὀρθὸς

1050 2453 1169 2491 ἑστηκὼς
1182 2456 1216 2494 τῇ
1230 2454 1334 2493 γυναικὶ
1348 2453 1488 2493 διελέγετο.
1503 2454 1544 2483 Οὔ
1557 2452 1609 2493 γὰρ
1631 2449 1663 2490 ἦν
1678 2454 1764 2488 ἄλλως
1778 2456 1824 2485 αὖ·

253 2518 336 2546 xmm,
350 2507 489 2550 gradiendi
502 2517 584 2547 super
597 2512 691 2546 pectus
702 2515 781 2546 poena
802 2505 924 2546 castigat,
939 2513 965 2535 et
978 2517 993 2535 a
1010 2510 1029 2534 c
1049 2501 1093 2531 τὸν
1106 2500 1155 2536 τὴν
1165 2501 1230 2540 πρὸς
1243 2500 1291 2537 τὴν
1301 2500 1372 2530 Εὔαν
1380 2503 1512 2530 ποιεῖσθαι
1523 2500 1644 2535 διάλεξιν.
1655 2502 1727 2531 Αὐτὸ
1737 2502 1822 2538 τὸτῆς

252 2555 395 2584 constituto
410 2551 549 2582 incedendi
565 2549 645 2580 modo
665 2549 750 2591 ejicit.
766 2549 826 2579 Etsi
845 2549 916 2579 enim
936 2550 994 2580 sine

253 2598 366 2637 pedihus
375 2609 388 2626 a
403 2597 535 2637 principio
548 2596 676 2626 formatus
688 2600 754 2633 erat,
771 2600 797 2624 at
808 2593 924 2633 agilibus
934 2594 991 2633 qui—

1049 2546 1185 2580 διαλέξεως
1201 2547 1311 2586 σχῆμα,
1324 2547 1381 2585 μεθ’
1396 2541 1425 2575 οὗ
1450 2545 1523 2575 Εὔαν
1537 2545 1661 2582 ἢπάτησε
1671 2570 1679 2584 ,
1692 2549 1731 2587 τῷ
1751 2547 1820 2576 κατὰ

1046 2594 1057 2632 (
1065 2593 1083 2623 l.
1099 2592 1204 2632 ἐπὶ)τῷ
1220 2591 1308 2628 στήθει
1323 2590 1460 2631 περιπάτῳ
1474 2591 1593 2630 κολάζει,
1609 2592 1652 2622 καὶ
1666 2595 1713 2630 τῆς
1727 2595 1820 2622 ἀνατε-
