1890 2826
99 268 177 319 ίΙίΙιιΙΙΙι
202 269 226 296 al.
233 283 237 288 .

105 305 123 319 Ἰ.

103 925 122 940 1.
138 918 227 946 Γίηι.4.

102 957 109 970 ι

100 965 122 1002 εἶ
130 980 213 1003 rima.
221 987 240 1002 ι.

101 1056 186 1078 ΙΙΙιιυΙι.
202 1057 240 1085 24.

101 1086 124 1108 6.
136 1094 158 1116 7.

255 143 324 176 338

247 221 379 244 cesserant
397 213 546 254 discipuli,
558 213 632 252 quod
646 214 745 256 vellent
758 225 788 244 ea
802 225 862 255 quae
880 214 916 244 ad
928 225 994 257 con-

246 262 450 292 summationem
459 261 614 301 spectabant
622 261 752 298 ediscere,
761 262 800 292 ait
809 263 865 292 illis
876 275 883 292 ι
895 263 994 292 Audi-

248 311 307 338 luri
325 310 393 338 estis
411 308 525 348 proelia.
544 307 625 346 Atqui
638 317 692 337 non
713 307 756 337 illi
770 308 891 338 audituri
905 315 992 338 erant.

247 357 341 386 Unum
354 365 469 394 namque
485 361 524 383 est
538 352 636 394 corpus
657 353 790 384 fidelium.
805 356 845 384 Ac
863 354 992 394 quemad-

246 401 359 431 modum
367 401 387 430 ii
399 401 446 440 qui
455 407 518 429 tunc
526 406 613 438 erant,
621 399 656 429 de
665 400 826 440 postfuturis
834 401 991 438 audiebant,

246 448 286 477 sic
304 454 331 477 et
350 457 398 476 nos
418 445 452 475 de
473 445 529 474 illis
550 445 598 484 qui
620 452 685 476 tunc
703 446 778 476 fuere
798 446 939 476 discimus.
954 448 995 477 Ut

246 494 317 523 enim
334 492 406 527 dixi,
422 502 506 520 unum
528 501 628 531 corpus
647 502 710 521 cum
729 492 787 522 illis
799 503 906 530 sumus,
921 499 994 522 arcte

246 546 340 568 mutuo
360 538 506 578 conjuncti,
522 537 626 567 etiamsi
640 545 788 568 extremam
809 539 993 568 membrorum

244 592 348 625 partem
369 594 532 624 occupamus
549 596 556 613 :
573 594 724 624 corpusque
745 585 798 614 hoc
817 595 866 614 nec
887 591 993 625 tempus

586 135 614 175 S.
644 152 786 176 JOANNIS
812 153 997 177 CHRYSOST.
1027 154 1182 178 Attenuat).
1211 155 1484 180 CONSTANTINOP-

1045 216 1106 256 περὶ
1120 219 1167 253 τῆς
1181 217 1330 251 συντελείας
1349 220 1441 256 μαθεῖν
1460 216 1593 255 θέλοντες,
1613 217 1678 258 φησὶ
1688 218 1753 258 πρὸς
1769 220 1815 248 αὖ·

1045 261 1105 296 τούς
1115 274 1121 280 ·
1137 263 1292 299 Μελλήσετε
1307 262 1333 292 δὲ
1347 262 1452 292 ἀκούειν
1466 262 1608 302 πολέμους.
1632 263 1685 293 Καὶ
1703 263 1757 303 μὴν
1768 265 1817 294 οὔκ

1045 308 1139 338 ἐκεῖνοι
1155 307 1264 347 ἔμελλον
1281 309 1395 339 ἀκούειν.
1412 308 1463 339 Ἓν
1477 309 1529 350 γάρ
1545 311 1603 340 ἐστι
1622 309 1652 338 τὸ
1673 311 1752 348 σῶμα
1763 310 1817 340 τῶν

1045 356 1157 384 πιστῶν.
1168 355 1222 386 Καὶ
1231 355 1351 395 καθάπερ
1364 357 1389 385 οἱ
1404 355 1464 385 τότε
1477 355 1549 389 ὄντες
1559 355 1621 396 περὶ
1634 358 1687 385 τῶν
1701 354 1817 396 ὑστέρων

1045 400 1195 438 ἀκούωσιν,
1206 400 1275 431 οὕτω
1285 401 1317 438 δὴ
1328 402 1373 431 καὶ
1382 404 1459 441 ἡμεῖς
1467 401 1590 442 περὶτῶν
1600 402 1660 431 τότε
1669 402 1815 442 γενομένων

1045 446 1223 486 μανθάνομεν.
1243 447 1334 488 εὈπερ
1348 448 1400 488 γὰρ
1412 443 1495 484 εἷπον,
1515 450 1594 487 σῶμα
1605 448 1632 478 ἐν
1647 450 1724 487 ἐσμεν
1739 450 1817 487 ἡμεῖς

1044 489 1176 529 κᾶκεῖνοι,
1195 493 1263 532 μετὰ
1276 493 1412 534 ἅκριὸείας
1432 494 1557 530 ἀλλήλοις
1574 493 1771 533 συνδεδεμένοι,
1793 496 1817 524 εἰ

1043 538 1089 567 καὶ
1108 538 1158 574 τὴν
1177 539 1294 579 ἐσχάτην
1307 541 1360 569 τῶν
1375 540 1463 579 μελῶν
1478 533 1608 580 ἐπέχομεν
1625 539 1713 574 τάξιν·
1726 539 1772 569 καὶ
1786 540 1817 569 τὸ

1044 585 1123 623 σῶμα
1141 586 1219 613 τοῦτο
1233 585 1262 614 οὔ
1275 584 1369 625 χρόνος
1381 585 1525 622 διίστησιν,
1539 587 1569 615 οὔ
1592 585 1672 619 τόπος
1682 598 1689 604 ·
1698 585 1817 615 συνδεδέ·

245 638 359 672 separat,
375 642 423 660 nec
444 631 518 660 locus
532 642 539 659 t
555 637 651 660 mutuo
664 631 735 660 enim
748 631 867 671 colligati
880 642 974 661 sumus
983 655 991 669 ‚
1001 659 1037 677 m
1046 632 1112 669 μεθα
1126 630 1177 670 γὰρ
1191 630 1316 666 ἀλλήλοις
1326 652 1334 666 ,
1347 631 1376 661 οὔ
1388 630 1485 671 νεύρων
1499 631 1664 671 περιὸολαῖς,
1678 633 1737 661 ἀλλ’
1751 632 1817 671 ἀγοί-

245 688 297 707 non
318 687 462 707 nervorum
482 676 653 713 circuitibus,
668 676 716 706 sed
735 677 854 707 caritatis
875 677 994 707 vinculis
1010 688 1029 709 A
1045 688 1097 713 πης
1109 677 1213 716 δεσμοῖς
1227 676 1448 717 περιὸεόλημένοι
1462 677 1599 707 πάντοθεν.
1614 677 1666 707 Διὰ
1681 681 1759 707 τοῦτο
1772 678 1817 707 καὶ

246 724 365 763 undique
378 723 524 753 constricti.
538 723 603 753 Ideo
615 730 641 752 et
653 723 716 753 illos
730 724 801 753 circa
815 734 864 753 nos
875 724 994 763 alloqui-

245 778 302 807 tur,
313 777 339 800 ct
349 781 397 800 nos
411 780 471 810 quae
482 769 517 799 ad
528 769 590 799 illos
600 777 721 810 spectant
732 770 885 799 audiamus.
897 771 994 810 Operae

245 818 363 858 pretium
377 825 416 847 est
435 824 462 847 et
483 816 555 846 illud
577 827 707 855 quaerere,
720 828 770 846 cur
793 817 894 856 ubique
906 817 995 847 tristia

245 876 339 895 versus
361 865 499 905 praese‘ntis
511 865 574 894 vitae
593 864 674 893 finem
692 874 830 893 accessura
842 863 925 893 dicat.
943 865 995 894 Et-

246 913 318 942 enim
328 913 392 942 alibi
404 912 490 942 dicit:
504 913 544 941 In
556 913 720 941 novissimis
731 911 832 940 diebus
846 912 996 940 discedent

248 959 368 999 quidam
380 969 399 988 a
405 959 466 998 fide
473 971 485 993 ;
497 964 523 987 et
536 957 581 986 hic
592 967 701 986 rursum
710 956 748 985 ait
760 968 767 986 ι
780 959 818 986 1η
829 959 995 987 novissimis

247 1006 349 1034 diebus
369 1011 453 1034 erunt
475 1010 605 1043 tempora
618 1004 733 1042 gravia.
749 1002 875 1032 Christus
888 1013 996 1042 quoque

248 1051 291 1080 his
309 1061 424 1081 consona
442 1049 624 1090 praenuntians
647 1048 736 1078 aiebat
752 1060 759 1076 :
772 1049 842 1078 Nam
865 1050 904 1078 In
926 1058 995 1078 con·

248 1100 442 1128 summatione
455 1097 586 1126 audituri
598 1102 667 1126 estis
679 1095 782 1135 proelia
803 1102 832 1124 et
845 1098 995 1136 opiniones

246 1145 426 1183 proeliorum,
440 1143 575 1184 elsames
586 1149 614 1171 et
624 1148 728 1181 pestes.
742 1143 798 1171 Cur
810 1152 874 1181 ergo
886 1142 913 1171 in
927 1153 976 1172 con
986 1161 995 1165 -

249 1190 426 1219 summatione
434 1196 474 1218 tot
481 1195 506 1218 et
516 1195 594 1217 tantae
603 1188 868 1218 simulcalamitates?
875 1189 994 1226 Quidam

248 1234 351 1272 dicunt,
364 1235 527 1264 fatiscentem
540 1240 567 1263 et
580 1233 762 1262 infirmantem
775 1240 910 1271 naturam,
925 1235 995 1264 sicut

248 1291 348 1321 corpus
369 1280 506 1319 quoddam
519 1280 593 1309 senio
607 1279 756 1308 consectum
770 1279 870 1308 multos
883 1280 995 1309 attrahit

199 1333 205 1337 “
249 1326 369 1363 morbos,
383 1326 422 1355 sic
434 1336 493 1355 eam
505 1331 733 1355 consenescentem
749 1324 848 1353 multas
862 1326 995 1355 attrahere

248 1374 422 1404 calamitates.
448 1375 481 1403 At
502 1383 600 1413 corpus
621 1371 732 1411 quidem
760 1371 796 1401 ob
816 1373 936 1412 corporis
949 1373 995 1402 in-

249 1421 402 1451 firmitatem
423 1419 572 1450 secundum
599 1419 685 1458 legem
711 1417 747 1447 ad
769 1418 875 1448 senium
900 1420 993 1450 venit:

249 1467 407 1507 pestilentiae
430 1473 536 1503 autem,
559 1464 648 1501 bella,
663 1471 689 1494 et
710 1470 788 1493 ten-ae
811 1465 917 1503 motus,
942 1476 995 1496 non

133 1521 243 1542 creatum
250 1513 285 1543 ob
303 1520 405 1542 naturae
421 1519 581 1542 senectutem
595 1510 730 1540 accidunt.
744 1511 838 1550 Neque
850 1511 920 1542 euim
935 1512 996 1542 ideo

101 1560 145 1573 non
167 1559 244 1574 conl?-

100 1587 201 1606 aeneum.

106 2446 179 2467 mels.
190 2444 212 2466 5.
223 2443 246 2466 8.

104 2485 130 2508 9-

251 1559 376 1590 accidunt
389 1560 419 1594 hj
431 1559 532 1597 morbi,
547 1558 621 1598 quod
637 1564 765 1587 creaturae
783 1566 973 1590 consenescant
987 1572 994 1589 =

251 1609 361 1638 Fames
387 1618 500 1648 nempe,
523 1607 698 1646 pestilentiae
712 1628 719 1642 ‚
741 1613 770 1636 et
793 1613 876 1636 terne
902 1614 996 1637 motus

1045 722 1153 756 ἐκείνοις
1166 723 1227 763 περὶ
1241 724 1318 762 ἡμῶν
1330 722 1498 762 διαλέγεται,
1512 723 1557 752 καὶ
1572 726 1650 762 ἡμεῖς
1663 724 1696 753 τὰ
1712 723 1816 753 ἐκείνων

1045 768 1209 808 ἀκούσωμεν.
1231 768 1316 803 Ἄξιον
1337 768 1365 798 δὲ
1387 769 1501 804 ζητῆσαι
1522 770 1644 806 κάκεῖνο,
1666 769 1692 799 τί
1720 770 1816 806 δήποτε

1044 818 1181 855 πανταχοῦ
1195 815 1229 845 τὰ
1244 814 1389 855 σκυθρωπὰ
1402 815 1467 855 πρὸς
1480 814 1515 844 τὰ
1528 815 1592 852 τέλη
1615 818 1664 852 τῆς
1681 815 1818 857 παρούσης

1044 862 1112 897 ζωῆς
1124 861 1289 897 συνωθῆσθαί
1307 873 1381 901 φησι.
1402 861 1455 891 Καὶ
1470 861 1521 901 γὰρ
1536 862 1655 902 ἀλλαχοῦ
1668 862 1754 902 λέγει·
1769 863 1817 892 Ἐν

1044 906 1171 947 ἐσχάταις
1184 906 1296 947 ἡμέραις
1316 906 1513 943 ἀποστήσονταί
1528 919 1598 942 τινες
1618 910 1666 944 τῆς
1686 907 1817 942 πίστεως·

1045 953 1090 982 καὶ
1105 954 1217 982 ἐνταῦθα
1234 952 1314 982 πάλιν
1331 952 1418 992 λέγει·
1438 952 1485 982 Ἐν
1500 953 1626 994 ἐσχάταις
1645 954 1758 994 ἡμέραις
1776 955 1818 983 ἐν·

1046 999 1189 1035 στήσονται
1207 999 1294 1039 καιροὶ
1314 998 1439 1039 χαλεποί.
1460 999 1514 1029 Καὶ
1525 1002 1538 1029 ὁ
1551 999 1666 1040 Χριστὸς
1689 1000 1817 1041 σύμφωνα

1046 1044 1147 1079 τούτοις
1155 1046 1350 1086 προαναφωνῶν
1362 1045 1449 1085 ἔλεγεν
1459 1057 1466 1064 ·
1477 1045 1542 1075 Ἐπὶ
1551 1045 1602 1086 γὰρ
1611 1048 1658 1082 τῆς
1669 1047 1817 1080 συντελείας

1013 1108 1030 1131 Β
1048 1090 1195 1130 μελλήσετε
1208 1090 1313 1121 ἀκούειν
1326 1090 1458 1130 πολέμους
1470 1091 1516 1121 καὶ
1531 1091 1612 1125 ἀκοὰς
1623 1092 1756 1132 πολέμων,
1772 1094 1817 1123 καὶ

1047 1137 1140 1177 λιμοὺς
1153 1138 1198 1167 καὶ
1211 1137 1328 1177 λοιμούς.
1342 1137 1421 1171 Τίνος
1438 1134 1483 1167 οὖν
1497 1137 1583 1168 ἕνεκεν
1597 1140 1624 1168 ἐν
1635 1140 1669 1178 τῇ
1682 1140 1818 1181 συντελείᾳ

1046 1184 1077 1214 τὸ
1091 1184 1198 1223 μέγεθος
1220 1184 1266 1214 καὶ
1277 1186 1295 1219 ἡ
1310 1183 1415 1218 σύνοδος
1429 1186 1482 1214 τῶν
1501 1186 1661 1226 συμφορῶη
1676 1185 1755 1220 Τινὲς
1769 1186 1818 1225 μέν

1046 1241 1135 1270 φασιν,
1157 1230 1198 1259 ὅτι
1211 1229 1349 1268 κάμνουσα
1361 1232 1378 1266 ἡ
1393 1230 1478 1263 κτίσις
1495 1230 1541 1260 καὶ
1554 1232 1713 1267 ἀσθενοῦσα,
1732 1231 1817 1262 καθέ-

1044 1287 1095 1315 περ
1110 1277 1188 1314 σῶμα
1199 1274 1346 1315 γεγηρακὸς
1356 1275 1442 1304 πολλὰ
1456 1277 1603 1306 ἐπισπᾶται
1612 1275 1647 1306 τὰ
1660 1277 1799 1316 νοσήματα
1809 1301 1817 1315 ,

1044 1320 1114 1349 οὕτω
1138 1320 1183 1350 καὶ
1202 1320 1268 1356 αὐτὴ
1286 1322 1397 1360 γηρῶσα
1419 1321 1518 1355 πολλὰς
1532 1323 1678 1352 ἐπισπᾶται
1690 1325 1738 1357 ’.ὰς
1749 1335 1817 1363 συμ-

1045 1366 1138 1407 φοράς.
1161 1366 1240 1398 Ἀλλὰ
1262 1366 1292 1396 τὸ
1313 1366 1361 1405 μὲν
1379 1368 1457 1406 σῶμα
1472 1367 1542 1397 κατὰ
1560 1368 1661 1409 φύσεως
1680 1369 1816 1399 ἀσθένειαν

1046 1412 1092 1442 καὶ
1105 1411 1184 1451 νόμον
1198 1412 1243 1442 ἐπὶ
1255 1412 1286 1442 τὸ
1298 1414 1381 1452 γῆρας
1398 1412 1507 1453 ἔρχεται
1517 1425 1524 1432 ·
1537 1416 1561 1443 ot
1577 1414 1606 1443 δὲ
1618 1415 1706 1453 λοιμοὶ
1726 1416 1771 1445 καὶ
1792 1418 1816 1445 οἱ

1046 1458 1158 1498 πόλεμοι
1180 1458 1225 1488 καὶ
1239 1460 1263 1488 οἱ
1277 1458 1381 1497 σεισμοὶ
1395 1461 1424 1488 οὐ
1438 1458 1482 1488 διὰ
1494 1459 1525 1489 τὸ
1537 1462 1621 1500 γῆρας
1639 1463 1687 1496 -ι-’ῆς
1706 1461 1817 1495 κτίσεώς

1046 1506 1123 1534 εἰσιν.
1141 1504 1212 1535 Οὐδὲ
1229 1504 1281 1545 γὰρ
1303 1504 1394 1541 ἐπειδὴ
1414 1504 1449 1534 τὰ
1466 1505 1601 1545 κτίσματα
1622 1509 1708 1536 ταῦτα
1728 1511 1815 1548 γήρᾷ,

1047 1550 1091 1580 διὰ
1104 1554 1182 1580 τοῦτο
1193 1551 1227 1579 τὰ
1239 1551 1378 1589 νοσήματα
1390 1554 1474 1580 ταῦτα
1483 1563 1490 1570 ·
1500 1552 1582 1591 Λιμοὶ
1591 1551 1704 1593 γὰρ,καὶ
1717 1554 1816 1592 λοιμοὶ,

1048 1597 1094 1626 καὶ
1109 1597 1214 1636 σεισμοὶ
1225 1597 1294 1626 κατὰ
1304 1596 1413 1630 τόπους·
1428 1598 1487 1627 ἀλλ’
1498 1597 1589 1634 ἐπειδὴ
1606 1599 1660 1627 τῶν
1673 1599 1817 1640 ἀνθρώπων

248 1665 301 1694 per
320 1655 387 1684 loca
402 1667 412 1684 .·
423 1653 471 1683 sed
491 1653 554 1692 quia
575 1652 716 1682 hominum
735 1654 839 1682 animos
859 1654 997 1694 corrumpi
1012 1654 1031 1678 C
1048 1645 1065 1679 ἧ
1079 1642 1173 1682 γνώμη
1189 1642 1383 1683 δῑαφθείρεσθαῑ
1397 1643 1503 1682 μέλλεν
1519 1644 1656 1684 ἁμαρτιῶν
1676 1644 1727 1685 γάρ
1747 1647 1818 1675 ἐστιν

249 1702 371 1732 futurum
381 1708 437 1731 est:
448 1701 505 1730 haec
515 1700 618 1740 quippe
627 1700 717 1729 omnia
727 1707 790 1729 sunt
799 1700 916 1731 ultiones
932 1711 995 1741 pec—

250 1754 383 1784 catorum,
391 1754 417 1776 et
428 1745 636 1786 aegritudinibus
648 1745 774 1775 humanis
786 1745 915 1775 remedia.
926 1748 996 1776 Nam

250 1793 423 1833 aegritudines
448 1793 572 1822 humanae
597 1798 661 1820 tunc
685 1798 827 1830 augentur.
853 1793 890 1822 Et
913 1803 998 1831 quare

250 1848 315 1870 tunc
329 1840 482 1881 augentur?
499 1839 614 1878 inquies.
631 1838 777 1876 Quoniam,
792 1846 822 1869 ut
837 1840 905 1869 mihi
919 1840 997 1870 vide-

251 1893 306 1923 tur,
318 1886 454 1926 judicium
467 1893 493 1915 et
505 1895 593 1926 poenae
606 1884 633 1913 in
647 1884 808 1914 diuturnum
822 1891 929 1925 tempus
941 1886 995 1915 dif-

250 1933 384 1967 feruntur,
393 1943 424 1961 ac
437 1931 559 1961 nondum
570 1930 679 1959 advenit
694 1931 711 1960 J
714 1929 795 1967 udex,
806 1931 854 1970 qui
866 1932 995 1962 rationem

252 1977 385 2007 reddituri
401 1984 474 2014 sunt,
489 1978 622 2016 segniores
636 1975 761 2006 evadunt.
783 1976 815 2006 Id
829 1977 903 2016 quod
915 1978 996 2008 etiam

254 2023 381 2053 Christus
394 2022 428 2052 de
448 2033 525 2052 servo
539 2032 654 2061 nequam
666 2021 748 2059 dicit,
764 2023 854 2062 ipsum
872 2024 933 2054 ideo
946 2035 996 2054 ne-

252 2069 438 2109 gligentiorem
454 2069 547 2098 fuisse.
563 2069 653 2097 Moras
670 2068 753 2097 trahit
769 2068 895 2098 dominus
908 2080 994 2107 meus,

253 2115 341 2154 inquit
355 2114 401 2143 ille
414 2124 519 2150 servus,
534 2113 649 2152 ideoque
662 2123 803 2142 conservos
823 2115 994 2152 verberabat,

253 2168 279 2190 et
288 2160 387 2190 heriles
397 2160 535 2190 facultates
545 2158 744 2199 pessumdabat.
755 2159 860 2189 Idcirco
871 2160 997 2190 Christus

1049 1688 1154 1718 ἅπαντα
1166 1692 1251 1718 ταῦτα
1270 1688 1449 1728 κολαστήρια,
1469 1688 1515 1718 καὶ
1539 1690 1697 1729 νοσημάτων
1714 1692 1818 1732 ἀνθρω-

1047 1734 1130 1764 πίνων
1141 1734 1280 1775 φάρμακα.
1295 1734 1349 1764 Καὶ
1362 1734 1415 1775 γὰρ
1424 1734 1458 1764 τὰ
1470 1734 1610 1774 νοσήματα
1619 1735 1654 1765 τὰ
1667 1737 1818 1777 ἀνθρώπινα

1046 1781 1106 1810 τότε
1127 1781 1293 1811 ἐπιτείνεται.
1313 1781 1367 1811 Καὶ
1386 1781 1454 1815 τίνος
1467 1781 1554 1812 ἕνεκεν
1571 1782 1630 1812 τότε
1644 1784 1818 1822 ἐπιτείνει-αις

1046 1825 1137 1866 φησίν.
1155 1825 1235 1864 Ἐμοὶ
1247 1826 1335 1861 δοκεῖ,
1349 1825 1391 1855 ὅτι
1412 1825 1503 1862 ἐπειδὴ
1517 1827 1632 1867 χρονίζει
1644 1827 1675 1857 τὸ
1689 1829 1819 1865 δικαστή-

1047 1883 1113 1912 ριον,
1122 1872 1168 1901 καὶ
1177 1871 1318 1911 μέλλουσιν
1331 1873 1359 1900 αἱ
1369 1873 1473 1901 εὗθῢναι
1483 1895 1490 1909 ,
1500 1873 1546 1902 καὶ
1559 1873 1633 1903 οὔπω
1641 1875 1818 1915 παραγέγονεν

1046 1918 1179 1958 ὁκριτὴς,
1207 1917 1379 1958 ῥᾳθυμότεροι
1399 1918 1516 1957 γίνονται
1536 1920 1560 1948 οἱ
1578 1919 1719 1958 μέλλοντες
1738 1921 1817 1961 λόγον

1046 1964 1165 2004 ὑπέχειν.
1192 1963 1280 2003 ‘'On-ep
1303 1959 1347 1993 οὖν
1365 1964 1410 1993 καὶ
1429 1964 1491 2004 περὶ
1511 1967 1557 1994 τοῦ
1581 1970 1696 2007 πονηροῦ
1716 1968 1817 1997 οἰκέτου

1047 2010 1126 2051 φησὶν
1147 2013 1161 2040 ὁ
1184 2009 1313 2050 Χριστὸς,
1343 2009 1384 2039 ὅτι
1403 2011 1501 2039 ἐκεῖθεν
1520 2010 1610 2050 γέγονε
1634 2013 1818 2053 ρᾳθυμότερος.

1047 2056 1169 2096 Χρονίζει
1180 2055 1231 2095 γὰρ
1245 2057 1259 2084 ὃ
1273 2054 1370 2095 Κύριός
1383 2067 1433 2095 μου
1445 2078 1452 2093 ,
1466 2055 1546 2096 φησὶν
1557 2058 1571 2086 ὁ
1583 2058 1685 2095 οἰκέτης
1695 2081 1703 2094 ,
1718 2059 1764 2088 καὶ
1775 2060 1819 2089 διὰ

1047 2106 1124 2132 τοῦτο
1142 2101 1202 2135 τοὺς
1227 2101 1381 2134 συνδούλους
1402 2101 1514 2138 ἔτυπτε,
1539 2102 1584 2132 καὶ
1597 2103 1645 2140 τὴν
1660 2106 1819 2142 δεσποτικὴν

1047 2147 1233 2188 “διετᾶραττεν
1251 2147 1350 2177 οὐσίαν.
1373 2147 1427 2177 Διὰ
1439 2151 1517 2178 τοῦτο
1540 2149 1585 2179 καὶ
1603 2152 1618 2179 ὁ
1636 2151 1751 2191 Χριστὸς
1765 2157 1820 2186 τοῖς

253 2206 440 2236 accedentibus
461 2204 615 2244 discipulis,
629 2211 656 2233 et
677 2205 859 2243 quaerentibus
880 2205 998 2236 ediscere
1014 2207 1032 2229 Ι)
1049 2197 1180 2234 μαθηταῖς
1207 2195 1360 2224 συνελθοῦσι
1383 2193 1429 2223 καὶ
1457 2194 1625 2234 βουλομένοις
1655 2200 1747 2235 μαθεῖν
1771 2197 1820 2234 τὴν

252 2253 326 2283 diem
335 2251 581 2287 consummationis,
588 2261 642 2280 non
653 2250 793 2287 indicavit,
803 2257 833 2280 ut
843 2252 996 2282 futurorum

254 2301 368 2329 incertos
381 2309 429 2328 nos
449 2297 556 2327 assidue
577 2297 604 2326 in
628 2296 723 2326 timore
743 2303 840 2334 servet,
855 2304 882 2326 et
895 2297 996 2337 singuli

254 2356 358 2386 semper
378 2346 500 2374 futurum
522 2349 715 2383 exspectantes,
730 2350 756 2372 ct
777 2343 806 2372 in
826 2354 874 2383 spe
896 2343 998 2373 Christi

255 2393 386 2424 adventus
397 2397 543 2427 versantes,
558 2390 743 2430 diligentiores
756 2397 853 2419 essent.
868 2390 932 2420 Ideo
947 2390 996 2420 ad-

257 2446 347 2469 monet
357 2437 492 2479 quispiam
502 2436 595 2466 dicens
606 2449 613 2465 ι
625 2437 672 2465 Ne
680 2436 808 2476 differas
819 2438 948 2465 converti
959 2437 999 2465 ad

259 2484 429 2521 Dominum,
446 2492 536 2520 neque
548 2487 692 2521 exspectes
704 2481 741 2509 de
754 2481 801 2510 die
811 2482 843 2509 in
859 2481 947 2518 diem,
964 2491 999 2509 ne

1048 2240 1151 2280 ἡμέραν
1167 2241 1215 2275 τῆς
1235 2239 1400 2277 συντελείας,
1420 2241 1468 2270 οὔκ
1488 2241 1585 2281 ἔλεγε,
1597 2245 1631 2282 τῇ
1656 2243 1753 2283 ἀδηλίᾳ
1768 2247 1822 2274 τῶν

1052 2286 1201 2327 μελλόντων
1223 2286 1378 2325 ἐναγωνίους
1406 2289 1477 2325 ἡμᾶς
1501 2290 1584 2318 ποιῶν
1608 2290 1754 2326 διηνεκῶς,
1778 2291 1822 2321 ἵνα

1052 2333 1162 2366 ἕκαστος
1177 2332 1220 2362 ἀεὶ
1241 2333 1397 2372 προσδοκῶν
1418 2333 1449 2362 τὸ
1472 2333 1584 2372 μέλλον,
1605 2335 1651 2365 καὶ
1671 2337 1697 2365 ἐν
1717 2337 1820 2368 ἐλπίσιν

1052 2380 1089 2409 ὢν
1115 2382 1163 2416 τῆς
1185 2381 1231 2409 τοῦ
1253 2380 1369 2418 Χριστοῦ
1388 2380 1549 2420 παρουσίας,
1571 2382 1772 2423 σπουδαιότερος
1794 2380 1822 2423 ἦ.

1053 2429 1106 2459 Διὰ
1119 2432 1196 2459 τοῦτο
1208 2434 1331 2469 παραινεῖ
1345 2442 1385 2464 τις
1398 2430 1480 2469 λέγων
1490 2442 1497 2448 ·
1520 2430 1567 2467 Μὴ
1590 2431 1738 2462 ἀναὸάλλου
1760 2434 1822 2462 ἐπι-

1053 2480 1165 2520 στρέψαι
1174 2480 1218 2510 ἐπὶ
1230 2479 1337 2521 Κύριον,
1353 2480 1422 2520 μηδὲ
1431 2480 1543 2520 ἀνάμενε
1552 2481 1654 2522 ἡμέραν
1665 2482 1691 2517 ἐξ
1704 2483 1821 2523 ἡμέρας,

293 2583 303 2594 ³·
321 2575 497 2610 [Διεσπάραττεν
511 2573 630 2600 emendat
650 2573 754 2606 Segaar.
766 2571 882 2597 Animad.
892 2571 924 2597 ad
934 2570 1059 2604 Daniel.p.
1074 2572 1127 2603 43]
