1890 2826
85 376 139 396 ιὶι-η.
152 373 174 396 3.
184 374 208 396 6.

91 1716 178 1737 llnlmc.
194 1722 215 1737 2.

92 1763 176 1798 κΙΙιίιιΙι.
193 1777 215 1798 5.

229 204 298 251 572

228 283 316 313 gnum
340 279 495 318 pulchrum
522 281 600 315 visu,
623 286 651 309 et
682 281 723 317 ad
741 289 836 309 escam
879 289 980 308 suave.

232 326 311 356 Prius
331 325 534 365 transgressoris
554 325 753 356 excusationem
766 324 887 355 abstutit.
907 324 979 362 Quia

233 372 304 402 enim
325 372 359 402 de
383 372 496 401 muliere
518 366 601 408 dixit,
626 372 707 402 Vidit
728 372 834 402 mulier
854 371 978 412 lignum,

234 421 315 461 quod
316 421 472 460 pulchrum
477 420 544 448 visu
553 426 637 457 esset,
647 425 675 449 et
684 419 725 448 ad
730 412 909 448 vescendam
917 427 981 447 sua-

237 478 271 497 ve
284 480 292 496 ε
307 478 341 496 ne
352 466 414 506 quis
432 472 548 506 putaret,
563 465 633 495 inter
650 465 704 495 alia
729 465 802 504 ligna
822 464 874 494 hoc
891 463 979 494 solum

237 513 363 543 decorum
376 512 469 549 fuisse,
484 512 554 542 hanc
564 510 744 552 praestantiam
756 509 882 539 omnibus
894 509 978 539 inesse

237 558 392 588 testificatus
406 564 455 594 est,
469 564 495 587 et
509 557 570 587 visu
589 557 732 597 elegantia,
757 562 783 586 et
801 555 882 586 valde
895 555 976 591 bona,

238 611 267 633 ut
279 604 367 634 discas
387 614 451 634 eum
462 613 514 633 non
529 613 563 633 ex
576 601 688 644 penuria
703 609 897 642 transgressum
910 611 977 637 esse,

237 650 284 679 scd
307 650 335 679 in
357 649 494 681 affluentia
515 659 579 679 cum
602 655 671 678 esset
696 654 860 688 prostratum
883 647 976 678 fuisse.

203 721 211 728 .
238 699 279 727 Et
298 697 411 737 lignum
427 698 510 733 vitoe,
528 695 628 735 inquit,
648 696 679 724 in
693 695 789 724 medio
798 695 937 734 paradisi,
951 700 978 723 et

238 744 350 783 lignum
368 743 497 772 scientia.-
517 743 587 771 bom‘
604 747 632 770 et
656 741 737 770 mali.
754 739 819 770 Tria
842 739 979 780 lignorum

239 789 395 820 discrimina
412 802 419 818 ε
434 788 488 818 alia
509 787 552 817 illi
565 787 627 817 data
648 793 722 823 sunt,
738 793 768 815 ut
779 785 898 824 νίπτεις
913 785 977 821 alia,

239 843 270 865 ut
286 836 353 864 bene
373 834 489 866 viverem
509 833 578 869 alia,
601 839 631 862 ut
654 842 759 872 semper
778 831 890 861 viveret.
913 831 980 861 Erat

240 882 311 912 unde
337 881 457 917 viveret,
483 891 518 910 ex
539 879 639 920 quibus
661 877 743 907 edere
771 877 869 907 licebat
876 889 886 916 3
923 884 980 907 erat

240 929 310 958 unde
331 928 398 958 bene
419 924 523 958 viveret
543 935 578 955 ex
601 923 756 965 prohibitis.
777 924 882 953 Poterat
907 922 980 952 enim

238 977 304 1005 bene
317 975 420 1011 vivere,
433 973 456 1003 si
471 972 601 1012 tetigisset
613 981 667 1001 non
678 969 823 1012 prohibita,
835 975 861 998 et
873 978 925 998 non
936 975 979 998 te·-

239 1022 342 1062 tigisset
362 1020 510 1061 prohibita.
531 1017 608 1050 Illud
630 1024 686 1047 erat
706 1017 775 1046 bene
795 1016 900 1052 vivere,
921 1017 980 1045 Deo

240 1068 359 1107 obsequi.
384 1068 502 1098 Positum
524 1073 580 1095 crat
602 1065 706 1105 lignum
730 1062 794 1093 vitae
817 1062 845 1092 in
869 1061 979 1099 medio,

933 217 1113 242 SEVEMAM

1034 279 1113 308 καλὸν
1135 282 1171 314 εἰς
1185 281 1285 320 ὅρασιν,
1297 282 1342 311 καὶ
1362 284 1459 322 ὡραῖον
1479 284 1515 316 εἰς
1536 285 1642 324 βρῶσιν.
1658 284 1802 324 Προανεῖλε

1034 328 1079 356 τοῦ
1093 326 1248 366 παραὸάτου
1263 327 1311 364 τὴν
1325 328 1478 368 ἀπολογίαν.
1491 328 1604 366 Ἐπειδὴ
1617 329 1669 370 γὰρ
1681 329 1742 370 περὶ
1755 331 1803 365 τῆς

1033 373 1153 411 γυναικὸς
1168 369 1249 409 εἶπεν,
1264 373 1303 403 ὅτι
1315 368 1393 404 Essa
1409 377 1426 410 ἡ
1441 374 1507 414 γυνὴ
1516 374 1546 405 τὸ
1560 374 1645 413 ξύλον,
1661 375 1702 406 ὅτι
1722 376 1802 406 καλὸν

1033 419 1070 452 εἷς
1080 418 1180 458 ὅρασιν,
1189 419 1234 448 καὶ
1246 420 1342 459 ὡραῖον
1353 421 1389 453 εἷς
1400 421 1498 460 βρῶσιν
1507 432 1514 439 ·
1528 421 1572 451 ἵνα
1585 420 1624 460 μή
1634 432 1675 456 τις
1691 421 1801 461 νομίσῃ,

1032 463 1073 493 ὅτι
1086 464 1160 503 παρὰ
1173 465 1207 494 τὰ
1231 464 1300 494 ἄλλα
1322 464 1385 499 ξύλα
1398 467 1483 496 ἐκεῖνο
1503 466 1580 506 μόνον
1604 462 1637 503 ἦν
1657 467 1803 507 εὐπρεπὲς,

1031 509 1130 547 ταύτην
1141 510 1190 546 τὴν
1203 510 1300 550 ἀρετ-ἢν
1317 512 1484 553 ἐμαρτύρησε
1498 517 1589 549 πᾶσιν,
1602 513 1645 543 ὅτι
1668 513 1754 553 ὡραία
1766 514 1800 552 τῇ

1031 555 1089 596 ὄψει
1102 556 1147 586 καὶ
1160 556 1229 593 καλὴ
1243 557 1358 597 σφόδρα,
1371 559 1415 587 ἵνα
1439 558 1524 598 μάθῃς
1543 558 1583 589 ὅτι
1603 559 1632 588 οὔ
1653 559 1686 588 δι’
1701 558 1801 589 ἔνδειαν

1030 601 1134 640 παρέὸη
1143 625 1150 638 ,
1163 603 1221 631 ἀλλ’
1236 603 1359 643 ἀφθονίαν
1370 603 1438 644 ἔχων
1453 603 1594 645 ἐξετράπη.
1604 604 1658 634 Καὶ
1670 604 1701 634 τὸ
1715 603 1800 639 ξύλον,

1031 647 1096 687 φησὶ
1108 670 1116 684 ,
1131 650 1179 684 τῆς
1193 650 1261 685 ζωῆς
1272 650 1298 678 ἐν
1313 649 1388 690 μέσῳ
1400 652 1446 680 τοῦ
1465 650 1640 691 παραδείσου,
1655 651 1700 681 καὶ
1713 650 1744 680 τὸ
1759 650 1800 685 ξύ-

995 712 1013 735 E
1030 695 1075 723 λον
1088 697 1134 724 τοῦ
1147 695 1285 734 γινώσκειν
1299 696 1379 726 καλὸν
1389 696 1435 726 καὶ
1453 696 1577 737 πονηρόν.
1590 697 1671 735 Τρεῖς
1681 697 1802 736 διαφοραὶ

1031 739 1113 774 ξύλων
1122 752 1128 759 ·
1144 741 1177 770 τὰ
1190 741 1238 780 μὲν
1249 742 1324 778 ἐδόθη
1339 743 1430 782 αὐτῷ,
1443 742 1487 772 ἵνα
1500 743 1531 782 ζῇ
1540 754 1547 761 ·
1560 742 1595 772 τὰ
1607 742 1650 779 δὲ,
1659 741 1703 772 ἵνα
1717 738 1746 772 εὗ
1760 744 1802 782 ζῇ·

1031 786 1065 816 τὰ
1075 786 1116 822 δὲ,
1128 787 1171 816 ἵνα
1186 787 1226 817 ἀεὶ
1237 789 1278 828 ζῇ.
1293 783 1374 828 Εἷχεν
1387 784 1431 818 οῧν
1443 789 1473 818 τὸ
1487 790 1544 828 ζῇν,
1555 787 1583 822 ἐξ
1596 783 1633 818 ὧν
1645 788 1801 829 ἐπέτρεψεν·

1032 827 1088 872 εἶχε
1102 832 1133 862 τὸ
1150 828 1180 862 εὖ
1193 834 1252 872 ζῇν,
1263 833 1291 867 ἐξ
1304 829 1340 863 ὧν
1359 833 1502 864 ἐκώλυσεν.
1517 829 1571 864 ’Ἦν
1592 834 1643 875 γὰρ
1658 830 1688 864 εὗ
1708 836 1803 871 ζῆσαι,

1034 878 1180 917 ἁπτόμενον
1201 878 1249 918 μὲν
1269 875 1306 909 ὧν
1329 880 1377 908 οὔκ
1401 879 1532 917 ἐκώλυσε,
1552 880 1589 920 μὴ
1611 880 1759 920 ἁπόμενον
1774 880 1802 910 δὲ

1033 919 1070 953 ὧν
1084 924 1211 954 ἐκώλυσε.
1225 926 1312 955 Τοῦτο
1325 921 1358 962 ἦν
1371 921 1400 955 εῧ
1412 927 1490 962 ζῆσαι
1501 949 1510 964 ,
1524 928 1562 966 τῷ
1574 928 1637 967 Θεῷ
1650 929 1802 963 πεισθῆναι.

1032 969 1141 999 ’'Exti-:o
1159 970 1190 999 τὸ
1211 970 1285 1005 ξύλον
1306 973 1354 1007 τῆς
1379 973 1447 1008 ζωῆς
1459 973 1495 1002 μἐν
1521 971 1610 1012 μέσῳ,
1625 971 1716 1012 ὥσπερ
1738 974 1804 1013 βρα·

1034 1015 1103 1046 ὅεῑον
1114 1027 1120 1034 ·
1146 1015 1177 1046 τὸ
1199 1015 1273 1050 ξύλον
1296 1019 1344 1053 τῆς
1365 1017 1486 1056 γνώσεως
1495 1040 1503 1054 ,
1528 1019 1564 1052 ὡς
1587 1018 1745 1057 πάλαισμα,
1767 1021 1804 1053 ὡς

1033 1061 1190 1100 γυμνάσιον.
1201 1061 1326 1097 Φυλάξας
1339 1062 1390 1099 τὴν
1402 1062 1510 1099 ἐντολὴν
1520 1063 1564 1092 ἐπὶ
1574 1063 1660 1104 τούτῳ
1670 1066 1709 1105 τῷ
1720 1063 1788 1105 ξύλῳ
1795 1085 1804 1100 ,

239 1114 313 1153 quasi
333 1114 491 1154 praemium;
515 1112 620 1151 lignum
641 1110 771 1146 scientiae,
795 1116 824 1140 ut
846 1108 979 1149 palaestra‚
989 1134 1025 1154 490
1033 1107 1178 1146 λαμὸοίνεις
1191 1108 1222 1137 τὸ
1236 1108 1370 1148 βραδεῖον.
1387 1108 1441 1138 Καὶ
1454 1109 1502 1149 δρα
1518 1109 1549 1138 τὸ
1558 1109 1718 1148 θαυμαστόν.
1729 1110 1804 1140 “Oh

241 1167 271 1189 nt
283 1159 463 1200 gymnasium.
483 1158 513 1188 Si
524 1157 678 1187 mandatum
691 1166 780 1186 serves
794 1155 864 1185 circa
876 1155 982 1194 lignum
997 1165 1017 1184 Α
1034 1153 1068 1183 τὰ
1082 1153 1145 1188 ξύλα
1158 1157 1205 1184 τοῦ
1218 1154 1378 1194 παραδείσου
1398 1154 1488 1195 κύκλῳ
1507 1158 1644 1196 πανταχοῦ
1665 1157 1805 1195 κομῶντα,

240 1207 302 1242 hoc,
317 1205 416 1245 accipis
429 1204 580 1245 praemium.
599 1205 636 1232 Ac
644 1202 707 1232 vide
713 1201 885 1231 miraculum.
899 1203 981 1231 Para-

241 1252 294 1281 disi
313 1252 385 1293 ligna
400 1250 509 1285 omnia,
528 1249 629 1287 ubique
645 1247 672 1276 in
693 1247 812 1277 circuitu
830 1247 981 1284 vernantia,

240 1299 341 1337 ubique
361 1296 496 1328 fructifera
520 1309 526 1324 :
543 1295 599 1324 duo
618 1301 721 1324 tantum
739 1294 766 1323 in
787 1293 877 1323 medio
895 1300 981 1329 erant,

240 1345 273 1374 ad
288 1343 458 1384 gymnasium
476 1348 502 1371 et
517 1340 645 1371 stadium.
661 1341 728 1377 Quae
746 1339 773 1368 in
792 1339 906 1368 circuitu
929 1339 980 1368 ali-

240 1398 359 1421 mentum
388 1389 552 1430 praebehant.
579 1389 684 1418 Verum
710 1385 925 1425 transgressionis
956 1393 983 1415 et

240 1437 308 1477 ligni
322 1433 408 1466 sermo
421 1434 498 1464 aliud
511 1434 539 1464 in
554 1441 659 1474 tempus
673 1439 823 1463 reservetur
833 1444 843 1472 5
855 1433 980 1472 proposi-

239 1491 298 1513 tum
312 1489 401 1511 autem
415 1481 465 1511 hoc
484 1481 540 1521 jam
555 1486 595 1509 est
609 1493 615 1508 :
633 1478 744 1510 adducit
760 1479 834 1508 Deus
856 1478 981 1507 animalia

239 1529 328 1559 omnia
338 1527 373 1557 ad
384 1527 527 1557 Adamum.
540 1525 660 1556 Audiant
668 1524 785 1554 haeretici
797 1537 804 1554 :
818 1534 867 1554 nec
879 1524 982 1554 mireris

240 1576 262 1604 si
275 1574 310 1604 ad
324 1574 430 1614 singula
439 1571 522 1609 dicta,
531 1572 565 1601 ad
578 1571 699 1611 singulas
707 1581 785 1600 voces
796 1576 888 1600 contra
894 1570 982 1599 haere-

1033 1203 1170 1240 πανταχοῦ
1187 1200 1299 1240 βρύοντα
1311 1212 1317 1219 ·
1330 1199 1365 1229 τὰ
1376 1201 1422 1230 δύο
1438 1201 1517 1239 μόνον
1531 1202 1558 1231 ἐν
1569 1201 1644 1241 μέσῳ
1656 1201 1802 1242 γυμνάσιον

1033 1241 1066 1281 ἦν
1077 1246 1123 1275 καὶ
1137 1246 1251 1276 στάδιον.
1266 1246 1310 1276 Τὰ
1324 1246 1414 1287 κύκλῳ
1426 1246 1510 1287 τροφὴ
1522 1243 1566 1284 ἦν.
1578 1248 1647 1278 Ἀλλ’
1661 1250 1676 1277 ὁ
1692 1249 1741 1284 τῆς
1755 1260 1805 1278 πα-

1035 1291 1171 1331 ραὸἄσεως
1184 1291 1229 1321 καὶ
1241 1294 1287 1321 τοῦ
1300 1292 1406 1332 δένδρου
1417 1295 1428 1308 “
1436 1292 1526 1333 καιρὸς
1543 1293 1625 1334 ἑτέρῳ
1638 1294 1805 1333 ταμιευέσθω

1033 1339 1117 1377 καιρῷ
1127 1349 1133 1355 ·
1143 1337 1174 1367 τὸ
1185 1338 1212 1367 δὲ
1230 1338 1402 1378 προκείμενον
1412 1351 1418 1357 ·
1430 1339 1489 1378 ἄγει
1507 1341 1521 1368 ὁ
1533 1339 1600 1374 Θεὸς
1623 1339 1658 1370 τὰ
1681 1342 1736 1375 ζῶα
1755 1341 1805 1371 ὅλα

1033 1382 1098 1423 πρὸς
1112 1382 1157 1412 τὸν
1171 1383 1264 1421 Ἀδάμ.
1290 1383 1467 1414 Ἀκουέτωσαν
1485 1387 1510 1414 οἱ
1533 1385 1673 1425 αῖρετικοί·
1694 1386 1740 1416 καὶ
1765 1387 1803 1426 μὴ

1033 1428 1183 1468 θαυμάσῃς,
1194 1431 1217 1459 εἰ
1227 1430 1260 1459 δι’
1267 1429 1381 1466 ἑκάστης
1387 1430 1482 1465 λέξεως
1494 1430 1540 1460 καὶ
1546 1431 1586 1470 Ιδι’
1593 1430 1710 1468 ἑκάστης
1717 1433 1804 1472 φωνῆς

1033 1477 1047 1504 ὁ
1064 1475 1130 1516 πρὸς
1145 1475 1204 1510 τοὺς
1218 1476 1364 1517 αἱρετικοὺς
1384 1477 1550 1507 ἀποτείνεται
1560 1477 1650 1517 λόγος·
1664 1476 1707 1506 διὰ
1716 1477 1805 1514 πάσης

1033 1520 1083 1561 γὰρ
1095 1522 1251 1562 προφάσεως
1263 1526 1473 1563 κατηγοροῦνται
1486 1524 1510 1552 οἱ
1524 1522 1594 1553 κατὰ
1607 1525 1655 1560 τῆς
1668 1523 1804 1564 βασιλείας

1032 1568 1080 1603 τῆς
1100 1567 1290 1607 δεδοξασμένης
1301 1569 1480 1608 ἐπαιρόμενοι.
1497 1569 1576 1603 Δίθος
1589 1570 1620 1599 ἔκ
1632 1569 1723 1610 τοίχου
1738 1571 1804 1611 βοᾷ·

240 1621 306 1651 ticos
319 1627 413 1660 agatur
421 1630 430 1657 5
446 1629 493 1659 per
506 1628 612 1647 omnem
629 1617 701 1646 enim
714 1615 879 1646 occasionem
892 1626 983 1656 repre·
997 1619 1015 1642 B
1033 1615 1062 1643 οὖ
1072 1612 1157 1653 λέγω,
1170 1613 1247 1653 λόγος
1262 1614 1314 1644 ἀπὸ
1333 1615 1441 1654 Γραφῆς
1450 1637 1458 1651 ,
1473 1614 1553 1644 Ἰῶτα
1566 1614 1603 1651 ἓν,
1617 1614 1635 1650 ἢ
1648 1614 1697 1654 μία
1710 1615 1804 1655 κεραία

242 1666 396 1696 henduntur
413 1665 433 1694 ii
446 1664 493 1704 qni
505 1670 595 1693 contra
608 1662 755 1703 gloriosum
768 1671 880 1702 regnum
891 1661 982 1691 insur-

245 1720 321 1753 gunt.
343 1713 430 1751 Lapis
456 1722 493 1740 ez·
515 1719 596 1739 muro
612 1709 737 1743 clamat5
751 1718 805 1737 non
828 1707 902 1745 dico,
917 1718 981 1737 ver-

242 1759 309 1788 bum
322 1769 356 1788 ex
370 1758 522 1797 Scriptura,
540 1758 608 1785 lota
628 1765 735 1790 unum,
751 1759 802 1782 aut
817 1763 893 1782 unus
907 1764 982 1793 apex

243 1805 379 1834 haereticos
389 1803 538 1843 inculpatos
545 1811 598 1830 non
607 1800 716 1838 sinunt3
730 1799 764 1828 ab
775 1799 901 1829 omnibus
908 1810 982 1829 accu-

241 1858 334 1880 santur
346 1850 393 1890 qui
404 1855 500 1889 negant
509 1847 631 1877 omnium
639 1846 797 1875 Dominum.
807 1845 983 1876 Animadver-

241 1904 266 1926 te
286 1897 378 1937 igitur.
393 1895 495 1927 Videte
516 1900 573 1924 erat
585 1903 642 1922 rem
661 1891 832 1933 stupendam,
848 1891 982 1922 Adamum

241 1950 364 1979 stantem,
378 1949 405 1972 et
416 1943 504 1971 Deum
524 1939 601 1979 quasi
621 1938 775 1968 ministrum
795 1938 829 1967 ad
847 1938 982 1968 Adamum

241 1988 429 2018 adducentem.
439 1986 573 2016 Adducit
583 1984 655 2014 enim
671 1984 749 2013 Deus
762 1986 916 2014 animalia.
931 1985 983 2015 Hic

241 2033 358 2070 attende,
377 2043 432 2062 non
445 2032 527 2070 dicta,
540 2030 588 2060 scd
604 2030 769 2060 sententiam.
785 2030 881 2070 Cogita
894 2032 982 2060 Deum

240 2086 364 2115 stantem,
377 2085 403 2108 et
414 2077 549 2108 Adamum
562 2076 756 2115 exptorantem.
772 2075 895 2106 Adduxit
907 2077 982 2106 Deus

239 2127 340 2164 omnia,
356 2125 460 2155 Adamo
478 2123 550 2153 dixit
569 2122 646 2153 verbi
667 2122 751 2162 gratia
769 2135 776 2152 ι
793 2124 854 2160 Quo
874 2123 982 2153 nominc

1034 1660 1063 1688 οὖ
1072 1659 1273 1698 παραλιμπάνει
1282 1659 1343 1694 τοὺς
1356 1660 1502 1700 αἱρετικοὸς
1511 1660 1675 1700 ἀμέμπτως·
1683 1659 1726 1690 διὰ
1733 1660 1803 1690 ποίν-

1034 1717 1086 1734 των
1098 1709 1306 1746 κατηγοροῦνται
1323 1707 1348 1736 οἱ
1373 1706 1418 1736 τὸν
1435 1706 1542 1736 πάντων
1556 1706 1695 1743 Δεσπότην
1708 1705 1804 1747 ἀρνού-

1035 1763 1116 1790 μενοι.
1132 1751 1256 1792 Πρόσεχε
1278 1751 1375 1782 τοίνυν.
1400 1747 1455 1782 Ἦν
1476 1753 1540 1782 ἰδεῖν
1561 1751 1640 1788 ξένον,
1653 1751 1698 1782 τὸν
1721 1752 1804 1792 Ἀδὰμ

1033 1799 1152 1833 ἑστῶτα,
1165 1797 1211 1826 καὶ
1224 1798 1269 1827 τὸν
1283 1797 1352 1828 Θεὸν
1371 1799 1408 1831 ὡς
1427 1797 1562 1838 ὑπηρέτην
1587 1798 1753 1838 προσάγοντα
1765 1799 1804 1838 τῷ

1034 1844 1126 1882 Ἀδάμ.
1139 1843 1243 1883 Ἤγαγε
1268 1844 1321 1884 γὰρ
1340 1846 1355 1873 ὁ
1368 1844 1436 1878 Θεὸς
1449 1843 1483 1874 τὰ
1506 1846 1570 1879 ζῶα.
1591 1841 1658 1875 ’Ὧδε
1671 1845 1805 1885 πρόσεχε,

1036 1889 1073 1928 μὴ
1087 1892 1120 1929 τῇ
1140 1890 1225 1926 λέξει,
1241 1890 1310 1920 ἀλλὰ
1324 1892 1358 1930 τῇ
1372 1891 1465 1931 ἐννοίᾳ.
1481 1890 1623 1927 Ἐννόησον
1641 1891 1685 1921 τὸν
1699 1893 1804 1921 ἑστῶσα

1035 1934 1114 1970 Θεὸν,
1125 1935 1170 1965 καὶ
1184 1935 1228 1965 τὸν
1243 1935 1326 1977 ’ᾼδὰμ
1337 1935 1529 1975 δοκιμάζοντα..
1541 1936 1703 1977 Παρήγαγεν
1713 1939 1727 1966 ὁ
1736 1937 1804 1971 Θεὸς

1035 1980 1084 2010 ὅλα
1093 2003 1101 2016 ,
1115 1981 1186 2020 λέγει
1199 1983 1237 2022 τῷ
1253 1980 1336 2019 Ἀδάμ
1345 1993 1351 2000 ·
1363 1981 1425 2022 φέρε
1439 1983 1538 2011 εἰπεῖν·
1547 1981 1574 2011 τί
1585 1994 1626 2012 σοι
1643 1983 1714 2012 δοκεῖ
1733 1984 1803 2019 κλη-

1035 2027 1112 2061 θῆναι
1125 2029 1216 2056 τοῦτον
1225 2038 1235 2065 3
1252 2026 1390 2056 Καλείσθω
1401 2027 1477 2057 λέων.
1488 2027 1523 2058 ‘O
1537 2027 1606 2062 Θεὸς
1617 2050 1624 2064 ,
1637 2027 1726 2067 φησὶν,
1742 2027 1802 2058 ἐτύ-

1034 2084 1132 2102 πωσεν.
1153 2068 1235 2109 Εἶτα,
1254 2068 1329 2106 οὗτος
1355 2072 1398 2110 τί;
1419 2074 1523 2113 Ταῦρος
1549 2073 1688 2104 καλείσθω.
1708 2074 1804 2108 Καλῶς

1034 2118 1136 2153 ἔταξας.
1150 2118 1267 2157 Ὁμοίως
1291 2120 1343 2147 τῶν
1369 2118 1538 2158 καλουμένων
1561 2118 1672 2149 ἕκαστον
1695 2121 1710 2149 ὁ
1735 2119 1804 2154 Θεὸς

240 2173 285 2203 hic
293 2172 343 2202 tibi
352 2171 461 2202 videtur
470 2169 607 2200 vocandus
615 2179 671 2198 esse
679 2169 692 2198 Ξ)
701 2169 781 2208 Isque
790 2170 827 2199 ait
840 2179 847 2196 :
860 2171 981 2200 Vocetur
996 2174 1014 2196 C
1034 2164 1199 2204 ἐσφράγισεν·
1209 2163 1289 2203 Λέγει
1301 2164 1352 2204 γὰρ
1365 2166 1383 2200 ἡ
1395 2163 1490 2204 Γραφή
1501 2175 1508 2182 ·
1522 2163 1640 2204 Ἤγαγεν
1657 2164 1724 2194 αὐτὰ
1737 2165 1803 2205 πρὸς

239 2220 293 2249 leo.
305 2219 363 2249 Hoc
373 2219 448 2247 Deus
456 2216 556 2246 sanxit.
569 2215 621 2245 Hic
629 2220 694 2244 vero'
704 2225 758 2253 quo
767 2216 897 2245 nomine?
907 2217 980 2245 Tau-

239 2276 286 2295 rus
298 2271 418 2295 vocetur.
430 2264 511 2293 Recte
523 2260 647 2291 statuisti.
662 2260 844 2300 Similiterque
857 2261 980 2301 singulo-

239 2322 300 2341 rum
309 2310 418 2340 nomina
428 2311 502 2339 Deus
511 2306 673 2347 obsignavit.
684 2306 730 2336 Ait
738 2307 809 2336 enim
821 2307 976 2347 Scriptura:

239 2357 378 2387 Adduxit
391 2366 426 2384 ea
436 2355 476 2384 ad
487 2354 601 2389 Adam,
614 2358 647 2382 ut
658 2353 783 2389 videret,
799 2353 872 2392 quid
886 2363 978 2382 voca—

239 2411 280 2432 ret
303 2413 347 2432 ea.
362 2403 403 2432 Et
418 2410 503 2430 omne
517 2399 597 2439 quod
606 2400 727 2428 vocavit
739 2398 853 2435 Adam,
869 2399 924 2428 hoc
937 2406 979 2428 est

239 2460 343 2483 nomen
353 2450 426 2488 ejus.
433 2444 594 2482 Vide-Quia
604 2443 640 2473 ad
649 2444 793 2484 imaginem
804 2444 894 2484 ipsum
906 2455 979 2474 crea-

237 2503 322 2533 verat,
338 2494 426 2525 voluit
439 2500 465 2522 et
477 2492 606 2522 honorem
623 2490 650 2520 in
665 2497 834 2531 conspectum
845 2491 974 2531 proferre,

1033 2210 1078 2240 τὸν
1092 2209 1188 2249 Ἀδὰμ,
1203 2210 1266 2239 ἰδεῖν
1277 2209 1303 2239 τί
1314 2209 1506 2239 καλέσειαῦτᾶ.
1521 2210 1575 2240 Καὶ
1584 2215 1636 2240 πᾶν
1651 2208 1665 2240 ὃ
1678 2210 1803 2240 ἐκάλεσεν

1034 2256 1133 2296 maye,
1147 2259 1224 2286 τοῦτο
1237 2256 1319 2295 ὄνομα
1340 2257 1421 2296 αὐτῷ.
1436 2255 1533 2286 Βλέπε.
1548 2255 1659 2293 Ἐπειδὴ
1680 2255 1802 2293 ἐποίησεν

1034 2302 1112 2332 αὐτὸν
1123 2304 1182 2332 κατ’
1195 2303 1283 2332 εἰκόνα
1292 2324 1299 2338 ,
1313 2301 1442 2337 ἠθέλησεν
1456 2303 1492 2335 εἰς
1503 2301 1562 2342 ὄψιν
1573 2301 1748 2342 προσενέγκαι
1757 2301 1802 2330 καὶ

1033 2348 1081 2384 τὴν
1093 2348 1182 2387 τιμὴν,
1193 2348 1238 2377 καὶ
1252 2348 1332 2382 δεῖξαι
1346 2349 1449 2383 ἀληθῶς
1459 2347 1498 2377 ὅτι
1512 2347 1586 2388 φέρει
1596 2347 1644 2383 τὴν
1656 2347 1744 2376 εἰκόνα
1754 2349 1802 2383 τῆς

1033 2394 1133 2434 σοφίας.
1147 2394 1201 2424 Καὶ
1216 2394 1298 2434 βλέπε
1316 2395 1346 2424 τὸ
1370 2393 1532 2432 θαυμαστόν.
1547 2392 1582 2422 Ὁ
1603 2392 1671 2426 Θεὸς
1693 2392 1802 2432 προετύ-

1032 2455 1119 2472 πωσεν
1133 2445 1218 2483 ἑαυτῷ
1232 2443 1266 2472 τὰ
1279 2443 1411 2481 ὀνόματα·
1425 2441 1549 2472 ἐὸούλετο
1563 2441 1590 2471 δὲ
1603 2441 1739 2481 δειχθῆναι
1757 2441 1799 2471 διὰ

1031 2495 1077 2528 τῆς
1091 2493 1188 2526 εἰκόνος
1196 2515 1204 2529 ,
1219 2492 1260 2522 ὅτι
1274 2496 1408 2533 συμφωνεῖ
1417 2494 1463 2522 τοῦ
1475 2490 1559 2530 Ἀδὰμ
1568 2490 1602 2521 τὰ
1612 2490 1730 2531 δόγματα
1742 2495 1796 2524 τοῖς

270 2595 278 2605 ³¹
298 2592 385 2620 καιρὸς.
409 2586 485 2609 Putat
499 2581 662 2609 Cnmbefisius
680 2580 811 2614 legendum
831 2584 906 2614 λόγος,
924 2587 991 2606 recte
1041 2587 1095 2607 rato
1108 2582 1239 2614 scriptore.

236 2625 338 2657 quidem
351 2634 355 2647 ε
370 2624 413 2648 sed
431 2629 505 2657 καιρός
523 2624 589 2647 Εοιιο
605 2622 664 2646 ferri
681 2625 766 2652 potest.
776 2621 802 2645 in
819 2625 871 2645 tam
889 2621 990 2645 inaccu-
