1890 2826
573 200 618 224 DE
643 200 752 224 MUNDI
779 200 971 225 CREATIONE
998 202 1101 226 ORAT.
1132 202 1179 226 lv.

81 275 134 301 πην
149 263 224 303 μύρῳ
239 264 362 303 ἱερατικῷ
371 285 380 300 ,
397 262 446 299 τὴν
460 262 541 302 εὗχὴν
556 262 703 302 θυμιάματι
717 264 850 302 ἱερατικῷ.

81 310 173 349 Ἔχεις
196 309 245 345 τὴν
272 307 460 348 σωφροσύνηνς
485 308 606 348 Ἀδελφὸς
637 303 661 337 εἷ
684 311 730 337 τοῦ
752 307 850 347 ἱερέως.

81 354 236 394 Ἱερωσύνην
251 354 328 395 (φέρε
343 354 446 393 εἰπεῖν)
459 355 506 384 οὐκ
520 354 585 394 ἔχω,
601 354 771 394 σωφροσύνην
783 354 849 393 ἔχω.

80 400 191 440 Ἀδελφή
206 401 277 430 ἐστιν
288 403 305 436 ἡ
320 400 372 440 ἐμὴ
388 400 542 440 σωφροσύνη
564 403 612 436 τῆς
633 402 680 436 σῆς
699 400 857 440 ἱερωσύνης·

79 446 166 476 Πόθεν
179 449 274 483 τοῦτο;
288 446 342 476 Καὶ
353 447 406 486 γὰρ
419 448 516 476 ἐκεῖνον
530 446 608 486 ἁγνὸν
621 447 661 475 δεῖ
672 441 739 475 εἶναι
753 445 797 474 τὸν
811 447 852 475 ἱε-

81 496 253 532 ρουργοῦντα,
267 492 312 523 καὶ
324 493 372 532 ἐμὲ
385 493 462 532 ἁγνὸν
477 492 521 522 τὸν
533 492 703 532 λατρεύοντα.
718 492 783 522 Ἐὰν
798 492 852 532 ἔχω

80 539 251 578 σωφροσύνην
263 561 272 574 ,
297 538 428 578 λαμὸἄνω
459 538 612 578 ἱερωσύνην.
639 538 724 568 Πόθεν
748 540 825 568 τοῦτο
842 549 851 573 ;

80 585 164 614 Δαυὶδ
184 585 285 625 φεύγων
308 584 353 614 τὸν
373 584 462 615 Σαοὺλ
482 581 546 621 ἦλθε
566 584 631 625 πρὸς
644 588 656 601 “
668 584 793 624 Ἀδιάθαρ
806 583 852 613 τὸν

79 630 221 671 ἀρχιερέα,
235 631 283 660 καὶ
300 630 373 670 λέγει
394 632 466 671 αὐτῷ
476 643 483 649 ·
497 631 549 665 Δός
571 642 616 670 μοι
630 630 725 670 ἄρτους
736 642 744 648 ·
758 630 850 666 ἐπειδὴ

79 676 202 718 ἰξαίφνης
224 677 377 714 ἀπεστάλην
397 676 472 717 παρὰ
487 677 616 717 βασιλέως
635 676 680 706 καὶ
697 676 788 717 ἐφόδια
803 677 851 706 οὐκ

79 723 144 763 ἔχω.
173 723 253 763 Λέγει
273 725 288 753 ὁ
312 723 448 764 ἀρχιερεὺς
472 725 487 753 ὁ
501 726 563 753 ’τῶν
582 722 669 762 νόμων
697 722 821 763 ἔμπειρος
840 734 847 741 ·

79 770 139 799 Οὔκ
158 770 230 799 ἔστιν
243 772 306 808 ἡμῖν
330 770 408 809 ἄρτος
428 770 522 806 ἄλλος,
537 770 596 799 ἀλλ’
615 769 633 805 ἢ
652 771 742 809 ἅγιος,
757 769 786 799 ὃν
800 770 849 799 οὐκ

79 814 134 849 ἐξὸν
151 815 224 857 ἄλλῳ
238 820 339 856 φαγεῖν,
355 817 414 845 ἀλλ’
428 815 445 851 ἢ
459 817 498 855 τῷ
511 816 584 855 ἱερεῖ.
599 815 676 845 Ἐπεὶ
690 811 734 844 οὗν
751 815 848 845 ἔὸλεπε

78 860 127 896 τὴν
140 861 269 901 ἀνάγκην,
282 862 400 902 &mesta-o
413 861 441 891 δὲ
455 860 514 895 τοὺς
527 863 576 896 τῆς
588 861 736 902 προθέσεως
754 861 849 901 ἄρτους

78 908 234 947 προδοῦναι,
246 909 319 943 ζητεῖ
336 907 410 948 παρὰ
420 909 474 937 τῶν
488 907 525 946 μὴ
538 909 586 937 οὐκ
598 908 679 937 ὄντων
690 907 781 947 ἱερέων
795 919 848 937 κα-

78 951 223 992 θαρότητα,
240 953 285 983 καὶ
299 953 372 993 λέγει
382 965 390 972 “
407 954 443 983 Εἰ
460 953 517 983 ἔστι
536 953 570 983 τὰ
584 953 712 993 παιδάρια
732 954 766 983 τὰ
780 953 848 992 μετὰ

78 1001 125 1028 σοῦ
137 999 241 1040 καθαρὰ
253 999 306 1029 ἀπὸ
320 1001 461 1039 γυναικῶν,
474 999 551 1029 λᾶὅε.
567 999 626 1035 Τὴν
639 999 690 1039 γὰρ
709 999 848 1039 σωφροσύ-

78 1056 134 1081 νην,
148 1045 264 1085 ἀδελφὴν
277 1047 325 1080 τῆς
344 1045 488 1085 ἱερωσύνης
505 1047 606 1084 ἡγεῖτο.
628 1045 682 1074 Καὶ
701 1044 744 1074 ἰ’να
758 1045 795 1084 μή
809 1057 849 1079 τις

78 1091 115 1123 εἷς
129 1090 253 1126 διαὸολὴν
273 1093 319 1120 τοῦ
339 1090 428 1131 ἱερέως
442 1091 550 1120 ἕκλάὸοι
562 1091 592 1120 τὸ
605 1092 712 1126 δοθῆναι
725 1090 785 1124 τοὺς
799 1090 849 1131 ἄρ-

78 1147 138 1171 τους
150 1142 204 1171 τοῖς
225 1137 262 1176 μὴ
285 1132 357 1167 οῧσιν
372 1138 494 1177 ἱερεῦσιν,
509 1137 587 1166 ἄκουε
600 1138 657 1170 πῶς
670 1139 685 1166 ὁ
697 1136 794 1176 Σωτὴρ
813 1139 849 1170 ὡς

78 1183 166 1216 καλῶς
179 1185 259 1213 αὐτοῦ
282 1182 419 1222 γεγονότος
441 1183 608 1222 μνημονεύει.
624 1183 783 1213 Ἔνεκᾶλουν
795 1187 849 1217 τοῖς

79 1228 234 1263 ἀποστόλοις
246 1229 311 1258 ποτὲ
322 1228 444 1258 Ἰουδαῖοι
452 1251 460 1266 ,
474 1228 516 1261 ὅτι
528 1229 647 1269 στάχυας
659 1229 792 1265 τίλλουσι,
803 1229 848 1258 καὶ

78 1274 211 1315 ψώχοντες
228 1279 286 1309 ταῖς
306 1274 398 1315 χερσὶν
416 1275 551 1305 ἐσθίουσι·
569 1275 641 1314 λέγει
655 1277 743 1309 αὐτοῖς
755 1277 769 1304 6
788 1277 848 1306 Σω-

77 1320 128 1360 τήρ
138 1332 145 1339 ·
159 1321 219 1350 Οὔκ
230 1320 360 1360 ἀνέγνωτε
380 1320 407 1350 τί
428 1320 536 1356 ἐποίησε
550 1320 635 1350 Δαυὶδ
652 1321 696 1350 ὅτε
709 1321 830 1351 ἐπείνασε
839 1344 847 1358 ,

77 1366 123 1397 καὶ
136 1366 196 1400 τοὺς
216 1366 310 1407 ἄρτους
328 1368 376 1402 τῆς
389 1366 536 1406 προθέσεως
549 1366 653 1407 ἔφαγεν,
673 1367 717 1401 οὓς
731 1369 778 1398 οὐκ
792 1367 849 1402 ἐξὸν

77 1409 110 1450 ἦν
123 1418 224 1453 φαγεῖν,
245 1413 306 1443 οὔτε
326 1412 413 1449 αὐτὸν,
437 1412 497 1442 οὔτε
513 1412 575 1447 τοὺς
597 1415 654 1453 μετ’
667 1415 757 1451 αὐτοῦ,
772 1416 796 1444 εἰ
810 1414 847 1454 μὴ

77 1458 138 1493 τοὺς
156 1460 234 1499 ἱερεῖς
254 1458 348 1498 μόνονς
365 1454 442 1492 Εἶδες
459 1458 574 1499 ἀδελφὴν
588 1459 730 1500 ἱερωσύνης
744 1473 850 1501 σωφρο-

79 1506 176 1542 σύνην;
191 1501 257 1538 εἶδες
278 1506 335 1538 πῶς
348 1507 362 1534 ὁ
378 1505 447 1539 Θεὸς
466 1506 496 1535 οὗ
517 1505 647 1545 πρόσωπα
662 1506 773 1545 βλέπει,
789 1508 848 1537 ἀλλ’

80 1551 204 1587 ἀλήθειαν
218 1551 352 1589 δοκιμάζει
363 1563 372 1588 ;

120 1790 391 1831 Παρασκευασώμεθα
409 1788 495 1821 τοίνυν
508 1791 573 1831 πρὸς
587 1791 716 1828 εὐποιίαν,
730 1791 796 1831 πρὸς
807 1791 848 1820 δι-

79 1836 230 1873 καιοσύνην,
250 1836 292 1866 ἵνα
312 1839 329 1873 ἡ
350 1837 458 1874 νηστεία
479 1837 549 1877 λάὸῃ
569 1837 665 1877 πτερά.
679 1837 783 1877 Ὥσπερ
797 1837 849 1876 γὰρ

78 1881 206 1918 πετεινὸν,
224 1882 270 1912 ἐὰν
285 1882 322 1922 μὴ
337 1883 386 1923 ἔχῃ
399 1883 449 1919 τὴν
462 1884 515 1913 τῶν
529 1883 666 1923 πτερύγων
681 1882 847 1923 συνέργειαν,

78 1926 204 1957 ἵπτασθαι
217 1929 246 1957 οὖ
260 1927 381 1958 δύναται·
396 1929 478 1963 οὕτως
489 1930 534 1959 καὶ
547 1931 564 1965 ἠ
579 1928 687 1965 νηστεία
706 1928 751 1958 δύο
764 1929 849 1969 πτερὰ

78 1973 151 2014 ἔχει,
162 1974 312 2014 προσευχὴν
325 1975 370 2005 καὶ
381 1975 560 2015 ἐλεημοσύνην
571 1998 580 2013 ,
597 1971 634 2005 ὧν
648 1975 708 2004 ἄνευ
723 1975 777 2004 ἄνω
790 1975 849 2015 τρέ-

78 2030 136 2058 χειν
147 2021 177 2049 οὗ
191 2019 308 2050 δύναται.
333 2021 421 2051 Βλέπε
441 2021 485 2051 τὸν
503 2022 645 2062 Κορνήλιον
659 2021 727 2060 μετὰ
740 2024 787 2058 τῆς
799 2034 848 2057 νη-

79 2065 167 2099 στείας
179 2066 225 2096 καὶ
233 2069 317 2097 ταῦτα
326 2067 360 2097 τὰ
368 2067 453 2108 πτερὰ
464 2067 633 2107 κεκτημένον.
643 2068 691 2097 Διὸ
703 2068 747 2097 καὶ
762 2070 848 2108 φωνῆς

79 2111 151 2151 αὐτῷ
170 2112 310 2151 γενομένης
334 2113 445 2149 ἤκουσεν
467 2114 603 2154 οὐρανόθεν
616 2126 623 2132 ·
644 2113 774 2154 Κορνήλιε
786 2136 794 2150 ,
821 2115 848 2143 αἱ

78 2157 226 2197 προσευχαί
239 2170 285 2188 σου
296 2158 341 2188 καὶ
354 2161 381 2188 αἱ
394 2160 568 2199 ἐλεημοσύναι
583 2172 629 2190 σου
641 2160 772 2196 ἀνέδησαν
783 2161 848 2200 πρὸς

79 2203 123 2233 τὸν
145 2203 222 2234 Θεόν.
245 2203 360 2234 ’Υπόθοο
382 2207 447 2240 ζῶον
470 2201 536 2236 εἶναι
557 2206 606 2242 τὴν
625 2206 757 2243 νηστείαν,
782 2207 847 2246 ἀγα-

78 2249 147 2286 πητέ
157 2261 163 2267 ·
175 2249 259 2290 πτερὰ
273 2249 300 2279 δὲ
314 2250 394 2280 πάλιν
406 2250 504 2287 ταύτης
515 2251 693 2291 ἐλεημοσύνην
706 2251 751 2281 καὶ
765 2263 847 2292 προσ-

79 2294 160 2335 ευχὴν
171 2295 331 2325 καθεστάναι
340 2318 348 2332 ,
361 2291 398 2326 ὧν
412 2296 472 2326 ἄνευ
488 2296 587 2332 ταύτην
601 2298 655 2327 ἄνω
670 2297 707 2336 μὴ
722 2297 848 2327 δύνασθαι

78 2341 194 2382 τρέχειν.
209 2341 244 2371 Ὁ
260 2344 391 2378 τοιοῦτος,
406 2342 455 2371 κᾶν
475 2342 512 2380 μὴ
526 2343 610 2383 λαλῇ,
623 2342 728 2383 γλώττῃ
744 2343 847 2383 μεγάλῃ

78 2387 109 2416 τὸ
127 2387 225 2420 δίκαιον
241 2389 300 2428 βοᾷ.
318 2389 430 2427 Μεγάλη
449 2387 500 2428 γὰρ
523 2388 687 2424 δικαιοσύνης
707 2389 848 2429 συνήγορος

79 2433 169 2472 ἀρετή.
191 2433 239 2463 Διὸ
260 2434 346 2473 λέγει·
362 2434 534 2471 Εἰσάκουσον,
560 2433 639 2473 Κύριε
650 2457 657 2470 ,
682 2434 849 2471 δικαιοσύνης

81 2491 142 2518 μου.
156 2481 268 2519 Πρῶτον
283 2481 330 2518 μὲν
344 2475 388 2509 οὗν
402 2481 447 2509 καὶ
467 2480 590 2519 μέγιστον
604 2480 699 2520 ἀγαθὸν
713 2480 847 2520 προσευχὴ

81 2526 124 2556 καὶ
149 2526 312 2564 ἐλεημοσύνη
336 2526 379 2555 καὶ
404 2526 589 2565 δικαιοπραγία
600 2538 606 2544 ·
630 2525 660 2554 τὸ
685 2525 711 2556 δὲ
735 2527 848 2566 ἀσφαλὲς

1575 190 1646 239 559

907 263 987 299 dum,
998 264 1132 293 habitare
1137 265 1253 305 fratres
1267 266 1299 294 in
1313 274 1403 293 unum
1412 287 1419 298 ‚
1431 267 1505 294 sicut
1515 274 1648 302 unguen-

907 315 967 337 tum
980 311 1012 337 in
1026 310 1219 349 capite,quod
1230 310 1380 342 descendit
1394 312 1426 338 in
1442 311 1562 339 barbam
1567 331 1574 346 ,
1583 311 1648 338 bar-

907 356 973 383 bam
989 354 1116 385 Aaron!
1128 356 1250 386 Similem
1272 356 1338 389 dicit
1357 356 1493 386 caritatem
1512 362 1649 395 unguento

906 402 1081 438 sacerdotali,
1097 402 1244 432 orationem
1267 403 1374 434 incenso
1394 402 1562 431 sacerdotali.
1578 404 1650 431 Con-

906 446 1016 476 tinentia
1029 448 1158 487 praeditus
1171 448 1219 478 es?
1234 450 1327 478 Frater
1340 459 1367 477 es
1386 447 1540 478 sacerdotis.
1556 448 1650 478 Sacer-

905 492 1010 522 dotium
1023 494 1090 523 forte
1103 504 1156 523 non
1169 495 1268 529 habeo,
1284 494 1473 525 continentiam
1486 494 1584 523 habeo.
1599 495 1650 524 So-

906 549 952 567 ror
964 545 1004 568 est
1017 539 1180 569 continentia
1192 550 1250 569 mea
1262 540 1402 569 sacerdotii
1418 541 1467 570 tui.
1483 540 1564 570 Unde
1577 540 1650 570 hoc?

905 585 1015 614 Etenim
1028 585 1107 614 illum
1121 596 1177 615 csse
1190 592 1292 615 castum
1305 592 1420 626 oportet,
1435 586 1482 624 qui
1501 586 1650 617 sacerdotio

904 632 1042 672 fungitur,
1054 639 1080 662 et
1096 643 1154 669 me,
1169 632 1217 671 qui
1236 633 1324 662 Deum
1344 632 1439 661 colam.
1453 632 1482 662 Si
1500 632 1648 664 castitatem

903 679 1028 715 habeam,
1041 678 1220 708 sacerdotium
1233 677 1497 718 accipierndenam
1511 678 1583 708 hoc?
1592 679 1648 710 Da-

902 725 951 755 vid
970 725 1076 765 fugiens
1096 737 1112 755 a
1131 725 1212 755 Saule
1228 724 1303 754 venit
1321 723 1357 753 ad
1374 724 1552 754 Abiatharum
1572 735 1647 754 sum-

866 774 887 798 1>
902 781 977 800 mum
997 770 1178 807 sacerdotem,
1189 770 1280 810 aitque
1293 770 1334 800 illi
1347 783 1354 799 :
1368 771 1419 799 Da
1442 771 1515 799 mihi
1531 780 1625 809 panes
1636 793 1643 807 ,
1660 783 1680 799 1.
1691 778 1749 807 Reg.
1759 786 1784 801 ει
1793 795 1799 802 .

901 816 964 855 quia
985 824 1094 857 repente
1115 816 1214 846 missus
1234 826 1295 846 sum
1311 827 1326 844 a
1347 827 1425 856 rege,
1441 822 1466 846 et
1479 815 1575 845 viatica
1592 826 1645 846 non
1656 808 1679 831 3'
1696 810 1720 838 4·

901 862 996 892 habeo.
1013 861 1168 903 Respondet
1182 872 1304 891 summus
1325 862 1447 891 sacerdos
1467 862 1557 901 legum
1570 862 1645 902 peri-

901 915 965 938 tus:
990 909 1060 938 Non
1083 914 1126 938 est
1147 909 1231 937 nobis
1249 909 1335 946 panis
1362 908 1458 944 alius,
1481 908 1540 936 nisi
1560 909 1648 946 panis

900 962 1030 992 sanctus,
1046 965 1132 994 quem
1148 965 1208 983 non
1221 954 1290 983 licet
1307 954 1371 990 alii,
1386 964 1475 994 quam
1489 955 1645 991 sacerdoti,

902 1002 1058 1031 comedere.
1083 1000 1154 1038 Quia
1173 999 1258 1039 igitur
1279 1000 1460 1030 necessitatem
1477 999 1595 1037 videbat,
1609 1001 1647 1030 ti-

902 1048 990 1077 mebat
1013 1058 1077 1078 vero
1097 1058 1178 1088 panes
1199 1046 1390 1086 propositionis
1410 1046 1530 1085 tradem,
1552 1047 1648 1086 quaerit

901 1094 936 1123 ab
953 1094 986 1123 iis
1003 1096 1051 1133 qui
1070 1093 1219 1124 sacerdotes
1239 1103 1292 1122 non
1313 1100 1398 1131 erant,
1412 1103 1446 1123 an
1469 1094 1532 1134 puri
1548 1101 1646 1131 essent,

901 1140 1020 1179 dicitque
1035 1153 1042 1169 :
1058 1140 1090 1170 Si
1104 1140 1206 1169 mundi
1223 1146 1292 1169 sunt
1302 1142 1386 1179 pueri
1406 1141 1457 1180 qui
1471 1146 1565 1169 tecum
1579 1147 1647 1170 sant
1656 1148 1797 1170 Continenti..

901 1189 938 1216 ab
960 1188 1101 1216 uxoribus
1110 1209 1118 1224 ,
1131 1197 1222 1216 sume.
1239 1186 1436 1216 Continentiam
1449 1187 1521 1216 enim
1535 1187 1647 1226 putabat
1655 1181 1774 1233 ζὲξζῑῗζᾞ

901 1244 958 1263 esse
970 1233 1111 1264 sacerdotii
1122 1243 1251 1263 sororem.
1264 1234 1303 1262 Ac
1317 1242 1351 1262 ne
1364 1232 1427 1271 quis
1440 1232 1468 1261 in
1482 1232 1646 1263 calumniam
1765 1227 1771 1233 ’

865 1287 885 1311 E
901 1279 1046 1309 sacerdotis
1067 1279 1155 1308 trahat
1172 1278 1259 1313 illud,
1274 1277 1349 1317 quod
1370 1287 1451 1317 panes
1470 1277 1575 1308 dederit
1594 1278 1644 1315 iis',

901 1324 949 1364 qui
963 1324 1112 1355 sacerdotes
1125 1335 1177 1354 non
1191 1331 1277 1361 erant,
1289 1323 1353 1353 audi
1369 1323 1506 1362 quomodo
1519 1324 1647 1355 servator

902 1370 930 1400 id
948 1371 1025 1410 quasi
1044 1371 1128 1411 probe
1146 1371 1247 1400 facium
1269 1376 1468 1399 commemoret.
1486 1370 1647 1399 incusabant

901 1416 1046 1456 aliquando
1058 1416 1191 1457 apostolos
1202 1415 1303 1451 Judaei,
1319 1415 1391 1454 quod
1403 1416 1490 1455 spicas
1504 1415 1644 1453 vellerent,

901 1471 927 1494 et
947 1463 1072 1493 manibus
1092 1462 1266 1492 confricantes
1286 1461 1454 1492 comederent
1461 1473 1470 1499 ;
1491 1461 1590 1501 quibus
1609 1463 1646 1491 ait

901 1511 1027 1541 Servatur
1040 1522 1046 1538 :
1063 1510 1135 1539 Non
1145 1509 1257 1549 legistis
1270 1509 1343 1548 quid
1346 1507 1456 1548 fecerit
1468 1508 1570 1537 David
1580 1518 1645 1537 cum
1655 1518 1794 1549 memq,

901 1557 1043 1585 esuriret?
1064 1564 1156 1594 panes
1171 1555 1377 1593 propositionis
1402 1554 1526 1582 comedit
1537 1576 1545 1591 ,
1573 1563 1646 1593 quos

902 1611 961 1630 non
980 1601 1088 1630 licebat
1101 1602 1130 1629 ei
1143 1599 1302 1635 comedere,
1315 1608 1368 1628 nec
1389 1601 1424 1628 iis
1442 1602 1493 1638 qui
1511 1609 1576 1628 cum
1591 1599 1646 1628 illo

901 1652 997 1684 erant,
1009 1647 1062 1677 sed
1073 1646 1145 1676 solis
1156 1645 1366 1676 sacerdotibus.
1382 1644 1512 1675 Vidistin’
1526 1655 1646 1675 sororem

902 1703 959 1722 esse
970 1691 1111 1722 sacerdotii
1122 1691 1288 1721 castitatem?
1298 1690 1418 1721 vidistin’
1427 1690 1562 1729 quomodo
1571 1692 1646 1721 Deus

902 1748 1028 1778 personas
1038 1748 1092 1767 non
1105 1737 1227 1777 recipiat,
1242 1736 1290 1766 sed
1303 1735 1444 1767 veritatem
1456 1735 1597 1777 exploret?

942 1786 991 1814 10.
1007 1786 1191 1824 Praeparemus
1201 1793 1249 1813 nos
1262 1793 1326 1823 ergo
1339 1782 1373 1812 ad
1384 1782 1586 1812 beneficentiam
1594 1804 1603 1819 ,
1619 1790 1646 1813 et

901 1831 1090 1872 adjustitiam,
1105 1837 1134 1860 ut
1144 1830 1281 1870 jejunium
1294 1830 1351 1859 alas
1364 1829 1487 1870 accipiat.
1504 1830 1645 1867 Quemad-

858 1875 896 1925 Ὗ
902 1879 1014 1909 modum
1026 1878 1097 1908 enim
1110 1877 1168 1907 avis
1182 1876 1286 1906 nonnisi
1301 1876 1406 1905 alarum
1426 1886 1476 1915 ope
1488 1877 1581 1907 volare
1593 1887 1644 1917 po-

901 1933 951 1956 test
966 1939 972 1955 :
989 1925 1027 1955 sic
1040 1932 1066 1955 et
1077 1923 1211 1964 jejunium
1227 1922 1295 1952 duas
1315 1922 1396 1952 hahet
1414 1922 1480 1959 alas,
1497 1923 1644 1953 orationem

900 1979 926 2002 et
939 1973 1145 2011 eleemosynam,
1157 1969 1257 2009 quibus
1275 1969 1434 1998 destitutum
1453 1979 1563 1999 sursum
1582 1980 1646 1999 cur-

900 2029 957 2048 rere
986 2017 1089 2056 nequit.
1112 2015 1186 2046 Vide
1208 2014 1365 2045 Cornelium
1388 2025 1451 2044 cum
1472 2014 1577 2055 jejunio
1601 2015 1645 2044 his

900 2074 1007 2103 quoque
1021 2063 1072 2092 alis
1088 2063 1244 2091 instructum
1257 2072 1263 2095 ;
1276 2067 1438 2100 quapropter
1447 2067 1474 2090 et
1486 2071 1578 2091 vocem
1592 2071 1644 2090 au-

899 2110 970 2140 divit
986 2109 1020 2138 de
1033 2108 1097 2138 caelo
1113 2120 1119 2136 :
1138 2107 1266 2143 Corneli,
1281 2107 1426 2135 orationes
1446 2113 1503 2136 tuoe
1521 2112 1549 2135 et
1567 2107 1642 2136 elee-
1653 2116 1705 2140 Aa,
1722 2123 1757 2139 ω,
1768 2118 1792 2146 4,

901 2167 1034 2194 mosynae
1058 2162 1116 2185 111oe
1138 2154 1333 2184 ascenderunt
1357 2153 1399 2182 ad
1423 2154 1530 2182 Deum.
1559 2153 1643 2192 Finge

892 2201 1001 2231 'animal
1012 2199 1223 2241 essejejunium,
1235 2198 1383 2235 carissime,
1396 2199 1507 2238 ejusque
1521 2198 1577 2227 alas
1588 2209 1644 2228 esse

900 2248 1094 2288 eleemosynam
1113 2252 1138 2275 et
1159 2245 1324 2279 orationem;
1343 2245 1400 2274 sine
1418 2245 1518 2283 quibus
1536 2255 1644 2274 sursum

899 2294 963 2323 ferri
980 2303 1032 2322 non
1052 2292 1146 2333 possit.
1159 2290 1215 2329 Qui
1231 2290 1292 2320 talis
1305 2297 1358 2322 est.
1374 2290 1423 2319 etsi
1437 2300 1489 2319 non
1505 2290 1641 2328 loquatur,

898 2339 1030 2380 justitiam
1040 2349 1136 2378 magna
1150 2348 1215 2368 voce
1225 2337 1330 2366 clamat.
1344 2338 1442 2375 Magna
1455 2335 1555 2374 quippe
1563 2334 1642 2373 justi-

867 2398 884 2421 B
900 2387 943 2416 tiae
958 2392 1067 2426 patrona
1079 2385 1168 2414 virtus
1186 2390 1235 2412 est.
1251 2381 1316 2411 Ideo
1335 2381 1418 2410 dicit:
1434 2380 1564 2416 Exaudi,
1579 2380 1642 2407 Do-

901 2435 988 2469 mitte,
1007 2432 1154 2472 justitiam
1177 2438 1281 2459 meam.
1306 2427 1426 2456 Primum
1446 2426 1534 2463 itaque
1554 2425 1639 2455 maxi-

900 2489 1026 2517 mumque
1036 2478 1136 2506 bonum
1150 2482 1188 2505 est
1200 2474 1295 2508 oratio,
1308 2473 1473 2510 eleemosyna
1483 2471 1620 2510 etjustitia
1632 2483 1640 2508 ;

900 2524 971 2564 quod
983 2531 1071 2553 autem
1084 2530 1170 2552 tutum
1180 2527 1219 2550 est
1232 2527 1256 2549 ct
1271 2520 1456 2547 inconcussum
1470 2516 1644 2556 omniumque

120 2616 124 2625 ’
144 2610 202 2639 Πρὸς
216 2605 322 2640 Ᾰὲιάθνρ-
339 2606 526 2637 Esl.11.-1r,r1.o·m>1u
539 2608 676 2640 ἁμάρτημα.
695 2605 741 2630 nic
759 2605 824 2631 enim
839 2613 889 2630 non
903 2602 1030 2634 Abiatluar,
1045 2599 1087 2625 sed
1102 2597 1240 2624 Achimclec
1255 2597 1305 2628 ejus
1318 2601 1387 2628 salci·
1398 2600 1461 2621 erat.
