<?xml version="1.0" encoding="UTF-8"?>
<!DOCTYPE html PUBLIC "-//W3C//DTD XHTML 1.0 Transitional//EN"
    "http://www.w3.org/TR/xhtml1/DTD/xhtml1-transitional.dtd">
<html xmlns="http://www.w3.org/1999/xhtml" xml:lang="en" lang="en">
 <head>
  <title>
</title>
<meta http-equiv="Content-Type" content="text/html;charset=utf-8" />
  <meta name='ocr-system' content='tesseract 3.04.00' />
  <meta name='ocr-capabilities' content='ocr_page ocr_carea ocr_par ocr_line ocrx_word'/>
</head>
<body>
  <div class='ocr_page' id='page_1' title='image "./operaomniaquaeex06johnuoft_0498.png"; bbox 0 0 1890 2826; ppageno 0'>
   <div class='ocr_carea' id='block_1_1' title="bbox 89 368 223 395">
    <p class='ocr_par' dir='ltr' id='par_1_1' title="bbox 89 368 223 395">
     <span class='ocr_line' id='line_1_1' title="bbox 89 368 223 395; baseline 0.015 -7"><span class='ocrx_word' id='word_1_1' title='bbox 89 368 223 395; x_wconf 61' lang='lat' dir='ltr'><strong>Itum.5.1t&#39;4·</strong></span> 
     </span>
    </p>
   </div>
   <div class='ocr_carea' id='block_1_2' title="bbox 92 1295 230 1323">
    <p class='ocr_par' dir='ltr' id='par_1_2' title="bbox 92 1295 230 1323">
     <span class='ocr_line' id='line_1_2' title="bbox 92 1295 230 1323; baseline -0.007 -8"><span class='ocrx_word' id='word_1_2' title='bbox 92 1295 230 1323; x_wconf 74' lang='lat' dir='ltr'><strong>I&#39;s11l.92.1.</strong></span> 
     </span>
    </p>
   </div>
   <div class='ocr_carea' id='block_1_3' title="bbox 95 1716 230 1790">
    <p class='ocr_par' dir='ltr' id='par_1_3' title="bbox 95 1716 230 1790">
     <span class='ocr_line' id='line_1_3' title="bbox 95 1716 230 1745; baseline 0.007 -8"><span class='ocrx_word' id='word_1_3' title='bbox 95 1716 197 1739; x_wconf 75' lang='lat' dir='ltr'><strong>1.m1.53.</strong></span> <span class='ocrx_word' id='word_1_4' title='bbox 207 1723 230 1745; x_wconf 82' lang='lat'><strong>9.</strong></span> 
     </span>
     <span class='ocr_line' id='line_1_4' title="bbox 95 1761 230 1790; baseline 0.007 -9"><span class='ocrx_word' id='word_1_5' title='bbox 95 1761 200 1790; x_wconf 76' lang='lat' dir='ltr'><strong>Psal.92.</strong></span> <span class='ocrx_word' id='word_1_6' title='bbox 213 1769 230 1782; x_wconf 83' lang='lat'><strong>1.</strong></span> 
     </span>
    </p>
   </div>
   <div class='ocr_carea' id='block_1_4' title="bbox 90 1804 232 1864">
    <p class='ocr_par' dir='ltr' id='par_1_4' title="bbox 90 1804 232 1864">
     <span class='ocr_line' id='line_1_5' title="bbox 90 1804 232 1826; baseline 0.014 -2"><span class='ocrx_word' id='word_1_7' title='bbox 90 1804 152 1825; x_wconf 73' lang='lat' dir='ltr'><strong>Zona</strong></span> <span class='ocrx_word' id='word_1_8' title='bbox 171 1805 232 1826; x_wconf 84' lang='lat' dir='ltr'><strong>indi-</strong></span> 
     </span>
     <span class='ocr_line' id='line_1_6' title="bbox 91 1835 221 1864; baseline 0.008 -9"><span class='ocrx_word' id='word_1_9' title='bbox 91 1836 148 1856; x_wconf 80' lang='lat' dir='ltr'><strong>cium</strong></span> <span class='ocrx_word' id='word_1_10' title='bbox 156 1835 221 1864; x_wconf 78' lang='lat' dir='ltr'><strong>Regis</strong></span> 
     </span>
    </p>
   </div>
   <div class='ocr_carea' id='block_1_5' title="bbox 88 1943 227 1995">
    <p class='ocr_par' dir='ltr' id='par_1_5' title="bbox 88 1943 227 1995">
     <span class='ocr_line' id='line_1_7' title="bbox 88 1943 227 1965; baseline 0.007 -2"><span class='ocrx_word' id='word_1_11' title='bbox 88 1943 145 1964; x_wconf 78' lang='lat' dir='ltr'><strong>lsai.</strong></span> <span class='ocrx_word' id='word_1_12' title='bbox 159 1949 194 1965; x_wconf 83' lang='grc' dir='ltr'>[ι.</span> <span class='ocrx_word' id='word_1_13' title='bbox 209 1950 227 1964; x_wconf 83' lang='grc' dir='ltr'>ι.</span> 
     </span>
     <span class='ocr_line' id='line_1_8' title="bbox 89 1974 149 1995; baseline 0.017 -1"><span class='ocrx_word' id='word_1_14' title='bbox 89 1981 111 1995; x_wconf 80' lang='lat'><strong>2.</strong></span> <span class='ocrx_word' id='word_1_15' title='bbox 127 1974 149 1995; x_wconf 81' lang='lat'><strong>5.</strong></span> 
     </span>
    </p>
   </div>
   <div class='ocr_carea' id='block_1_6' title="bbox 87 2131 230 2246">
    <p class='ocr_par' dir='ltr' id='par_1_6' title="bbox 87 2131 230 2246">
     <span class='ocr_line' id='line_1_9' title="bbox 155 2131 230 2152; baseline -0.013 0"><span class='ocrx_word' id='word_1_16' title='bbox 155 2131 230 2152; x_wconf 77' lang='lat' dir='ltr'><strong>Vesti-</strong></span> 
     </span>
     <span class='ocr_line' id='line_1_10' title="bbox 89 2162 230 2192; baseline 0 -10"><span class='ocrx_word' id='word_1_17' title='bbox 89 2167 122 2183; x_wconf 81' lang='lat' dir='ltr'><strong>tus</strong></span> <span class='ocrx_word' id='word_1_18' title='bbox 140 2162 230 2192; x_wconf 72' lang='lat' dir='ltr'><strong>pontifi-</strong></span> 
     </span>
     <span class='ocr_line' id='line_1_11' title="bbox 87 2194 230 2222; baseline 0.007 -9"><span class='ocrx_word' id='word_1_19' title='bbox 87 2195 118 2214; x_wconf 53' lang='lat' dir='ltr'><strong>tis</strong></span> <span class='ocrx_word' id='word_1_20' title='bbox 163 2194 230 2222; x_wconf 80' lang='lat' dir='ltr'><strong>figura</strong></span> 
     </span>
     <span class='ocr_line' id='line_1_12' title="bbox 87 2225 181 2246; baseline 0.011 -1"><span class='ocrx_word' id='word_1_21' title='bbox 87 2225 181 2246; x_wconf 78' lang='lat' dir='ltr'><strong>Christi.</strong></span> 
     </span>
    </p>
   </div>
   <div class='ocr_carea' id='block_1_7' title="bbox 241 150 310 197">
    <p class='ocr_par' dir='ltr' id='par_1_7' title="bbox 241 150 310 197">
     <span class='ocr_line' id='line_1_13' title="bbox 241 150 310 197; baseline 0.072 -5"><span class='ocrx_word' id='word_1_22' title='bbox 241 150 310 197; x_wconf 68' lang='lat'><strong>[278</strong></span> 
     </span>
    </p>
   </div>
   <div class='ocr_carea' id='block_1_8' title="bbox 236 223 979 263">
    <p class='ocr_par' dir='ltr' id='par_1_8' title="bbox 236 223 979 263">
     <span class='ocr_line' id='line_1_14' title="bbox 236 223 979 263; baseline 0.001 -12"><span class='ocrx_word' id='word_1_23' title='bbox 236 223 366 262; x_wconf 71' lang='lat' dir='ltr'><strong>expellit,</strong></span> <span class='ocrx_word' id='word_1_24' title='bbox 390 223 530 251; x_wconf 74' lang='lat' dir='ltr'><strong>aduersus</strong></span> <span class='ocrx_word' id='word_1_25' title='bbox 553 223 678 261; x_wconf 77' lang='lat' dir='ltr'><strong>seipsum</strong></span> <span class='ocrx_word' id='word_1_26' title='bbox 700 223 809 252; x_wconf 70' lang='lat' dir='ltr'><strong>divisus</strong></span> <span class='ocrx_word' id='word_1_27' title='bbox 823 229 890 252; x_wconf 82' lang='lat' dir='ltr'><strong>est:</strong></span> <span class='ocrx_word' id='word_1_28' title='bbox 908 234 979 263; x_wconf 87' lang='lat' dir='ltr'><strong>quo-</strong></span> 
     </span>
    </p>
   </div>
   <div class='ocr_carea' id='block_1_9' title="bbox 952 160 1089 185">
    <p class='ocr_par' dir='ltr' id='par_1_9' title="bbox 952 160 1089 185">
     <span class='ocr_line' id='line_1_15' title="bbox 952 160 1089 185; baseline 0 -1"><span class='ocrx_word' id='word_1_29' title='bbox 952 160 1089 185; x_wconf 74' lang='lat' dir='ltr'><strong>INCER&#39;H</strong></span> 
     </span>
    </p>
   </div>
   <div class='ocr_carea' id='block_1_10' title="bbox 1038 224 1811 267">
    <p class='ocr_par' dir='ltr' id='par_1_10' title="bbox 1038 224 1811 267">
     <span class='ocr_line' id='line_1_16' title="bbox 1038 224 1811 267; baseline 0.009 -15"><span class='ocrx_word' id='word_1_30' title='bbox 1038 225 1094 260; x_wconf 83' lang='grc' dir='ltr'>λος,</span> <span class='ocrx_word' id='word_1_31' title='bbox 1110 227 1127 259; x_wconf 83' lang='grc' dir='ltr'>ἡ</span> <span class='ocrx_word' id='word_1_32' title='bbox 1140 224 1272 265; x_wconf 76' lang='grc' dir='ltr'>ἁμαρτία,</span> <span class='ocrx_word' id='word_1_33' title='bbox 1286 228 1301 255; x_wconf 78' lang='grc' dir='ltr'><strong><em>ὃ</em></strong></span> <span class='ocrx_word' id='word_1_34' title='bbox 1314 226 1424 260; x_wconf 80' lang='grc' dir='ltr'>θάνατος</span> <span class='ocrx_word' id='word_1_35' title='bbox 1433 239 1439 245; x_wconf 87' lang='grc'><em>·</em></span> <span class='ocrx_word' id='word_1_36' title='bbox 1461 227 1506 257; x_wconf 81' lang='grc' dir='ltr'><strong>καὶ</strong></span> <span class='ocrx_word' id='word_1_37' title='bbox 1517 230 1531 257; x_wconf 81' lang='grc' dir='ltr'><strong>ὁ</strong></span> <span class='ocrx_word' id='word_1_38' title='bbox 1545 228 1593 267; x_wconf 88' lang='grc' dir='ltr'><strong>μὲν</strong></span> <span class='ocrx_word' id='word_1_39' title='bbox 1608 229 1726 262; x_wconf 74' lang='grc' dir='ltr'>διάὸολος</span> <span class='ocrx_word' id='word_1_40' title='bbox 1739 228 1811 265; x_wconf 52' lang='lat' dir='ltr'><strong>{ms-</strong></span> 
     </span>
    </p>
   </div>
   <div class='ocr_carea' id='block_1_11' title="bbox 237 268 1810 313">
    <p class='ocr_par' dir='ltr' id='par_1_11' title="bbox 237 268 1810 313">
     <span class='ocr_line' id='line_1_17' title="bbox 237 268 1810 313; baseline 0.004 -16"><span class='ocrx_word' id='word_1_41' title='bbox 237 270 322 297; x_wconf 85' lang='lat' dir='ltr'><strong>modo</strong></span> <span class='ocrx_word' id='word_1_42' title='bbox 337 279 404 309; x_wconf 84' lang='lat' dir='ltr'><strong>ergo</strong></span> <span class='ocrx_word' id='word_1_43' title='bbox 422 268 511 297; x_wconf 81' lang='lat' dir='ltr'><strong>stabit</strong></span> <span class='ocrx_word' id='word_1_44' title='bbox 531 278 651 307; x_wconf 82' lang='lat' dir='ltr'><strong>regnum</strong></span> <span class='ocrx_word' id='word_1_45' title='bbox 663 268 745 298; x_wconf 77' lang='lat' dir='ltr'><strong>illius</strong></span> <span class='ocrx_word' id='word_1_46' title='bbox 758 269 772 298; x_wconf 67' lang='grc' dir='ltr'><strong><em>Ρ</em></strong></span> <span class='ocrx_word' id='word_1_47' title='bbox 787 269 857 299; x_wconf 83' lang='lat' dir='ltr'><strong>Ecce</strong></span> <span class='ocrx_word' id='word_1_48' title='bbox 879 268 982 298; x_wconf 88' lang='lat' dir='ltr'><strong>diaboli</strong></span> <span class='ocrx_word' id='word_1_49' title='bbox 1002 274 1020 297; x_wconf 82' lang='lat' dir='ltr'>E</span> <span class='ocrx_word' id='word_1_50' title='bbox 1038 281 1087 305; x_wconf 90' lang='grc' dir='ltr'><strong>τα,</strong></span> <span class='ocrx_word' id='word_1_51' title='bbox 1104 272 1120 306; x_wconf 85' lang='grc' dir='ltr'>ἡ</span> <span class='ocrx_word' id='word_1_52' title='bbox 1135 269 1163 299; x_wconf 83' lang='grc' dir='ltr'><strong>δὲ</strong></span> <span class='ocrx_word' id='word_1_53' title='bbox 1185 271 1303 312; x_wconf 81' lang='grc' dir='ltr'>ἁμαρτία</span> <span class='ocrx_word' id='word_1_54' title='bbox 1317 269 1444 313; x_wconf 77' lang='grc' dir='ltr'>ἔσφαξεν,</span> <span class='ocrx_word' id='word_1_55' title='bbox 1472 276 1486 303; x_wconf 86' lang='grc' dir='ltr'><strong>ὁ</strong></span> <span class='ocrx_word' id='word_1_56' title='bbox 1503 273 1656 308; x_wconf 81' lang='grc' dir='ltr'>δὲ.θᾶνατος</span> <span class='ocrx_word' id='word_1_57' title='bbox 1679 275 1790 304; x_wconf 77' lang='grc' dir='ltr'>ἔθαπτεν</span> <span class='ocrx_word' id='word_1_58' title='bbox 1803 288 1810 294; x_wconf 87' lang='grc'><em>·</em></span> 
     </span>
    </p>
   </div>
   <div class='ocr_carea' id='block_1_12' title="bbox 236 314 983 727">
    <p class='ocr_par' dir='ltr' id='par_1_12' title="bbox 236 314 983 727">
     <span class='ocr_line' id='line_1_18' title="bbox 237 314 982 355; baseline 0.001 -11"><span class='ocrx_word' id='word_1_59' title='bbox 237 326 360 355; x_wconf 79' lang='lat' dir='ltr'><strong>regnum.</strong></span> <span class='ocrx_word' id='word_1_60' title='bbox 376 314 496 344; x_wconf 80' lang='lat' dir='ltr'>Ubinam</span> <span class='ocrx_word' id='word_1_61' title='bbox 508 315 601 344; x_wconf 86' lang='lat' dir='ltr'><strong>mortis</strong></span> <span class='ocrx_word' id='word_1_62' title='bbox 613 315 628 344; x_wconf 67' lang='lat'><strong>3·</strong></span> <span class='ocrx_word' id='word_1_63' title='bbox 640 314 712 344; x_wconf 75' lang='lat' dir='ltr'><strong>Audi</strong></span> <span class='ocrx_word' id='word_1_64' title='bbox 723 315 838 345; x_wconf 83' lang='lat' dir='ltr'><strong>Paulum</strong></span> <span class='ocrx_word' id='word_1_65' title='bbox 851 315 982 345; x_wconf 78' lang='lat' dir='ltr'><strong>disseren-</strong></span> 
     </span>
     <span class='ocr_line' id='line_1_19' title="bbox 236 361 982 401; baseline -0.001 -11"><span class='ocrx_word' id='word_1_66' title='bbox 236 369 289 390; x_wconf 88' lang='lat' dir='ltr'><strong>tem</strong></span> <span class='ocrx_word' id='word_1_67' title='bbox 298 362 455 400; x_wconf 78' lang='lat' dir='ltr'><em>:Regnavit</em></span> <span class='ocrx_word' id='word_1_68' title='bbox 466 370 543 389; x_wconf 87' lang='lat' dir='ltr'><strong>mors</strong></span> <span class='ocrx_word' id='word_1_69' title='bbox 554 361 591 389; x_wconf 82' lang='lat' dir='ltr'><strong>ab</strong></span> <span class='ocrx_word' id='word_1_70' title='bbox 603 361 706 391; x_wconf 75' lang='lat' dir='ltr'><em>Adam</em></span> <span class='ocrx_word' id='word_1_71' title='bbox 717 371 807 401; x_wconf 79' lang='lat' dir='ltr'><strong>usque</strong></span> <span class='ocrx_word' id='word_1_72' title='bbox 816 362 857 390; x_wconf 74' lang='lat' dir='ltr'><strong>ad</strong></span> <span class='ocrx_word' id='word_1_73' title='bbox 863 363 982 395; x_wconf 84' lang='lat' dir='ltr'><em>Mosen,</em></span> 
     </span>
     <span class='ocr_line' id='line_1_20' title="bbox 238 407 983 447; baseline -0.001 -11"><span class='ocrx_word' id='word_1_74' title='bbox 238 418 324 446; x_wconf 83' lang='lat' dir='ltr'><strong>super</strong></span> <span class='ocrx_word' id='word_1_75' title='bbox 345 417 404 444; x_wconf 86' lang='lat' dir='ltr'><strong>eos,</strong></span> <span class='ocrx_word' id='word_1_76' title='bbox 431 408 483 446; x_wconf 84' lang='lat' dir='ltr'><strong>qui</strong></span> <span class='ocrx_word' id='word_1_77' title='bbox 503 417 562 435; x_wconf 86' lang='lat' dir='ltr'><strong>non</strong></span> <span class='ocrx_word' id='word_1_78' title='bbox 583 414 785 446; x_wconf 79' lang='lat' dir='ltr'><strong>peccaverant.</strong></span> <span class='ocrx_word' id='word_1_79' title='bbox 809 410 880 437; x_wconf 85' lang='lat' dir='ltr'><strong>Cum</strong></span> <span class='ocrx_word' id='word_1_80' title='bbox 899 407 983 447; x_wconf 84' lang='lat' dir='ltr'><strong>igitur</strong></span> 
     </span>
     <span class='ocr_line' id='line_1_21' title="bbox 237 453 982 493; baseline 0.001 -12"><span class='ocrx_word' id='word_1_81' title='bbox 237 453 371 482; x_wconf 83' lang='lat' dir='ltr'><strong>diabolica</strong></span> <span class='ocrx_word' id='word_1_82' title='bbox 391 453 455 482; x_wconf 80' lang='lat' dir='ltr'>trias</span> <span class='ocrx_word' id='word_1_83' title='bbox 470 453 498 482; x_wconf 92' lang='lat' dir='ltr'><strong>in</strong></span> <span class='ocrx_word' id='word_1_84' title='bbox 509 459 627 492; x_wconf 63' lang='lat' dir='ltr'><strong>sanctam</strong></span> <span class='ocrx_word' id='word_1_85' title='bbox 641 460 667 483; x_wconf 90' lang='lat' dir='ltr'><strong>et</strong></span> <span class='ocrx_word' id='word_1_86' title='bbox 674 453 851 493; x_wconf 35' lang='lat' dir='ltr'><strong>,impollutam</strong></span> <span class='ocrx_word' id='word_1_87' title='bbox 863 453 982 483; x_wconf 82' lang='lat' dir='ltr'><strong>Trinita-</strong></span> 
     </span>
     <span class='ocr_line' id='line_1_22' title="bbox 237 499 982 539; baseline 0.003 -11"><span class='ocrx_word' id='word_1_88' title='bbox 237 507 289 528; x_wconf 86' lang='lat' dir='ltr'><strong>tem</strong></span> <span class='ocrx_word' id='word_1_89' title='bbox 302 499 473 539; x_wconf 84' lang='lat' dir='ltr'><strong>tyrannidem</strong></span> <span class='ocrx_word' id='word_1_90' title='bbox 484 509 561 528; x_wconf 84' lang='lat' dir='ltr'><strong>suam</strong></span> <span class='ocrx_word' id='word_1_91' title='bbox 571 499 745 536; x_wconf 79' lang='lat' dir='ltr'><strong>exercuisset,</strong></span> <span class='ocrx_word' id='word_1_92' title='bbox 759 500 871 538; x_wconf 75' lang='lat' dir='ltr'><strong>scilieet,</strong></span> <span class='ocrx_word' id='word_1_93' title='bbox 886 500 982 530; x_wconf 86' lang='lat' dir='ltr'><strong>diabo—</strong></span> 
     </span>
     <span class='ocr_line' id='line_1_23' title="bbox 238 545 982 585; baseline 0.005 -12"><span class='ocrx_word' id='word_1_94' title='bbox 238 546 290 582; x_wconf 87' lang='lat' dir='ltr'><strong>lus,</strong></span> <span class='ocrx_word' id='word_1_95' title='bbox 314 552 464 585; x_wconf 86' lang='lat' dir='ltr'><strong>peccatum,</strong></span> <span class='ocrx_word' id='word_1_96' title='bbox 485 555 557 574; x_wconf 89' lang='lat' dir='ltr'><strong>mors</strong></span> <span class='ocrx_word' id='word_1_97' title='bbox 573 556 579 572; x_wconf 90' lang='lat'>:</span> <span class='ocrx_word' id='word_1_98' title='bbox 594 552 620 574; x_wconf 88' lang='lat' dir='ltr'><strong>et</strong></span> <span class='ocrx_word' id='word_1_99' title='bbox 642 545 768 575; x_wconf 79' lang='lat' dir='ltr'><strong>diabolus</strong></span> <span class='ocrx_word' id='word_1_100' title='bbox 786 546 895 585; x_wconf 77' lang='lat' dir='ltr'><strong>quidem</strong></span> <span class='ocrx_word' id='word_1_101' title='bbox 908 547 982 577; x_wconf 89' lang='lat' dir='ltr'><strong>deci-</strong></span> 
     </span>
     <span class='ocr_line' id='line_1_24' title="bbox 238 591 979 634; baseline 0.004 -14"><span class='ocrx_word' id='word_1_102' title='bbox 238 598 323 631; x_wconf 84' lang='lat' dir='ltr'><strong>peret,</strong></span> <span class='ocrx_word' id='word_1_103' title='bbox 339 598 476 631; x_wconf 84' lang='lat' dir='ltr'><strong>peccatum</strong></span> <span class='ocrx_word' id='word_1_104' title='bbox 486 591 659 627; x_wconf 81' lang='lat' dir='ltr'><strong>interficeret,</strong></span> <span class='ocrx_word' id='word_1_105' title='bbox 671 603 743 622; x_wconf 86' lang='lat' dir='ltr'><strong>mors</strong></span> <span class='ocrx_word' id='word_1_106' title='bbox 754 603 819 623; x_wconf 82' lang='lat' dir='ltr'><strong>vero</strong></span> <span class='ocrx_word' id='word_1_107' title='bbox 831 594 956 634; x_wconf 81' lang='lat' dir='ltr'>sepeliret</span> <span class='ocrx_word' id='word_1_108' title='bbox 973 605 979 622; x_wconf 73' lang='grc' dir='ltr'><strong><em>ε</em></strong></span> 
     </span>
     <span class='ocr_line' id='line_1_25' title="bbox 239 637 981 679; baseline 0.005 -13"><span class='ocrx_word' id='word_1_109' title='bbox 239 637 337 675; x_wconf 83' lang='lat' dir='ltr'><strong>David,</strong></span> <span class='ocrx_word' id='word_1_110' title='bbox 348 637 398 667; x_wconf 88' lang='lat' dir='ltr'><strong>hac</strong></span> <span class='ocrx_word' id='word_1_111' title='bbox 407 637 507 678; x_wconf 82' lang='lat' dir='ltr'><strong>triplici</strong></span> <span class='ocrx_word' id='word_1_112' title='bbox 516 638 660 678; x_wconf 78' lang='lat' dir='ltr'><strong>tyrannide</strong></span> <span class='ocrx_word' id='word_1_113' title='bbox 669 639 805 679; x_wconf 80' lang='lat' dir='ltr'>oppressis</span> <span class='ocrx_word' id='word_1_114' title='bbox 811 640 902 670; x_wconf 82' lang='lat' dir='ltr'><strong>laetum</strong></span> <span class='ocrx_word' id='word_1_115' title='bbox 911 651 981 670; x_wconf 87' lang='lat' dir='ltr'><strong>nun-</strong></span> 
     </span>
     <span class='ocr_line' id='line_1_26' title="bbox 239 684 981 727; baseline 0.005 -15"><span class='ocrx_word' id='word_1_116' title='bbox 239 684 305 712; x_wconf 85' lang='lat' dir='ltr'><strong>tium</strong></span> <span class='ocrx_word' id='word_1_117' title='bbox 319 684 408 721; x_wconf 77' lang='lat' dir='ltr'><strong>affert,</strong></span> <span class='ocrx_word' id='word_1_118' title='bbox 431 691 585 724; x_wconf 81' lang='lat' dir='ltr'><strong>monetque,</strong></span> <span class='ocrx_word' id='word_1_119' title='bbox 602 691 630 714; x_wconf 90' lang='lat' dir='ltr'><strong>ut</strong></span> <span class='ocrx_word' id='word_1_120' title='bbox 644 695 700 715; x_wconf 84' lang='lat' dir='ltr'><strong>sese</strong></span> <span class='ocrx_word' id='word_1_121' title='bbox 713 696 748 714; x_wconf 74' lang='lat' dir='ltr'><strong>ex</strong></span> <span class='ocrx_word' id='word_1_122' title='bbox 763 686 900 716; x_wconf 87' lang='lat' dir='ltr'><strong>servitutis</strong></span> <span class='ocrx_word' id='word_1_123' title='bbox 915 688 981 727; x_wconf 85' lang='lat' dir='ltr'><strong>jugo</strong></span> 
     </span>
    </p>
   </div>
   <div class='ocr_carea' id='block_1_13' title="bbox 1036 316 1818 729">
    <p class='ocr_par' dir='ltr' id='par_1_13' title="bbox 1036 316 1818 729">
     <span class='ocr_line' id='line_1_27' title="bbox 1039 316 1810 359; baseline 0.008 -15"><span class='ocrx_word' id='word_1_124' title='bbox 1039 316 1235 355; x_wconf 75' lang='grc' dir='ltr'>εὐαγγελίζεται</span> <span class='ocrx_word' id='word_1_125' title='bbox 1245 317 1305 352; x_wconf 79' lang='grc' dir='ltr'>τοὺς</span> <span class='ocrx_word' id='word_1_126' title='bbox 1322 319 1543 359; x_wconf 81' lang='grc' dir='ltr'>τυραννουμένους</span> <span class='ocrx_word' id='word_1_127' title='bbox 1564 322 1578 349; x_wconf 80' lang='grc' dir='ltr'>ὁ</span> <span class='ocrx_word' id='word_1_128' title='bbox 1599 320 1696 356; x_wconf 71' lang='grc' dir='ltr'>Δαυὶδ,</span> <span class='ocrx_word' id='word_1_129' title='bbox 1710 321 1755 350; x_wconf 81' lang='grc' dir='ltr'><strong>καὶ</strong></span> <span class='ocrx_word' id='word_1_130' title='bbox 1767 321 1810 350; x_wconf 86' lang='grc' dir='ltr'>λε’-</span> 
     </span>
     <span class='ocr_line' id='line_1_28' title="bbox 1039 362 1811 405; baseline 0.006 -14"><span class='ocrx_word' id='word_1_131' title='bbox 1039 374 1097 401; x_wconf 84' lang='grc' dir='ltr'>γει,</span> <span class='ocrx_word' id='word_1_132' title='bbox 1113 362 1182 392; x_wconf 80' lang='grc' dir='ltr'>ὥστε</span> <span class='ocrx_word' id='word_1_133' title='bbox 1195 363 1306 398; x_wconf 75' lang='grc' dir='ltr'>ἐξελθεῖν</span> <span class='ocrx_word' id='word_1_134' title='bbox 1316 365 1450 405; x_wconf 68' lang='grc' dir='ltr'>τόνζυγὸν</span> <span class='ocrx_word' id='word_1_135' title='bbox 1465 368 1512 402; x_wconf 73' lang='grc' dir='ltr'><strong>τῆς</strong></span> <span class='ocrx_word' id='word_1_136' title='bbox 1526 366 1644 400; x_wconf 82' lang='grc' dir='ltr'>δουλείας</span> <span class='ocrx_word' id='word_1_137' title='bbox 1653 388 1661 402; x_wconf 90' lang='grc'>,</span> <span class='ocrx_word' id='word_1_138' title='bbox 1674 367 1720 396; x_wconf 73' lang='grc' dir='ltr'>καὶ</span> <span class='ocrx_word' id='word_1_139' title='bbox 1734 366 1811 401; x_wconf 83' lang='grc' dir='ltr'>δέξα-</span> 
     </span>
     <span class='ocr_line' id='line_1_29' title="bbox 1040 410 1818 452; baseline 0.008 -16"><span class='ocrx_word' id='word_1_140' title='bbox 1040 410 1099 436; x_wconf 87' lang='grc' dir='ltr'>σθαι</span> <span class='ocrx_word' id='word_1_141' title='bbox 1110 412 1156 438; x_wconf 75' lang='grc' dir='ltr'>τοῦ</span> <span class='ocrx_word' id='word_1_142' title='bbox 1168 410 1284 449; x_wconf 77' lang='grc' dir='ltr'>Χριστοῦ</span> <span class='ocrx_word' id='word_1_143' title='bbox 1301 411 1349 447; x_wconf 85' lang='grc' dir='ltr'><strong>τὴν</strong></span> <span class='ocrx_word' id='word_1_144' title='bbox 1365 411 1520 441; x_wconf 79' lang='grc' dir='ltr'>δεσποτείαν</span> <span class='ocrx_word' id='word_1_145' title='bbox 1534 412 1732 452; x_wconf 69' lang='grc' dir='ltr'>κηρυττομένην</span> <span class='ocrx_word' id='word_1_146' title='bbox 1742 425 1748 432; x_wconf 83' lang='grc'><em>·</em></span> <span class='ocrx_word' id='word_1_147' title='bbox 1777 412 1818 442; x_wconf 76' lang='grc' dir='ltr'><strong>Ὁ“</strong></span> 
     </span>
     <span class='ocr_line' id='line_1_30' title="bbox 1039 453 1812 499; baseline 0.008 -17"><span class='ocrx_word' id='word_1_148' title='bbox 1039 453 1135 493; x_wconf 84' lang='grc' dir='ltr'>Κύριος</span> <span class='ocrx_word' id='word_1_149' title='bbox 1148 455 1311 486; x_wconf 76' lang='grc' dir='ltr'>ἐὸασίλευσε.</span> <span class='ocrx_word' id='word_1_150' title='bbox 1322 457 1519 487; x_wconf 61' lang='lat' dir='ltr'><strong>mmmm-rou</strong></span> <span class='ocrx_word' id='word_1_151' title='bbox 1530 458 1641 488; x_wconf 80' lang='grc' dir='ltr'>θανάτου</span> <span class='ocrx_word' id='word_1_152' title='bbox 1651 461 1668 495; x_wconf 82' lang='grc' dir='ltr'>ἡ</span> <span class='ocrx_word' id='word_1_153' title='bbox 1680 459 1812 499; x_wconf 79' lang='grc' dir='ltr'>βασιλεία,</span> 
     </span>
     <span class='ocr_line' id='line_1_31' title="bbox 1038 499 1812 544; baseline 0.006 -15"><span class='ocrx_word' id='word_1_154' title='bbox 1038 499 1228 537; x_wconf 58' lang='grc' dir='ltr'>πέπαυταιΰῐς</span> <span class='ocrx_word' id='word_1_155' title='bbox 1241 503 1372 543; x_wconf 82' lang='grc' dir='ltr'>ἁμαρτίας</span> <span class='ocrx_word' id='word_1_156' title='bbox 1379 504 1410 534; x_wconf 85' lang='grc' dir='ltr'><strong>τὸ</strong></span> <span class='ocrx_word' id='word_1_157' title='bbox 1422 504 1518 544; x_wconf 78' lang='grc' dir='ltr'>κράτος</span> <span class='ocrx_word' id='word_1_158' title='bbox 1527 525 1535 539; x_wconf 86' lang='grc'>,</span> <span class='ocrx_word' id='word_1_159' title='bbox 1546 504 1680 534; x_wconf 82' lang='grc' dir='ltr'>πέπαυται</span> <span class='ocrx_word' id='word_1_160' title='bbox 1691 508 1738 534; x_wconf 76' lang='grc' dir='ltr'>τοῦ</span> <span class='ocrx_word' id='word_1_161' title='bbox 1753 506 1812 534; x_wconf 86' lang='grc' dir='ltr'>δια-</span> 
     </span>
     <span class='ocr_line' id='line_1_32' title="bbox 1038 546 1812 591; baseline 0.005 -16"><span class='ocrx_word' id='word_1_162' title='bbox 1038 546 1116 576; x_wconf 77' lang='grc' dir='ltr'>ὅόλου</span> <span class='ocrx_word' id='word_1_163' title='bbox 1131 547 1147 583; x_wconf 77' lang='grc' dir='ltr'>ἡ</span> <span class='ocrx_word' id='word_1_164' title='bbox 1163 548 1275 583; x_wconf 78' lang='grc' dir='ltr'>ἐξουσία.</span> <span class='ocrx_word' id='word_1_165' title='bbox 1291 549 1326 579; x_wconf 92' lang='grc' dir='ltr'>Ὁ</span> <span class='ocrx_word' id='word_1_166' title='bbox 1335 549 1432 590; x_wconf 84' lang='grc' dir='ltr'>Κύριος</span> <span class='ocrx_word' id='word_1_167' title='bbox 1445 550 1626 584; x_wconf 58' lang='lat' dir='ltr'><strong>&amp;aethnam</strong></span> <span class='ocrx_word' id='word_1_168' title='bbox 1642 551 1812 591; x_wconf 82' lang='grc' dir='ltr'>ἀγαλλιᾶσθω</span> 
     </span>
     <span class='ocr_line' id='line_1_33' title="bbox 1037 593 1810 636; baseline 0.005 -14"><span class='ocrx_word' id='word_1_169' title='bbox 1037 595 1054 628; x_wconf 88' lang='grc' dir='ltr'>ἡ</span> <span class='ocrx_word' id='word_1_170' title='bbox 1069 595 1112 632; x_wconf 83' lang='grc' dir='ltr'>γ’ῆ.</span> <span class='ocrx_word' id='word_1_171' title='bbox 1128 593 1268 635; x_wconf 80' lang='grc' dir='ltr'>Ἀγαλλιᾷν</span> <span class='ocrx_word' id='word_1_172' title='bbox 1280 595 1331 635; x_wconf 77' lang='grc' dir='ltr'><strong>γὰρ</strong></span> <span class='ocrx_word' id='word_1_173' title='bbox 1341 596 1464 636; x_wconf 79' lang='grc' dir='ltr'>ὀφείλειῆ</span> <span class='ocrx_word' id='word_1_174' title='bbox 1479 596 1543 626; x_wconf 77' lang='grc' dir='ltr'>ποτὲ</span> <span class='ocrx_word' id='word_1_175' title='bbox 1555 597 1736 636; x_wconf 76' lang='grc' dir='ltr'>δεδουλωμέντ,</span> <span class='ocrx_word' id='word_1_176' title='bbox 1747 620 1755 634; x_wconf 90' lang='grc'>,</span> <span class='ocrx_word' id='word_1_177' title='bbox 1766 598 1810 627; x_wconf 81' lang='grc' dir='ltr'><strong>καὶ</strong></span> 
     </span>
     <span class='ocr_line' id='line_1_34' title="bbox 1036 640 1811 682; baseline 0.008 -15"><span class='ocrx_word' id='word_1_178' title='bbox 1036 641 1081 668; x_wconf 79' lang='grc' dir='ltr'><strong>νῦν</strong></span> <span class='ocrx_word' id='word_1_179' title='bbox 1094 640 1306 679; x_wconf 79' lang='grc' dir='ltr'>ἐλευθερωθεῖσα·</span> <span class='ocrx_word' id='word_1_180' title='bbox 1313 644 1330 677; x_wconf 82' lang='grc' dir='ltr'>ἡ</span> <span class='ocrx_word' id='word_1_181' title='bbox 1342 642 1407 672; x_wconf 78' lang='grc' dir='ltr'>ποτὲ</span> <span class='ocrx_word' id='word_1_182' title='bbox 1420 642 1622 682; x_wconf 84' lang='grc' dir='ltr'>πεπλανημένη,</span> <span class='ocrx_word' id='word_1_183' title='bbox 1631 643 1675 672; x_wconf 79' lang='grc' dir='ltr'><strong>καὶ</strong></span> <span class='ocrx_word' id='word_1_184' title='bbox 1683 646 1727 672; x_wconf 77' lang='grc' dir='ltr'><strong>νῦν</strong></span> <span class='ocrx_word' id='word_1_185' title='bbox 1736 644 1811 672; x_wconf 85' lang='grc' dir='ltr'>δεδο-</span> 
     </span>
     <span class='ocr_line' id='line_1_35' title="bbox 1039 683 1813 729; baseline 0.004 -15"><span class='ocrx_word' id='word_1_186' title='bbox 1039 683 1154 723; x_wconf 80' lang='grc' dir='ltr'>ξασμένη</span> <span class='ocrx_word' id='word_1_187' title='bbox 1162 698 1168 704; x_wconf 90' lang='grc'><strong><em>·</em></strong></span> <span class='ocrx_word' id='word_1_188' title='bbox 1177 689 1194 722; x_wconf 84' lang='grc' dir='ltr'>ἡ</span> <span class='ocrx_word' id='word_1_189' title='bbox 1209 687 1273 716; x_wconf 75' lang='grc' dir='ltr'>ποτὲ</span> <span class='ocrx_word' id='word_1_190' title='bbox 1287 689 1313 716; x_wconf 83' lang='grc' dir='ltr'><strong>ἐν</strong></span> <span class='ocrx_word' id='word_1_191' title='bbox 1326 687 1487 728; x_wconf 63' lang='grc' dir='ltr'>τάφοις-,καὶ</span> <span class='ocrx_word' id='word_1_192' title='bbox 1499 692 1544 718; x_wconf 82' lang='grc' dir='ltr'>ν’ὔν</span> <span class='ocrx_word' id='word_1_193' title='bbox 1557 691 1584 718; x_wconf 80' lang='grc' dir='ltr'><strong>ἐν</strong></span> <span class='ocrx_word' id='word_1_194' title='bbox 1598 689 1706 729; x_wconf 83' lang='grc' dir='ltr'>θρόνοις·</span> <span class='ocrx_word' id='word_1_195' title='bbox 1719 691 1737 724; x_wconf 80' lang='grc' dir='ltr'>ἡ</span> <span class='ocrx_word' id='word_1_196' title='bbox 1747 689 1813 718; x_wconf 76' lang='grc' dir='ltr'>ποτὲ</span> 
     </span>
    </p>
   </div>
   <div class='ocr_carea' id='block_1_14' title="bbox 237 730 1816 774">
    <p class='ocr_par' dir='ltr' id='par_1_14' title="bbox 237 730 1816 774">
     <span class='ocr_line' id='line_1_36' title="bbox 237 730 1816 774; baseline 0.003 -15"><span class='ocrx_word' id='word_1_197' title='bbox 237 730 399 768; x_wconf 77' lang='lat' dir='ltr'><strong>subducant,</strong></span> <span class='ocrx_word' id='word_1_198' title='bbox 418 737 445 760; x_wconf 87' lang='lat' dir='ltr'><strong>et</strong></span> <span class='ocrx_word' id='word_1_199' title='bbox 458 730 625 760; x_wconf 80' lang='lat' dir='ltr'><strong>dominatum</strong></span> <span class='ocrx_word' id='word_1_200' title='bbox 638 731 752 769; x_wconf 79' lang='lat' dir='ltr'>Christi,</span> <span class='ocrx_word' id='word_1_201' title='bbox 767 733 840 771; x_wconf 90' lang='lat' dir='ltr'><strong>quod</strong></span> <span class='ocrx_word' id='word_1_202' title='bbox 853 733 982 773; x_wconf 76' lang='lat' dir='ltr'><strong>praedica-</strong></span> <span class='ocrx_word' id='word_1_203' title='bbox 991 748 1028 768; x_wconf 66' lang='lat'><strong>409</strong></span> <span class='ocrx_word' id='word_1_204' title='bbox 1038 731 1064 759; x_wconf 82' lang='grc' dir='ltr'><strong>ἐν</strong></span> <span class='ocrx_word' id='word_1_205' title='bbox 1074 731 1185 771; x_wconf 81' lang='grc' dir='ltr'>ἀτιμίᾳ,</span> <span class='ocrx_word' id='word_1_206' title='bbox 1206 732 1251 762; x_wconf 83' lang='grc' dir='ltr'>καὶ</span> <span class='ocrx_word' id='word_1_207' title='bbox 1265 735 1310 761; x_wconf 87' lang='grc' dir='ltr'>ν’ῦν</span> <span class='ocrx_word' id='word_1_208' title='bbox 1329 734 1356 762; x_wconf 74' lang='grc' dir='ltr'><strong>ἐν</strong></span> <span class='ocrx_word' id='word_1_209' title='bbox 1370 737 1445 773; x_wconf 81' lang='grc' dir='ltr'>τιμῇ.</span> <span class='ocrx_word' id='word_1_210' title='bbox 1470 733 1505 764; x_wconf 87' lang='grc' dir='ltr'>Ὁ</span> <span class='ocrx_word' id='word_1_211' title='bbox 1518 734 1616 774; x_wconf 86' lang='grc' dir='ltr'>Κύριος</span> <span class='ocrx_word' id='word_1_212' title='bbox 1634 734 1816 764; x_wconf 51' lang='lat' dir='ltr'><strong>§saonensem</strong></span> 
     </span>
    </p>
   </div>
   <div class='ocr_carea' id='block_1_15' title="bbox 237 776 988 1832">
    <p class='ocr_par' dir='ltr' id='par_1_15' title="bbox 237 776 988 1832">
     <span class='ocr_line' id='line_1_37' title="bbox 237 776 572 816; baseline 0 -11"><span class='ocrx_word' id='word_1_213' title='bbox 237 777 330 812; x_wconf 82' lang='lat' dir='ltr'><strong>batur,</strong></span> <span class='ocrx_word' id='word_1_214' title='bbox 351 776 545 816; x_wconf 74' lang='lat' dir='ltr'><strong>amplectantur</strong></span> <span class='ocrx_word' id='word_1_215' title='bbox 565 788 572 804; x_wconf 89' lang='lat'><strong>:</strong></span> 
     </span>
     <span class='ocr_line' id='line_1_38' title="bbox 239 823 981 865; baseline 0.003 -13"><span class='ocrx_word' id='word_1_216' title='bbox 239 834 322 863; x_wconf 84' lang='lat' dir='ltr'><strong>gnum</strong></span> <span class='ocrx_word' id='word_1_217' title='bbox 336 823 431 853; x_wconf 85' lang='lat' dir='ltr'><strong>mortis</strong></span> <span class='ocrx_word' id='word_1_218' title='bbox 442 823 575 853; x_wconf 83' lang='lat' dir='ltr'><strong>abolitum</strong></span> <span class='ocrx_word' id='word_1_219' title='bbox 589 831 640 861; x_wconf 82' lang='lat' dir='ltr'><strong>est,</strong></span> <span class='ocrx_word' id='word_1_220' title='bbox 656 831 681 854; x_wconf 91' lang='lat' dir='ltr'><strong>et</strong></span> <span class='ocrx_word' id='word_1_221' title='bbox 693 825 792 864; x_wconf 79' lang='lat' dir='ltr'><strong>peccati</strong></span> <span class='ocrx_word' id='word_1_222' title='bbox 805 825 921 865; x_wconf 84' lang='lat' dir='ltr'><strong>potentia</strong></span> <span class='ocrx_word' id='word_1_223' title='bbox 933 825 981 854; x_wconf 86' lang='lat' dir='ltr'><strong>de-</strong></span> 
     </span>
     <span class='ocr_line' id='line_1_39' title="bbox 239 869 982 910; baseline 0.001 -11"><span class='ocrx_word' id='word_1_224' title='bbox 239 877 339 899; x_wconf 81' lang='lat' dir='ltr'><strong>structa</strong></span> <span class='ocrx_word' id='word_1_225' title='bbox 351 877 400 905; x_wconf 86' lang='lat' dir='ltr'><strong>est,</strong></span> <span class='ocrx_word' id='word_1_226' title='bbox 417 877 442 900; x_wconf 84' lang='lat' dir='ltr'><strong>et</strong></span> <span class='ocrx_word' id='word_1_227' title='bbox 458 869 562 900; x_wconf 85' lang='lat' dir='ltr'><strong>diaboli</strong></span> <span class='ocrx_word' id='word_1_228' title='bbox 587 877 702 910; x_wconf 83' lang='lat' dir='ltr'><strong>potestas</strong></span> <span class='ocrx_word' id='word_1_229' title='bbox 715 871 798 900; x_wconf 67' lang='lat' dir='ltr'><strong>fracta</strong></span> <span class='ocrx_word' id='word_1_230' title='bbox 811 879 862 902; x_wconf 76' lang='lat' dir='ltr'><strong>est.</strong></span> <span class='ocrx_word' id='word_1_231' title='bbox 879 874 982 902; x_wconf 76' lang='lat' dir='ltr'><em>Domi-</em></span> 
     </span>
     <span class='ocr_line' id='line_1_40' title="bbox 241 916 984 956; baseline 0.004 -12"><span class='ocrx_word' id='word_1_232' title='bbox 241 927 296 946; x_wconf 80' lang='lat' dir='ltr'><strong>nus</strong></span> <span class='ocrx_word' id='word_1_233' title='bbox 306 918 451 956; x_wconf 77' lang='lat' dir='ltr'><strong>regnavit,</strong></span> <span class='ocrx_word' id='word_1_234' title='bbox 461 916 588 946; x_wconf 78' lang='lat' dir='ltr'><strong>exsultet</strong></span> <span class='ocrx_word' id='word_1_235' title='bbox 602 923 688 946; x_wconf 82' lang='lat' dir='ltr'><strong>terra.</strong></span> <span class='ocrx_word' id='word_1_236' title='bbox 704 917 739 946; x_wconf 89' lang='lat' dir='ltr'><strong>Et</strong></span> <span class='ocrx_word' id='word_1_237' title='bbox 753 917 849 947; x_wconf 83' lang='lat' dir='ltr'><strong>merito</strong></span> <span class='ocrx_word' id='word_1_238' title='bbox 859 928 922 947; x_wconf 82' lang='lat' dir='ltr'><strong>sane</strong></span> <span class='ocrx_word' id='word_1_239' title='bbox 934 928 984 947; x_wconf 84' lang='lat' dir='ltr'><strong>ex-</strong></span> 
     </span>
     <span class='ocr_line' id='line_1_41' title="bbox 240 962 985 1002; baseline 0.004 -11"><span class='ocrx_word' id='word_1_240' title='bbox 240 962 342 992; x_wconf 79' lang='lat' dir='ltr'><strong>sultare</strong></span> <span class='ocrx_word' id='word_1_241' title='bbox 355 962 461 998; x_wconf 84' lang='lat' dir='ltr'><strong>debuit,</strong></span> <span class='ocrx_word' id='word_1_242' title='bbox 474 973 534 1002; x_wconf 82' lang='lat' dir='ltr'><strong>quae</strong></span> <span class='ocrx_word' id='word_1_243' title='bbox 546 962 683 1001; x_wconf 75' lang='lat' dir='ltr'><strong>quondum</strong></span> <span class='ocrx_word' id='word_1_244' title='bbox 697 962 724 991; x_wconf 91' lang='lat' dir='ltr'><strong>in</strong></span> <span class='ocrx_word' id='word_1_245' title='bbox 735 963 892 994; x_wconf 82' lang='lat' dir='ltr'><strong>servitutem</strong></span> <span class='ocrx_word' id='word_1_246' title='bbox 908 964 985 994; x_wconf 80' lang='lat' dir='ltr'><strong>reda-</strong></span> 
     </span>
     <span class='ocr_line' id='line_1_42' title="bbox 240 1009 984 1050; baseline 0.001 -12"><span class='ocrx_word' id='word_1_247' title='bbox 240 1016 293 1046; x_wconf 87' lang='lat' dir='ltr'><strong>cta,</strong></span> <span class='ocrx_word' id='word_1_248' title='bbox 304 1009 361 1048; x_wconf 85' lang='lat' dir='ltr'><strong>jam</strong></span> <span class='ocrx_word' id='word_1_249' title='bbox 371 1009 484 1038; x_wconf 80' lang='lat' dir='ltr'><strong>liberata</strong></span> <span class='ocrx_word' id='word_1_250' title='bbox 490 1016 531 1038; x_wconf 82' lang='lat' dir='ltr'><strong>est</strong></span> <span class='ocrx_word' id='word_1_251' title='bbox 544 1020 550 1036; x_wconf 74' lang='grc' dir='ltr'>ι</span> <span class='ocrx_word' id='word_1_252' title='bbox 562 1020 622 1047; x_wconf 83' lang='lat' dir='ltr'><strong>quae</strong></span> <span class='ocrx_word' id='word_1_253' title='bbox 635 1009 701 1038; x_wconf 88' lang='lat' dir='ltr'><strong>olim</strong></span> <span class='ocrx_word' id='word_1_254' title='bbox 709 1010 821 1046; x_wconf 83' lang='lat' dir='ltr'><strong>erravit,</strong></span> <span class='ocrx_word' id='word_1_255' title='bbox 830 1011 888 1050; x_wconf 87' lang='lat' dir='ltr'><strong>jam</strong></span> <span class='ocrx_word' id='word_1_256' title='bbox 898 1011 984 1050; x_wconf 85' lang='lat' dir='ltr'><strong>gloria</strong></span> 
     </span>
     <span class='ocr_line' id='line_1_43' title="bbox 242 1055 984 1096; baseline 0.004 -12"><span class='ocrx_word' id='word_1_257' title='bbox 242 1055 392 1095; x_wconf 81' lang='lat' dir='ltr'><strong>resplendet</strong></span> <span class='ocrx_word' id='word_1_258' title='bbox 413 1068 420 1084; x_wconf 70' lang='grc' dir='ltr'>ι</span> <span class='ocrx_word' id='word_1_259' title='bbox 442 1066 502 1095; x_wconf 84' lang='lat' dir='ltr'><strong>quae</strong></span> <span class='ocrx_word' id='word_1_260' title='bbox 515 1055 652 1094; x_wconf 79' lang='lat' dir='ltr'><strong>quondam</strong></span> <span class='ocrx_word' id='word_1_261' title='bbox 673 1056 702 1085; x_wconf 89' lang='lat' dir='ltr'><strong>in</strong></span> <span class='ocrx_word' id='word_1_262' title='bbox 725 1056 858 1096; x_wconf 79' lang='lat' dir='ltr'><strong>sepulcris</strong></span> <span class='ocrx_word' id='word_1_263' title='bbox 878 1057 984 1087; x_wconf 73' lang='lat' dir='ltr'><strong>condita</strong></span> 
     </span>
     <span class='ocr_line' id='line_1_44' title="bbox 241 1102 985 1143; baseline 0.004 -12"><span class='ocrx_word' id='word_1_264' title='bbox 241 1102 425 1138; x_wconf 82' lang='lat' dir='ltr'><strong>delitescebat,</strong></span> <span class='ocrx_word' id='word_1_265' title='bbox 434 1113 507 1132; x_wconf 91' lang='lat' dir='ltr'><strong>nunc</strong></span> <span class='ocrx_word' id='word_1_266' title='bbox 517 1103 544 1132; x_wconf 91' lang='lat' dir='ltr'><strong>in</strong></span> <span class='ocrx_word' id='word_1_267' title='bbox 554 1103 622 1132; x_wconf 81' lang='lat' dir='ltr'><strong>solio</strong></span> <span class='ocrx_word' id='word_1_268' title='bbox 629 1103 758 1132; x_wconf 77' lang='lat' dir='ltr'><strong>collocata</strong></span> <span class='ocrx_word' id='word_1_269' title='bbox 765 1110 804 1133; x_wconf 87' lang='lat' dir='ltr'><strong>est</strong></span> <span class='ocrx_word' id='word_1_270' title='bbox 812 1114 886 1142; x_wconf 61' lang='lat' dir='ltr'><strong>:quat</strong></span> <span class='ocrx_word' id='word_1_271' title='bbox 899 1115 985 1143; x_wconf 88' lang='lat' dir='ltr'><strong>quon-</strong></span> 
     </span>
     <span class='ocr_line' id='line_1_45' title="bbox 240 1148 985 1189; baseline 0.004 -12"><span class='ocrx_word' id='word_1_272' title='bbox 240 1148 303 1178; x_wconf 83' lang='lat' dir='ltr'><strong>dam</strong></span> <span class='ocrx_word' id='word_1_273' title='bbox 317 1149 463 1188; x_wconf 83' lang='lat' dir='ltr'><strong>ignominia</strong></span> <span class='ocrx_word' id='word_1_274' title='bbox 477 1159 604 1189; x_wconf 83' lang='lat' dir='ltr'><strong>oppressa</strong></span> <span class='ocrx_word' id='word_1_275' title='bbox 620 1149 736 1189; x_wconf 83' lang='lat' dir='ltr'><strong>jacebat,</strong></span> <span class='ocrx_word' id='word_1_276' title='bbox 748 1159 818 1179; x_wconf 89' lang='lat' dir='ltr'><strong>nunc</strong></span> <span class='ocrx_word' id='word_1_277' title='bbox 831 1150 933 1180; x_wconf 82' lang='lat' dir='ltr'><strong>honore</strong></span> <span class='ocrx_word' id='word_1_278' title='bbox 946 1152 985 1180; x_wconf 83' lang='lat' dir='ltr'><strong>af-</strong></span> 
     </span>
     <span class='ocr_line' id='line_1_46' title="bbox 242 1195 986 1235; baseline 0.004 -11"><span class='ocrx_word' id='word_1_279' title='bbox 242 1195 344 1224; x_wconf 86' lang='lat' dir='ltr'><strong>ficitur.</strong></span> <span class='ocrx_word' id='word_1_280' title='bbox 360 1197 505 1224; x_wconf 83' lang='lat' dir='ltr'><strong>Dominus</strong></span> <span class='ocrx_word' id='word_1_281' title='bbox 515 1197 659 1235; x_wconf 82' lang='lat' dir='ltr'><strong>regnavit.</strong></span> <span class='ocrx_word' id='word_1_282' title='bbox 668 1196 713 1225; x_wconf 89' lang='lat' dir='ltr'><strong>Sic</strong></span> <span class='ocrx_word' id='word_1_283' title='bbox 726 1196 807 1225; x_wconf 83' lang='lat' dir='ltr'><strong>etiam</strong></span> <span class='ocrx_word' id='word_1_284' title='bbox 820 1197 874 1226; x_wconf 88' lang='lat' dir='ltr'><strong>alio</strong></span> <span class='ocrx_word' id='word_1_285' title='bbox 887 1198 915 1227; x_wconf 85' lang='lat' dir='ltr'><strong>in</strong></span> <span class='ocrx_word' id='word_1_286' title='bbox 926 1198 986 1227; x_wconf 86' lang='lat' dir='ltr'><strong>loco</strong></span> 
     </span>
     <span class='ocr_line' id='line_1_47' title="bbox 243 1240 986 1280; baseline 0.005 -11"><span class='ocrx_word' id='word_1_287' title='bbox 243 1240 343 1270; x_wconf 88' lang='lat' dir='ltr'><strong>dicitur</strong></span> <span class='ocrx_word' id='word_1_288' title='bbox 352 1244 472 1280; x_wconf 84' lang='lat' dir='ltr'><strong>(oportet</strong></span> <span class='ocrx_word' id='word_1_289' title='bbox 485 1242 557 1270; x_wconf 87' lang='lat' dir='ltr'><strong>enim</strong></span> <span class='ocrx_word' id='word_1_290' title='bbox 566 1242 709 1270; x_wconf 79' lang='lat' dir='ltr'><strong>sententias</strong></span> <span class='ocrx_word' id='word_1_291' title='bbox 720 1249 906 1272; x_wconf 71' lang='lat' dir='ltr'><strong>eonsenmneas</strong></span> <span class='ocrx_word' id='word_1_292' title='bbox 917 1244 986 1273; x_wconf 85' lang='lat' dir='ltr'><strong>inter</strong></span> 
     </span>
     <span class='ocr_line' id='line_1_48' title="bbox 244 1287 987 1328; baseline 0.007 -13"><span class='ocrx_word' id='word_1_293' title='bbox 244 1298 271 1316; x_wconf 86' lang='lat' dir='ltr'><strong>se</strong></span> <span class='ocrx_word' id='word_1_294' title='bbox 281 1287 308 1315; x_wconf 89' lang='lat' dir='ltr'><strong>in</strong></span> <span class='ocrx_word' id='word_1_295' title='bbox 320 1287 441 1316; x_wconf 87' lang='lat' dir='ltr'><strong>medium</strong></span> <span class='ocrx_word' id='word_1_296' title='bbox 450 1287 561 1324; x_wconf 79' lang='lat' dir='ltr'><strong>afferre)</strong></span> <span class='ocrx_word' id='word_1_297' title='bbox 576 1298 583 1314; x_wconf 75' lang='grc' dir='ltr'>ι</span> <span class='ocrx_word' id='word_1_298' title='bbox 593 1289 740 1317; x_wconf 77' lang='lat' dir='ltr'><strong>Dominus</strong></span> <span class='ocrx_word' id='word_1_299' title='bbox 747 1292 892 1328; x_wconf 74' lang='lat' dir='ltr'><strong>regnavit,</strong></span> <span class='ocrx_word' id='word_1_300' title='bbox 902 1291 973 1320; x_wconf 81' lang='lat' dir='ltr'><strong>deco</strong></span> <span class='ocrx_word' id='word_1_301' title='bbox 980 1309 987 1314; x_wconf 79' lang='lat'>-</span> 
     </span>
     <span class='ocr_line' id='line_1_49' title="bbox 245 1333 985 1374; baseline 0.004 -12"><span class='ocrx_word' id='word_1_302' title='bbox 245 1344 306 1362; x_wconf 86' lang='lat' dir='ltr'><strong>rem</strong></span> <span class='ocrx_word' id='word_1_303' title='bbox 327 1334 447 1362; x_wconf 82' lang='lat' dir='ltr'><strong>indutus</strong></span> <span class='ocrx_word' id='word_1_304' title='bbox 470 1340 524 1362; x_wconf 83' lang='lat' dir='ltr'><strong>est.</strong></span> <span class='ocrx_word' id='word_1_305' title='bbox 538 1334 595 1362; x_wconf 89' lang='lat' dir='ltr'><strong>Nos</strong></span> <span class='ocrx_word' id='word_1_306' title='bbox 605 1340 677 1363; x_wconf 82' lang='lat' dir='ltr'><strong>veste</strong></span> <span class='ocrx_word' id='word_1_307' title='bbox 692 1333 842 1371; x_wconf 84' lang='lat' dir='ltr'><strong>induimur,</strong></span> <span class='ocrx_word' id='word_1_308' title='bbox 858 1342 888 1364; x_wconf 90' lang='lat' dir='ltr'><strong>ut</strong></span> <span class='ocrx_word' id='word_1_309' title='bbox 901 1336 985 1374; x_wconf 77' lang='lat' dir='ltr'><strong>quid——</strong></span> 
     </span>
     <span class='ocr_line' id='line_1_50' title="bbox 243 1379 984 1419; baseline 0.004 -10"><span class='ocrx_word' id='word_1_310' title='bbox 243 1380 311 1419; x_wconf 90' lang='lat' dir='ltr'><strong>quid</strong></span> <span class='ocrx_word' id='word_1_311' title='bbox 322 1387 424 1410; x_wconf 84' lang='lat' dir='ltr'><strong>naturae</strong></span> <span class='ocrx_word' id='word_1_312' title='bbox 437 1387 537 1409; x_wconf 79' lang='lat' dir='ltr'><strong>nostrae</strong></span> <span class='ocrx_word' id='word_1_313' title='bbox 551 1379 640 1409; x_wconf 86' lang='lat' dir='ltr'><strong>minus</strong></span> <span class='ocrx_word' id='word_1_314' title='bbox 658 1380 786 1409; x_wconf 89' lang='lat' dir='ltr'><strong>decorum</strong></span> <span class='ocrx_word' id='word_1_315' title='bbox 798 1388 849 1418; x_wconf 87' lang='lat' dir='ltr'><strong>est,</strong></span> <span class='ocrx_word' id='word_1_316' title='bbox 867 1383 984 1412; x_wconf 82' lang='lat' dir='ltr'><strong>occulte-</strong></span> 
     </span>
     <span class='ocr_line' id='line_1_51' title="bbox 243 1426 985 1466; baseline 0.004 -11"><span class='ocrx_word' id='word_1_317' title='bbox 243 1434 297 1455; x_wconf 90' lang='lat' dir='ltr'><strong>tur.</strong></span> <span class='ocrx_word' id='word_1_318' title='bbox 308 1428 399 1463; x_wconf 84' lang='lat' dir='ltr'><strong>Quare</strong></span> <span class='ocrx_word' id='word_1_319' title='bbox 411 1426 496 1466; x_wconf 83' lang='lat' dir='ltr'><strong>igitur</strong></span> <span class='ocrx_word' id='word_1_320' title='bbox 505 1427 579 1456; x_wconf 82' lang='lat' dir='ltr'><strong>Deus</strong></span> <span class='ocrx_word' id='word_1_321' title='bbox 590 1433 712 1455; x_wconf 85' lang='lat' dir='ltr'><strong>naturam</strong></span> <span class='ocrx_word' id='word_1_322' title='bbox 720 1437 806 1462; x_wconf 81' lang='lat' dir='ltr'><strong>suam,</strong></span> <span class='ocrx_word' id='word_1_323' title='bbox 821 1438 880 1466; x_wconf 80' lang='lat' dir='ltr'><strong>quae</strong></span> <span class='ocrx_word' id='word_1_324' title='bbox 890 1435 915 1458; x_wconf 88' lang='lat' dir='ltr'><strong>et</strong></span> <span class='ocrx_word' id='word_1_325' title='bbox 926 1439 985 1458; x_wconf 88' lang='lat' dir='ltr'><strong>cor·</strong></span> 
     </span>
     <span class='ocr_line' id='line_1_52' title="bbox 242 1472 983 1514; baseline 0.003 -11"><span class='ocrx_word' id='word_1_326' title='bbox 242 1484 308 1513; x_wconf 84' lang='lat' dir='ltr'><strong>pore</strong></span> <span class='ocrx_word' id='word_1_327' title='bbox 321 1480 408 1510; x_wconf 85' lang='lat' dir='ltr'><strong>vacat,</strong></span> <span class='ocrx_word' id='word_1_328' title='bbox 420 1479 446 1502; x_wconf 87' lang='lat' dir='ltr'><strong>et</strong></span> <span class='ocrx_word' id='word_1_329' title='bbox 458 1473 537 1513; x_wconf 82' lang='lat' dir='ltr'><strong>plena</strong></span> <span class='ocrx_word' id='word_1_330' title='bbox 547 1473 616 1502; x_wconf 85' lang='lat' dir='ltr'><strong>lucis</strong></span> <span class='ocrx_word' id='word_1_331' title='bbox 629 1480 678 1508; x_wconf 88' lang='lat' dir='ltr'><strong>est,</strong></span> <span class='ocrx_word' id='word_1_332' title='bbox 692 1473 746 1503; x_wconf 87' lang='lat' dir='ltr'><strong>imo</strong></span> <span class='ocrx_word' id='word_1_333' title='bbox 760 1484 819 1512; x_wconf 83' lang='lat' dir='ltr'><strong>quae</strong></span> <span class='ocrx_word' id='word_1_334' title='bbox 829 1472 892 1514; x_wconf 80' lang='lat' dir='ltr'><strong>plus</strong></span> <span class='ocrx_word' id='word_1_335' title='bbox 904 1486 983 1514; x_wconf 86' lang='lat' dir='ltr'><strong>quam</strong></span> 
     </span>
     <span class='ocr_line' id='line_1_53' title="bbox 243 1518 985 1560; baseline 0.003 -12"><span class='ocrx_word' id='word_1_336' title='bbox 243 1520 290 1548; x_wconf 86' lang='lat' dir='ltr'><strong>lux</strong></span> <span class='ocrx_word' id='word_1_337' title='bbox 310 1526 443 1556; x_wconf 78' lang='lat' dir='ltr'><strong>coruscat,</strong></span> <span class='ocrx_word' id='word_1_338' title='bbox 454 1518 589 1557; x_wconf 73' lang='lat' dir='ltr'><strong>contegit?</strong></span> <span class='ocrx_word' id='word_1_339' title='bbox 599 1518 653 1548; x_wconf 88' lang='lat' dir='ltr'><strong>Sed</strong></span> <span class='ocrx_word' id='word_1_340' title='bbox 662 1519 795 1548; x_wconf 84' lang='lat' dir='ltr'><strong>vocatille</strong></span> <span class='ocrx_word' id='word_1_341' title='bbox 801 1531 898 1560; x_wconf 86' lang='lat' dir='ltr'><strong>corpus</strong></span> <span class='ocrx_word' id='word_1_342' title='bbox 910 1521 985 1550; x_wconf 89' lang='lat' dir='ltr'><strong>Chri-</strong></span> 
     </span>
     <span class='ocr_line' id='line_1_54' title="bbox 242 1565 986 1605; baseline 0.003 -11"><span class='ocrx_word' id='word_1_343' title='bbox 242 1565 274 1594; x_wconf 89' lang='lat' dir='ltr'><strong>sti</strong></span> <span class='ocrx_word' id='word_1_344' title='bbox 290 1571 389 1594; x_wconf 86' lang='lat' dir='ltr'><strong>vestem</strong></span> <span class='ocrx_word' id='word_1_345' title='bbox 410 1575 488 1594; x_wconf 79' lang='lat' dir='ltr'><strong>suam</strong></span> <span class='ocrx_word' id='word_1_346' title='bbox 504 1576 511 1592; x_wconf 77' lang='grc' dir='ltr'>ι</span> <span class='ocrx_word' id='word_1_347' title='bbox 531 1565 673 1593; x_wconf 79' lang='lat' dir='ltr'><strong>Dominus</strong></span> <span class='ocrx_word' id='word_1_348' title='bbox 691 1568 836 1605; x_wconf 79' lang='lat' dir='ltr'><strong>regnavit,</strong></span> <span class='ocrx_word' id='word_1_349' title='bbox 852 1567 986 1596; x_wconf 84' lang='lat' dir='ltr'><strong>decorem</strong></span> 
     </span>
     <span class='ocr_line' id='line_1_55' title="bbox 242 1611 988 1646; baseline 0.005 -6"><span class='ocrx_word' id='word_1_350' title='bbox 242 1612 362 1640; x_wconf 82' lang='lat' dir='ltr'><strong>indutus</strong></span> <span class='ocrx_word' id='word_1_351' title='bbox 372 1617 425 1639; x_wconf 84' lang='lat' dir='ltr'><strong>est.</strong></span> <span class='ocrx_word' id='word_1_352' title='bbox 438 1611 570 1640; x_wconf 72' lang='lat' dir='ltr'><strong>Decor-&#39;em</strong></span> <span class='ocrx_word' id='word_1_353' title='bbox 580 1617 668 1646; x_wconf 86' lang='lat' dir='ltr'><strong>vocat,</strong></span> <span class='ocrx_word' id='word_1_354' title='bbox 682 1621 788 1640; x_wconf 81' lang='lat' dir='ltr'><strong>carnem</strong></span> <span class='ocrx_word' id='word_1_355' title='bbox 797 1612 908 1642; x_wconf 82' lang='lat' dir='ltr'><strong>Christi.</strong></span> <span class='ocrx_word' id='word_1_356' title='bbox 921 1614 988 1644; x_wconf 81' lang='lat' dir='ltr'><strong>Erat</strong></span> 
     </span>
     <span class='ocr_line' id='line_1_56' title="bbox 243 1656 987 1699; baseline 0.005 -13"><span class='ocrx_word' id='word_1_357' title='bbox 243 1658 315 1686; x_wconf 91' lang='lat' dir='ltr'><strong>enim</strong></span> <span class='ocrx_word' id='word_1_358' title='bbox 325 1657 373 1685; x_wconf 87' lang='lat' dir='ltr'><strong>illa</strong></span> <span class='ocrx_word' id='word_1_359' title='bbox 386 1667 448 1686; x_wconf 80' lang='lat' dir='ltr'><strong>sane</strong></span> <span class='ocrx_word' id='word_1_360' title='bbox 460 1656 567 1692; x_wconf 79' lang='lat' dir='ltr'><strong>deeora,</strong></span> <span class='ocrx_word' id='word_1_361' title='bbox 578 1666 627 1684; x_wconf 84' lang='lat' dir='ltr'><strong>nec</strong></span> <span class='ocrx_word' id='word_1_362' title='bbox 641 1656 697 1685; x_wconf 87' lang='lat' dir='ltr'><strong>ulla</strong></span> <span class='ocrx_word' id='word_1_363' title='bbox 707 1658 809 1696; x_wconf 83' lang='lat' dir='ltr'><strong>peccati</strong></span> <span class='ocrx_word' id='word_1_364' title='bbox 818 1659 987 1699; x_wconf 84' lang='lat' dir='ltr'><strong>turpitudine</strong></span> 
     </span>
     <span class='ocr_line' id='line_1_57' title="bbox 242 1702 987 1744; baseline 0.005 -12"><span class='ocrx_word' id='word_1_365' title='bbox 242 1703 321 1733; x_wconf 81' lang='lat' dir='ltr'><strong>foeda.</strong></span> <span class='ocrx_word' id='word_1_366' title='bbox 339 1704 432 1741; x_wconf 89' lang='lat' dir='ltr'><strong>Neque</strong></span> <span class='ocrx_word' id='word_1_367' title='bbox 451 1702 523 1732; x_wconf 86' lang='lat' dir='ltr'><strong>enim</strong></span> <span class='ocrx_word' id='word_1_368' title='bbox 543 1709 680 1741; x_wconf 82' lang='lat' dir='ltr'><strong>peccatum</strong></span> <span class='ocrx_word' id='word_1_369' title='bbox 703 1703 766 1732; x_wconf 79' lang='lat' dir='ltr'><strong>fecit</strong></span> <span class='ocrx_word' id='word_1_370' title='bbox 785 1715 923 1744; x_wconf 86' lang='lat' dir='ltr'><strong>umquam,</strong></span> <span class='ocrx_word' id='word_1_371' title='bbox 939 1717 987 1736; x_wconf 89' lang='lat' dir='ltr'><strong>nec</strong></span> 
     </span>
     <span class='ocr_line' id='line_1_58' title="bbox 243 1748 985 1788; baseline 0.007 -11"><span class='ocrx_word' id='word_1_372' title='bbox 243 1749 366 1778; x_wconf 86' lang='lat' dir='ltr'><strong>inventus</strong></span> <span class='ocrx_word' id='word_1_373' title='bbox 377 1748 502 1778; x_wconf 87' lang='lat' dir='ltr'><strong>estdolus</strong></span> <span class='ocrx_word' id='word_1_374' title='bbox 513 1749 541 1777; x_wconf 82' lang='lat' dir='ltr'><strong>in</strong></span> <span class='ocrx_word' id='word_1_375' title='bbox 554 1758 600 1777; x_wconf 89' lang='lat' dir='ltr'><strong>ore</strong></span> <span class='ocrx_word' id='word_1_376' title='bbox 611 1749 679 1788; x_wconf 86' lang='lat' dir='ltr'><strong>ejus.</strong></span> <span class='ocrx_word' id='word_1_377' title='bbox 694 1750 822 1780; x_wconf 80' lang='lat' dir='ltr'><strong>Indutus</strong></span> <span class='ocrx_word' id='word_1_378' title='bbox 829 1758 873 1780; x_wconf 73' lang='lat' dir='ltr'><strong>est</strong></span> <span class='ocrx_word' id='word_1_379' title='bbox 882 1753 985 1782; x_wconf 86' lang='lat' dir='ltr'><strong>Domi-</strong></span> 
     </span>
     <span class='ocr_line' id='line_1_59' title="bbox 244 1794 987 1832; baseline 0.005 -9"><span class='ocrx_word' id='word_1_380' title='bbox 244 1804 297 1823; x_wconf 80' lang='lat' dir='ltr'><strong>nus</strong></span> <span class='ocrx_word' id='word_1_381' title='bbox 303 1795 453 1830; x_wconf 79' lang='lat' dir='ltr'><strong>virtutem,</strong></span> <span class='ocrx_word' id='word_1_382' title='bbox 467 1799 495 1822; x_wconf 82' lang='lat' dir='ltr'><strong>et</strong></span> <span class='ocrx_word' id='word_1_383' title='bbox 506 1794 662 1832; x_wconf 77' lang='lat' dir='ltr'><strong>praecinxit</strong></span> <span class='ocrx_word' id='word_1_384' title='bbox 676 1795 863 1830; x_wconf 85' lang='lat' dir='ltr'><strong>se.Quonia1n</strong></span> <span class='ocrx_word' id='word_1_385' title='bbox 873 1807 937 1827; x_wconf 81' lang='lat' dir='ltr'><strong>zona</strong></span> <span class='ocrx_word' id='word_1_386' title='bbox 949 1809 987 1828; x_wconf 77' lang='lat' dir='ltr'><strong>ne-</strong></span> 
     </span>
    </p>
   </div>
   <div class='ocr_carea' id='block_1_16' title="bbox 225 1840 986 1882">
    <p class='ocr_par' dir='ltr' id='par_1_16' title="bbox 225 1840 986 1882">
     <span class='ocr_line' id='line_1_60' title="bbox 225 1840 986 1882; baseline 0.009 -15"><span class='ocrx_word' id='word_1_387' title='bbox 225 1850 302 1878; x_wconf 49' lang='lat' dir='ltr'><strong>¹gem</strong></span> <span class='ocrx_word' id='word_1_388' title='bbox 323 1846 446 1875; x_wconf 83' lang='lat' dir='ltr'><strong>exornat,</strong></span> <span class='ocrx_word' id='word_1_389' title='bbox 469 1849 534 1867; x_wconf 80' lang='lat' dir='ltr'><strong>zona</strong></span> <span class='ocrx_word' id='word_1_390' title='bbox 556 1845 646 1868; x_wconf 79' lang='lat' dir='ltr'><strong>autem</strong></span> <span class='ocrx_word' id='word_1_391' title='bbox 671 1846 710 1868; x_wconf 85' lang='lat' dir='ltr'><strong>est</strong></span> <span class='ocrx_word' id='word_1_392' title='bbox 730 1840 863 1870; x_wconf 90' lang='lat' dir='ltr'><strong>indicium</strong></span> <span class='ocrx_word' id='word_1_393' title='bbox 877 1844 947 1882; x_wconf 83' lang='lat' dir='ltr'><strong>regis</strong></span> <span class='ocrx_word' id='word_1_394' title='bbox 960 1852 986 1874; x_wconf 83' lang='lat' dir='ltr'><strong>et</strong></span> 
     </span>
    </p>
   </div>
   <div class='ocr_carea' id='block_1_17' title="bbox 239 1884 987 2432">
    <p class='ocr_par' dir='ltr' id='par_1_17' title="bbox 239 1884 987 2111">
     <span class='ocr_line' id='line_1_61' title="bbox 239 1884 987 1927; baseline 0.008 -13"><span class='ocrx_word' id='word_1_395' title='bbox 239 1885 341 1925; x_wconf 87' lang='lat' dir='ltr'><strong>judicis</strong></span> <span class='ocrx_word' id='word_1_396' title='bbox 356 1896 363 1912; x_wconf 88' lang='lat'>:</span> <span class='ocrx_word' id='word_1_397' title='bbox 380 1884 485 1914; x_wconf 83' lang='lat' dir='ltr'><strong>inducit</strong></span> <span class='ocrx_word' id='word_1_398' title='bbox 507 1884 598 1923; x_wconf 87' lang='lat' dir='ltr'><strong>ipsum</strong></span> <span class='ocrx_word' id='word_1_399' title='bbox 611 1891 637 1913; x_wconf 90' lang='lat' dir='ltr'><strong>et</strong></span> <span class='ocrx_word' id='word_1_400' title='bbox 658 1895 747 1924; x_wconf 78' lang='lat' dir='ltr'><strong>regem</strong></span> <span class='ocrx_word' id='word_1_401' title='bbox 761 1893 786 1915; x_wconf 86' lang='lat' dir='ltr'><strong>et</strong></span> <span class='ocrx_word' id='word_1_402' title='bbox 796 1887 934 1927; x_wconf 77' lang='lat' dir='ltr'><strong>judicem3</strong></span> <span class='ocrx_word' id='word_1_403' title='bbox 949 1891 987 1920; x_wconf 82' lang='lat' dir='ltr'><strong>ait</strong></span> 
     </span>
     <span class='ocr_line' id='line_1_62' title="bbox 241 1930 984 1974; baseline 0.007 -13"><span class='ocrx_word' id='word_1_404' title='bbox 241 1931 314 1961; x_wconf 84' lang='lat' dir='ltr'><strong>enim</strong></span> <span class='ocrx_word' id='word_1_405' title='bbox 324 1931 421 1961; x_wconf 80' lang='lat' dir='ltr'><strong>Isaius:</strong></span> <span class='ocrx_word' id='word_1_406' title='bbox 434 1930 610 1969; x_wconf 78' lang='lat' dir='ltr'><strong>Egredietur</strong></span> <span class='ocrx_word' id='word_1_407' title='bbox 621 1932 709 1970; x_wconf 79' lang='lat' dir='ltr'><strong>virga</strong></span> <span class='ocrx_word' id='word_1_408' title='bbox 721 1933 758 1960; x_wconf 87' lang='lat' dir='ltr'><strong>de</strong></span> <span class='ocrx_word' id='word_1_409' title='bbox 768 1934 868 1962; x_wconf 82' lang='lat' dir='ltr'><strong>radice</strong></span> <span class='ocrx_word' id='word_1_410' title='bbox 881 1937 984 1974; x_wconf 82' lang='lat' dir='ltr'><strong>Jessoe,</strong></span> 
     </span>
     <span class='ocr_line' id='line_1_63' title="bbox 240 1975 985 2017; baseline 0.008 -13"><span class='ocrx_word' id='word_1_411' title='bbox 240 1982 268 2004; x_wconf 86' lang='lat' dir='ltr'><strong>et</strong></span> <span class='ocrx_word' id='word_1_412' title='bbox 265 1975 329 2016; x_wconf 84' lang='lat' dir='ltr'><strong>flos</strong></span> <span class='ocrx_word' id='word_1_413' title='bbox 336 1986 373 2004; x_wconf 77' lang='lat' dir='ltr'><strong>ex</strong></span> <span class='ocrx_word' id='word_1_414' title='bbox 382 1977 446 2014; x_wconf 81' lang='lat' dir='ltr'><strong>ipsa</strong></span> <span class='ocrx_word' id='word_1_415' title='bbox 457 1975 605 2010; x_wconf 77' lang='lat' dir='ltr'><strong>ascendet,</strong></span> <span class='ocrx_word' id='word_1_416' title='bbox 616 1981 644 2004; x_wconf 80' lang='lat' dir='ltr'><strong>ee</strong></span> <span class='ocrx_word' id='word_1_417' title='bbox 650 1978 810 2014; x_wconf 73' lang='lat' dir='ltr'><strong>requiescet</strong></span> <span class='ocrx_word' id='word_1_418' title='bbox 822 1989 908 2017; x_wconf 82' lang='lat' dir='ltr'><strong>super</strong></span> <span class='ocrx_word' id='word_1_419' title='bbox 920 1992 985 2010; x_wconf 85' lang='lat' dir='ltr'><strong>eum</strong></span> 
     </span>
     <span class='ocr_line' id='line_1_64' title="bbox 239 2021 985 2062; baseline 0.009 -12"><span class='ocrx_word' id='word_1_420' title='bbox 239 2021 361 2059; x_wconf 78' lang='lat' dir='ltr'><strong>Spiritus</strong></span> <span class='ocrx_word' id='word_1_421' title='bbox 372 2021 429 2049; x_wconf 84' lang='lat' dir='ltr'><strong>Dei</strong></span> <span class='ocrx_word' id='word_1_422' title='bbox 433 2034 446 2056; x_wconf 90' lang='lat'><strong>,-</strong></span> <span class='ocrx_word' id='word_1_423' title='bbox 462 2026 491 2048; x_wconf 78' lang='lat' dir='ltr'><strong>et</strong></span> <span class='ocrx_word' id='word_1_424' title='bbox 509 2021 564 2049; x_wconf 78' lang='lat' dir='ltr'><strong>erit</strong></span> <span class='ocrx_word' id='word_1_425' title='bbox 579 2022 696 2059; x_wconf 80' lang='lat' dir='ltr'><strong>justitia</strong></span> <span class='ocrx_word' id='word_1_426' title='bbox 712 2024 862 2062; x_wconf 84' lang='lat' dir='ltr'><strong>cingulum</strong></span> <span class='ocrx_word' id='word_1_427' title='bbox 872 2027 985 2056; x_wconf 82' lang='lat' dir='ltr'><strong>lumbo-</strong></span> 
     </span>
     <span class='ocr_line' id='line_1_65' title="bbox 241 2067 900 2111; baseline 0.011 -16"><span class='ocrx_word' id='word_1_428' title='bbox 241 2077 305 2095; x_wconf 85' lang='lat' dir='ltr'><strong>rum</strong></span> <span class='ocrx_word' id='word_1_429' title='bbox 315 2069 388 2107; x_wconf 83' lang='lat' dir='ltr'><strong>ejus,</strong></span> <span class='ocrx_word' id='word_1_430' title='bbox 401 2073 429 2097; x_wconf 81' lang='lat' dir='ltr'><strong>et</strong></span> <span class='ocrx_word' id='word_1_431' title='bbox 430 2067 512 2106; x_wconf 88' lang='lat' dir='ltr'><strong>fides</strong></span> <span class='ocrx_word' id='word_1_432' title='bbox 523 2068 697 2097; x_wconf 80' lang='lat' dir='ltr'><strong>cinctorium</strong></span> <span class='ocrx_word' id='word_1_433' title='bbox 711 2079 814 2100; x_wconf 86' lang='lat' dir='ltr'><strong>renum</strong></span> <span class='ocrx_word' id='word_1_434' title='bbox 827 2073 900 2111; x_wconf 83' lang='lat' dir='ltr'><strong>ejus.</strong></span> 
     </span>
    </p>

    <p class='ocr_par' dir='ltr' id='par_1_18' title="bbox 239 2114 985 2432">
     <span class='ocr_line' id='line_1_66' title="bbox 280 2114 985 2156; baseline 0.01 -11"><span class='ocrx_word' id='word_1_435' title='bbox 280 2117 311 2145; x_wconf 65' lang='lat'><strong>4.</strong></span> <span class='ocrx_word' id='word_1_436' title='bbox 334 2115 423 2155; x_wconf 88' lang='lat' dir='ltr'><strong>Hujus</strong></span> <span class='ocrx_word' id='word_1_437' title='bbox 446 2114 533 2155; x_wconf 87' lang='lat' dir='ltr'><strong>ipsius</strong></span> <span class='ocrx_word' id='word_1_438' title='bbox 557 2115 639 2144; x_wconf 83' lang='lat' dir='ltr'><strong>vestis</strong></span> <span class='ocrx_word' id='word_1_439' title='bbox 666 2116 829 2156; x_wconf 74' lang='lat' dir='ltr'><strong>servatoris,</strong></span> <span class='ocrx_word' id='word_1_440' title='bbox 854 2120 880 2148; x_wconf 92' lang='lat' dir='ltr'><strong>in</strong></span> <span class='ocrx_word' id='word_1_441' title='bbox 906 2131 985 2151; x_wconf 80' lang='lat' dir='ltr'><strong>carne</strong></span> 
     </span>
     <span class='ocr_line' id='line_1_67' title="bbox 239 2161 983 2204; baseline 0.009 -13"><span class='ocrx_word' id='word_1_442' title='bbox 239 2161 312 2198; x_wconf 89' lang='lat' dir='ltr'><strong>dico,</strong></span> <span class='ocrx_word' id='word_1_443' title='bbox 327 2161 453 2190; x_wconf 84' lang='lat' dir='ltr'><strong>latentem</strong></span> <span class='ocrx_word' id='word_1_444' title='bbox 473 2161 590 2200; x_wconf 80' lang='lat' dir='ltr'><strong>figuram</strong></span> <span class='ocrx_word' id='word_1_445' title='bbox 612 2172 667 2200; x_wconf 85' lang='lat' dir='ltr'><strong>prae</strong></span> <span class='ocrx_word' id='word_1_446' title='bbox 691 2173 719 2191; x_wconf 83' lang='lat' dir='ltr'><strong>se</strong></span> <span class='ocrx_word' id='word_1_447' title='bbox 733 2164 796 2193; x_wconf 90' lang='lat' dir='ltr'><strong>tulit</strong></span> <span class='ocrx_word' id='word_1_448' title='bbox 810 2166 931 2204; x_wconf 80' lang='lat' dir='ltr'><strong>pontifex</strong></span> <span class='ocrx_word' id='word_1_449' title='bbox 956 2170 983 2198; x_wconf 92' lang='lat' dir='ltr'><strong>in</strong></span> 
     </span>
     <span class='ocr_line' id='line_1_68' title="bbox 239 2206 983 2248; baseline 0.009 -11"><span class='ocrx_word' id='word_1_450' title='bbox 239 2208 309 2248; x_wconf 86' lang='lat' dir='ltr'><strong>lege.</strong></span> <span class='ocrx_word' id='word_1_451' title='bbox 322 2208 356 2237; x_wconf 84' lang='lat' dir='ltr'><strong>Et</strong></span> <span class='ocrx_word' id='word_1_452' title='bbox 379 2218 443 2236; x_wconf 89' lang='lat' dir='ltr'><strong>vero</strong></span> <span class='ocrx_word' id='word_1_453' title='bbox 464 2206 606 2246; x_wconf 87' lang='lat' dir='ltr'><strong>diligenter</strong></span> <span class='ocrx_word' id='word_1_454' title='bbox 625 2207 745 2245; x_wconf 84' lang='lat' dir='ltr'><strong>adverte,</strong></span> <span class='ocrx_word' id='word_1_455' title='bbox 759 2212 896 2248; x_wconf 87' lang='lat' dir='ltr'><strong>quomodo</strong></span> <span class='ocrx_word' id='word_1_456' title='bbox 923 2225 983 2244; x_wconf 86' lang='lat' dir='ltr'><strong>um-</strong></span> 
     </span>
     <span class='ocr_line' id='line_1_69' title="bbox 239 2252 984 2296; baseline 0.008 -14"><span class='ocrx_word' id='word_1_457' title='bbox 239 2254 295 2282; x_wconf 82' lang='lat' dir='ltr'><strong>brae</strong></span> <span class='ocrx_word' id='word_1_458' title='bbox 308 2254 363 2283; x_wconf 84' lang='lat' dir='ltr'><strong>illae</strong></span> <span class='ocrx_word' id='word_1_459' title='bbox 372 2252 511 2283; x_wconf 79' lang='lat' dir='ltr'><strong>veritatem</strong></span> <span class='ocrx_word' id='word_1_460' title='bbox 527 2252 605 2281; x_wconf 82' lang='lat' dir='ltr'><strong>nobis</strong></span> <span class='ocrx_word' id='word_1_461' title='bbox 623 2254 833 2293; x_wconf 83' lang='lat' dir='ltr'><strong>subindicarent,</strong></span> <span class='ocrx_word' id='word_1_462' title='bbox 849 2261 984 2296; x_wconf 87' lang='lat' dir='ltr'><strong>quomodo</strong></span> 
     </span>
     <span class='ocr_line' id='line_1_70' title="bbox 239 2298 982 2339; baseline 0.009 -11"><span class='ocrx_word' id='word_1_463' title='bbox 239 2300 302 2329; x_wconf 84' lang='lat' dir='ltr'><strong>item</strong></span> <span class='ocrx_word' id='word_1_464' title='bbox 320 2299 479 2339; x_wconf 84' lang='lat' dir='ltr'><strong>evangelicae</strong></span> <span class='ocrx_word' id='word_1_465' title='bbox 495 2298 588 2338; x_wconf 76' lang='lat' dir='ltr'><strong>figurae</strong></span> <span class='ocrx_word' id='word_1_466' title='bbox 607 2299 793 2338; x_wconf 68' lang='lat' dir='ltr'><strong>praeluxerint.</strong></span> <span class='ocrx_word' id='word_1_467' title='bbox 809 2304 917 2334; x_wconf 87' lang='lat' dir='ltr'><strong>Leniter</strong></span> <span class='ocrx_word' id='word_1_468' title='bbox 938 2307 982 2335; x_wconf 92' lang='lat' dir='ltr'><strong>lo-</strong></span> 
     </span>
     <span class='ocr_line' id='line_1_71' title="bbox 239 2344 983 2388; baseline 0.008 -13"><span class='ocrx_word' id='word_1_469' title='bbox 239 2357 318 2385; x_wconf 86' lang='lat' dir='ltr'><strong>quor,</strong></span> <span class='ocrx_word' id='word_1_470' title='bbox 334 2352 360 2375; x_wconf 84' lang='lat' dir='ltr'><strong>et</strong></span> <span class='ocrx_word' id='word_1_471' title='bbox 379 2356 429 2385; x_wconf 89' lang='lat' dir='ltr'><strong>pro</strong></span> <span class='ocrx_word' id='word_1_472' title='bbox 439 2344 516 2375; x_wconf 73' lang='lat' dir='ltr'><strong>virili</strong></span> <span class='ocrx_word' id='word_1_473' title='bbox 529 2355 571 2373; x_wconf 84' lang='lat' dir='ltr'><strong>me</strong></span> <span class='ocrx_word' id='word_1_474' title='bbox 581 2344 747 2384; x_wconf 78' lang='lat' dir='ltr'><strong>simplicium</strong></span> <span class='ocrx_word' id='word_1_475' title='bbox 758 2354 783 2376; x_wconf 88' lang='lat' dir='ltr'><strong>et</strong></span> <span class='ocrx_word' id='word_1_476' title='bbox 798 2348 983 2388; x_wconf 88' lang='lat' dir='ltr'><strong>imperitorum</strong></span> 
     </span>
     <span class='ocr_line' id='line_1_72' title="bbox 240 2390 984 2432; baseline 0.007 -10"><span class='ocrx_word' id='word_1_477' title='bbox 240 2393 331 2432; x_wconf 79' lang='lat' dir='ltr'><strong>captui</strong></span> <span class='ocrx_word' id='word_1_478' title='bbox 341 2390 524 2428; x_wconf 83' lang='lat' dir='ltr'><strong>accommodo,</strong></span> <span class='ocrx_word' id='word_1_479' title='bbox 537 2402 571 2420; x_wconf 90' lang='lat' dir='ltr'><strong>ne</strong></span> <span class='ocrx_word' id='word_1_480' title='bbox 584 2391 627 2420; x_wconf 87' lang='lat' dir='ltr'><strong>illi</strong></span> <span class='ocrx_word' id='word_1_481' title='bbox 636 2391 689 2422; x_wconf 86' lang='lat' dir='ltr'><strong>huc</strong></span> <span class='ocrx_word' id='word_1_482' title='bbox 701 2393 746 2421; x_wconf 87' lang='lat' dir='ltr'><strong>vel</strong></span> <span class='ocrx_word' id='word_1_483' title='bbox 755 2393 822 2423; x_wconf 89' lang='lat' dir='ltr'><strong>illuc</strong></span> <span class='ocrx_word' id='word_1_484' title='bbox 833 2397 984 2427; x_wconf 85' lang='lat' dir='ltr'><strong>circumdu-</strong></span> 
     </span>
    </p>
   </div>
   <div class='ocr_carea' id='block_1_18' title="bbox 240 2487 999 2599">
    <p class='ocr_par' dir='ltr' id='par_1_19' title="bbox 240 2487 999 2599">
     <span class='ocr_line' id='line_1_73' title="bbox 272 2487 999 2525; baseline 0 -10"><span class='ocrx_word' id='word_1_485' title='bbox 272 2498 282 2508; x_wconf 53' lang='grc' dir='ltr'>υ</span> <span class='ocrx_word' id='word_1_486' title='bbox 301 2489 343 2515; x_wconf 80' lang='lat' dir='ltr'><strong>sic</strong></span> <span class='ocrx_word' id='word_1_487' title='bbox 355 2487 439 2520; x_wconf 65' lang='lat' dir='ltr'><strong>Edid,</strong></span> <span class='ocrx_word' id='word_1_488' title='bbox 452 2493 535 2519; x_wconf 81' lang='lat' dir='ltr'><strong>recte,</strong></span> <span class='ocrx_word' id='word_1_489' title='bbox 550 2493 577 2512; x_wconf 87' lang='lat' dir='ltr'><strong>ut</strong></span> <span class='ocrx_word' id='word_1_490' title='bbox 588 2487 697 2513; x_wconf 82' lang='lat' dir='ltr'><strong>videtur.</strong></span> <span class='ocrx_word' id='word_1_491' title='bbox 711 2489 774 2515; x_wconf 80' lang='lat' dir='ltr'><strong>Tres</strong></span> <span class='ocrx_word' id='word_1_492' title='bbox 792 2490 849 2516; x_wconf 85' lang='lat' dir='ltr'><strong>Mss.</strong></span> <span class='ocrx_word' id='word_1_493' title='bbox 869 2496 958 2525; x_wconf 60' lang='grc' dir='ltr'>μᾶλλην</span> <span class='ocrx_word' id='word_1_494' title='bbox 976 2498 999 2520; x_wconf 61' lang='grc' dir='ltr'><strong>δὲ</strong></span> 
     </span>
     <span class='ocr_line' id='line_1_74' title="bbox 240 2532 512 2563; baseline -0.011 -9"><span class='ocrx_word' id='word_1_495' title='bbox 240 2537 284 2562; x_wconf 61' lang='grc' dir='ltr'><strong>φώς</strong></span> <span class='ocrx_word' id='word_1_496' title='bbox 297 2532 512 2563; x_wconf 73' lang='grc' dir='ltr'>ἀπαστράπτουσαν.</span> 
     </span>
     <span class='ocr_line' id='line_1_75' title="bbox 280 2565 998 2599; baseline 0.013 -10"><span class='ocrx_word' id='word_1_497' title='bbox 280 2571 293 2589; x_wconf 67' lang='lat'><strong>12</strong></span> <span class='ocrx_word' id='word_1_498' title='bbox 303 2568 358 2592; x_wconf 87' lang='lat' dir='ltr'><strong>Duo</strong></span> <span class='ocrx_word' id='word_1_499' title='bbox 370 2567 428 2591; x_wconf 85' lang='lat' dir='ltr'><strong>Mss.</strong></span> <span class='ocrx_word' id='word_1_500' title='bbox 443 2568 538 2598; x_wconf 73' lang='grc' dir='ltr'>ἑνῑύετο,</span> <span class='ocrx_word' id='word_1_501' title='bbox 551 2575 613 2591; x_wconf 85' lang='lat' dir='ltr'><strong>unus</strong></span> <span class='ocrx_word' id='word_1_502' title='bbox 625 2565 697 2591; x_wconf 70' lang='lat' dir='ltr'><strong>addit</strong></span> <span class='ocrx_word' id='word_1_503' title='bbox 715 2571 794 2593; x_wconf 58' lang='grc' dir='ltr'>τοίνυν.</span> <span class='ocrx_word' id='word_1_504' title='bbox 809 2568 876 2595; x_wconf 87' lang='lat' dir='ltr'><strong>Edit.</strong></span> <span class='ocrx_word' id='word_1_505' title='bbox 893 2574 998 2599; x_wconf 71' lang='grc' dir='ltr'>ἐνεῧὺετο.</span> 
     </span>
    </p>
   </div>
   <div class='ocr_carea' id='block_1_19' title="bbox 596 775 1813 820">
    <p class='ocr_par' dir='ltr' id='par_1_20' title="bbox 596 775 1813 820">
     <span class='ocr_line' id='line_1_76' title="bbox 596 775 1813 820; baseline 0.003 -14"><span class='ocrx_word' id='word_1_506' title='bbox 596 777 740 807; x_wconf 84' lang='lat' dir='ltr'><strong>Dominus</strong></span> <span class='ocrx_word' id='word_1_507' title='bbox 758 781 901 818; x_wconf 78' lang='lat' dir='ltr'><strong>regnavit.</strong></span> <span class='ocrx_word' id='word_1_508' title='bbox 926 780 980 808; x_wconf 82' lang='lat' dir='ltr'><strong>Re·</strong></span> <span class='ocrx_word' id='word_1_509' title='bbox 1001 776 1019 798; x_wconf 70' lang='grc' dir='ltr'>Α</span> <span class='ocrx_word' id='word_1_510' title='bbox 1038 775 1118 806; x_wconf 77' lang='grc' dir='ltr'>Οὕτω</span> <span class='ocrx_word' id='word_1_511' title='bbox 1130 777 1174 806; x_wconf 84' lang='grc' dir='ltr'><strong>καὶ</strong></span> <span class='ocrx_word' id='word_1_512' title='bbox 1191 779 1310 818; x_wconf 80' lang='grc' dir='ltr'>ἀλλαχοῦ</span> <span class='ocrx_word' id='word_1_513' title='bbox 1323 779 1427 819; x_wconf 82' lang='grc' dir='ltr'>λέγεται</span> <span class='ocrx_word' id='word_1_514' title='bbox 1456 780 1465 819; x_wconf 93' lang='grc'>(</span> <span class='ocrx_word' id='word_1_515' title='bbox 1477 781 1515 809; x_wconf 85' lang='grc' dir='ltr'><strong>δεῖ</strong></span> <span class='ocrx_word' id='word_1_516' title='bbox 1525 779 1576 820; x_wconf 73' lang='grc' dir='ltr'><strong>γὰρ</strong></span> <span class='ocrx_word' id='word_1_517' title='bbox 1587 780 1621 809; x_wconf 83' lang='grc' dir='ltr'><strong>τὰ</strong></span> <span class='ocrx_word' id='word_1_518' title='bbox 1634 783 1746 820; x_wconf 75' lang='grc' dir='ltr'>συγγενῆ</span> <span class='ocrx_word' id='word_1_519' title='bbox 1760 782 1813 809; x_wconf 76' lang='grc' dir='ltr'><strong>τῶν</strong></span> 
     </span>
    </p>
   </div>
   <div class='ocr_carea' id='block_1_20' title="bbox 1037 823 1820 1649">
    <p class='ocr_par' dir='ltr' id='par_1_21' title="bbox 1037 823 1820 1649">
     <span class='ocr_line' id='line_1_77' title="bbox 1037 823 1814 866; baseline 0.006 -15"><span class='ocrx_word' id='word_1_520' title='bbox 1037 823 1176 861; x_wconf 81' lang='grc' dir='ltr'>νοημάτων</span> <span class='ocrx_word' id='word_1_521' title='bbox 1190 825 1319 864; x_wconf 76' lang='grc' dir='ltr'>παράγειν</span> <span class='ocrx_word' id='word_1_522' title='bbox 1329 825 1348 864; x_wconf 90' lang='lat'><strong>)·</strong></span> <span class='ocrx_word' id='word_1_523' title='bbox 1363 825 1398 855; x_wconf 66' lang='grc' dir='ltr'><strong>εΟ</strong></span> <span class='ocrx_word' id='word_1_524' title='bbox 1410 825 1505 866; x_wconf 84' lang='grc' dir='ltr'>Κύριος</span> <span class='ocrx_word' id='word_1_525' title='bbox 1516 826 1685 856; x_wconf 78' lang='grc' dir='ltr'>ἐὸασίλευσεν</span> <span class='ocrx_word' id='word_1_526' title='bbox 1693 850 1700 862; x_wconf 93' lang='grc'>,</span> <span class='ocrx_word' id='word_1_527' title='bbox 1715 827 1814 866; x_wconf 81' lang='grc' dir='ltr'>εὐπρέ-</span> 
     </span>
     <span class='ocr_line' id='line_1_78' title="bbox 1039 870 1812 911; baseline 0.005 -13"><span class='ocrx_word' id='word_1_528' title='bbox 1039 881 1115 898; x_wconf 82' lang='grc' dir='ltr'>πειαν</span> <span class='ocrx_word' id='word_1_529' title='bbox 1140 870 1288 900; x_wconf 80' lang='grc' dir='ltr'>ἐνεδύσατο.</span> <span class='ocrx_word' id='word_1_530' title='bbox 1307 870 1402 910; x_wconf 83' lang='grc' dir='ltr'>Ἡμεῖς</span> <span class='ocrx_word' id='word_1_531' title='bbox 1417 872 1560 911; x_wconf 73' lang='grc' dir='ltr'>ἐνδυόμεθα</span> <span class='ocrx_word' id='word_1_532' title='bbox 1582 872 1676 906; x_wconf 80' lang='grc' dir='ltr'>ἔξωθεν</span> <span class='ocrx_word' id='word_1_533' title='bbox 1689 872 1812 911; x_wconf 74' lang='grc' dir='ltr'>ἱμάτιον,</span> 
     </span>
     <span class='ocr_line' id='line_1_79' title="bbox 1038 914 1812 958; baseline 0.006 -14"><span class='ocrx_word' id='word_1_534' title='bbox 1038 914 1082 944; x_wconf 70' lang='grc' dir='ltr'><strong>ἵνα</strong></span> <span class='ocrx_word' id='word_1_535' title='bbox 1095 916 1125 945; x_wconf 83' lang='grc' dir='ltr'><strong>τὸ</strong></span> <span class='ocrx_word' id='word_1_536' title='bbox 1137 916 1255 956; x_wconf 76' lang='grc' dir='ltr'>ἀπρεπὲς</span> <span class='ocrx_word' id='word_1_537' title='bbox 1268 920 1316 954; x_wconf 76' lang='grc' dir='ltr'><strong>τῆς</strong></span> <span class='ocrx_word' id='word_1_538' title='bbox 1329 918 1432 958; x_wconf 78' lang='grc' dir='ltr'>φύσεως</span> <span class='ocrx_word' id='word_1_539' title='bbox 1445 919 1614 958; x_wconf 80' lang='grc' dir='ltr'>καλύψωμεν.</span> <span class='ocrx_word' id='word_1_540' title='bbox 1637 918 1671 948; x_wconf 91' lang='grc' dir='ltr'>Ὁ</span> <span class='ocrx_word' id='word_1_541' title='bbox 1683 919 1711 948; x_wconf 81' lang='grc' dir='ltr'><strong>δὲ</strong></span> <span class='ocrx_word' id='word_1_542' title='bbox 1728 919 1812 954; x_wconf 78' lang='grc' dir='ltr'>Θεὸς,</span> 
     </span>
     <span class='ocr_line' id='line_1_80' title="bbox 1039 961 1815 1005; baseline 0.005 -15"><span class='ocrx_word' id='word_1_543' title='bbox 1039 961 1082 990; x_wconf 78' lang='grc' dir='ltr'><strong>ἵνα</strong></span> <span class='ocrx_word' id='word_1_544' title='bbox 1091 962 1117 991; x_wconf 88' lang='grc' dir='ltr'><strong>τί</strong></span> <span class='ocrx_word' id='word_1_545' title='bbox 1131 962 1238 1003; x_wconf 77' lang='grc' dir='ltr'>καλύψῃ</span> <span class='ocrx_word' id='word_1_546' title='bbox 1247 963 1295 999; x_wconf 84' lang='grc' dir='ltr'><strong>τὴν</strong></span> <span class='ocrx_word' id='word_1_547' title='bbox 1310 964 1450 1003; x_wconf 81' lang='grc' dir='ltr'>ἀσώματον</span> <span class='ocrx_word' id='word_1_548' title='bbox 1458 965 1545 1005; x_wconf 82' lang='grc' dir='ltr'>φύσιν,</span> <span class='ocrx_word' id='word_1_549' title='bbox 1559 965 1608 1001; x_wconf 81' lang='grc' dir='ltr'><strong>τὴν</strong></span> <span class='ocrx_word' id='word_1_550' title='bbox 1623 965 1708 1004; x_wconf 84' lang='grc' dir='ltr'>φωτὸς</span> <span class='ocrx_word' id='word_1_551' title='bbox 1718 965 1815 1005; x_wconf 77' lang='grc' dir='ltr'>γέμου-</span> 
     </span>
     <span class='ocr_line' id='line_1_81' title="bbox 1041 1009 1816 1051; baseline 0.005 -15"><span class='ocrx_word' id='word_1_552' title='bbox 1041 1019 1088 1037; x_wconf 87' lang='grc' dir='ltr'><strong>σαν</strong></span> <span class='ocrx_word' id='word_1_553' title='bbox 1097 1031 1105 1044; x_wconf 96' lang='grc'>,</span> <span class='ocrx_word' id='word_1_554' title='bbox 1119 1011 1130 1024; x_wconf 82' lang='grc'><em>“</em></span> <span class='ocrx_word' id='word_1_555' title='bbox 1149 1010 1250 1047; x_wconf 71' lang='grc' dir='ltr'>μᾶλλον</span> <span class='ocrx_word' id='word_1_556' title='bbox 1263 1009 1291 1039; x_wconf 81' lang='grc' dir='ltr'><strong>δὲ</strong></span> <span class='ocrx_word' id='word_1_557' title='bbox 1305 1010 1390 1050; x_wconf 79' lang='grc' dir='ltr'>φωτὸς</span> <span class='ocrx_word' id='word_1_558' title='bbox 1404 1011 1657 1051; x_wconf 74' lang='grc' dir='ltr'>ἀπαστράπτουσανς</span> <span class='ocrx_word' id='word_1_559' title='bbox 1671 1011 1751 1040; x_wconf 79' lang='grc' dir='ltr'>Ἀλλὰ</span> <span class='ocrx_word' id='word_1_560' title='bbox 1764 1023 1816 1040; x_wconf 78' lang='grc' dir='ltr'>κα-</span> 
     </span>
     <span class='ocr_line' id='line_1_82' title="bbox 1041 1054 1815 1097; baseline 0.005 -15"><span class='ocrx_word' id='word_1_561' title='bbox 1041 1055 1082 1082; x_wconf 88' lang='grc' dir='ltr'><strong>λεῖ</strong></span> <span class='ocrx_word' id='word_1_562' title='bbox 1095 1054 1193 1093; x_wconf 83' lang='grc' dir='ltr'>ἔνδυμα</span> <span class='ocrx_word' id='word_1_563' title='bbox 1201 1055 1267 1084; x_wconf 81' lang='grc' dir='ltr'>αὐτὸ</span> <span class='ocrx_word' id='word_1_564' title='bbox 1278 1056 1310 1085; x_wconf 84' lang='grc' dir='ltr'><strong>τὸ</strong></span> <span class='ocrx_word' id='word_1_565' title='bbox 1316 1058 1395 1096; x_wconf 80' lang='grc' dir='ltr'>σῶμα</span> <span class='ocrx_word' id='word_1_566' title='bbox 1403 1059 1448 1086; x_wconf 80' lang='grc' dir='ltr'>τοῦ</span> <span class='ocrx_word' id='word_1_567' title='bbox 1457 1058 1572 1096; x_wconf 78' lang='grc' dir='ltr'>Χριστοῦ</span> <span class='ocrx_word' id='word_1_568' title='bbox 1580 1069 1586 1075; x_wconf 89' lang='grc'><em>·</em></span> <span class='ocrx_word' id='word_1_569' title='bbox 1599 1057 1634 1087; x_wconf 81' lang='lat' dir='ltr'><strong>‘O</strong></span> <span class='ocrx_word' id='word_1_570' title='bbox 1647 1057 1743 1097; x_wconf 66' lang='grc' dir='ltr'>Κύριος</span> <span class='ocrx_word' id='word_1_571' title='bbox 1753 1057 1815 1086; x_wconf 59' lang='lat' dir='ltr'><strong>&amp;Su-</strong></span> 
     </span>
     <span class='ocr_line' id='line_1_83' title="bbox 1040 1099 1815 1141; baseline 0.004 -13"><span class='ocrx_word' id='word_1_572' title='bbox 1040 1099 1158 1129; x_wconf 87' lang='grc' dir='ltr'>σίλευσεν</span> <span class='ocrx_word' id='word_1_573' title='bbox 1170 1123 1180 1135; x_wconf 89' lang='grc'>,</span> <span class='ocrx_word' id='word_1_574' title='bbox 1204 1101 1361 1140; x_wconf 69' lang='grc' dir='ltr'>εὐπρέπειαν</span> <span class='ocrx_word' id='word_1_575' title='bbox 1380 1103 1527 1134; x_wconf 73' lang='grc' dir='ltr'>ἐνεδύσατο.</span> <span class='ocrx_word' id='word_1_576' title='bbox 1551 1103 1718 1141; x_wconf 73' lang='grc' dir='ltr'>Εὔπρέπειαν</span> <span class='ocrx_word' id='word_1_577' title='bbox 1740 1104 1815 1132; x_wconf 78' lang='grc' dir='ltr'>καλεῖ</span> 
     </span>
     <span class='ocr_line' id='line_1_84' title="bbox 1039 1144 1820 1189; baseline 0.003 -15"><span class='ocrx_word' id='word_1_578' title='bbox 1039 1144 1087 1180; x_wconf 88' lang='grc' dir='ltr'><strong>τὴν</strong></span> <span class='ocrx_word' id='word_1_579' title='bbox 1102 1145 1188 1186; x_wconf 75' lang='grc' dir='ltr'>σάρκα</span> <span class='ocrx_word' id='word_1_580' title='bbox 1200 1150 1247 1176; x_wconf 77' lang='grc' dir='ltr'>τοῦ</span> <span class='ocrx_word' id='word_1_581' title='bbox 1256 1147 1381 1187; x_wconf 75' lang='grc' dir='ltr'>Χριστοῦ.</span> <span class='ocrx_word' id='word_1_582' title='bbox 1393 1149 1535 1188; x_wconf 72' lang='grc' dir='ltr'>Εὕπρεπὴς</span> <span class='ocrx_word' id='word_1_583' title='bbox 1546 1149 1598 1189; x_wconf 79' lang='grc' dir='ltr'><strong>γὰρ</strong></span> <span class='ocrx_word' id='word_1_584' title='bbox 1607 1145 1650 1186; x_wconf 72' lang='grc' dir='ltr'><strong>ἦν,</strong></span> <span class='ocrx_word' id='word_1_585' title='bbox 1660 1150 1708 1179; x_wconf 73' lang='grc' dir='ltr'>οὐκ</span> <span class='ocrx_word' id='word_1_586' title='bbox 1717 1149 1820 1188; x_wconf 41' lang='grc' dir='ltr'>ἔχουσαν.</span> 
     </span>
     <span class='ocr_line' id='line_1_85' title="bbox 1040 1187 1818 1236; baseline 0.008 -16"><span class='ocrx_word' id='word_1_587' title='bbox 1040 1187 1131 1231; x_wconf 72' lang='grc' dir='ltr'>αἶσχος</span> <span class='ocrx_word' id='word_1_588' title='bbox 1142 1193 1281 1232; x_wconf 79' lang='grc' dir='ltr'>ἁμαρτίας.</span> <span class='ocrx_word' id='word_1_589' title='bbox 1294 1193 1437 1234; x_wconf 76' lang='grc' dir='ltr'>Ἁμαρτίαν</span> <span class='ocrx_word' id='word_1_590' title='bbox 1449 1195 1503 1236; x_wconf 84' lang='grc' dir='ltr'><strong>γὰρ</strong></span> <span class='ocrx_word' id='word_1_591' title='bbox 1514 1197 1561 1226; x_wconf 79' lang='grc' dir='ltr'>οὐκ</span> <span class='ocrx_word' id='word_1_592' title='bbox 1575 1195 1684 1232; x_wconf 78' lang='grc' dir='ltr'>ἐποίησε</span> <span class='ocrx_word' id='word_1_593' title='bbox 1698 1195 1818 1226; x_wconf 66' lang='grc' dir='ltr'>πώποτε,-</span> 
     </span>
     <span class='ocr_line' id='line_1_86' title="bbox 1041 1238 1816 1281; baseline 0.005 -14"><span class='ocrx_word' id='word_1_594' title='bbox 1041 1238 1099 1267; x_wconf 78' lang='grc' dir='ltr'>οὖδὲ</span> <span class='ocrx_word' id='word_1_595' title='bbox 1113 1238 1210 1277; x_wconf 79' lang='grc' dir='ltr'>ηὑρέθη</span> <span class='ocrx_word' id='word_1_596' title='bbox 1229 1239 1303 1273; x_wconf 86' lang='grc' dir='ltr'>δόλος</span> <span class='ocrx_word' id='word_1_597' title='bbox 1318 1241 1345 1269; x_wconf 82' lang='grc' dir='ltr'><strong>ἐν</strong></span> <span class='ocrx_word' id='word_1_598' title='bbox 1358 1242 1396 1281; x_wconf 81' lang='grc' dir='ltr'><strong>τῷ</strong></span> <span class='ocrx_word' id='word_1_599' title='bbox 1411 1243 1524 1280; x_wconf 82' lang='grc' dir='ltr'>στόματι</span> <span class='ocrx_word' id='word_1_600' title='bbox 1546 1243 1635 1272; x_wconf 79' lang='grc' dir='ltr'>αὐτοῦ.</span> <span class='ocrx_word' id='word_1_601' title='bbox 1656 1241 1816 1272; x_wconf 76' lang='grc' dir='ltr'>Ἐνεδύσατο</span> 
     </span>
     <span class='ocr_line' id='line_1_87' title="bbox 1042 1284 1816 1327; baseline 0.005 -14"><span class='ocrx_word' id='word_1_602' title='bbox 1042 1284 1137 1323; x_wconf 84' lang='grc' dir='ltr'>Κύριος</span> <span class='ocrx_word' id='word_1_603' title='bbox 1152 1285 1261 1324; x_wconf 84' lang='grc' dir='ltr'>δύναμιν</span> <span class='ocrx_word' id='word_1_604' title='bbox 1271 1298 1277 1304; x_wconf 89' lang='grc'><strong><em>·</em></strong></span> <span class='ocrx_word' id='word_1_605' title='bbox 1292 1286 1337 1315; x_wconf 82' lang='grc' dir='ltr'><strong>καὶ</strong></span> <span class='ocrx_word' id='word_1_606' title='bbox 1350 1288 1538 1327; x_wconf 82' lang='grc' dir='ltr'>περιεζώσατο.</span> <span class='ocrx_word' id='word_1_607' title='bbox 1553 1288 1664 1324; x_wconf 73' lang='grc' dir='ltr'>Ἐπειδὴ</span> <span class='ocrx_word' id='word_1_608' title='bbox 1678 1289 1724 1318; x_wconf 77' lang='grc' dir='ltr'><strong>τὸν</strong></span> <span class='ocrx_word' id='word_1_609' title='bbox 1737 1290 1816 1327; x_wconf 82' lang='grc' dir='ltr'>βασι-</span> 
     </span>
     <span class='ocr_line' id='line_1_88' title="bbox 1041 1329 1815 1374; baseline 0.008 -16"><span class='ocrx_word' id='word_1_610' title='bbox 1041 1329 1089 1359; x_wconf 82' lang='grc' dir='ltr'><strong>λέα</strong></span> <span class='ocrx_word' id='word_1_611' title='bbox 1100 1330 1168 1366; x_wconf 83' lang='grc' dir='ltr'>ζώνη</span> <span class='ocrx_word' id='word_1_612' title='bbox 1181 1336 1291 1370; x_wconf 82' lang='grc' dir='ltr'>κοσμεῖ,</span> <span class='ocrx_word' id='word_1_613' title='bbox 1305 1333 1362 1362; x_wconf 84' lang='grc' dir='ltr'>ἔστι</span> <span class='ocrx_word' id='word_1_614' title='bbox 1376 1333 1404 1362; x_wconf 78' lang='grc' dir='ltr'><strong>δὲ</strong></span> <span class='ocrx_word' id='word_1_615' title='bbox 1417 1336 1435 1369; x_wconf 84' lang='grc' dir='ltr'>ἡ</span> <span class='ocrx_word' id='word_1_616' title='bbox 1447 1334 1515 1369; x_wconf 88' lang='grc' dir='ltr'>ζώνη</span> <span class='ocrx_word' id='word_1_617' title='bbox 1529 1334 1657 1374; x_wconf 80' lang='grc' dir='ltr'>βασιλέως</span> <span class='ocrx_word' id='word_1_618' title='bbox 1668 1334 1815 1374; x_wconf 77' lang='grc' dir='ltr'>γνώρισμα,</span> 
     </span>
     <span class='ocr_line' id='line_1_89' title="bbox 1041 1376 1815 1420; baseline 0.005 -16"><span class='ocrx_word' id='word_1_619' title='bbox 1041 1376 1086 1405; x_wconf 80' lang='grc' dir='ltr'>καὶ</span> <span class='ocrx_word' id='word_1_620' title='bbox 1100 1380 1204 1416; x_wconf 76' lang='grc' dir='ltr'>κριτοῦ·</span> <span class='ocrx_word' id='word_1_621' title='bbox 1226 1378 1326 1417; x_wconf 81' lang='grc' dir='ltr'>εἰσάγει</span> <span class='ocrx_word' id='word_1_622' title='bbox 1339 1379 1419 1408; x_wconf 77' lang='grc' dir='ltr'>αὐτὸν</span> <span class='ocrx_word' id='word_1_623' title='bbox 1430 1379 1475 1409; x_wconf 75' lang='grc' dir='ltr'><strong>καὶ</strong></span> <span class='ocrx_word' id='word_1_624' title='bbox 1489 1380 1675 1419; x_wconf 85' lang='grc' dir='ltr'>βασιλεύοντα,</span> <span class='ocrx_word' id='word_1_625' title='bbox 1698 1380 1743 1410; x_wconf 76' lang='grc' dir='ltr'><strong>καὶ</strong></span> <span class='ocrx_word' id='word_1_626' title='bbox 1754 1380 1815 1420; x_wconf 85' lang='grc' dir='ltr'>κρί-</span> 
     </span>
     <span class='ocr_line' id='line_1_90' title="bbox 1041 1422 1816 1465; baseline 0.008 -15"><span class='ocrx_word' id='word_1_627' title='bbox 1041 1434 1131 1451; x_wconf 83' lang='grc' dir='ltr'>νοντα·</span> <span class='ocrx_word' id='word_1_628' title='bbox 1146 1422 1217 1462; x_wconf 86' lang='grc' dir='ltr'>λέγει</span> <span class='ocrx_word' id='word_1_629' title='bbox 1230 1423 1282 1463; x_wconf 79' lang='grc' dir='ltr'><strong>γὰρ</strong></span> <span class='ocrx_word' id='word_1_630' title='bbox 1293 1423 1405 1458; x_wconf 78' lang='grc' dir='ltr'>Ἡσαΐας</span> <span class='ocrx_word' id='word_1_631' title='bbox 1413 1437 1419 1443; x_wconf 92' lang='grc'><strong><em>·</em></strong></span> <span class='ocrx_word' id='word_1_632' title='bbox 1433 1425 1615 1459; x_wconf 82' lang='grc' dir='ltr'>Ἐξελεύσεται</span> <span class='ocrx_word' id='word_1_633' title='bbox 1628 1426 1721 1465; x_wconf 71' lang='grc' dir='ltr'>ῥᾶὂδος</span> <span class='ocrx_word' id='word_1_634' title='bbox 1730 1428 1760 1455; x_wconf 82' lang='grc' dir='ltr'><strong>ἐκ</strong></span> <span class='ocrx_word' id='word_1_635' title='bbox 1768 1428 1816 1461; x_wconf 77' lang='grc' dir='ltr'><strong>τῆς</strong></span> 
     </span>
     <span class='ocr_line' id='line_1_91' title="bbox 1042 1468 1815 1508; baseline 0.004 -11"><span class='ocrx_word' id='word_1_636' title='bbox 1042 1468 1114 1507; x_wconf 85' lang='grc' dir='ltr'>ῥίζης</span> <span class='ocrx_word' id='word_1_637' title='bbox 1127 1469 1238 1505; x_wconf 85' lang='grc' dir='ltr'>Ἰεσσαὶ,</span> <span class='ocrx_word' id='word_1_638' title='bbox 1262 1470 1307 1499; x_wconf 79' lang='grc' dir='ltr'>καὶ</span> <span class='ocrx_word' id='word_1_639' title='bbox 1321 1470 1395 1504; x_wconf 79' lang='grc' dir='ltr'>ἄνθος</span> <span class='ocrx_word' id='word_1_640' title='bbox 1419 1471 1446 1505; x_wconf 80' lang='grc' dir='ltr'><strong>ἐξ</strong></span> <span class='ocrx_word' id='word_1_641' title='bbox 1469 1474 1550 1507; x_wconf 77' lang='grc' dir='ltr'>αὐτῆς</span> <span class='ocrx_word' id='word_1_642' title='bbox 1575 1472 1751 1508; x_wconf 67' lang='grc' dir='ltr'>ἀναδήσεται,</span> <span class='ocrx_word' id='word_1_643' title='bbox 1770 1473 1815 1501; x_wconf 81' lang='grc' dir='ltr'><strong>καὶ</strong></span> 
     </span>
     <span class='ocr_line' id='line_1_92' title="bbox 1042 1511 1815 1556; baseline 0.005 -13"><span class='ocrx_word' id='word_1_644' title='bbox 1042 1511 1222 1544; x_wconf 72' lang='grc' dir='ltr'>ἀναπαύσεται</span> <span class='ocrx_word' id='word_1_645' title='bbox 1237 1516 1280 1545; x_wconf 82' lang='grc' dir='ltr'><strong>ἐπ’</strong></span> <span class='ocrx_word' id='word_1_646' title='bbox 1294 1516 1372 1546; x_wconf 66' lang='grc' dir='ltr'>αὐτὸν</span> <span class='ocrx_word' id='word_1_647' title='bbox 1385 1518 1497 1556; x_wconf 80' lang='grc' dir='ltr'>Πνεῦμα</span> <span class='ocrx_word' id='word_1_648' title='bbox 1512 1520 1583 1547; x_wconf 74' lang='grc' dir='ltr'>Θεοῦ</span> <span class='ocrx_word' id='word_1_649' title='bbox 1595 1529 1601 1536; x_wconf 90' lang='grc'>·</span> <span class='ocrx_word' id='word_1_650' title='bbox 1625 1518 1670 1547; x_wconf 83' lang='grc' dir='ltr'><strong>καὶ</strong></span> <span class='ocrx_word' id='word_1_651' title='bbox 1679 1518 1758 1547; x_wconf 79' lang='grc' dir='ltr'>-ἔσται</span> <span class='ocrx_word' id='word_1_652' title='bbox 1772 1518 1815 1546; x_wconf 87' lang='grc' dir='ltr'>δι-</span> 
     </span>
     <span class='ocr_line' id='line_1_93' title="bbox 1042 1561 1813 1604; baseline 0.003 -15"><span class='ocrx_word' id='word_1_653' title='bbox 1042 1561 1167 1601; x_wconf 79' lang='grc' dir='ltr'>καιοσύνῃ</span> <span class='ocrx_word' id='word_1_654' title='bbox 1187 1563 1331 1601; x_wconf 81' lang='grc' dir='ltr'>ἐζωσμένος</span> <span class='ocrx_word' id='word_1_655' title='bbox 1356 1563 1404 1599; x_wconf 79' lang='grc' dir='ltr'><strong>τὴν</strong></span> <span class='ocrx_word' id='word_1_656' title='bbox 1426 1563 1508 1603; x_wconf 78' lang='grc' dir='ltr'>ὀσφὺν</span> <span class='ocrx_word' id='word_1_657' title='bbox 1522 1565 1616 1600; x_wconf 81' lang='grc' dir='ltr'>αὐτοῦ,</span> <span class='ocrx_word' id='word_1_658' title='bbox 1639 1564 1684 1593; x_wconf 77' lang='grc' dir='ltr'><strong>καὶ</strong></span> <span class='ocrx_word' id='word_1_659' title='bbox 1705 1563 1813 1604; x_wconf 69' lang='grc' dir='ltr'>ἀληθείᾳ</span> 
     </span>
     <span class='ocr_line' id='line_1_94' title="bbox 1043 1607 1472 1649; baseline 0.007 -13"><span class='ocrx_word' id='word_1_660' title='bbox 1043 1607 1179 1645; x_wconf 75' lang='grc' dir='ltr'>εἱλημένος</span> <span class='ocrx_word' id='word_1_661' title='bbox 1193 1607 1239 1641; x_wconf 84' lang='grc' dir='ltr'><strong>τὰς</strong></span> <span class='ocrx_word' id='word_1_662' title='bbox 1253 1609 1368 1649; x_wconf 78' lang='grc' dir='ltr'>πλευρὰς</span> <span class='ocrx_word' id='word_1_663' title='bbox 1382 1610 1472 1639; x_wconf 76' lang='grc' dir='ltr'>αὐτοῦ.</span> 
     </span>
    </p>
   </div>
   <div class='ocr_carea' id='block_1_21' title="bbox 1039 2122 1812 2211">
    <p class='ocr_par' dir='ltr' id='par_1_22' title="bbox 1039 2122 1812 2211">
     <span class='ocr_line' id='line_1_95' title="bbox 1081 2122 1811 2164; baseline 0.004 -13"><span class='ocrx_word' id='word_1_664' title='bbox 1081 2123 1168 2151; x_wconf 77' lang='grc' dir='ltr'>Τοῦτο</span> <span class='ocrx_word' id='word_1_665' title='bbox 1179 2122 1210 2151; x_wconf 84' lang='grc' dir='ltr'><strong>τὸ</strong></span> <span class='ocrx_word' id='word_1_666' title='bbox 1223 2122 1322 2161; x_wconf 82' lang='grc' dir='ltr'>ἔνδυμα</span> <span class='ocrx_word' id='word_1_667' title='bbox 1334 2124 1379 2152; x_wconf 81' lang='grc' dir='ltr'>τοῦ</span> <span class='ocrx_word' id='word_1_668' title='bbox 1392 2124 1471 2158; x_wconf 79' lang='grc' dir='ltr'><strong>Σωτῆ</strong></span> <span class='ocrx_word' id='word_1_669' title='bbox 1490 2135 1516 2156; x_wconf 91' lang='grc' dir='ltr'>ος</span> <span class='ocrx_word' id='word_1_670' title='bbox 1527 2146 1534 2161; x_wconf 87' lang='lat'><strong>,</strong></span> <span class='ocrx_word' id='word_1_671' title='bbox 1551 2123 1581 2153; x_wconf 82' lang='grc' dir='ltr'><strong>τὸ</strong></span> <span class='ocrx_word' id='word_1_672' title='bbox 1598 2125 1645 2159; x_wconf 74' lang='grc' dir='ltr'><strong>τῆς</strong></span> <span class='ocrx_word' id='word_1_673' title='bbox 1659 2124 1755 2164; x_wconf 86' lang='grc' dir='ltr'>σαρκὸς</span> <span class='ocrx_word' id='word_1_674' title='bbox 1767 2124 1811 2154; x_wconf 81' lang='grc' dir='ltr'>λε’-</span> 
     </span>
     <span class='ocr_line' id='line_1_96' title="bbox 1039 2168 1812 2211; baseline 0.004 -14"><span class='ocrx_word' id='word_1_675' title='bbox 1039 2179 1094 2207; x_wconf 87' lang='grc' dir='ltr'>γω,</span> <span class='ocrx_word' id='word_1_676' title='bbox 1118 2169 1251 2208; x_wconf 78' lang='grc' dir='ltr'>κρυφαίως</span> <span class='ocrx_word' id='word_1_677' title='bbox 1265 2168 1309 2198; x_wconf 77' lang='grc' dir='ltr'><strong>καὶ</strong></span> <span class='ocrx_word' id='word_1_678' title='bbox 1323 2169 1352 2197; x_wconf 81' lang='grc' dir='ltr'><strong>ἐν</strong></span> <span class='ocrx_word' id='word_1_679' title='bbox 1370 2168 1451 2199; x_wconf 83' lang='grc' dir='ltr'>εἰκόνι</span> <span class='ocrx_word' id='word_1_680' title='bbox 1465 2181 1478 2198; x_wconf 83' lang='grc' dir='ltr'><strong>ε</strong></span> <span class='ocrx_word' id='word_1_681' title='bbox 1488 2181 1535 2210; x_wconf 85' lang='grc' dir='ltr'><strong>χεν</strong></span> <span class='ocrx_word' id='word_1_682' title='bbox 1551 2172 1565 2199; x_wconf 79' lang='grc' dir='ltr'>ὁ</span> <span class='ocrx_word' id='word_1_683' title='bbox 1583 2170 1719 2210; x_wconf 75' lang='grc' dir='ltr'>ἀρχιερεὺς</span> <span class='ocrx_word' id='word_1_684' title='bbox 1732 2171 1759 2199; x_wconf 81' lang='grc' dir='ltr'><strong>ἐν</strong></span> <span class='ocrx_word' id='word_1_685' title='bbox 1773 2172 1812 2211; x_wconf 87' lang='grc' dir='ltr'><strong>τῷ</strong></span> 
     </span>
    </p>
   </div>
   <div class='ocr_carea' id='block_1_22' title="bbox 1003 2214 1812 2255">
    <p class='ocr_par' dir='ltr' id='par_1_23' title="bbox 1003 2214 1812 2255">
     <span class='ocr_line' id='line_1_97' title="bbox 1003 2214 1812 2255; baseline 0.002 -12"><span class='ocrx_word' id='word_1_686' title='bbox 1003 2223 1021 2246; x_wconf 84' lang='lat' dir='ltr'><strong>c</strong></span> <span class='ocrx_word' id='word_1_687' title='bbox 1040 2214 1121 2254; x_wconf 86' lang='grc' dir='ltr'>νόμῳ.</span> <span class='ocrx_word' id='word_1_688' title='bbox 1138 2214 1192 2244; x_wconf 84' lang='grc' dir='ltr'><strong>Καὶ</strong></span> <span class='ocrx_word' id='word_1_689' title='bbox 1205 2214 1320 2254; x_wconf 84' lang='grc' dir='ltr'>πρόσεχε</span> <span class='ocrx_word' id='word_1_690' title='bbox 1336 2215 1464 2255; x_wconf 76' lang='grc' dir='ltr'>ἅκριὸῶς,</span> <span class='ocrx_word' id='word_1_691' title='bbox 1481 2217 1538 2249; x_wconf 82' lang='grc' dir='ltr'><strong>πῶς</strong></span> <span class='ocrx_word' id='word_1_692' title='bbox 1551 2216 1579 2245; x_wconf 82' lang='grc' dir='ltr'><strong>αἱ</strong></span> <span class='ocrx_word' id='word_1_693' title='bbox 1592 2215 1665 2245; x_wconf 78' lang='grc' dir='ltr'>σκιαὶ</span> <span class='ocrx_word' id='word_1_694' title='bbox 1675 2216 1724 2252; x_wconf 66' lang='grc' dir='ltr'>τὴν</span> <span class='ocrx_word' id='word_1_695' title='bbox 1749 2217 1812 2252; x_wconf 82' lang='grc' dir='ltr'>ἀλή-</span> 
     </span>
    </p>
   </div>
   <div class='ocr_carea' id='block_1_23' title="bbox 1038 2261 1812 2441">
    <p class='ocr_par' dir='ltr' id='par_1_24' title="bbox 1038 2261 1812 2441">
     <span class='ocr_line' id='line_1_98' title="bbox 1039 2261 1811 2302; baseline 0.003 -12"><span class='ocrx_word' id='word_1_696' title='bbox 1039 2263 1110 2290; x_wconf 86' lang='grc' dir='ltr'>θειαν</span> <span class='ocrx_word' id='word_1_697' title='bbox 1124 2261 1303 2301; x_wconf 83' lang='grc' dir='ltr'>ἡρμήνευσαν,</span> <span class='ocrx_word' id='word_1_698' title='bbox 1318 2263 1374 2295; x_wconf 85' lang='grc' dir='ltr'><strong>πῶς</strong></span> <span class='ocrx_word' id='word_1_699' title='bbox 1386 2263 1410 2290; x_wconf 85' lang='grc' dir='ltr'>οἱ</span> <span class='ocrx_word' id='word_1_700' title='bbox 1423 2262 1501 2291; x_wconf 84' lang='grc' dir='ltr'>τύποι</span> <span class='ocrx_word' id='word_1_701' title='bbox 1511 2265 1557 2292; x_wconf 75' lang='grc' dir='ltr'>τοῦ</span> <span class='ocrx_word' id='word_1_702' title='bbox 1569 2262 1721 2302; x_wconf 74' lang='grc' dir='ltr'>εὐαγγελίου</span> <span class='ocrx_word' id='word_1_703' title='bbox 1733 2262 1811 2302; x_wconf 86' lang='grc' dir='ltr'>προέ-</span> 
     </span>
     <span class='ocr_line' id='line_1_99' title="bbox 1038 2307 1812 2348; baseline 0.003 -12"><span class='ocrx_word' id='word_1_704' title='bbox 1038 2309 1153 2346; x_wconf 81' lang='grc' dir='ltr'>λαμπον.</span> <span class='ocrx_word' id='word_1_705' title='bbox 1173 2308 1250 2347; x_wconf 84' lang='grc' dir='ltr'>Λέγω</span> <span class='ocrx_word' id='word_1_706' title='bbox 1265 2307 1292 2337; x_wconf 83' lang='grc' dir='ltr'><strong>δὲ</strong></span> <span class='ocrx_word' id='word_1_707' title='bbox 1303 2307 1407 2348; x_wconf 83' lang='grc' dir='ltr'>ἠρέμα,</span> <span class='ocrx_word' id='word_1_708' title='bbox 1416 2308 1462 2338; x_wconf 80' lang='grc' dir='ltr'><strong>καὶ</strong></span> <span class='ocrx_word' id='word_1_709' title='bbox 1471 2308 1540 2338; x_wconf 81' lang='grc' dir='ltr'>κατὰ</span> <span class='ocrx_word' id='word_1_710' title='bbox 1553 2308 1583 2338; x_wconf 80' lang='grc' dir='ltr'><strong>τὸ</strong></span> <span class='ocrx_word' id='word_1_711' title='bbox 1597 2309 1705 2338; x_wconf 83' lang='grc' dir='ltr'>δυνατὸν</span> <span class='ocrx_word' id='word_1_712' title='bbox 1714 2320 1812 2348; x_wconf 76' lang='grc' dir='ltr'>συγκα-</span> 
     </span>
     <span class='ocr_line' id='line_1_100' title="bbox 1038 2354 1810 2395; baseline 0 -11"><span class='ocrx_word' id='word_1_713' title='bbox 1038 2354 1170 2384; x_wconf 74' lang='grc' dir='ltr'>ταὸαίνων</span> <span class='ocrx_word' id='word_1_714' title='bbox 1183 2356 1217 2393; x_wconf 82' lang='grc' dir='ltr'><strong>τῇ</strong></span> <span class='ocrx_word' id='word_1_715' title='bbox 1242 2356 1308 2395; x_wconf 82' lang='grc' dir='ltr'>ἀκοῇ</span> <span class='ocrx_word' id='word_1_716' title='bbox 1325 2357 1379 2384; x_wconf 88' lang='grc' dir='ltr'><strong>τῶν</strong></span> <span class='ocrx_word' id='word_1_717' title='bbox 1400 2355 1529 2395; x_wconf 77' lang='grc' dir='ltr'>ἀκεραίων</span> <span class='ocrx_word' id='word_1_718' title='bbox 1544 2355 1589 2384; x_wconf 82' lang='grc' dir='ltr'><strong>καὶ</strong></span> <span class='ocrx_word' id='word_1_719' title='bbox 1606 2356 1659 2383; x_wconf 79' lang='grc' dir='ltr'><strong>τῶν</strong></span> <span class='ocrx_word' id='word_1_720' title='bbox 1679 2354 1810 2395; x_wconf 81' lang='grc' dir='ltr'>ἀπείρων,</span> 
     </span>
     <span class='ocr_line' id='line_1_101' title="bbox 1039 2396 1810 2441; baseline 0.001 -12"><span class='ocrx_word' id='word_1_721' title='bbox 1039 2400 1080 2429; x_wconf 79' lang='grc' dir='ltr'><strong>ἵνα</strong></span> <span class='ocrx_word' id='word_1_722' title='bbox 1099 2400 1135 2439; x_wconf 84' lang='grc' dir='ltr'>μὴ</span> <span class='ocrx_word' id='word_1_723' title='bbox 1155 2396 1206 2430; x_wconf 72' lang='grc' dir='ltr'>ιῖδε</span> <span class='ocrx_word' id='word_1_724' title='bbox 1220 2402 1325 2430; x_wconf 82' lang='grc' dir='ltr'>κάκεῖσε</span> <span class='ocrx_word' id='word_1_725' title='bbox 1338 2401 1524 2441; x_wconf 82' lang='grc' dir='ltr'>περιάγωνται.</span> <span class='ocrx_word' id='word_1_726' title='bbox 1546 2399 1559 2416; x_wconf 85' lang='lat'><strong>¹²</strong></span> <span class='ocrx_word' id='word_1_727' title='bbox 1571 2399 1709 2430; x_wconf 80' lang='grc' dir='ltr'>Ἐνεδύετο</span> <span class='ocrx_word' id='word_1_728' title='bbox 1728 2402 1742 2428; x_wconf 84' lang='grc' dir='ltr'>ὁ</span> <span class='ocrx_word' id='word_1_729' title='bbox 1763 2402 1810 2440; x_wconf 83' lang='grc' dir='ltr'>ἀρ-</span> 
     </span>
    </p>
   </div>
   <div class='ocr_carea' id='block_1_24' title="bbox 1049 2495 1808 2609">
    <p class='ocr_par' dir='ltr' id='par_1_25' title="bbox 1049 2495 1808 2609">
     <span class='ocr_line' id='line_1_102' title="bbox 1049 2495 1807 2533; baseline 0.004 -12"><span class='ocrx_word' id='word_1_730' title='bbox 1049 2496 1118 2521; x_wconf 81' lang='lat' dir='ltr'><strong>Infra</strong></span> <span class='ocrx_word' id='word_1_731' title='bbox 1139 2497 1209 2522; x_wconf 75' lang='lat' dir='ltr'><strong>Editi</strong></span> <span class='ocrx_word' id='word_1_732' title='bbox 1225 2501 1346 2533; x_wconf 67' lang='lat' dir='ltr'><strong>xvpssaaiau</strong></span> <span class='ocrx_word' id='word_1_733' title='bbox 1360 2507 1365 2521; x_wconf 94' lang='lat'>:</span> <span class='ocrx_word' id='word_1_734' title='bbox 1379 2505 1465 2522; x_wconf 76' lang='lat' dir='ltr'><strong>omues</strong></span> <span class='ocrx_word' id='word_1_735' title='bbox 1481 2498 1538 2522; x_wconf 64' lang='lat' dir='ltr'><strong>Mas.</strong></span> <span class='ocrx_word' id='word_1_736' title='bbox 1551 2495 1645 2522; x_wconf 71' lang='lat' dir='ltr'><strong>habent</strong></span> <span class='ocrx_word' id='word_1_737' title='bbox 1657 2501 1807 2532; x_wconf 67' lang='grc' dir='ltr'>κορυὲἀντιον-</span> 
     </span>
     <span class='ocr_line' id='line_1_103' title="bbox 1050 2536 1808 2562; baseline 0.001 -3"><span class='ocrx_word' id='word_1_738' title='bbox 1050 2537 1080 2560; x_wconf 89' lang='lat' dir='ltr'><strong>In</strong></span> <span class='ocrx_word' id='word_1_739' title='bbox 1093 2536 1160 2561; x_wconf 83' lang='lat' dir='ltr'><strong>hanc</strong></span> <span class='ocrx_word' id='word_1_740' title='bbox 1173 2546 1231 2562; x_wconf 81' lang='lat' dir='ltr'><strong>vero</strong></span> <span class='ocrx_word' id='word_1_741' title='bbox 1243 2536 1376 2562; x_wconf 78' lang='lat' dir='ltr'><strong>lectionem</strong></span> <span class='ocrx_word' id='word_1_742' title='bbox 1392 2537 1444 2561; x_wconf 79' lang='lat' dir='ltr'><strong>haec</strong></span> <span class='ocrx_word' id='word_1_743' title='bbox 1455 2536 1552 2562; x_wconf 75' lang='lat' dir='ltr'><strong>erudite</strong></span> <span class='ocrx_word' id='word_1_744' title='bbox 1563 2542 1636 2562; x_wconf 83' lang='lat' dir='ltr'><strong>notat</strong></span> <span class='ocrx_word' id='word_1_745' title='bbox 1648 2538 1745 2562; x_wconf 77' lang='lat' dir='ltr'><strong>Fronto</strong></span> <span class='ocrx_word' id='word_1_746' title='bbox 1754 2538 1808 2562; x_wconf 87' lang='lat' dir='ltr'><strong>Du-</strong></span> 
     </span>
     <span class='ocr_line' id='line_1_104' title="bbox 1050 2575 1807 2609; baseline 0.003 -11"><span class='ocrx_word' id='word_1_747' title='bbox 1050 2583 1114 2600; x_wconf 64' lang='lat' dir='ltr'><strong>ffleus</strong></span> <span class='ocrx_word' id='word_1_748' title='bbox 1125 2584 1130 2599; x_wconf 70' lang='grc' dir='ltr'><em>τ</em></span> <span class='ocrx_word' id='word_1_749' title='bbox 1146 2586 1158 2598; x_wconf 79' lang='grc' dir='ltr'>α</span> <span class='ocrx_word' id='word_1_750' title='bbox 1168 2577 1282 2601; x_wconf 78' lang='lat' dir='ltr'><strong>Romana</strong></span> <span class='ocrx_word' id='word_1_751' title='bbox 1293 2575 1386 2606; x_wconf 80' lang='lat' dir='ltr'><strong>Editio,</strong></span> <span class='ocrx_word' id='word_1_752' title='bbox 1398 2575 1532 2608; x_wconf 75' lang='lat' dir='ltr'><strong>Angticana</strong></span> <span class='ocrx_word' id='word_1_753' title='bbox 1546 2582 1570 2600; x_wconf 82' lang='lat' dir='ltr'><strong>et</strong></span> <span class='ocrx_word' id='word_1_754' title='bbox 1582 2577 1672 2609; x_wconf 76' lang='lat' dir='ltr'><strong>Regius</strong></span> <span class='ocrx_word' id='word_1_755' title='bbox 1683 2575 1807 2600; x_wconf 84' lang='lat' dir='ltr'><strong>Mediceus</strong></span> 
     </span>
    </p>
   </div>
  </div>
 </body>
</html>
