1904 2840
224 209 293 244 800

830 216 913 240 OPUS
939 217 973 239 1M
978 216 1176 240 PERFECTUM

223 292 358 314 curemus,
374 281 533 311 abstinentes
546 291 595 310 nos
612 280 647 310 ab
659 278 733 310 omni
749 278 964 325 concupiscentia
984 282 1002 304 Α
1020 278 1096 318 gium
1107 278 1271 318 publicatur,
1282 285 1419 319 peccatum
1428 285 1519 309 autem
1526 279 1668 310 solutionis
1677 280 1763 321 magis

224 321 304 357 mala,
321 321 366 350 sed
380 321 459 350 etiam
473 332 506 350 ne
525 320 570 350 vel
588 319 733 360 propinqui
748 326 843 353 nostri,
857 319 902 348 vel
914 318 966 347 ali-

224 360 269 398 qui
297 360 332 388 ad
355 371 403 389 nos
429 361 591 400 pertinentes
604 382 613 396 ,
639 366 716 398 turpe
746 358 851 397 aliquid
873 366 963 397 agant.

223 400 336 439 Utputa‚
358 400 441 429 habes
465 400 582 439 aliquem
605 399 647 429 vel
668 399 765 434 filium,
785 398 827 428 vel
843 398 962 433 fratrem,

222 439 266 468 vel
281 439 408 476 amicum,
424 440 470 478 qui
485 440 524 469 sic
541 440 608 468 bene
622 438 719 479 aspicit
740 448 782 468 res
804 443 872 474 tuas,
888 437 965 476 quasi

223 479 349 518 proprius
372 479 467 509 oculus
487 486 560 515 tuus,
579 485 604 508 et
627 478 709 508 habes
731 488 793 507 eum
815 487 865 517 pro
885 477 964 506 oculo

222 517 328 547 dextro.
344 520 398 547 Aut
411 519 493 548 habes
514 518 642 557 aliquem,
657 518 704 556 qui
723 517 768 547 sic*
783 523 909 557 procurat
922 527 964 546 res

221 563 292 594 tuas,
307 557 384 596 quasi
397 559 507 598 propria
522 568 616 586 manus
636 564 693 594 tua,
708 564 734 586 et
755 564 794 586 est
815 556 865 586 tibi
888 556 965 595 qnasi

221 595 317 626 dextra
337 607 440 626 manus·
457 598 493 627 Et
514 597 594 627 illum
606 596 687 626 talem
707 597 730 626 si
743 595 899 635 cognoveris
912 595 963 624 ali-

222 636 288 674 quid
303 637 419 676 turpiter
431 647 519 676 agere,
532 635 647 676 praecide
670 647 732 665 eum
746 636 780 665 ab
802 635 890 665 anima
905 642 962 670 tua,

221 682 247 704 et
260 675 359 715 projice
378 676 457 715 longe
470 677 518 706 abs
537 683 573 711 te,
588 676 652 714 quia
666 675 827 705 scandalizat
840 682 865 705 te
878 687 884 703 ι
900 674 962 713 quia

222 725 275 743 non
299 715 388 744 solum
411 726 463 755 pro
486 722 592 756 peccato
619 722 720 752 nostro,
742 715 789 744 sed
813 714 892 743 etiam
914 725 963 753 pro

221 761 329 793 peccato
360 755 547 794 proximorum
573 762 724 784 nostrorum
737 778 746 791 ,
772 753 845 792 quod
876 760 963 782 tamen

222 803 366 832 possumus
404 794 530 824 cohibere
542 817 549 831 ,
577 794 629 823 nisi
664 801 710 823 aut
743 793 944 823 cohibuerimus
954 816 961 828 ‚

222 839 269 861 aut
290 833 468 872 repulerimus
481 846 496 863 a
510 834 587 863 nobis
599 856 606 869 ,
621 833 747 862 dabimus
767 832 905 862 rationem.
929 833 964 862 Et

222 873 350 910 quoniam
372 883 463 902 omnes
478 873 624 903 Christiani
645 884 728 902 unum
747 882 844 912 corpus
856 882 962 909 sumus,

223 917 248 939 et
270 911 337 940 alter
358 912 470 942 alterius
489 913 633 942 membra:
656 912 754 941 melius
773 918 830 948 est,
854 918 883 940 ut
906 913 962 941 sine

223 960 277 979 uno
296 958 342 980 aut
366 952 450 981 altero
469 953 590 981 membro
604 952 652 981 tali
665 952 812 986 salvemur,
825 961 905 989 qnam
920 958 960 988 ut,

222 989 340 1019 volentes
358 991 421 1020 illos
436 992 501 1020 tales
514 992 622 1026 habere,
640 999 666 1020 et
680 991 731 1030 ipsi
747 1001 887 1030 pereamus
900 1001 961 1020 cum

222 1029 270 1058 eis.
280 1031 313 1059 51
323 1031 454 1060 ,Dictum
462 1038 504 1060 est
516 1032 657 1070 antiquis,
670 1030 701 1059 Si
713 1033 777 1070 quis
785 1030 851 1059 vult
862 1030 962 1059 dimit-

223 1074 283 1097 tere
297 1071 482 1107 uxorem,det
496 1071 541 1099 illi
555 1070 688 1100 libellum
703 1071 824 1110 repudii.
834 1071 880 1099 52.
897 1071 962 1110 Ego

222 1115 319 1137 autem
336 1110 414 1146 dico,
431 1110 463 1139 Si
483 1112 548 1148 quis
565 1111 706 1139 dimiserit
729 1119 847 1139 uxorem
865 1119 962 1146 suam,

222 1155 342 1186 excepta
342 1150 556 1189 fornicationis
570 1150 751 1189 causa‚sacit
765 1159 832 1178 eam
841 1151 965 1179 moecha-

222 1188 258 1218 ri.
268 1188 295 1215 E
298 1193 308 1215 t
314 1191 408 1228 siquis
415 1189 563 1218 dimissam
569 1190 694 1224 duxerit,
705 1191 875 1219 moechatur.
885 1190 965 1219 Nune

222 1227 331 1256 tertium
345 1228 453 1257 mandat
470 1228 635 1263 mandatum,
653 1229 793 1258 minimum
805 1228 881 1268 apud
894 1229 965 1259 indi-

223 1267 378 1306 sciplinatos
397 1274 424 1296 et
436 1267 560 1304 lascivos,
575 1268 622 1306 qui
641 1268 748 1297 nullum
762 1267 894 1297 aestImant
907 1279 963 1298 esse

222 1313 372 1345 peccatum,
387 1317 499 1335 uxorem
513 1306 647 1336 dimittere
661 1306 723 1336 dato
736 1307 829 1336 libello
844 1307 961 1347 repudii,

223 1345 281 1374 sine
292 1356 345 1381 quo
356 1356 441 1384 neque
454 1352 522 1375 stare
533 1353 620 1385 potest
630 1346 696 1385 legis
707 1345 872 1375 mandatum.
888 1347 964 1383 Quo-

223 1384 323 1414 modo?
337 1385 451 1421 Quando
465 1385 583 1424 primum
596 1387 703 1424 Moyses
716 1385 788 1414 filios
800 1385 883 1414 Israel
896 1385 963 1415 edu-

223 1425 264 1454 xit
285 1424 319 1453 dc
339 1425 469 1464 AEgypto‚
485 1435 579 1463 genere
599 1424 709 1463 quidem
729 1431 804 1454 erant
823 1425 961 1461 Israelitae,

223 1464 343 1493 moribus
357 1471 446 1492 autem
459 1464 591 1503 AEgyptii.
603 1465 714 1508 Propter
726 1464 801 1503 quod
813 1475 887 1494 more
898 1475 962 1504 gen·
980 1468 999 1492 C

222 1503 312 1532 tilium
325 1503 507 1542 contingebat,
523 1510 552 1532 ut
565 1503 608 1532 vir
621 1503 708 1532 odiret
719 1514 842 1532 uxorem.
853 1505 888 1533 Et
900 1505 963 1543 quia

223 1542 358 1571 dimittere
378 1542 453 1571 illam
473 1552 525 1572 non
547 1542 760 1582 permittebatur,
779 1549 887 1582 paratus
908 1550 964 1573 erat

223 1581 372 1611 interficere
393 1592 460 1611 eam.
479 1584 534 1611 Aut
554 1582 577 1611 si
596 1592 648 1610 non
662 1582 837 1611 interficiebat
856 1590 965 1628 propter

223 1621 345 1650 timorem
364 1621 441 1660 legis,
458 1629 546 1651 tamen
560 1621 674 1650 assiduis
685 1621 849 1651 cruciatibus
862 1623 965 1662 afflige-

222 1661 277 1690 bat.
295 1660 360 1690 Ideo
371 1661 452 1701 jussit
471 1660 530 1690 dari
549 1661 703 1701 repudium,
719 1671 771 1690 non
787 1661 850 1700 quia
862 1662 965 1691 bonum

223 1707 289 1737 crat,
310 1699 356 1729 sed
373 1701 436 1739 quia
459 1700 607 1730 remedium
629 1707 685 1729 erat
707 1701 772 1729 mali
793 1701 915 1740 pejoris:
932 1712 965 1731 ne

223 1740 289 1769 dum
305 1740 387 1769 facere
403 1741 504 1769 malum
518 1747 651 1774 vetantur,
662 1741 777 1769 facerent
791 1741 878 1780 pejus.
891 1741 964 1781 Ergo

223 1780 393 1819 propositum
408 1780 460 1809 fuit
478 1779 503 1808 le
524 1779 545 1808 is
561 1779 704 1818 repudium
724 1779 789 1808 dare
802 1780 964 1814 mandantis,

224 1826 297 1847 utne
310 1819 485 1848 homicidium
500 1790 557 1848 [iat.
572 1818 713 1857 Numquid
727 1819 754 1847 in
767 1820 836 1848 facto
856 1820 913 1849 solo
933 1820 965 1849 fit

224 1857 423 1887 homicidium?
442 1869 528 1887 noune
546 1865 571 1887 et
595 1858 622 1886 in
640 1858 799 1887 voluntate?
821 1860 856 1888 Et
875 1870 965 1888 coram

224 1897 379 1927 hominibus
391 1898 500 1936 quidem
514 1897 541 1926 in
555 1898 623 1926 facto
636 1897 666 1926 fit
677 1897 863 1934 homicidium,
875 1909 964 1928 coram

226 1939 282 1965 Deo
296 1944 385 1966 autem
401 1937 427 1965 in
443 1937 588 1966 voluntate.
602 1937 677 1966 Sicut
690 1937 760 1966 enim
774 1938 821 1976 qui
839 1938 964 1967 irascitur

225 1976 300 2005 fratri
321 1987 369 2005 suo
383 1977 439 2005 sine
462 1987 551 2012 causa,
564 1976 612 2004 etsi
631 1986 683 2004 non
726 1977 822 2006 otuerit
842 1977 964 2007 occidere

225 2026 298 2052 eum,
311 2015 409 2044 occidit
421 2026 483 2044 eum
499 2022 585 2044 tamen
598 2015 625 2043 in
646 1987 725 2044 cordi}
738 2027 787 2045 suo
804 2028 811 2044 ι
826 2017 864 2046 sic
876 2024 902 2046 et
915 2017 964 2056 qui

1019 329 1068 347 exa
1088 325 1205 358 geratur.
1221 319 1322 348 Tamen
1335 329 1397 348 cum
1410 317 1445 348 de
1457 319 1586 349 irascente
1599 320 1657 349 sine
1670 330 1761 356 causa,

1019 364 1044 386 et
1060 329 1094 386 (fe
1108 368 1190 387 concu
1213 361 1309 387 iscente
1322 358 1418 388 faceret
1440 359 1565 392 verbum,
1583 366 1762 399 competenter

1018 396 1109 426 intulit
1122 369 1278 426 mamsstum
1287 397 1321 427 de
1331 398 1463 428 uxoribus
1476 409 1528 428 non
1540 398 1718 428 dimittendis.
1731 398 1762 429 Si

1018 436 1089 465 enim
1102 437 1150 475 qui
1164 436 1288 465 irascitur
1301 437 1376 466 fratri
1390 447 1439 466 suo
1453 437 1510 467 sine
1529 448 1620 473 causa,
1632 449 1693 468 reus
1710 438 1762 467 erit

1014 475 1120 514 judicio
1135 489 1141 504 :
1157 475 1292 514 quomodo
1306 486 1359 506 non
1373 476 1424 505 erit
1444 487 1520 513 reus,
1536 478 1586 516 qui
1604 478 1661 507 sine
1680 478 1762 517 culpa

1019 515 1202 545 fornicationis
1215 516 1254 545 sic
1275 515 1333 545 odit
1353 526 1477 552 uxorem,
1493 523 1524 546 ut
1543 516 1624 545 etiam
1642 517 1762 546 dimittat

1018 554 1158 585 eam?sed
1172 554 1252 590 dicis,
1270 555 1372 585 Multas
1397 555 1476 584 habet
1495 556 1590 596 culpas
1603 567 1674 586 uxor
1691 567 1760 586 mea.

1018 594 1091 631 Quid
1104 594 1230 623 enimi-'tu
1246 601 1334 624 autem
1353 595 1410 624 sine
1432 595 1512 635 culpa
1530 595 1576 625 es?
1584 595 1613 625 Si
1631 596 1702 625 enim
1717 606 1763 625 ex-

1017 640 1170 662 traneorum
1202 634 1267 663 vitia
1295 641 1455 675 supportare
1482 634 1610 664 debemus
1629 657 1637 670 ,
1658 635 1764 665 dicente

1017 673 1137 712 apostolo
1153 685 1160 701 z
1181 675 1311 703 Invicem
1329 684 1419 703 onera
1430 681 1530 704 vestra
1539 681 1665 714 portate,
1681 677 1763 704 etsie
1775 683 1829 705 Gal,
1838 682 1862 706 6.
1873 689 1896 705 2.

1018 713 1215 752 adimplebitis
1236 713 1329 753 legem
1345 715 1455 743 Christi
1469 725 1478 742 .·
1492 721 1593 753 quanto
1612 715 1698 753 magis
1715 714 1764 744 de—

1017 751 1111 780 bemus
1123 762 1237 781 uxorum
1247 753 1261 780 Ξ)
1272 753 1301 783 Si
1313 753 1374 792 quis
1389 753 1486 783 viderit
1498 754 1640 783 mulierem
1652 753 1687 783 ad
1700 763 1765 784 con·
1786 775 1791 791 f

1018 791 1210 830 cupiscendum
1221 803 1278 821 eam
1286 815 1294 828 ,
1306 793 1474 828 adulteratur
1484 804 1542 822 eam
1556 793 1584 822 in
1599 793 1679 823 corde
1691 805 1741 824 suo
1752 807 1759 824 ε

1018 830 1152 869 quo'modo
1164 841 1216 860 non
1229 842 1280 871 pro
1291 832 1431 862 adulteriis
1442 832 1643 869 condemnetur,
1658 833 1706 872 qui
1717 833 1762 863 di-

1017 870 1123 899 mittens
1136 881 1259 908 uxorem,
1275 872 1438 902 occasionem
1447 871 1552 902 dederit
1564 872 1762 903 adulteriorum

1017 909 1279 944 committendorum,
1290 918 1320 941 ut
1329 919 1355 941 et
1363 912 1409 941 illa
1419 911 1586 942 adulteretur
1594 914 1622 941 in
1635 912 1761 948 alterum,

1017 956 1042 978 et
1056 949 1123 978 alter
1135 949 1162 979 in
1177 950 1271 979 illam?
1283 952 1352 980 Nam
1366 951 1412 982 vir
1425 951 1594 981 Christianus
1607 962 1660 981 non
1671 952 1761 982 solum

1018 999 1045 1018 se
1065 989 1237 1028 coinquinare
1250 1001 1302 1020 non
1316 990 1395 1020 debet
1405 1013 1412 1027 ‚
1426 990 1473 1020 sed
1494 1001 1542 1020 nec
1555 991 1615 1020 aliis
1638 991 1760 1030 coinqui-

1018 1028 1098 1057 nandi
1116 1039 1144 1058 se
1165 1029 1329 1059 occasionem
1350 1031 1477 1070 praebere.
1491 1030 1626 1070 ‘Alioquin
1649 1031 1761 1060 illorum

1018 1068 1118 1097 crimen
1143 1068 1179 1097 ad
1202 1069 1279 1099 istius
1301 1069 1433 1099 redundat
1456 1077 1606 1110 peccatum,
1628 1071 1676 1109 qui
1700 1071 1762 1100 aliis

1018 1107 1201 1137 committendi
1211 1109 1332 1138 criminis
1341 1109 1425 1139 factus
1434 1116 1474 1139 est
1482 1120 1572 1139 causa.
1584 1110 1658 1140 Vide
1668 1110 1759 1147 etiam,

1018 1148 1081 1186 quia
1095 1147 1141 1186 qui
1156 1148 1253 1177 secund
1258 1159 1302 1178 um
1316 1148 1402 1188 legem
1416 1148 1560 1189 repudium
1573 1148 1631 1186 dat,
1646 1156 1762 1188 quatuor

1018 1187 1159 1216 committit
1171 1187 1335 1226 iniquitates.
1351 1188 1479 1225 Primam,
1493 1188 1558 1226 quia
1577 1196 1707 1227 quantum
1725 1188 1761 1218 ad

1017 1227 1104 1255 Deum
1118 1226 1222 1256 exsistit
1241 1227 1376 1257 homicida
1388 1240 1396 1266 ;
1411 1227 1564 1264 secundam,
1578 1228 1643 1267 quia
1655 1228 1761 1258 dimisit

1017 1275 1069 1295 non
1090 1266 1284 1304 fornicantem;
1299 1268 1420 1304 tertiam,
1441 1269 1504 1306 quia
1523 1268 1584 1297 fecit
1602 1278 1662 1297 eam
1683 1267 1763 1297 adul-

1017 1305 1111 1340 terari;
1123 1312 1256 1343 quartam,
1263 1308 1327 1345 quia
1341 1314 1366 1337 et
1379 1307 1513 1347 accipiens
1525 1318 1594 1343 eam,
1608 1307 1672 1337 fecit
1684 1307 1764 1337 adul-

1016 1344 1126 1374 terium.
1150 1344 1227 1374 Nihil
1254 1353 1343 1375 autem
1368 1346 1467 1375 horum
1496 1347 1674 1376 committitur
1683 1369 1691 1383 ,
1713 1347 1760 1376 ubi

1025 1390 1161 1413 servatum
1174 1384 1255 1413 fuerit
1267 1385 1366 1414 Christi
1384 1385 1550 1415 mandatum.
1563 1388 1613 1416 55.
1627 1389 1702 1415 Item
1714 1387 1760 1416 di-

1017 1429 1094 1452 ctum
1108 1428 1162 1459 est,
1172 1424 1241 1452 Non
1263 1426 1427 1464 perjurabis
1440 1437 1448 1453 .·
1471 1425 1574 1454 reddes
1588 1432 1684 1454 autem
1698 1426 1760 1454 Do-

1017 1464 1096 1491 mino
1115 1463 1286 1502 juramenta
1308 1471 1369 1493 tua.
1393 1465 1443 1499 54,
1467 1466 1532 1504 Ego
1555 1471 1654 1493 autem
1674 1465 1740 1494 dico
1750 1487 1758 1502 ,

1018 1512 1077 1530 non
1087 1503 1189 1541 jurare
1202 1505 1331 1539 omnim,
1346 1510 1398 1533 etc.
1414 1504 1484 1533 Ecce
1501 1510 1629 1542 quartum
1648 1504 1760 1534 manda-

1017 1548 1086 1577 tum,
1097 1541 1169 1580 quod
1179 1541 1319 1571 minimum
1329 1549 1424 1582 putant
1433 1544 1519 1579 avari,
1533 1543 1581 1582 qui
1591 1543 1659 1573 bene
1666 1543 1760 1583 jurare

1017 1591 1070 1610 non
1113 1587 1188 1610 utant
1207 1591 1263 1610 esse
1283 1589 1432 1621 peccatum,
1445 1582 1503 1612 sine
1521 1593 1576 1621 quo
1597 1593 1651 1612 non
1673 1590 1761 1623 potest

1017 1627 1086 1649 stare
1108 1621 1164 1659 egis
1181 1620 1345 1650 mandatum.
1363 1622 1431 1651 Nam
1445 1622 1497 1652 nisi
1516 1622 1702 1662 juramentum
1715 1622 1760 1651 in—

1015 1659 1171 1695 terdicatur,
1181 1670 1234 1688 non
1247 1667 1360 1700 possunt
1374 1662 1507 1701 amputari
1522 1661 1651 1701 perjuria.
1667 1662 1711 1692 Ex
1711 1662 1760 1707 ju-

1016 1706 1136 1728 ramento
1143 1699 1215 1728 enim
1222 1699 1373 1739 perjurium
1382 1708 1533 1740 generatur.
1540 1702 1624 1730 Nemo
1629 1708 1668 1730 est
1675 1712 1759 1738 enim,

1016 1739 1064 1777 qui
1077 1739 1230 1777 frequenter
1239 1739 1328 1778 jurat,
1349 1747 1375 1769 et
1388 1750 1441 1770 non
1461 1740 1607 1780 aliquando
1627 1741 1757 1780 perjuret.

1017 1780 1128 1818 Propter
1141 1778 1193 1808 hoc
1207 1778 1331 1808 admonet
1351 1780 1477 1810 Salomon
1495 1792 1501 1809 ε
1521 1780 1590 1809 Non
1610 1790 1760 1810 assuescas
1768 1786 1901 1818 Eccita-‘⁴19

1013 1820 1182 1858 juramento
1192 1828 1224 1847 os
1235 1825 1318 1848 tuum
1324 1830 1338 1856 ,·
1347 1819 1455 1849 multus
1465 1821 1542 1848 enim
1551 1824 1636 1849 c'asus
1649 1822 1682 1848 in
1692 1820 1756 1850 illo.

1017 1859 1094 1888 Sicut
1106 1857 1179 1887 enim
1193 1858 1241 1896 qui
1259 1859 1320 1887 facit
1333 1859 1555 1888 consuetudinem
1567 1859 1653 1888 multa
1672 1859 1760 1897 loqui,

1018 1908 1122 1927 necesse
1140 1904 1180 1926 est
1199 1904 1229 1926 ut
1246 1897 1391 1936 aliquando
1403 1905 1431 1928 et
1452 1899 1603 1938 importuna
1622 1899 1760 1938 loquatur,

1018 1937 1102 1976 etqui
1120 1937 1182 1966 facit
1202 1937 1422 1968 consuetudinem
1442 1938 1592 1977 frequenter
1611 1948 1692 1967 manu
1713 1949 1762 1968 sua

1018 1984 1165 2016 percutere,
1178 1986 1282 2005 necesse
1295 1984 1334 2006 est
1347 1985 1376 2007 ut
1389 1977 1533 2016 aliquando
1551 1985 1576 2010 et
1593 1977 1691 2017 injuste
1704 1989 1762 2018 per-

1018 2016 1119 2045 cutiat:
1135 2016 1173 2044 sic
1185 2015 1232 2054 qui
1249 2016 1310 2045 facit
1331 2016 1547 2046 consuetudinem
1563 2017 1657 2056 jurare
1672 2017 1701 2046 in
1715 2028 1762 2046 re-

226 2054 389 2094 concupiscit
414 2055 565 2090 mulierem,
592 2055 642 2083 etsi
665 2065 717 2084 non
743 2056 867 2085 habuerit
891 2067 962 2092 eam,
981 2048 1070 2084 D‘bus
1102 2054 1220 2091 idoneis,
1243 2056 1394 2094 frequenter
1414 2063 1439 2085 et
1462 2057 1489 2084 in
1515 2056 1596 2085 rebus
1617 2056 1763 2095 superfluis

225 2093 391 2123 adulteratus
410 2101 448 2123 est
466 2104 524 2122 eam
538 2094 565 2122 in
585 2093 664 2122 corde
684 2105 742 2131 suo,
760 2095 823 2134 quia
840 2096 965 2125 voluntas

225 2133 283 2172 ejus
298 2132 425 2172 impedita
439 2140 488 2166 est,
503 2143 555 2161 non
569 2140 694 2162 correcta.
709 2135 754 2163 Sic
764 2135 811 2173 qui
825 2134 883 2164 odit
897 2146 965 2164 uxo-

226 2183 283 2202 rem
298 2183 384 2207 suam,
398 2179 506 2212 excepta
522 2172 704 2201 fornicationis
716 2184 804 2209 causa,
820 2174 894 2203 etsie
905 2185 964 2204 eam

226 2212 292 2248 odit,
305 2218 334 2240 ut
347 2211 466 2240 dimittat
479 2222 547 2243 eam.
561 2218 590 2240 ut
602 2218 628 2240 et
641 2212 692 2240 nisi
705 2213 813 2242 haberet
831 2214 964 2243 licentiam

226 2250 377 2280 dimittendi
389 2262 458 2287 eam,
473 2250 603 2280 occideret
614 2262 671 2281 eam
683 2263 690 2279 ι
704 2251 730 2279 in
743 2252 823 2281 corde
836 2263 885 2282 suo
897 2253 965 2282 occi-

227 2291 267 2320 dit
277 2302 347 2327 eam,
362 2297 492 2328 quantum
505 2290 540 2319 ad
554 2292 651 2326 Deum,
664 2291 727 2329 quia
743 2301 811 2330 opus
824 2292 964 2322 homicidii

226 2330 312 2359 defuit
324 2331 357 2366 ei,
367 2340 420 2358 non
434 2329 571 2359 occidendi
586 2330 722 2358 voluntas.
734 2330 820 2360 Vides
830 2342 892 2370 crgo
901 2332 964 2370 quia

226 2370 270 2399 lex
296 2369 453 2409 praecipiens
474 2369 533 2398 dari
554 2368 709 2409 repudium,
732 2379 800 2409 opus
823 2370 963 2400 homicidii

225 2410 402 2449 compescuit,
413 2419 464 2437 non
474 2409 629 2449 peccatum?
641 2409 676 2438 Et
685 2419 738 2438 non
749 2409 837 2438 solum
850 2409 963 2438 homici-

225 2448 264 2477 dii
278 2449 378 2478 crimen
400 2459 451 2477 non
473 2448 592 2484 sustulit,
606 2455 735 2486 quantum
756 2448 791 2477 ad
807 2450 903 2484 Deum⁷
918 2449 964 2478 sed

226 2488 304 2516 eliam
324 2489 438 2517 alterum
457 2487 622 2517 dimissionis
642 2487 793 2517 introduxit
814 2495 961 2528 peccatum.

228 2527 361 2563 Quoniam
381 2528 490 2557 libellus
510 2527 617 2573 repudii
636 2527 817 2556 testimonium
831 2534 870 2556 est
883 2527 964 2556 soluti

153 2575 216 2591 vau
227 2566 360 2605 conjugii,
384 2566 516 2606 numquid
537 2566 642 2606 justitia
669 2566 792 2596 solvendi
818 2567 963 2613 conjugi-i?

227 2607 377 2644 Propterea,
391 2606 453 2636 dato
470 2607 594 2646 repudio,
607 2606 725 2636 solutum
743 2606 851 2645 quidem
870 2616 963 2646 conju-

1018 2095 1097 2124 etiam
1111 2094 1205 2123 nolens
1217 2095 1409 2124 consuetudine
1420 2095 1540 2124 trahente
1552 2095 1681 2134 perjurat.
1695 2096 1761 2126 Nam

1019 2134 1139 2163 omnium
1161 2144 1251 2163 rerum
1279 2134 1512 2170 consuetudinem,
1535 2133 1643 2172 quando
1666 2134 1763 2164 volue-

1019 2174 1105 2203 rimus
1124 2173 1246 2211 quidem,
1269 2180 1330 2202 tunc
1352 2174 1481 2209 facimus,
1506 2173 1553 2203 sed
1573 2183 1625 2202 non
1655 2173 1762 2212 quando

1019 2214 1157 2248 volumus,
1169 2219 1232 2242 tunc
1244 2213 1400 2252 repellimus
1412 2223 1481 2242 eam.
1497 2214 1532 2242 Et
1541 2212 1629 2252 qualis
1646 2220 1686 2242 est
1696 2224 1762 2243 con-

1019 2260 1059 2282 tra
1074 2253 1195 2293 jurantes
1216 2253 1266 2281 Dei
1281 2253 1421 2289 sententia,
1437 2252 1514 2282 docet
1531 2252 1657 2282 Salomon
1673 2264 1680 2281 ε
1696 2254 1759 2290 Vir,
1774 2256 1866 2277 [fldem.
1879 2264 1902 2277 v.

1018 2292 1124 2331 inquit,
1149 2292 1271 2321 multum
1287 2293 1414 2331 jurans,
1431 2303 1490 2321 non
1511 2293 1587 2321 exiet
1613 2292 1704 2332 plaga
1725 2293 1809 2321 dem·

1019 2333 1105 2361 domo
1119 2333 1192 2371 ejus.
1208 2331 1238 2360 Si
1251 2342 1314 2371 ergo
1328 2343 1344 2360 a
1355 2332 1508 2371 jurantibus
1522 2331 1599 2371 plaga
1614 2342 1667 2360 non
1689 2342 1760 2360 rece·

1018 2371 1070 2406 dit,
1085 2370 1220 2410 quomodo
1232 2382 1248 2400 a
1263 2371 1464 2411 perjurantibus
1481 2370 1626 2409 aliquando
1637 2370 1761 2399 recedet?

1019 2411 1070 2440 Dic
1084 2410 1165 2447 mihi,
1180 2410 1275 2447 amice,
1288 2410 1405 2451 jurando
1424 2410 1491 2449 quid
1512 2409 1643 2449 proficis?
1655 2410 1725 2439 Nam
1738 2409 1762 2439 si

1019 2450 1188 2479 adversarius
1200 2457 1264 2479 tuus
1275 2450 1392 2479 crederet
1401 2450 1468 2479 bene
1477 2456 1502 2478 te
1511 2450 1677 2489 juraturum,
1687 2459 1762 2478 num-

1019 2500 1100 2527 quam
1116 2496 1141 2518 te
1152 2489 1244 2528 jurare
1257 2489 1427 2529 compelleret
1442 2501 1449 2518 ε
1464 2488 1511 2518 sed
1524 2488 1588 2527 quia
1601 2488 1761 2533 perjuratu-

1019 2539 1080 2556 rum
1092 2535 1117 2557 te
1130 2529 1252 2565 aestimat,
1272 2529 1332 2558 ideo
1344 2535 1370 2560 te
1382 2528 1474 2568 jurare
1487 2527 1634 2568 compellit.
1651 2528 1688 2557 Et
1699 2538 1762 2557 cum

1015 2567 1160 2607 juraveris,
1175 2578 1227 2597 non
1240 2568 1315 2606 quasi
1329 2568 1356 2597 in
1369 2568 1479 2598 veritate
1487 2568 1634 2608 juramenti
1648 2567 1686 2596 tui
1701 2567 1762 2607 pla-

1019 2614 1093 2636 catus
1106 2614 1191 2644 tacet,
1205 2607 1253 2637 sed
1267 2607 1343 2646 quasi
1357 2607 1385 2637 in
1398 2606 1567 2637 damnatione
1590 2606 1703 2647 perjurii
1723 2606 1763 2636 tui
