1904 2840
102 845 123 860 1.
137 838 190 860 Cor.
204 836 240 859 ¹5.

102 869 142 893 52.

104 1037 244 1067 Apoe.t.10.

104 1069 127 1098 4.
142 1073 164 1090 et
182 1077 202 1090 c.
221 1068 245 1091 8.

103 1108 144 1129 per
164 1104 235 1122 totum
240 1117 245 1122 .

247 163 323 213 962

849 169 932 192 OPUS
959 168 1204 193 lMPERFEC'rtJM

247 237 330 269 venit.
354 237 395 266 Ne
418 235 486 264 forte
509 243 563 264 non
576 232 748 302 praeparandi
769 242 862 269 causa,
879 230 928 261 sed
941 238 995 261 ter-
1011 234 1033 258 Α
1049 238 1155 277 scutum
1166 231 1252 271 frangi
1263 238 1310 262 aut
1323 232 1427 273 rumpi,
1444 244 1506 264 cum
1518 233 1634 264 audierit
1647 234 1750 272 tubam,
1770 242 1798 265 et

247 277 324 307 rendi
344 277 395 305 ista
408 275 554 314 Scripturae
587 272 748 319 oquuntur?
761 271 819 310 Qui
837 278 927 301 autem
941 281 995 300 non

249 327 310 347 vere
333 314 419 346 credit
445 321 703 343 consummationem
727 322 784 342 esse
826 312 997 351 mpinqmm,

249 366 300 386 non
311 366 345 384 ex
355 354 446 384 verbis
457 364 516 393 quae
529 353 606 389 dicit,
614 360 661 382 aut
669 352 754 388 audit,
825 361 882 380 exo
919 351 996 380 ribus

248 407 308 435 quae
321 395 387 435 agit,
401 394 582 434 cognoscitur.
598 393 654 430 Qui
668 393 741 422 enim
753 402 814 422 vere
827 401 857 420 cr
893 391 914 420 it
927 400 995 419 con-

248 434 454 465 summationem
476 444 533 462 esse
556 433 746 474 propinquam,
766 430 837 460 nihil
861 437 936 459 curat
960 429 995 459 de

248 475 362 511 mundo,
375 485 423 504 nec
436 473 463 502 in
478 479 613 513 posterum
633 471 739 511 aliquid
750 477 838 500 servat
850 482 856 499 ε
869 470 933 509 quia
946 480 995 498 nec

248 525 360 556 peregre
372 514 497 543 exiturus
509 512 615 552 aliquid
629 523 720 541 secum
732 517 820 552 portat
833 511 862 539 in
873 510 929 547 via,
942 509 996 538 nisi

248 557 317 585 forte
342 554 449 594 panem,
471 563 552 592 quem
581 552 758 582 necessarium
786 550 867 579 habet
889 549 918 578 iu
938 549 995 579 via.

249 597 279 625 6.
302 595 404 624 Media
423 599 507 622 nocte
520 593 632 622 clamor
641 593 749 633 sactus
767 597 820 626 ese,
845 589 922 628 quasi
942 588 998 618 cla-

249 645 310 664 mor
323 632 545 675 praecurrentium
558 639 585 662 et
605 630 813 672 praetubantium
827 629 995 668 angelorum.

250 675 307 712 Qui
331 673 452 704 clamor?
474 673 552 702 Ecce
574 681 695 712 sponsus
719 671 820 704 venit,
845 670 921 698 exite
942 670 997 697 ob·
1013 684 1023 689 —

253 716 331 744 viam
350 716 388 742 ei.
401 712 482 743 Unde
506 719 584 752 putas
601 712 680 752 jubet
693 710 790 739 exire?
802 709 837 738 de
858 708 996 741 domibus,

251 753 286 783 de
304 753 460 784 civitatibus
471 753 485 781 Ρ
503 753 563 782 Νοη
575 763 584 790 ;
605 761 654 781 nec
668 750 741 780 enim
756 756 796 779 est
810 749 894 778 ratio:
905 747 954 778 sed
969 754 998 777 ut

251 800 346 824 exeant
359 793 394 822 de
404 792 517 828 mundo,
532 798 626 821 exeant
636 790 671 820 de
680 790 774 828 iniqua
789 788 877 818 carnis
890 795 997 817 natura.

251 834 297 865 Ex
305 844 337 864 eo
350 832 424 872 quod
436 843 449 860 a
473 832 574 861 ostolus
587 831 635 865 ait,
651 831 678 859 iu
693 829 838 858 novissima
851 827 916 857 tuba
927 838 1000 856 mor-

252 879 313 904 tuos
324 873 441 903 suscitan
462 882 491 901 os
508 884 514 899 :
956 906 961 911 ·

253 914 398 943 clamorem
421 912 502 940 illum
526 921 591 947 esse,
615 909 650 939 de
676 919 730 947 quo
751 908 883 937 Dominus
908 906 997 935 dicit:

253 955 332 984 Ecce
355 953 469 982 clamor
481 951 577 990 factus
593 956 646 979 est.
662 948 837 979 AEstimemus
855 947 1000 976 clamorem

254 1004 310 1023 esse
333 993 460 1022 tubarum
486 989 711 1031 praecedentium,
738 998 806 1027 quas
836 987 954 1017 Joannes
973 987 1000 1015 1η

255 1032 430 1063 Revelatione
443 1042 492 1060 sua
511 1029 647 1070 exposuit,
662 1038 779 1068 quarum
802 1027 929 1056 tubarum
942 1026 999 1055 cla-

257 1083 343 1102 mores
364 1078 426 1102 sunt
450 1071 508 1111 ipsa
523 1070 611 1109 signa,
635 1079 696 1108 quae
719 1068 790 1097 fiunt
811 1066 846 1095 ab
871 1066 920 1095 eis.
945 1065 1002 1103 Qui

256 1123 320 1152 ergo
336 1110 462 1150 intelligit
476 1110 525 1139 illa
545 1110 620 1149 signa
639 1107 780 1138 clamantia
794 1106 887 1135 saeculi
903 1105 1002 1141 finem,

255 1152 303 1181 ille
325 1151 401 1181 audit
419 1151 565 1181 clamorem
589 1149 718 1178 tubarum
731 1145 917 1190 clamantium,
938 1146 1003 1190 quia

256 1192 330 1222 venit
344 1201 470 1232 sponsus,
485 1199 601 1229 quarum
616 1198 710 1219 vocem
730 1197 783 1216 non
796 1195 916 1226 corporis
929 1195 1003 1214 auris

256 1231 343 1267 audit,
361 1230 409 1260 sed
432 1230 527 1259 animae
547 1229 709 1258 intellectus.
725 1228 754 1256 Ὺ.
773 1226 854 1255 Tunc
867 1235 1001 1254 surrexe·

256 1277 326 1300 runt
336 1281 435 1300 omnes
449 1271 577 1308 vIrgines
590 1268 663 1297 illae.
679 1268 736 1297 Hoc
748 1273 798 1303 est,
819 1276 883 1295 cum
901 1264 1003 1294 clamor

256 1312 341 1340 factus
355 1310 447 1344 fuerit,
463 1319 515 1338 non
534 1308 622 1337 solum
639 1307 716 1347 justi,
736 1305 783 1335 sed
807 1305 888 1334 etiam
908 1314 1002 1344 pecca-

256 1358 326 1380 tores
344 1349 379 1379 de
401 1359 495 1378 somno
514 1347 683 1387 negligentiae
702 1351 821 1385 surgent.
833 1345 914 1373 Tunc
934 1343 1002 1372 inci—

257 1391 331 1431 pient
344 1390 439 1418 timere
455 1395 482 1417 et
501 1387 626 1416 festinare
635 1409 643 1421 ‚
663 1393 728 1415 ωηο
740 1383 849 1414 credent
863 1383 926 1421 quia
940 1393 1003 1412 vere

257 1429 393 1459 finiendus
416 1435 456 1457 est
479 1426 608 1456 mundus.
630 1426 700 1455 Nam
715 1423 944 1464 quemadmodum
958 1433 1003 1451 se-

257 1470 357 1499 curitas
381 1469 461 1497 etiam
481 1466 625 1506 diligentes
645 1465 767 1494 homines
785 1463 948 1502 negligentes
961 1463 1003 1491 fa-

259 1510 295 1539 cit
315 1522 321 1538 z
347 1508 387 1538 sic
409 1508 491 1537 timor
512 1506 649 1546 praesentis
675 1503 790 1544 periculi
814 1503 893 1532 etiam
918 1501 1004 1546 negli-

178 1566 251 1583 ccxffi
261 1556 350 1589 gentes
363 1547 485 1577 homines
504 1546 614 1575 exhibet
631 1544 792 1584 diligente55
816 1541 864 1571 sed
884 1541 1006 1571 nihileis

282 1588 383 1618 roderit
396 1586 536 1626 diligentia
556 1586 616 1622 illa,
632 1594 715 1623 quam
728 1589 835 1623 generat
848 1582 938 1617 timor,
952 1591 1006 1610 non

260 1601 338 1658 (Rides.
353 1629 432 1657 Tunc
445 1626 606 1665 intelligent,
620 1624 686 1663 quia
699 1623 768 1652 nihil
781 1629 822 1651 est
834 1621 908 1660 quod
926 1621 1004 1651 vixe-

261 1675 325 1698 runt
343 1668 369 1696 in
387 1666 499 1696 mundo.
516 1666 594 1695 Tunc
617 1663 745 1704 incipient
770 1672 874 1702 sapere,
897 1660 1006 1700 quando

260 1708 330 1737 nihil
352 1707 391 1736 eis
415 1706 534 1747 proderit
560 1705 690 1745 sapuisse.
716 1704 759 1732 Et
784 1707 1007 1740 composuerunt

263 1747 414 1788 lampades
437 1756 516 1776 suas.
543 1745 575 1775 Id
597 1751 646 1779 est,
672 1750 736 1773 tunc
760 1742 889 1781 incipient
915 1751 1006 1770 omues

262 1799 291 1818 as
313 1788 381 1818 icere
394 1794 420 1816 et
433 1786 566 1815 discutere
580 1784 664 1814 fldem
683 1793 758 1812 suam
773 1794 779 1811 :
797 1789 861 1810 tunc
884 1780 1007 1810 conside-

264 1839 292 1858 ra
314 1835 362 1857 unt
374 1826 474 1866 singuli
488 1836 569 1865 opera
583 1835 642 1860 sua,
661 1823 709 1862 qui
722 1823 790 1851 bene
809 1822 937 1856 fecerunt,
959 1820 1007 1859 qui

265 1868 346 1904 male,
367 1874 394 1896 et
407 1865 610 1904 interrogabunt
624 1862 798 1893 conscientias
818 1871 888 1890 suas.
907 1862 1008 1897 Quem-

265 1907 411 1937 admodum
432 1905 505 1935 enim
523 1910 718 1944 superventuro
739 1911 836 1946 sponso
857 1900 964 1929 festinat
981 1909 1010 1928 se

265 1957 363 1987 sponsa
376 1955 543 1986 componere,
556 1954 589 1973 ne
601 1943 669 1972 forte
680 1952 714 1971 ex
727 1941 817 1980 aliqua
830 1947 904 1980 parte
917 1939 1011 1979 displi-

265 1994 323 2016 ceat
348 1996 466 2026 sponso:
488 1985 525 2014 ita
546 1982 647 2023 singuli
671 1981 826 2020 semetipsos
848 1979 1011 2020 judicabunt

265 2026 341 2066 apud
353 2036 391 2055 se.
405 2026 461 2055 Hoc
470 2031 508 2053 est
517 2023 590 2052 enim
623 2032 752 2061 raeparare
764 2020 830 2050 fides
843 2030 915 2049 suas.
929 2018 1011 2056 Quod

266 2067 291 2096 si
314 2076 418 2104 semper
438 2074 486 2093 nos
508 2064 545 2092 ita
568 2033 762 2102 judicaremus,
784 2058 1012 2099 quemadmodum

266 2113 333 2135 tunc
346 2103 489 2144 iudicaturi
509 2112 613 2136 sumus,
636 2111 784 2139 numquam
802 2109 972 2139 peccaremus
985 2098 1013 2127 in

268 2147 366 2175 Deum.
387 2144 464 2174 Sicut
482 2152 545 2181 ergo
565 2141 644 2181 virgo
660 2140 787 2169 deformis
800 2146 826 2168 et
839 2139 938 2168 debilis
956 2138 1014 2167 sine

266 2195 351 2215 causa
368 2194 396 2213 se
414 2182 560 2222 componit,
585 2181 625 2210 sic
644 2187 669 2209 et
693 2187 757 2209 tunc
781 2185 933 2219 peccatores
956 2178 1014 2207 sine

270 2235 350 2254 causa
364 2234 391 2253 se
410 2221 611 2262 praeparabunt.
630 2219 786 2249 Naturalem
804 2229 860 2247 rern
880 2218 1011 2257 loquitur.

271 2265 347 2294 Sicut
359 2274 409 2293 rex
420 2272 481 2291 cum
496 2268 609 2301 tyranno
623 2260 727 2288 bellum
739 2259 868 2294 facturus,
884 2258 908 2287 si
922 2257 1018 2287 volue-

271 2304 307 2333 rit
325 2303 442 2344 aspicere
459 2300 619 2335 exercitum,
639 2305 664 2328 et
683 2298 851 2328 considerare
866 2308 938 2326 arma
960 2297 1020 2325 illo-

272 2354 344 2381 rum,
357 2343 436 2383 jubet
450 2340 518 2371 mitti
538 2340 642 2376 tubam,
659 2345 689 2368 ut
705 2338 770 2367 fiant
790 2337 920 2366 admoniti
930 2349 938 2374 3
956 2343 1018 2367 tunc

272 2394 364 2412 omnes
375 2381 474 2412 milites
488 2381 612 2410 festinant
625 2389 699 2408 arma
713 2388 762 2406 sua
776 2377 906 2417 aspicere,
923 2377 970 2406 ubi
984 2377 1020 2406 sit

273 2422 380 2463 gladius
394 2423 464 2462 ejus,
484 2421 531 2449 ubi
548 2419 632 2449 lorica
645 2419 681 2448 sit
694 2417 790 2458 posita,
811 2417 857 2445 ubi
870 2418 939 2456 jacet
956 2427 1018 2445 scu-

275 2470 332 2492 tum
344 2474 350 2491 1
366 2469 391 2491 et
405 2461 453 2500 qui
467 2459 615 2490 securitatis
633 2465 752 2498 tempore
766 2467 839 2486 arma
853 2467 901 2486 sua
915 2455 1021 2485 studuit

274 2501 445 2531 immaculata
454 2499 600 2535 custodire,
610 2504 720 2538 paratus
728 2503 753 2527 et
759 2497 836 2526 laetus
846 2496 930 2526 currit
937 2495 972 2525 ad
985 2496 1022 2525 in-

277 2542 439 2581 spectionem
455 2552 462 2568 :
480 2547 507 2569 et
525 2539 572 2578 qui
592 2546 710 2578 tempore
729 2536 880 2566 securitatis
900 2535 1022 2575 gladium

276 2592 356 2611 suum
364 2580 512 2620 aeruginare
521 2578 665 2616 dimiserit,
677 2584 724 2607 aut
736 2577 848 2607 loricam
857 2576 1020 2613 sordescere,

531 871 612 900 datur
624 870 702 899 nobis
719 868 822 898 occasio
836 866 997 903 aestimandi‚
1009 882 1014 885 —

1048 282 1106 340 311111
1118 271 1228 311 quidem
1245 272 1380 302 excitatus
1394 273 1489 303 timore
1503 274 1611 305 festinat
1626 274 1720 304 limare
1736 274 1795 315 gla-

1069 311 1126 340 ium
1134 322 1226 347 suum,
1235 311 1373 352 detergere
1383 312 1505 351 loricam,
1517 314 1602 354 ligare
1610 321 1658 343 aut
1665 314 1796 354 stringere

1049 357 1168 395 scutum,
1182 350 1231 380 scd
1238 361 1292 380 non
1301 352 1400 392 poterit
1408 353 1495 382 celare
1507 353 1578 393 negli
1598 354 1697 383 entiam
1706 365 1795 391 suam,

1050 401 1114 429 quia
1123 401 1221 430 urgens
1229 392 1371 421 necessitas
1380 402 1434 421 non
1445 393 1578 432 perurittit
1614 393 1659 432 ngi
1667 394 1797 434 temporis

1049 440 1119 470 opus
1133 430 1247 470 implere
1258 442 1267 459 1
1283 431 1322 460 51ο
1331 438 1358 460 et
1365 431 1476 461 domino
1484 432 1593 462 absente
1602 433 1692 463 malus
1703 444 1798 465 servus

1050 480 1103 499 non
1115 470 1211 510 aspicit
1224 480 1304 510 opera
1316 482 1375 507 sua,
1391 471 1465 510 quod
1483 471 1557 508 facit,
1573 472 1642 511 quid
1654 482 1708 502 non
1721 473 1797 509 faut,

1050 516 1097 539 aut
1115 510 1251 548 quomodo
1269 510 1374 541 credit:
1393 521 1443 541 nec
1468 511 1577 551 cogitat,
1592 512 1655 551 quia
1668 519 1800 543 venturus

1050 556 1090 579 est
1102 549 1229 579 dominus
1238 551 1307 590 ejus,
1322 557 1348 580 et
1360 561 1440 591 opera
1451 558 1650 591 perspecturus,
1664 559 1691 582 et
1703 552 1798 583 fidem:

1050 589 1098 619 sed
1123 600 1185 619 cum
1205 589 1306 620 viderit
1327 601 1390 620 eum
1410 590 1562 622 venientem
1583 591 1707 631 delonge‚
1736 600 1800 623 tunc

1051 629 1146 669 aspicit
1160 640 1238 670 opera
1254 641 1313 667 sua,
1328 637 1392 660 tunc
1406 630 1502 671 incipit
1519 630 1656 668 festinare,
1669 632 1716 662 sed
1731 633 1799 662 nihil

1051 669 1075 698 ei
1089 669 1210 709 proderit
1222 670 1356 699 festinatio
1369 671 1439 710 ejus,
1457 670 1520 709 qnia
1532 670 1682 700 multorum
1693 672 1801 702 dierum

1051 709 1216 749 negligentia
1230 720 1282 739 non
1295 717 1383 750 potest
1398 719 1450 739 una
1467 710 1532 740 hora
1554 711 1670 751 expleri.
1690 712 1721 742 8.
1738 713 1800 741 Fa-

1053 755 1110 778 tuoe
1124 756 1223 778 autem
1241 751 1421 788 sapientibus
1444 750 1601 779 dixerunt.-
1616 751 1696 780 Date
1717 753 1801 781 nobis

1052 789 1089 817 de
1102 789 1166 818 oleo
1180 797 1289 825 vestro,
1305 791 1375 829 quia
1393 790 1545 829 lampades
1564 797 1672 820 nostroe
1692 793 1802 821 exstin-

1018 835 1036 858 Β
1052 835 1189 868 guantur.
1209 829 1400 868 Exstinguitur
1419 830 1522 869 lampas
1542 830 1671 868 hominis,
1692 831 1803 871 quando

1053 867 1122 897 fides
1135 869 1195 908 ejus
1207 868 1298 898 deficit
1306 879 1337 898 ac
1348 868 1479 908 desperat.
1498 870 1573 900 Sicut
1586 871 1658 900 enim
1671 872 1718 910 qui
1734 872 1802 902 bene

1053 907 1105 936 sibi
1132 907 1256 938 conscius
1281 915 1331 943 est,
1358 908 1521 938 fiducialiter
1547 917 1573 939 et
1598 911 1802 950 magnanimiter

1053 947 1109 986 agit
1121 947 1367 985 :quemadmodum
1380 949 1402 978 51
1417 949 1478 988 quis
1491 949 1581 979 infuso
1591 951 1651 980 oleo
1665 950 1747 980 addat
1760 952 1804 981 lu-

1053 997 1115 1016 men
1126 987 1252 1022 lucerme,
1263 989 1302 1017 sic
1311 994 1338 1017 et
1347 988 1394 1017 ille
1404 987 1615 1019 consideratione
1625 1000 1739 1031 operum
1752 991 1802 1021 ho-

1054 1037 1151 1056 norum
1164 1037 1276 1056 suorum
1288 1027 1463 1068 semetipsum
1475 1029 1616 1067 confortat,
1629 1037 1656 1060 et
1669 1030 1733 1060 fidei
1746 1042 1802 1061 suae

1054 1066 1132 1096 addit
1151 1066 1300 1096 audaciam.
1326 1067 1383 1104 Qui
1402 1074 1492 1097 autem
1513 1068 1566 1098 sihi
1585 1069 1656 1099 male
1680 1071 1803 1100 conscius

1054 1114 1104 1143 est,
1119 1117 1225 1146 semper
1238 1106 1422 1146 pusillanimis
1435 1118 1466 1137 ac
1479 1107 1591 1138 timidus
1602 1116 1651 1139 est.
1663 1111 1698 1140 Et
1713 1121 1806 1150 quem-

1054 1145 1203 1175 admodum
1212 1146 1346 1176 subducto
1357 1147 1417 1177 oleo
1425 1147 1559 1178 minuitur
1570 1148 1663 1179 lumen
1673 1150 1803 1188 lucernae,

1054 1185 1094 1215 sic
1106 1193 1133 1215 et
1144 1186 1191 1215 ille
1201 1186 1413 1216 consideratione
1422 1197 1535 1228 operum
1546 1199 1659 1219 suorum
1670 1190 1804 1220 malorum

1058 1226 1232 1265 semetipsum
1248 1225 1406 1262 confundit,
1425 1233 1451 1257 et
1470 1226 1621 1258 infidelitati
1640 1240 1696 1259 suae
1715 1229 1806 1260 adhuc

1054 1265 1234 1295 diffidentiam
1248 1266 1332 1296 addit.
1346 1266 1412 1296 Ideo
1430 1277 1494 1307 ergo
1513 1268 1636 1298 timentes
1651 1275 1804 1309 peccatores

1055 1305 1092 1334 ad
1104 1312 1209 1335 sanctos
1222 1306 1324 1335 dicturi
1337 1314 1419 1336 sunt:
1434 1307 1515 1336 Date
1525 1309 1610 1338 nobis
1620 1309 1658 1338 de
1675 1309 1741 1339 oleo
1754 1320 1803 1339 ve-

1056 1351 1116 1390 stro
1129 1357 1137 1373 :
1150 1345 1202 1373 hoc
1215 1352 1264 1380 est,
1281 1346 1339 1375 Vos
1351 1347 1448 1383 sancti,
1463 1347 1510 1386 qui
1519 1347 1625 1377 habetis
1636 1359 1652 1378 o
1673 1360 1717 1379 era
1728 1349 1804 1390 larga

1053 1385 1165 1423 justitiae
1179 1385 1340 1414 sufficientia
1362 1386 1439 1416 vobis
1452 1396 1504 1415 non
1525 1387 1615 1416 solum
1633 1399 1648 1416 a
1688 1388 1806 1419 evaden-

1022 1428 1042 1453 c
1056 1423 1119 1452 dam
1129 1434 1246 1463 poenam,
1259 1424 1307 1454 sed
1318 1424 1398 1454 etiam
1406 1425 1442 1455 ad
1451 1426 1566 1465 gloriam
1579 1428 1804 1466 consequendam,

1058 1463 1257 1493 accommodate
1277 1465 1356 1494 nobis
1374 1466 1511 1495 auxilium
1533 1477 1646 1506 operum
1671 1468 1806 1497 bonorum

1057 1509 1209 1534 vestrorum
1221 1515 1228 1531 2
1244 1503 1274 1533 id
1288 1511 1338 1539 est,
1354 1505 1514 1535 Intercedite
1529 1516 1579 1546 pro
1592 1507 1670 1536 nobis
1682 1515 1807 1548 peccato-

1058 1543 1134 1572 ribus
1145 1542 1180 1571 ad
1195 1544 1355 1580 Dominum,
1371 1545 1435 1583 quia
1451 1546 1554 1585 justitia
1567 1553 1656 1576 vestra
1670 1547 1807 1577 sufficiens

1061 1589 1101 1611 est
1111 1589 1137 1611 et
1147 1592 1194 1612 vos
1209 1583 1368 1622 glorificare,
1379 1591 1405 1614 et
1416 1594 1465 1614 ηο5
1479 1596 1616 1616 excusare.
1630 1588 1659 1616 9.
1675 1588 1806 1626 Respon-

1059 1623 1165 1651 derunt
1183 1629 1282 1652 autem
1304 1625 1473 1663 prudentes,
1493 1625 1622 1655 dicentes
1636 1638 1648 1655 .·
1663 1627 1709 1656 Ne
1746 1634 1810 1657 orte

1061 1672 1114 1691 nee
1128 1663 1223 1697 nobis,
1240 1673 1293 1693 nec
1314 1665 1400 1693 vobis
1413 1665 1554 1705 sufficiat.
1580 1666 1706 1696 Ostendit
1726 1677 1755 1696 1η
1774 1667 1808 1698 115

1059 1702 1160 1747 171311115,
1179 1702 1253 1741 quod
1275 1703 1312 1732 ita
1330 1704 1454 1733 futurum
1475 1712 1514 1734 est
1531 1705 1652 1735 terribile
1669 1705 1807 1747 judicium

1061 1741 1144 1778 1111111,
1163 1749 1193 1771 111
1210 1743 1287 1771 nulla
1307 1743 1458 1773 innocentia
1472 1745 1525 1774 sibi
1542 1745 1670 1776 confidat.
1692 1747 1728 1776 Et
1746 1757 1809 1777 vere

1061 1781 1123 1820 quis
1136 1782 1268 1811 esthemo
1279 1790 1358 1813 natus
1367 1783 1401 1813 de
1410 1784 1533 1821 muliere,
1549 1785 1597 1824 qui
1610 1785 1696 1817 credit
1706 1786 1809 1825 justum

1061 1831 1090 1850 5ο
1102 1831 1159 1850 esse
1172 1821 1363 1852 inveniendum
1380 1823 1408 1852 in
1428 1831 1572 1864 conspectu
1591 1825 1678 1862 illius,
1699 1825 1734 1855 de
1754 1836 1809 1866 quo

1062 1861 1231 1891 beatissimus
1248 1862 1301 1892 Job
1323 1862 1408 1892 dicit:
1421 1863 1521 1893 Stellae
1534 1866 1566 1893 in
1578 1872 1733 1904 conspectu
1747 1867 1811 1906 ejus
1820 1866 1871 1888 ³⁰⁶·
1885 1862 1904 1888 ²!

1063 1911 1124 1930 non
1137 1908 1205 1930 sunt
1218 1903 1345 1938 mundoe,
1369 1908 1398 1931 et
1412 1903 1516 1933 coelum
1529 1906 1592 1934 sine
1606 1907 1730 1935 crimine
1751 1917 1812 1935 non

1063 1946 1106 1969 est
1116 1942 1130 1967 P
1155 1941 1184 1970 Si
1209 1952 1273 1981 ergo
1295 1942 1477 1982 impeccabilis
1499 1949 1594 1974 natura
1623 1945 1763 1975 stellarum
1786 1952 1813 1975 et

1064 1980 1266 2019 caeli‚quantum
1276 1982 1311 2011 ad
1321 1982 1455 2022 justitiam
1466 1983 1529 2021 Dei,
1542 1983 1680 2014 invenitur
1690 1995 1746 2015 esse
1757 1996 1813 2026 pec-

1030 2025 1050 2049 D
1064 2020 1165 2049 catrix:
1181 2021 1317 2058 quomodo
1331 2028 1390 2050 ante
1404 2033 1466 2051 eum
1481 2023 1561 2053 homo
1574 2033 1701 2070 appareat
1709 2026 1811 2065 justus,

1066 2060 1144 2099 cujus
1158 2066 1184 2088 et
1193 2060 1251 2089 sine
1264 2061 1403 2091 voluntate
1416 2063 1543 2101 peccandi
1564 2070 1659 2092 natura
1678 2074 1737 2104 ipsa
1750 2075 1813 2104 pec-

1067 2105 1156 2128 catum
1170 2100 1230 2128 est?
1239 2099 1344 2129 dicente
1363 2101 1502 2140 apostolo:
1517 2103 1581 2142 Ego
1592 2110 1691 2132 autem
1704 2113 1813 2133 carna-
1823 2109 1904 2140 Rom.-¹

1068 2139 1105 2167 lis
1116 2148 1191 2175 sum,
1206 2140 1406 2169 venumdatus
1416 2142 1468 2169 sub
1481 2148 1601 2180 peccalo
1619 2154 1627 2170 .·
1644 2144 1725 2183 quod
1737 2145 1814 2173 enim
1823 2147 1895 2171 ····¹7·

1068 2188 1178 2217 oper-or,
1204 2190 1263 2207 non
1285 2180 1418 2219 intelligo
1427 2194 1439 2216 ,·
1456 2191 1515 2210 non
1536 2183 1614 2211 enim
1627 2183 1709 2222 quod
1729 2184 1814 2220 volo,

1068 2219 1124 2247 hoc
1146 2228 1202 2258 ago
1217 2231 1225 2247 .-
1241 2220 1293 2248 sed
1318 2219 1399 2259 quod
1422 2221 1502 2256 nolo,
1521 2221 1601 2251 illud
1612 2233 1686 2262 ago,·
1705 2229 1735 2252 et
1749 2225 1816 2263 jam

1069 2268 1128 2287 non
1141 2269 1194 2298 ego
1208 2269 1311 2297 operor·
1324 2259 1414 2296 illud,
1429 2261 1482 2289 sed
1493 2262 1574 2301 quod
1594 2263 1710 2292 habitat
1723 2264 1756 2293 in
1771 2274 1816 2292 me

1066 2304 1229 2338 peccatum.
1242 2299 1345 2328 Tantus
1357 2298 1438 2329 timor
1451 2307 1515 2329 tunc
1525 2301 1575 2331 erit
1589 2299 1721 2338 omnium,
1736 2303 1816 2332 etiam

1069 2345 1232 2375 sanctorum,
1246 2345 1275 2367 ut
1283 2348 1360 2368 nemo
1369 2349 1382 2367 s
1402 2347 1457 2369 eret
1464 2341 1599 2380 sejustum
1610 2341 1814 2378 inveniendum,

1069 2377 1116 2407 sed
1130 2377 1222 2407 adhuc
1233 2378 1324 2407 timeat
1337 2388 1369 2407 ne
1381 2350 1448 2408 gvi-te
1459 2390 1520 2409 reus
1534 2381 1652 2410 exsistat.
1665 2381 1734 2418 Quis
1745 2381 1818 2411 enim

1069 2425 1157 2458 potest
1169 2417 1204 2446 ad
1216 2418 1362 2457 perfectum
1373 2418 1524 2459 dijudicare
1532 2420 1718 2449 conscientiam
1728 2432 1817 2457 suam,

1070 2464 1099 2486 et
1119 2467 1277 2497 cognoscere
1290 2468 1336 2488 cor
1349 2468 1438 2495 suum,
1452 2469 1513 2488 cum
1527 2459 1657 2506 scriptum
1677 2460 1723 2496 sit,
1743 2462 1820 2500 Quia
1830 2467 1904 2492 Mau!

1073 2497 1110 2526 de
1123 2499 1202 2526 omni
1219 2499 1310 2527 verbo
1329 2501 1421 2528 otioso
1441 2499 1583 2528 redditur-1
1605 2509 1705 2529 sumus
1730 2502 1820 2530 ratio·
1831 2499 1869 2522 36.

1073 2539 1162 2566 nem?
1176 2537 1320 2574 Quomodo
1333 2548 1396 2578 ergo
1416 2547 1465 2578 pro
1483 2539 1668 2577 peccatoribus
1685 2546 1750 2570 tunc
1777 2540 1820 2569 in-

1073 2576 1207 2606 tercedant
1232 2578 1325 2616 sancti,
1348 2588 1412 2608 cum
1433 2577 1541 2607 timeant
1568 2578 1621 2618 ipsi
1640 2578 1675 2609 de
1691 2579 1738 2609 sc?
1751 2580 1820 2610 Nam
