1890 2826
637 199 796 223 SYNOPSIS
823 199 1011 222 SCRIPTURAE
1037 199 1147 223 SACRAE
1154 215 1161 223 .

118 261 227 300 Ἰσραὴλ
247 261 281 290 δι’
301 260 412 298 αἵματος
425 259 566 299 προὸἄτου.
589 259 642 288 Καὶ
660 259 705 288 ἐπὶ
721 259 768 298 μὲν
784 259 888 299 θανάτῳ

119 306 225 335 δικαίων
241 306 268 334 ἐν
282 305 384 345 ἐρήμῳ,
395 304 494 344 Ἀαρὼν
507 303 656 340 ἐξιλάσατο,
671 305 762 345 Κυρίῳ
775 317 888 345 προσευ-

118 351 228 390 ξάμενος
247 350 292 380 ml
313 350 443 389 θυμιάσας
452 362 459 368 ·
474 349 517 379 ἐπὶ
532 349 560 379 δὲ
575 349 679 390 Θανάτῳ
694 350 846 389 Αἰγυπτίων
861 352 888 380 ἐν

117 398 213 436 ἐρυθρᾷ
230 395 364 435 θαλάσσῃ,
380 395 531 434 ἀνελεήμων
546 395 642 434 θυμὸς,
656 398 702 425 τοῦ
715 396 742 425 δὲ
754 398 818 426 λαοῦ
832 408 888 425 πα-

118 441 223 482 ράδοξος
236 441 380 482 ὁδοιπορία.
394 441 460 471 “Ort
474 440 517 470 διὰ
531 440 679 480 μισοξενίαν
693 441 788 472 ἔπαθον
805 444 888 471 ταῦτα

116 489 141 516 οἱ
154 487 311 527 Αἰγύπτιοι,
329 489 363 521 ὣς
377 487 422 517 καὶ
436 488 460 517 οἱ
473 487 628 526 Σοδομῖται.
642 486 709 517 “Ort
722 488 756 517 τὰ
771 492 889 528 στοιχεῖα

117 533 255 563 ὑπόκειται
275 536 308 573 τῇ
331 533 388 573 θείᾳ
407 532 492 573 κρίσει
515 534 640 573 Χριστοῦ,
655 533 747 573 πρὸςὸ
765 534 888 573 βούλεται

117 578 293 619 ῥυθμιζόμενα
302 601 311 615 ,
324 581 360 613 ὡς
373 579 467 620 χορδαὶ
480 579 588 619 κιθάρας
608 581 646 619 τῷ
660 580 827 620 κιθαρίζοντι.
840 580 887 610 Ἐν
903 582 921 605 Β

115 622 154 659 οἷς
167 630 242 654 πᾶσα
260 624 369 664 δύναμις
389 628 437 662 τῆς
451 624 549 665 Σοφίας
564 626 736 665 Σολομῶντος
749 628 796 662 τῆς
808 627 887 666 λεγο-

119 671 203 710 μένης
216 671 382 711 Παναρέτου.

326 1147 474 1168 ΠΑΡΟΙΜΙΑΙ
492 1147 684 1168 ΣΟΔΟΜΩΝΤΟΣ.

159 1226 310 1266 Παροιμίαι
320 1227 491 1265 Σολομῶντος
502 1226 532 1255 τὸ
544 1225 645 1265 βιὸλίον
656 1227 785 1261 καλεῖται,
798 1224 889 1260 ἐπειδὴ

119 1273 166 1303 καὶ
185 1272 282 1306 ταύτας
303 1271 432 1311 Σολομῶν
453 1273 524 1301 ἔστιν
541 1274 556 1301 ὁ
575 1271 693 1307 λαλήσας
714 1271 759 1301 καὶ
778 1271 890 1311 γράψας.

119 1313 205 1352 Οὗτος
219 1317 247 1348 δὲ
266 1317 449 1356 διαδεξάμενος
461 1317 510 1353 τὴν
526 1316 662 1356 βασιλείαν
676 1316 760 1346 Δαυὶδ
775 1319 821 1345 τοῦ
836 1328 891 1345 πα-

120 1364 180 1404 τρὸς
191 1365 279 1398 αὐτοῦ,
292 1363 389 1400 ηὔξατο
409 1364 447 1403 τῷ
458 1363 521 1402 Θεῷ
530 1362 621 1392 λαὸεῖν
631 1362 724 1402 σοφίαν
734 1362 801 1401 ὑπὲρ
810 1363 891 1392 πλοῦ-

120 1421 182 1446 τον,
205 1409 250 1439 καὶ
269 1409 335 1449 ὑπὲρ
357 1408 460 1447 ἄμυναν
481 1409 592 1448 ἐχθρῶν.
611 1407 710 1437 Λαὸὼν
728 1407 824 1443 τοίνυν,
845 1408 891 1437 καὶ

1608 192 1680 238 439

939 259 1089 299 palpabiles
1103 260 1223 290 tenebras
1238 262 1264 290 in
1274 261 1416 301 AEgyptios
1427 261 1536 298 miserit,
1548 269 1572 291 et
1584 272 1642 301 quae
1652 263 1680 292 in

940 316 970 335 ea
987 316 1016 334 re
1032 306 1135 336 inerant
1153 307 1239 336 malaz
1264 307 1360 337 sanctis
1382 318 1447 338 vero
1467 308 1524 337 suis
1546 308 1634 338 lucem
1653 309 1680 338 in

940 352 1070 392 AEgypto,
1096 359 1122 382 et
1141 353 1293 383 columnam
1319 353 1389 393 ignis
1411 353 1439 382 in
1463 354 1609 383 solitudine
1632 361 1682 384 zet

940 397 1014 434 quod
1028 404 1137 438 propter
1148 398 1233 428 occidi
1244 399 1335 439 jussos
1354 399 1539 429 Isi-aiilitarum
1551 399 1662 430 infantes
1672 423 1679 437 ‚

941 442 1133 482 AEgyptiorum
1141 444 1332 483 primogenitos
1341 454 1422 480 mors,
1429 451 1455 474 et
1462 445 1535 485 ipsos
1540 445 1682 485 AEgyptios

939 488 1089 518 submersio
1102 489 1256 519 sustulerit:
1269 497 1300 519 ut
1322 501 1372 530 pro
1393 497 1479 520 morte
1490 490 1682 531 primogenito·

939 545 1001 564 rum
1015 535 1086 564 salus
1099 535 1192 564 Israeli
1204 546 1251 574 per
1262 536 1418 575 sanguinem
1431 536 1494 575 agni
1500 546 1621 566 concessa
1636 536 1681 565 sit.

940 582 974 611 Et
988 590 1038 620 pro
1050 587 1137 610 morte
1147 581 1284 620 justorum
1303 581 1331 609 in
1350 581 1496 611 solitudine
1506 605 1513 619 ,
1531 583 1619 611 Aaron
1632 583 1684 611 Do-

939 627 1043 656 minum
1057 625 1182 666 precibus
1204 632 1229 654 et
1248 625 1354 655 incenso
1376 626 1507 666 placarit:
1534 637 1584 667 pro
1599 634 1684 656 morte

938 682 1003 702 vero
1022 671 1212 711 AEgyptiorum
1226 671 1253 699 in
1266 670 1334 700 mari
1351 671 1458 709 Rubro,
1476 672 1556 701 fuerit
1574 672 1613 701 ira
1634 673 1684 702 Dei

938 719 1039 757 absque
1069 716 1254 747 misericordia
1264 740 1272 754 ‚
1303 724 1328 747 et
1355 718 1405 747 iter
1436 717 1532 757 populi
1555 718 1682 748 insolens.

938 763 1020 801 Quod
1034 770 1144 804 propter
1158 762 1382 792 inhumanitatem
1400 773 1463 802 erga
1480 762 1597 792 advenas
1615 765 1685 793 mala

939 811 990 840 ista
1009 809 1080 850 passi
1094 809 1147 839 sint
1169 808 1305 849 AEgyptii,
1320 807 1547 847 quemadmodum
1560 816 1586 838 et
1597 810 1683 839 Sodo-

943 858 1026 887 mitae.
1042 856 1124 894 Quod
1137 856 1267 885 elementa
1278 854 1372 886 divino
1386 854 1487 884 Christi
1499 854 1604 894 judicio
1617 857 1685 886 sub-

938 904 1003 939 sint,
1030 902 1066 932 ad
1093 901 1167 931 illius
1199 901 1342 940 imperium
1371 907 1463 941 parata
1484 900 1563 938 sicut,
1579 901 1686 932 chordae

940 949 1048 978 citharae
1058 948 1189 978 citharam
1198 946 1328 986 pulsanti.
1343 947 1375 975 In
1389 946 1433 976 his
1445 948 1684 987 comprehenditur

941 993 982 1022 vis
1010 992 1097 1022 omnis
1118 990 1259 1031 Sapientiae
1283 990 1434 1020 Salomonis
1459 1002 1519 1030 quae
1543 993 1685 1022 Panaretos

941 1043 1062 1066 vocatur.

1012 1140 1168 1159 PAROEMUAE
1190 1140 1241 1159 SEU
1264 1139 1426 1158 PROVERmA
1445 1139 1618 1159 sALomoms.

980 1222 1117 1254 Paroemiae
1133 1232 1180 1251 seu
1191 1221 1337 1252 Proverbia
1351 1220 1502 1251 Salomonis
1518 1229 1631 1253 vocatur
1643 1223 1688 1253 hic

941 1271 1020 1305 liber,
1032 1269 1096 1308 quia
1114 1267 1163 1297 illa
1180 1266 1306 1297 Salomon
1321 1272 1347 1295 et
1360 1265 1442 1304 dixit,
1458 1274 1484 1296 et
1502 1268 1620 1308 scripsit.
1636 1270 1688 1299 Hic

939 1327 1004 1347 vero
1018 1326 1080 1346 cum
1094 1324 1207 1354 regnum
1219 1312 1311 1342 David
1321 1312 1405 1352 patris
1415 1314 1584 1354 suscepisset,
1597 1326 1688 1355 preca-

941 1370 985 1393 tus
992 1369 1032 1392 est
1044 1362 1137 1391 Deum
1144 1367 1175 1389 ut
1183 1359 1341 1399 sapientiam
1352 1359 1482 1399 acciperet
1495 1361 1596 1400 potius,
1607 1372 1688 1401 quam

941 1409 1050 1439 divitias
1064 1414 1090 1436 et
1103 1405 1223 1436 hostium
1243 1404 1383 1434 ultionem.
1397 1406 1474 1435 Hanc
1491 1417 1553 1436 cum
1571 1407 1688 1448 accepis-

119 1455 257 1495 γενόμενος
279 1454 356 1494 σοφὸς
376 1453 442 1494 ὑπὲρ
463 1453 565 1487 πάντας
586 1453 647 1487 τους
670 1454 722 1494 πρὸ
745 1455 824 1483 αὐτοῦ
846 1454 892 1483 καὶ
907 1464 926 1488 c
942 1462 992 1491 set,
1003 1461 1029 1484 ct
1050 1463 1105 1494 prae
1118 1451 1245 1482 omnibus
1263 1450 1423 1480 mortalibus
1437 1451 1486 1490 qui
1506 1459 1566 1482 ante
1589 1460 1615 1482 et
1628 1460 1688 1493 post

121 1503 180 1540 μετ’
195 1500 273 1530 αὐτὸν
293 1499 457 1540 ἀνθρώπως,
471 1499 629 1539 θαυμασθείς
647 1511 676 1529 τε
695 1499 741 1529 ἐπὶ
759 1504 839 1530 πᾶσιν
854 1503 892 1533 οἱς

120 1547 228 1583 ἐποίησε
240 1546 285 1575 καὶ
299 1545 430 1582 ἐλάλησε,
444 1545 592 1585 τρισχιλίας
613 1545 660 1584 μὲν
674 1545 829 1585 παραὸολὰς
846 1546 891 1576 καὶ

120 1591 337 1632 πεντακισχιλίας
349 1591 418 1631 ᾠδὰς
431 1591 545 1627 ἕλάλησε
554 1603 561 1610 ·
571 1591 618 1621 καὶ
630 1591 819 1631 ἐφυσιολόγησε
831 1591 891 1632 περὶ

121 1638 227 1668 πάντων
245 1639 298 1667 τῶν
312 1649 341 1667 τε
364 1639 394 1667 ἐκ
416 1639 465 1677 γῆς
478 1636 624 1678 φυομένων,
644 1638 690 1667 καὶ
710 1638 771 1677 περὶ
785 1637 891 1667 πάντων

121 1685 174 1712 τῶν
196 1682 278 1718 ζώων.
295 1682 448 1723 Συνέγραψε
468 1683 511 1720 δὲ,
528 1685 564 1716 ὣς
578 1682 626 1722 μέν
638 1682 707 1716 τινές
729 1695 811 1723 φασι,
831 1683 893 1723 τρία

122 1729 190 1768 μόνα
205 1728 304 1768 βιὸλία.
318 1728 406 1758 Τοῦτό
420 1740 448 1758 τε
458 1751 466 1764 ,
485 1728 530 1758 καὶ
547 1729 592 1758 τὸν
606 1728 832 1766 Ἐκκλησιαστὴν,
848 1729 894 1758 καὶ

121 1775 152 1804 τὸ
161 1770 256 1817 *spelm
266 1777 319 1804 τῶν
331 1773 457 1814 ᾀσμάτων
469 1771 522 1807 εὼς
535 1773 564 1803 δέ
574 1786 643 1807 τινες
652 1796 660 1810 ,
675 1774 720 1804 καὶ
731 1774 778 1811 τὴν
794 1774 892 1814 Σοφίαν

122 1821 170 1857 τὴν
183 1820 422 1861 ἀπογεγραμμένην
434 1820 480 1850 καὶ
492 1821 637 1860 λεγομένην
649 1821 802 1861 Πανάρετον
811 1833 817 1839 ·
828 1833 892 1860 γνη-

123 1867 182 1897 σίαν
195 1866 247 1906 γὰρ
260 1868 339 1896 αὐτοῦ
353 1867 398 1896 καὶ
411 1866 510 1903 ταύτην
523 1866 644 1906 λέγουσιν
662 1862 738 1896 εἶναι.
758 1867 811 1896 Καὶ
829 1869 892 1896 τοῦ-

122 1924 166 1942 τον
190 1912 238 1951 μὲν
258 1912 407 1952 Παροιμίαι
428 1911 584 1953 ἐπέγραψεν.
606 1913 667 1942 Εἰσὶ
690 1912 717 1942 δὲ
748 1912 890 1951 παροιμίαι

122 1958 196 1998 λόγοι
208 1958 303 1998 σοφοὶ,
323 1959 358 1991 ὣς
373 1957 531 1998 αἰνίγματα,
546 1958 623 1987 ἅτινα
641 1957 728 1998 ἕτερον
743 1958 790 1997 μέν
803 1970 830 1986 τι
844 1959 893 1987 αὖ·

124 2003 198 2034 τόθεν
212 2004 341 2040 δηλοῦντά
354 2005 441 2040 ἐστιν,
450 2004 538 2044 ἕτερον
556 2005 583 2034 δὲ
597 2005 624 2033 ἐν
638 2004 746 2043 ὑπονοίᾳ
760 2003 893 2043 ἐπαγγέλ-

125 2051 223 2080 λονται.
247 2051 309 2080 Τῶν
328 2050 356 2079 δὲ
373 2049 497 2079 τοιούτων
517 2045 584 2084 εἶδός
606 2052 671 2079 εἰσιν
694 2051 721 2079 αἱ
743 2049 893 2089 παροιμίαι.

124 2095 204 2125 Οὕτω
214 2095 266 2136 γὰρ
279 2096 326 2126 καὶ
343 2098 367 2126 οἱ
382 2096 499 2135 μαθηταὶ
510 2098 555 2125 τοῦ
571 2095 670 2135 Κυρίου
681 2095 803 2134 λέγουσιν
817 2096 844 2124 ἐν
857 2097 894 2134 τῷ

124 2141 193 2171 κατὰ
203 2141 327 2177 Ἰωάννην
340 2141 505 2182 Εὖαγγελίῳ,
524 2141 567 2171 ὅτε
584 2143 629 2170 τοῦ
644 2141 742 2181 Κυρίου
757 2140 844 2170 πολλὰ
855 2142 895 2169 εἷ-

126 2187 247 2226 ρηκότος,
271 2187 398 2228 πρότερον
422 2187 623 2227 ἐγκεκρυμμένῃ
647 2186 763 2226 διανοίᾳ,
786 2186 895 2226 ὕστερόν

123 2245 202 2272 φασιν
222 2234 311 2274 αὐτῷ·
330 2233 446 2264 Ἶδε“ν“ῡν
459 2233 596 2273 παρῤησίᾳ
615 2235 721 2269 λαλεῖς,
743 2232 789 2262 καὶ
802 2244 895 2272 παροι-

124 2279 188 2319 μίαν
205 2279 329 2319 οὐδεμίαν
347 2280 432 2319 λέγεις
443 2292 450 2298 ·
464 2282 500 2313 ὡς
512 2281 566 2308 τῶν
584 2282 734 2319 παροιμιῶν
749 2278 786 2317 μὴ
799 2279 829 2307 ἐκ
841 2290 894 2318 φα-

124 2327 209 2365 νεροῦ,
228 2325 296 2355 ἀλλὰ
318 2325 505 2365 κεκρυμμένως
529 2325 687 2364 λεγομένων.
703 2323 781 2353 Ἐπεὶ
801 2319 844 2353 οὖν
866 2325 894 2353 ἐν

122 2372 161 2411 τῷ
182 2370 277 2411 βιὸλίῳ
295 2371 381 2411 τούτῳ
399 2373 519 2400 πλεῖστοι
533 2370 606 2409 λόγοι
628 2369 741 2399 τοιοῦτοί
762 2371 836 2405 εἶσιν,
851 2369 894 2398 διὰ

123 2419 200 2446 τοῦτο
218 2417 368 2457 Παροιμίας
388 2417 486 2456 ἔγραψε
505 2417 546 2455 (l.
559 2415 713 2455 ἐπέγραψε)
731 2415 761 2444 τὸ
783 2414 892 2454 βιὸλίον.

123 2462 276 2501 Ὠνομάσθη
297 2463 325 2493 δὲ
346 2462 477 2502 παροιμία
489 2485 497 2498 ,
516 2461 607 2496 ἐπειδὴ
629 2461 702 2500 παρὰ
725 2461 813 2496 πάσης
832 2462 892 2491 ὁδοῦ

123 2507 274 2548 ἐγράφησαν
288 2510 313 2538 οἱ
326 2512 439 2538 τοιοῦτοι
456 2508 546 2546 λόγοι,
565 2506 629 2545 πρὸς
644 2506 779 2546 διόρθωσιν
793 2506 838 2536 καὶ
852 2508 891 2536 δι-

124 2554 268 2583 δασκαλίαν
279 2557 332 2583 τῶν
346 2555 373 2583 ἐν
387 2559 444 2586 ταῖς
457 2554 525 2586 ὁδοῖς
545 2552 736 2591 πορευομένων.
751 2553 831 2592 Παρὰ
845 2553 892 2587 τὰς

123 2598 197 2632 ὁδοὺς
210 2598 237 2628 δὲ
251 2598 404 2638 ἐγράφοντο,
418 2598 474 2627 ἐπεὶ
486 2597 522 2636 μὴ
535 2596 631 2630 πάντες
644 2597 758 2637 ἐχώρουν
772 2598 831 2632 τοὺς
845 2604 891 2637 τῆς

942 1502 1033 1542 ipsum
1047 1501 1166 1536 fuerunt,
1181 1497 1285 1549 sapiens
1297 1503 1387 1526 esset.
1403 1508 1434 1526 ac
1447 1508 1509 1527 cum
1520 1499 1548 1528 in
1560 1500 1686 1529 omnibus

943 1548 1022 1578 dictis
1034 1546 1164 1584 factisque
1178 1544 1234 1573 suis
1252 1542 1423 1573 admirationi
1440 1552 1519 1582 esset,
1533 1545 1585 1575 tria
1599 1546 1686 1575 millia

944 1595 1146 1636 parabolarum,
1160 1599 1186 1621 et
1199 1590 1319 1629 quinque
1328 1590 1413 1619 millia
1428 1592 1528 1621 cantica
1540 1593 1688 1632 proloquu-

944 1649 987 1671 tus
999 1647 1059 1670 est:
1071 1637 1273 1679 disputavitque
1284 1635 1318 1665 de
1330 1636 1525 1673 omnibus,tam
1535 1638 1590 1668 de'
1582 1639 1616 1668 iis
1629 1650 1688 1678 quae

944 1698 979 1717 ex
990 1694 1063 1716 terra
1082 1682 1255 1725 proveniunt,
1272 1691 1353 1719 quam
1366 1682 1400 1710 de
1418 1683 1505 1712 omnis
1516 1684 1619 1723 generis
1628 1685 1689 1713 ani-

945 1732 1092 1762 mantibus.
1115 1728 1231 1768 Scripsit
1249 1733 1349 1764 autem,
1365 1734 1394 1756 ut
1412 1728 1522 1767 quidam
1536 1730 1621 1768 aiunt,
1636 1738 1689 1761 tres

945 1785 1047 1807 tantum
1069 1776 1165 1812 libros,
1194 1772 1269 1802 hunc
1295 1773 1430 1812 videlicet,
1451 1774 1639 1813 Ecclesiasten‚
1664 1776 1690 1806 et‘

943 1823 1085 1854 Canticum
1105 1821 1295 1854 Canticorum;
1311 1828 1341 1851 ut
1361 1827 1450 1850 autem
1471 1820 1583 1860 quidam
1596 1821 1690 1851 dicunt
1727 1833 1730 1835 ’

943 1869 1023 1899 etiam
1037 1868 1213 1908 Sapientiam,
1229 1878 1288 1907 quae
1301 1868 1340 1898 sic
1351 1866 1518 1903 inscribitur,
1533 1874 1558 1897 et
1573 1869 1689 1898 Panare-

944 1922 985 1944 tos
998 1914 1098 1943 dicitur
1114 1924 1120 1941 ε
1135 1923 1197 1943 nam
1210 1914 1262 1944 hoc
1281 1914 1361 1944 etiam
1379 1923 1535 1953 germanum
1556 1913 1614 1953 ejus
1634 1925 1691 1944 esse

945 1971 1013 2001 opus
1026 1959 1161 1989 dictitant.
1172 1960 1252 1989 Hunc
1272 1970 1352 2000 porro
1363 1959 1500 1988 Paroemiae
1516 1969 1562 1988 seu
1577 1961 1691 1991 Prover-

944 2008 990 2036 bia
1004 2006 1149 2046 inscripsit.
1161 2007 1229 2036 Sunt
1247 2012 1336 2035 autem
1348 2005 1482 2046 paroerniae
1492 2006 1574 2035 verba
1583 2005 1692 2046 sapien<

946 2054 1000 2090 tiae,
1015 2053 1089 2083 velut
1103 2052 1254 2092 aenigmata,
1266 2062 1325 2091 quae
1339 2063 1373 2082 ex
1390 2062 1418 2081 se
1431 2051 1541 2090 quidem
1558 2052 1635 2082 aliud
1644 2064 1690 2082 es·

946 2101 1050 2136 hibent,
1064 2099 1142 2129 aliud
1153 2109 1219 2128 vero
1233 2109 1283 2138 per
1300 2097 1480 2138 suspicionem
1491 2097 1620 2128 indicant.
1634 2100 1691 2129 Ho-

946 2156 1008 2176 rum
1027 2152 1117 2174 autem
1125 2144 1226 2185 species
1244 2151 1307 2173 sunt
1326 2143 1480 2184 proverbia.
1497 2144 1542 2174 Sic
1561 2145 1632 2173 enim
1650 2144 1692 2173 di-

947 2191 1047 2231 scipuli
1070 2190 1181 2220 Domini
1194 2190 1344 2229 loquuntur
1364 2189 1392 2218 in
1406 2189 1554 2228 Evangelio
1567 2190 1687 2225 Joannis‚

947 2236 1066 2276 quando,
1079 2236 1196 2267 Domino
1217 2236 1302 2265 multa
1319 2236 1432 2265 obscure
1454 2235 1569 2272 dicente,
1584 2236 1689 2265 tandem

946 2283 1040 2312 dicunt
1048 2283 1073 2312 ei
1084 2295 1091 2311 ι
1101 2283 1180 2312 Ecce
1191 2292 1268 2311 nunc
1275 2282 1378 2321 palam
1389 2282 1527 2320 loqueris,
1540 2287 1568 2310 et
1575 2291 1690 2320 prover·
1702 2294 1771 2315 Joan.
1784 2292 1820 2313 16.

924 2361 927 2364 ,
948 2331 1026 2359 bium
1044 2330 1161 2359 nullum
1181 2329 1265 2365 dicis,
1275 2334 1306 2356 ut
1322 2327 1456 2366 intelligas
1474 2327 1624 2367 proverbia,
1637 2337 1689 2356 non
1703 2330 1742 2353 29·

947 2382 1051 2416 aperto,
1066 2374 1114 2406 sed
1135 2375 1250 2404 obscuro
1267 2384 1346 2403 sensu
1366 2373 1430 2402 dici.
1448 2371 1583 2408 Quoniam
1605 2371 1688 2410 igitur

947 2422 1013 2451 tales
1034 2421 1194 2462 plerumque
1207 2426 1270 2449 sunt
1284 2419 1311 2448 in
1325 2419 1377 2448 hoc
1391 2418 1460 2447 libro
1471 2416 1617 2453 sententiae,
1632 2417 1693 2447 ideo

946 2467 1087 2498 Paroemiae
1120 2477 1167 2495 seu
1198 2464 1344 2494 Proverbia
1376 2462 1519 2503 inscriptus
1549 2461 1596 2490 hic
1627 2462 1697 2493 liber

945 2521 984 2543 est
1015 2514 1064 2543 Est
1085 2518 1174 2540 autem
1199 2510 1262 2539 inde
1288 2508 1359 2538 dicta
1388 2507 1526 2546 paroemia,
1552 2507 1624 2545 quod
1648 2519 1698 2548 per

944 2557 1002 2587 vias
1029 2556 1093 2585 tales
1115 2554 1248 2584 sententiae
1276 2550 1407 2581 conscribi
1421 2551 1504 2579 solitae
1532 2558 1627 2588 essent,
1663 2553 1699 2582 ad

945 2600 1141 2631 correctionem
1175 2604 1201 2627 et
1241 2595 1388 2626 doctrinam
1429 2605 1521 2624 eorum
1536 2619 1544 2634 ,
1572 2596 1619 2634 qui
1649 2601 1700 2630 iter

1487 2645 1535 2672 29<
