1890 2826
219 152 287 186 558

215 232 317 254 stentur
330 237 335 253 :
359 234 407 254 1105
428 229 516 252 alitem
537 223 585 261 qui
609 221 666 262 spei
679 221 731 250 11111
743 231 837 250 sumus
847 243 855 257 ‚
870 219 959 249 collae·

215 278 312 300 temur.
328 272 396 308 Quae
414 276 507 299 autem
530 268 608 298 nobis
620 277 680 307 spes
697 266 748 304 sit,
770 266 828 306 ipse
841 275 960 295 comme·

66 319 125 341 lma.
137 328 157 340 v.
168 318 203 341 13-
215 322 302 345 morat
331 314 439 352 11100115,
474 313 504 343 Si
534 313 678 342 credimus
688 334 696 350 ,
726 312 798 352 quia
831 310 961 340 Christus

215 368 346 391 mortuus
362 367 422 396 est,
437 366 465 389 et
487 359 644 389 resurrexit
655 369 664 387 .·
683 359 727 387 ita
749 363 777 386 et
797 355 879 385 Deus
892 364 958 392 eos,

214 410 267 447 qui
284 408 475 443 dormierunt,
494 415 548 444 per
562 405 665 434 Jesum
687 403 813 433 adducet
831 411 897 431 cum
913 411 958 431 eo.

213 454 292 483 Jesus
305 453 377 482 enim
392 451 470 481 nobis
490 458 516 481 et
530 450 576 480 hic
589 449 744 480 viventibus
766 448 840 478 salus
863 454 918 485 est,
935 453 961 477 et

67 504 165 533 Philipp.
182 511 201 526 1.
213 500 277 530 hinc
288 499 472 530 recedentibus
483 498 538 528 vita
549 504 598 527 est.
612 498 701 534 Mihi,
714 495 803 535 inquit
811 494 960 536 apostolus,

62 543 99 558 ²¹·
212 547 312 576 vivere
335 546 468 576 Christus
481 551 524 575 est
534 566 542 582 ,
560 550 589 573 et
611 546 686 573 mori
700 543 825 572 lucrum.
840 542 961 572 Lucrum

208 593 303 632 plane,
318 593 383 632 quia
396 591 534 632 angustias
545 597 572 620 et
583 589 771 620 tribulationes
780 610 788 625 ‚
800 598 867 628 quas
880 587 962 617 habet

212 639 318 679 longior
332 639 399 677 vita,
414 649 487 668 mors
501 637 650 667 accelerans
661 635 805 666 lucrifacit.
821 636 883 666 Jam
897 645 960 663 vero

212 685 335 714 ordinem
349 692 375 714 et
388 684 513 714 habitum
528 683 587 724 spei
600 689 697 712 nostrae
710 681 840 711 describit
853 687 960 720 aposto-

61 744 79 760 14
88 740 165 762 Thess.
176 741 201 769 4.
212 731 266 761 lus.
288 733 355 761 Hoc
365 754 373 769 ,
388 731 476 771 inquit
485 753 493 769 ‚
505 731 592 761 vobis
602 730 727 759 dicimus
741 729 773 757 in
785 729 876 756 verbo
897 726 959 755 Do-

63 770 136 800 “”’·“·“
148 771 183 796 ¹⁶·
211 780 295 814 mini,
308 781 380 818 quia
393 788 446 808 nos
456 779 509 818 qui
517 777 654 813 vivimus,
666 776 718 815 qui
729 775 837 805 residui
851 783 959 809 sumus,

209 826 242 852 in
251 825 382 854 adventu
393 826 456 864 ejus
474 833 534 853 non
543 823 753 863 proeveniemus
767 831 815 850 eos
828 821 879 860 qui
893 820 959 848 dor—

210 872 352 900 mierunt:
373 872 446 911 quia
464 872 525 910 ipse
539 870 685 898 Dominus
699 870 731 897 in
739 869 825 908 jussu
840 873 868 895 et
886 876 960 896 voce

208 917 395 957 archangeli,
410 917 481 946 etin
493 917 564 945 tuba
579 915 635 944 Dei
649 914 805 944 descendet
825 913 861 942 de
874 912 957 950 coelo,

207 969 235 991 et
247 965 353 992 mortui
368 964 460 1003 quiin
475 962 590 992 Christo
603 966 672 989 sunt
687 965 839 999 resurgent
849 960 938 997 primi
947 970 955 986 .-

206 1010 313 1038 deinde
323 1019 373 1038 nos
386 1010 438 1049 qui
447 1010 591 1043 vivimus,
604 1006 694 1036 simul
706 1016 773 1035 cum
789 1005 851 1034 illis
863 1006 958 1044 rapie-

207 1066 273 1085 mur
289 1058 321 1084 in
343 1056 466 1085 nubibus
488 1055 603 1084 obviam
622 1054 738 1083 Christo
768 1055 800 1081 in
819 1061 906 1087 aera,
929 1058 958 1080 et

208 1103 250 1131 ita
264 1112 376 1142 semper
394 1112 459 1131 cum
479 1102 608 1131 Domino
627 1102 744 1129 erimus.
758 1100 817 1129 Hoc
829 1105 869 1128 est
882 1097 957 1137 quod

207 1149 290 1185 dicit,
304 1151 368 1188 quia
382 1160 443 1179 cum
459 1149 563 1179 venerit
580 1148 714 1178 Dominus
724 1170 731 1184 ‚
747 1146 866 1177 inveniet
879 1146 951 1175 mul-

56 1208 80 1229 1..
91 1209 126 1230 ,150
138 1208 199 1238 judi·
208 1201 248 1225 tos
268 1196 297 1225 in
311 1206 422 1236 corpore
435 1195 618 1231 Christianos,
639 1194 687 1233 qui
710 1193 830 1223 nondum
851 1194 955 1233 experti

55 1241 83 1260 ²⁵¹⁵
99 1241 137 1268 ‘1¹¹³
153 1242 197 1262 vivi
208 1248 270 1270 sunt
293 1248 423 1271 mortem:
450 1248 476 1270 et
503 1248 591 1270 tamen
614 1251 666 1270 non
693 1247 753 1268 ante
767 1239 906 1279 rapientur
920 1240 955 1269 ad

54 1276 303 1324 :J3,¹¹,⁸0„1:{'¹¹caelum
313 1311 321 1326 ‚
345 1298 426 1326 quam
446 1287 545 1317 mortui
568 1287 651 1316 sancti
665 1286 700 1315 de
717 1287 897 1315 monumentis
912 1296 955 1315 re-

207 1334 373 1364 surrexerint
384 1357 392 1370 ,
405 1333 471 1363 tuba
481 1333 533 1363 Dei
544 1340 570 1362 et
579 1343 645 1363 voce
654 1332 809 1372 archangeli
820 1332 950 1362 suscitati.

205 1381 276 1409 Cum
293 1387 383 1409 autem
400 1379 501 1409 fuerint
520 1378 658 1414 suscitati,
670 1378 756 1418 juncti
779 1378 878 1418 pariter
891 1388 954 1407 cum

204 1425 361 1455 viventibus
377 1425 518 1465 'rapientur
537 1425 567 1454 111
580 1423 699 1454 nubibus
719 1424 829 1453 obviam
846 1424 953 1454 Christo

205 1473 233 1500 in
246 1481 324 1508 aera,
338 1478 364 1500 et
382 1471 421 1500 sic
441 1480 546 1510 semper
566 1481 627 1500 cum
642 1470 701 1510 ipso
715 1469 876 1509 regnabunt.
898 1470 954 1499 Nec

204 1528 267 1547 sane
279 1518 365 1558 possit
376 1517 494 1547 dubitari
509 1516 583 1556 quod
597 1516 699 1557 possint
711 1526 823 1556 corpora
834 1539 841 1552 ,
856 1527 954 1556 quam-

51 1569 136 1591 suanh.
157 1570 193 1599 14.
205 1565 246 1594 vis
264 1565 317 1594 sint
332 1564 441 1603 gravia,
461 1563 490 1592 in
505 1575 565 1593 aera
588 1562 742 1592 sublevari:
760 1573 822 1592 cum
840 1563 954 1603 jubente

52 1606 89 1629 ²9'
204 1609 320 1639 Domino
331 1611 429 1639 Petrus
440 1609 531 1649 ipsum
542 1619 641 1648 corpus
652 1608 756 1638 habens
772 1619 854 1648 super
866 1608 952 1638 undas

50 1668 72 1695 4,
87 1669 141 1696 lteg.
152 1676 174 1691 2,
201 1655 381 1685 ambulaverit
395 1655 493 1692 maris,
509 1655 585 1685 Elias
605 1665 712 1694 quoque
732 1654 767 1683 ad
789 1654 873 1694 hujus
894 1655 951 1695 spei

53 1705 87 1721 tt.
201 1702 442 1739 confirmationem,
458 1712 506 1742 per
519 1702 593 1731 1111110
607 1711 667 1730 aera
682 1711 765 1731 curru
779 1701 903 1731 flammeo
916 1702 951 1731 sit

199 1755 293 1789 raptus
311 1749 345 1778 ad
358 1749 465 1778 caelum.

240 1798 270 1826 ὃ.
286 1795 340 1826 Sed
362 1796 459 1834 quaeris
476 1796 561 1824 forte:
579 1795 679 1832 Quales
692 1802 771 1825 erunt
785 1797 832 1834 qui
844 1807 859 1825 a
873 1807 947 1826 mor-

64 1865 146 1893 Quales
157 1867 191 1887 su-

48 1897 92 1916 ιιηῑ
123 1898 191 1918 simus
201 1899 266 1918 num
295 1897 373 1919 tuum
386 1902 392 1918 :
425 1890 521 1926 Tunc,
544 1889 644 1928 inquit,
664 1891 739 1928 justi
764 1890 927 1930 fulgebunt
939 1914 947 1929 ,

49 1931 97 1955 ¹¹⁰⁵¹
118 1935 191 1949 ‘²⁸²³'
201 1938 275 1965 sicut
293 1937 338 1965 sol
354 1938 387 1964 in
403 1946 492 1976 regno
507 1936 606 1965 Patris
618 1937 674 1964 sui·
689 1935 764 1973 Quid
778 1936 948 1976 splendorem

49 1959 178 1980 rectionem.

50 1989 407 2012 11101111.13.commem0re1n
431 1982 518 2012 solis?
547 1983 617 2011 Cum
643 1981 736 2011 fideles
763 1983 947 2023 transfigurari

48 2019 86 2046 μ’
200 2038 304 2058 necesse
326 2035 366 2057 est
379 2027 414 2057 ad
434 2028 519 2067 ipsius
534 2027 634 2057 Christi
649 2028 758 2057 Domini
779 2029 927 2059 claritatem
937 2053 945 2068 ‚

48 2088 134 2118 Philip.
147 2090 169 2111 3.
200 2082 230 2104 nt
253 2082 364 2104 testatur
386 2074 524 2114 apostolus
545 2074 664 2104 Paulus:
692 2075 800 2104 Nostra
809 2099 816 2112 ,
839 2077 945 2115 inquit,

46 2126 84 2141 ²⁰‹
103 2127 140 2141 ²¹·
199 2123 382 2151 conversatio
394 2123 426 2149 in
440 2121 519 2150 caelis
531 2126 590 2150 est:
607 2121 685 2149 unde
697 2127 725 2149 et
738 2123 830 2161 ipsum
842 2123 948 2153 Salva-

199 2175 290 2197 tor-em
319 2164 520 2207 exspectamus
541 2167 703 2196 Dominum
732 2169 835 2198 Jesum
860 2170 946 2199 Chri-

197 2221 290 2249 stum,
315 2215 366 2253 qui
392 2212 616 2253 transformabit
642 2222 743 2252 corpus
770 2215 946 2245 humilitatis

197 2265 301 2288 noslroe
331 2259 372 2288 ad
400 2258 663 2298 conformationem
692 2261 819 2298 corporis
845 2261 944 2300 gloria?

195 2315 271 2334 suoeae
287 2303 523 2344 transfigurabitur
536 2303 593 2333 sine
606 2303 691 2333 dubio
704 2315 766 2334 earo
780 2304 829 2334 ista
843 2314 942 2337 morta-

196 2352 229 2380 lis
246 2351 281 2381 ad
294 2351 530 2381 conformationem
543 2350 646 2380 Christi
659 2350 802 2388 claritatis,
817 2355 827 2367 ²
849 2353 941 2383 induet

227 2467 236 2477 ‘⁴
255 2458 313 2483 Mss.
328 2452 451 2482 indueiur.

155 1841 191 1861 ³⁰¹⁸
201 1842 254 1872 tuis
269 1842 485 1872 resurrexerint?
507 1842 580 1872 Audi
601 1842 689 1882 ipsum
704 1842 836 1872 dicentem
850 1845 948 1873 Domi·
961 1863 963 1865 v

564 161 593 182 S.
619 159 759 183 Joawuts
785 158 967 181 CHRYSOST.
997 158 1150 185 ARCHIEP.
1179 159 1450 182 CONSTANTtNOP.

1011 221 1124 250 mortale
1135 221 1363 251 immortalitatem
1376 234 1382 250 :
1399 220 1463 260 quia
1482 221 1567 260 Quod
1579 222 1754 251 seminatum
1769 234 1788 250 ι.
1804 227 1854 250 σοι.
1869 227 1890 251 15

1003 265 1108 306 suerat
1119 269 1152 296 in
1161 267 1343 310 infirmitate,
1353 267 1476 308 protinus
1486 272 1583 307 surget
1592 269 1623 296 in
1633 269 1754 298 virtute.
1764 257 1804 289 4³*

1011 311 1072 340 Non
1086 310 1190 341 timebit
1203 323 1266 342 caro
1277 312 1395 352 amplius
1409 311 1626 351 corruptionem,
1641 321 1694 340 11011
1705 322 1757 352 pa-

1010 356 1092 386 tietur
1112 358 1221 395 famem,
1244 368 1297 388 non
1315 358 1405 394 sitim,
1426 367 1480 387 non
1492 356 1684 397 aegritudines,
1703 368 1757 387 non

1011 413 1088 432 casus
1101 403 1237 434 adversos.
1253 405 1311 434 Pax
1321 404 1393 433 enim
1405 410 1463 433 tuta
1470 426 1481 440 ,
1500 410 1527 433 et
1539 403 1618 433 firma
1630 403 1757 434 securitas

1010 449 1072 479 vitae
1094 457 1142 480 est.
1166 451 1227 480 Alia
1249 451 1342 490 utique
1361 450 1473 479 caelestis
1490 456 1531 480 est
1548 449 1649 490 gloria,
1670 450 1718 479 ubi
1731 457 1757 483 et

1009 495 1139 535 gaudium
1149 497 1206 526 sine
1216 496 1362 526 desectione
1375 496 1555 536 praestabitur.

1052 544 1081 571 7.
1097 543 1160 573 Haec
1171 543 1199 572 in
1211 554 1290 574 sensu
1310 551 1336 574 et
1345 543 1432 573 oculis
1448 553 1540 583 gerens
1550 542 1645 572 beatus
1657 542 1758 573 Paulus

1010 587 1135 625 dicebat,
1162 590 1308 629 Optabam
1332 589 1470 623 dissolvi.
1496 595 1525 618 et
1548 599 1613 618 cum
1640 589 1756 619 Christo
1767 594 1855 625 Philip.
1871 602 1890 618 ι.

1011 644 1071 664 esse
1087 634 1179 664 multo
1191 634 1204 651 '³
1219 637 1312 675 magis
1326 636 1440 665 melius.
1453 635 1489 665 Et
1500 634 1590 664 adhuc
1601 641 1692 675 aperte
1704 634 1755 664 do-
1765 625 1804 648 ²³·

1010 690 1088 717 cens,
1112 681 1192 710 Dum
1211 691 1327 718 sumus,
1347 680 1452 720 inquit,
1470 683 1502 710 in
1516 690 1652 720 corpore,
1672 690 1756 719 pere-
1766 696 1787 712 2.
1809 690 1862 711 εον.
1881 690 1890 712 5

1009 728 1163 765 grinamur
1173 739 1192 757 a
1206 728 1334 757 Domino
1343 741 1352 755 :
1365 738 1418 768 per
1424 728 1512 766 fidem
1526 728 1605 756 enim
1621 726 1755 755 ambula-
1764 719 1846 743 ⁶·-⁸·

1011 781 1092 809 mus,
1116 781 1144 803 et
1168 785 1228 804 non
1247 785 1301 814 per
1322 775 1454 814 speciem.
1483 774 1635 803 Habemus
1658 779 1757 802 autem

1010 822 1122 860 magis,
1136 822 1224 862 inquit
1237 843 1245 861 ‚
1256 824 1362 852 bonam
1379 821 1564 851 voluntatem
1574 820 1757 860 peregrinas-i

1009 877 1029 894 a
1050 878 1186 908 corpore,
1209 876 1237 899 et
1258 876 1415 909 praesentes
1436 879 1497 898 esse
1517 869 1558 897 ad
1579 868 1753 897 Dominum.

1008 915 1083 951 Quid
1097 916 1202 956 agimus
1213 928 1261 947 1105
1273 927 1362 957 parvae
1373 915 1436 946 fidei
1450 915 1583 952 homines,
1598 914 1646 954 qui
1660 913 1754 944 anxia·
1777 950 1782 954 ι
1794 917 1854 939 Mor·
1864 925 1890 940 m*

1008 972 1069 991 mur
1083 970 1108 992 et
1129 963 1270 993 deficimus
1279 986 1287 1000 ,
1303 963 1327 993 si
1347 962 1445 1002 aliquis
1459 962 1492 991 de
1506 961 1575 991 caris
1589 961 1688 991 nostris
1700 960 1753 990 mi·
1762 956 1805 1005 ᾖξ’
1824 955 1890 1008 (ἪΙῈ

1008 1014 1067 1046 gret
1079 1008 1113 1037 ad
1128 1009 1297 1039 Dominum?
1311 1009 1386 1047 Quid
1405 1008 1522 1049 agimus,
1542 1018 1610 1047 quos
1631 1007 1864 1048 peregri-lugenda.

1009 1053 1079 1083 natio
1101 1055 1127 1084 111
1151 1055 1203 1085 1100
1229 1055 1330 1085 mundo
1353 1055 1438 1095 magis
1457 1053 1582 1090 delectat,
1605 1063 1687 1092 quam
1711 1063 1753 1082 re-

1008 1102 1162 1139 praesentari
1189 1101 1226 1132 ad
1246 1101 1348 1132 Christi
1370 1100 1566 1141 conspectum?
1587 1100 1672 1135 Vere,
1691 1109 1754 1129 vere

1007 1147 1187 1187 peregrinatio
1210 1155 1249 1178 est
1269 1157 1347 1178 omne
1359 1145 1432 1186 quod
1453 1145 1589 1176 vivimus:
1605 1155 1668 1174 nam
1684 1144 1754 1175 sicut

1006 1193 1140 1233 peregrini
1159 1195 1188 1224 in
1201 1194 1310 1231 saeculo,
1332 1193 1407 1224 sedes
1423 1193 1553 1222 habemus
1573 1192 1697 1228 incertas,
1713 1191 1753 1221 la-

1006 1238 1143 1277 boramus,
1162 1240 1337 1276 desudamus,
1354 1240 1411 1270 vias
1430 1239 1596 1269 ambulantes
1615 1236 1751 1275 difficiles,

1006 1286 1133 1324 periculis
1147 1287 1257 1327 plenas:
1281 1287 1401 1326 undique
1420 1286 1535 1323 insidiae,
1553 1289 1565 1302 ⁰
1579 1296 1594 1316 a
1620 1285 1751 1326 spiritali-

1005 1331 1067 1368 bus,
1089 1343 1103 1360 a
1127 1333 1313 1372 corporalibus
1332 1332 1461 1369 inimicis,
1485 1332 1606 1372 undique
1629 1341 1752 1361 errorum

1005 1378 1123 1408 calliculi
1137 1374 1366 1420 sunt'praeparati.
1389 1380 1425 1410 Et
1442 1390 1504 1409 cum
1522 1379 1603 1409 tantis
1624 1378 1752 1419 periculis

1005 1435 1160 1464 urgeamur,
1176 1437 1231 1456 non
1249 1427 1338 1456 solum
1350 1426 1401 1466 ipsi
1421 1436 1473 1455 non
1487 1425 1611 1466 cupimus
1629 1425 1750 1462 liberari,

1005 1469 1051 1499 scd
1064 1471 1145 1500 etiam
1159 1472 1285 1502 liberatos
1297 1480 1433 1511 tamquam
1450 1471 1569 1512 perditos
1580 1471 1704 1512 lugemus
1722 1477 1750 1500 et

1003 1515 1167 1556 plangimus.
1183 1519 1259 1556 Quid
1276 1515 1356 1548 vobis
1376 1518 1498 1559 praestitit
1517 1518 1592 1547 Deus
1605 1515 1654 1558 per
1671 1526 1752 1546 suum

1004 1563 1193 1603 Unigenitum,
1213 1567 1239 1595 si
1261 1564 1353 1595 adhuc
1375 1565 1468 1594 mortis
1490 1563 1616 1593 timemus
1634 1562 1751 1593 casum?

1003 1608 1077 1645 Quid
1100 1620 1149 1639 1105
1165 1617 1271 1640 renatos
1283 1622 1318 1640 ex
1334 1621 1404 1650 aqua
1426 1617 1454 1640 et
1466 1609 1571 1651 Spiritu
1585 1609 1749 1649 gloriamur,

1002 1666 1070 1694 quos
1083 1657 1263 1696 peregrinatio
1277 1657 1312 1687 de
1333 1657 1385 1688 hoc
1398 1656 1500 1686 mundo
1514 1656 1676 1687 contristat?
1689 1657 1750 1696 Ipsc

1001 1703 1136 1732 Dominus
1150 1703 1258 1742 clamat,
1272 1704 1305 1733 Si
1313 1707 1377 1745 quis
1390 1705 1464 1733 mihi
1476 1705 1633 1741 ministrat,
1648 1714 1750 1744 sequa-
1759 1719 1829 1740 Joan.
1848 1726 1883 1740 ¹2,

1002 1755 1049 1778 tur
1061 1759 1107 1778 me
1119 1763 1129 1778 .-
1145 1757 1179 1780 et
1199 1752 1250 1780 ubi
1262 1762 1314 1791 ego
1337 1762 1412 1788 sum,
1435 1751 1476 1780 ibi
1494 1751 1549 1780 erit
1567 1757 1596 1780 et
1618 1748 1797 1780 miniscere&

1000 1805 1090 1824 meus.
1103 1797 1182 1826 Putas
1194 1797 1217 1826 si
1227 1808 1276 1826 rex
1287 1797 1419 1827 terrestris
1428 1797 1463 1827 ad
1473 1808 1553 1827 suum
1560 1796 1692 1837 palatium
1702 1797 1748 1827 vel

999 1842 1156 1874 convivium
1179 1844 1296 1883 aliquem
1321 1851 1409 1882 vocet,
1435 1854 1488 1874 non
1513 1855 1576 1874 cum
1601 1843 1748 1884 gratiarum

999 1892 1104 1921 actione
1123 1891 1301 1931 properabit?
1325 1892 1432 1927 Quanto
1455 1890 1540 1930 magis
1561 1890 1595 1920 ad
1616 1890 1748 1920 caelestem

1000 1937 1163 1967 currendum
1186 1944 1225 1967 est
1243 1948 1348 1978 regem,
1371 1936 1419 1976 qui
1439 1947 1507 1976 quos
1531 1936 1678 1976 receperit,
1693 1947 1746 1966 non

998 1983 1086 2013 solum
1100 1984 1238 2020 convivas,
1251 1983 1299 2013 sed
1310 1983 1390 2012 ctiam
1401 1982 1414 1999 ‘¹
1425 1989 1629 2022 conregnatores
1640 1982 1746 2018 efficiet,

999 2029 1067 2059 sicut
1087 2029 1217 2069 scriptum
1237 2036 1294 2059 est:
1321 2029 1352 2058 Si
1376 2030 1550 2059 commortui
1571 2039 1681 2066 sumus,
1717 2035 1890 2068 et2.1'im.24‘

998 2078 1184 2106 convivemus
1190 2087 1204 2114 ;
1217 2078 1242 2106 si
1253 2078 1437 2112 sustinemus,
1451 2083 1479 2105 et
1490 2078 1742 2116 conregnabimus.
1759 2074 1766 2088 ¹
1775 2073 1793 2088 ¹·
1802 2074 1836 2088 ¹²·
1884 2069 1890 2110 1

998 2124 1053 2152 Nec
1072 2123 1123 2153 hoc
1140 2134 1189 2162 ego
1202 2122 1275 2160 dico,
1290 2130 1320 2152 ut
1331 2123 1392 2162 quis
1407 2133 1501 2152 manus
1513 2122 1565 2152 sibi
1579 2122 1686 2158 inserat,
1699 2130 1746 2152 aut
1784 2136 1844 2158 Mon
1853 2145 1865 2158 n

997 2180 1025 2198 se
1044 2169 1185 2199 interficiat
1198 2176 1290 2199 contra
1302 2169 1468 2199 voluntatem
1480 2168 1531 2198 Dei
1542 2169 1682 2212 creatoris,
1697 2176 1745 2199 aut
1754 2167 1874 2221 :flxdmifls

997 2215 1113 2255 animam
1125 2223 1155 2245 ut
1174 2215 1208 2245 de
1225 2215 1346 2256 corporis
1364 2214 1406 2244 5111
1416 2214 1535 2255 expellat
1546 2214 1682 2255 hospitio;
1697 2214 1745 2244 sed
1884 2221 1890 2264 Ι

998 2262 1047 2291 1100
1060 2261 1132 2298 dico,
1146 2269 1177 2291 ut
1189 2262 1268 2291 laetus
1279 2268 1305 2291 et
1317 2260 1447 2301 gaudens,
1461 2271 1523 2290 cum
1536 2267 1583 2290 aut
1597 2260 1655 2300 ipse
1666 2271 1744 2290 voca-
1886 2265 1890 2286 ¹

996 2315 1041 2338 tur
1056 2316 1081 2338 ct
1102 2307 1254 2348 proximus,
1270 2314 1296 2336 et
1315 2307 1373 2347 11150
1390 2306 1482 2342 vadat,
1497 2314 1523 2336 et
1535 2306 1662 2336 euntibus
1682 2317 1743 2346 gra·
1882 2318 1890 2330 e

995 2354 1107 2383 tuletur.
1123 2355 1186 2384 Haec
1199 2354 1270 2383 enim
1287 2359 1327 2382 est
1350 2353 1513 2383 Christianae
1532 2351 1596 2382 fidei
1614 2362 1720 2381 summa
1732 2375 1741 2388 ‚
1884 2344 1890 2384 i

1882 2424 1890 2458 4

1009 2467 1019 2478 c
1038 2461 1083 2486 Ms.
1093 2460 1169 2484 Corb.
1179 2469 1195 2484 a
1207 2459 1363 2493 spiritalibus
1373 2460 1481 2484 mimicis
1487 2464 1624 2490 1111110111,οι
1632 2457 1738 2491 ibidem,

228 2499 240 2516 b
258 2495 299 2521 Sic
328 2497 373 2520 Ms.
396 2494 560 2520 Corbeiensis.
579 2493 653 2519 Ediu
671 2503 731 2520 vero
751 2495 854 2529 quidam
874 2498 952 2522 multo
977 2499 1088 2532 undique
1099 2508 1205 2523 errorum
1215 2508 1290 2523 casus
1300 2500 1388 2524 saeculi
1396 2500 1544 2538 praeparati.

193 2537 258 2559 enim
275 2535 372 2560 mellus.
394 2534 463 2559 Infra
483 2534 529 2560 Ms.
551 2532 628 2559 Corb.
640 2540 777 2567 praesentes
792 2544 843 2560 esse
863 2543 885 2560 et
905 2536 952 2560 ad-

196 2579 295 2598 venture
308 2574 423 2599 Domino,

1010 2539 1019 2552 ¹¹
1039 2539 1083 2561 Ms.
1099 2544 1299 2571 conregnaturos.
