1774 2814
133 154 153 176 11
586 138 592 141 ’
821 147 1002 172 PRAEFATIO.

132 216 221 254 logus,
237 213 313 242 nulla
326 213 354 242 in
377 213 428 242 fine
441 212 551 242 moralis
564 210 724 248 exhortatio,
740 209 842 239 Christi
852 210 896 239 vel
909 209 1050 239 Trinitatis
1062 209 1142 238 laude
1155 209 1295 239 terminata
1310 222 1317 238 :
1337 209 1383 249 qui
1396 220 1454 239 mos
1465 217 1551 239 tamen
1567 220 1671 250 perpe-

132 268 195 290 tuus
213 267 252 289 est
267 259 453 300 Chrysostomi
469 258 496 288 in
515 256 698 287 concionibus.
719 257 778 286 Imo
797 266 860 285 vero
873 255 920 285 etsi
940 256 1024 285 multa
1036 255 1090 285 sint
1108 266 1168 295 quae
1181 255 1348 285 concionanti
1365 263 1390 286 et
1411 263 1509 285 coetum
1523 256 1670 295 alloquenti

133 313 281 346 competere
291 305 445 341 videantur,
460 304 509 333 etsi
524 303 609 332 multa
626 303 770 332 afferantur
782 312 815 331 ex
826 301 978 341 Scriptura,
999 311 1058 340 quae
1070 300 1104 330 ad
1124 300 1340 341 persuadendum
1354 302 1473 331 maxime
1494 302 1611 338 valeant,
1626 302 1671 332 hic

132 360 220 382 tamen
233 362 287 382 non
305 351 439 381 habentur
452 351 520 379 tales
534 349 709 390 ἀποστροφαὶ,
727 347 819 387 quales
831 347 1011 387 conspicimus
1025 347 1052 376 in
1064 347 1287 387 Expositionibus
1300 347 1326 377 in
1339 347 1472 378 Psalmos.
1488 348 1671 385 Quamobrem

131 398 243 428 difficile
255 396 415 427 crediderim
429 396 485 425 haec
495 395 522 424 in
535 401 605 424 coetu
615 393 713 434 populi
723 394 768 423 vel
779 393 851 423 dicta
864 393 906 423 vel
920 393 987 423 lecta
999 392 1091 423 fuisse.

171 443 257 473 Aliud
275 444 339 473 item
354 441 530 482 quaerendum
548 439 697 478 incumbit,
720 450 815 479 nempe
836 438 1016 469 Antiochiaene
1040 449 1072 468 au
1097 436 1326 478 Constantinopoli
1345 439 1417 468 hunc
1438 439 1668 470 commentarium

133 491 343 531 chrysostomus
356 488 480 525 ediderit,
499 498 552 526 qua
566 486 600 516 de
617 497 646 515 re
665 485 815 515 audiendus
829 484 1029 521 Tillemontius,
1043 496 1072 524 p.
1087 485 1135 514 90.
1149 497 1163 512 α
1179 485 1237 514 Hoc
1250 495 1330 524 opus.
1348 497 1362 512 n
1378 485 1466 524 inquit
1478 485 1536 521 ille,
1554 498 1568 513 α
1580 485 1670 525 Chry·

132 537 240 566 sostomi
254 547 310 566 esse
318 545 396 565 nemo
410 544 462 563 non
474 533 619 570 existimat,
635 540 714 572 atque
726 531 862 572 elegantiae
870 530 1015 571 specimina
1030 540 1085 571 prae
1097 541 1124 559 se
1135 530 1186 559 fert
1197 540 1250 559 non
1262 530 1397 570 vulgaria.
1407 532 1448 560 De
1460 531 1573 571 imperio
1583 538 1672 561 autem

132 585 255 613 Romano
274 581 398 621 quaedam
414 581 460 610 hic
473 580 616 617 habentur,
635 590 662 619 p.
679 580 729 615 24,
745 579 802 618 ejus
811 578 892 607 statui
908 582 1027 615 tempore
1035 576 1218 616 Chrysostomi
1232 577 1423 616 congruentia;
1440 577 1556 606 maxime
1567 588 1636 607 vero
1649 576 1672 606 si

135 634 239 668 spectes
254 636 352 665 eaquae
364 636 464 655 annum
478 625 536 654 577
555 630 755 664 praecesserunt.
773 621 847 652 Illud
863 632 928 650 vero
947 621 1036 661 operis
1049 621 1094 651 vel
1108 621 1137 651 in
1151 621 1307 658 solitudine,
1323 622 1368 651 vel
1379 633 1439 652 cum
1453 622 1581 653 diaconus
1593 630 1671 660 esset,

133 674 244 703 fortasse
258 671 386 702 emiserit.
402 672 472 701 Nam
484 681 518 700 ex
531 680 585 709 quo
598 676 718 709 tempore
736 668 875 709 presbyter
890 667 952 704 fuit,
968 677 1021 697 non
1034 666 1143 698 videtur
1155 675 1196 697 sat
1208 668 1257 697 otii
1271 675 1296 697 et
1316 668 1395 708 spatii
1407 668 1544 707 habuisse,
1559 677 1589 699 ut
1601 677 1673 700 tanto

133 718 238 749 edendo
252 718 326 758 operi
340 727 449 746 manum
464 716 628 745 admoveret.
643 727 658 743 ι)
674 716 749 745 Hanc
762 714 929 743 Tillemontii
940 713 1118 753 conjecturam
1129 713 1245 743 libenter
1258 713 1412 743 admiserim
1428 727 1434 743 :
1450 722 1521 744 certe
1534 715 1673 745 commode

133 772 219 806 potest
231 771 385 803 susceptum
404 763 517 803 hujusce
536 761 727 791 Commentarii
748 771 816 800 opus
838 762 865 788 in
883 759 930 788 illa
941 765 1062 799 tempora
1074 758 1160 799 rejici,
1180 770 1243 789 cum
1260 759 1380 789 nondum
1394 767 1480 800 coepto
1499 761 1673 791 concionandi

132 812 233 848 officio,
251 820 360 850 operam
373 815 480 849 poneret
492 808 519 837 in
531 807 721 837 exercitatione
739 806 857 836 dicendi.
872 805 923 836 Hic
938 804 1087 843 frequentia
1101 811 1192 834 contra
1208 805 1225 834 J
1228 805 1317 834 udaeos
1330 813 1496 845 argumenta,
1512 805 1584 836 unde
1594 806 1674 836 Chri-

132 856 224 886 stianis
235 862 326 886 contra
335 856 352 885 J
354 855 444 884 udaeos
454 861 513 883 tum
524 854 674 892 frequentes
684 852 766 882 fuisse
778 851 945 882 velitationes
954 850 1078 890 arguitur
1089 862 1097 879 z
1108 861 1143 880 ex
1154 850 1188 880 iis
1201 851 1347 891 praecipue,
1362 862 1420 890 quae
1432 851 1559 882 dicuntur
1571 863 1630 893 cap.
1642 855 1655 882 1
1664 876 1672 889 ,

130 914 159 942 p.
174 903 225 939 24,
238 907 264 931 et
276 911 325 941 per
339 907 424 930 totum
437 906 517 940 caput
531 898 688 929 secundum.
703 899 750 928 Hae
764 908 846 938 porro
857 903 949 927 contra
961 897 978 926 J
982 895 1070 926 udaeos
1083 906 1181 937 pugnae
1204 896 1352 926 Antiochiae
1367 897 1516 936 frequentes
1529 905 1615 936 eraut,
1645 907 1675 929 ut

130 948 223 979 videas
236 957 289 976 non
301 946 381 975 modo
393 946 421 976 iu
438 945 566 976 Homiliis
577 952 636 975 octo
650 952 742 975 contra
758 944 866 975 Judaeos
878 943 914 972 T.
931 944 956 979 1,
970 942 1018 972 sed
1031 941 1111 972 etiam
1125 942 1226 982 passim
1237 942 1265 971 in
1285 942 1347 972 eliis
1360 942 1509 973 Antiochiae
1520 944 1634 981 habitis;
1645 945 1674 975 id

131 993 206 1033 quod
218 1003 272 1023 non
288 991 401 1033 perinde
419 990 570 1020 advertitur
588 990 616 1019 in
628 989 928 1030 Constantinopolitanis
941 988 1070 1018 homiliis.
1095 987 1328 1028 Alioquin'autem
1343 995 1382 1018 tot
1398 990 1552 1030 implicatus
1563 991 1677 1032 negotiis

131 1041 350 1080 Chrysostomus,
362 1048 424 1067 cum
437 1037 578 1076 episcopus
590 1035 900 1074 constantinopolitanus
913 1043 981 1065 esset
993 1042 1076 1073 tauta,
1097 1036 1266 1066 incumbente
1283 1047 1373 1066 rerum
1391 1036 1589 1077 praecipuarum
1598 1038 1676 1068 solli-

133 1086 265 1122 citudine,
276 1094 330 1114 non
346 1090 386 1113 sat
399 1082 447 1112 otii
458 1082 572 1112 habuise
593 1081 712 1118 videtur,
729 1088 759 1110 ut
777 1088 882 1110 tantum
895 1081 1123 1111 commentarium
1143 1082 1343 1122 aggrederetur.
1363 1083 1424 1112 Non
1442 1082 1555 1113 deerunt
1565 1083 1677 1114 fortasse

131 1132 178 1171 qui
192 1131 282 1161 dicant
293 1130 383 1170 ipsum
395 1140 457 1158 cum
473 1129 549 1158 exilii
560 1129 615 1157 otio
627 1129 762 1158 frueretur
770 1127 839 1157 hanc
861 1128 1008 1167 suscepisse
1027 1138 1138 1167 operam
1153 1138 1160 1155 ε
1183 1127 1231 1158 sed
1245 1127 1302 1157 haec
1316 1127 1406 1158 omnia
1422 1127 1524 1158 ineerta
1538 1136 1612 1167 sunt,
1628 1139 1677 1159 nee

134 1178 186 1207 nisi
201 1175 359 1216 augurando
369 1174 482 1215 proferri
498 1181 619 1215 possunt.

171 1225 229 1254 Cur
241 1230 330 1252 autem
344 1221 526 1261 imperfectum
539 1231 608 1260 opus
622 1220 788 1255 remanserit,
801 1219 862 1258 quis
875 1220 919 1249 vel
933 1220 1085 1259 conjectura
1098 1219 1202 1258 assequi
1217 1219 1319 1259 possit?
1333 1222 1399 1257 Quae
1424 1227 1567 1260 supersunt
1587 1228 1676 1251 autem

132 1270 167 1300 ad
179 1269 299 1299 medium
313 1275 413 1297 tantum
428 1267 523 1307 capit1s
532 1267 620 1297 octavi
632 1266 796 1306 pertingunt.
812 1266 868 1296 Ubi
880 1266 1076 1296 animadvertas
1090 1266 1181 1299 velim,
1194 1265 1270 1295 illam
1287 1266 1315 1295 in
1329 1266 1416 1306 capita
1428 1265 1602 1304 divisionem,
1616 1278 1676 1306 quae

135 1316 164 1345 in
181 1316 255 1345 hisce
268 1313 476 1344 Commentariis
490 1313 658 1349 observatur,
673 1323 688 1341 a
702 1312 819 1351 quodam
830 1322 943 1352 nupero,
963 1311 1111 1341 secundum
1122 1310 1282 1340 divisionem
1295 1310 1430 1340 hodiernae
1445 1312 1571 1351 Vulgatae
1580 1319 1677 1342 nostrae

132 1362 263 1391 invectam
275 1360 368 1389 fuisse.
384 1358 482 1389 Priscis
495 1358 566 1387 enim
580 1358 756 1398 temporibus,
771 1357 845 1398 apud
858 1358 968 1388 Graecos
985 1357 1112 1393 maxime,
1127 1357 1187 1386 aliae
1198 1356 1364 1395 diversaeque
1378 1357 1534 1386 obtinebant
1549 1358 1576 1386 in
1588 1358 1677 1398 capita

132 1408 287 1438 divisiones.
301 1404 529 1436 commentarium
539 1414 603 1434 vero
615 1414 764 1442 numquam
774 1414 789 1433 a
803 1403 995 1444 Chrysostomo
1006 1403 1156 1443 perfectum
1172 1402 1380 1441 absolutumque
1389 1403 1472 1432 fuisse
1484 1403 1617 1433 arbitror:
1630 1403 1677 1432 sed

133 1465 195 1483 cum
205 1452 295 1482 animo
305 1450 462 1493 perficiendi
475 1449 609 1490 caepisset,
622 1449 811 1489 ingruentibus
825 1450 937 1489 negotiis
952 1450 1006 1479 alio
1023 1450 1133 1479 fortasse
1146 1449 1279 1478 abductus
1304 1449 1394 1478 fuerit.

171 1498 420 1539 Interpretationem
433 1507 515 1536 porro
529 1496 651 1526 Latinam
665 1495 810 1526 Godefridi
823 1495 971 1533 Tilmanni‚
994 1503 1086 1536 utpote
1103 1498 1327 1536 παραφραστικῶς
1354 1495 1521 1532 adornatam,
1541 1506 1573 1527 ac
1586 1496 1678 1526 verbis

132 1546 277 1585 inutilibus
288 1543 494 1578 redundantem,
514 1542 666 1582 rejecimus,
688 1552 838 1581 novamque
851 1543 1019 1581 paravimus.
1034 1543 1113 1572 Certe
1127 1542 1150 1571 is
1164 1552 1227 1571 cum
1237 1541 1339 1571 ratione
1358 1551 1479 1582 pugnare
1496 1541 1616 1581 videtur,
1628 1542 1677 1581 qui

132 1592 366 1633 chrysostomum,
378 1600 433 1629 quo
446 1589 538 1618 nullus
553 1588 579 1617 in
594 1587 708 1617 dicendo
722 1588 894 1628 locupletior,
908 1588 944 1618 ita
955 1588 990 1618 de
1003 1587 1106 1618 Graecis
1118 1588 1147 1617 in
1158 1588 1286 1628 Latinum
1299 1587 1442 1625 convertit,
1455 1594 1485 1617 ut
1500 1597 1570 1618 nova
1583 1587 1674 1618 adhuc

133 1639 160 1668 iu
171 1632 389 1678 interpretatione
403 1636 549 1666 verborum
563 1633 742 1664 redundantia
755 1642 916 1674 compareat.

173 1684 216 1713 Ad
236 1683 368 1714 Humilias
387 1682 415 1711 in
435 1682 528 1712 Oziam
546 1687 572 1710 et
593 1680 627 1710 de
647 1680 803 1721 Seraphinis
818 1680 887 1710 nihil
906 1681 970 1711 novi
983 1680 1178 1721 proferendum
1192 1680 1335 1717 babemus,
1355 1680 1405 1710 sed
1423 1680 1487 1710 satis
1498 1687 1563 1710 sunt
1574 1690 1679 1721 eaquae

132 1730 255 1760 diximus
272 1730 300 1758 in
318 1728 434 1765 Monito‚
450 1738 477 1768 p.
491 1728 541 1767 95.
558 1728 614 1756 Nec
627 1726 771 1766 quidpiam
792 1727 912 1767 suppetit
926 1727 997 1757 circa
1010 1727 1078 1756 duas
1093 1733 1230 1765 sequentes
1244 1726 1371 1755 homilias
1389 1725 1545 1756 addendum
1559 1725 1603 1763 iis,
1618 1736 1681 1766 qun

134 1778 161 1806 in
178 1776 294 1806 Monitis
305 1774 473 1815 singularum
482 1773 584 1803 ibidem
595 1773 763 1804 narravimus
778 1773 967 1814 :idipsumque
979 1771 1096 1802 dicimus
1106 1771 1141 1801 de
1155 1771 1261 1801 duabus
1273 1771 1400 1802 Homiliis
1423 1771 1459 1802 de
1471 1772 1678 1812 Pmphetiarum

131 1823 302 1852 obscuritate.

173 1866 402 1898 commentarium
416 1866 444 1895 in
458 1865 598 1895 Danielem
612 1874 667 1894 non
685 1865 742 1894 sine
755 1865 847 1903 aliquo
869 1865 997 1904 scrupulo
1016 1864 1085 1894 inter
1106 1873 1229 1904 germane
1242 1863 1354 1894 ,loannis
1375 1863 1460 1893 nostri
1474 1873 1556 1904 opera
1574 1864 1677 1898 locavi-

133 1925 202 1944 mus.
226 1913 316 1943 Dictio
335 1919 405 1941 certe
424 1910 610 1951 Chrysostomi
629 1917 678 1949 est3
700 1920 786 1950 genus
798 1910 990 1951 interpretandi
1003 1921 1018 1940 a
1042 1909 1229 1950 Chrysostomi
1249 1919 1323 1939 more
1337 1919 1391 1939 non
1410 1909 1526 1940 disoedit
1540 1921 1548 1939 t
1563 1909 1611 1940 sed
1623 1917 1678 1940 tam

132 1958 349 2000 compendiosam
363 1957 542 1987 narrationem
557 1956 584 1985 in
598 1956 682 1986 sancti
696 1955 815 1986 doctoris
825 1956 953 1997 operibus
965 1957 1015 1986 vix
1028 1956 1155 1997 reperias;
1170 1966 1224 1985 non
1238 1956 1306 1985 solet
1319 1956 1421 1997 quippe
1434 1956 1482 1985 ille
1491 1955 1528 1987 ita
1538 1957 1640 1996 jejune,
1651 1963 1679 1986 et

131 2007 243 2047 exiliter⁴
255 2004 394 2034 disserere.
418 2002 602 2040 Quamobrem
623 2001 745 2032 dicamus
766 2009 870 2043 oportet
891 2013 953 2032 cum
967 2002 1101 2033 Gotelerio
1123 2009 1149 2032 et
1168 2001 1353 2039 Tillemontio‚
1368 2013 1438 2042 opus
1458 2013 1474 2032 a
1487 2002 1679 2043 chrysostomo

131 2059 273 2088 tentatum,
288 2061 341 2080 non
356 2049 510 2079 absolutum
522 2048 615 2092 fuisse.
645 2050 739 2088 Neque
753 2048 842 2079 tamen
863 2049 945 2079 talem
957 2059 1014 2078 esse
1034 2048 1103 2078 hanc
1117 2055 1238 2078 nostram
1251 2047 1406 2089 opinionem
1419 2055 1503 2089 puto,
1517 2055 1547 2079 ut
1561 2047 1679 2079 adimere

131 2110 236 2130 omnem
246 2096 387 2127 adversam
396 2095 576 2135 suspicionem
584 2095 679 2136 possit.

169 2146 201 2175 In
216 2144 284 2174 duas
304 2153 369 2172 vero
389 2149 528 2181 sequentes
550 2141 687 2179 homilias,
711 2152 777 2181 quas
791 2142 894 2171 nonita
909 2141 1016 2182 pridem
1028 2151 1062 2171 ex
1081 2139 1275 2182 Manuscriptis
1292 2148 1398 2171 eruerat
1411 2152 1440 2172 v.
1468 2141 1505 2171 cl.
1526 2141 1676 2179 Benzelius,

130 2197 261 2231 quantum
274 2188 339 2219 satis
357 2195 412 2217 erat
434 2187 555 2217 diximus
568 2188 595 2216 in
610 2187 735 2218 Monitis.
747 2189 806 2218 Hoc
820 2198 904 2217 unum
923 2188 1022 2218 addere
1038 2187 1115 2224 libet,
1137 2197 1186 2217 nos
1205 2187 1335 2227 priorem,
1355 2198 1417 2226 quae
1430 2188 1499 2217 inter
1518 2188 1679 2228 praesnutis-

130 2239 210 2267 simas
224 2234 400 2271 numeranda,
416 2233 532 2264 edidisse
545 2233 580 2263 ad
593 2233 674 2263 fidem
686 2235 861 2264 Ottoboniani
878 2234 1000 2271 Codicis,
1020 2233 1090 2264 unde
1098 2244 1146 2275 ego
1161 2234 1292 2274 exscripsi
1306 2235 1411 2272 Roma,
1424 2234 1472 2274 qui
1492 2234 1586 2265 Codex
1599 2234 1679 2274 longe

129 2283 278 2314 accuratior
292 2289 330 2311 est
345 2281 505 2321 AnglicanO,
519 2291 574 2319 quo
588 2291 653 2310 usus
667 2288 706 2310 est
720 2281 870 2311 Benzelius.

171 2329 253 2368 Quod
273 2335 372 2369 spectat
391 2334 481 2357 autem
502 2326 650 2356 Homiliam
670 2334 760 2357 contra
784 2328 923 2358 Circenses
941 2327 1021 2357 ludos
1038 2334 1064 2357 et
1077 2327 1193 2363 theatra,
1208 2337 1262 2366 qua
1275 2327 1416 2367 pulchrior
1437 2327 1520 2357 altera
1533 2338 1586 2358 non
1597 2334 1638 2358 est
1649 2327 1677 2357 iu

132 2374 318 2417 Chrysostomi
331 2373 449 2414 scriptis,
466 2383 600 2412 quamque
613 2383 686 2403 nuuc
699 2374 819 2413 primum
831 2385 846 2403 a
861 2374 939 2403 nobis
952 2380 1056 2403 erutam
1071 2372 1281 2413 publicavimus,
1297 2372 1364 2413 quid
1380 2373 1550 2411 sentiremus,
1563 2373 1631 2413 quid
1643 2373 1678 2403 de

130 2434 211 2459 anno,
227 2422 281 2451 imo
298 2419 332 2450 de
357 2419 402 2449 die
423 2430 476 2458 qua
493 2418 585 2448 habita
599 2419 680 2448 fuerit
701 2419 872 2449 statuendum
886 2426 1054 2459 putaremus,
1073 2418 1182 2449 abunde
1194 2418 1317 2448 diximus
1337 2418 1366 2448 in
1379 2420 1485 2449 Monito
1498 2419 1674 2450 adeamdem.

130 2470 235 2499 Verum
249 2467 313 2506 quia
333 2465 452 2506 δεύτεραι
468 2464 602 2506 φροντίδες
620 2465 780 2505 σοφώτεραι,
795 2475 894 2495 novam
911 2476 1022 2504 eamque
1041 2465 1228 2505 gravissimam
1241 2464 1429 2494 difficultatem
1446 2465 1518 2496 cirea
1530 2472 1637 2506 tempus
1651 2471 1677 2494 et

129 2514 201 2543 diem
215 2513 313 2543 habitae
334 2511 468 2542 concionis
487 2522 522 2540 cx
535 2510 601 2551 ipsis
626 2511 812 2551 Chrysostomi
826 2511 916 2541 verbis
936 2511 1001 2541 oriri
1015 2510 1253 2551 deprehendimus,
1274 2521 1327 2550 qua
1346 2510 1380 2540 de
1393 2522 1421 2541 re
1435 2512 1492 2551 jam
1506 2511 1583 2541 nobis
1595 2521 1676 2550 agen-

132 2559 199 2589 dum
214 2560 355 2589 incumbit.
1421 2551 1426 2555 ¹
