1904 2840
80 1672 217 1703 Psal.18.7.

229 179 299 222 844

818 180 901 204 OPUS
927 179 1166 209 lMPEttl-'ECTUM

227 260 305 281 mano
322 247 498 279 accidentium
510 246 549 275 ira
562 253 715 282 causarum,
731 239 779 273 sed
788 236 892 273 ineidia
904 241 964 272 dia-
984 244 1002 268 Α
1026 242 1147 272 nifestata
1172 241 1296 271 sanctitas
1319 242 1389 282 ejus,
1408 251 1555 282 numquam
1579 249 1620 273 cst
1645 251 1769 279 coronata

226 291 282 320 boli
291 295 398 330 propter
409 287 557 317 Christum.
573 284 633 325 Qui
637 284 862 324 perseveraverit
873 292 906 312 us
928 292 964 311 ue

226 334 258 359 ίη
270 330 372 369 finem,
386 328 433 355 hic
451 326 551 355 salvus
570 325 636 354 erit.
647 323 720 361 Quia
732 323 850 363 incipere
861 333 909 367 mu
921 328 964 366 to-

227 379 286 398 rum
298 374 347 403 est,
361 366 438 395 finire
448 375 513 394 vero
524 373 682 405 paucorum.
695 363 806 402 Semper
821 362 852 406 in·
861 371 964 406 princi-

226 408 271 448 pio
282 406 390 436 dilectio
399 411 450 440 est,
465 404 493 434 in
503 405 557 434 fine
568 403 702 444 probatio.
715 403 800 432 Nemo
811 411 882 431 emm
895 411 965 445 circa

226 449 313 477 Deum
327 455 411 484 usque
421 444 455 474 ad
464 444 545 474 finem
557 449 644 484 potest
676 451 838 476 erseverare,
851 440 903 470 nisi
917 450 965 479 qui

226 493 333 526 propter
342 486 428 514 Deum
448 482 633 513 tantummodo
661 488 735 511 actus
752 488 792 511 est
803 480 866 510 Dei.
878 481 966 510 Omne

225 526 295 554 enim
307 523 379 563 quod
388 530 497 564 propter
507 533 611 553 carnem
622 521 662 557 fit,
671 520 810 561 corporale
819 527 869 553 est,
877 530 967 559 quem-

225 564 370 594 admodum
381 570 407 593 et
415 573 476 592 caro
486 563 543 603 ipsa
554 560 710 602 temporalis
723 567 761 589 est
774 572 781 589 :
793 559 967 599 quodantem

226 610 333 644 propter
354 604 442 632 Deum
460 602 503 639 fit,
525 609 655 632 aeternum
676 607 731 636 est,
754 600 825 629 sicut
846 606 873 629 et
894 600 968 643 Deus

225 651 337 673 aeternus
349 649 399 672 est.
407 643 462 673 Cor
473 642 550 671 bonae
562 640 627 671 fidei
641 647 680 670 est
690 639 780 669 exitus
790 639 893 668 bonus:
904 648 968 675 qula

224 693 276 712 non
290 682 407 723 incipere
418 681 529 720 aliquod
538 681 639 710 bonum
652 680 799 719 gloriosum
811 685 862 716 est,
874 676 922 708 scd
934 677 968 706 fi—

224 723 290 752 niro.
301 723 370 752 Nam
381 721 454 760 quod
469 721 574 761 incipit,
589 719 710 760 corporis
722 718 848 758 voluptas
861 725 900 747 est
915 718 969 746 fre·

224 768 334 800 quenter
349 774 355 791 :
369 759 443 800 quod
453 767 540 790 autem
551 759 623 796 finit,
634 760 723 789 virtus
734 765 774 788 est
784 758 890 787 animae.
898 758 970 787 Nam

224 802 373 839 frequenter
385 799 601 846 concupiscentia
617 797 731 828 carnalis
743 796 839 837 incipit
852 797 968 830 bonum,

224 841 270 869 sed
281 851 332 870 non
347 840 418 877 finit,
430 850 483 869 nisi
493 839 578 879 gratia
588 838 650 868 Dei.
664 839 735 868 Cum
745 846 808 876 ergo
826 846 972 866 conversus
989 838 1008 861 B

223 880 305 909 fueris
322 879 357 909 ad
370 881 459 910 Deum
472 886 498 908 et
518 878 630 919 coeperis
645 879 703 907 Deo
723 876 836 912 servire,
848 883 874 906 et
892 886 972 920 opera

220 920 331 958 justitiae
342 920 439 956 facere,
450 929 483 948 ne
502 917 648 957 aliquando
669 923 726 945 acta
744 923 790 960 tua
814 914 972 951 recciderw,

224 959 270 988 sed
291 959 369 988 [inem
389 966 468 988 tuum
489 955 668 998 cogita2quia
678 962 879 996 praetentorum
892 955 974 984 bono-

224 1009 283 1027 rum
300 998 477 1028 consideratio
495 996 651 1037 jactantiam
664 1001 804 1036 operatur,
822 993 973 1024 considera-

224 1038 260 1066 tio
282 1045 370 1067 autem
389 1037 450 1066 finis
462 1036 604 1066 timorem:
617 1035 746 1074 quoniam
763 1035 821 1073 Qui
840 1043 974 1074 perseve-

224 1079 329 1106 raverit
338 1088 429 1117 usque
440 1079 471 1106 in
481 1076 582 1116 finem,
595 1076 644 1105 hic
656 1075 755 1104 salvus
766 1075 832 1104 erit.

401 1175 534 1205 Homilia
545 1185 616 1204 xxv.
630 1184 667 1203 ex
678 1183 743 1214 cap.
755 1183 785 1202 x.

256 1271 324 1299 961
328 1281 347 1298 n
357 1269 410 1298 illo
421 1276 546 1308 tempore
555 1269 630 1297 dixit
638 1268 661 1298 J
661 1277 729 1297 esus
739 1268 891 1307 discipulis
899 1270 958 1298 suis
966 1282 974 1298 .-

227 1308 311 1338 Nihil
325 1308 551 1348 opertum,quod
566 1318 624 1337 non
643 1307 793 1337 reveletur
805 1319 813 1335 .·
832 1313 861 1335 et
875 1309 974 1337 occul-

228 1356 297 1383 tum,
303 1348 382 1387 quod
390 1358 448 1376 non
455 1349 576 1384 sciatur,
584 1346 731 1390 etreliqua.
742 1346 820 1375 Nunc
825 1346 974 1390 profectum

227 1387 424 1427 praedicationis
437 1397 531 1416 eorum
544 1387 668 1416 futurum
682 1395 721 1413 cis
740 1391 890 1420 annuntiat,
903 1395 973 1423 quo-

228 1437 299 1456 nlam
318 1426 472 1466 praedicatio
495 1437 588 1455 eorum
607 1424 734 1454 habitura
756 1424 844 1454 fuerat
869 1424 972 1454 exitum
990 1431 1009 1455 C

228 1466 386 1504 gloriosum.
400 1466 469 1495 Ecce
482 1476 530 1505 ego
542 1465 612 1505 ipse,
621 1463 668 1503 qui
680 1473 741 1493 sum
754 1463 844 1493 lumen
855 1463 971 1493 abscon-

228 1506 315 1535 ditum
328 1505 356 1534 in
369 1505 497 1542 tenebris,
512 1506 586 1534 Deus
596 1504 696 1534 celatus
709 1503 736 1532 in
750 1502 869 1539 homine,
881 1503 972 1533 subli-

230 1546 306 1574 mitas
327 1545 354 1574 in
375 1545 538 1574 humilitate.
554 1545 632 1573 Tunc
651 1542 721 1571 sicut
740 1541 792 1571 hoc
815 1545 973 1581 mysterium

229 1584 415 1614 absconditum
432 1583 483 1613 fuit
497 1595 511 1613 a
525 1582 641 1620 saeculis,
655 1591 727 1611 nunc
746 1587 834 1610 autem
856 1591 904 1620 per
924 1593 973 1612 vos

230 1623 441 1653 manifestabitur
462 1622 576 1658 cunetis,
589 1628 620 1651 ut
640 1620 786 1661 impleatur
804 1631 890 1650 sermo
911 1632 973 1662 pro-

230 1663 363 1702 pheticus,
376 1662 423 1702 qui
440 1661 530 1691 dictus
547 1667 587 1690 est
606 1660 641 1690 de
657 1670 700 1690 me
711 1671 718 1689 t
731 1659 764 1688 A
776 1669 888 1689 summo
902 1662 973 1691 caelo

230 1704 352 1739 egressio
366 1704 439 1741 ejus,
455 1708 483 1731 et
507 1709 643 1730 occursus
656 1701 719 1739 ejus
731 1708 822 1738 usque
841 1700 883 1728 ad
900 1710 974 1730 sum-

230 1752 308 1771 mum
321 1743 435 1781 ejus:et
449 1751 509 1770 non
521 1746 564 1769 est
573 1740 624 1780 qui
634 1749 664 1768 se
675 1739 836 1767 abscondat
846 1749 865 1767 a
875 1740 972 1770 calore

230 1783 302 1819 ejus.
315 1781 391 1810 Sicut
403 1779 475 1809 enim
495 1779 588 1808 nullus
600 1785 640 1807 est
657 1777 746 1814 locus,
759 1777 808 1806 ubi
823 1788 875 1807 non
888 1790 972 1819 appa—

230 1826 286 1849 reat
303 1820 408 1855 sol,aut
426 1829 481 1848 non
500 1818 629 1848 sentiatur
650 1816 723 1846 calor
745 1817 866 1856 ejus:sic
879 1820 972 1850 nullus

230 1859 280 1888 erit
296 1859 382 1895 locus,
399 1858 444 1887 uhi
458 1868 512 1887 non
526 1862 700 1897 cognoscatur
710 1855 843 1893 Christus,
859 1865 906 1887 aut
918 1869 971 1889 non

231 1898 397 1937 intelligatur
415 1896 543 1927 divinitas
560 1896 629 1935 ejus,
644 1902 674 1924 ut
694 1894 780 1924 omnis
793 1896 910 1927 conditio
925 1898 970 1928 ho-

231 1938 333 1966 minum
351 1937 379 1965 in
399 1936 467 1965 duas
480 1934 618 1966 dividatur
631 1941 729 1974 partes,
744 1935 781 1964 ita
794 1942 825 1965 ut
836 1936 972 1968 credentes

231 1976 325 2005 merito
337 1983 508 2010 coronentur,
522 1985 553 2004 ac
571 1984 624 2003 non
639 1973 774 2003 credentes
787 1975 843 2005 sine
860 1987 971 2008 excusa-

231 2015 302 2044 tione
315 2015 471 2054 puniantur.
487 2014 524 2043 Et
547 2023 595 2043 vos
616 2023 678 2042 cum
697 2013 803 2043 interim
823 2016 899 2054 quasi
917 2017 971 2046 ini·
988 2029 1008 2051 ι)

231 2053 314 2083 micos
331 2063 394 2082 suos
412 2052 504 2082 odiant
522 2052 654 2087 homines,
670 2059 759 2092 postea
781 2064 829 2084 vos
851 2056 971 2094 cognitos

230 2093 439 2132 complectentur
451 2091 526 2130 quasi
540 2101 593 2120 suae
613 2092 707 2121 salutis
718 2099 847 2123 auctores.
860 2096 970 2126 Interim

231 2132 308 2170 quasi
316 2131 449 2160 maleficos
462 2130 583 2160 homines
595 2141 643 2161 vos
654 2131 888 2170 abominabuntur,
897 2142 970 2175 post—

232 2182 262 2200 ca
275 2170 353 2208 quasi
370 2177 472 2199 sanctos
490 2171 695 2200 venerabuntur.
710 2171 820 2201 Interim
835 2184 881 2203 vos
894 2175 971 2213 quasi

242 2216 435 2248 ›ersequutores
478 2217 649 2248 erscquentur
659 2232 666 2244 ‚
692 2217 781 2249 postea
805 2223 853 2241 vos
879 2224 970 2243 omnes

252 2249 354 2278 omines
366 2249 394 2278 in
407 2249 462 2278 Ecc
474 2248 534 2278 esiis
555 2249 611 2279 suis
633 2250 709 2287 quasi
728 2249 792 2279 deos
810 2251 968 2284 adorabunt.

232 2290 393 2318 Mementote
416 2288 559 2333 praeterita.
574 2294 600 2318 et
618 2289 791 2318 consolamini
810 2291 844 2320 dc
860 2293 968 2330 futuris,

233 2327 341 2367 quando
358 2327 470 2367 justitiae
487 2327 597 2357 Domini
617 2328 753 2357 dominata
773 2336 811 2359 est
832 2330 969 2370 iniquitas,

232 2367 341 2405 quando
354 2366 492 2397 veritatem
509 2367 589 2406 longo
601 2374 719 2407 tempore
734 2368 886 2399 celaverunt
899 2378 972 2401 tenc-

232 2406 310 2436 hrosa
323 2405 471 2441 mendacia,
485 2406 593 2445 quando
605 2407 754 2437 innocentia
767 2408 819 2437 sub
832 2410 968 2440 existima-

232 2446 303 2475 tione
313 2445 432 2475 criminis
443 2445 491 2475 diu
502 2446 588 2475 velata
604 2453 654 2476 est.
666 2448 756 2476 Moses
769 2447 819 2477 fuit
830 2449 929 2478 celatus
943 2451 969 2480 in

83 2482 159 2526 '‘⁸¹³²’‘ss
169 2488 189 2503 ²*
202 2485 221 2502 ⁰¹
235 2485 361 2524 AEgypto‚
377 2485 466 2515 dictus
481 2492 521 2515 est
539 2485 613 2515 filius
627 2486 770 2526 AEgyptiae.
782 2488 865 2524 Quasi
879 2488 969 2518 homi—

83 2520 127 2541 51⁴¹.

232 2524 290 2553 cida
314 2525 420 2563 rugatus
440 2532 495 2562 cst,
512 2525 589 2563 quasi
607 2526 784 2556 mercenarius
803 2529 968 2558 contemtibi-

233 2564 275 2600 lis,
290 2564 381 2594 ovium
403 2565 486 2594 sactus
510 2572 549 2594 cst
571 2572 670 2604 pastor.
686 2566 838 2605 Numquam
858 2574 896 2597 est
910 2579 966 2597 ma-

1028 281 1176 311 innocentia
1195 281 1275 321 ejus?
1289 281 1414 320 Ecoequi
1427 288 1518 323 pastor
1526 282 1620 312 ovium
1629 283 1720 314 fuerat
1730 284 1770 314 ir·

1027 321 1240 356 rationabilium,
1254 320 1340 352 sactus
1347 327 1386 352 est
1400 320 1459 352 dux
1471 321 1567 363 populi
1580 322 1702 364 gloriosi.
1714 323 1771 361 Qui

1027 360 1105 400 quasi
1121 360 1257 391 homicida
1277 371 1311 390 ex
1328 360 1448 402 AEgypm
1472 365 1604 401 egressus,
1639 370 1712 393 natea
1729 363 1771 392 in-

1029 411 1134 440 gressus
1147 406 1187 429 est
1198 399 1285 439 judex
1295 403 1460 437 sanctorum,
1473 400 1526 438 iam
1534 411 1588 431 non
1635 402 1676 432 'm
1685 402 1771 443 Egy-

1028 441 1101 480 ptine,
1116 439 1165 469 sed
1184 440 1262 479 quasi
1285 440 1360 471 tilius
1384 439 1446 472 Dei.
1465 439 1587 471 Pet-didit
1606 442 1771 472 heneficium

1029 491 1108 510 suum
1122 479 1268 525 AEgyptu5‚
1285 490 1338 509 non
1351 479 1439 520 potuit
1449 479 1518 509 bene
1529 481 1674 512 nutriendo
1683 482 1771 511 facee

1029 530 1119 556 suum,
1138 530 1186 557 qui
1205 519 1303 550 melius
1321 519 1453 550 nascendo
1475 519 1562 550 fuerat
1580 521 1696 551 alie-us.
1715 521 1772 558 Qui

1028 559 1193 589 Pharaonem
1212 570 1226 588 r
1259 569 1301 589 em
1314 559 1392 598 quasi
1413 558 1536 599 captivus
1554 567 1616 590 ante
1632 561 1770 598 timuerat,

1027 607 1117 638 postea
1137 598 1216 628 illum
1255 609 1328 628 ecem
1345 598 1444 638 plagis,
1462 598 1540 638 quasi
1556 609 1666 631 servum
1682 599 1772 630 obno-

1027 639 1105 669 xium
1126 638 1276 677 castigavit,
1291 637 1356 677 quia
1373 639 1460 669 Nihil
1475 644 1520 668 est
1536 646 1676 679 opertum,
1690 641 1772 680 quod

1028 689 1086 708 non
1107 677 1261 707 reveletur.
1284 677 1387 718 Joseph
1407 678 1507 708 celatus
1525 685 1566 709 est
1589 679 1619 709 in
1712 686 1770 720 pto,

1025 719 1099 757 quasi
1111 717 1217 747 adulter
1227 724 1366 747 accusatus
1375 717 1561 753 esmstitatis
1569 726 1659 749 custos
1737 719 1744 725 ⁸
1762 740 1770 748 .

1026 756 1168 798 Numquid
1191 767 1244 786 non
1267 763 1307 789 aet
1329 758 1494 787 manifestata
1516 758 1667 788 innocentia
1692 758 1772 799 ejus?
1783 768 1904 800 Ger-391

1026 796 1159 836 numquid
1178 806 1231 826 non
1251 796 1440 836 multipliciter
1462 804 1585 827 coronata
1606 804 1647 828 cst
1665 798 1771 829 castita
1779 807 1827 830 ⁸²¹1-

1027 837 1103 878 cjus?
1118 836 1174 874 Qui
1207 835 1264 865 uasi
1275 836 1413 866 maleficus
1426 837 1453 866 in
1466 847 1573 867 carcere
1586 837 1772 877 tnermqumi

1027 876 1158 918 propheta
1206 882 1283 905 nctus
1295 882 1346 906 est.
1360 877 1391 906 In
1407 877 1489 906 unius
1508 877 1585 916 pueri
1597 877 1719 908 vindicta
1730 884 1773 908 to-

1028 924 1072 946 tus
1085 915 1203 946 mundus
1214 915 1284 945 fame
1295 915 1445 960 flagellatus
1451 923 1502 946 est.
1514 917 1549 945 Et
1558 927 1640 956 quem
1648 916 1772 949 sacerdos
1783 921 1843 945 nid.
1865 921 1904 952 ω.

1029 956 1161 996 Putiphar
1168 955 1288 996 primum
1299 965 1376 994 quasi
1383 955 1537 986 adulterum
1546 956 1640 987 uxoris
1646 967 1702 986 suae
1713 967 1771 989 con-

1029 995 1211 1030 demnaverat,
1263 1000 1318 1024 stea
1331 994 1480 1032 gloriosum
1499 1005 1625 1035 generum
1643 995 1673 1025 in
1695 997 1773 1026 cubi·

1029 1036 1123 1065 culum
1131 1044 1212 1065 suurn
1233 1039 1301 1063 ocat.
1313 1033 1471 1065 absconditi
1480 1034 1585 1065 fuerant
1594 1042 1621 1065 et
1629 1041 1682 1065 tres
1694 1036 1772 1076 pueri
1783 1044 1843 1067 Dan.
1855 1044 1879 1067 3.

1031 1075 1058 1104 in
1071 1073 1232 1115 Babylonia,
1244 1079 1271 1102 et
1283 1073 1361 1112 quasi
1373 1081 1549 1104 contemtores
1565 1074 1637 1114 regis
1651 1082 1715 1105 sunt
1726 1086 1773 1106 ac-

1030 1114 1115 1144 cusati
1132 1124 1182 1155 pro
1195 1112 1321 1148 crimine;
1334 1112 1370 1142 ad
1384 1124 1501 1153 quorum
1520 1113 1659 1144 interitum
1667 1116 1774 1155 jussum

1031 1161 1080 1190 est,
1090 1161 1120 1184 ut
1129 1153 1250 1183 caminus
1259 1152 1448 1183 accenderetur
1457 1153 1555 1194 septies
1564 1153 1681 1194 mplius
1693 1165 1775 1194 quam

1030 1194 1132 1224 solebat
1146 1206 1153 1223 :
1167 1203 1220 1223 non
1233 1192 1296 1232 quia
1309 1191 1345 1222 ad
1361 1191 1570 1223 comburendam
1588 1194 1676 1227 carnis
1695 1201 1775 1224 natu-

1031 1245 1089 1263 ram
1103 1240 1206 1270 tantum
1219 1231 1373 1262 incendium
1387 1233 1565 1263 necessarium
1577 1233 1697 1271 mend
1709 1234 1775 1273 quia

1030 1280 1134 1303 tantum
1145 1272 1301 1305 insanientis
1313 1272 1385 1311 regis
1403 1272 1543 1302 iracundia
1555 1273 1724 1318 suggerebat.
1736 1274 1774 1304 Fa

1029 1312 1097 1351 quid
1118 1313 1188 1352 ignis
1202 1312 1229 1341 in
1244 1321 1293 1341 suo
1312 1311 1426 1349 camino,
1438 1312 1538 1342 furon's
1549 1312 1647 1358 spiritu
1661 1323 1774 1353 percus—

1029 1362 1085 1388 sus,
1101 1351 1233 1390 corrigit?
1244 1352 1280 1381 Et
1292 1350 1399 1390 perdito
1411 1362 1466 1380 suae
1479 1351 1588 1381 virtutis
1601 1352 1697 1389 calore,
1712 1362 1774 1392 spe-

1028 1390 1069 1420 cie
1089 1390 1146 1420 sola
1165 1389 1286 1424 ardebat,
1302 1396 1332 1418 ut
1347 1389 1454 1419 incorr-n
1475 1390 1579 1420 tibilem
1594 1391 1774 1431 integritatem

1028 1439 1122 1459 eorum
1136 1435 1278 1469 corruptus
1293 1427 1364 1467 ignis
1377 1436 1450 1459 osten
1471 1436 1537 1466 eret,
1552 1437 1578 1460 et
1593 1430 1773 1462 ardentiorem

1027 1468 1110 1498 fidem
1127 1479 1221 1498 eorum
1237 1467 1333 1498 ardens
1351 1469 1459 1498 flamma
1477 1469 1648 1504 ostentaret‚i
1717 1480 1773 1500 na-

1027 1515 1088 1538 tura
1100 1519 1149 1538 sua
1162 1508 1290 1544 clamans,
1304 1517 1357 1538 non
1370 1508 1398 1538 iu
1408 1518 1490 1543 voce,
1501 1509 1565 1547 quia
1577 1480 1772 1540 Mhil’sdccul-

1028 1554 1099 1585 tum,
1110 1548 1191 1587 quod
1200 1558 1261 1577 non
1278 1548 1396 1578 sciatur.
1408 1547 1460 1578 Sed
1473 1558 1522 1578 vos
1535 1549 1663 1579 sustinete
1674 1549 1771 1581 introi-

1026 1594 1085 1618 tum
1107 1586 1279 1628 injuriosum,
1298 1593 1328 1616 ut
1347 1587 1467 1618 habeatis
1485 1587 1590 1618 exitum
1610 1588 1770 1628 gloriosum.

1027 1628 1062 1658 Et
1072 1634 1208 1666 tamqnam
1222 1626 1430 1667 promissionum
1450 1627 1657 1658 consolationem
1667 1628 1773 1659 habm-

1027 1673 1075 1702 tes,
1089 1668 1139 1696 527,
1155 1668 1242 1706 Quod
1258 1667 1324 1696 dico
1333 1669 1418 1696 vobis
1431 1668 1464 1696 in
1484 1668 1620 1704 tenebris,
1637 1668 1774 1699 dicite-in

1028 1706 1138 1735 lumine
1149 1719 1158 1735 .·
1169 1713 1198 1736 et
1208 1716 1273 1746 quoe
1287 1707 1319 1735 in
1334 1716 1407 1736 aure
1418 1706 1540 1743 auditis,
1550 1707 1708 1746 predicate
1720 1717 1771 1740 su·-

1025 1756 1077 1785 per
1087 1751 1172 1775 tecla.
1185 1745 1261 1782 Quid
1273 1753 1321 1780 est,
1331 1746 1420 1784 Quod
1431 1747 1497 1775 dico
1506 1748 1592 1777 vobis
1601 1749 1634 1776 in
1645 1749 1771 1778 tenebris

1025 1786 1114 1815 dicite
1123 1787 1155 1814 in
1166 1786 1295 1815 lumine?
1307 1786 1376 1815 Item
1386 1785 1508 1815 tenebras
1521 1785 1667 1817 Juda'icum
1681 1797 1717 1828 po

1027 1824 1084 1854 lum
1103 1824 1180 1860 dicit,
1199 1824 1270 1855 sicut
1293 1825 1424 1864 scriptum
1439 1826 1572 1856 estzlux
1591 1828 1625 1856 in
1643 1798 1756 1857 εοιιαὲπΙ

1026 1864 1114 1899 lucet,
1130 1871 1158 1894 et
1178 1866 1303 1894 tenebrae
1319 1875 1384 1894 eam
1404 1875 1464 1894 non
1476 1867 1764 1905 comprehenderunt.

1026 1903 1065 1934 Et
1076 1904 1137 1933 ideo
1153 1903 1268 1934 tenebra‘.
1284 1904 1482 1945 intelliguntur,
1491 1905 1556 1944 quia
1569 1905 1660 1936 lumen
1671 1916 1768 1936 venun

1025 1954 1182 1981 cognoscere
1192 1953 1244 1972 non
1256 1950 1411 1989 potuerunt.
1426 1945 1609 1984 Quaecumque
1617 1945 1702 1991 igitur
1713 1947 1769 1977 Do-

1025 1983 1116 2013 minus
1136 1983 1164 2012 in
1177 1983 1194 2012 J
1197 1982 1279 2012 udaeis
1293 1983 1420 2022 loquutus
1433 1990 1483 2018 est,
1498 1984 1526 2013 in
1541 1984 1662 2015 Ecclesia
1682 1986 1770 2016 mmi-

1025 2022 1143 2052 sestanda
1151 2032 1207 2051 esse
1220 2023 1405 2052 annuntiabat.
1418 2024 1480 2054 Lux
1488 2023 1559 2053 enim
1586 2024 1685 2064 opulus
1692 2024 1769 2055 Chri-

1024 2062 1126 2091 stianus
1145 2060 1316 2101 intelligitur,
1338 2061 1407 2092 sicut
1424 2069 1451 2091 et
1471 2068 1564 2102 aposto
1577 2073 1607 2092 us
1622 2063 1768 2093 aitzssra-
1778 2079 1904 2114 &11:15AE

1026 2103 1062 2130 tis
1080 2102 1157 2130 enim
1173 2101 1337 2139 aliquando
1357 2103 1491 2138 tenebrae,
1507 2112 1586 2132 nunc
1605 2109 1704 2132 autem
1714 2103 1767 2132 lux

1025 2142 1058 2168 in
1078 2141 1204 2170 Domino
1219 2152 1227 2168 .·
1240 2146 1273 2169 ut
1281 2140 1339 2180 filii
1358 2140 1433 2170 lucis
1451 2141 1616 2171 ambulate.
1638 2144 1692 2171 Aut
1708 2142 1744 2172 ita
1758 2155 1766 2172 :

1030 2180 1116 2216 Quod
1128 2180 1194 2208 dico
1205 2179 1289 2209 vobis
1299 2182 1329 2208 in
1344 2181 1478 2214 tenebris,
1490 2181 1579 2210 dicite
1593 2181 1624 2210 in
1643 2181 1765 2218 lumine,

1025 2219 1055 2248 id
1065 2225 1114 2255 est,
1126 2218 1208 2255 Quod
1217 2229 1288 2249 nunc
1296 2218 1357 2248 dim
1365 2219 1443 2249 vobis
1452 2219 1480 2248 in
1490 2220 1616 2260 mysterio
1629 2221 1766 2261 parabola—

1026 2269 1100 2294 rum,
1114 2268 1162 2288 vos
1180 2265 1270 2298 postea
1285 2258 1366 2288 dicite
1379 2259 1526 2288 manifeste.
1542 2260 1624 2297 Quod
1644 2261 1716 2291 enim
1738 2261 1766 2291 in

1025 2297 1151 2337 mysterio
1164 2305 1204 2327 est
1212 2298 1410 2335 absconditum,
1420 2298 1459 2328 sic
1468 2305 1506 2332 est
1514 2299 1591 2338 quasi
1604 2300 1631 2329 in
1650 2300 1766 2330 tenebris

1025 2337 1082 2376 posi
1086 2344 1153 2367 turn.
1163 2337 1244 2367 Unde
1257 2345 1281 2367 et
1291 2340 1380 2368 Moses
1393 2338 1501 2377 quando
1510 2338 1596 2378 legem
1606 2346 1764 2379 accepturus

1024 2376 1142 2406 ascendit
1155 2377 1182 2406 in
1196 2384 1324 2413 montem,
1332 2377 1401 2407 sicut
1409 2377 1476 2407 dicit
1483 2378 1632 2419 Scriptura,
1646 2380 1763 2418 Ingres-
1774 2394 1898 2424 &0113sp

1024 2426 1071 2444 sus
1083 2423 1126 2445 est
1137 2418 1234 2446 Moses
1244 2419 1275 2446 in
1286 2419 1403 2454 nubem,
1411 2416 1552 2447 ostendens
1560 2417 1624 2456 quia
1634 2418 1690 2454 lex,
1703 2428 1763 2456 quae
1777 2424 1812 2448 18.

1023 2454 1138 2484 dabatur
1156 2455 1184 2484 in
1199 2456 1327 2496 mysterio
1339 2456 1436 2497 posita,
1452 2456 1567 2485 obscura
1586 2464 1643 2486 erat
1659 2457 1761 2494 futura,

1023 2494 1097 2532 quasi
1119 2495 1171 2524 sub
1195 2496 1267 2524 nube
1289 2496 1442 2535 nigei-rima.
1464 2495 1545 2533 Quod
1563 2503 1653 2525 autem
1675 2497 1763 2526 mani—

1022 2533 1085 2562 scste
1104 2533 1215 2569 (licitur,
1230 2534 1257 2564 in
1273 2535 1376 2565 lumine
1389 2534 1499 2564 dicitur.
1514 2535 1591 2572 Quid
1609 2542 1658 2569 est,
1678 2537 1764 2574 Quod

1023 2583 1091 2602 uzu-e
1100 2574 1216 2611 auditis,
1222 2576 1378 2613 prcedicate
1387 2585 1471 2614 super
1481 2579 1557 2604 tecta
1566 2577 1579 2602 Ρ
1588 2575 1621 2604 Id
1628 2575 1762 2613 est‚Quod

1727 1828 1848 1866 ''ssloam
1862 1841 1904 1866 h!
