1890 2826
0 465 54 489 ιτιλ.

731 187 763 209 IN
795 185 982 208 DAMELEM.

84 247 170 283 ποδῶν
185 252 321 293 ἀνθρώπου
334 252 431 288 ἐστάθη
441 263 447 270 ·
459 251 504 281 καὶ
515 250 609 290 καρδία
618 248 756 288 ἀνθρώπου
771 246 848 281 ἐδόθη

84 307 160 345 αὐτῇ.
184 304 282 344 Γοργὸν
300 305 330 334 τὸ
348 306 423 339 ζῶον.
436 303 617 343 Ἑκατέρωθεν
631 295 686 341 εἶχε
702 300 752 335 τὴν
772 299 848 338 ἰσχὺν

82 358 241 397 ταχυτῆτος,
259 357 358 387 ἄνωθεν
372 356 419 396 μὲν
434 355 486 385 ἀπὸ
499 356 550 384 τῶν
565 355 679 394 πτερῶν,
692 352 810 382 κάτωθεν
822 350 850 380 δὲ

82 410 135 439 ἀπὸ
156 411 209 439 τῶν
221 410 309 439 ποδῶν
321 421 328 427 ·
355 409 414 438 ἀλλ’
426 407 568 448 ἑκατέραὴ
582 405 699 447 ταχυτὴς
717 403 849 444 ἀνῃρέθη,

81 461 187 491 ἐκείνων
197 462 244 501 μὲν
259 462 273 477 *
281 461 452 497 ἑκταλέντων,
464 460 509 491 καὶ
524 460 590 500 μηδὲ
604 458 736 500 φανέντων
749 456 850 492 λοιπὸν,

82 514 180 544 τούτων
202 514 231 544 δὲ
255 514 456 553 μεταπεσόντων
482 513 527 543 ἐπὶ
550 511 610 545 τοὺς
630 509 830 550 ἀσθενεστέρους
842 531 851 546 ,

82 565 161 600 ‘robe
178 565 338 606 ἀνθρώπους.
350 565 403 595 Καὶ
415 565 512 606 καρδία
525 563 664 604 ἀνθρώπου
678 562 754 599 ἐδόθη
768 563 847 601 αὐτῇ.

81 620 168 648 Τοῦτο
184 618 236 658 γὰρ
249 619 277 647 ἕν
290 618 382 658 ἐκείνῳ
394 618 433 658 τῷ
450 617 520 658 ζώῳ,
531 616 562 646 τὸ
580 618 688 656 γαῦρον.
704 612 850 650 Ταπεινὸς,

80 664 159 703 φησὶ,
184 664 282 704 ἥμερος
293 687 301 701 ,
314 664 456 704 χειροήθης
479 663 582 703 ἐγένετο
607 664 622 692 ὁ
646 660 778 702 βασιλεύς.
796 660 851 690 Καὶ

81 717 136 747 ἰδοὺ
157 717 246 757 θηρίον
266 717 354 758 ἕτερον
377 718 466 757 ὅμοιον
490 717 574 757 ἅρκῳ,
596 716 642 746 καὶ
669 717 706 749 εἰς
731 714 809 755 μέρος
822 714 849 744 ἓν

81 769 192 806 ἐστάθη,
204 770 249 799 καὶ
261 770 322 810 τρία
343 770 446 811 πλευρὰ
465 771 491 799 ἐν
505 771 544 810 τῷ
565 768 679 808 στόματι
699 768 780 803 αὐτῆς
798 767 849 796 ἀνὰ

81 820 160 859 μέσον
174 822 227 850 ὤν
248 821 359 851 ὀδόντων
381 823 471 857 αὐτῆς.
495 819 549 850 Καὶ
563 820 646 851 οὕτως
658 818 746 858 ἔλεγον
761 819 828 858 αὐτῇ
841 829 848 836 ·

79 873 227 909 ἀνάστηθι,
250 873 317 916 φάγε
341 873 440 914 σάρκας
452 873 561 907 πολλάς.
577 871 643 902 Ἐπὶ
655 873 709 901 τῶν
732 872 844 911 Περσῶν

80 926 182 965 ἐγένετο
198 926 229 956 τὸ
249 926 331 967 βραδὺ
352 928 404 956 τῶν
424 925 578 966 ἀνθρώπων.
593 924 659 955 Ἐπὶ
679 924 779 961 Μήδων
803 923 848 953 καὶ

80 980 192 1019 Περσῶν
205 979 266 1019 τρία
278 979 380 1020 πλευρὰ
389 1001 398 1016 ,
412 979 472 1015 ἤτοι
484 979 579 1013 τόπους
590 1001 598 1016 ,
612 979 630 1015 ἢ
642 979 688 1012 τὰς
704 977 848 1018 βασιλείας,

79 1031 111 1065 ἃς
123 1033 248 1062 συνεῖλεν.
261 1031 373 1072 Ἔλεγον
397 1033 468 1073 αὐτῷ
480 1044 487 1051 ·
501 1031 645 1067 ἀνάστηθι,
659 1031 727 1071 φάγε
748 1030 848 1069 σάρκας

79 1084 188 1118 πολλάς.
213 1080 296 1114 Οὗτοι
309 1084 360 1125 γὰρ
386 1079 456 1114 εἷλον
481 1085 526 1113 καὶ
551 1083 699 1113 Βαὸυλῶνα
710 1104 718 1119 ,
734 1081 779 1111 καὶ
800 1081 848 1114 τὰς

79 1135 179 1169 πολλὰς
195 1136 350 1176 εἰργάσαντο
371 1135 516 1176 συμφοράς.
528 1135 633 1165 Ὀπίσω
652 1133 746 1164 τούτου
768 1132 848 1162 ἐθεώ-

80 1199 156 1227 ρουν·
177 1187 223 1217 καὶ
244 1188 299 1217 ἰδοὺ
323 1188 411 1228 ἕτερον
433 1188 531 1228 θηρίον,
554 1187 618 1216 ὡσεὶ
638 1186 787 1226 πάρδαλις’
802 1185 847 1214 καὶ

79 1241 146 1280 αὐτῇ
161 1241 246 1281 πτερὰ
269 1240 386 1281 τέσσαρα
408 1242 527 1270 πετεινοῦ
548 1239 670 1279 ὑπεράνω
691 1239 787 1274 αὐτῆς,
801 1238 847 1267 καὶ

79 1291 204 1333 τέσσαρες
233 1291 346 1333 κεφαλαὶ
371 1294 409 1332 τῷ
438 1292 521 1332 θηρίῳ
534 1304 540 1310 ·
567 1291 612 1322 καὶ
639 1290 742 1325 ἐξουσία
768 1290 845 1326 ἐδόθη

79 1345 160 1384 αὐτῷ.
174 1340 257 1382 Εἶτα,
271 1345 351 1386 φησὶ,
363 1344 504 1385 πάρδαλις·
519 1343 685 1384 Ἀλέξανδρος
694 1345 709 1372 ὁ
719 1344 771 1372 τῶν
782 1344 846 1372 Μα-

79 1397 190 1427 κεδόνων
205 1396 342 1437 βασιλεὺς,
365 1401 454 1427 πᾶσαν
478 1396 590 1430 διαπτὰς
611 1396 660 1432 τὴν
680 1394 845 1434 οἰκουμένην.

77 1450 162 1480 Οὐδὲν
173 1449 225 1490 γὰρ
236 1449 328 1480 τούτου
341 1449 506 1490 γοργότερον,
520 1449 579 1479 οὐδὲ
597 1448 716 1488 ὀξύτερον
730 1447 845 1487 γέγονεν,

77 1502 146 1532 ἀλλὰ
163 1501 272 1542 σφοδρός
286 1514 326 1536 τις
340 1498 372 1538 ἦν
388 1501 434 1531 καὶ
446 1500 514 1538 ὀξὺς,
527 1500 646 1540 καθάπερ
658 1503 736 1530 τοῦτο
748 1499 779 1529 τὸ
792 1502 846 1535 θη-

79 1554 143 1594 ρίον.
157 1552 292 1594 Τέσσαρα,
305 1552 381 1595 φησὶ,
394 1546 479 1594 πτερδι
489 1555 608 1583 πετεινοῦ
621 1553 744 1592 ὑπεράνω
755 1553 844 1587 αὖτῆς.

79 1603 234 1640 Τουτέστιν,
252 1604 357 1634 ἅπασαν
378 1604 528 1644 προσ-ἔλαθε
547 1603 595 1640 τὴν
617 1603 705 1643 ἰσχύν.
719 1602 846 1642 ’Πέρσας

78 1656 130 1696 γὰρ
144 1657 180 1690 εἰς
193 1656 256 1685 δέκα
268 1660 337 1696 τρεῖς
352 1656 486 1696 βασιλείας
507 1655 610 1691 διελὼν,
633 1655 751 1688 ἅπαντας
773 1656 845 1695 ἐχει-

80 1708 194 1748 ρώσατο.
218 1703 294 1741 Εἶδες
318 1709 397 1738 αὐτοῦ
418 1708 466 1744 τὴν
486 1709 636 1747 ταχυτῆτα;
651 1707 704 1738 Καὶ
725 1707 778 1736 ἀπὸ
799 1709 846 1742 τ-’ῆς

79 1761 180 1801 φύσεως
191 1764 237 1791 τοῦ
249 1761 349 1801 θηρίου,
361 1760 406 1790 καὶ
422 1760 475 1790 ἀπὸ
487 1763 539 1790 τῶν
551 1762 666 1800 πτερῶν.
681 1761 777 1789 necem
791 1759 846 1789 διέ-

79 1815 163 1853 δραμε
177 1813 226 1850 τὴν
239 1814 403 1852 οἰκουμένην.
418 1813 471 1843 Καὶ
483 1813 610 1853 κεφαλαὶ,
625 1813 689 1853 φησὶ
698 1836 706 1850 ,
720 1813 845 1853 τέσσαρες

78 1868 117 1906 τῷ
131 1866 222 1907 θηρίῳ.
235 1866 289 1896 Καὶ
301 1869 318 1902 ἡ
334 1866 454 1906 βασιλεία
468 1866 512 1896 καὶ
524 1869 541 1902 ἡ
558 1865 660 1900 ἐξουσία
672 1866 748 1902 ἐδόθη
762 1867 844 1906 αὐτῷ,

78 1913 146 1950 Εἶτα
165 1919 235 1961 λέγει
258 1919 356 1955 ταύτης
369 1921 417 1957 τήν
433 1919 588 1960 παρουσίαν,
606 1919 654 1956 τὴν
666 1920 785 1950 ποικίλον
799 1919 844 1949 καὶ

76 1974 231 2010 παντοδαπῇ
241 1997 250 2011 ,
264 1973 309 2003 καὶ
322 1975 369 2003 οὐκ
383 1973 438 2014 ἔχει
457 1973 544 2002 εἰκόνα
558 1974 649 2002 εἰπεῖν·
665 1974 747 2006 οὕτως
765 1973 843 2008 ἐξαλ-

75 2026 169 2056 λάττον
189 2039 215 2055 τι
233 2026 264 2056 τὸ
277 2026 365 2066 θηρίον
376 2022 418 2062 ἦν.
442 2026 534 2060 Πάσας
551 2026 603 2066 γὰρ
617 2026 715 2062 ἐκείνας
730 2027 842 2064 ἐνίκησε,

77 2079 103 2107 Τ
104 2082 145 2111 αἶς
159 2078 206 2117 μὲν
220 2078 320 2115 ἄλλαις,
334 2078 387 2108 ἀπὸ
399 2081 444 2108 τοῦ
459 2078 556 2118 τάχους
570 2074 602 2115 ἦν
614 2081 632 2114 ἡ
646 2078 721 2118 ἰσχύς
730 2091 736 2097 ·
749 2079 842 2109 τούτου

77 2129 105 2158 δὲ
119 2129 172 2159 ἀπὸ
181 2131 233 2159 τῶν
246 2130 357 2160 ὀδόντων
366 2142 373 2149 ·
388 2131 490 2171 σιδηροῖ
503 2126 579 2167 ἦσαν.
599 2131 652 2161 Καὶ
666 2132 699 2161 τὰ
718 2133 843 2162 ἐπίλοιπα

78 2185 135 2214 ταῖς
147 2182 224 2211 ποσὶν
237 2184 316 2212 αὐτοῦ
332 2183 480 2212 συνεπάτει.
496 2183 565 2217 Τοὺς
578 2184 690 2218 πολλοὺς
703 2185 775 2224 λέγει
792 2197 844 2215 πο-

79 2234 182 2273 λέμους.
202 2234 279 2268 Τίνες
292 2236 316 2264 οἱ
329 2235 392 2265 δέκα
409 2238 525 2275 βασιλεῖς
535 2249 543 2273 ;
555 2236 582 2266 τί
593 2237 623 2266 τὸ
638 2237 730 2277 μικρὸν
744 2238 822 2277 κέρας
834 2250 842 2274 ;

80 2286 152 2326 Ἐγὼ
169 2287 213 2316 τὸν
228 2286 405 2327 Ἀντίχριστόν
419 2300 487 2328 φημι
506 2289 603 2327 μεταξύ
617 2302 693 2319 τινων
708 2291 843 2330 φαίνεσθαι

80 2339 217 2378 βασιλέων.
232 2339 284 2369 Καὶ
298 2339 442 2380 ὀφθαλμοὶ,
460 2342 496 2374 ὣς
513 2342 642 2381 ὀφθαλμοὶ
664 2342 801 2383 ἀνθρώπου
815 2344 842 2372 ἐν

113 2451 124 2464 ²
142 2447 196 2474 τοὺς
207 2449 344 2480 ἀνθρώπους.
358 2445 505 2470 verisimilis
516 2445 660 2472 emendatio
670 2451 820 2483 ὰνθρωπείους
827 2468 835 2480 ,

84 2484 122 2509 vel
134 2485 218 2517 potius
228 2489 355 2519 ἀνθρώπου.

115 2531 126 2543 ¹·
143 2528 233 2558 Πέρσας
251 2529 295 2557 γὰρ
315 2528 344 2553 εὶ,-
356 2527 409 2550 Edax
420 2530 480 2558 τρεῖς
499 2527 615 2558 βασιλείας
632 2527 717 2558 διελὼν,
737 2529 839 2556 ἅπαντας

83 2566 228 2596 ἐχειρώσατο.
248 2563 343 2588 Forsan
361 2562 408 2596 legi
427 2561 513 2592 debet,
532 2566 679 2598 διιλομινους.
698 2565 839 2598 Xenophon

88 2602 253 2627 ilistoriarum
268 2601 300 2627 de
312 2602 474 2629 Institutione
484 2603 545 2636 Cyri
554 2603 596 2630 lib.
611 2605 621 2628 4
636 2614 641 2628 ι
655 2607 740 2631 δώδεκα
749 2609 793 2641 γὰρ
803 2609 840 2632 καὶ

1579 178 1646 226 275

901 252 978 275 term
992 258 1000 275 .-
1015 252 1043 276 et
1057 249 1089 276 in
1100 248 1222 286 pedibus
1243 250 1370 281 hominis
1383 253 1460 281 stetit
1474 263 1480 279 :
1492 257 1520 281 et
1530 261 1581 280 cor
1593 252 1645 280 ho-

901 293 987 322 minis
999 293 1102 324 datum
1113 301 1157 324 est
1165 297 1203 325 ei.
1215 296 1303 326 Ferox
1319 297 1429 326 animal.
1446 297 1580 336 Utrinque
1596 298 1644 326 ha-

900 339 980 369 bebat
1001 341 1145 371 celeritatis
1168 342 1224 372 vim
1241 354 1378 384 :superne
1397 343 1506 383 quidem
1522 345 1557 373 ab
1577 345 1645 379 alis,

900 386 1004 417 inferne
1028 397 1093 417 vero
1112 399 1128 417 a
1154 388 1288 429 pedibus;
1316 390 1364 420 sed
1384 397 1497 429 utraque
1519 390 1646 420 velocitas

900 431 989 462 ablata
1002 439 1058 470 est,
1069 434 1121 463 alis
1131 434 1250 473 'quidem
1270 432 1384 474 evulsis,
1399 446 1448 466 nec
1463 436 1582 476 amplius
1597 447 1645 476 ap-

900 478 1067 518 parentibus,
1090 480 1205 520 pedibus
1226 492 1291 511 vero
1310 482 1534 522 degenerantibus
1550 482 1577 511 in
1598 482 1646 511 dc-

900 523 1018 561 biliores,
1032 525 1164 556 humanos
1172 526 1284 558 scilicet.
1293 529 1334 558 Et
1344 538 1396 558 cor
1404 529 1531 558 hominis
1544 529 1646 558 datum

862 569 885 594 4Ιῐ
901 576 944 600 est
954 572 992 601 ei.
1004 572 1091 601 Tanta
1105 572 1132 601 in
1147 572 1195 602 illo
1207 573 1316 603 animali
1333 574 1420 603 suerat
1434 574 1571 614 superbia.
1585 576 1644 605 Hu-

900 616 985 654 milis,
999 617 1097 657 inquit,
1118 618 1192 648 mitis
1211 625 1237 648 et
1251 626 1406 649 mansuetus
1428 620 1513 649 factus
1530 627 1569 650 est
1585 631 1645 650 rex.

900 664 943 692 Et
957 673 1023 693 ecce
1038 665 1132 693 bestia
1147 664 1210 705 ᾳῑὶα
1227 666 1331 695 similis
1349 675 1417 695 urso
1430 678 1438 694 :
1452 672 1481 695 et
1492 667 1523 694 in
1532 673 1646 706 partem

901 719 991 738 unam
1011 712 1089 739 stetit
1101 713 1227 740 :etrtria
1248 711 1343 741 latera
1360 713 1394 740 in
1414 721 1463 741 ore
1482 713 1556 752 ejus,
1570 714 1648 741 inler

901 756 1003 786 dentes
1017 758 1116 796 ipsius.
1130 758 1173 787 Et
1183 759 1226 787 sic
1238 759 1376 788 dicebant
1388 760 1416 787 ei
1431 770 1439 788 ε
1454 758 1555 798 Surge,
1570 770 1646 789 com-

900 803 954 832 ede
967 812 1071 832 carnes
1086 803 1205 833 multas.
1219 804 1277 834 Sub
1293 804 1381 834 Persis
1398 804 1520 834 homines
1539 804 1647 834 suerunt

899 848 969 878 tardi
985 859 1017 878 ac
1033 859 1135 889 segnes.
1155 850 1214 880 Sub
1231 850 1322 880 Medis
1339 857 1365 880 et
1382 850 1470 880 Persis
1488 850 1647 880 exstiterunt

855 901 892 921 '³³8
899 894 950 925 tria
968 895 1051 925 latera
1067 895 1117 925 :id
1136 902 1186 932 est,
1209 896 1253 927 vel
1272 896 1343 933 loca,
1358 896 1402 926 vel
1421 907 1514 936 regna,
1536 906 1595 935 qum
1618 897 1646 926 in

863 930 883 952 A
899 951 984 971 unum
1004 941 1047 970 illi
1067 948 1266 971 contraxerunt.
1291 943 1438 972 Dicebant
1455 943 1482 972 ei
1508 954 1516 971 .·
1540 943 1644 983 Surge,

898 989 1016 1017 comede
1038 998 1142 1018 carnes
1165 988 1283 1025 multas.
1311 989 1347 1018 Hi
1373 989 1445 1018 cuim
1471 996 1598 1029 ceperunt
1619 997 1646 1019 et

897 1035 1081 1074 Babylonem,
1107 1041 1133 1064 et
1162 1034 1260 1064 multas
1292 1035 1454 1065 calamitates
1483 1035 1643 1066 intulerunt.

897 1082 970 1111 Post
982 1082 1037 1111 hoc
1049 1083 1238 1121 aspiciebam;
1251 1088 1280 1112 et
1289 1092 1354 1111 ecce
1361 1082 1424 1111 alia
1438 1083 1540 1118 bestia,
1556 1086 1647 1123 quasi

895 1128 1029 1167 pardalis
1041 1140 1052 1158 .-
1068 1135 1096 1158 σε
1117 1130 1174 1167 ipsi
1196 1128 1254 1157 aloe
1269 1134 1397 1168 quatuor
1410 1129 1541 1159 volucris
1559 1140 1646 1170 super

898 1185 978 1212 eam,
1002 1181 1031 1204 et
1049 1176 1147 1215 capita
1176 1180 1305 1214 quatuor
1335 1175 1492 1205 bestiae:et
1516 1182 1644 1215 poteslas

898 1221 971 1249 data
990 1227 1034 1250 est
1053 1221 1110 1250 illi.
1138 1221 1266 1257 Deinde,
1289 1220 1388 1259 inquit,
1411 1222 1568 1260 pardalis.-
1580 1222 1643 1252 Ale-

898 1266 1002 1296 xander
1019 1266 1199 1296 Macedonum
1220 1276 1280 1303 rex,
1294 1267 1344 1305 qui
1362 1273 1449 1296 totum
1469 1267 1561 1297 orbern
1579 1279 1643 1308 per-

898 1313 1012 1343 volavit.
1035 1311 1113 1342 Nihil
1136 1312 1239 1352 quippe
1261 1312 1311 1341 illo
1332 1312 1385 1342 fuit
1399 1312 1570 1347 terribilius.
1596 1325 1643 1344 ncc

897 1358 1017 1388 velocius
1032 1370 1038 1387 :
1053 1365 1080 1388 at
1098 1358 1240 1388 vehemens
1260 1365 1318 1388 crat
1338 1369 1370 1389 ac
1389 1359 1470 1396 celer,
1489 1359 1568 1389 sicuti
1586 1360 1643 1390 hoec

897 1405 991 1435 hestia.
1025 1400 1171 1444 Quafflor,
1195 1405 1294 1444 inquit,
1321 1406 1379 1435 aloe
1402 1406 1534 1436 volucris
1557 1416 1644 1446 super

898 1461 974 1480 eam.
991 1452 1049 1481 Hoc
1064 1458 1115 1489 est,
1133 1461 1240 1481 omnem
1262 1451 1408 1492 potentiam
1428 1451 1481 1481 sibi
1504 1451 1639 1492 adjunxit.

898 1501 990 1529 Persas
1002 1499 1075 1529 enim
1088 1500 1116 1529 in
1129 1499 1258 1530 tredecim
1277 1510 1358 1539 regna
1372 1501 1406 1530 ab
1421 1500 1574 1538 see-divisos,
1589 1500 1641 1530 sibi

864 1554 882 1577 B
898 1545 1012 1585 subjecit
1032 1545 1181 1576 universos.
1204 1544 1291 1576 Vides
1313 1546 1389 1575 illius
1412 1546 1592 1576 celeritatem?
1606 1547 1641 1576 Et

898 1601 932 1620 ex
950 1592 1040 1621 bestiae
1062 1598 1167 1629 natura,
1182 1598 1209 1621 et
1227 1602 1262 1621 ex
1283 1591 1344 1621 alis.
1360 1592 1526 1622 Universum
1548 1592 1640 1622 orbem

897 1638 1039 1676 percurrit.
1062 1639 1104 1667 Et
1122 1639 1231 1677 capita,
1253 1637 1352 1676 iuquit,
1381 1644 1508 1678 quatuor·
1530 1639 1639 1668 bestiae.

897 1683 938 1712 Ee
949 1693 1070 1723 regnum
1081 1689 1110 1712 et
1121 1690 1249 1723 potestas
1268 1684 1340 1712 data
1358 1690 1399 1713 est
1411 1686 1448 1713 ei.
1460 1684 1564 1714 Dehinc
1574 1695 1640 1714 nar-—

898 1726 1045 1767 ffatquartae
1058 1729 1148 1758 bestiae
1158 1728 1304 1758 adventum
1314 1728 1507 1759 multiformem
1516 1737 1543 1760 et
1551 1731 1639 1760 omni·

896 1784 1005 1813 genum,
1018 1781 1045 1805 et
1057 1785 1110 1805 non
1123 1782 1209 1816 potest
1225 1776 1320 1805 afferre
1332 1775 1537 1805 similitudinem
1550 1789 1558 1806 :
1573 1777 1641 1806 adeo

896 1821 980 1851 bestia
991 1822 1039 1851 illa
1053 1823 1160 1853 varians
1173 1828 1239 1851 erat.
1251 1821 1313 1851 Alia
1328 1822 1430 1862 quippe
1451 1822 1540 1852 omnia
1559 1822 1637 1853 devi-

897 1867 933 1896 cit
953 1878 1045 1908 regna.
1066 1868 1174 1898 Caeteris
1195 1867 1305 1907 quidem
1328 1867 1448 1908 imperiis
1466 1879 1482 1897 a
1500 1869 1640 1899 velocitate

897 1914 981 1944 inerat
993 1915 1036 1945 vis
1046 1926 1053 1944 z
1063 1915 1147 1955 hujus
1157 1925 1222 1945 vero
1236 1914 1360 1944 animalis
1379 1914 1450 1945 vires
1460 1916 1488 1945 in
1499 1915 1636 1954 dentibus,

896 1961 941 1999 qui
953 1961 1031 1991 ferrei
1041 1967 1126 1991 erant.
1135 1962 1176 1990 Et
1190 1962 1305 2000 reliqua
1312 1961 1434 2000 pedibus
1444 1964 1504 1991 suis
1513 1963 1636 1992 concul-

896 2009 992 2037 cabat.
1002 2007 1091 2036 Multa
1102 2006 1229 2047 intelligit
1242 2007 1323 2037 bella.
1337 2007 1455 2045 Quinam
1469 2015 1531 2039 sunt
1545 2009 1637 2039 decem

895 2055 990 2094 reges?
1003 2053 1077 2095 quod
1094 2064 1210 2094 parvum
1233 2054 1338 2086 cornu?
1360 2057 1419 2094 Ego
1440 2056 1483 2085 aio
1497 2055 1636 2086 Antichri-

895 2108 967 2131 stum
989 2101 1058 2130 inter
1084 2100 1188 2140 aliquot
1215 2111 1290 2141 reges
1311 2112 1450 2142 apparere.
1470 2103 1512 2131 Et
1545 2103 1635 2135 oculi,

896 2151 980 2188 quasi
999 2147 1077 2176 oculi
1096 2148 1222 2177 hominis
1243 2149 1274 2175 in
1295 2158 1383 2177 cornu
1404 2149 1470 2185 iseo,
1494 2154 1523 2177 et
1542 2158 1573 2177 os
1592 2148 1636 2176 lo-

896 2205 987 2235 quens
997 2195 1133 2236 grandia.
1144 2194 1219 2232 Quid
1237 2194 1308 2223 enim
1321 2194 1369 2223 illo
1383 2205 1429 2224 ore
1440 2193 1568 2234 grandius
1582 2204 1638 2223 esse

861 2241 879 2264 C
897 2249 992 2283 potest,
1005 2242 1077 2282 quod
1100 2242 1231 2282 loquitur,
1251 2242 1345 2281 Supra
1366 2243 1511 2282 quidquid
1532 2242 1785 2271 dicitur2.‘1'ln·ss.2,

896 2290 995 2327 Deus,
1015 2295 1066 2318 aut
1093 2299 1217 2325 numen,
1243 2288 1317 2317 adeo
1340 2294 1372 2318 ut
1392 2290 1424 2316 in
1446 2287 1552 2327 templo
1583 2277 1670 2316 Dei4'

891 2342 1016 2373 sedeat?
1037 2341 1065 2371 Si
1080 2347 1168 2370 autem
1180 2338 1252 2368 oculi
1266 2338 1394 2375 hominis,
1407 2348 1441 2367 nc
1454 2337 1559 2367 mireris
1576 2348 1582 2364 ε
1601 2343 1640 2365 ct-

885 2454 977 2483 Περαῶν
988 2450 1055 2483 φυλαὶ
1067 2449 1192 2481 διῄρηνται.
1207 2443 1352 2469 Herodotus
1364 2443 1389 2467 in
1401 2441 1503 2483 Thalia:
1518 2444 1590 2474 ἀρχὰς
1602 2451 1643 2466 κα-

885 2494 1012 2518 τεστήσατο
1023 2486 1145 2518 (loquitur
1159 2484 1191 2509 dc
1208 2482 1285 2508 Durio
1297 2480 1431 2516 Hystaspis
1443 2479 1503 2510 sslto)
1514 2483 1589 2510 ε’ίκοπι,
1603 2483 1643 2507 τὰς

887 2530 951 2554 αὐτοὶ
963 2529 1065 2553 ›cantion-n
1077 2529 1225 2559 σατραπηίας.
1526 2557 1532 2563 ι

923 2567 936 2586 b
953 2568 1009 2592 Εἶτα
1029 2567 1087 2597 λέγει
1108 2565 1191 2591 ταύτης
1211 2565 1252 2590 τὴν
1271 2562 1402 2594 παρουσίαν.
1415 2557 1549 2589 Sequentia
1561 2561 1644 2581 osteu-
1658 2595 1663 2598 ,

890 2604 963 2636 dunt,
976 2601 1147 2636 reponendum
1159 2608 1209 2625 esse
1222 2602 1339 2632 τετάρτης.
