1890 2826
608 179 764 203 SYNOPSIS

90 247 136 276 οὐκ
146 244 262 275 ἐκώλυσε
275 243 320 273 τὸν
335 242 465 282 Ἱερεμίαν
479 243 588 270 τοιαῦτα
602 243 792 280 προφητεῦσαι.
805 238 856 267 Διὰ

89 294 166 322 τοῦτο
187 291 290 321 ἀπειλεῖ
313 291 327 318 ὁ
348 287 417 321 Θεὸς
436 286 584 317 ἀπολέσειν·
597 286 685 315 αὐτόν.
701 281 769 315 Εἶτα
782 284 858 323 λόγος

89 336 286 377 παρακλητικὸς
298 336 336 375 τῷ
351 333 469 373 Ἰσραήλ.
483 333 498 346 *
509 333 593 368 Δηλοῖ
613 331 658 360 τὸν
680 330 784 369 καιρὸν,
799 331 857 359 καθ’

89 383 117 412 ὃν
128 382 238 421 ἔμελλον
260 380 453 421 ἐπανέρχεσθαι
465 380 496 408 ἐκ
510 378 675 410 Βαὸυλῶνος.
688 371 773 409 Οὗτος
788 374 816 404 δὲ
826 370 859 410 ἦν

792 178 948 203 scniP'rUR
955 179 979 201 F.
1004 178 1084 202 SACR
1094 180 1127 202 V..

1582 166 1646 214 45.

908 249 963 277 quo
988 239 1108 268 futurum
1134 246 1172 268 est
1197 247 1225 269 ut
1249 247 1415 271 revertantur
1439 252 1474 271 ex
1497 242 1645 282 Babylone.

897 284 983 314 *Illud
994 296 1058 314 vero
1072 292 1128 315 erat
1147 293 1251 326 tempus
1263 287 1374 324 Plu-iseo,
1387 298 1434 317 seu
1457 288 1565 327 pascha,
1578 295 1608 318 ut
1620 289 1649 318 in

910 330 998 361 Esdra
1006 332 1122 372 reperire
1131 339 1179 369 est,
1185 330 1257 373 ipsos
1268 343 1362 373 nempe
1371 333 1399 363 in
1411 334 1477 363 festo
1486 335 1650 373 Azymorum

911 387 1029 406 reversos
1049 389 1114 408 esse.
1136 379 1229 417 Itaque
1252 378 1388 408 manifeste
1409 378 1498 409 Judaei
1520 379 1651 408 mendacii

89 431 104 458 ὁ
115 432 160 458 τοῦ
174 427 259 468 φασὲκ
269 449 277 464 ,
298 426 386 460 καθὼς
398 426 443 455 καὶ
458 426 484 455 ἐν
502 426 541 464 τῷ
553 423 659 463 Ἐσὸρᾳ
672 422 742 452 ἐστὶν
761 423 858 461 εὑρεῖν,
875 419 895 443 ⁶
911 424 1118 454 convincuntur.
1138 425 1208 454 Nam
1226 423 1297 453 bona
1315 423 1361 453 hic
1378 423 1412 453 de
1433 423 1499 462 ipsis
1520 423 1653 463 descripta

90 475 132 504 ὅτι
144 476 177 514 τῇ
192 475 269 514 ἑορτῇ
282 475 335 502 τῶν
349 471 455 511 ἀζύμων
471 470 630 505 ἐπανῆλθον.
645 467 728 498 Ὥστε
743 467 860 507 φανερῶς

92 520 245 560 ἐλέγχονται
256 519 411 559 ψευδόμενοι
423 517 556 547 Ἰουδαῖοι.
573 515 617 545 Τὰ
630 515 681 554 γὰρ
698 515 725 543 ἐν
737 515 774 553 τῷ
787 512 861 551 τόπῳ

92 566 177 606 τούτῳ
187 564 359 606 γεγραμμένα
373 563 435 604 περὶ
454 564 538 592 αὐτῶν
551 560 638 601 ἀγαθὰ
651 560 690 590 ἔτι
706 559 861 599 προσδοκῶ-

93 624 144 648 σιν,
158 611 226 650 ἅπερ
239 606 327 646 ἦλθον.
341 609 411 650 Περὶ
421 611 474 638 τῶν
490 606 676 647 ἀναιρεθέντων
690 604 801 634 παιδίων
811 602 863 632 ὑπὸ

93 657 223 698 Ἡρώδου.
248 656 316 696 Περὶ
335 658 383 691 τῆς
402 654 462 688 νέας
481 653 617 689 Διαθήκης
637 649 794 692 προφητεία.
809 648 863 679 Καὶ

94 705 141 739 τὴν
156 704 183 732 ἐν
194 705 232 743 τῷ
246 702 320 743 τόπῳ
330 702 358 731 δὲ
369 700 454 741 τούτῳ
467 698 607 737 οἰκοδομὴν
620 696 806 737 γεγραμμένην
816 697 864 731 τῆς

94 749 195 782 πόλεως
210 748 249 778 ἔτι
263 749 444 788 προσδοκῶσιν
458 746 589 776 Ἰουδαῖοι.
604 744 658 774 Καὶ
671 743 739 778 αὕτη
751 741 779 772 δὲ
790 741 864 775 τέλος

95 797 186 836 ἔσχεν,
201 795 244 824 ὅτε
258 796 368 830 ἀνῆλθον
383 796 412 824 ἐκ
424 793 582 825 Βαὸυλῶνος
593 789 731 831 γενομένη.
749 787 864 818 Κελεύε-

95 854 139 871 ται
150 844 164 871 6
178 841 308 881 Ἱερεμίας
321 840 450 880 ἀγοράσαι
468 838 516 869 τὸν,
527 837 606 878 ἀγρὸν
620 839 665 866 τοῦ
680 835 864 875 πατραδέλφου

96 888 185 922 αὐτοῦ,
200 886 246 916 καὶ
259 886 391 926 ἀγοράσας
401 885 482 924 λέγει,
492 883 533 913 ὅτι
546 885 563 918 ἡ
575 882 651 915 πόλις
664 879 807 921 παρεδόθη,
820 879 866 909 καὶ

95 932 108 949 ¹²
119 932 235 962 κελεύειν
257 931 386 972 ἀγοράσαι
409 929 499 971 ἀγρόν.
522 928 557 959 Ὁ
581 928 609 957 δὲ
627 926 696 961 Θεός
717 938 782 966 φησι
802 925 865 965 πρὸς

96 978 174 1009 αὐτόν
184 991 191 997 ·
205 978 240 1007 τὰ
253 978 301 1017 μὲν
322 976 440 1017 παρόντα
460 968 592 1005 κακὰ-διὰ
606 973 653 1007 τὰς
672 971 803 1012 ἁμαρτίας
821 973 866 1000 τοῦ

96 1027 176 1054 λαοῦ·
188 1024 263 1054 ἔσται
276 1022 380 1064 καιρὸς,
395 1022 439 1051 ὅτε
453 1021 533 1051 πάλιν
552 1018 775 1055 κατοικηθήσεται
788 1020 804 1053 ἡ
819 1016 867 1046 πό-

96 1073 145 1104 λις.
158 1070 289 1110 Προλέγει
299 1071 337 1109 τῷ
353 1068 474 1108 Σεδεκίᾳ,
486 1067 526 1097 ὅτι
540 1065 683 1103 ἁλώσεται,
704 1064 749 1094 καὶ
761 1064 868 1102 ἐγκαλεῖ

97 1117 158 1150 τοὺς
170 1116 285 1151 δούλους,
296 1115 340 1149 οὒς
351 1113 550 1154 ἠλευθέρωσαν,
566 1112 645 1142 πάλιν
659 1111 867 1140 καταδουλωσα-

100 1163 202 1202 μένοις,
215 1162 260 1192 καὶ
275 1163 378 1191 ἀπειλεῖ
401 1159 517 1200 μεγάλην
536 1158 641 1188 ἔσεσθαι
655 1156 800 1197 συμφοράν.
815 1156 868 1185 Διὰ

98 1212 176 1238 τοῦτο
189 1208 291 1239 κελεύει
310 1206 370 1240 τοὺς
390 1205 460 1239 υἱοὺς
481 1204 609 1235 Ἰωναδὰὸ
627 1207 712 1232 ποιεῖν
735 1198 815 1231 οἶκον.
832 1203 868 1231 Οἱ

99 1255 126 1285 δὲ
138 1256 339 1295 παραιτοῦνται.
358 1251 501 1282 Κελεύεται
514 1252 528 1280 6
546 1249 676 1290 Ἱερεμίας
689 1248 806 1289 γράψαι,
819 1247 868 1277 ὅσα

98 1301 292 1341 προεφήτευσεν
304 1299 348 1329 ἐπὶ
359 1298 480 1338 Ἰσραὴλ,
494 1296 538 1326 ἵνα
551 1296 619 1326 οὕτω
632 1298 693 1335 γοῦν
708 1294 868 1335 φοὸηθῶσιν,

98 1347 257 1379 ἀκούσαντες
278 1344 359 1374 πάλιν
381 1343 415 1373 τὰ
435 1342 565 1383 μέλλοντα
588 1341 681 1375 αὐτοὺς
703 1339 870 1380 διαδέχεσθαι

100 1392 178 1423 κακά.
189 1392 223 1422 Ὁ
237 1392 265 1421 δὲ
279 1390 442 1431 προστάσσει
454 1390 493 1429 τῷ
507 1387 623 1428 Βαροὺχ,
634 1390 679 1416 τοῦ
692 1389 811 1422 ποιῆσαι,
824 1385 869 1414 καὶ

99 1438 216 1475 ἐποίησε.
230 1437 285 1468 Καὶ
304 1436 407 1477 γράψας
427 1434 527 1474 ἀνέγνω
540 1438 594 1467 τοῖς
611 1432 756 1465 Ἰουδαίοις.
781 1431 828 1464 Ὡς
842 1431 870 1460 δὲ

99 1485 216 1521 ἤκουσαν
229 1485 254 1514 οἱ
274 1483 412 1524 ἄρχοντες,
431 1481 588 1521 ἀνήγγειλαν
608 1481 647 1519 τῷ
671 1479 774 1518 βασιλεῖ
791 1479 870 1507 Ἰωα-

100 1531 172 1570 κείμ.
184 1530 219 1560 ‘O
231 1529 259 1560 δὲ
271 1529 360 1559 λαὸὼν
374 1528 405 1558 τὸ
417 1526 519 1567 βιῧλίον
530 1525 687 1555 κατέκαυσε.
699 1524 753 1554 Καὶ
767 1522 871 1553 κελεύε-

100 1589 144 1607 ται
168 1575 297 1617 Ἱερεμίας
317 1575 404 1615 ἕτερον
426 1573 527 1614 γράψαι
551 1571 652 1611 βιὸλίον
673 1573 801 1600 τοιοῦτον.
817 1568 871 1598 Καὶ

101 1621 261 1663 προφητεύει
284 1623 322 1661 τῷ
344 1621 448 1660 βασιλεῖ
470 1617 605 1658 συμφορὰς
628 1615 672 1645 διὰ
692 1616 722 1645 τὸ
744 1615 872 1654 τόλμημα

102 1671 187 1699 τοῦτο.
196 1666 363 1708 Προφητεύει
373 1666 421 1702 τὴν
436 1665 533 1694 ἅλωσιν
548 1661 723 1702 Ἰερουσαλήμ
732 1672 738 1679 ·
752 1660 797 1689 καὶ
811 1661 872 1689 συλ-

101 1714 266 1754 λαμὸάνεται
276 1712 322 1742 καὶ
333 1711 495 1751 ἐμὸάλλεται
514 1711 551 1742 εἷς
565 1707 745 1747 δεσμωτήριον
759 1709 773 1735 ὁ
787 1705 870 1746 Ἱερε-

103 1761 178 1800 μίας,
197 1760 242 1790 καὶ
258 1753 453 1799 μεταπεμφθεὶς
466 1758 563 1785 ἐκεῖθεν
581 1753 632 1783 ὑπὸ
646 1752 768 1783 Σεδεκίου
778 1774 786 1788 ,
799 1751 872 1791 λέγει

102 1809 188 1847 αὐτῷ,
209 1806 250 1836 ὅτι
272 1804 421 1840 ἁλώσεται,
437 1802 482 1832 καὶ
501 1802 567 1836 ἀξιοῖ
586 1800 654 1829 ὥστε
670 1799 707 1838 μὴ
729 1810 871 1838 παραπεμ-

103 1855 198 1893 φθῆναι
215 1853 252 1885 εἷς
271 1850 302 1880 τὸ
322 1849 512 1889 δεσμωτήριον.
535 1846 589 1876 Καὶ
608 1845 732 1878 λαὸόντες
755 1844 833 1874 αὐτὸν
846 1845 871 1873 οἱ

912 470 1002 500 adhuc
1016 477 1180 510 exspectant,
1195 480 1254 508 quae
1264 471 1320 509 jam
1334 476 1474 500 venerunt.
1489 471 1531 499 De
1544 470 1652 499 infanti-

911 518 965 547 bus
976 517 1010 546 ab
1021 515 1128 546 Herode
1138 516 1242 545 occisis.
1257 517 1298 545 De
1314 517 1392 545 Novo
1411 517 1579 545 Testamento
1590 525 1654 555 pro-

911 563 1014 603 phetia.
1028 562 1170 600 Etiamque
1182 561 1341 601 descriptam
1355 561 1406 590 hoc
1420 561 1479 591 loco
1499 561 1576 590 urbis
1589 571 1655 590 reae-

912 608 1094 638 dificationem
1123 607 1212 636 adhuc
1242 613 1396 646 exspectant
1424 606 1523 637 Judaei.
1547 607 1584 635 At
1608 606 1656 635 illa

914 655 994 684 finem
1005 655 1123 693 accepit,
1138 653 1204 682 facta
1226 652 1327 682 scilicet
1339 652 1447 691 quando
1466 663 1501 682 ex
1520 653 1658 692 Babylone

909 701 1061 731 redierunt.
1077 699 1192 730 Jubetur
1213 698 1342 729 Jeremias
1360 709 1446 727 emere
1459 708 1554 737 agrum
1567 698 1657 738 patrui

914 748 969 785 sui,
984 754 1010 777 et
1020 757 1083 777 cum
1094 745 1211 782 emisset,
1225 745 1272 781 ait,
1286 745 1352 773 urbs
1364 743 1461 773 tradita
1475 750 1524 781 est,
1539 750 1564 773 et
1578 743 1659 783 jubes

914 805 1001 825 emere
1014 804 1120 833 agrum.
1136 794 1209 822 Deus
1223 797 1312 821 autem
1326 791 1363 820 ait
1376 790 1428 827 illi,
1444 790 1582 831 praesentia
1596 790 1657 829 qui-

914 841 976 871 dem
989 840 1059 870 mala
1073 846 1182 880 propter
1203 845 1308 878 peccata
1328 837 1425 877 populi
1447 838 1554 867 evenire
1567 849 1575 866 z
1589 844 1656 866 tem-

916 898 1021 928 pusque
1046 887 1111 924 fore,
1135 897 1197 916 cum
1224 895 1333 914 rursum
1360 885 1425 914 urbs
1451 883 1656 913 inhabitabitur.

916 933 1042 964 Praedicit
1054 927 1183 968 Sedeciae‚
1191 931 1282 972 ipsum
1293 937 1400 970 captum
1410 930 1489 967 iri,et
1502 929 1606 959 incusat
1614 941 1659 960 eos

917 979 991 1019 quod
1015 989 1106 1010 servos
1132 989 1200 1018 quos
1224 978 1346 1007 libertate
1371 976 1549 1011 donaverant,
1565 987 1659 1006 rursus

917 1026 1017 1056 servire
1036 1031 1160 1065 cogerent
1176 1035 1183 1052 ε
1198 1023 1369 1061 minaturque
1383 1032 1504 1061 magnam
1517 1022 1573 1051 fore
1586 1022 1658 1051 cala-

917 1073 1044 1103 mitatem.
1065 1071 1130 1101 Ideo
1143 1070 1264 1111 praecipit
1278 1068 1343 1098 filiis
1358 1068 1492 1105 Jonadab,
1508 1075 1538 1097 ut
1548 1068 1659 1098 domum

917 1124 1081 1151 construant.
1092 1117 1139 1148 Illi
1150 1124 1239 1146 autern
1251 1122 1383 1145 recusant.
1401 1115 1418 1145 J
1420 1114 1517 1143 ubetur
1530 1115 1660 1144 Jeremias

916 1177 948 1196 ea
973 1165 1089 1196 scribere
1109 1164 1209 1199 omnia,
1231 1173 1291 1202 quae
1316 1162 1475 1192 vaticinatus
1500 1168 1555 1190 erat
1580 1172 1661 1201 super

915 1213 1008 1249 Israel,
1021 1219 1052 1242 ut
1074 1211 1120 1242 vel
1133 1211 1171 1241 sic
1190 1209 1375 1245 formidarent,
1392 1218 1501 1237 rursum
1523 1207 1660 1237 audientes

917 1269 959 1295 ea,
968 1268 1027 1298 quae
1038 1258 1110 1298 ipsos
1121 1257 1246 1286 invasura
1255 1262 1329 1285 erant
1338 1254 1408 1284 mala
1422 1267 1428 1282 :
1437 1254 1484 1282 ille
1495 1265 1558 1283 vero
1567 1253 1661 1293 praeci-

917 1305 958 1345 pit
976 1304 1109 1341 Barucho,
1122 1310 1153 1333 ut
1165 1303 1217 1333 hoc
1237 1302 1326 1338 saciat,
1343 1301 1442 1339 illeque
1462 1300 1534 1331 fecit.
1551 1301 1659 1330 Etcum

917 1351 1077 1391 scripsisset,
1092 1349 1195 1381 Judaeis
1207 1349 1284 1389 legit.
1299 1350 1338 1378 Ut
1351 1347 1380 1376 id
1394 1347 1503 1376 audiere
1513 1347 1659 1387 principes,

917 1397 1140 1428 annuntiaverunt
1150 1396 1207 1436 regi
1217 1395 1352 1427 Joachim.
1361 1394 1412 1424 Ille
1421 1400 1511 1423 autem
1525 1401 1661 1431 acceptum

894 1479 898 1486 Ι
919 1444 1021 1474 librum
1048 1443 1204 1474 combussit.
1229 1442 1398 1480 Jubeturque
1423 1440 1553 1471 ,Ieremias
1579 1439 1663 1469 alium

919 1490 1036 1520 scribere
1055 1490 1158 1520 librum
1180 1489 1307 1519 similem.
1327 1488 1449 1528 Regique
1467 1486 1608 1527 prophetat
1622 1497 1663 1516 ca-

920 1537 1050 1567 lamitatae
1073 1537 1108 1566 oh
1132 1537 1183 1566 tale
1201 1535 1314 1565 facinus.
1331 1533 1504 1565 Vaticinatur
1527 1533 1662 1562 excidium

920 1582 1092 1612 Jerusalem:
1111 1589 1137 1612 et
1160 1579 1415 1622 comprehenditur,
1439 1579 1610 1619 injiciturque
1635 1579 1662 1608 in

921 1638 1055 1658 carcerem
1080 1627 1226 1663 Jeremias‚
1249 1626 1365 1665 indeque
1391 1631 1515 1655 evocatus
1539 1636 1554 1654 a
1580 1624 1662 1655 Sede-

921 1673 973 1710 cia,
994 1673 1062 1704 dicit
1087 1673 1123 1710 ei,
1147 1672 1307 1712 capiendum
1332 1673 1422 1712 ipsum
1447 1671 1515 1707 fore,
1537 1677 1664 1710 rogatque

920 1729 954 1748 ne
977 1719 1128 1749 remittatur
1151 1719 1179 1748 in
1200 1729 1344 1748 carcerem.
1364 1719 1560 1757 Arreptumque
1584 1716 1664 1746 illum

921 1764 1057 1805 principes
1070 1764 1194 1805 injiciunt
1206 1764 1234 1794 in
1245 1764 1335 1796 lacum
1348 1763 1427 1793 coeni.
1444 1762 1479 1792 Et
1493 1761 1589 1791 eduxit
1601 1773 1664 1792 eum

923 1809 986 1840 inde
1000 1810 1172 1840 Abdamelec.
1190 1811 1229 1840 Ac
1243 1820 1338 1839 rursus
1349 1808 1492 1838 accersitus
1504 1818 1519 1836 a
1533 1818 1605 1847 rege,
1622 1818 1664 1837 sa-

922 1856 1008 1886 lutem
1030 1856 1082 1897 ipsi
1101 1855 1311 1896 praenuntiat‚,si
1323 1855 1390 1886 velit
1403 1861 1496 1894 sponte
1518 1853 1552 1883 ad
1576 1853 1665 1884 hostes

103 1899 228 1939 ἄρχοντες
239 1897 362 1927 ἕνέὸαλον
377 1897 412 1929 Εἷς
426 1895 471 1924 τὸν
484 1893 582 1924 λάκκον
596 1895 643 1921 ‘⁵⁰3
666 1890 804 1931 βορὸόρου·
817 1889 871 1919 Καὶ
878 1908 915 1927 ³⁸⁶
922 1901 1013 1936 exire;
1028 1901 1070 1931 sin
1081 1902 1158 1938 nolit,
1166 1902 1313 1942 perniciem
1325 1901 1386 1930 urbi
1399 1900 1459 1935 toti,
1472 1907 1498 1929 et
1511 1899 1563 1939 ipsi
1575 1899 1665 1938 ingen-

103 1945 234 1984 ἀνήγαγεν
257 1943 335 1973 αὐτὸν
359 1943 457 1972 ἐκεῖθεν
478 1942 492 1969 6
512 1937 683 1977 Άὸδαμελέκ.
711 1936 765 1966 Καὶ
788 1947 870 1975 μετα·
887 1937 907 1959 Α

103 1990 230 2032 πεμφθεὶς
242 1989 322 2019 πάλιν
337 1988 388 2018 ὕπὸ
399 1990 444 2016 τοῦ
460 1984 597 2025 βασιλέως,
608 1982 780 2024 προαγορεύει
799 1983 871 2022 αὐτῷ

104 2036 236 2077 σωτηρίαν
244 2058 252 2072 ,
266 2037 290 2064 εἷ
301 2033 440 2075 βουληθείη
453 2031 520 2061 ἑκὼν
532 2031 642 2065 ἐξελθεῖν
652 2029 716 2069 πρὸς
726 2028 786 2062 τοὺς
797 2030 872 2058 πολε-

104 2084 191 2123 μίους·
204 2085 227 2112 εἷ
238 2082 265 2111 δὲ
275 2081 312 2120 μὴ
327 2078 476 2120 βουληθείη,
486 2077 589 2115 ὄλεθρον
600 2074 674 2113 πάσῃ
686 2075 720 2113 τῇ
731 2073 816 2109 πόλει,
827 2073 872 2103 καὶ

104 2131 175 2170 αὐτῷ
189 2129 291 2168 μεγάλα
305 2126 375 2156 κακὰ
389 2126 503 2155 ἔσεσθαι.
517 2122 565 2155 Ὡς
578 2121 606 2150 δὲ
620 2122 667 2150 οὐκ
682 2119 785 2149 ἔπεισεν
797 2119 869 2154 ἐξελ-

104 2179 175 2214 θεῖν,
195 2175 304 2210 ἀνῆλθεν
326 2174 340 2201 ὃ
364 2171 510 2211 βάρὸαρος,
532 2167 577 2197 καὶΙ
596 2166 665 2196 ἑάλω
679 2169 696 2202 ἡ
710 2166 786 2199 πόλις
805 2166 872 2205 μετὰ

104 2221 239 2251 Σεδεκίου.
256 2219 309 2249 Καὶ
323 2220 360 2257 τῷ
378 2216 493 2256 Ἱερεμίᾳ
507 2211 536 2244 εὖ
548 2214 696 2254 ἐχρήσαντο
710 2214 734 2243 ot
747 2212 872 2252 ἄρχοντες

103 2270 149 2297 τοῦ
178 2263 419 2305 Ναὸουχοδονόσορ.
444 2263 492 2300 Τῷ
521 2259 678 2299 Ἀδδεμελὲκ
699 2259 871 2299 προαγορεύει

104 2312 248 2353 σωτηρίαν.
264 2309 364 2342 Αὐτοὺς
375 2308 403 2337 δὲ
416 2306 545 2339 λαὸόντας
558 2304 658 2345 αἵρεσιν
676 2305 750 2345 παρὰ,
764 2308 809 2335 τοῦ
824 2307 871 2345 ἀρ-

70 2379 76 2383 ’
103 2358 277 2400 χιμαγείρου,
291 2355 359 2385 ὥστε
378 2354 500 2383 ἀπελθεῖν
514 2351 578 2381 ὅπου
600 2350 750 2390 βούλοιντο,
765 2351 870 2391 ἔρχεται

104 2405 168 2445 πρὸς
190 2402 316 2434 Γοδολίαν
326 2423 333 2436 ,
356 2400 383 2429 ὃν
404 2397 566 2432 κατέστησεν
588 2397 703 2437 ἄρχοντα
727 2401 781 2431 τοῖς
804 2399 870 2427 ὓπο-

104 2457 246 2495 λειφθεῖσιν
255 2454 282 2482 ἐν
293 2454 326 2491 τῇ
341 2448 466 2488 Ἰουδαία.
478 2446 653 2486 Συνήχθησαν
665 2446 729 2486 πρὸς
745 2447 870 2477 Γοδολίαν

141 2545 152 2556 “
172 2544 224 2568 nac
234 2542 266 2566 de
278 2549 304 2566 re
316 2539 372 2565 vide
389 2538 413 2563 in
425 2536 522 2562 monito
549 2544 631 2568 supra.

139 2586 152 2604 ι.
162 2584 238 2608 Forte
247 2583 348 2609 κελεύεις,
357 2584 508 2611 quamquam
515 2578 608 2602 κελεύειν
616 2574 673 2599 ferri
682 2576 865 2609 potest[1psum

922 1948 960 1978 tia
973 1948 1054 1978 mala.
1069 1949 1140 1978 Cum
1153 1955 1242 1980 autem
1255 1958 1309 1977 non
1322 1946 1496 1988 persuasisset
1507 1945 1547 1974 illi
1561 1952 1591 1975 ut
1603 1946 1664 1975 exi-

923 2000 975 2030 ret,
997 1993 1114 2023 ascendit
1139 1994 1282 2030 barbarus,
1303 2000 1330 2023 et
1352 1999 1427 2032 capta
1453 1999 1492 2021 est
1515 1991 1580 2021 urbs
1603 2002 1665 2021 cum

923 2040 1043 2071 sedecia.
1056 2040 1198 2070 Jeremiam
1211 2051 1277 2071 vero
1288 2039 1403 2078 benigne
1417 2045 1577 2078 exceperunt
1589 2038 1665 2077 prin-

922 2086 995 2127 cipes
1027 2085 1311 2116 Nahuchodonosoris.
1344 2084 1522 2114 Abdemeleco
1553 2084 1665 2113 salutem

922 2132 1052 2172 praedicit.
1069 2133 1139 2162 Cum
1162 2138 1251 2161 autem
1277 2131 1402 2171 princeps
1419 2140 1566 2168 coquorum
1586 2139 1666 2168 penes

922 2177 995 2217 ipsos
1018 2170 1177 2217 reliquisset,
1192 2184 1222 2206 ut
1241 2187 1294 2216 quo
1315 2176 1416 2205 vellent
1442 2175 1521 2211 irent,
1537 2174 1609 2204 venit
1630 2174 1665 2203 ad

923 2222 1079 2260 Godoliam,
1099 2234 1180 2262 quem
1205 2222 1377 2252 constituerat
1401 2220 1550 2259 principem
1573 2229 1664 2248 eorum

922 2268 970 2307 qui
981 2269 1068 2298 relicti
1080 2269 1186 2299 fuerant
1199 2269 1226 2297 in
1238 2269 1255 2298 J
1258 2267 1343 2297 udaea.
1360 2267 1546 2296 Convenerunt
1558 2264 1594 2293 ad
1608 2264 1664 2293 Go-

913 2313 1024 2344 <duliam
1037 2314 1085 2353 qui
1098 2325 1146 2354 per
1158 2324 1236 2354 agros
1247 2311 1360 2352 dispersi
1376 2317 1449 2339 erant
1462 2310 1480 2339 J
1482 2309 1560 2338 udaei.
1569 2307 1663 2338 Ismae'l

923 2360 1021 2390 occidit
1043 2360 1190 2390 Godoliam
1211 2366 1236 2388 et
1250 2357 1379 2397 quosdam
1394 2355 1471 2391 alios,
1484 2361 1510 2383 et
1532 2352 1664 2392 accipiens

923 2406 1055 2445 populum
1077 2405 1200 2435 Godoliae
1210 2427 1218 2440 ‚
1232 2403 1298 2432 abiit
1311 2403 1338 2431 in
1352 2401 1486 2441 regionem
1502 2397 1664 2427 Ammonita-

923 2461 996 2480 rum.
1011 2452 1051 2481 Ut
1063 2458 1151 2480 autem
1164 2449 1234 2479 vidit
1244 2459 1305 2477 eum
1318 2448 1449 2482 Joannan,
1465 2454 1533 2473 unus
1543 2443 1578 2472 de
1587 2442 1663 2483 prin-

914 2543 1007 2570 κελεύεις
1016 2539 1092 2565 habet
1103 2538 1191 2569 Coisk]
