1890 2826
590 186 634 209 DE
659 185 767 209 MUNDI
794 184 984 207 CREATIONE
1011 185 1136 208 ORATIO
1162 186 1198 210 11.

115 233 180 280 Ἐὰν
189 252 274 286 τοῦτο,
282 248 346 289 φησὶ
354 271 363 286 ,
376 247 414 287 μὴ
425 248 565 288 περιέλητε
573 269 582 284 ,
590 246 746 287 Χριστιανοὶ
756 247 804 275 οὐκ
817 244 886 275 ἐστέ.

115 291 192 329 Εἶδες
201 294 332 330 τοσαύτην
339 294 439 333 τόλμαν
449 293 493 323 καὶ
511 293 606 332 μανίαν
615 295 660 322 τοῦ
674 293 689 321 δ
692 292 798 322 ιαὸόλου
806 303 814 327 3
821 286 887 324 εἶδες

115 340 188 380 ῥίζαν
200 340 351 381 θεομαχίας
361 335 427 373 εἶδες
435 341 484 369 ὑπε
488 338 584 379 ρὸολὴν
592 337 770 378 βλασφημίας
779 337 886 367 Ἀποκε-

1715 116 1730 134 Ι

1613 174 1682 222 527

943 246 1031 283 Pater,
1041 246 1138 284 aiebat,
1147 254 1173 276 et
1186 247 1275 278 Filius
1287 255 1313 278 et
1325 249 1443 289 Spiritus
1459 255 1564 286 sanctus
1578 258 1631 278 una
1643 248 1685 277 di·
1695 259 1779 280 volebat
1798 261 1836 281 ac-

918 306 925 313 >
942 291 1056 328 vinitas,
1070 302 1123 322 una
1140 293 1242 332 virtus,
1254 305 1338 324 unum
1358 297 1482 335 regnum.
1502 296 1616 335 Oportet
1634 306 1683 326 au·
1695 291 1791 312 ''⁰⁰⁰³‘³
1806 292 1835 312 ³¹-

942 342 1007 373 tem,
1020 336 1118 375 inquit,
1132 338 1236 368 auferre
1249 339 1283 368 ab
1296 339 1397 377 animo,
1412 343 1465 369 n'on
1477 340 1553 369 enim
1563 340 1597 370 ab
1608 340 1684 370 altari
1694 322 1767 374 lmuiisss
1785 323 1837 374 1.ίῖ-

114 385 224 426 φαλίσαι
237 386 350 422 ἠθέλησε
363 385 411 421 τὴν
423 384 574 420 εὖσέὸειαν,
585 383 781 424 ἐκνευρῶσαιτὸ
790 381 890 421 μυστή-
908 377 926 400 ¹¹3
943 379 1015 415 dice,
1028 391 1062 409 ne
1073 381 1100 410 in
1114 382 1322 413 sanctificatione
1341 384 1457 422 dicatur,
1472 384 1607 422 Sanctus,
1619 395 1687 414 san·
1695 384 1773 405 '¹⁰⁰⁰‘-

115 443 180 472 ριον,
187 431 314 472 ἀφανίσαι
327 431 376 467 τὴν
385 430 484 468 πίστιν,
492 431 632 471 ἕκριζῶσαι
643 430 676 459 τὰ
685 428 885 468 θεμελιωθέντα.

115 477 170 506 Καὶ
177 477 227 517 ὅρα
236 477 267 506 τὸ
280 476 362 506 δεινὸν
374 479 421 506 τοῦ
436 476 567 506 διαὸόλου.
581 475 752 515 Προσέτιηξεν
766 476 837 514 αὐτῷ
849 476 889 503 εἷ-

115 527 184 552 miv·
193 523 290 562 Πατὴρ
303 522 348 552 καὶ
362 521 425 556 Υἱὸς
438 522 483 552 καὶ
497 523 571 561 ἅγιον
582 520 779 561 Πνεῦμαῇμία
792 520 889 556 πίστις,

117 568 167 606 μία
179 568 304 607 δύναμις,
327 567 376 607 μία
391 568 523 608 βασιλεία.
539 568 669 608 Ἐκέρασε
687 567 718 596 τὸ
732 566 890 606 δηλητήριον

118 613 216 653 μέλιτι.
226 614 277 644 Ἀεὶ
290 614 341 654 γὰρ
349 613 381 643 τὸ
391 615 498 654 ψεῦδος,
511 614 573 643 ὅταν
579 614 642 654 θέλῃ
651 614 824 648 πιστευθῆναι
831 611 891 649 ,ἐὰν

118 660 155 698 μὴ
170 659 242 699 πήξῃ
253 660 373 699 θεμέλιον
389 660 516 697 δοκούσης
527 660 664 696 ἀληθείας,
679 660 708 689 οὗ
722 658 890 689 πιστεύεται·

119 706 164 736 καὶ
177 707 247 740 ὅπως
257 729 266 743 ,
281 707 375 736 ἄκουε·
390 707 464 736 οὐδὲν
478 707 525 746 μὲν
539 706 628 746 ὅμοιον
637 728 645 743 ,
668 706 739 745 λέγω
752 704 789 734 δέ.
803 704 892 734 Ῥαὰὸ

943 432 1018 463 ctus,
1040 434 1158 456 sanctus
1169 428 1314 458 Dominus
1324 429 1465 459 Sabaoth.
1481 430 1541 460 Nisi
1554 430 1687 467 illud,in-

943 471 1015 510 quit,
1040 472 1215 511 abstuleritis,
1230 475 1377 505 Christiani
1395 486 1448 505 non
1469 476 1541 506 estis.
1555 476 1690 507 Vidistin’

943 525 1043 548 tantam
1062 520 1218 558 audaciam,
1236 528 1389 561 tantamque
1417 522 1520 552 diaboli
1538 522 1688 552 insaniam?

944 565 1191 596 vidistin’radicem
1210 567 1375 598 adversantis
1395 570 1451 598 Deo
1465 569 1609 609 impietatis
1618 570 1632 599 Ξ)
1646 570 1687 599 vi-

943 611 1034 642 distin’
1045 613 1256 652 magnitudinem
1276 614 1450 655 blasphemiae
1460 615 1474 644 Ξ)
1484 615 1592 645 Pietatis
1606 623 1689 656 caput

943 657 1032 687 voluit
1045 666 1194 699 amputare,
1208 669 1336 690 enervare
1350 661 1518 701 mysterium,
1533 659 1614 691 fidem
1629 662 1689 691 abo-

944 703 1009 739 lere,
1019 705 1043 744 ej
1048 715 1078 734 us
1091 704 1262 734 fundamenta
1275 717 1377 736 eruere.
1388 707 1424 737 Et
1431 707 1494 737 vide
1502 707 1605 737 diaboli
1616 715 1689 738 astu-

118 755 136 788 ἡ
150 752 234 792 πόρνη
256 753 299 782 ὅτε
325 752 430 787 ἐδέξατο
453 752 513 786 τοὺς
535 751 731 788 κατασκόπους,
750 750 890 791 ἠρωτήθη·
900 775 936 797 1⁸⁵¹
944 749 1020 779 tiam.
1042 751 1176 781 Persuasit
1193 752 1218 781 ei
1234 759 1265 782 ut
1284 752 1404 782 diceret:
1421 755 1499 783 Pater
1516 760 1542 782 et
1560 753 1648 784 Filius
1662 761 1688 784 et

118 799 251 834 Εἰσῆλθον
267 798 332 839 πρὸς
343 798 373 828 σὲ
386 800 410 828 οἱ
423 798 530 838 ἄνδρες
545 797 640 837 Λέγει,
660 797 730 828 Ναί·
742 797 772 826 τὸ
787 798 891 837 πρῶτον
908 803 929 826 Α
944 797 1062 837 Spiritus
1075 805 1192 836 sanctus,
1207 810 1260 829 una
1278 799 1356 836 fides,
1369 810 1423 829 una
1434 801 1532 837 virtus,
1547 811 1632 830 unum
1645 812 1688 831 re-

120 844 230 880 ἀληθές·
242 846 315 874 Ἀλλ’
335 844 458 881 ἐξῆλθον,
472 844 538 885 φησί
546 844 595 874 ··τὸ
609 843 728 883 δεύτερον
743 844 845 884 ψεῦδος.
855 843 891 873 Εἰ

90 923 94 926 ,
119 885 207 926 εἶπεν,
227 891 276 919 οὐκ
288 889 395 926 ἐξῆλθον
406 913 414 927 ,
428 892 556 930 ἠρευνᾶτο
569 892 586 925 ἡ
600 889 679 919 οἰκία.
694 885 764 919 Εἶπε
777 889 808 918 τὸ
822 890 891 925 ἀλη-

119 934 177 970 θὲς,
202 934 246 964 ἵνα
259 935 382 975 ἑντρέψῃ·
397 935 515 975 ἐπήγαγε
529 935 560 965 τὸ
578 936 683 975 ψεῦδος,
698 935 742 964 ἵνα
755 935 892 974 ἀπατήσῃ.

117 981 199 1011 Οὕτω
214 980 260 1010 καὶ
273 977 362 1015 οὗτος·
390 981 548 1021 ἐρωτώντων
571 982 661 1020 ἡμῶν,
681 980 750 1010 διατί
763 980 892 1020 ἐξέλωμεν

117 1026 162 1056 τὸν
177 1026 322 1066 ἁγιασμόν;
344 1027 472 1067 “’λέγετε,
496 1026 593 1066 Κύριος
617 1026 749 1057 Σαὸαώθ·
770 1028 828 1056 ἀλλ’
844 1029 891 1056 οὐκ

70 1072 73 1075 ’
118 1071 176 1102 ἔστι
194 1074 264 1102 Θεοῦ
276 1073 359 1112 ὄνομα
368 1096 376 1110 ,
389 1072 522 1102 οὐκέστιν
536 1072 596 1102 οὔτε
609 1075 663 1102 ,τοῦ
690 1074 817 1112 Χριστοῦ,
831 1072 890 1101 οὔτε

117 1121 163 1148 τοῦ
178 1118 293 1158 Πατρός.
308 1114 385 1153 Εἶδες
399 1119 430 1149 τὸ
443 1118 644 1158 ἐξουθενημένον
659 1118 705 1148 καὶ
719 1118 812 1159 μιαρὸν
830 1118 890 1148 στό-

119 1175 172 1202 μα;
191 1163 322 1203 Ἥγνόησε
335 1164 364 1193 δὲ
383 1164 436 1195 ἀπὸ
452 1164 581 1198 ἰδιωτείας
598 1163 640 1194 ὅτι
661 1165 692 1194 τὸ
711 1164 827 1194 Σαὸαὼθ
842 1166 890 1195 οὒκ

69 1227 73 1233 -
119 1209 190 1238 ἔστιν
203 1210 285 1248 ὄνομα
298 1212 382 1245 Θεοῦ,
403 1211 462 1240 ἀλλ’
477 1210 559 1250 ὄνομα
584 1213 714 1249 στρατιῶν
725 1222 732 1229 ·
751 1211 889 1246 τουτέστι,

943 853 1038 882 gnum.
1050 845 1193 875 Venenum
1206 846 1286 876 melle
1307 847 1477 886 temperavit.
1493 848 1604 887 Semper
1616 848 1688 877 enim

944 889 1126 928 mendacium,
1139 902 1202 920 cum
1215 892 1277 923 vult
1289 893 1342 922 sihi
1355 892 1436 922 fidem
1447 893 1551 930 haberi,
1564 894 1616 923 nisi
1627 895 1688 923 fun-

945 935 1098 966 damentum
1110 938 1231 977 posuerit
1242 940 1395 978 apparentis
1407 939 1538 976 veritatis,
1549 947 1578 970 ut
1589 940 1687 970 salsum

943 982 1066 1021 rejicitur
1075 995 1081 1011 :
1091 989 1117 1012 et
1125 994 1178 1021 qua
1186 984 1298 1021 ratione,
1306 984 1370 1013 audi
1377 997 1384 1019 3
1393 985 1464 1014 nihil
1470 986 1580 1025 quidem
1586 986 1686 1024 simile,

944 1027 1033 1058 dicam
1044 1035 1141 1059 tamen.
1157 1030 1253 1060 Rahab
1263 1031 1392 1062 meretrix
1405 1043 1468 1061 cum
1479 1033 1585 1073 excepit
1592 1033 1686 1073 explo-

943 1081 1059 1111 ratores,
1074 1075 1252 1116 interrogata:
1263 1076 1406 1117 'Ingresssi
1426 1085 1495 1108 sunt
1506 1079 1551 1107 ad
1566 1085 1594 1108 te
1606 1081 1686 1109 viri?
1695 1087 1745 1108 Jos.
1759 1085 1832 1114 245.

943 1121 1095 1160 respondet,
1108 1123 1210 1151 Etiam
1217 1135 1231 1160 ;
1246 1122 1298 1152 hoc
1317 1124 1438 1163 primum
1452 1134 1547 1154 verum
1561 1131 1602 1154 est
1614 1126 1688 1155 :Sed
1722 1118 1726 1123 .

942 1168 1086 1204 exierunt,
1099 1168 1203 1207 inquit;
1215 1169 1266 1198 hoc
1278 1169 1426 1200 secundum
1440 1171 1548 1200 salsum.
1561 1171 1592 1201 Si
1602 1170 1689 1201 dixis-

941 1219 991 1250 set,
1002 1213 1062 1243 Nou
1076 1214 1175 1253 egressi
1193 1221 1270 1251 sunt,
1282 1215 1393 1245 domum
1410 1216 1570 1256 perscrutati
1587 1224 1683 1246 essent.

118 1254 216 1295 Κύριος
229 1258 281 1285 τῶν
295 1256 438 1295 δυνάμεων.
452 1255 531 1295 Λέγω
544 1255 572 1286 δὲ
586 1256 632 1286 καὶ
642 1256 691 1292 τὴν
704 1256 791 1286 αἰτίαν
799 1268 805 1275 ·
821 1257 889 1287 ἀλλὰ
905 1263 924 1287 Β
941 1259 1019 1288 Dixit
1027 1257 1122 1290 verum
1130 1282 1138 1297 ‚
1147 1267 1176 1289 ut
1186 1260 1268 1290 fidem
1277 1261 1447 1291 conciliaret:
1457 1262 1555 1291 falsum
1568 1262 1685 1299 addidit,

118 1301 171 1340 πρὸ
183 1305 228 1331 τοῦ
237 1301 327 1335 τέλους
335 1301 536 1341 εὐαγγελίζομαι
546 1303 615 1341 ὑμᾶς
622 1314 629 1321 ·
641 1302 792 1341 μετενόησε,
801 1314 886 1343 προσ-

120 1346 212 1376 έπεσεν
221 1369 229 1382 ,
243 1348 429 1386 ἀνεθεμάτισεν
438 1371 446 1385 ,
464 1346 561 1384 ηὔξατο
570 1371 578 1385 ,
601 1347 704 1388 ἐδέχθη.

157 1767 279 1808 Πρόσεχε
291 1767 377 1798 τοίνυν
387 1779 394 1785 ·
413 1767 503 1804 ἐπειδὴ
518 1767 695 1807 παρενέπεσεν
707 1769 723 1796 ὁ
736 1767 813 1807 λόγος
822 1790 830 1804 ,
846 1768 885 1797 δεῖ

116 1817 187 1852 ἡμᾶς
198 1814 244 1844 καὶ
252 1813 301 1849 τὴν
312 1813 398 1843 αἰτίαν
409 1814 491 1843 εἰπεῖν
503 1815 561 1843 καθ’
570 1813 603 1849 ἣν
610 1815 624 1843 ὁ
634 1812 762 1853 μακάριος
772 1813 885 1847 Ἡσαΐας

117 1861 162 1890 τὸν
177 1859 306 1900 ἇγιασμὸν
333 1862 426 1889 τοῦτον
447 1859 544 1895 ἤκουσε
562 1860 601 1899 τῷ
614 1860 678 1899 Θεῷ
692 1859 883 1899 ἀναπεμπόμε-

116 1918 167 1936 νον.
185 1905 298 1939 Ἡσαΐας
309 1905 411 1945 ἐγένετο
422 1905 488 1945 ἀνὴρ
501 1905 651 1943 θαυμαστὸς
659 1926 667 1940 ,
687 1904 766 1940 ζήλου
778 1907 884 1942 πεπλη-

117 1952 231 1992 ρωμένος
240 1974 248 1988 ,
263 1951 330 1991 ἀνὴρ
343 1950 475 1991 τολμηρὸς
484 1974 492 1986 ,
505 1951 637 1990 τολμηρὸς
651 1950 678 1980 δὲ
692 1952 740 1980 οὐκ
753 1951 806 1981 ἀπὸ
819 1954 882 1991 θρα-

116 1997 227 2033 σύτητος
237 2019 245 2034 ,
261 1998 320 2027 ἀλλ’
336 1997 389 2026 ἀπὸ
400 1996 489 2032 ζήλου.
499 1996 576 2027 Κατὰ
585 1995 645 2030 τοὺς
657 1995 766 2036 χρόνους
778 1995 885 2030 τούτους

117 2043 220 2083 ἐγένετο
234 2041 357 2082 βασιλεῦς
371 2041 462 2076 Ὀζίας
475 2042 599 2081 ὀνόματι·
614 2041 641 2073 ὃς
660 2041 727 2080 μετὰ
741 2043 788 2078 τῆς
802 2042 885 2078 ἄλλης

115 2091 163 2124 τῆς
182 2089 321 2128 βασιλικῆς
336 2087 411 2123 δόξης
424 2087 538 2124 ἠθέλησε
551 2087 596 2117 καὶ
616 2086 759 2127 ἱερωσύνην
773 2087 884 2117 ἐνδύσα-

941 1312 971 1334 υῑ
980 1304 1122 1345 deciperet.
1132 1306 1173 1335 lta
1180 1312 1206 1335 et
1213 1305 1262 1336 iste
1275 1319 1282 1335 :
1292 1307 1370 1337 nobis
1382 1307 1619 1348 interrogantibus,
1629 1310 1687 1339 Cur

942 1351 1179 1381 sanctificationem
1197 1352 1435 1384 detruncabimus?
1454 1354 1561 1391 dicitis,
1588 1355 1684 1395 inquit,

940 1397 1086 1426 Dominus
1095 1397 1226 1428 Sabaoth
1236 1412 1244 1428 .-
1256 1399 1331 1438 atqui
1339 1409 1393 1428 non
1401 1407 1440 1429 est
1451 1411 1546 1429 nomen
1558 1401 1620 1438 Dei,
1631 1412 1685 1431 non

939 1447 979 1470 est
991 1441 1092 1471 Christi
1101 1464 1110 1479 ,
1123 1453 1210 1482 neque
1227 1444 1325 1473 Patris.
1346 1442 1477 1474 Vidistin’
1485 1455 1515 1474 os
1528 1445 1584 1475 vile
1597 1453 1622 1475 et
1636 1446 1686 1476 im—

938 1497 1050 1526 purum.
1068 1489 1222 1528 Ignoravit‚
1237 1499 1333 1529 nempe
1348 1489 1384 1518 ob
1398 1490 1546 1528 inscitiam,
1567 1492 1683 1522 Sabaoth

938 1543 991 1563 non
1009 1545 1066 1564 esse
1084 1545 1180 1564 nomen
1199 1535 1263 1572 Dei,
1278 1534 1325 1564 sed
1342 1545 1437 1565 nomen
1449 1537 1640 1576 'exercituum3
1654 1539 1684 1567 id

937 1586 987 1616 est,
1000 1580 1130 1609 Dominus
1143 1581 1284 1610 virtutum.
1300 1581 1415 1610 Causam
1437 1589 1526 1612 autem
1542 1583 1604 1612 dico
1616 1596 1622 1612 :
1636 1584 1683 1613 sed

937 1632 997 1654 ante
1008 1625 1090 1655 finem
1113 1626 1181 1664 quid
1193 1625 1274 1655 fausti
1291 1626 1410 1655 evenerit
1426 1629 1555 1658 annuntio
1569 1641 1576 1658 ε
1590 1630 1683 1670 poeni-

937 1672 999 1708 tuit,
1012 1671 1140 1712 procidit,
1153 1672 1293 1702 anathema
1311 1671 1394 1710 dixit,
1407 1681 1529 1713 precatus
1547 1674 1598 1712 est}
1609 1687 1683 1706 rece-

936 1723 999 1757 ptus
1012 1724 1062 1752 est,

977 1764 1006 1793 5.
1029 1763 1143 1794 Attende
1164 1763 1248 1804 igitur
1261 1777 1267 1793 :
1279 1765 1344 1804 quia
1359 1766 1446 1795 sermo
1467 1766 1575 1805 incidit,
1591 1779 1680 1808 operae

935 1810 1053 1849 pretium
1066 1817 1105 1840 est
1122 1820 1171 1839 nos
1185 1811 1293 1841 cansam
1315 1811 1420 1849 dicere,
1435 1813 1470 1842 ob
1491 1824 1572 1852 quam
1585 1815 1679 1845 beatus

934 1855 1016 1885 Isaias
1027 1855 1096 1886 hanc
1107 1856 1342 1887 sanctificationem
1353 1858 1411 1887 Deo
1424 1858 1548 1888 emissam
1562 1859 1677 1890 audivit.

935 1902 1018 1932 Isaias
1037 1909 1093 1934 erat
1106 1902 1150 1932 vir
1164 1901 1309 1941 mirabilis,
1325 1904 1381 1934 zelo
1399 1904 1506 1944 plenus,
1520 1906 1564 1936 vir
1576 1907 1677 1944 audax,

936 1948 1025 1979 audax
1037 1958 1090 1978 non
1113 1949 1281 1988 procacitate,
1295 1950 1341 1980 sed
1356 1951 1422 1980 zelo.
1447 1952 1496 1982 His
1513 1954 1679 1993 temporibus

935 1994 987 2023 fuit
999 2005 1058 2031 rex,
1073 1994 1152 2024 Ozias
1174 1995 1336 2026 nominetis
1354 2006 1415 2026 cum
1435 1998 1508 2037 regia
1530 2000 1677 2039 majestate,

936 2040 1115 2070 sacerdotium
1134 2040 1214 2070 etiam
1234 2042 1361 2072 invadere
1383 2043 1504 2074 tentavit.
1524 2045 1679 2076 Sacerdotes

936 2086 1003 2125 quid
1015 2085 1079 2116 inde
1092 2093 1247 2125 sequeretur
1260 2095 1388 2118 noverant
1400 2101 1407 2117 :
1419 2089 1474 2128 regi
1489 2097 1575 2120 tamen
1590 2092 1677 2132 pluri-

110 2137 186 2164 ’σθαι.
200 2135 236 2165 Οἱ
249 2136 327 2174 ἱερεῖς
347 2134 395 2173 μὲν
410 2133 460 2170 τὴν
478 2132 632 2164 ἀκολουθίαν
649 2133 746 2174 ᾔδεσαν
758 2145 765 2152 ·
780 2135 885 2173 βασιλεῖ
900 2141 920 2165 c
936 2143 1012 2162 mum
1041 2131 1166 2162 reluctari
1190 2133 1354 2169 noluerunt;
1374 2134 1533 2174 dignitatem
1557 2139 1677 2176 reveriti,

115 2179 143 2209 δὲ
158 2180 205 2214 ἐπὶ,
213 2181 336 2210 πλεῖστον
352 2180 484 2209 ἀντειπεῖν
497 2181 545 2209 οὐκ
565 2179 714 2216 ἠθέλησαν·
735 2179 884 2219 ᾐδέσθησαν

114 2224 145 2254 τὸ
158 2224 279 2263 ἀξίωμα,
300 2224 428 2262 ἐτίμησαν
451 2224 494 2254 τὸν
513 2224 613 2264 θρόνον,
631 2224 838 2260 ἐδυσωπήθησαν
850 2225 884 2254 τὰ

115 2269 311 2311 στρατεύματα.
327 2269 440 2303 Ἡσαΐας
453 2269 498 2299 καὶ
512 2270 589 2303 αὐτὸς
601 2270 759 2306 ἐσιώπησεν,
773 2272 821 2300 οὐκ
836 2273 884 2300 ἀν-

116 2316 196 2351 τέστη
211 2317 249 2356 τῷ
264 2316 377 2355 βασιλεῖ.
390 2314 438 2348 Ὡς
451 2310 518 2344 εἶδεν
531 2317 545 2344 ὁ
558 2315 627 2349 Θεὸς
640 2315 700 2349 τοὺς
714 2318 791 2356 ἱερεῖς
803 2317 884 2357 <poen-

116 2361 222 2397 θέντας,
244 2361 288 2390 τὸν
309 2360 448 2401 προφήτην
461 2360 626 2396 ὀκλάσαντα,
644 2361 690 2390 καὶ
707 2361 751 2391 τὸν
773 2363 884 2402 βασιλέα

149 2453 163 2472 ¹²
179 2452 221 2478 Sic
235 2452 377 2483 Vaticanus,
383 2452 418 2476 sie
427 2459 526 2484 quoque
536 2451 643 2477 Savilius
650 2452 749 2485 ejusque
755 2452 868 2480 Codices.

115 2491 279 2525 Combeiisius
297 2499 372 2523 vero,
385 2499 430 2515 suo
447 2491 540 2522 Marte,
553 2489 692 2524 nulliusque
710 2491 871 2525 Manuscripti

116 2531 277 2561 auctoritate,
287 2529 346 2556 loco
357 2529 423 2555 illius
435 2533 554 2563 μίαπὶστις
563 2530 648 2562 posuit
659 2534 703 2564 μία
715 2534 801 2562 arms.
814 2533 871 2557 Non

123 2569 182 2595 ideo
200 2578 244 2594 cur
262 2575 345 2595 textus
366 2568 407 2594 hic
419 2569 451 2594 sit
470 2568 537 2594 nulla
556 2569 705 2595 auctoritate
725 2571 870 2596 mutandus.

937 2179 1037 2209 solium
1050 2179 1152 2209 honore
1165 2179 1323 2219 prosequuti
1342 2188 1415 2218 sunt,
1430 2182 1564 2212 exercitus
1576 2184 1678 2214 timue-

937 2231 1010 2255 runt.
1025 2226 1086 2265 Ipse
1097 2235 1204 2264 quoque
1215 2226 1299 2255 Isaias
1315 2227 1411 2259 tacuit;
1428 2238 1480 2257 non
1495 2229 1596 2258 obstitit
1609 2231 1676 2270 regi.
1699 2246 1783 2267 55m515,
1792 2246 1826 2266 ης.

936 2272 975 2302 Ut
988 2271 1058 2302 vidit
1071 2272 1145 2300 Deus
1166 2271 1314 2301 sacerdotes
1329 2272 1526 2311 formidolosos,
1542 2282 1676 2304 nutantem
1686 2278 1718 2298 ¹³¹
1756 2277 1813 2311 Chr)
1822 2289 1828 2291 ·

936 2317 1111 2358 prophetam,
1126 2326 1215 2356 regem
1234 2316 1359 2347 audacter
1380 2329 1551 2358 aggressum,
1566 2320 1678 2349 immisit
1686 2311 1830 2359 ἷζζξζζωῃᾚ

935 2365 961 2394 ei
973 2363 1076 2403 lepram
1089 2362 1117 2391 in
1128 2362 1247 2400 vultum,
1264 2369 1356 2402 utpote
1375 2364 1422 2402 qui
1440 2371 1528 2393 sancta
1547 2365 1676 2405 attingere
1687 2376 1736 2397 ΡΗ-

919 2453 1016 2489 [Paulo
1031 2459 1090 2478 ante
1099 2452 1176 2478 Savil.
1189 2461 1236 2485 pro
1249 2457 1385 2487 προσέπηξεν
1396 2454 1462 2485 conj.
1475 2456 1632 2488 προσέταξευ.]

953 2502 964 2514 ⁸·
981 2494 1022 2520 Sic
1040 2493 1177 2518 Vaticanus
1193 2498 1260 2517 recte
1275 2501 1280 2515 t
1296 2491 1372 2517 Savil.
1387 2498 1412 2517 ct
1430 2492 1565 2519 Combefis.
1587 2497 1662 2528 ἔλεγεν
1673 2517 1679 2528 ,

921 2533 1041 2566 [audium
1053 2536 1098 2558 ἐστὶ
1108 2536 1165 2558 Θεοῦ
1172 2535 1253 2564 ὄνομα·
1268 2534 1305 2556 οὒκ
1317 2535 1374 2557 ἔστιν
1384 2534 1442 2563 οὔτε,
1457 2533 1528 2564 etc-J.
1538 2533 1591 2558 Vox
1606 2537 1679 2567 ἕλε-μ,

923 2577 1002 2597 totam
1015 2569 1146 2603 perturbat
1158 2568 1314 2594 seutentiam.
