1890 2826
737 163 771 185 IN
800 162 912 185 tSAtAM

141 227 265 267 μέλλουσι
277 226 389 267 πάσχειν
405 224 544 265 προλέγει,
560 224 628 254 ἀλλὰ
641 224 685 253 καὶ
700 223 717 253 ἃ
733 226 825 253 παθεῖν
840 219 907 259 ἦσαν

139 274 216 308 ἄξιοι.
239 273 282 303 Τὰ
296 273 343 312 μὲν
357 272 408 312 γὰρ
421 270 598 312 ἡμαρτημένα
611 272 699 303 αὐτοῖς
711 269 758 299 ἴσα
778 269 907 308 Σοδόμοις

137 314 180 355 ἦν,
195 319 228 348 τὰ
243 319 271 348 δὲ
285 321 331 354 τῆς
342 318 470 358 τιμωρίας
483 315 688 356 καταδεέστερα.
706 317 746 345 Οὐ
760 315 811 354 γὰρ
826 316 907 355 προῤ-

138 364 222 404 ῥίζους
236 364 328 398 αὐτοὺς
341 363 503 404 ἀνήρπασεν,
524 361 537 379 ¹’
549 361 608 392 οὐδὲ
631 363 661 391 ἐκ
675 361 779 401 βάθρων
793 360 841 396 τὴν
858 360 907 390 πό-

137 411 178 439 λιν
192 410 349 446 ἀνέσπασεν,
363 409 422 439 οὗδὲ
439 408 551 449 λείψανα
568 410 613 437 τοῦ
627 407 717 447 γένους
733 406 853 447 ἠφάνισε.
867 406 908 435 Τὸ

139 455 182 491 δὲ,
197 455 364 496 Ἀνήγγειλαν
379 456 424 485 καὶ
448 454 611 495 ἐνεφάνισαν,
625 453 855 494 ἀνθρωπινώτερον
875 452 909 482 εἴ-

139 513 224 541 ρηται.
238 503 279 531 Οὖ
292 501 343 542 γὰρ
357 501 416 531 τότε
431 500 557 540 μανθάνει
571 502 586 530 ὁ
598 499 667 533 Θεὸς
681 499 715 528 τὰ
727 498 908 538 γεγενημένα,

137 547 200 576 ὅταν
214 547 321 586 γένηται
334 548 406 587 (πῶς
419 546 480 588 γὰρ,
492 548 506 576 ὃ
519 546 606 575 πάντα
620 544 696 579 εἰδὼς
709 545 770 585 πρὶν
783 544 909 584 γενέσεως

137 595 223 622 αὐτῶν
234 605 242 629 3
255 596 274 630 )‚
297 594 354 622 ἀλλ’
372 593 415 622 ἵνα
429 592 499 631 δείξῃ
518 592 548 621 τὸ
563 592 671 630 μέγεθος
691 593 739 626 τῆς
754 595 906 630 συμφορᾶς,

138 638 220 672 οὕτως
234 634 314 668 εἶπεν.

177 829 280 870 Ὥσπερ
293 829 344 869 γὰρ
358 830 476 869 ἀλλαχοῦ
488 827 576 869 φησιν,
590 828 682 863 Ἀνέὸη
702 829 720 863 ἡ
741 827 843 868 κραυγὴ
859 828 907 862 τῆς

138 875 232 908 κακίας
245 875 409 915 αὖτῶνςπρός
423 887 472 914 με,
486 874 547 915 οὐχὶ
560 874 604 904 τὸν
617 874 686 904 Θεὸν
700 873 842 908 ἀποικίζων
855 885 906 903 που

137 921 236 961 πόῤῥω,
250 921 295 951 καὶ
309 922 346 954 εἰς
359 921 403 950 τὸν
416 921 524 962 οὐρανὸν
536 920 704 960 περικλείων,
718 919 802 949 ταῦτά
816 931 906 959 φησιν,

137 967 206 996 ἀλλὰ
216 967 246 997 τὸ
255 966 363 1006 μέγεθος
373 969 421 1003 τῆς
431 967 562 1007 ἁμαρτίας
573 967 659 1003 δηλῶν
669 978 675 985 ·
685 965 755 996 οὕτω
766 965 798 1002 δὴ
810 965 856 995 καὶ
867 967 907 994 ε’ν-

137 1015 220 1042 ταῦθα
228 1035 237 1049 ,
246 1012 426 1052 Ἀνήγγειλαν,
439 1011 487 1049 τὴν
502 1012 650 1052 ὑπερὸολὴν
659 1013 706 1047 τῆς
717 1012 844 1051 πονηρίας
856 1013 907 1041 δει-

137 1059 262 1097 κνύμενος
270 1058 351 1099 λέγει.
361 1059 405 1089 Τὰ
417 1062 428 1076 ⁶
437 1059 484 1098 μὲν
493 1059 544 1098 γὰρ
554 1058 748 1097 καταδεέστερα
757 1059 809 1086 τῶν
822 1059 907 1097 ἆμαρ-

136 1104 262 1143 τημάτων
276 1104 321 1134 καὶ
333 1106 422 1134 λαθεῖν
441 1105 539 1134 δύναιτ’
555 1104 585 1133 ἄν
597 1116 603 1122 ·
617 1103 651 1132 τὰ
665 1103 693 1132 δὲ
708 1103 907 1143 ὖπερὸάλλοντα

138 1150 182 1179 καὶ
191 1150 294 1189 μεγάλα
302 1150 382 1179 πᾶσίν
392 1151 449 1179 ἐστι
455 1150 576 1190 γνώριμα
587 1149 632 1179 καὶ
641 1150 790 1189 καταφανῆ,
801 1148 850 1178 κᾶν
858 1161 908 1188 μη-

138 1195 190 1229 δεὶς
200 1198 215 1225 ὁ
228 1197 383 1236 κατηγορῶν
400 1191 433 1236 ᾗ,
445 1195 512 1234 μηδὲ
526 1195 654 1235 ἐλέγχων.
670 1194 746 1224 Abx&
759 1195 810 1235 γὰρ
826 1195 907 1224 ἑαυτὰ

137 1241 311 1280 καταγγέλλει
325 1241 370 1270 καὶ
381 1242 449 1276 δ’ἡλα
461 1245 540 1270 ποιεῖ.
551 1240 734 1279 11Βουλόμενος
745 1243 759 1269 ὁ
768 1240 907 1280 προφήτης

136 1287 248 1316 ἐνταῦθα
270 1286 403 1321 δείξασθαι
426 1285 457 1316 τὸ
478 1285 586 1325 μέγεθος
609 1288 661 1315 τῶν
682 1287 771 1315 κακῶν
780 1308 788 1322 ,
809 1284 888 1325 φησὶν
899 1306 906 1319 ,

136 1332 304 1372 Ἀνήγγειλαν
318 1332 364 1362 καὶ
377 1332 542 1372 ἐνεφάνισαν,
556 1332 676 1362 τουτέστι
686 1354 694 1368 ,
719 1331 788 1370 μετὰ
806 1332 907 1367 πολλῆς

135 1381 183 1415 τῆς
205 1378 368 1419 ὗπερὸολῆς,
395 1378 462 1417 μετὰ
487 1379 588 1414 πολλῆς
610 1381 659 1414 τῆς
676 1377 856 1418 ὑπερηφανίας
873 1377 907 1406 τὰ

136 1423 205 1453 κακὰ
222 1423 360 1464 ἔπραττον,
374 1423 434 1453 οὐδὲ
455 1422 638 1463 αἰσχυνόμενοι
643 1446 652 1460 ,
666 1422 725 1452 οὐδὲ
744 1422 906 1461 ἐγκαλυπτό-

136 1481 223 1507 μενοι,
243 1469 311 1499 ἀλλὰ
333 1469 445 1508 μελέτην
458 1469 506 1505 τὴν
521 1468 648 1508 πονηρίαν
662 1467 821 1507 ποιούμενοι.
837 1468 907 1498 Οὐαὶ

135 1516 168 1553 τῇ
181 1515 255 1554 ψυχῇ
270 1515 365 1550 αὐτῶν,
383 1514 449 1544 διότι
472 1514 658 1554 βεὸούλευνται
673 1514 770 1554 βουλὴν
788 1514 906 1554 πονηρὰν

135 1562 193 1590 καθ’
210 1562 320 1597 ἑαυτῶν,
332 1561 448 1594 εἰπόντες
457 1572 463 1579 ·
474 1560 596 1599 δήσωμεν
609 1560 654 1590 τὸν
667 1561 778 1598 δίκαιον,
793 1560 835 1589 ὅτι
848 1560 907 1590 δύσ·

135 1617 251 1645 χρηστος
271 1609 335 1645 ἡμῖν
362 1607 444 1636 ἐστιν.
461 1605 601 1640 Ἐπίτασις
621 1606 763 1646 πονηρίας,
784 1606 845 1635 ὅταν
868 1606 905 1645 μὴ

137 1651 214 1689 μόνον
235 1651 406 1691 ἁμαρτάνωσι
411 1674 422 1688 ,
436 1651 503 1691 μηδὲ
523 1651 560 1690 μὴ
580 1651 658 1690 μόνον
673 1651 741 1690 μετὰ
757 1652 907 1692 παρῤησίας

136 1696 331 1736 ἁμαρτάνωσιν,
348 1698 406 1726 ἀλλ’
422 1698 485 1727 ὅταν
498 1697 543 1726 καὶ
557 1697 616 1730 τοὺς
630 1698 787 1736 δυναμένους
801 1698 836 1727 τὰ
849 1710 906 1727 τοι-

136 1744 203 1772 αῦτα
219 1744 335 1783 διορθοῦν
350 1742 539 1772 ἀπελαύνωσιν.
555 1742 660 1782 Ὥσπερ
674 1743 725 1782 γὰρ
739 1744 763 1772 οἳ
779 1744 906 1783 φρενίτιδι

135 1788 307 1828 κατεχόμενοι
319 1788 363 1818 τὸν
378 1788 466 1828 ἰατρὸν
480 1788 608 1821 πολλάκις
622 1788 776 1829 συνέκοψαν,
789 1788 858 1818 οὕτω
872 1789 904 1825 δὴ

133 1833 179 1862 καὶ
193 1830 265 1864 οὗτοι
284 1837 330 1864 τοῦ
345 1838 428 1864 νοσεῖν
449 1834 543 1864 ἀνίατα
567 1833 690 1874 μέγιστον
709 1835 804 1874 δεῖγμα
827 1837 905 1865 τοῦτο

133 1879 251 1920 ἐξέφερον
265 1880 295 1910 τὸ
307 1879 368 1913 τοὺς
385 1879 500 1913 δικαίους
514 1879 663 1910 ἔκὸάλλειν.
681 1881 806 1910 Τοιοῦτον
820 1881 872 1921 γὰρ
885 1883 902 1916 ἡ

133 1926 214 1964 ἀρετή
227 1937 234 1944 ·
255 1925 300 1956 καὶ
320 1926 464 1966 φαινομένη
487 1926 575 1965 μόνον,
588 1927 664 1965 ἀρκεῖ
682 1927 800 1961 λυπῆσαι
817 1926 862 1956 τὸν
876 1928 903 1956 ἐν

133 1971 213 2012 κακίᾳ
234 1973 328 2006 ζῶντα.
353 1973 479 2001 Τοιοῦτον
502 1973 519 2007 ἡ
541 1971 623 2001 κακία
634 1983 640 1989 ·
661 1971 720 2001 οὐδὲ
741 1972 903 2012 ἐλεγχομένη

132 2017 276 2054 πολλάκις,
290 2017 335 2046 καὶ
348 2017 396 2054 τὴν
406 2017 552 2058 παρουσίαν
561 2017 643 2053 αὐτὴν
658 2017 799 2057 βαρύνεται
809 2019 862 2047 τῶν
876 2019 903 2047 ἐν

133 2062 260 2103 ἐπιεικείᾳ
271 2063 476 2103 προαιρουμένη.
491 2064 581 2098 Διπλῆ
594 2062 621 2092 δὲ
629 2064 742 2093 ἐνταῦθα
755 2066 772 2099 ἡ
784 2075 902 2103 κατηγο-

134 2108 186 2148 ρία,
203 2109 248 2139 καὶ
267 2109 297 2139 τὸ
311 2110 416 2149 δεσμεῖν
427 2110 472 2139 τὸν
483 2109 593 2144 δίκαιον,
603 2109 647 2139 καὶ
661 2109 691 2139 τὸ
704 2111 758 2143 'oq
770 2110 903 2150 ἄχρηστον

133 2155 247 2194 δεσμεῖν.
261 2154 349 2184 Ὅταν
370 2151 414 2184 οὖν
437 2166 477 2188 τις
498 2154 533 2184 τὰ
552 2155 704 2195 ὠφελοῦντα
724 2156 761 2195 μὴ
777 2156 855 2194 μόνον
873 2158 902 2186 οὐ

133 2200 278 2239 προσίεται,
290 2200 358 2230 ἀλλὰ
371 2201 416 2230 καὶ
431 2200 549 2241 βλαὸερόι
564 2200 631 2230 αὐτὰ
641 2201 735 2242 νομίζῃ
750 2197 825 2237 εἶναι,
839 2202 903 2232 ποία

133 2245 251 2275 λείπεται
259 2246 350 2276 λοιπὸν
360 2246 520 2285 διορθώσεως
530 2246 674 2287 πρόφασις;
689 2247 738 2276 Διὸ
751 2247 795 2277 καὶ
809 2249 823 2276 ὁ
836 2259 904 2288 προ-

133 2294 218 2335 φήτης
236 2295 297 2325 ἰδὼν
316 2297 352 2329 εἷς
373 2295 486 2336 ἔσχατον
507 2297 686 2331 ἐξοκείλαντας
695 2320 703 2334 ,
728 2297 780 2327 ἀπὸ
803 2298 904 2338 θρήνων

168 2374 180 2392 b
197 2373 267 2403 nme,
279 2375 329 2399 οὐδὲ
345 2376 369 2400 ἔκ
380 2378 473 2410 βάθρων
484 2379 525 2405 τὴν
536 2378 600 2402 πόλιν
612 2379 743 2404 ἀνέσπασεν,
757 2375 848 2401 desunt
863 2377 890 2401 in

134 2413 194 2446 fleg.
206 2418 232 2437 et
242 2412 330 2443 Savii.,
341 2411 386 2438 aed
396 2412 519 2439 habentur
526 2414 551 2439 in
559 2413 646 2439 Mox-el.
656 2415 778 2440 etBavar.
791 2421 816 2440 et
824 2415 889 2440 lecta

133 2457 191 2477 sunt
201 2450 233 2476 ab
245 2452 382 2484 interprete
392 2451 538 2478 mmmm.

167 2498 177 2509 2
194 2491 225 2515 In
237 2491 299 2523 Κεὶς.
313 2495 357 2525 γάρ
369 2496 428 2523 post
438 2496 481 2524 μέν
493 2490 573 2516 deest.
588 2490 656 2517 Ibid.
672 2491 749 2517 Savil.
765 2495 838 2519 λαθεῖν
855 2496 890 2519 Ξὺ-

134 2533 200 2556 νκιτ’.
214 2529 301 2555 noret.
313 2535 393 2560 μαθεῖν
405 2532 497 2561 δύναιτ’,
510 2531 593 2555 minus
600 2536 676 2555 recte.

168 2569 179 2588 d
199 2569 257 2594 Post
269 2573 405 2603 βουλόμενος
417 2568 605 2594 videturdeesse
615 2570 660 2602 οὖν,
675 2575 717 2595 aut
730 2571 789 2603 qnid
800 2571 892 2596 simile:

1662 151 1706 197 [ᾗ

963 225 1175 253 annuntiarunt
1189 229 1217 253 et
1238 225 1438 254 ostenderunt.
1453 224 1535 262 Quod
1554 235 1623 265 saepe
1637 225 1707 260 dixi,

962 279 1034 298 nunc
1057 269 1137 300 etiam
1162 269 1223 299 dico
1246 283 1252 299 ε
1274 270 1347 309 quod
1374 271 1504 311 propheta
1530 281 1626 311 nempe
1652 270 1706 300 Dei

962 316 1130 346 clementiam
1152 317 1304 354 ostendens,
1320 327 1372 346 non
1387 328 1420 346 ezr
1440 328 1498 356 quae
1518 320 1623 358 passuri
1644 327 1707 349 sunt

964 363 1101 404 praedicat,
1114 363 1161 393 sed
1180 375 1210 394 ea
1221 374 1280 403 quae
1290 363 1366 404 digni
1380 364 1485 394 fuerant
1499 372 1530 394 ut
1541 373 1702 405 paterentur.

963 411 1071 439 Peccata
1079 410 1181 450 quippe
1188 411 1309 451 ipsorum
1325 410 1528 441 Sodomitarum
1539 411 1649 451 flagitiis
1660 424 1707 453 pa-

964 456 1004 486 ria
1023 457 1292 497 erant,supplicium
1316 464 1404 487 autem
1428 458 1526 488 levius.
1547 460 1608 489 Non
1633 460 1706 490 enim

962 503 1035 543 ipsos
1058 503 1189 534 radicitus
1206 504 1315 541 evulsit,
1329 515 1415 543 neque
1427 515 1441 533 a
1455 504 1636 535 fundamentis
1656 517 1704 535 ur-

928 551 947 574 D
962 549 1024 578 bem
1037 549 1134 585 diruit,
1149 560 1235 589 neque
1248 550 1378 589 reliquias
1392 550 1497 589 generis
1507 550 1618 581 delevit.
1630 551 1705 581 Illud

963 603 1063 631 autem,
1070 596 1098 625 A
1101 598 1296 625 nnuntiamnt
1304 602 1332 625 et
1341 597 1541 633 ostenderunt,
1552 596 1704 627 humaniori

962 652 1037 671 more
1056 641 1159 671 djetum
1184 642 1244 672 fuit.
1259 643 1352 682 Neque
1376 642 1448 671 enim
1475 643 1549 672 Deus
1562 654 1621 681 quae
1637 643 1705 673 facta

961 695 1023 717 sunt
1045 695 1109 718 tuuc
1122 688 1213 724 discit,
1226 699 1287 718 cum
1308 689 1356 718 illa
1377 688 1704 728 fiunffquomodoenim,

961 744 1023 763 cum
1038 734 1128 764 omnia
1143 735 1209 764 sciat
1222 742 1363 774 autequam
1378 734 1462 764 fiant?
1480 739 1507 772 ),
1521 735 1567 765 sed
1590 743 1620 765 ut
1631 736 1704 766 cala-

960 779 1060 809 mitatis
1074 780 1288 820 magnitudinem
1304 780 1436 816 ostendat,
1450 780 1487 810 ita
1510 781 1638 820 loquutus
1652 789 1700 812 est.

1000 827 1029 856 5.
1053 826 1290 864 Quemadmodum
1300 826 1373 856 enim
1382 826 1448 855 alibi
1462 826 1540 862 dicit;
1559 827 1704 857 Ascendit

960 873 1071 903 clamor
1081 872 1202 901 malitiae
1215 883 1313 902 eorum
1322 873 1363 901 ad
1376 883 1431 909 me,
1447 883 1498 901 non
1510 874 1597 902 Deum
1609 875 1703 913 procul

959 918 1123 947 habitantem
1131 916 1304 951 constituens,
1318 923 1344 945 et
1358 916 1385 945 in
1397 916 1461 945 caelo
1469 916 1703 954 circumscribens,

959 965 1016 994 hoec
1034 964 1112 1001 dicit,
1127 963 1175 993 sed
1194 964 1294 1003 peccati
1309 962 1522 1001 magnitudinem
1540 962 1679 993 declarans
1695 977 1701 993 ε

961 1011 1000 1039 sic
1012 1017 1038 1040 et
1056 1010 1108 1039 hoc
1124 1010 1192 1042 loco,
1213 1008 1457 1045 Annuntiarunt‚
1470 1008 1595 1047 nequitiae
1614 1010 1704 1048 gravi-

962 1063 1039 1085 tatem
1052 1054 1191 1085 ostendens
1205 1054 1281 1084 dicit.
1295 1054 1409 1084 Leviora
1424 1054 1496 1084 enim
1507 1062 1612 1095 peccata
1624 1055 1704 1085 latere

960 1108 1072 1141 possunt
1079 1113 1086 1136 ς
1108 1100 1268 1141 gravissima
1286 1107 1376 1130 autem
1395 1107 1421 1129 et
1442 1100 1559 1130 maxima
1578 1101 1703 1131 omnibus

961 1154 1023 1176 sunt
1039 1154 1101 1177 nota
1111 1154 1137 1176 et
1153 1146 1308 1186 conspicua,
1320 1146 1369 1175 etsi
1387 1156 1467 1175 nemo
1486 1153 1591 1176 accuset
1602 1148 1646 1177 vel
1657 1158 1701 1177 ar-

960 1200 1034 1233 guat.
1047 1195 1109 1234 Ipsa
1119 1189 1191 1222 eniin
1211 1203 1267 1221 sese
1283 1193 1442 1222 annuntiant
1453 1199 1479 1221 et
1489 1191 1635 1223 declarant.
1645 1195 1703 1225 Vo-

960 1240 1017 1268 lens
1053 1249 1116 1278 ergo
1151 1238 1284 1278 propheta
1316 1237 1530 1278 magnitudinem
1568 1239 1703 1269 malorum

959 1284 1108 1321 ostendere,
1122 1284 1207 1320 dixit,
1219 1284 1251 1314 A
1253 1285 1450 1314 nnuntiarunt
1458 1291 1486 1314 et
1500 1285 1701 1322 declararunt,

959 1331 989 1360 id
1001 1338 1050 1367 est,
1062 1332 1132 1361 Cum
1153 1330 1275 1368 audacia,
1290 1323 1352 1360 curii
1370 1331 1497 1371 superbia
1517 1342 1624 1371 magna,
1633 1334 1702 1362 mala

959 1377 1147 1417 perpetrabant
1160 1377 1217 1406 sine
1231 1376 1288 1406 ullo
1306 1376 1410 1416 pudore
1424 1377 1468 1406 vel
1479 1377 1578 1407 rubore
1590 1390 1596 1410 ;
1609 1378 1657 1408 sed
1669 1379 1704 1408 de

959 1424 1091 1454 industria
1102 1424 1248 1463 nequitiam
1261 1424 1452 1464 operabantur.
1468 1424 1519 1453 Voe
1538 1427 1645 1454 animoe
1657 1436 1703 1455 eo-

960 1480 1037 1504 rum,
1048 1472 1120 1510 quia
1134 1471 1262 1499 inierunt
1284 1470 1439 1499 consilium
1458 1470 1620 1511 malignum
1631 1481 1701 1501 con—

959 1522 1005 1545 tra
1014 1518 1179 1556 semetipsos
1191 1516 1319 1545 dicentes
1331 1527 1338 1544 ε
1351 1517 1400 1546 10.
1415 1515 1447 1544 A
1450 1516 1583 1556 lligemus
1589 1518 1703 1557 juitum

959 1563 1029 1601 quia
1049 1564 1153 1591 noxius
1173 1567 1216 1591 est
1234 1563 1326 1591 nobis.
1343 1562 1544 1603 Exsuperantia
1564 1564 1701 1601 nequitiae,

916 1636 944 1654 ,39
957 1619 1020 1638 cum
1038 1619 1091 1638 non
1110 1608 1198 1638 solum
1218 1614 1344 1648 peccant,
1360 1618 1446 1647 neque
1466 1608 1554 1638 solum
1574 1620 1636 1638 cum
1654 1621 1702 1639 au-

917 1655 942 1687 Ἀ
958 1655 1034 1684 dacia
1053 1661 1172 1695 peccant,
1186 1654 1233 1684 sed
1253 1654 1333 1684 etiam
1351 1665 1396 1684 eos
1415 1655 1463 1694 qui
1480 1655 1545 1684 talia
1562 1656 1703 1686 emendare

958 1707 1070 1741 possunt
1090 1700 1224 1740 rejiciunt.
1245 1700 1481 1737 Quemadmodum
1500 1701 1572 1730 enim
1593 1702 1702 1741 phreni-

958 1746 1014 1775 tide
1038 1746 1154 1786 correpti
1176 1756 1245 1786 saepe
1272 1745 1408 1775 medicum
1421 1747 1608 1783 verberarunt,
1621 1747 1660 1776 sic
1678 1754 1704 1777 et

925 177 933 191 ,
963 162 1039 184 est.
1069 162 1117 184 111.

958 1793 987 1822 hi
1001 1791 1158 1821 incurabilis
1177 1791 1265 1821 morbi
1278 1791 1426 1821 maximum
1451 1792 1502 1822 hoc
1515 1800 1702 1832 argumentum

958 1838 1131 1874 exhibebant,
1147 1838 1223 1876 quod
1238 1838 1326 1878 justos
1346 1837 1484 1878 ejicerent.
1504 1838 1580 1868 Talis
1601 1839 1702 1879 quippe

956 1886 1044 1916 virtus
1065 1885 1179 1915 est:vel
1193 1885 1281 1914 solum
1305 1896 1333 1914 se
1357 1893 1517 1923 monstrans,
1531 1886 1558 1915 in
1583 1887 1700 1926 nequitia

957 1932 1093 1962 viventem
1115 1931 1209 1962 dolore
1230 1932 1322 1962 afficit.
1349 1932 1425 1962 Talis
1446 1940 1485 1962 est
1509 1934 1651 1972 nequitia:
1668 1945 1701 1963 ne

1717 834 1773 855 Gen.
1795 834 1832 855 18.

1715 871 1751 886 90<

1761 1857 1795 1878 Vi·
1802 1859 1855 1879 tutis

1711 1893 1825 1916 praescntia

1711 1920 1823 1947 improbos

1710 1950 1786 1971 dolore
1807 1950 1852 1971 assi-

956 1978 1116 2018 reprehensa
1134 1977 1244 2017 quidem
1265 1988 1344 2018 saepe,
1359 1978 1401 2007 vel
1423 1978 1590 2018 praesentiam
1608 1990 1701 2010 eorum
1710 1982 1748 2002 ⁶¹¹·

956 2024 1003 2062 qui
1015 2023 1042 2053 in
1053 2023 1176 2062 aequitate
1185 2023 1284 2053 vivunt
1292 2023 1403 2053 moleste
1414 2024 1474 2054 fert.
1486 2025 1598 2065 Duplex
1612 2033 1700 2055 autem

956 2070 1001 2099 hic
1010 2076 1049 2099 est
1061 2069 1205 2106 accusatio,
1221 2077 1247 2099 et
1257 2070 1331 2109 quod
1342 2070 1447 2110 justum
1460 2070 1582 2111 alligent,
1592 2079 1618 2101 et
1627 2073 1700 2110 quod

956 2126 1019 2145 eum
1037 2115 1115 2154 quasi
1136 2115 1250 2144 noxium
1270 2116 1392 2155 alligent.
1408 2116 1523 2153 Quando
1536 2116 1620 2156 igitur
1640 2118 1701 2157 quis

922 2164 940 2187 B
957 2161 1034 2190 utilia
1045 2171 1098 2190 non
1109 2160 1189 2190 modo
1199 2171 1250 2190 non
1263 2161 1391 2199 admittit,
1399 2161 1447 2191 sed
1458 2162 1539 2192 noxia
1551 2162 1699 2203 sibiputat,

956 2216 1077 2246 quaenam
1083 2205 1194 2236 demum
1203 2206 1364 2246 relinquitur
1373 2207 1567 2238 emendationis
1577 2209 1679 2238 occasio
1686 2210 1700 2238 Ρ

957 2253 1141 2290 Quamobrem
1151 2253 1282 2293 propheta
1297 2252 1448 2283 vidensaeos
1458 2253 1492 2283 ad
1505 2261 1625 2283 extrema
1640 2266 1700 2294 pro-

959 2299 1075 2339 rupisse,
1096 2309 1111 2328 a
1132 2299 1318 2329 lamentatione
1339 2299 1438 2329 iterum
1462 2299 1576 2339 incipit,
1591 2310 1643 2329 non
1666 2300 1700 2329 ab

940 2377 974 2401 ita
985 2382 1069 2402 censet
1081 2376 1196 2402 Savilius.

972 2424 982 2436 ’¹
1001 2415 1031 2446 ὰς
1041 2421 1163 2451 ἄχρηστον,
1178 2416 1204 2441 id
1213 2422 1260 2446 est,
1274 2418 1350 2450 quasi
1366 2417 1478 2441 inutilem
1486 2426 1495 2447 ;
1515 2415 1559 2441 sed
1575 2416 1633 2448 quia
1647 2416 1699 2442 baec

940 2455 1015 2480 verba
1028 2455 1170 2480 referuntur
1183 2455 1215 2480 ad
1228 2455 1269 2480 iila
1285 2464 1359 2487 supra
1371 2455 1447 2480 allata
1461 2455 1574 2479 versiculi
1587 2458 1601 2479 9
1613 2455 1699 2486 Isniae,

942 2499 976 2520 ὅτι
989 2497 1125 2529 δύσχρηστος
1139 2498 1191 2527 ἡμῖν
1203 2499 1259 2524 ἐστι,
1273 2497 1334 2527 quia
1348 2495 1440 2518 noxius
1451 2494 1522 2518 nobis
1539 2500 1583 2526 est,
1605 2500 1630 2519 et
1642 2496 1698 2528 quin

943 2533 1046 2558 noxium
1061 2534 1151 2565 potius.
1161 2542 1236 2566 quam
1249 2533 1370 2564 inutilem,
1382 2534 1499 2558 convenit
1506 2532 1611 2566 alligari,
1624 2537 1701 2567 quasi

946 2574 1049 2596 nostium
1063 2573 1198 2604 posuimus.
1216 2571 1295 2603 [Infra
1310 2571 1405 2596 Boisius
1418 2571 1477 2604 legit
1489 2575 1513 2598 οὐ
1526 2574 1666 2607 προσίηται.]
