1890 2826
87 316 134 338 Ex.
143 313 227 338 32.32.

94 1942 152 1965 lsai.
163 1948 186 1972 7.

238 148 309 185 286

236 221 274 250 sic
280 219 400 261 propriis
413 218 538 249 membris
547 228 665 258 parcere.
686 219 749 248 Haec
760 225 800 248 est
812 218 979 249 commisera-

235 266 273 295 tio
282 266 485 306 prophetarum.
502 263 574 296 Vide
581 270 703 293 nostrum
716 274 746 293 ea
758 271 833 304 parte
842 264 978 307 praecipue

236 322 293 342 esse
319 311 515 341 admirabilem.
535 311 643 349 Moyses
671 309 778 340 dicebat
793 321 801 338 ε
828 310 977 350 Siquidem

237 360 367 388 remittas
381 360 422 388 eis
438 371 446 387 .·
461 360 509 387 sin
521 358 630 392 minus,
643 358 733 385 etiam
756 367 802 386 me
815 357 881 387 dele
894 358 931 386 de
943 357 980 387 li-

238 406 298 434 bro.
306 404 357 435 Hic
370 404 398 433 in
410 402 520 444 jejuniis
532 409 568 432 et*
577 401 704 441 lacrymis
718 403 843 432 continue
852 402 977 443 degebat.

237 450 338 481 Paulus
349 451 455 480 assidue
478 449 505 478 in
520 448 657 488 lacrymis,
679 454 705 478 et
724 456 817 478 contra
830 449 979 490 gehennam

237 499 324 540 ipsam
341 509 422 528 ausus
440 505 489 527 est.
507 498 634 537 Ipsorum
655 496 750 526 nullus
761 508 841 527 sensu
863 498 980 528 afficitur

237 546 409 586 propriorum
422 545 555 574 bonorum
569 555 576 572 ε
592 543 640 573 sed
653 550 683 573 ut
703 543 731 573 in
745 554 869 585 corpore,
885 545 980 575 oculus

236 592 298 622 licet
308 592 420 632 pulcher
429 591 474 628 sit,
487 600 539 620 uon
552 597 639 620 tamen
648 590 777 630 percipiet
790 601 845 620 suae
855 591 981 622 bonitatis

568 157 599 181 S.
626 156 767 181 JOANOHS
793 157 977 182 CHRYSOST·
1006 157 1162 182 ARCfflEP.
1191 160 1463 185 CONSTANTmOPss

1031 219 1105 248 ὅλου.
1124 215 1211 254 Οὗτος
1233 222 1260 251 ἐν
1279 219 1462 260 mustene-'qk
1483 223 1529 254 καὶ
1543 223 1652 264 δάκρυσι
1667 224 1803 260 διηνεκῶς.

1031 265 1137 299 Παῦλος
1145 267 1269 303 διηνεκῶς
1279 269 1308 297 ἐν
1321 268 1443 309 δάκρυσι,
1458 269 1503 300 καὶ
1514 269 1619 310 γεέννης
1631 271 1713 306 αὐτῆς
1724 282 1803 300 κατε-

1031 310 1172 350 τόλμησεν,
1184 313 1279 347 Οὐδεὶς
1292 314 1378 344 αὐτῶν
1391 315 1448 355 ἔχει
1458 317 1510 345 τῶν
1524 316 1627 346 οἰκείων
1641 317 1746 356 ἀγαθῶν
1758 316 1802 346 αἶ’-

1032 360 1138 394 σθησιν·
1153 358 1211 387 ἀλλ’
1232 358 1322 399 ὥσπερ
1340 361 1368 389 ἐν
1382 359 1496 400 σώματι,
1510 364 1556 392 τοῦ
1570 363 1705 402 ὀφθαλμοῦ
1719 363 1802 392 καλοῦ

1031 402 1222 444 τυγχάνοντος,
1248 406 1296 434 οὐκ
1315 405 1346 435 ἂν
1366 405 1444 436 λάὸοι
1465 409 1510 437 τοῦ
1532 407 1646 451 κάλλους
1670 408 1802 444 αἴσθησιν,

1033 449 1187 486 σεσηπότων
1200 453 1253 480 τῶν
1267 451 1355 482 ποδῶν
1374 452 1421 482 καὶ
1441 454 1648 494 διεφθαρμένων·
1671 453 1740 483 οὕτω
1757 454 1804 484 καὶ

1031 495 1091 525 τότε
1103 491 1144 533 ἦν.
1159 496 1237 531 Τίνος
1250 497 1337 527 ἕνεκεν
1350 500 1368 534 ἡ
1383 499 1492 537 σποδός
1507 499 1713 539 Ἀνεμίμνησκεν
1725 499 1804 529 αὐτὸν

1031 542 1080 577 τῆς
1091 541 1188 576 οἰκείας
1202 542 1313 583 φύσεως.
1327 544 1406 578 Τίνος
1420 545 1507 575 ἕνεκεν
1520 547 1534 574 6
1554 545 1670 582 σάκκοςς
1685 545 1729 585 Τῇ
1740 557 1805 586 τρα-

1032 587 1130 628 χύτητι
1140 593 1272 618 ταπεινοῖ.
1288 589 1366 623 Τίνος
1379 589 1466 620 ἕνεκεν
1484 593 1502 627 ἡ
1521 590 1646 628 νηστεία;
1664 591 1718 621 Καὶ
1735 590 1804 627 αὕτη

237 649 268 668 ac
277 636 489 679 pulchritudinis
506 647 624 672 sensum,
637 637 661 666 si
673 635 757 676 pedes
767 637 912 677 putrefacti
924 638 979 668 sint
987 659 1024 679 ²47
1034 635 1086 663 τῶν
1099 635 1127 664 ἓν
1141 635 1294 676 παραδείσῳ
1308 636 1514 676 ἀνεμίμνησκεν.
1533 639 1622 668 Τοῦτο
1641 639 1729 672 αὐτοῖς
1749 637 1806 670 ἔθος

238 695 269 714 ac
281 683 399 724 corrupti
416 695 422 711 :
446 683 484 712 ita
496 689 522 712 et
535 689 599 712 tunc
619 690 686 712 erat.
704 684 763 713 Cur
774 683 864 713 cinis?
877 685 980 714 Admo-
996 687 1014 710 A

238 731 317 760 nebat
323 740 384 759 eum
395 729 509 770 propriae
519 735 629 758 naturae.
639 730 696 759 Cur
705 730 818 759 saccus?
830 730 982 770 Asperitate

238 776 374 817 deprimit.
391 774 602 816 Cui-jejunium?
617 775 654 805 Et
672 773 762 815 ipsum
777 786 808 805 ea
818 786 878 815 quae
889 776 917 805 in
935 787 983 816 pa-

238 822 328 852 radiso
355 829 428 862 gesta
451 821 564 859 sunt,in
582 822 740 851 memoriam
755 822 907 852 revocabat.
930 823 982 853 Hic

238 867 305 898 viris
325 867 422 897 sanctis
449 878 506 897 mos
530 874 581 905 est,
604 878 635 897 ea
658 877 718 906 quae
740 867 866 908 affligunt
890 879 982 899 conse-

238 913 315 944 ctari.
340 915 437 952 Neque
460 920 531 943 terra
553 913 653 954 dignus
676 923 749 951 sum,
772 913 871 953 iuquit,
896 926 983 955 neque

237 960 371 998 vestibus,
396 970 482 1000 neque
505 960 587 990 rebus
605 970 665 999 quae
687 960 836 990 secundum
858 969 982 992 naturam

237 1013 310 1044 sunt,
334 1006 382 1036 sed
403 1006 522 1047 graviori
546 1006 694 1047 supplicio,
714 1006 762 1046 qui
780 1006 895 1037 Persicis
909 1009 982 1038 ami-

239 1059 298 1083 ctus
322 1063 383 1082 sum
404 1053 536 1089 vestibus,
549 1053 597 1092 qui
621 1052 718 1082 tiaram
739 1059 813 1093 gesto
835 1054 980 1084 Persicam.

238 1099 276 1129 Et
305 1093 373 1138 quid
396 1099 466 1128 ait?
499 1098 649 1130 Videamus
674 1099 878 1134 confessionem.
895 1102 926 1130 4.
940 1102 982 1131 Et

240 1146 323 1175 oravi
340 1146 382 1181 ud
399 1146 560 1175 Dominum
574 1146 670 1175 Deum
686 1156 795 1175 meum.
810 1147 895 1176 Cerne
908 1158 983 1177 amo-

240 1202 296 1221 rem
313 1202 377 1232 erga
390 1192 548 1221 Dominum.
565 1193 662 1221 Deum
676 1203 782 1230 meum,
806 1192 905 1232 inquit.
931 1195 983 1224 Cui

239 1246 293 1266 non
305 1237 421 1267 audebat
432 1236 594 1277 supplicare,
605 1237 678 1266 huuc
690 1238 778 1267 Deum
792 1249 873 1268 suum
893 1247 981 1270 vocat.

239 1281 288 1310 20.
299 1280 410 1311 Adhuc
420 1291 466 1310 me
472 1281 617 1320 loquente,
628 1291 664 1310 ac
673 1288 786 1318 orante,
801 1289 830 1311 et
843 1284 983 1323 confiten-

241 1332 270 1356 te
280 1333 402 1367 peccata
415 1337 490 1365 mea,
504 1328 545 1356 'et
557 1334 679 1366 peccata
695 1329 796 1367 populi
810 1331 867 1358 mei
886 1331 984 1360 131·αὲ-

241 1371 290 1409 lis,
302 1378 332 1402 et
359 1378 559 1412 prosternente
580 1373 808 1403 misericordiam
823 1385 918 1404 meam
939 1386 986 1406 co-

241 1427 306 1447 ram
327 1420 455 1447 Domino
477 1419 542 1448 Deo
565 1429 639 1456 meo,
653 1420 694 1449 ad
712 1425 841 1450 montem
852 1428 985 1451 sanctum

241 1464 299 1493 Dei
311 1466 367 1493 mei
379 1476 387 1493 .·
401 1466 450 1505 21.
463 1470 491 1494 et
513 1466 612 1495 adhuc
637 1476 682 1495 me
705 1466 842 1506 loquente
865 1469 898 1496 in
919 1479 986 1498 ora-

243 1511 332 1547 tione,
352 1516 381 1540 et
401 1520 466 1540 ecce
479 1513 529 1540 vir
543 1512 682 1548 Gabriel,
697 1522 783 1551 quem
803 1513 940 1542 videram
953 1516 986 1543 in

242 1557 357 1586 visione
370 1566 391 1586 a
401 1558 683 1598 principiorvolans
692 1567 703 1588 .-
718 1564 747 1587 et
761 1560 856 1598 tetigit
869 1571 914 1589 me
925 1562 985 1589 cir-

241 1604 314 1633 citer
325 1604 428 1632 horam
441 1605 579 1644 sacrificii
590 1607 760 1644 vespertini.
776 1607 826 1635 92.
840 1607 882 1635 Et
896 1607 986 1636 intel-

242 1648 331 1688 ligere
338 1649 413 1687 [θεῖε
422 1660 478 1687 me,
486 1656 514 1679 et
523 1650 661 1690 loquutus
670 1657 714 1680 est
725 1661 847 1688 mecum,
853 1657 881 1681 et
891 1652 983 1681 dixit:

241 1694 364 1732 Daniel,
380 1706 459 1725 nunc
473 1706 604 1734 egressus
617 1707 692 1734 sum,
707 1703 740 1726 ut
758 1698 912 1734 conciliem
933 1700 987 1728 tibi

241 1741 477 1782 intelligentiam.
491 1744 541 1772 25.
555 1745 593 1772 In
609 1745 754 1784 principio
772 1744 986 1784 deprecationis

242 1794 299 1818 tuae
312 1790 405 1818 exivit
424 1799 517 1818 sermo
530 1802 538 1818 .-
553 1794 582 1819 ee
605 1800 657 1830 ego
679 1793 762 1828 veni,
777 1798 811 1821 ut
824 1794 985 1822 annuntia·
1002 1791 1021 1815 C

241 1844 302 1863 rem
312 1835 376 1872 tibi,
389 1836 461 1875 quia
474 1837 523 1864 vir
536 1834 744 1866 desideriorum
757 1843 790 1866 tu
804 1848 845 1867 es.
863 1839 905 1867 E't
918 1840 984 1868 ani-

243 1881 392 1910 madverte
413 1882 445 1910 in
469 1882 570 1919 verbo,
592 1888 621 1911 et
645 1882 778 1923 intellige
803 1884 833 1913 in
856 1887 984 1915 visione.

242 1926 338 1965 Itaque
358 1937 422 1956 cum
443 1926 533 1956 dicent
558 1927 636 1957 nobis
659 1928 767 1959 Judaei:
794 1931 851 1960 Cur
863 1931 892 1960 in
905 1931 986 1968 isaia,

243 1983 306 2002 cum
319 1972 398 2003 Ozias
407 1973 441 2002 de
448 1973 521 2002 hello
528 1972 643 2011 timeret,
652 1981 678 2003 et
691 1974 724 2004 de
736 1976 908 2016 expeditione
917 1977 988 2007 duo-

243 2029 305 2048 rum
318 2029 424 2058 regum,
439 2018 567 2059 propheta
579 2029 700 2059 egressus
725 2020 800 2051 dedit
813 2022 851 2052 eis
865 2023 988 2063 signum,

244 2063 318 2103 quod
342 2071 402 2104 post
421 2065 575 2095 iunumeros
601 2076 684 2095 annos
706 2067 815 2097 evenit?
829 2068 950 2099 dicemus
962 2075 988 2099 et

245 2119 294 2139 nos
307 2110 342 2140 ad
366 2110 427 2140 illos
450 2123 457 2139 τ
483 2111 540 2141 Cur
561 2122 624 2142 cum
646 2113 742 2142 Daniel
762 2122 917 2154 precaretur
937 2126 988 2156 pro

246 2155 344 2190 reditu,
354 2163 381 2185 et
400 2155 434 2186 de
456 2156 491 2186 iis
512 2157 593 2187 rebus
617 2157 722 2197 aliquid
743 2159 838 2190 audire
855 2168 966 2201 cuperet
978 2182 987 2199 ,

248 2211 370 2241 egressus
382 2202 503 2242 angelus,
514 2202 547 2232 de
560 2203 603 2233 his
615 2203 726 2243 quidem
732 2205 802 2235 nihil
811 2207 986 2244 renuntiavit,

279 2300 290 2312 ²
307 2291 368 2328 Ᾰνὴρ
383 2296 512 2325 ἐπιθυμιῶν,
525 2292 573 2318 hoc
585 2300 636 2325 est,
649 2296 691 2319 vir
704 2295 873 2329 desulerams,
885 2297 926 2322 vel
936 2298 1005 2322 desi-

246 2333 351 2362 clerans,
366 2337 393 2356 ut
408 2338 537 2364 exponunt
547 2333 627 2358 sancti
638 2335 733 2359 Patres.
747 2335 874 2360 Isidorum
887 2336 950 2369 fugit
965 2347 1006 2362 ra-

248 2373 293 2401 tio,
307 2379 365 2395 cum
377 2371 508 2404 Originum
533 2371 579 2398 lib.
602 2373 627 2404 7,
648 2382 671 2398 c.
694 2374 720 2405 8,
738 2372 826 2399 scribit
844 2374 877 2399 de
888 2375 1004 2401 Daniele:

247 2409 432 2435 Desideriorum
444 2410 482 2435 vir
494 2410 636 2444 appellatus
648 2418 697 2442 est,
710 2413 772 2446 quia
780 2422 874 2446 panem
888 2415 1008 2440 desiderii

248 2458 297 2473 non
313 2449 487 2478 manducavit,
505 2454 529 2473 et
543 2450 630 2474 vinum
644 2453 854 2484 concupiscentiae
868 2462 919 2477 non
935 2454 1004 2479 bibit.

249 2487 284 2512 Ea
298 2494 380 2512 tamen
392 2486 467 2513 verba
488 2493 576 2520 postea
598 2494 686 2514 nactus
707 2498 761 2514 sum
777 2491 805 2515 in
823 2491 850 2516 S.
868 2492 1006 2525 'Augustino

250 2526 328 2550 Srrm.
347 2528 378 2551 65
390 2526 421 2551 de
433 2532 546 2559 tempore
561 2537 566 2551 :
581 2527 693 2560 Daniel,
706 2529 787 2562 iuquit
795 2549 803 2561 ‚
816 2530 872 2554 ideo
883 2531 921 2555 vir
938 2531 1005 2556 desi-

251 2564 376 2589 deriorum
396 2566 538 2599 appellatus
557 2573 610 2597 est,
635 2569 696 2600 quia
711 2577 804 2601 panem
823 2569 940 2595 desiderii
955 2580 1005 2596 non

1034 679 1104 716 ἐστὶ,
1129 679 1164 709 τὰ
1183 681 1358 722 βασανίζοντα
1377 682 1490 714 διώκειν.
1510 683 1582 714 Οὐδὲ
1598 685 1647 719 τῆς
1666 684 1716 723 γῆς
1736 681 1806 717 ἄξιός

1034 726 1107 764 εἰμι,
1121 726 1210 766 φησὶν,
1230 727 1290 757 οὐδὲ
1303 730 1356 757 τῶν
1369 728 1492 767 ἱματίων,
1506 728 1565 759 οὐδὲ
1579 731 1632 759 τῶν
1645 728 1714 759 κατὰ
1728 727 1807 769 φύσιν

1034 770 1209 810 πραγμάτων,
1223 771 1292 801 ἀλλὰ
1301 772 1491 814 χαλεπωτέρας
1504 773 1650 814 τιμωρίας,
1663 776 1678 803 6
1691 772 1725 803 τὰ
1738 774 1807 813 Περ-

1034 815 1097 846 σικὰ
1123 817 1349 857 περιὸεὸλημένος
1381 819 1525 860 ὑφάσματα
1536 842 1544 858 ,
1574 821 1589 849 6
1613 819 1707 860 τιάραν
1738 818 1807 859 ἔχων

1034 863 1180 903 Περσικήν.
1193 863 1248 894 Καὶ
1264 864 1290 893 τί
1304 877 1388 905 φησι;
1407 865 1520 906 Ἴδωμεν
1541 865 1591 902 τὴν
1611 865 1806 906 ἐξομολόγησιν.

1036 908 1090 938 Καὶ
1103 909 1294 950 προσηυξάμην
1314 911 1379 952 πρὸς
1397 911 1495 952 Κύριον
1517 912 1561 942 τὸν
1575 912 1644 942 Θεόν
1659 923 1720 951 μου.
1735 910 1807 952 Ὅρα.

1035 954 1066 984 τὸ
1079 953 1188 995 φίλτρον
1206 956 1236 986 τὸ
1255 957 1316 997 περὶ
1335 957 1380 987 τὸν
1398 958 1549 994 Δεσπότην.
1573 958 1628 988 Τὸν
1648 958 1718 988 Θεόν
1737 969 1788 998 μου
1799 981 1808 995 ,

1036 998 1101 1041 φησί
1112 1013 1118 1020 ·
1132 1001 1160 1031 ὃν
1177 1002 1226 1032 οὐκ
1246 1003 1346 1042 ἐτόλμα
1365 1004 1500 1040 ἱκετεύειν,
1523 1008 1616 1034 τοῦτον
1634 1004 1704 1035 Θεὸν
1726 1005 1807 1034 atnoe

1035 1047 1121 1076 καλεῖ.
1132 1046 1196 1077 Ἔτι
1207 1049 1272 1087 ἐμοῦ
1285 1049 1427 1084 λαλοῦντος
1436 1073 1444 1087 ,
1457 1050 1503 1080 καὶ
1515 1050 1730 1091 προσευχομένου
1739 1072 1748 1086 ,
1762 1049 1807 1080 καὶ

1035 1092 1231 1133 ἐξαγορεύοντας
1249 1093 1296 1128 τὰς
1316 1095 1447 1136 ἁμαρτίας
1465 1108 1530 1135 μου,
1552 1096 1598 1127 καὶ
1616 1095 1664 1130 τὰς
1677 1096 1809 1137 ἁμαρτίας

1035 1142 1082 1169 τοῦ
1100 1140 1165 1169 λαοῦ
1180 1152 1231 1179 μου
1249 1140 1374 1181 Ἰσραὴλ,
1396 1142 1441 1172 καὶ
1460 1142 1595 1183 ῥίπτοντος
1612 1143 1657 1173 τὸν
1670 1142 1742 1173 ἔλεόν
1757 1155 1808 1183 μου

1036 1184 1123 1215 ἔναντι
1135 1186 1232 1227 Κυρίου
1243 1190 1291 1217 τοῦ
1305 1189 1376 1217 Θεοῦ
1390 1200 1439 1228 μου
1449 1211 1458 1227 ,
1473 1189 1518 1220 ἐπὶ
1531 1192 1577 1219 τοῦ
1587 1189 1720 1230 ὄρους’τοῦ
1734 1189 1808 1230 ἁγίου

1037 1232 1082 1259 τοῦ
1097 1231 1167 1260 Θεοῦ
1188 1243 1238 1270 μου
1248 1243 1254 1250 ·
1275 1231 1320 1261 καὶ
1339 1231 1379 1262 ἔτι
1393 1234 1457 1272 ἐμοῦ
1473 1235 1616 1268 λαλοῦντος
1633 1235 1661 1264 ἐν
1678 1236 1712 1275 τῇ
1725 1245 1808 1276 προσ-

1038 1277 1105 1317 ευχῇ
1114 1297 1122 1311 ,
1136 1276 1181 1305 καὶ
1199 1275 1253 1306 ἰδοὺ
1267 1276 1334 1317 ἀνὴρ
1347 1278 1469 1319 Γαὸριὴλ
1478 1302 1486 1317 ,
1499 1279 1527 1309 ὃν
1543 1276 1610 1310 εἶδον
1624 1281 1652 1310 ἐν
1671 1282 1705 1321 τῇ
1719 1280 1811 1321 ὁράσει

1038 1321 1065 1350 ἐν
1081 1323 1114 1361 τῇ
1126 1323 1196 1362 ἀρχῇ
1206 1344 1214 1358 ,
1231 1322 1397 1363 πετώμενος·
1417 1324 1461 1355 καὶ
1482 1325 1569 1366 ἥψατό
1585 1338 1637 1366 μου
1657 1325 1722 1356 ὡσεὶ
1738 1326 1810 1366 ὥραν

1038 1366 1127 1401 Θυσίας
1149 1369 1298 1408 ἑσπερινῆς.
1319 1370 1381 1400 ’Καὶ
1406 1371 1526 1401 συνέτισέ
1550 1383 1600 1411 με,
1624 1372 1670 1402 καὶ
1695 1372 1810 1408 ἔλοίλησε

1039 1414 1097 1452 μετ’
1113 1414 1196 1452 ἐμοῦ,
1209 1414 1255 1444 καὶ
1268 1410 1340 1445 εἶπεν
1350 1428 1356 1434 ·
1370 1417 1488 1453 Δανιὴλ,
1508 1420 1553 1447 νῦν
1562 1454 1566 1457 -
1576 1417 1692 1455 ἐξῆλθον,
1711 1418 1810 1457 συμὸι-

1039 1458 1120 1488 Gaiam
1133 1471 1163 1500 σε
1174 1458 1287 1490 σύνεσιν.
1302 1462 1350 1491 Ἐν
1369 1463 1442 1503 ἀρχῇ
1455 1465 1503 1499 τῆς
1515 1462 1630 1500 δεήσεώς
1640 1475 1687 1493 σου
1703 1463 1810 1499 ἐξῆλθεν

1039 1508 1053 1535 6
1061 1501 1151 1545 λόγος·
1164 1506 1209 1536 καὶ
1222 1506 1276 1546 ἐγὼ
1289 1503 1369 1544 ἦλθον
1379 1512 1425 1538 τοῦ
1437 1510 1593 1550 ἀναγγεῖλαί
1605 1521 1646 1540 σοι
1654 1533 1662 1548 ,
1673 1509 1714 1540 ὅτι
1724 1512 1735 1526 ”
1743 1510 1810 1549 ἀνὴρ

1039 1552 1184 1590 ἐπιθυμιῶν
1201 1547 1226 1582 εἷ
1243 1552 1286 1582 σύ.
1308 1553 1362 1583 Καὶ
1380 1555 1517 1591 ἐννοήθητι
1535 1557 1563 1586 ἐν
1580 1558 1618 1596 τῷ
1637 1555 1753 1596 ῥήματι,
1765 1555 1812 1585 καὶ

1040 1596 1115 1630 σύνες
1125 1598 1152 1626 ἐν
1164 1598 1198 1637 τῇ
1211 1597 1336 1639 ὀπτασίᾳ.
1348 1598 1434 1629 Ὥστε
1445 1600 1490 1630 καὶ
1507 1600 1570 1630 ὅταν
1586 1600 1698 1640 λέγωσιν
1710 1603 1775 1639 ἡμῖν
1787 1601 1812 1630 οἱ

1040 1641 1164 1673 Ἰουδαῖοι
1173 1654 1179 1661 ·
1195 1642 1238 1673 διὰ
1247 1643 1274 1672 τί
1284 1645 1312 1673 ἐν
1325 1647 1364 1685 τῷ
1375 1644 1490 1686 Ἡσαΐᾳ,
1508 1644 1522 1662 b
1530 1648 1575 1675 τοῦ
1589 1645 1680 1680 Ὀζίου
1691 1646 1753 1687 περὶ
1764 1649 1812 1676 τοῦ

1040 1687 1157 1728 πολέμου
1183 1689 1311 1728 δεδιότος,
1333 1690 1379 1720 καὶ
1401 1693 1448 1727 τῆς
1471 1691 1563 1733 ἐφόδου
1585 1694 1638 1722 τῶν
1660 1692 1706 1722 δύο
1731 1694 1812 1732 βασι-

1039 1734 1117 1770 λέων,
1138 1736 1153 1764 6
1177 1735 1314 1776 προφήτης
1337 1736 1446 1771 ἐξελθὼν
1466 1737 1562 1768 ἔδωκεν
1582 1740 1670 1772 αὐτοῖς
1691 1743 1812 1778 σημεῖον,

1041 1780 1110 1820 μετὰ
1131 1780 1213 1821 μυρία
1231 1781 1278 1818 ἔτη
1292 1782 1451 1821 συμὸαἷνον;
1468 1784 1578 1824 ἐροῦμεν
1595 1784 1641 1815 καὶ
1659 1783 1733 1814 αὐτοὶ
1748 1784 1813 1825 πρὸς

1041 1826 1135 1860 αὐτούς
1143 1838 1149 1845 ·
1163 1826 1232 1860 τίνος
1244 1826 1330 1857 ἕνεκεν
1342 1831 1388 1858 τοῦ
1400 1829 1504 1866 Δανιὴλ
1516 1829 1676 1864 ἀξιώσαντος
1689 1830 1756 1871 ὑπὲρ
1765 1833 1814 1867 τῆς

1042 1871 1134 1902 ἀνόδου
1144 1894 1152 1908 ,
1167 1872 1213 1902 καὶ
1230 1874 1418 1912 ἐπιθυμοῦντος
1436 1875 1549 1906 ἀκοῦσαί
1568 1888 1595 1905 τι
1617 1876 1679 1917 περὶ
1699 1876 1811 1914 τούτων,

1041 1917 1150 1952 ἐξελθὼν
1170 1918 1279 1958 ἄγγελος
1295 1919 1357 1959 περὶ
1375 1919 1423 1959 μὲν
1441 1920 1539 1951 τούτων
1561 1920 1635 1951 οὐδὲν
1658 1922 1813 1962 ἀπήγγειλε,

1040 1963 1188 2004 πράγματα
1198 1964 1226 1994 δὲ
1238 1969 1348 2006 μακροῖς
1360 1965 1469 2007 ὕστερον
1480 1967 1585 2008 χρόνοις
1596 1965 1728 2004 ἐδίδαξεν,
1741 1969 1811 1998 Ἀλλ’

1041 2009 1133 2051 ὥσπερ
1158 2011 1270 2040 ἐνταῦθα
1293 2012 1324 2041 ἔκ
1339 2012 1491 2053 περιουσίας
1516 2013 1548 2043 τὸ
1565 2011 1722 2053 ζητούμενον
1739 2014 1813 2044 λύει·

1041 2056 1111 2087 οὕτω
1122 2058 1208 2087 κάκεῖ.
1223 2054 1319 2091 Πίστις
1330 2058 1382 2098 γὰρ
1395 2058 1508 2098 μεγίστη
1526 2062 1573 2089 τοῦ
1586 2058 1635 2096 τὴν
1655 2057 1733 2090 πόλιν
1747 2062 1814 2090 ἄνα-

1043 2106 1203 2144 στήσεσθαι,
1224 2107 1255 2137 τὸ
1275 2107 1321 2137 καὶ
1338 2107 1418 2138 πάλιν
1437 2109 1519 2146 αὐτὴν
1540 2108 1700 2141 ἁλώσεσθαι.
1713 2110 1749 2140 Τί
1760 2106 1814 2148 οῧν;

1043 2158 1164 2193 λυπῆσαι
1175 2157 1219 2187 τὸν
1231 2157 1370 2198 προφήτην
1386 2159 1542 2199 βουλόμενος
1551 2181 1560 2195 ,
1569 2163 1647 2190 τοῦτο
1657 2162 1745 2199 neith
1759 2163 1816 2192 Οὖ-

1044 2209 1136 2247 δαμῶς
1147 2230 1156 2244 ,
1180 2209 1238 2238 ἀλλ’
1258 2209 1353 2243 αὐτοὺς
1371 2210 1566 2251 φοὸερωτέρους
1579 2211 1749 2252 ἐργάσασθαι.
1763 2213 1817 2243 Καὶ

1053 2299 1172 2330 eomedit,
1185 2305 1209 2324 et
1215 2305 1302 2333 potum
1314 2302 1522 2334 concupiscentia·
1533 2311 1585 2327 non
1597 2302 1660 2328 bibit
1667 2322 1677 2334 ,
1690 2305 1752 2337 quia
1763 2312 1817 2339 πως

1054 2340 1094 2372 gis
1106 2338 1231 2364 Christum
1242 2347 1320 2372 quam
1330 2341 1418 2373 epulas
1429 2341 1599 2367 desiderabat.

1089 2379 1103 2400 b
1120 2376 1197 2410 ὀζίου.
1210 2379 1268 2409 Imo
1280 2376 1353 2412 ἔχοις.
1367 2381 1402 2405 Is.
1414 2382 1440 2410 7,
1455 2382 1478 2406 Ι.
1497 2382 1593 2407 Contra
1604 2381 1724 2415 Origenes
1743 2381 1817 2407 initio

1056 2417 1173 2442 llomuioe
1192 2417 1279 2450 primae
1298 2418 1324 2443 in
1338 2418 1431 2444 librum
1446 2419 1566 2445 judicum
1588 2419 1718 2445 Achazum
1730 2421 1816 2450 (malo

1055 2455 1123 2481 enim
1133 2455 1170 2482 ibi
1179 2457 1260 2490 legere
1270 2456 1376 2490 Achaz,
1388 2467 1464 2491 quam
1477 2458 1588 2489 Achab)
1598 2460 1680 2491 posuit
1688 2468 1735 2492 pro
1743 2459 1816 2493 Ozia,

1055 2501 1084 2520 ιιι
1095 2495 1170 2520 etiam
1182 2495 1343 2522 manifestum
1360 2503 1398 2523 est
1410 2506 1442 2524 ex
1453 2497 1562 2532 ejusdem
1573 2497 1716 2525 Adamantii
1732 2499 1814 2532 initio,

1055 2535 1131 2560 Hom.
1145 2537 1153 2560 1
1171 2536 1197 2561 in
1208 2536 1310 2571 Isaiam.¹
