1904 2840
576 197 610 220 IN
637 196 841 220 MATTnAEtm.
869 196 988 219 nomm.
1016 194 1141 219 ΧΧΧΙΠ.

138 257 238 287 nemin
258 256 376 297 maligno
394 264 458 288 sunt
477 258 557 298 positi
573 271 581 287 ε
604 259 732 298 quoniam
752 266 777 289 et
790 259 877 288 omnis

137 306 209 333 cero,
217 297 294 336 quasi
306 305 369 337 pars
382 298 488 334 mundi,
496 298 522 327 in
532 299 650 339 maligno
660 299 746 339 posita
753 306 803 328 est.
813 300 887 329 Pro«

135 342 225 376 pterea
238 346 342 366 necesse
354 344 394 367 est
408 338 497 367 offerri
509 349 616 378 pueros,
634 344 663 367 ut
674 338 781 368 assidue
796 345 877 378 super

136 385 182 405 eos
191 377 276 405 oratio
288 376 491 416 fiat:quoniam
509 388 595 412 escam
619 378 699 407 semel
718 377 880 407 sanctificari

135 425 240 444 necesse
257 422 306 445 est.
323 416 517 450 Manducamus
536 418 606 447 enim
623 428 695 454 eam,
707 423 733 447 et
756 417 850 446 transit
865 429 872 446 ε

135 454 271 484 hominem
290 462 390 491 autem,
404 467 484 495 quem
505 456 684 486 indesinenter
705 456 874 487 adversarius

135 495 304 534 persequitur
315 502 340 525 et
350 495 481 534 sordidat,
490 507 594 537 semper
601 496 760 526 sanctificari
769 506 874 526 necesse

134 540 182 563 est.
199 533 293 564 Aliter.
310 535 505 566 Convenienter
517 537 659 575 confutatis
671 536 772 567 Judaeis
785 541 870 565 tenta-

128 573 239 602 toribus
255 581 282 603 et
303 574 428 611 lascivis,
446 576 596 605 offeruntur
616 576 692 616 pueri
714 576 821 606 Christo
843 575 871 604 in

133 623 160 641 m
180 612 292 642 sterium
309 615 440 653 gentium,
454 615 481 644 iu
493 614 547 644 fide
561 616 782 655 parvulorum‚et
794 615 871 644 lactis

132 662 148 681 a
189 663 222 682 uc
238 653 323 682 sotius
341 654 503 694 capientium
521 665 619 691 escam,
632 665 700 694 quos
717 655 873 684 obtulerunt

132 691 240 721 Christo
250 699 337 732 patres
346 704 440 723 eorum
451 706 458 723 ε
469 694 538 724 sicut
546 694 649 727 ordinis
662 701 700 724 est
709 694 870 734 intelligere,

132 732 216 770 posita
236 739 298 761 sunt
312 733 450 772 evangelia
466 735 584 774 gentium
604 735 783 774 singularum,
799 733 873 773 quod

132 769 263 810 discipuli
274 771 301 801 in
314 771 401 811 figura
413 773 568 813 principum
581 774 599 804 J
601 773 689 803 udaiei
696 774 793 819 populi
808 784 873 814 pro-

133 809 274 840 hibebantt
285 812 411 850 quoniam
421 823 525 853 semper
533 813 621 843 Judoei
631 823 720 842 omma
731 814 872 850 faciebant,

133 858 167 878 ne
178 856 268 889 genten
279 851 446 881 salvarentur
458 852 618 883 introductae
631 853 666 882 ad
679 852 773 883 fidem.

272 953 405 984 Homilia
417 957 525 995 :ez-xiij.
538 966 572 985 ex
589 965 653 995 cap.
669 958 734 986 xix.

174 1046 222 1075 16.
230 1047 271 1075 Et
285 1055 351 1074 ecce
361 1049 410 1075 vir
421 1057 494 1076 unus
505 1048 625 1076 accessit
638 1048 679 1076 ad
687 1058 762 1083 eum,
771 1055 800 1077 ct
813 1052 872 1078 ait.-

132 1086 276 1124 Magirter
295 1086 381 1121 bone,
399 1087 470 1124 quid
484 1087 688 1125 bonifacium,
704 1094 736 1116 ut
751 1089 875 1118 habeam

131 1126 229 1153 vitam
237 1127 394 1153 mter-nam?
401 1125 537 1164 etreliqua
544 1148 550 1155 .
559 1127 618 1160 Non
633 1127 689 1155 sine
697 1127 797 1156 ratione
804 1138 875 1166 qute-

132 1163 244 1192 rendum
256 1164 331 1192 estin
343 1164 394 1194 hoc
408 1164 530 1202 loco,cur
543 1165 587 1194 hie
596 1165 630 1195 de
645 1166 695 1195 isto
709 1166 874 1197 adolescente

131 1202 270 1232 Christum
279 1203 467 1244 interrogante,
479 1206 621 1245 Magister
630 1207 714 1242 bone,
725 1207 797 1246 quid
807 1209 874 1236 boni

127 1242 260 1281 faciam,
274 1249 306 1272 ut
328 1245 424 1273 vitam
447 1251 585 1274 oeternam
606 1246 792 1284 possideam?
812 1257 873 1276 cum

132 1281 264 1311 Dominus
275 1282 440 1322 implevisset
449 1284 635 1320 narrationem,
647 1285 674 1313 in
687 1285 739 1314 fine
747 1285 786 1314 sic
797 1285 873 1315 addi-

130 1319 189 1349 dit:
204 1323 254 1351 50.
268 1322 360 1351 Multi
371 1324 449 1351 enim
462 1330 557 1359 erunt,
571 1324 670 1362 inquit,
699 1326 767 1354 rimi
778 1327 873 1355 novis-

129 1361 214 1395 simi,
228 1366 257 1389 ct
279 1363 444 1397 novissimi,
456 1364 554 1401 primi.
570 1363 652 1400 Quod
689 1375 704 1392 e
725 1363 828 1394 Judaeis
848 1372 874 1395 et

164 1399 254 1429 ntibns
267 1400 371 1430 dictum
384 1411 441 1431 esse
453 1401 559 1432 dubitat
574 1413 661 1438 nemo.
676 1405 717 1433 Ne
728 1403 796 1433 sorte
808 1415 873 1444 crgo

1603 183 1672 231 875

896 261 913 284 Α
928 268 976 287 cus
995 267 1058 296 ergo
1071 256 1189 296 populus
1201 263 1256 286 erat
1274 256 1438 294 adolescens,
1454 266 1507 286 non
1521 264 1595 287 aetate
1605 280 1612 294 ,
1625 258 1673 287 sed

928 296 1036 327 levitate
1058 309 1064 324 :
1089 296 1209 325 moribus
1230 296 1407 333 immaturus,
1427 306 1480 325 non
1498 296 1585 326 annis.
1602 298 1672 327 Nam

927 336 1016 366 omnia
1029 334 1139 375 quidem
1153 335 1220 365 vitia
1238 335 1354 364 carnalia
1368 335 1501 375 juvenilia
1512 338 1586 373 sunt,
1601 337 1672 366 sicut

926 376 998 405 dixit
1016 375 1152 415 apostolus
1163 376 1333 404 :Juvenilia
1343 377 1421 404 enim
1432 376 1576 405 desideria
1579 376 1668 417 suge,
1679 393 1702 408 2,
1724 387 1783 409 Tim.
1797 395 1820 410 2,

926 422 1037 444 sectare
1047 417 1202 454 justitiam,
1213 415 1448 450 misericordiam,
1459 417 1667 454 pietatem,etc.
1681 424 1718 440 ²2-

925 455 1096 495 Praecipuum
1117 461 1205 484 autem
1226 454 1323 484 vitium
1338 454 1459 494 juvenile
1477 462 1517 484 est
1532 455 1666 495 gloriatio,

924 505 983 533 quae
997 494 1113 539 amplius
1132 494 1190 524 vult
1208 494 1306 528 videri,
1326 504 1405 533 quam
1419 501 1458 523 cst
1474 507 1481 522 z
1505 495 1592 524 autin
1613 502 1668 525 toto

924 534 1003 563 *vult
1017 533 1103 563 videri
1114 544 1167 563 non
1180 544 1237 562 esse
1247 533 1336 572 qualis
1349 540 1397 562 est.
1409 534 1479 562 Nam
1489 533 1527 563 sic
1535 535 1668 574 populum
1694 545 1701 553 ·
1720 544 1748 566 at.
1765 545 1820 566 vult

921 574 1066 603 Juda'icum
1079 573 1162 603 fuisse
1182 574 1357 612 cognovimus
1377 573 1404 601 in
1424 573 1582 613 Scripturis‚
1597 574 1667 604 sicut
1676 575 1771 600 videri,
1798 580 1820 597 ²⁶

920 619 947 642 et
959 613 1091 642 Dominus
1101 612 1167 642 dicit
1179 612 1213 642 de
1227 612 1283 641 illis
1297 625 1303 641 :
1316 614 1445 642 Faciunt
1458 615 1568 649 omnia,
1582 620 1615 643 ut
1628 616 1665 643 ab
1676 614 1719 643 '¹.⁰''
1745 614 1793 628 “³⁸⁶
1812 614 1819 627 ·'

923 652 1089 682 hominibus
1103 653 1273 682 videantur.
1288 653 1355 682 Item
1372 662 1380 679 τ
1397 653 1427 680 V
1423 663 1447 682 oe
1461 654 1548 682 vobis
1565 655 1666 683 scrihoe
1675 642 1734 693 {1¹1⁶ssst
1743 646 1789 689 2⁷1¹?
1792 645 1819 658 u*

923 699 952 721 et
960 693 1106 722 Pharisaei
1115 693 1292 732 hypocriten,
1306 693 1358 732 qui
1368 691 1490 731 diligitis
1498 694 1609 731 primas
1619 703 1667 721 ca·
1676 699 1762 720 Mauh.
1778 700 1818 722 23.

924 732 1042 761 thedras
1053 733 1085 760 in
1096 733 1266 771 synagogis,
1279 738 1330 760 etc.
1347 731 1415 760 Item
1430 744 1438 760 .-
1452 732 1503 761 Vae
1518 734 1667 772 vobis,qui
1677 727 1700 750 δ’

918 773 1086 812 justificatis
1100 769 1238 811 vosipsos,
1247 772 1328 800 Deus
1339 778 1436 800 autem
1450 773 1595 810 cognoscit
1607 783 1668 801 cor·
1677 760 1817 814 {2⁴⁶¹6n1453

924 812 964 840 da
978 818 1089 842 vestra.
1106 814 1218 850 Propter
1231 811 1305 849 quod
1317 817 1343 839 et
1356 810 1507 840 ficus'dicti
1528 819 1601 847 sunt,
1617 811 1668 840 ha-

891 854 908 877 B
924 850 1016 880 bentes
1029 851 1094 881 solia
1105 851 1161 880 sine
1171 850 1272 886 fructu,
1287 850 1316 879 id
1327 857 1365 878 est
1377 850 1493 890 speciem
1509 851 1667 888 sanctitatis,

925 901 979 920 non
993 891 1076 936 ipsam
1090 890 1265 926 sanctitatem,
1277 900 1358 928 quam
1373 889 1545 919 :estimatione
1559 890 1669 929 quidem

922 931 1034 969 justitiae
1049 930 1227 965 sectabantur,
1241 939 1321 968 opera
1332 935 1420 957 autem
1431 929 1622 958 abhorrebant.
1633 930 1670 959 Et

925 969 990 998 vide
1003 969 1138 1008 quomodo
1152 969 1179 997 in
1194 968 1305 997 exordio
1324 968 1382 1008 ipso
1398 968 1557 997 narrationis
1572 969 1668 1009 populi

925 1009 944 1038 J
946 1008 1033 1038 uda'i'ci
1052 1019 1139 1038 mores
1162 1007 1304 1046 significat.
1325 1008 1398 1038 Dicit
1420 1007 1491 1036 enim
1504 1021 1511 1036 ι
1527 1009 1671 1048 Magister·

927 1049 1090 1088 bone‚quid
1100 1047 1330 1088 bonifaciam‚ut
1345 1048 1440 1076 vitam
1451 1053 1588 1076 aeternam
1600 1058 1667 1087 pos-

926 1089 1037 1117 sideam
1048 1090 1061 1115 P
1080 1088 1152 1125 Quia
1176 1088 1230 1116 se'm
1251 1097 1281 1116 er
1295 1086 1384 1116 Judaei
1401 1087 1604 1126 interrogatores
1618 1087 1668 1117 Dei

926 1127 1044 1164 suerunt,
1054 1134 1080 1156 et
1087 1137 1139 1156 non
1150 1126 1219 1156 obau
1242 1127 1322 1155 itores
1331 1125 1496 1155 :laudatores
1506 1133 1668 1162 sanctorum,

924 1174 949 1196 et
960 1177 1011 1196 non
1023 1167 1169 1196 imitatores
1179 1178 1185 1194 :
1195 1165 1330 1195 auditores
1344 1166 1422 1206 legis,
1435 1172 1461 1194 et
1472 1176 1524 1195 non
1538 1165 1666 1195 factores:

923 1217 1029 1246 semper
1043 1206 1183 1239 discentes,
1198 1213 1224 1235 et
1237 1215 1384 1244 numquam
1397 1204 1434 1234 ad
1447 1204 1585 1234 scientiam
1597 1206 1668 1235 veri-

924 1247 984 1275 tatis
996 1246 1179 1286 pervenientes
1195 1257 1202 1273 ι
1218 1245 1360 1284 gloriantes
1374 1245 1401 1273 in
1416 1245 1484 1283 lege,
1498 1251 1524 1273 et
1535 1255 1584 1284 per
1602 1255 1668 1285 prae-

923 1285 1111 1315 varicationem
1125 1284 1194 1324 legis
1205 1284 1351 1313 Dominum
1366 1285 1453 1313 Deum
1466 1283 1663 1314 inhonorantes.

923 1324 1020 1354 Adhuc
1040 1331 1067 1354 et
1082 1324 1154 1353 illud
1172 1323 1326 1359 considera,
1341 1323 1405 1362 quia
1427 1323 1497 1352 nihil
1514 1323 1548 1352 dc
1565 1324 1668 1354 actione

922 1364 971 1393 Dei
987 1363 1132 1403 interrogat
1145 1362 1212 1402 quid
1226 1362 1327 1398 credat,
1342 1370 1389 1392 aut
1402 1362 1538 1401 quomodo
1552 1363 1642 1392 credat
1657 1376 1663 1392 :

923 1403 969 1432 sed
980 1403 1041 1439 hoc,
1054 1403 1130 1440 Quid
1143 1402 1263 1432 faciendo
1277 1402 1362 1431 vitam
1375 1409 1505 1447 aeternam.
1511 1402 1644 1442 possideat
1657 1415 1663 1431 :

129 1409 176 1468 {ic
196 1438 348 1469 adolescens
366 1440 393 1469 in
415 1442 542 1480 mysterio
563 1442 744 1472 introducitur
765 1444 872 1474 Juda'i'ci
888 1452 906 1475 c
922 1443 986 1480 quia
998 1443 1086 1472 omnis
1099 1452 1160 1482 spes
1173 1441 1268 1470 salutis
1281 1440 1354 1485 apud
1375 1440 1484 1471 Judaeos
1499 1452 1524 1470 in
1539 1442 1666 1480 operibus

130 1478 226 1546 Lopuli
236 1490 341 1519 semper
355 1479 563 1517 adolescentuli,
578 1492 682 1521 semper
695 1482 835 1521 gloriantis
848 1490 874 1512 et

157 1518 210 1547 vis.
223 1518 269 1548 Sic
281 1519 353 1547 enim
366 1519 453 1548 facere
468 1520 535 1548 solet
553 1521 678 1550 Christus
696 1521 854 1560 plerumque
864 1544 872 1558 ,

131 1557 240 1595 quando
258 1557 292 1586 de
311 1558 438 1597 mysterio
454 1558 568 1599 alicujus
583 1560 620 1589 rei
638 1566 677 1588 est
691 1559 852 1598 loquuturus
865 1571 871 1587 :

131 1602 192 1624 ante
205 1596 352 1626 introducit
362 1597 535 1637 corporaliter
547 1599 685 1628 facientem
696 1599 828 1639 idipsum,
845 1606 875 1629 ut

133 1645 167 1664 ex
179 1645 210 1664 eo
223 1638 388 1665 occasionem
401 1636 549 1674 inveniens,
564 1638 730 1678 corporalem
745 1638 873 1667 narratio-

133 1678 193 1703 nem
204 1675 418 1715 mysterii,qua1n
430 1676 467 1705 rei
475 1678 643 1716 propositum
652 1684 813 1716 exsequatur
821 1690 827 1706 ε
835 1685 874 1707 ut—

133 1721 276 1753 puta‚cum
286 1714 321 1743 de
332 1715 524 1756 compescenda
537 1716 663 1755 jactantia
679 1717 875 1746 Pharisaeorum

33 1769 40 1777 ·
85 1771 91 1777 ·
133 1753 208 1793 apud
227 1755 328 1783 Lucam
352 1755 514 1794 loquuturus
538 1756 642 1791 fuisset,
652 1756 798 1786 introducit
818 1756 875 1796 pri·

133 1803 178 1821 mo
190 1793 382 1834 hydropicum,
393 1801 418 1823 et
427 1794 540 1831 sanavit,
549 1795 614 1824 utin
624 1795 756 1835 corporali
768 1803 875 1825 tumore

132 1831 276 1872 hydropici
288 1855 296 1868 ‚
316 1833 447 1873 jactantia:
473 1833 670 1864 Pharisaeorum
681 1838 692 1851 ⁸
712 1842 875 1874 pungeretur

133 1871 245 1901 inflatio.
259 1872 305 1902 Sic
317 1880 342 1902 et
355 1871 411 1909 hic,
426 1883 486 1902 cum
500 1873 535 1902 de
548 1874 705 1903 refutatione
718 1874 735 1903 J
739 1874 875 1904 udaeorum

133 1917 159 1940 et
167 1911 294 1940 electione
301 1913 419 1950 gentium
430 1913 586 1953 mysterium
595 1923 728 1953 exponere
735 1914 874 1951 voluisset,

133 1960 167 1979 ex
181 1961 212 1980 eo
226 1951 309 1980 verbo
316 1951 390 1990 quod
399 1951 467 1981 dicit
479 1951 514 1981 ad
528 1954 648 1988 Petrum,
664 1954 713 1982 29.
730 1955 770 1982 Et
782 1956 875 1983 omnis

134 1990 188 2029 qui
205 1990 354 2030 reIIquer-it
373 1997 485 2030 patrem
503 1998 531 2021 et
553 1999 686 2028 matrem,
707 1995 771 2030 ete,
790 2003 876 2032 usque

135 2028 170 2058 ad
182 2030 336 2069 parabolam
348 2031 559 2070 subsequentem
582 2032 616 2061 de
631 2033 800 2062 mercenariis
813 2043 876 2062 con·
892 2041 911 2064 1)
926 2040 1027 2071 gentes,
1037 2032 1110 2071 quod
1121 2038 1160 2061 est
1172 2033 1340 2072 praecipuum
1351 2033 1373 2061 C

135 2067 224 2098 ductis
245 2069 273 2098 in
294 2070 398 2100 vineam
409 2092 417 2107 ‚
432 2071 498 2100 hora
518 2071 621 2111 prima,
636 2072 712 2101 tertia
723 2095 730 2108 ,
746 2079 837 2110 sexta,
852 2080 878 2102 et

137 2117 218 2145 nona,
231 2115 258 2137 et
270 2109 422 2144 undecima,
439 2110 573 2149 quomodo
593 2118 682 2151 gentes
696 2111 878 2152 praeponendae

137 2153 212 2175 erant
223 2146 325 2177 Judaeis
338 2161 344 2178 ε
357 2148 508 2178 introduxit
518 2150 598 2179 istum
611 2150 804 2180 adolescentem
819 2152 877 2191 glo-

138 2185 261 2222 riantem,
276 2193 302 2215 et
315 2187 413 2223 levem,
426 2194 453 2216 et
465 2195 597 2219 amantem
610 2189 727 2229 amplius
741 2191 811 2219 bona
831 2201 878 2220 sua

139 2225 267 2261 carnalia,
277 2235 357 2263 quam
370 2225 481 2255 caelestia
493 2227 594 2257 Christi
606 2229 739 2273 promissa
751 2242 758 2257 τ
772 2236 802 2258 ut
816 2240 878 2270 pas-

139 2263 213 2296 sione
229 2265 362 2303 corporali
377 2265 550 2296 adolescentis
569 2267 647 2297 istius
661 2267 768 2298 Juda'i‘ci
785 2269 880 2308 populi

139 2303 288 2342 spiritualis
307 2304 395 2343 passio
413 2303 654 2343 demonstraretur,
668 2314 778 2347 propter
800 2318 880 2346 quam

141 2343 248 2372 Christo
269 2353 321 2372 non
345 2343 460 2373 credidit
476 2356 483 2373 ι
501 2344 530 2373 id
547 2351 602 2382 est,
622 2352 732 2386 propter
751 2346 882 2386 placentia

142 2381 205 2418 sibi,
222 2389 332 2428 propter
342 2383 496 2423 jactantiam
509 2394 616 2421 vanam,
632 2391 740 2425 propter
752 2393 879 2424 quaestus,

142 2430 211 2458 quos
221 2422 341 2461 capiebat
352 2433 385 2452 cx
400 2422 468 2460 lege,
484 2424 609 2452 remansit
622 2424 648 2453 in
659 2425 726 2463 lege.
739 2426 880 2465 Propterea

143 2469 263 2496 quaecum
284 2471 317 2489 ue
326 2461 453 2491 dicuntur
461 2461 495 2491 de
505 2461 701 2493 adolescentulo
714 2464 764 2493 isto
774 2465 812 2494 sic
820 2472 882 2495 sunt

144 2499 260 2538 aoeipien
281 2511 309 2536 a,
319 2501 396 2539 quasi
407 2500 441 2530 de
452 2501 553 2541 populo
566 2503 583 2531 J
587 2502 680 2532 udaioo
694 2502 776 2533 dicta.
788 2503 882 2534 Juda'i-

180 2597 189 2608 ²
208 2590 227 2613 V
251 2591 280 2614 1).
298 2596 323 2615 et
340 2591 407 2616 Editi
429 2593 454 2617 in
472 2601 551 2626 marg.
564 2595 759 2628 praepingeretur
772 2597 880 2629 inflatio.

922 1488 989 1518 erat,
1006 1482 1099 1516 non-in
1114 1481 1178 1516 fide,
1191 1481 1260 1509 sicut
1277 1479 1345 1509 dicit
1361 1480 1497 1519 apostolus
1514 1479 1548 1509 de
1567 1480 1623 1509 illis
1641 1487 1666 1509 et
1676 1493 1786 1510 cxxxvm

921 1520 1046 1558 gentibus
1058 1532 1065 1548 t
1081 1521 1227 1558 Quoniam
1240 1525 1348 1558 gentes,
1359 1529 1424 1557 quoe
1444 1529 1504 1547 non
1517 1521 1666 1548 sectaban-
1676 1533 1816 1563 Rom.9.30.

924 1566 971 1588 tur
980 1561 1124 1598 justitiam
1135 1581 1142 1595 ,
1155 1561 1187 1587 in
1202 1559 1273 1598 legis
1288 1559 1431 1597 justitiam
1449 1565 1642 1596 pervenerunt
1655 1570 1662 1588 ε
1676 1564 1745 1586 -32,

922 1600 993 1638 quia
1003 1609 1062 1627 non
1073 1609 1110 1627 ex
1117 1597 1318 1637 operibus,sed
1326 1597 1449 1637 exfide:
1465 1598 1560 1626 IsraEI
1570 1605 1665 1628 autem

922 1638 1061 1667 sectando
1076 1638 1146 1677 legis
1154 1638 1311 1676 justitiam,
1327 1638 1358 1664 in
1372 1636 1463 1676 legem
1472 1638 1594 1676 justitiae
1606 1648 1667 1666 non

920 1681 1052 1716 pervenit
1068 1690 1075 1706 :
1093 1679 1164 1717 quia
1180 1686 1239 1705 non
1257 1686 1293 1705 ex
1305 1676 1379 1715 fide,
1394 1676 1447 1705 sed
1465 1687 1501 1705 ex
1520 1678 1663 1715 operibus.

923 1717 1012 1746 Prima
1024 1724 1112 1746 autem
1120 1715 1224 1757 justitia
1236 1722 1275 1744 est
1286 1725 1442 1760 cognoscere
1454 1717 1540 1745 Deum
1550 1723 1665 1755 patrem,

923 1764 949 1785 et
969 1756 1107 1786 Christum
1122 1755 1202 1795 ejus:
1228 1755 1373 1785 novissima
1396 1762 1484 1784 autem
1502 1755 1606 1795 justitia
1627 1763 1666 1785 est

922 1796 1008 1825 facere
1029 1806 1110 1836 opera
1128 1795 1199 1824 bona
1214 1805 1220 1824 :
1235 1795 1305 1824 sicut
1318 1805 1380 1823 cum
1400 1794 1531 1824 Dominus
1554 1794 1667 1825 dixisset

922 1835 1085 1874 quibusdam
1106 1834 1219 1871 Judaeis‚
1236 1834 1403 1872 operamini
1417 1835 1524 1870 cibum,
1541 1836 1592 1874 qui
1607 1845 1666 1864 non
1677 1844 1816 1875 loan.6,27.

922 1876 1012 1914 perit,
1030 1875 1083 1904 sed
1102 1875 1153 1913 qui
1174 1880 1325 1914 permanet
1338 1886 1346 1902 .·
1369 1873 1594 1913 interrogantibus
1615 1874 1665 1912 eis,
1675 1883 1747 1907 —29·

927 1915 1005 1953 Quid
1014 1913 1169 1952 faciemus,
1181 1920 1212 1943 ut
1225 1923 1374 1953 operemur
1387 1923 1457 1953 opus
1472 1913 1550 1943 Dei?
1561 1924 1668 1953 respon-

924 1953 976 1989 dit,
988 1948 1053 1982 Ηοι·
1062 1959 1104 1983 cst
1114 1963 1185 1991 opus
1197 1955 1263 1990 Dei,
1277 1960 1307 1982 ut
1319 1954 1443 1982 credaris
1451 1954 1484 1981 in
1495 1964 1570 1991 eum,
1582 1963 1668 1993 quem

926 1993 976 2022 ille
994 1994 1080 2022 misit.
1095 1992 1141 2022 Illi
1157 1999 1245 2022 autem
1264 2002 1333 2032 opus
1353 2003 1368 2021 a
1388 1992 1496 2037 nitionis
1512 1993 1562 2022 Dei
1580 1993 1667 2031 negli—

1395 2038 1498 2061 rtstlam
1510 2043 1525 2061 o
1546 2042 1588 2067 us,
1601 2043 1669 2061 sem—

927 2082 975 2111 per
987 2072 1021 2101 ad
1034 2071 1173 2101 diabolum
1189 2071 1348 2107 transibant,
1363 2078 1389 2100 et
1402 2070 1436 2100 de
1449 2043 1576 2112 operibus
1584 2071 1666 2111 justi-

927 2112 970 2140 tiae
982 2111 1165 2150 requirebant.
1179 2112 1322 2156 Propterea
1336 2110 1388 2140 Dei
1401 2110 1564 2149 agnitionem
1574 2109 1668 2149 perdi-

928 2150 1036 2187 derunt,
1051 2157 1078 2180 et
1091 2161 1171 2190 opera
1180 2150 1291 2190 justitiae
1304 2160 1451 2188 numquam
1465 2150 1644 2189 impleverunt
1660 2161 1666 2176 :

929 2190 992 2229 quia
1017 2189 1103 2220 virtus
1126 2189 1252 2219 faciendae
1275 2189 1384 2229 justitiae
1412 2189 1511 2228 agnitio
1539 2188 1589 2217 Dei
1618 2193 1668 2216 est.

930 2230 979 2259 17.
989 2231 1070 2259 Dicit
1077 2231 1102 2259 ei
1109 2230 1208 2259 Iesus.-
1217 2229 1296 2267 Quid
1309 2238 1353 2257 me
1365 2229 1437 2257 dicis
1448 2226 1670 2270 bonum?Nemo

932 2270 1024 2298 bonus
1042 2270 1100 2299 nisi
1111 2279 1186 2298 unus
1204 2269 1295 2298 Deus.
1312 2266 1451 2305 Numquid
1472 2276 1524 2294 non
1542 2272 1598 2294 erat
1615 2274 1672 2303 ipse

931 2308 1028 2344 bonus,
1041 2319 1103 2338 cum
1114 2315 1181 2338 esset
1194 2307 1283 2337 Filius
1294 2307 1344 2336 Dei
1359 2305 1451 2335 Deus?
1464 2306 1532 2334 Nam
1545 2302 1671 2342 quemad-

932 2347 1043 2378 modum
1056 2359 1118 2378 cum
1136 2347 1193 2388 ipse
1207 2347 1240 2376 sit
1251 2346 1338 2375 Filius
1353 2345 1414 2380 Dei,
1427 2344 1517 2382 etipse
1535 2344 1609 2386 Deus
1622 2348 1672 2386 est,

933 2387 1009 2426 quasi
1028 2387 1115 2417 Filius
1126 2399 1133 2416 ε
1149 2387 1188 2415 sic
1199 2396 1261 2415 cum
1274 2385 1309 2413 sit
1329 2384 1416 2412 bonus
1427 2384 1509 2426 Deus,
1520 2388 1548 2426 et
1561 2391 1617 2420 lpse
1628 2381 1674 2426 Fi-

934 2427 988 2456 lius
1010 2427 1060 2456 Dei
1074 2426 1130 2455 sinc
1142 2425 1227 2455 dubio
1245 2425 1331 2452 bonus
1352 2429 1405 2458 est,
1417 2431 1493 2459 quasi
1509 2421 1584 2449 filius
1598 2421 1673 2449 boni.

934 2466 1031 2505 Sicquc
1045 2467 1061 2496 J
1065 2466 1175 2494 tid-iscus
1188 2462 1306 2503 populus
1321 2461 1399 2489 unius
1418 2460 1467 2489 Dei
1487 2460 1586 2488 habens
1599 2459 1677 2498 agni—

935 2506 1045 2544 tionem,
1060 2504 1199 2535 Christum
1220 2512 1267 2531 nec
1280 2500 1382 2530 Filium
1395 2498 1446 2528 Dei
1458 2508 1505 2528 nec
1524 2500 1610 2529 Deum
1631 2508 1677 2527 co-
