1904 2840
273 182 343 233 960

866 194 948 218 OPUS
975 194 1213 219 IMPERFECTUM

275 259 375 293 nescit,
391 257 423 287 51
434 279 440 285 .
455 263 483 285 et
492 256 602 287 dividet
611 266 686 294 eum,
697 262 868 297 partemque
877 259 939 296 ejus
949 267 1015 287 cum
1033 261 1050 284 Α
1067 258 1142 287 sione
1153 258 1315 288 necessitatis
1324 260 1450 299 carnalis,
1463 262 1536 291 Deus
1545 269 1650 303 praestet
1658 263 1812 296 hominibus

275 298 435 337 hypocritis
453 304 480 326 ee
495 296 662 335 infidelibus
675 303 774 335 ponet.
792 297 913 326 Dividet
925 308 990 327 eum
1004 310 1012 326 .-

276 337 303 366 id
315 344 365 372 est,
380 337 414 366 de
424 335 559 365 consortio
571 335 797 374 Christianorum,
815 344 844 366 ut
855 347 888 366 ne
908 348 941 366 ue
953 348 1016 367 cum

274 377 371 405 sanctis
384 376 558 415 glorificetur,
568 385 654 414 neque
666 386 728 405 cum
742 376 834 415 iis,qui
847 348 1017 406 mediocriter

275 415 628 455 deliquerunt‚mediocriter
641 415 770 455 puniatur
781 428 787 445 :
797 416 843 453 sed
850 417 944 456 junget
954 427 1017 446 eum

275 466 337 485 cum
352 456 502 496 hypocritis
512 462 538 484 et
549 455 716 491 infidelibus,
729 462 759 484 ut
770 467 885 494 quorum
897 456 1017 486 imitatus

274 502 313 525 est
322 506 420 532 mores,
429 497 549 536 ipsorum
561 495 689 535 puniatur
698 495 817 525 interitu.
826 495 969 533 Quomodo
978 506 1018 525 sa-

274 534 368 564 cerdos
382 546 463 575 super
476 545 581 564 omnem
594 534 728 575 populum
745 535 920 575 glorificatur,
934 535 958 564 si
969 535 1018 565 be-

274 575 407 612 nefecerit,
423 585 476 604 non
490 575 578 604 solum
594 582 704 615 propter
723 585 798 604 suam
807 575 957 615 justitiam,
970 575 1018 605 sed

274 622 384 655 propter
397 615 529 652 omnium,
540 615 603 654 quia
614 625 692 644 causa
702 622 741 644 est
758 615 816 655 ipse
829 615 940 655 justitiae
958 615 1018 644 uni-

274 665 432 685 versorum:
446 655 483 684 ita
506 661 532 684 et
550 664 663 695 peccans
685 665 767 694 super
787 665 878 684 omnes
893 655 1016 694 punitur,

275 705 327 725 non
339 695 428 724 solum
441 701 550 735 propter
561 705 639 724 suum
651 701 800 734 peccatum,
808 694 855 723 sed
868 695 948 723 etiam
959 705 1018 734 pro-

274 741 334 774 pter
347 734 483 764 omnium:
497 734 560 773 quia
573 734 630 775 ipse
640 744 719 768 causa
733 734 763 763 fit
775 734 900 764 omnibus
909 734 944 763 ad
956 744 1019 779 pec-

275 774 402 803 candum.
419 774 483 804 Ideo
494 781 583 803 autem
595 784 648 803 non
663 769 752 803 s'olum
765 774 920 814 hypocritas
933 774 1018 811 dixit,

275 813 323 843 sed
331 814 410 843 etiam
421 813 558 843 infideles:
568 814 631 853 quia
642 814 664 843 si
677 824 768 843 omnes
777 813 887 852 quidem
895 813 934 854 hy
955 814 1020 843 ocri-

275 860 308 882 1ae
319 853 440 883 infideles
453 861 526 891 sunt,
538 860 689 883 nontamen
700 863 791 882 omnes
804 853 924 883 infideles
952 863 1019 893 ypo-
1035 858 1052 881 B

276 893 348 923 critae
358 894 501 924 sunt.Ecce
508 894 580 923 enim
586 893 698 933 gentiles
703 892 824 923 infideles
832 892 941 932 quidem
949 900 1021 930 sunt,

184 948 266 964 ccxvn
277 933 423 973 hypocritae
441 941 534 967 'autem
560 944 614 963 non
635 940 697 963 sunt
710 945 716 962 ε
731 933 793 972 quia
807 943 860 962 non
875 943 902 961 se
915 933 1021 973 fingunt

131 2227 154 2260 μ’
167 2218 217 2241 Cor.
231 2226 254 2248 7.

276 974 363 1002 colere
376 973 527 1009 Christum,
540 984 602 1003 cum
615 983 668 1002 non
682 973 781 1009 colant,
792 973 840 1002 sed
852 972 1020 1002 manifestum

276 1020 425 1052 sequuntur
438 1024 565 1043 errorem.
580 1013 738 1053 Hypocritae
756 1020 845 1042 autem
856 1019 919 1047 sunt
933 1014 950 1043 J
953 1012 1022 1041 udaei

276 1060 302 1082 et
314 1053 432 1082 haeretici
455 1065 461 1082 :
483 1053 526 1083 illi
546 1060 645 1088 autem,
666 1053 730 1092 quia
752 1052 846 1082 dicunt
857 1063 885 1082 se
898 1052 1017 1087 Judaeos,

276 1103 338 1121 cum
350 1103 403 1122 non
418 1093 481 1129 sint,
497 1093 544 1122 sed
557 1100 620 1122 sunt
632 1102 768 1133 synagoga
783 1099 880 1121 satanae
888 1104 897 1131 3
914 1092 958 1121 isti
970 1103 1020 1121 au-

276 1139 341 1166 tem,
363 1133 427 1171 quia
445 1133 551 1172 fingunt
564 1143 592 1162 se
615 1143 671 1162 csse
690 1132 867 1168 Christianos,
892 1143 956 1161 cum
969 1132 1023 1161 sint

276 1172 445 1208 Antichristi‚
458 1172 488 1201 id
502 1179 551 1208 est,
574 1179 667 1202 contra
679 1171 829 1201 Christum.
844 1173 912 1201 Item
925 1172 947 1201 si
962 1171 1023 1210 quis

275 1211 384 1240 videtur
394 1212 421 1240 in
435 1212 554 1241 Ecclesia
568 1223 634 1247 csse,
645 1219 669 1241 ct
680 1219 741 1251 agat
753 1219 843 1242 contra
856 1211 1021 1242 Ecclesiam:

277 1257 301 1279 et
317 1251 363 1281 ille
376 1251 437 1281 talis
451 1252 592 1292 hypocrita
606 1251 707 1281 dicitur
721 1262 787 1281 esse.

446 1358 579 1387 Homilia
591 1358 636 1398 lij.
652 1368 689 1387 ex
700 1367 765 1396 cap.
778 1367 850 1386 xxv.

1066 297 1277 328 misericordiam
1290 299 1474 339 spiritualem:
1486 302 1509 331 si
1521 309 1607 332 tamen
1619 311 1709 344 postea
1719 305 1813 335 volun-

1066 343 1105 366 tas
1118 338 1266 367 necessitati
1279 339 1435 377 consentiat,
1447 351 1501 370 non
1515 342 1604 371 solum
1616 345 1705 373 autem
1719 352 1749 374 ut
1759 355 1811 374 non

1066 377 1246 416 concupiscat,
1267 378 1315 407 sed
1341 379 1422 408 etiam
1437 380 1568 410 abstineat
1585 392 1613 411 se
1634 384 1669 412 ab
1687 385 1759 413 omni
1783 395 1812 414 re

1066 416 1149 454 mala,
1166 423 1196 445 ut
1215 427 1301 456 neque
1313 418 1403 455 faciat,
1420 430 1507 459 neque
1520 420 1655 459 loquatur,
1672 433 1756 462 neque
1765 435 1811 454 co-

1067 455 1131 495 gitet
1163 456 1217 485 uod
1230 456 1371 503 displiceat
1383 460 1440 488 Deo
1454 472 1460 487 :
1474 459 1538 498 quia
1546 470 1644 501 corpus
1654 462 1811 500 fornicatur,

1068 505 1138 534 quan
1160 507 1176 525 ο
1202 506 1265 525 cum
1284 507 1344 526 vxro
1365 499 1539 539 conjungitur
1558 512 1565 528 τ
1590 501 1677 530 anima
1705 509 1794 532 autem
1803 526 1811 540 ,

1067 534 1176 574 quando
1197 535 1300 565 diaboli
1318 537 1504 568 voluntatibus
1526 540 1654 570 sociatur.
1675 542 1743 579 Quae
1756 543 1814 572 haec

1069 585 1122 603 non
1136 582 1233 610 servat,
1249 576 1319 607 fatua
1333 584 1373 606 est
1383 578 1441 622 ipsa
1455 578 1544 619 virg0.
1559 580 1594 609 Et
1607 591 1671 610 vere
1679 582 1751 611 fatua
1763 589 1812 618 est,

1067 625 1127 653 quae
1141 625 1189 654 per
1199 615 1284 645 solam
1298 616 1480 657 virginitatem
1492 629 1539 648 cor
1557 619 1613 648 oris
1626 627 1703 660 putat
1716 632 1744 650 se
1757 623 1814 651 Deo

1067 655 1182 694 placere.
1200 655 1270 685 Ecce
1282 657 1353 686 enim
1371 658 1531 696 quemadino
1553 669 1598 687 um
1620 670 1682 689 eum
1697 661 1813 690 mandu-

1067 704 1111 723 cas
1129 701 1155 722 et
1168 694 1252 732 bibis,
1278 706 1332 725 non
1354 697 1443 726 anima
1462 698 1617 735 manducat,
1633 699 1789 740 sed'corpus
1805 712 1813 728 ε

1067 744 1110 763 res
1127 734 1199 762 enim
1210 734 1389 775 incorporalis
1398 737 1532 777 corporali
1541 738 1601 767 cibo
1611 749 1665 768 non
1678 741 1814 786 pascitur:

1068 773 1106 802 sic
1119 783 1183 802 eum
1196 774 1238 803 vir
1251 775 1373 809 mulieri,
1389 784 1436 806 aut
1447 777 1547 807 mulier
1560 777 1620 807 viro
1631 780 1814 819 conjungitur,

1069 823 1122 842 non
1133 813 1222 843 anima
1240 815 1392 855 copulatur,
1408 816 1456 846 sed
1475 828 1582 857 corpuS.
1600 819 1742 858 Propterea
1759 820 1815 849 frc-

1069 859 1181 897 q'uenter
1193 853 1234 891 fit,
1260 861 1291 884 ut
1311 862 1396 895 nupta
1417 856 1440 885 si
1459 857 1525 886 alias
1539 868 1591 886 non
1605 865 1706 897 peccet,
1721 859 1817 889 melior

1070 899 1115 937 Sit,
1129 903 1211 930 quam
1224 894 1282 930 illa,
1295 905 1356 933 quae
1366 896 1444 936 virgo
1455 904 1505 932 est,
1518 904 1544 926 et
1552 897 1618 926 alias
1627 905 1729 938 peccat.
1741 900 1818 936 Quo-

1070 942 1144 960 niam
1153 933 1176 961 si
1189 933 1235 962 illa
1247 943 1300 963 non
1311 942 1402 974 peccat
1411 946 1470 974 quae
1481 944 1564 976 nupta
1577 943 1627 973 est,
1638 948 1749 978 corpore
1760 939 1818 978 qui-

1070 971 1132 1000 dem
1147 981 1232 1013 nupta
1251 980 1302 1010 est,
1325 975 1416 1004 animo
1429 983 1518 1005 autem
1532 976 1609 1016 virgo
1623 984 1673 1006 est.
1689 979 1756 1015 Quae
1769 989 1817 1008 au-

1071 1018 1124 1040 tem
1138 1011 1204 1041 alias
1230 1020 1332 1053 peccat,
1350 1021 1377 1043 et
1398 1014 1477 1054 virgo
1498 1023 1538 1045 est
1554 1027 1686 1056 :corpore
1708 1017 1818 1056 quidem

1071 1051 1148 1091 virgo
1161 1059 1210 1089 est,
1229 1053 1318 1082 animo
1331 1061 1420 1083 autem
1433 1055 1586 1084 fornicaria.
1607 1055 1662 1086 Sed
1674 1067 1708 1086 ue
1724 1057 1817 1098 despe—

1071 1101 1131 1120 rare
1145 1091 1275 1122 faciamus
1286 1093 1366 1122 etiam
1378 1094 1499 1134 virgines
1513 1095 1609 1132 bonas,
1622 1095 1686 1135 quia
1698 1095 1819 1127 diximus

1071 1141 1119 1170 per
1128 1133 1369 1172 concupiscentiam
1382 1134 1484 1164 animas
1492 1135 1768 1171 fornicari,sciendum
1779 1144 1819 1167 est

1071 1170 1146 1209 quod
1158 1171 1235 1201 aliud
1248 1179 1287 1201 est
1294 1183 1377 1202 concu
1399 1174 1491 1210 iscere,
1504 1174 1580 1203 aliud
1589 1175 1668 1204 velle.
1681 1176 1818 1216 Concupi-

1072 1221 1143 1240 scere
1153 1212 1283 1251 passionis
1290 1219 1339 1250 est,
1346 1224 1380 1242 ve
1393 1213 1417 1242 le
1428 1221 1517 1243 autem
1525 1214 1644 1243 arbitrii.
1655 1215 1819 1254 Frequenter

1072 1250 1142 1279 enim
1157 1251 1373 1291 concupiscimus
1385 1253 1465 1282 etiam
1477 1254 1550 1293 quod
1564 1254 1700 1284 nolumus.
1715 1255 1743 1285 Si
1755 1266 1819 1295 ergo

1072 1291 1293 1331 concupiscentiae
1316 1301 1369 1321 non
1390 1294 1521 1323 consentit
1540 1294 1677 1329 voluntas,
1692 1297 1819 1341 concupi-

1072 1330 1169 1359 scentia
1184 1331 1240 1360 sola
1260 1341 1314 1360 non
1336 1332 1456 1370 damnat,
1472 1334 1558 1373 magis
1571 1341 1660 1363 autem
1674 1341 1700 1363 et
1714 1334 1818 1374 glorio-

1072 1369 1170 1398 siorem
1183 1370 1245 1399 facit
1259 1371 1422 1410 virginitatis
1434 1383 1570 1402 coronam.
1586 1375 1665 1403 Nune
1678 1374 1819 1404 veniamus

1072 1408 1107 1437 ad
1117 1409 1285 1448 spiritualem
1299 1411 1357 1479 {ius
1371 1412 1563 1442 narrationem.
1578 1414 1677 1442 Decem
1698 1413 1818 1453 virgines

317 1455 346 1482 1.
367 1453 447 1482 Tunc
460 1451 553 1481 simile
573 1456 617 1480 est
630 1461 752 1490 regnum
772 1450 909 1479 coelorum
923 1450 1022 1479 decem
1037 1453 1056 1478 C
1072 1457 1163 1478 omues
1172 1449 1293 1479 homines
1323 1450 1381 1488 icit,
1392 1461 1508 1488 quorum
1523 1452 1580 1482 vita
1593 1450 1686 1482 decem
1696 1454 1819 1483 sensibus

279 1494 329 1521 vir
348 1493 456 1528 inibus,
479 1497 505 1520 et
518 1491 632 1529 reliqua.
649 1489 805 1520 Notandum
817 1489 891 1528 quod
903 1489 1022 1529 priorem

277 1503 387 1571 quidem
411 1531 566 1571 parabolam
577 1529 611 1559 de
622 1529 778 1559 doctoribus
798 1529 874 1565 dicit,
888 1529 957 1559 hanc
969 1540 1020 1559 au-

277 1579 329 1601 tem
343 1571 376 1600 de
385 1570 563 1611 popularibus
578 1583 585 1598 :
601 1576 689 1599 tamen
700 1570 749 1598 etsi
761 1568 930 1608 spiritualem
943 1569 1021 1599 intel-

277 1612 377 1641 lectum
401 1611 496 1639 habeat
509 1609 649 1650 parabola,
672 1609 742 1638 nihil
763 1616 841 1638 nocet
854 1608 1022 1649 interpretari

277 1662 336 1681 enm
349 1650 428 1680 etiam
441 1650 594 1679 carnaliter.
609 1649 689 1678 Tunc
701 1648 789 1678 simile
807 1648 869 1685 erit,
886 1659 948 1677 cum
961 1648 1022 1678 die-

278 1692 329 1720 bus
344 1691 400 1720 suis
425 1689 565 1729 completis
585 1689 689 1719 solutus
711 1688 791 1718 fuerit
805 1689 935 1725 mundus,
959 1699 1022 1718 cum

278 1731 383 1761 venerit
399 1730 490 1760 Judex
503 1729 623 1758 omnium
636 1728 813 1758 occultorum.
834 1727 918 1757 Modo
932 1735 1021 1758 autem

279 1771 387 1800 interim
398 1780 489 1799 omnes
503 1769 625 1798 homines
644 1768 721 1797 nobis
733 1767 850 1797 invicem
864 1767 1018 1798 mentimur.

281 1810 334 1839 Atii
348 1810 453 1849 fingunt
465 1820 492 1838 se
503 1810 601 1849 justos,
614 1819 676 1837 cum
688 1808 741 1837 sint
755 1807 840 1846 iniqui
851 1819 859 1845 ς
869 1807 915 1836 alii
930 1807 1021 1837 humi-

277 1850 345 1879 liant
355 1860 383 1879 se
397 1856 426 1878 ut
440 1856 601 1889 peccatores,
615 1859 677 1877 cum
689 1847 742 1876 sint
754 1847 838 1876 sancti
853 1859 859 1875 :
872 1847 918 1875 alii
933 1854 1022 1876 autem

279 1897 370 1930 turpes
384 1896 458 1918 actus
482 1899 544 1918 suos
567 1898 651 1926 usque
665 1887 699 1916 ad
714 1893 826 1916 mortem
843 1886 1020 1923 abscondunt,

279 1929 395 1969 amplius
418 1928 539 1958 homines
561 1927 755 1963 erubescentes,
771 1937 852 1966 quam
875 1928 963 1956 Deum
984 1927 1022 1956 ti-

279 1976 390 2005 mentes,
405 1975 430 1997 et
444 1979 549 2008 semper
562 1974 623 1996 sunt
638 1966 665 1995 in
678 1966 799 2001 vulnere,
812 1965 878 1994 dum
889 1976 938 2006 pro
952 1973 1022 1995 tem-

279 2019 344 2048 pore
356 2009 451 2037 nolunt
464 2017 593 2048 apparere
601 2006 746 2036 vulnerati.
764 2005 819 2043 Qui
831 2012 919 2034 autem
933 2007 1021 2035 Deum

1071 1494 1244 1526 sustentatur,
1259 1490 1377 1528 quinque
1387 1491 1549 1529 carnalibus,
1563 1499 1590 1521 et
1600 1493 1718 1531 quinque
1733 1493 1817 1532 spiri-

1071 1527 1211 1564 tualibus;
1224 1529 1346 1559 omnium
1363 1530 1436 1559 enim
1447 1530 1591 1560 hominum
1605 1532 1665 1560 duae
1679 1539 1742 1561 sunt
1755 1543 1818 1572 par-

1071 1573 1121 1596 tes.
1137 1569 1190 1597 Aut
1201 1568 1273 1597 enim
1354 1576 1442 1599 atores
1455 1577 1528 1607 sunt,
1548 1578 1594 1600 aut
1602 1571 1681 1611 justi.
1697 1573 1820 1602 Peccato-

1071 1616 1124 1643 res,
1137 1608 1185 1647 qui
1202 1579 1352 1638 secunffi
1364 1610 1484 1639 carnales
1495 1611 1636 1640 ambulant
1649 1621 1742 1641 sensus
1754 1625 1761 1640 :
1773 1614 1820 1652 ju-

1070 1647 1117 1684 sti,
1128 1647 1176 1687 qui
1185 1647 1334 1677 secundum
1349 1649 1513 1688 spirituales,
1528 1650 1601 1690 Ergo
1611 1657 1637 1680 et
1645 1661 1724 1683 omne
1736 1661 1820 1690 genus

1070 1694 1243 1727 peccatorum
1257 1687 1285 1717 in
1298 1688 1418 1728 quinque
1436 1689 1584 1727 dividitur,
1599 1697 1626 1719 et
1646 1701 1723 1719 omne
1737 1701 1820 1731 genus

1067 1729 1203 1768 justorum
1219 1727 1246 1756 in
1261 1728 1395 1797 quingue,
1419 1729 1568 1759 secundum
1591 1740 1735 1759 numerum
1759 1741 1819 1760 sen-

1069 1778 1161 1805 suum,
1177 1777 1230 1797 non
1250 1777 1330 1797 secun
1353 1779 1399 1797 um
1418 1778 1563 1799 numerum
1585 1770 1737 1799 hominum.
1765 1772 1821 1801 Has

1070 1814 1160 1836 autem
1171 1807 1289 1846 virgines
1303 1807 1464 1838 dividendas
1474 1810 1577 1849 profert
1586 1809 1724 1846 Christus,
1737 1820 1818 1849 quan-

1059 1844 1106 1876 ‘do
1119 1847 1218 1887 etjusti
1229 1847 1263 1876 ab
1276 1847 1383 1893 injustis
1395 1855 1421 1878 et
1432 1848 1515 1878 sancti
1526 1860 1542 1877 a
1553 1849 1687 1888 perversis
1698 1860 1746 1889 per
1757 1860 1818 1879 ver-

1071 1887 1138 1916 bum
1151 1897 1232 1915 suum
1253 1886 1396 1917 div1dendi
1422 1895 1484 1917 sunt
1500 1900 1506 1917 ε
1523 1895 1553 1917 ut
1574 1889 1694 1928 quinque
1709 1889 1819 1928 quidem

1071 1933 1206 1967 ponantur
1219 1926 1254 1956 ad
1266 1926 1404 1957 dexteram
1423 1928 1491 1967 justi
1505 1927 1623 1966 Judicis,
1639 1929 1691 1958 hoc
1711 1936 1761 1964 est,
1775 1939 1818 1958 sa-

1070 1966 1174 2006 pientes
1190 1978 1196 1994 :
1213 1966 1333 2005 quinque
1355 1974 1444 1996 autem
1458 1967 1493 1997 ad
1506 1968 1652 2004 sinistram,
1668 1968 1696 1997 id
1717 1975 1767 2004 est,
1780 1969 1819 1997 fa-

1071 2013 1132 2035 tuae.
1160 2005 1315 2035 Secundum
1335 2014 1425 2036 autem
1449 2008 1608 2047 mysterium
1628 2015 1654 2037 et
1677 2010 1766 2037 Moses
1791 2009 1817 2037 in

279 2049 365 2083 timet,
380 2048 502 2077 homines
515 2057 567 2076 non
582 2046 724 2075 erubescit.
739 2047 795 2076 Nec
804 2045 875 2074 enim
889 2047 965 2086 pejor
973 2056 1021 2085 po-
1036 2051 1056 2075 1)
1071 2046 1177 2074 duabus
1190 2046 1290 2074 tabulis
1311 2046 1396 2085 legem
1411 2047 1530 2092 suscepit
1542 2047 1635 2076 decem
1649 2048 1795 2077 verborum
1810 2060 1816 2076 ε

279 2095 329 2117 test
357 2098 412 2116 esse
434 2087 514 2116 timor
538 2093 668 2122 terrenus,
692 2096 774 2124 quam
797 2095 875 2125 poena
899 2085 1019 2116 caelestis.

279 2128 387 2165 Quibus
414 2126 502 2156 simile
527 2125 599 2156 erit?
627 2126 733 2154 Decem
756 2125 929 2164 virginibus.
954 2124 1022 2162 Qui-

278 2167 342 2196 dam
392 2173 467 2195 utant
484 2166 530 2195 hic
552 2165 670 2205 virgines
690 2165 761 2201 dici,
780 2165 815 2194 de
835 2165 936 2204 quibus
958 2175 1022 2204 apo-

279 2208 363 2236 stolus
372 2178 511 2245 ¹ioquitur,
533 2207 571 2235 Ul
597 2206 655 2234 sint
678 2211 787 2234 sanctae
804 2211 832 2234 et
852 2214 969 2244 corpore
993 2212 1022 2234 et

278 2248 391 2286 spiritu.
409 2247 443 2276 Et
454 2246 560 2285 sapiens
573 2245 683 2283 quidem
697 2244 773 2283 virgo
783 2251 833 2278 est,
849 2255 908 2283 quae
922 2251 948 2274 et
961 2254 1021 2273 cor-

277 2297 342 2326 pore
359 2290 397 2315 et*
406 2286 496 2314 animo
514 2285 592 2323 virgo
606 2292 656 2322 est,
677 2292 705 2313 ut
718 2294 804 2323 neque
822 2284 919 2314 habeat
930 2283 1021 2313 virum

277 2336 363 2365 neque
378 2326 482 2355 habere
496 2325 639 2354 desideret.
654 2324 729 2362 Quid
742 2324 813 2353 enim
826 2324 849 2353 si
867 2331 914 2353 aut
923 2334 1022 2364 paren-

276 2373 315 2395 tes
338 2367 396 2406 ejus
416 2372 524 2406 propter
538 2371 632 2395 votum
651 2364 772 2393 suumin
793 2363 948 2403 virginitate
963 2374 1022 2392 eam

276 2412 430 2443 tenuerunt,
445 2416 507 2435 cum
517 2405 576 2445 ipsa
587 2411 674 2433 tamen
685 2411 746 2443 post
757 2410 851 2434 votum
862 2404 963 2432 nubere
975 2414 1021 2433 vo-

275 2445 379 2475 luerit?
401 2445 468 2484 quid
482 2445 505 2474 si
526 2455 575 2484 pro
590 2444 681 2483 aliqua
695 2444 832 2473 occasione
844 2443 955 2482 quaesita
970 2453 1022 2472 non

275 2492 313 2514 cst
326 2485 386 2514 talis
395 2485 409 2514 ἱ)
424 2487 487 2514 Haec
500 2485 523 2513 si
533 2495 586 2513 non
597 2491 636 2513 est
646 2491 728 2523 nupta
739 2506 746 2520 ,
757 2483 922 2513 voluntatem
934 2489 1022 2512 tamen

275 2524 395 2554 nubendi
409 2525 513 2560 habuit,
528 2534 641 2563 corpore
655 2523 764 2562 quidem
779 2522 857 2562 virgo
869 2530 919 2558 est,
932 2523 1022 2551 animo

274 2571 362 2593 autem
376 2571 460 2605 nupta
474 2576 481 2593 :
498 2563 560 2602 quia
575 2573 672 2603 corpus
686 2573 766 2603 opcrc
784 2562 948 2600 sordidatur,
964 2562 1022 2591 ani-

276 2615 337 2634 mus
352 2611 440 2634 autem
458 2604 604 2634 voluntate.
620 2603 751 2640 Quamvis
765 2602 926 2641 frequenter,
942 2613 1020 2632 occa-

1070 2086 1191 2124 quinque
1204 2085 1314 2123 quidem
1330 2086 1456 2114 mandata
1480 2096 1507 2114 in
1534 2087 1626 2115 tabula
1650 2097 1714 2123 una,
1735 2087 1816 2125 quin-

1071 2135 1123 2164 que
1147 2131 1237 2153 autem
1264 2124 1292 2153 in
1318 2125 1410 2154 tabula
1432 2125 1524 2155 altera.
1546 2125 1623 2155 Sicut
1640 2136 1705 2165 ergo
1719 2127 1818 2156 tabulae

1072 2164 1221 2194 testamenti
1235 2164 1311 2193 illius
1330 2164 1357 2193 in
1373 2175 1428 2193 uno
1441 2165 1554 2203 quidem
1567 2165 1715 2203 haerebant,
1731 2173 1818 2196 tamen

1071 2214 1124 2234 non
1147 2210 1250 2243 poterat
1277 2203 1338 2233 fieri
1357 2211 1385 2234 ut
1407 2205 1492 2233 ambae
1519 2205 1613 2234 fierent
1623 2205 1657 2234 ad
1681 2205 1820 2235 dexteram

1072 2244 1185 2284 legentis
1202 2256 1208 2272 :
1230 2243 1278 2273 sed
1300 2254 1404 2273 neccsse
1425 2251 1482 2273 erat
1502 2251 1533 2274 ut
1555 2255 1608 2274 una
1629 2245 1740 2284 quidem
1756 2256 1819 2276 cum

1072 2284 1193 2323 quinque
1216 2290 1284 2312 esset
1306 2283 1340 2312 ad
1361 2283 1520 2320 dexteram,
1544 2284 1627 2314 altera
1647 2292 1736 2314 autem
1757 2296 1820 2314 cum

1073 2323 1194 2363 quinque
1205 2323 1267 2352 aliis
1281 2330 1348 2352 esset
1361 2323 1394 2352 ad
1409 2324 1543 2353 sinistram
1561 2336 1568 2353 ε
1585 2325 1624 2353 sic
1637 2334 1728 2354 omnes
1741 2325 1819 2354 Chri-

1073 2363 1150 2393 stiani
1174 2363 1203 2392 in
1218 2373 1271 2392 una
1296 2369 1419 2393 tenentur
1437 2364 1586 2394 vocatione.
1602 2365 1663 2393 Non
1677 2371 1717 2393 est
1729 2371 1819 2393 autem

1072 2402 1213 2443 possibile,
1227 2409 1258 2431 ut
1284 2413 1376 2432 omnes
1393 2403 1429 2432 ad
1444 2403 1584 2432 dexteram
1601 2403 1667 2432 fiant
1680 2404 1796 2433 sedentis
1809 2416 1818 2433 ε

1073 2442 1121 2472 sed
1135 2453 1240 2472 neccsse
1249 2449 1299 2478 est,
1310 2449 1339 2471 ut
1349 2443 1418 2482 justi
1429 2442 1540 2481 quidem
1551 2443 1616 2472 fiant
1624 2442 1660 2471 ad
1668 2442 1817 2480 dexteram,

1074 2482 1103 2512 id
1117 2489 1165 2518 est,
1180 2482 1300 2521 quinque
1320 2482 1454 2522 sapientes
1469 2495 1476 2511 z
1491 2482 1585 2522 injusti
1600 2488 1690 2512 autem
1703 2483 1738 2512 ad
1751 2483 1818 2512 sini-

1073 2529 1166 2558 stram,
1186 2521 1216 2550 id
1229 2528 1280 2556 cst,
1295 2522 1461 2562 insipientes.
1491 2521 1610 2558 Quidam
1634 2529 1729 2562 putant
1751 2523 1820 2552 hanc

1072 2561 1229 2602 parabolam
1239 2561 1274 2590 ad
1286 2572 1378 2590 omnes
1392 2561 1534 2601 pertinere,
1546 2561 1618 2590 etad
1628 2562 1777 2599 haereticos,
1793 2569 1820 2591 et

1073 2601 1107 2630 ad
1121 2600 1241 2638 Judaeos,
1257 2608 1434 2641 praeterquam
1446 2601 1481 2630 ad
1493 2602 1605 2641 gentiles
1619 2614 1625 2630 ε
1639 2602 1766 2641 quoniam
1778 2602 1819 2631 illi

1888 2733 1893 2741 “
1887 2606 1904 2704 „ffhfflss'a‘b
1888 2507 1904 2601 ⁵5:145?ssae
1892 2470 1904 2483 ¹<-

1893 2724 1904 2734 *r

1881 2386 1904 2466 ›r-dt
1890 2281 1904 2376 ,man-m.
1901 2251 1904 2253 .
1902 2237 1904 2239 .

1888 2794 1904 2840 *gne
1889 2757 1904 2791 ,μμ
