<?xml version="1.0" encoding="UTF-8"?>
<!DOCTYPE html PUBLIC "-//W3C//DTD XHTML 1.0 Transitional//EN"
    "http://www.w3.org/TR/xhtml1/DTD/xhtml1-transitional.dtd">
<html xmlns="http://www.w3.org/1999/xhtml" xml:lang="en" lang="en">
 <head>
  <title>
</title>
<meta http-equiv="Content-Type" content="text/html;charset=utf-8" />
  <meta name='ocr-system' content='tesseract 3.04.00' />
  <meta name='ocr-capabilities' content='ocr_page ocr_carea ocr_par ocr_line ocrx_word'/>
</head>
<body>
  <div class='ocr_page' id='page_1' title='image "./operaomniaquaeex06johnuoft_0844.png"; bbox 0 0 1904 2840; ppageno 0'>
   <div class='ocr_carea' id='block_1_1' title="bbox 103 1427 210 1449">
    <p class='ocr_par' dir='ltr' id='par_1_1' title="bbox 103 1427 210 1449">
     <span class='ocr_line' id='line_1_1' title="bbox 103 1427 210 1449; baseline 0 -1"><span class='ocrx_word' id='word_1_1' title='bbox 103 1427 175 1449; x_wconf 79' lang='lat' dir='ltr'><strong>Eccli.</strong></span> <span class='ocrx_word' id='word_1_2' title='bbox 190 1432 198 1448; x_wconf 86' lang='lat'>1</span> <span class='ocrx_word' id='word_1_3' title='bbox 205 1442 210 1448; x_wconf 90' lang='lat'><strong>.</strong></span> 
     </span>
    </p>
   </div>
   <div class='ocr_carea' id='block_1_2' title="bbox 102 2174 211 2198">
    <p class='ocr_par' dir='ltr' id='par_1_2' title="bbox 102 2174 211 2198">
     <span class='ocr_line' id='line_1_2' title="bbox 102 2174 211 2198; baseline 0.028 -3"><span class='ocrx_word' id='word_1_4' title='bbox 102 2174 177 2198; x_wconf 80' lang='lat' dir='ltr'><strong>Eccli.</strong></span> <span class='ocrx_word' id='word_1_5' title='bbox 188 2175 211 2198; x_wconf 85' lang='lat'><strong>6.</strong></span> 
     </span>
    </p>
   </div>
   <div class='ocr_carea' id='block_1_3' title="bbox 95 2569 221 2597">
    <p class='ocr_par' dir='ltr' id='par_1_3' title="bbox 95 2569 221 2597">
     <span class='ocr_line' id='line_1_3' title="bbox 95 2569 221 2597; baseline -0.024 -5"><span class='ocrx_word' id='word_1_6' title='bbox 95 2569 166 2592; x_wconf 76' lang='lat' dir='ltr'><strong>Eccli.</strong></span> <span class='ocrx_word' id='word_1_7' title='bbox 186 2573 221 2597; x_wconf 81' lang='lat'><strong>¹9·</strong></span> 
     </span>
    </p>
   </div>
   <div class='ocr_carea' id='block_1_4' title="bbox 243 204 315 249">
    <p class='ocr_par' dir='ltr' id='par_1_4' title="bbox 243 204 315 249">
     <span class='ocr_line' id='line_1_4' title="bbox 243 204 315 249; baseline 0 -10"><span class='ocrx_word' id='word_1_8' title='bbox 243 204 315 249; x_wconf 78' lang='lat'><strong>824</strong></span> 
     </span>
    </p>
   </div>
   <div class='ocr_carea' id='block_1_5' title="bbox 834 209 1183 246">
    <p class='ocr_par' dir='ltr' id='par_1_5' title="bbox 834 209 1183 246">
     <span class='ocr_line' id='line_1_5' title="bbox 834 209 1183 246; baseline -0.006 -12"><span class='ocrx_word' id='word_1_9' title='bbox 834 210 921 246; x_wconf 26' lang='lat' dir='ltr'><strong>›OPUS</strong></span> <span class='ocrx_word' id='word_1_10' title='bbox 947 209 1183 233; x_wconf 71' lang='lat' dir='ltr'>IMPERFFCTUM</span> 
     </span>
    </p>
   </div>
   <div class='ocr_carea' id='block_1_6' title="bbox 243 266 1775 318">
    <p class='ocr_par' dir='ltr' id='par_1_6' title="bbox 243 266 1775 318">
     <span class='ocr_line' id='line_1_6' title="bbox 243 266 1775 318; baseline -0.007 -12"><span class='ocrx_word' id='word_1_11' title='bbox 243 288 292 318; x_wconf 86' lang='lat' dir='ltr'><strong>per</strong></span> <span class='ocrx_word' id='word_1_12' title='bbox 308 275 439 316; x_wconf 91' lang='lat' dir='ltr'><strong>Spiritum</strong></span> <span class='ocrx_word' id='word_1_13' title='bbox 458 281 580 304; x_wconf 86' lang='lat' dir='ltr'><strong>sanctum</strong></span> <span class='ocrx_word' id='word_1_14' title='bbox 597 273 689 310; x_wconf 88' lang='lat' dir='ltr'><strong>datur,</strong></span> <span class='ocrx_word' id='word_1_15' title='bbox 706 272 754 303; x_wconf 87' lang='lat' dir='ltr'><strong>sed</strong></span> <span class='ocrx_word' id='word_1_16' title='bbox 770 273 840 302; x_wconf 86' lang='lat' dir='ltr'><strong>hanc</strong></span> <span class='ocrx_word' id='word_1_17' title='bbox 860 282 920 312; x_wconf 86' lang='lat' dir='ltr'><strong>quae</strong></span> <span class='ocrx_word' id='word_1_18' title='bbox 941 278 982 317; x_wconf 80' lang='lat' dir='ltr'><strong>est</strong></span> <span class='ocrx_word' id='word_1_19' title='bbox 997 273 1017 296; x_wconf 80' lang='grc' dir='ltr'><strong>Α</strong></span> <span class='ocrx_word' id='word_1_20' title='bbox 1034 276 1114 315; x_wconf 80' lang='lat' dir='ltr'><strong>atque</strong></span> <span class='ocrx_word' id='word_1_21' title='bbox 1127 270 1213 309; x_wconf 79' lang='lat' dir='ltr'><strong>magis</strong></span> <span class='ocrx_word' id='word_1_22' title='bbox 1226 268 1348 299; x_wconf 84' lang='lat' dir='ltr'>clarescit</span> <span class='ocrx_word' id='word_1_23' title='bbox 1360 277 1435 298; x_wconf 85' lang='lat' dir='ltr'><strong>mens</strong></span> <span class='ocrx_word' id='word_1_24' title='bbox 1447 267 1545 309; x_wconf 81' lang='lat' dir='ltr'><strong>ipsius,</strong></span> <span class='ocrx_word' id='word_1_25' title='bbox 1558 273 1585 297; x_wconf 86' lang='lat' dir='ltr'><strong>et</strong></span> <span class='ocrx_word' id='word_1_26' title='bbox 1602 266 1638 296; x_wconf 84' lang='lat' dir='ltr'><strong>ad</strong></span> <span class='ocrx_word' id='word_1_27' title='bbox 1653 266 1775 297; x_wconf 75' lang='lat' dir='ltr'><strong>notitiam</strong></span> 
     </span>
    </p>
   </div>
   <div class='ocr_carea' id='block_1_7' title="bbox 241 313 988 895">
    <p class='ocr_par' dir='ltr' id='par_1_7' title="bbox 241 313 988 895">
     <span class='ocr_line' id='line_1_7' title="bbox 244 313 982 354; baseline -0.007 -9"><span class='ocrx_word' id='word_1_28' title='bbox 244 327 277 346; x_wconf 85' lang='lat' dir='ltr'><strong>ex</strong></span> <span class='ocrx_word' id='word_1_29' title='bbox 291 322 384 345; x_wconf 86' lang='lat' dir='ltr'><strong>natura</strong></span> <span class='ocrx_word' id='word_1_30' title='bbox 403 314 515 350; x_wconf 88' lang='lat' dir='ltr'><strong>carnali,</strong></span> <span class='ocrx_word' id='word_1_31' title='bbox 530 324 589 353; x_wconf 82' lang='lat' dir='ltr'><strong>quae</strong></span> <span class='ocrx_word' id='word_1_32' title='bbox 601 324 651 354; x_wconf 85' lang='lat' dir='ltr'><strong>per</strong></span> <span class='ocrx_word' id='word_1_33' title='bbox 662 313 879 343; x_wconf 77' lang='lat' dir='ltr'>exercitationem</span> <span class='ocrx_word' id='word_1_34' title='bbox 892 321 982 341; x_wconf 81' lang='lat' dir='ltr'><strong>carnis</strong></span> 
     </span>
     <span class='ocr_line' id='line_1_8' title="bbox 244 351 982 394; baseline -0.007 -10"><span class='ocrx_word' id='word_1_35' title='bbox 244 355 401 394; x_wconf 79' lang='lat' dir='ltr'><strong>acquIritur,</strong></span> <span class='ocrx_word' id='word_1_36' title='bbox 412 364 493 392; x_wconf 87' lang='lat' dir='ltr'><strong>quam</strong></span> <span class='ocrx_word' id='word_1_37' title='bbox 513 353 667 382; x_wconf 87' lang='lat' dir='ltr'><strong>habuerunt</strong></span> <span class='ocrx_word' id='word_1_38' title='bbox 684 353 764 382; x_wconf 88' lang='lat' dir='ltr'><strong>etiam</strong></span> <span class='ocrx_word' id='word_1_39' title='bbox 787 358 814 381; x_wconf 87' lang='lat' dir='ltr'><strong>et</strong></span> <span class='ocrx_word' id='word_1_40' title='bbox 839 351 982 392; x_wconf 85' lang='lat' dir='ltr'><strong>gentilium</strong></span> 
     </span>
     <span class='ocr_line' id='line_1_9' title="bbox 244 390 982 424; baseline -0.007 -1"><span class='ocrx_word' id='word_1_41' title='bbox 244 394 368 424; x_wconf 87' lang='lat' dir='ltr'><strong>studiosi.</strong></span> <span class='ocrx_word' id='word_1_42' title='bbox 383 393 472 423; x_wconf 89' lang='lat' dir='ltr'><strong>Multa</strong></span> <span class='ocrx_word' id='word_1_43' title='bbox 483 393 554 422; x_wconf 89' lang='lat' dir='ltr'><strong>enim</strong></span> <span class='ocrx_word' id='word_1_44' title='bbox 567 392 718 422; x_wconf 78' lang='lat' dir='ltr'>differentia</span> <span class='ocrx_word' id='word_1_45' title='bbox 730 398 769 421; x_wconf 86' lang='lat' dir='ltr'><strong>est</strong></span> <span class='ocrx_word' id='word_1_46' title='bbox 778 391 847 421; x_wconf 88' lang='lat' dir='ltr'><strong>inter</strong></span> <span class='ocrx_word' id='word_1_47' title='bbox 859 390 982 420; x_wconf 83' lang='lat' dir='ltr'><strong>scientias</strong></span> 
     </span>
     <span class='ocr_line' id='line_1_10' title="bbox 244 429 985 470; baseline -0.007 -7"><span class='ocrx_word' id='word_1_48' title='bbox 244 434 317 463; x_wconf 85' lang='lat' dir='ltr'><strong>istas.</strong></span> <span class='ocrx_word' id='word_1_49' title='bbox 332 433 387 470; x_wconf 90' lang='lat' dir='ltr'><strong>Qui</strong></span> <span class='ocrx_word' id='word_1_50' title='bbox 400 433 471 462; x_wconf 91' lang='lat' dir='ltr'><strong>enim</strong></span> <span class='ocrx_word' id='word_1_51' title='bbox 482 432 648 462; x_wconf 88' lang='lat' dir='ltr'><strong>orationibus</strong></span> <span class='ocrx_word' id='word_1_52' title='bbox 661 441 713 461; x_wconf 92' lang='lat' dir='ltr'><strong>non</strong></span> <span class='ocrx_word' id='word_1_53' title='bbox 728 431 818 468; x_wconf 81' lang='lat' dir='ltr'><strong>instat,</strong></span> <span class='ocrx_word' id='word_1_54' title='bbox 832 441 881 460; x_wconf 92' lang='lat' dir='ltr'><strong>nec</strong></span> <span class='ocrx_word' id='word_1_55' title='bbox 895 429 985 469; x_wconf 85' lang='lat' dir='ltr'><strong>operi-</strong></span> 
     </span>
     <span class='ocr_line' id='line_1_11' title="bbox 244 468 985 512; baseline -0.007 -10"><span class='ocrx_word' id='word_1_56' title='bbox 244 474 297 503; x_wconf 86' lang='lat' dir='ltr'><strong>bus</strong></span> <span class='ocrx_word' id='word_1_57' title='bbox 309 472 398 510; x_wconf 63' lang='lat' dir='ltr'><strong>bonss,</strong></span> <span class='ocrx_word' id='word_1_58' title='bbox 413 471 461 501; x_wconf 90' lang='lat' dir='ltr'><strong>sed</strong></span> <span class='ocrx_word' id='word_1_59' title='bbox 474 483 522 512; x_wconf 85' lang='lat' dir='ltr'><strong>per</strong></span> <span class='ocrx_word' id='word_1_60' title='bbox 546 471 634 501; x_wconf 88' lang='lat' dir='ltr'><strong>solum</strong></span> <span class='ocrx_word' id='word_1_61' title='bbox 654 470 774 501; x_wconf 88' lang='lat' dir='ltr'><strong>studium</strong></span> <span class='ocrx_word' id='word_1_62' title='bbox 787 470 932 500; x_wconf 86' lang='lat' dir='ltr'><strong>lectionum</strong></span> <span class='ocrx_word' id='word_1_63' title='bbox 944 468 985 512; x_wconf 46' lang='lat' dir='ltr'><strong>fa·-</strong></span> 
     </span>
     <span class='ocr_line' id='line_1_12' title="bbox 246 507 984 553; baseline -0.008 -11"><span class='ocrx_word' id='word_1_64' title='bbox 246 520 304 542; x_wconf 88' lang='lat' dir='ltr'><strong>ctus</strong></span> <span class='ocrx_word' id='word_1_65' title='bbox 316 519 355 541; x_wconf 91' lang='lat' dir='ltr'><strong>est</strong></span> <span class='ocrx_word' id='word_1_66' title='bbox 378 511 480 547; x_wconf 88' lang='lat' dir='ltr'><strong>sciens,</strong></span> <span class='ocrx_word' id='word_1_67' title='bbox 495 511 602 550; x_wconf 87' lang='lat' dir='ltr'><strong>quando</strong></span> <span class='ocrx_word' id='word_1_68' title='bbox 625 511 686 540; x_wconf 87' lang='lat' dir='ltr'><strong>aliis</strong></span> <span class='ocrx_word' id='word_1_69' title='bbox 709 509 851 550; x_wconf 80' lang='lat' dir='ltr'><strong>praedicat,</strong></span> <span class='ocrx_word' id='word_1_70' title='bbox 863 509 924 553; x_wconf 46' lang='lat' dir='ltr'><strong>ipse.</strong></span> <span class='ocrx_word' id='word_1_71' title='bbox 933 507 984 537; x_wconf 80' lang='lat' dir='ltr'><strong>sib1</strong></span> 
     </span>
     <span class='ocr_line' id='line_1_13' title="bbox 246 549 983 592; baseline -0.007 -11"><span class='ocrx_word' id='word_1_72' title='bbox 246 562 299 582; x_wconf 91' lang='lat' dir='ltr'><strong>non</strong></span> <span class='ocrx_word' id='word_1_73' title='bbox 310 551 390 581; x_wconf 79' lang='lat' dir='ltr'><strong>sentit</strong></span> <span class='ocrx_word' id='word_1_74' title='bbox 402 551 475 590; x_wconf 89' lang='lat' dir='ltr'><strong>quod</strong></span> <span class='ocrx_word' id='word_1_75' title='bbox 488 550 624 591; x_wconf 86' lang='lat' dir='ltr'><strong>praedicat.</strong></span> <span class='ocrx_word' id='word_1_76' title='bbox 641 550 670 580; x_wconf 94' lang='lat' dir='ltr'><strong>Si</strong></span> <span class='ocrx_word' id='word_1_77' title='bbox 686 550 720 579; x_wconf 89' lang='lat' dir='ltr'><strong>de</strong></span> <span class='ocrx_word' id='word_1_78' title='bbox 733 550 773 579; x_wconf 91' lang='lat' dir='ltr'><strong>ira</strong></span> <span class='ocrx_word' id='word_1_79' title='bbox 786 549 837 579; x_wconf 89' lang='lat' dir='ltr'><strong>Dei</strong></span> <span class='ocrx_word' id='word_1_80' title='bbox 851 549 983 592; x_wconf 71' lang='lat' dir='ltr'><strong>loquitur,</strong></span> 
     </span>
     <span class='ocr_line' id='line_1_14' title="bbox 247 586 985 630; baseline -0.007 -10"><span class='ocrx_word' id='word_1_81' title='bbox 247 591 314 620; x_wconf 91' lang='lat' dir='ltr'><strong>alios</strong></span> <span class='ocrx_word' id='word_1_82' title='bbox 326 591 435 620; x_wconf 77' lang='lat' dir='ltr'>forsitan</span> <span class='ocrx_word' id='word_1_83' title='bbox 453 597 552 626; x_wconf 85' lang='lat' dir='ltr'><strong>terret,</strong></span> <span class='ocrx_word' id='word_1_84' title='bbox 564 590 621 630; x_wconf 90' lang='lat' dir='ltr'><strong>ipse</strong></span> <span class='ocrx_word' id='word_1_85' title='bbox 634 597 722 619; x_wconf 82' lang='lat' dir='ltr'><strong>autem</strong></span> <span class='ocrx_word' id='word_1_86' title='bbox 735 599 787 618; x_wconf 91' lang='lat' dir='ltr'><strong>non</strong></span> <span class='ocrx_word' id='word_1_87' title='bbox 808 588 884 618; x_wconf 84' lang='lat' dir='ltr'><strong>timet</strong></span> <span class='ocrx_word' id='word_1_88' title='bbox 896 600 903 617; x_wconf 86' lang='lat'>:</span> <span class='ocrx_word' id='word_1_89' title='bbox 917 586 985 616; x_wconf 84' lang='lat' dir='ltr'><strong>s1de</strong></span> 
     </span>
     <span class='ocr_line' id='line_1_15' title="bbox 248 627 983 669; baseline -0.007 -9"><span class='ocrx_word' id='word_1_90' title='bbox 248 630 446 666; x_wconf 86' lang='lat' dir='ltr'><strong>misericordia,</strong></span> <span class='ocrx_word' id='word_1_91' title='bbox 459 630 527 659; x_wconf 92' lang='lat' dir='ltr'><strong>alios</strong></span> <span class='ocrx_word' id='word_1_92' title='bbox 548 629 658 669; x_wconf 91' lang='lat' dir='ltr'><strong>quidem</strong></span> <span class='ocrx_word' id='word_1_93' title='bbox 681 628 796 658; x_wconf 77' lang='lat' dir='ltr'><strong>forsitan</strong></span> <span class='ocrx_word' id='word_1_94' title='bbox 819 627 983 662; x_wconf 86' lang='lat' dir='ltr'><strong>consolatur,</strong></span> 
     </span>
     <span class='ocr_line' id='line_1_16' title="bbox 248 667 986 710; baseline -0.008 -10"><span class='ocrx_word' id='word_1_95' title='bbox 248 671 304 710; x_wconf 88' lang='lat' dir='ltr'><strong>ipse</strong></span> <span class='ocrx_word' id='word_1_96' title='bbox 315 677 404 699; x_wconf 86' lang='lat' dir='ltr'><strong>autem</strong></span> <span class='ocrx_word' id='word_1_97' title='bbox 416 680 470 699; x_wconf 90' lang='lat' dir='ltr'><strong>non</strong></span> <span class='ocrx_word' id='word_1_98' title='bbox 480 668 578 709; x_wconf 86' lang='lat' dir='ltr'><strong>gaudet</strong></span> <span class='ocrx_word' id='word_1_99' title='bbox 593 682 599 698; x_wconf 69' lang='grc' dir='ltr'>ε</span> <span class='ocrx_word' id='word_1_100' title='bbox 617 669 684 698; x_wconf 92' lang='lat' dir='ltr'><strong>alios</strong></span> <span class='ocrx_word' id='word_1_101' title='bbox 693 668 818 697; x_wconf 83' lang='lat' dir='ltr'><strong>admonet</strong></span> <span class='ocrx_word' id='word_1_102' title='bbox 828 667 953 710; x_wconf 38' lang='lat' dir='ltr'><strong>credere,</strong></span> <span class='ocrx_word' id='word_1_103' title='bbox 960 671 986 694; x_wconf 90' lang='lat' dir='ltr'><strong>et</strong></span> 
     </span>
     <span class='ocr_line' id='line_1_17' title="bbox 249 706 986 748; baseline -0.005 -10"><span class='ocrx_word' id='word_1_104' title='bbox 249 710 255 738; x_wconf 88' lang='lat' dir='ltr'><strong>i</strong></span> <span class='ocrx_word' id='word_1_105' title='bbox 278 721 305 739; x_wconf 88' lang='lat' dir='ltr'><strong>se</strong></span> <span class='ocrx_word' id='word_1_106' title='bbox 325 720 377 740; x_wconf 92' lang='lat' dir='ltr'><strong>non</strong></span> <span class='ocrx_word' id='word_1_107' title='bbox 400 709 486 738; x_wconf 88' lang='lat' dir='ltr'><strong>credit</strong></span> <span class='ocrx_word' id='word_1_108' title='bbox 507 709 546 738; x_wconf 92' lang='lat' dir='ltr'><strong>eis</strong></span> <span class='ocrx_word' id='word_1_109' title='bbox 559 719 618 748; x_wconf 87' lang='lat' dir='ltr'><strong>quae</strong></span> <span class='ocrx_word' id='word_1_110' title='bbox 628 708 704 738; x_wconf 89' lang='lat' dir='ltr'><strong>dicit.</strong></span> <span class='ocrx_word' id='word_1_111' title='bbox 721 707 775 738; x_wconf 86' lang='lat' dir='ltr'><strong>Sed</strong></span> <span class='ocrx_word' id='word_1_112' title='bbox 788 706 896 746; x_wconf 90' lang='lat' dir='ltr'><strong>quando</strong></span> <span class='ocrx_word' id='word_1_113' title='bbox 918 706 986 734; x_wconf 84' lang='lat' dir='ltr'><strong>ahos</strong></span> 
     </span>
     <span class='ocr_line' id='line_1_18' title="bbox 241 721 986 790; baseline -0.007 -11"><span class='ocrx_word' id='word_1_114' title='bbox 241 721 335 786; x_wconf 69' lang='lat' dir='ltr'><strong>dbcet,</strong></span> <span class='ocrx_word' id='word_1_115' title='bbox 350 749 384 778; x_wconf 89' lang='lat' dir='ltr'><strong>ab</strong></span> <span class='ocrx_word' id='word_1_116' title='bbox 398 748 470 778; x_wconf 86' lang='lat' dir='ltr'><strong>intus</strong></span> <span class='ocrx_word' id='word_1_117' title='bbox 486 748 646 778; x_wconf 85' lang='lat' dir='ltr'><strong>conscientia</strong></span> <span class='ocrx_word' id='word_1_118' title='bbox 657 749 716 788; x_wconf 85' lang='lat' dir='ltr'><strong>ejus</strong></span> <span class='ocrx_word' id='word_1_119' title='bbox 727 746 797 776; x_wconf 89' lang='lat' dir='ltr'><strong>ridet</strong></span> <span class='ocrx_word' id='word_1_120' title='bbox 807 746 859 775; x_wconf 89' lang='lat' dir='ltr'><strong>sibi</strong></span> <span class='ocrx_word' id='word_1_121' title='bbox 873 745 908 790; x_wconf 78' lang='lat' dir='ltr'><strong>de</strong></span> <span class='ocrx_word' id='word_1_122' title='bbox 920 755 986 790; x_wconf 56' lang='lat' dir='ltr'><strong>rer-</strong></span> 
     </span>
     <span class='ocr_line' id='line_1_19' title="bbox 248 785 988 827; baseline -0.008 -9"><span class='ocrx_word' id='word_1_123' title='bbox 248 789 290 818; x_wconf 86' lang='lat' dir='ltr'><strong>bis</strong></span> <span class='ocrx_word' id='word_1_124' title='bbox 307 789 362 818; x_wconf 90' lang='lat' dir='ltr'><strong>suis</strong></span> <span class='ocrx_word' id='word_1_125' title='bbox 379 788 463 827; x_wconf 84' lang='lat' dir='ltr'><strong>:quia</strong></span> <span class='ocrx_word' id='word_1_126' title='bbox 475 788 595 824; x_wconf 88' lang='lat' dir='ltr'><strong>scientia,</strong></span> <span class='ocrx_word' id='word_1_127' title='bbox 606 798 665 827; x_wconf 75' lang='lat' dir='ltr'><strong>quae</strong></span> <span class='ocrx_word' id='word_1_128' title='bbox 685 797 720 816; x_wconf 86' lang='lat' dir='ltr'><strong>ex</strong></span> <span class='ocrx_word' id='word_1_129' title='bbox 742 786 808 816; x_wconf 91' lang='lat' dir='ltr'><strong>solis</strong></span> <span class='ocrx_word' id='word_1_130' title='bbox 830 785 988 814; x_wconf 79' lang='lat' dir='ltr'><strong>lecuombus</strong></span> 
     </span>
     <span class='ocr_line' id='line_1_20' title="bbox 249 825 988 895; baseline -0.007 -38"><span class='ocrx_word' id='word_1_131' title='bbox 249 835 296 864; x_wconf 83' lang='lat' dir='ltr'><strong>est,</strong></span> <span class='ocrx_word' id='word_1_132' title='bbox 308 839 342 857; x_wconf 87' lang='lat' dir='ltr'><strong>ex</strong></span> <span class='ocrx_word' id='word_1_133' title='bbox 360 838 406 857; x_wconf 89' lang='lat' dir='ltr'><strong>ore</strong></span> <span class='ocrx_word' id='word_1_134' title='bbox 424 826 546 867; x_wconf 85' lang='lat' dir='ltr'><strong>procedit</strong></span> <span class='ocrx_word' id='word_1_135' title='bbox 561 839 569 856; x_wconf 73' lang='lat' dir='ltr'><strong><em>z</em></strong></span> <span class='ocrx_word' id='word_1_136' title='bbox 581 837 640 895; x_wconf 44' lang='lat' dir='ltr'>1³11ae</span> <span class='ocrx_word' id='word_1_137' title='bbox 653 832 743 856; x_wconf 88' lang='lat' dir='ltr'><strong>autem</strong></span> <span class='ocrx_word' id='word_1_138' title='bbox 753 825 787 855; x_wconf 87' lang='lat' dir='ltr'><strong>de</strong></span> <span class='ocrx_word' id='word_1_139' title='bbox 807 825 913 865; x_wconf 90' lang='lat' dir='ltr'><strong>Spiritu</strong></span> <span class='ocrx_word' id='word_1_140' title='bbox 927 833 988 853; x_wconf 91' lang='lat' dir='ltr'><strong>san-</strong></span> 
     </span>
    </p>
   </div>
   <div class='ocr_carea' id='block_1_8' title="bbox 1035 307 1780 867">
    <p class='ocr_par' dir='ltr' id='par_1_8' title="bbox 1035 307 1780 867">
     <span class='ocr_line' id='line_1_21' title="bbox 1035 307 1775 350; baseline -0.001 -12"><span class='ocrx_word' id='word_1_141' title='bbox 1035 310 1170 350; x_wconf 78' lang='lat' dir='ltr'><strong>sapientiae</strong></span> <span class='ocrx_word' id='word_1_142' title='bbox 1194 309 1304 349; x_wconf 88' lang='lat' dir='ltr'><strong>majoris</strong></span> <span class='ocrx_word' id='word_1_143' title='bbox 1326 307 1445 338; x_wconf 84' lang='lat' dir='ltr'><strong>aseendit</strong></span> <span class='ocrx_word' id='word_1_144' title='bbox 1453 329 1464 344; x_wconf 93' lang='lat'><strong>,</strong></span> <span class='ocrx_word' id='word_1_145' title='bbox 1485 314 1512 337; x_wconf 90' lang='lat' dir='ltr'><strong>et</strong></span> <span class='ocrx_word' id='word_1_146' title='bbox 1539 307 1598 348; x_wconf 87' lang='lat' dir='ltr'><strong>ipsa</strong></span> <span class='ocrx_word' id='word_1_147' title='bbox 1622 318 1650 338; x_wconf 89' lang='lat' dir='ltr'><strong>se</strong></span> <span class='ocrx_word' id='word_1_148' title='bbox 1670 307 1775 347; x_wconf 84' lang='lat' dir='ltr'><strong>justitia</strong></span> 
     </span>
     <span class='ocr_line' id='line_1_22' title="bbox 1035 347 1774 388; baseline 0.003 -12"><span class='ocrx_word' id='word_1_149' title='bbox 1035 349 1112 387; x_wconf 89' lang='lat' dir='ltr'><strong>quasi</strong></span> <span class='ocrx_word' id='word_1_150' title='bbox 1134 349 1273 388; x_wconf 90' lang='lat' dir='ltr'><strong>speculum</strong></span> <span class='ocrx_word' id='word_1_151' title='bbox 1286 348 1364 377; x_wconf 84' lang='lat' dir='ltr'><strong>offert</strong></span> <span class='ocrx_word' id='word_1_152' title='bbox 1379 354 1439 377; x_wconf 89' lang='lat' dir='ltr'><strong>ante</strong></span> <span class='ocrx_word' id='word_1_153' title='bbox 1461 347 1554 377; x_wconf 86' lang='lat' dir='ltr'><strong>oculos</strong></span> <span class='ocrx_word' id='word_1_154' title='bbox 1572 347 1662 377; x_wconf 88' lang='lat' dir='ltr'><strong>cordis</strong></span> <span class='ocrx_word' id='word_1_155' title='bbox 1677 347 1774 387; x_wconf 84' lang='lat' dir='ltr'><strong>ipsius.</strong></span> 
     </span>
     <span class='ocr_line' id='line_1_23' title="bbox 1036 385 1776 428; baseline -0.003 -10"><span class='ocrx_word' id='word_1_156' title='bbox 1036 388 1140 418; x_wconf 84' lang='lat' dir='ltr'><strong>Deinde</strong></span> <span class='ocrx_word' id='word_1_157' title='bbox 1151 388 1174 417; x_wconf 91' lang='lat' dir='ltr'><strong>si</strong></span> <span class='ocrx_word' id='word_1_158' title='bbox 1192 399 1272 428; x_wconf 87' lang='lat' dir='ltr'><strong>opera</strong></span> <span class='ocrx_word' id='word_1_159' title='bbox 1287 387 1399 427; x_wconf 78' lang='lat' dir='ltr'><strong>justitiae</strong></span> <span class='ocrx_word' id='word_1_160' title='bbox 1412 397 1464 416; x_wconf 91' lang='lat' dir='ltr'><strong>non</strong></span> <span class='ocrx_word' id='word_1_161' title='bbox 1476 386 1553 421; x_wconf 75' lang='lat' dir='ltr'><strong>facis,</strong></span> <span class='ocrx_word' id='word_1_162' title='bbox 1573 385 1604 416; x_wconf 92' lang='lat' dir='ltr'><strong>id</strong></span> <span class='ocrx_word' id='word_1_163' title='bbox 1622 394 1672 424; x_wconf 86' lang='lat' dir='ltr'><strong>est,</strong></span> <span class='ocrx_word' id='word_1_164' title='bbox 1685 387 1776 416; x_wconf 60' lang='lat' dir='ltr'><strong>si‘non</strong></span> 
     </span>
     <span class='ocr_line' id='line_1_24' title="bbox 1037 426 1775 467; baseline 0 -11"><span class='ocrx_word' id='word_1_165' title='bbox 1037 428 1138 467; x_wconf 87' lang='lat' dir='ltr'><strong>pulsas,</strong></span> <span class='ocrx_word' id='word_1_166' title='bbox 1154 438 1203 457; x_wconf 91' lang='lat' dir='ltr'><strong>nec</strong></span> <span class='ocrx_word' id='word_1_167' title='bbox 1214 438 1291 456; x_wconf 88' lang='lat' dir='ltr'><strong>orare</strong></span> <span class='ocrx_word' id='word_1_168' title='bbox 1303 437 1338 456; x_wconf 87' lang='lat' dir='ltr'><strong>ex</strong></span> <span class='ocrx_word' id='word_1_169' title='bbox 1356 426 1410 456; x_wconf 80' lang='lat' dir='ltr'><strong>fide</strong></span> <span class='ocrx_word' id='word_1_170' title='bbox 1426 433 1509 467; x_wconf 86' lang='lat' dir='ltr'><strong>potes.</strong></span> <span class='ocrx_word' id='word_1_171' title='bbox 1522 427 1592 456; x_wconf 83' lang='lat' dir='ltr'><strong>Nam</strong></span> <span class='ocrx_word' id='word_1_172' title='bbox 1609 427 1696 457; x_wconf 84' lang='lat' dir='ltr'><strong>virtus</strong></span> <span class='ocrx_word' id='word_1_173' title='bbox 1711 437 1775 456; x_wconf 87' lang='lat' dir='ltr'><strong>ora-</strong></span> 
     </span>
     <span class='ocr_line' id='line_1_25' title="bbox 1036 466 1776 507; baseline 0 -11"><span class='ocrx_word' id='word_1_174' title='bbox 1036 467 1116 496; x_wconf 84' lang='lat' dir='ltr'><strong>tionis</strong></span> <span class='ocrx_word' id='word_1_175' title='bbox 1129 474 1168 496; x_wconf 86' lang='lat' dir='ltr'><strong>est</strong></span> <span class='ocrx_word' id='word_1_176' title='bbox 1181 478 1251 507; x_wconf 87' lang='lat' dir='ltr'><strong>opus</strong></span> <span class='ocrx_word' id='word_1_177' title='bbox 1265 466 1388 506; x_wconf 65' lang='lat' dir='ltr'><strong>justitias.</strong></span> <span class='ocrx_word' id='word_1_178' title='bbox 1404 466 1498 497; x_wconf 85' lang='lat' dir='ltr'><strong>Oratio</strong></span> <span class='ocrx_word' id='word_1_179' title='bbox 1518 472 1606 496; x_wconf 84' lang='lat' dir='ltr'><strong>autem</strong></span> <span class='ocrx_word' id='word_1_180' title='bbox 1619 467 1696 505; x_wconf 85' lang='lat' dir='ltr'><strong>quasi</strong></span> <span class='ocrx_word' id='word_1_181' title='bbox 1709 467 1776 496; x_wconf 92' lang='lat' dir='ltr'><strong>odor</strong></span> 
     </span>
     <span class='ocr_line' id='line_1_26' title="bbox 1036 506 1775 550; baseline 0.003 -15"><span class='ocrx_word' id='word_1_182' title='bbox 1036 507 1174 537; x_wconf 86' lang='lat' dir='ltr'><strong>suavitatis</strong></span> <span class='ocrx_word' id='word_1_183' title='bbox 1187 514 1226 536; x_wconf 90' lang='lat' dir='ltr'><strong>est</strong></span> <span class='ocrx_word' id='word_1_184' title='bbox 1239 506 1327 546; x_wconf 88' lang='lat' dir='ltr'><strong>operis</strong></span> <span class='ocrx_word' id='word_1_185' title='bbox 1347 506 1423 535; x_wconf 86' lang='lat' dir='ltr'><strong>boni.</strong></span> <span class='ocrx_word' id='word_1_186' title='bbox 1439 506 1515 536; x_wconf 90' lang='lat' dir='ltr'><strong>Sicut</strong></span> <span class='ocrx_word' id='word_1_187' title='bbox 1535 515 1598 550; x_wconf 71' lang='lat' dir='ltr'><strong>ergo</strong></span> <span class='ocrx_word' id='word_1_188' title='bbox 1621 507 1664 536; x_wconf 64' lang='lat' dir='ltr'><strong>res</strong></span> <span class='ocrx_word' id='word_1_189' title='bbox 1682 507 1775 546; x_wconf 87' lang='lat' dir='ltr'><strong>aliqua</strong></span> 
     </span>
     <span class='ocr_line' id='line_1_27' title="bbox 1036 545 1776 586; baseline 0.004 -12"><span class='ocrx_word' id='word_1_190' title='bbox 1036 545 1093 575; x_wconf 85' lang='lat' dir='ltr'><strong>sine</strong></span> <span class='ocrx_word' id='word_1_191' title='bbox 1104 546 1184 575; x_wconf 87' lang='lat' dir='ltr'><strong>odore</strong></span> <span class='ocrx_word' id='word_1_192' title='bbox 1198 552 1284 586; x_wconf 88' lang='lat' dir='ltr'><strong>potest</strong></span> <span class='ocrx_word' id='word_1_193' title='bbox 1302 555 1369 582; x_wconf 87' lang='lat' dir='ltr'><strong>esse,</strong></span> <span class='ocrx_word' id='word_1_194' title='bbox 1382 545 1450 575; x_wconf 91' lang='lat' dir='ltr'><strong>odor</strong></span> <span class='ocrx_word' id='word_1_195' title='bbox 1459 553 1548 576; x_wconf 85' lang='lat' dir='ltr'><strong>autem</strong></span> <span class='ocrx_word' id='word_1_196' title='bbox 1560 555 1618 574; x_wconf 78' lang='lat' dir='ltr'><strong>sine</strong></span> <span class='ocrx_word' id='word_1_197' title='bbox 1637 556 1667 576; x_wconf 87' lang='lat' dir='ltr'><strong>re</strong></span> <span class='ocrx_word' id='word_1_198' title='bbox 1685 547 1776 586; x_wconf 81' lang='lat' dir='ltr'><strong>aliqua</strong></span> 
     </span>
     <span class='ocr_line' id='line_1_28' title="bbox 1035 585 1775 626; baseline 0.005 -12"><span class='ocrx_word' id='word_1_199' title='bbox 1035 595 1092 615; x_wconf 87' lang='lat' dir='ltr'><strong>csse</strong></span> <span class='ocrx_word' id='word_1_200' title='bbox 1101 596 1153 615; x_wconf 90' lang='lat' dir='ltr'><strong>non</strong></span> <span class='ocrx_word' id='word_1_201' title='bbox 1167 593 1252 625; x_wconf 88' lang='lat' dir='ltr'><strong>potest</strong></span> <span class='ocrx_word' id='word_1_202' title='bbox 1264 597 1273 614; x_wconf 85' lang='lat'><strong>:</strong></span> <span class='ocrx_word' id='word_1_203' title='bbox 1280 586 1319 615; x_wconf 92' lang='lat' dir='ltr'><strong>sic</strong></span> <span class='ocrx_word' id='word_1_204' title='bbox 1331 596 1400 626; x_wconf 86' lang='lat' dir='ltr'><strong>opus</strong></span> <span class='ocrx_word' id='word_1_205' title='bbox 1411 585 1469 615; x_wconf 87' lang='lat' dir='ltr'><strong>sine</strong></span> <span class='ocrx_word' id='word_1_206' title='bbox 1481 586 1600 615; x_wconf 81' lang='lat' dir='ltr'><strong>oratione</strong></span> <span class='ocrx_word' id='word_1_207' title='bbox 1611 585 1717 626; x_wconf 86' lang='lat' dir='ltr'><strong>aliquid</strong></span> <span class='ocrx_word' id='word_1_208' title='bbox 1726 595 1775 626; x_wconf 85' lang='lat' dir='ltr'><strong>est,</strong></span> 
     </span>
     <span class='ocr_line' id='line_1_29' title="bbox 1036 625 1774 665; baseline 0.007 -12"><span class='ocrx_word' id='word_1_209' title='bbox 1036 625 1120 654; x_wconf 90' lang='lat' dir='ltr'><strong>oratio</strong></span> <span class='ocrx_word' id='word_1_210' title='bbox 1131 632 1219 654; x_wconf 86' lang='lat' dir='ltr'><strong>autem</strong></span> <span class='ocrx_word' id='word_1_211' title='bbox 1229 626 1287 654; x_wconf 88' lang='lat' dir='ltr'><strong>sine</strong></span> <span class='ocrx_word' id='word_1_212' title='bbox 1300 635 1380 665; x_wconf 90' lang='lat' dir='ltr'><strong>opere</strong></span> <span class='ocrx_word' id='word_1_213' title='bbox 1391 625 1462 654; x_wconf 85' lang='lat' dir='ltr'><strong>bono</strong></span> <span class='ocrx_word' id='word_1_214' title='bbox 1473 625 1542 654; x_wconf 83' lang='lat' dir='ltr'><strong>nihil</strong></span> <span class='ocrx_word' id='word_1_215' title='bbox 1555 631 1595 655; x_wconf 83' lang='lat' dir='ltr'><strong>est</strong></span> <span class='ocrx_word' id='word_1_216' title='bbox 1608 639 1616 655; x_wconf 89' lang='lat'><em>=</em></span> <span class='ocrx_word' id='word_1_217' title='bbox 1631 634 1658 657; x_wconf 88' lang='lat' dir='ltr'><strong>et</strong></span> <span class='ocrx_word' id='word_1_218' title='bbox 1667 626 1690 656; x_wconf 89' lang='lat' dir='ltr'><strong>si</strong></span> <span class='ocrx_word' id='word_1_219' title='bbox 1702 637 1774 665; x_wconf 90' lang='lat' dir='ltr'><strong>oras,</strong></span> 
     </span>
     <span class='ocr_line' id='line_1_30' title="bbox 1036 664 1776 705; baseline 0.005 -12"><span class='ocrx_word' id='word_1_220' title='bbox 1036 674 1090 693; x_wconf 90' lang='lat' dir='ltr'><strong>non</strong></span> <span class='ocrx_word' id='word_1_221' title='bbox 1103 675 1137 693; x_wconf 81' lang='lat' dir='ltr'><strong>ex</strong></span> <span class='ocrx_word' id='word_1_222' title='bbox 1161 664 1214 694; x_wconf 83' lang='lat' dir='ltr'><strong>lide</strong></span> <span class='ocrx_word' id='word_1_223' title='bbox 1226 675 1297 694; x_wconf 90' lang='lat' dir='ltr'><strong>oras.</strong></span> <span class='ocrx_word' id='word_1_224' title='bbox 1313 666 1382 694; x_wconf 87' lang='lat' dir='ltr'><strong>Nam</strong></span> <span class='ocrx_word' id='word_1_225' title='bbox 1394 665 1463 694; x_wconf 89' lang='lat' dir='ltr'><strong>sicut</strong></span> <span class='ocrx_word' id='word_1_226' title='bbox 1476 665 1584 695; x_wconf 84' lang='lat' dir='ltr'><strong>lucerna</strong></span> <span class='ocrx_word' id='word_1_227' title='bbox 1597 675 1651 696; x_wconf 91' lang='lat' dir='ltr'><strong>non</strong></span> <span class='ocrx_word' id='word_1_228' title='bbox 1665 666 1776 705; x_wconf 87' lang='lat' dir='ltr'><strong>quidem</strong></span> 
     </span>
     <span class='ocr_line' id='line_1_31' title="bbox 1037 704 1777 745; baseline 0.004 -12"><span class='ocrx_word' id='word_1_229' title='bbox 1037 714 1071 733; x_wconf 81' lang='lat' dir='ltr'><strong>ex</strong></span> <span class='ocrx_word' id='word_1_230' title='bbox 1093 704 1151 734; x_wconf 89' lang='lat' dir='ltr'><strong>oleo</strong></span> <span class='ocrx_word' id='word_1_231' title='bbox 1163 704 1325 740; x_wconf 84' lang='lat' dir='ltr'><strong>accenditur,</strong></span> <span class='ocrx_word' id='word_1_232' title='bbox 1346 704 1393 734; x_wconf 86' lang='lat' dir='ltr'><strong>sed</strong></span> <span class='ocrx_word' id='word_1_233' title='bbox 1406 715 1455 745; x_wconf 88' lang='lat' dir='ltr'><strong>per</strong></span> <span class='ocrx_word' id='word_1_234' title='bbox 1476 704 1567 734; x_wconf 81' lang='lat' dir='ltr'><strong>oleum</strong></span> <span class='ocrx_word' id='word_1_235' title='bbox 1580 706 1720 735; x_wconf 85' lang='lat' dir='ltr'><strong>nutritur:</strong></span> <span class='ocrx_word' id='word_1_236' title='bbox 1738 707 1777 737; x_wconf 87' lang='lat' dir='ltr'><strong>sie</strong></span> 
     </span>
     <span class='ocr_line' id='line_1_32' title="bbox 1038 742 1777 787; baseline 0.005 -15"><span class='ocrx_word' id='word_1_237' title='bbox 1038 742 1104 773; x_wconf 85' lang='lat' dir='ltr'><strong>fides</strong></span> <span class='ocrx_word' id='word_1_238' title='bbox 1115 754 1167 772; x_wconf 91' lang='lat' dir='ltr'><strong>non</strong></span> <span class='ocrx_word' id='word_1_239' title='bbox 1181 743 1289 782; x_wconf 88' lang='lat' dir='ltr'><strong>quidem</strong></span> <span class='ocrx_word' id='word_1_240' title='bbox 1302 755 1336 773; x_wconf 86' lang='lat' dir='ltr'><strong>ex</strong></span> <span class='ocrx_word' id='word_1_241' title='bbox 1350 755 1430 784; x_wconf 88' lang='lat' dir='ltr'><strong>opere</strong></span> <span class='ocrx_word' id='word_1_242' title='bbox 1442 744 1569 781; x_wconf 83' lang='lat' dir='ltr'><strong>nascitur,</strong></span> <span class='ocrx_word' id='word_1_243' title='bbox 1580 744 1684 785; x_wconf 81' lang='lat' dir='ltr'><strong>sedper</strong></span> <span class='ocrx_word' id='word_1_244' title='bbox 1696 756 1777 787; x_wconf 85' lang='lat' dir='ltr'><strong>opera</strong></span> 
     </span>
     <span class='ocr_line' id='line_1_33' title="bbox 1038 783 1778 824; baseline 0.007 -13"><span class='ocrx_word' id='word_1_245' title='bbox 1038 783 1181 812; x_wconf 84' lang='lat' dir='ltr'><strong>enutritur.</strong></span> <span class='ocrx_word' id='word_1_246' title='bbox 1199 785 1252 812; x_wconf 79' lang='lat' dir='ltr'><strong>Aut</strong></span> <span class='ocrx_word' id='word_1_247' title='bbox 1271 783 1308 812; x_wconf 86' lang='lat' dir='ltr'><strong>ita</strong></span> <span class='ocrx_word' id='word_1_248' title='bbox 1325 796 1332 812; x_wconf 89' lang='lat'><strong>:</strong></span> <span class='ocrx_word' id='word_1_249' title='bbox 1346 794 1408 812; x_wconf 91' lang='lat' dir='ltr'><strong>cum</strong></span> <span class='ocrx_word' id='word_1_250' title='bbox 1428 794 1512 824; x_wconf 87' lang='lat' dir='ltr'><strong>supra</strong></span> <span class='ocrx_word' id='word_1_251' title='bbox 1525 784 1675 814; x_wconf 76' lang='lat' dir='ltr'><strong>mandasset</strong></span> <span class='ocrx_word' id='word_1_252' title='bbox 1687 787 1778 816; x_wconf 86' lang='lat' dir='ltr'><strong>omni-</strong></span> 
     </span>
     <span class='ocr_line' id='line_1_34' title="bbox 1037 822 1780 867; baseline 0.007 -16"><span class='ocrx_word' id='word_1_253' title='bbox 1037 822 1253 867; x_wconf 43' lang='lat' dir='ltr'><strong>bus‚.praecipue</strong></span> <span class='ocrx_word' id='word_1_254' title='bbox 1273 829 1361 851; x_wconf 87' lang='lat' dir='ltr'><strong>autem</strong></span> <span class='ocrx_word' id='word_1_255' title='bbox 1384 823 1539 853; x_wconf 85' lang='lat' dir='ltr'><strong>doctoribus</strong></span> <span class='ocrx_word' id='word_1_256' title='bbox 1551 846 1558 859; x_wconf 91' lang='lat'>‚</span> <span class='ocrx_word' id='word_1_257' title='bbox 1583 830 1614 853; x_wconf 89' lang='lat' dir='ltr'><strong>ut</strong></span> <span class='ocrx_word' id='word_1_258' title='bbox 1635 824 1780 865; x_wconf 86' lang='lat' dir='ltr'><strong>diligerent</strong></span> 
     </span>
    </p>
   </div>
   <div class='ocr_carea' id='block_1_9' title="bbox 237 862 1778 910">
    <p class='ocr_par' dir='ltr' id='par_1_9' title="bbox 237 862 1778 910">
     <span class='ocr_line' id='line_1_35' title="bbox 237 862 1778 910; baseline -0.001 -13"><span class='ocrx_word' id='word_1_259' title='bbox 237 875 291 897; x_wconf 88' lang='lat' dir='ltr'><strong>·cto</strong></span> <span class='ocrx_word' id='word_1_260' title='bbox 314 874 367 904; x_wconf 85' lang='lat' dir='ltr'><strong>est,</strong></span> <span class='ocrx_word' id='word_1_261' title='bbox 382 866 417 896; x_wconf 89' lang='lat' dir='ltr'><strong>de</strong></span> <span class='ocrx_word' id='word_1_262' title='bbox 436 866 516 896; x_wconf 84' lang='lat' dir='ltr'><strong>corde</strong></span> <span class='ocrx_word' id='word_1_263' title='bbox 536 877 585 906; x_wconf 89' lang='lat' dir='ltr'><strong>pro</strong></span> <span class='ocrx_word' id='word_1_264' title='bbox 597 873 688 903; x_wconf 87' lang='lat' dir='ltr'><strong>ertur,</strong></span> <span class='ocrx_word' id='word_1_265' title='bbox 705 872 731 895; x_wconf 90' lang='lat' dir='ltr'><strong>et</strong></span> <span class='ocrx_word' id='word_1_266' title='bbox 753 865 814 894; x_wconf 87' lang='lat' dir='ltr'><strong>ideo</strong></span> <span class='ocrx_word' id='word_1_267' title='bbox 840 862 988 909; x_wconf 75' lang='lat' dir='ltr'><strong>spiritualis</strong></span> <span class='ocrx_word' id='word_1_268' title='bbox 1003 869 1021 892; x_wconf 84' lang='lat' dir='ltr'>B</span> <span class='ocrx_word' id='word_1_269' title='bbox 1039 862 1162 891; x_wconf 75' lang='lat' dir='ltr'><strong>inimicos</strong></span> <span class='ocrx_word' id='word_1_270' title='bbox 1175 873 1249 898; x_wconf 87' lang='lat' dir='ltr'><strong>suos,</strong></span> <span class='ocrx_word' id='word_1_271' title='bbox 1264 869 1290 891; x_wconf 89' lang='lat' dir='ltr'><strong>et</strong></span> <span class='ocrx_word' id='word_1_272' title='bbox 1303 872 1355 891; x_wconf 90' lang='lat' dir='ltr'><strong>non</strong></span> <span class='ocrx_word' id='word_1_273' title='bbox 1369 862 1520 902; x_wconf 83' lang='lat' dir='ltr'><strong>judicarent</strong></span> <span class='ocrx_word' id='word_1_274' title='bbox 1533 864 1610 902; x_wconf 82' lang='lat' dir='ltr'><strong>quasi</strong></span> <span class='ocrx_word' id='word_1_275' title='bbox 1627 872 1778 910; x_wconf 78' lang='lat' dir='ltr'><strong>peccatores</strong></span> 
     </span>
    </p>
   </div>
   <div class='ocr_carea' id='block_1_10' title="bbox 212 904 989 1456">
    <p class='ocr_par' dir='ltr' id='par_1_10' title="bbox 212 904 989 1456">
     <span class='ocr_line' id='line_1_36' title="bbox 248 904 988 942; baseline -0.007 -6"><span class='ocrx_word' id='word_1_276' title='bbox 248 907 358 936; x_wconf 84' lang='lat' dir='ltr'><strong>scientia</strong></span> <span class='ocrx_word' id='word_1_277' title='bbox 371 917 425 936; x_wconf 92' lang='lat' dir='ltr'><strong>non</strong></span> <span class='ocrx_word' id='word_1_278' title='bbox 446 906 534 936; x_wconf 89' lang='lat' dir='ltr'><strong>solum</strong></span> <span class='ocrx_word' id='word_1_279' title='bbox 552 905 660 942; x_wconf 85' lang='lat' dir='ltr'><strong>dicitur,</strong></span> <span class='ocrx_word' id='word_1_280' title='bbox 674 904 722 934; x_wconf 87' lang='lat' dir='ltr'><strong>sed</strong></span> <span class='ocrx_word' id='word_1_281' title='bbox 743 911 769 934; x_wconf 88' lang='lat' dir='ltr'><strong>et</strong></span> <span class='ocrx_word' id='word_1_282' title='bbox 788 910 902 933; x_wconf 77' lang='lat' dir='ltr'><strong>sentitur</strong></span> <span class='ocrx_word' id='word_1_283' title='bbox 915 915 921 932; x_wconf 88' lang='lat'><strong>:</strong></span> <span class='ocrx_word' id='word_1_284' title='bbox 935 913 988 932; x_wconf 91' lang='lat' dir='ltr'><strong>non</strong></span> 
     </span>
     <span class='ocr_line' id='line_1_37' title="bbox 249 942 987 991; baseline -0.007 -15"><span class='ocrx_word' id='word_1_285' title='bbox 249 953 353 976; x_wconf 82' lang='lat' dir='ltr'><strong>tantum</strong></span> <span class='ocrx_word' id='word_1_286' title='bbox 366 946 394 975; x_wconf 88' lang='lat' dir='ltr'><strong>in</strong></span> <span class='ocrx_word' id='word_1_287' title='bbox 408 945 556 991; x_wconf 83' lang='lat' dir='ltr'><strong>Scripturis</strong></span> <span class='ocrx_word' id='word_1_288' title='bbox 568 945 677 985; x_wconf 83' lang='lat' dir='ltr'><strong>legitur,</strong></span> <span class='ocrx_word' id='word_1_289' title='bbox 691 943 738 974; x_wconf 91' lang='lat' dir='ltr'><strong>sed</strong></span> <span class='ocrx_word' id='word_1_290' title='bbox 752 954 787 973; x_wconf 82' lang='lat' dir='ltr'><strong>ex</strong></span> <span class='ocrx_word' id='word_1_291' title='bbox 797 942 877 972; x_wconf 90' lang='lat' dir='ltr'><strong>corde</strong></span> <span class='ocrx_word' id='word_1_292' title='bbox 889 952 987 982; x_wconf 80' lang='lat' dir='ltr'><strong>sugge-</strong></span> 
     </span>
     <span class='ocr_line' id='line_1_38' title="bbox 249 982 985 1024; baseline -0.007 -9"><span class='ocrx_word' id='word_1_293' title='bbox 249 986 319 1015; x_wconf 86' lang='lat' dir='ltr'><strong>ritur</strong></span> <span class='ocrx_word' id='word_1_294' title='bbox 332 998 338 1015; x_wconf 90' lang='lat'>:</span> <span class='ocrx_word' id='word_1_295' title='bbox 351 993 377 1015; x_wconf 88' lang='lat' dir='ltr'><strong>et</strong></span> <span class='ocrx_word' id='word_1_296' title='bbox 388 985 449 1014; x_wconf 87' lang='lat' dir='ltr'><strong>ideo</strong></span> <span class='ocrx_word' id='word_1_297' title='bbox 460 996 483 1014; x_wconf 81' lang='lat' dir='ltr'><strong>st</strong></span> <span class='ocrx_word' id='word_1_298' title='bbox 497 985 564 1014; x_wconf 84' lang='lat' dir='ltr'><strong>alios</strong></span> <span class='ocrx_word' id='word_1_299' title='bbox 578 991 667 1022; x_wconf 76' lang='lat' dir='ltr'><strong>terret,</strong></span> <span class='ocrx_word' id='word_1_300' title='bbox 681 984 739 1024; x_wconf 84' lang='lat' dir='ltr'><strong>ipse</strong></span> <span class='ocrx_word' id='word_1_301' title='bbox 759 983 875 1023; x_wconf 90' lang='lat' dir='ltr'><strong>amplius</strong></span> <span class='ocrx_word' id='word_1_302' title='bbox 888 982 964 1011; x_wconf 88' lang='lat' dir='ltr'><strong>timet</strong></span> <span class='ocrx_word' id='word_1_303' title='bbox 978 994 985 1010; x_wconf 88' lang='lat'>:</span> 
     </span>
     <span class='ocr_line' id='line_1_39' title="bbox 250 1021 988 1064; baseline -0.005 -10"><span class='ocrx_word' id='word_1_304' title='bbox 250 1025 272 1054; x_wconf 90' lang='lat' dir='ltr'><strong>si</strong></span> <span class='ocrx_word' id='word_1_305' title='bbox 286 1025 448 1061; x_wconf 89' lang='lat' dir='ltr'><strong>consolatur,</strong></span> <span class='ocrx_word' id='word_1_306' title='bbox 463 1024 519 1064; x_wconf 88' lang='lat' dir='ltr'><strong>ipse</strong></span> <span class='ocrx_word' id='word_1_307' title='bbox 533 1024 629 1053; x_wconf 90' lang='lat' dir='ltr'><strong>melius</strong></span> <span class='ocrx_word' id='word_1_308' title='bbox 642 1023 740 1063; x_wconf 85' lang='lat' dir='ltr'><strong>gaudet</strong></span> <span class='ocrx_word' id='word_1_309' title='bbox 756 1035 763 1052; x_wconf 91' lang='lat'>:</span> <span class='ocrx_word' id='word_1_310' title='bbox 777 1029 802 1052; x_wconf 90' lang='lat' dir='ltr'><strong>et</strong></span> <span class='ocrx_word' id='word_1_311' title='bbox 822 1032 899 1051; x_wconf 88' lang='lat' dir='ltr'><strong>omne</strong></span> <span class='ocrx_word' id='word_1_312' title='bbox 912 1021 988 1062; x_wconf 89' lang='lat' dir='ltr'><strong>quod</strong></span> 
     </span>
     <span class='ocr_line' id='line_1_40' title="bbox 212 1061 987 1103; baseline -0.005 -10"><span class='ocrx_word' id='word_1_313' title='bbox 212 1080 216 1082; x_wconf 73' lang='grc'><strong>-</strong></span> <span class='ocrx_word' id='word_1_314' title='bbox 250 1065 381 1103; x_wconf 86' lang='lat' dir='ltr'><strong>loquitur,</strong></span> <span class='ocrx_word' id='word_1_315' title='bbox 396 1074 449 1093; x_wconf 93' lang='lat' dir='ltr'><strong>non</strong></span> <span class='ocrx_word' id='word_1_316' title='bbox 461 1071 565 1093; x_wconf 80' lang='lat' dir='ltr'><strong>tantum</strong></span> <span class='ocrx_word' id='word_1_317' title='bbox 578 1063 654 1103; x_wconf 83' lang='lat' dir='ltr'><strong>legit,</strong></span> <span class='ocrx_word' id='word_1_318' title='bbox 670 1063 716 1092; x_wconf 92' lang='lat' dir='ltr'><strong>sed</strong></span> <span class='ocrx_word' id='word_1_319' title='bbox 729 1061 911 1103; x_wconf 86' lang='lat' dir='ltr'><strong>experimento</strong></span> <span class='ocrx_word' id='word_1_320' title='bbox 925 1071 987 1101; x_wconf 89' lang='lat' dir='ltr'><strong>pro-</strong></span> 
     </span>
     <span class='ocr_line' id='line_1_41' title="bbox 248 1101 986 1143; baseline -0.005 -10"><span class='ocrx_word' id='word_1_321' title='bbox 248 1105 334 1133; x_wconf 90' lang='lat' dir='ltr'><strong>bavit.</strong></span> <span class='ocrx_word' id='word_1_322' title='bbox 342 1104 406 1133; x_wconf 87' lang='lat' dir='ltr'><strong>Ideo</strong></span> <span class='ocrx_word' id='word_1_323' title='bbox 414 1114 443 1132; x_wconf 87' lang='lat' dir='ltr'><strong>er</strong></span> <span class='ocrx_word' id='word_1_324' title='bbox 461 1114 477 1132; x_wconf 90' lang='lat' dir='ltr'><strong>o</strong></span> <span class='ocrx_word' id='word_1_325' title='bbox 487 1110 606 1143; x_wconf 88' lang='lat' dir='ltr'><strong>petamus</strong></span> <span class='ocrx_word' id='word_1_326' title='bbox 614 1104 711 1135; x_wconf 81' lang='lat' dir='ltr'><strong>Deum.</strong></span> <span class='ocrx_word' id='word_1_327' title='bbox 720 1109 746 1131; x_wconf 86' lang='lat' dir='ltr'><strong>et</strong></span> <span class='ocrx_word' id='word_1_328' title='bbox 756 1101 986 1142; x_wconf 88' lang='lat' dir='ltr'><strong>operemurbona,</strong></span> 
     </span>
     <span class='ocr_line' id='line_1_42' title="bbox 251 1141 986 1181; baseline -0.005 -9"><span class='ocrx_word' id='word_1_329' title='bbox 251 1150 280 1172; x_wconf 90' lang='lat' dir='ltr'><strong>ut</strong></span> <span class='ocrx_word' id='word_1_330' title='bbox 294 1154 346 1172; x_wconf 91' lang='lat' dir='ltr'><strong>non</strong></span> <span class='ocrx_word' id='word_1_331' title='bbox 368 1153 445 1172; x_wconf 90' lang='lat' dir='ltr'><strong>carna</strong></span> <span class='ocrx_word' id='word_1_332' title='bbox 458 1153 499 1171; x_wconf 91' lang='lat' dir='ltr'><strong>em</strong></span> <span class='ocrx_word' id='word_1_333' title='bbox 508 1165 515 1178; x_wconf 95' lang='lat'><strong>,</strong></span> <span class='ocrx_word' id='word_1_334' title='bbox 531 1142 578 1171; x_wconf 91' lang='lat' dir='ltr'><strong>sed</strong></span> <span class='ocrx_word' id='word_1_335' title='bbox 591 1142 757 1181; x_wconf 86' lang='lat' dir='ltr'><strong>spiritualem</strong></span> <span class='ocrx_word' id='word_1_336' title='bbox 780 1141 917 1170; x_wconf 82' lang='lat' dir='ltr'><strong>scientiam</strong></span> <span class='ocrx_word' id='word_1_337' title='bbox 931 1150 986 1169; x_wconf 89' lang='lat' dir='ltr'><strong>me-</strong></span> 
     </span>
     <span class='ocr_line' id='line_1_43' title="bbox 251 1181 986 1220; baseline -0.004 -9"><span class='ocrx_word' id='word_1_338' title='bbox 251 1193 367 1211; x_wconf 87' lang='lat' dir='ltr'><strong>reamur.</strong></span> <span class='ocrx_word' id='word_1_339' title='bbox 382 1182 419 1211; x_wconf 92' lang='lat' dir='ltr'><strong>Et</strong></span> <span class='ocrx_word' id='word_1_340' title='bbox 430 1182 481 1211; x_wconf 91' lang='lat' dir='ltr'><strong>hoc</strong></span> <span class='ocrx_word' id='word_1_341' title='bbox 502 1188 541 1211; x_wconf 88' lang='lat' dir='ltr'><strong>est</strong></span> <span class='ocrx_word' id='word_1_342' title='bbox 554 1181 628 1220; x_wconf 90' lang='lat' dir='ltr'><strong>quod</strong></span> <span class='ocrx_word' id='word_1_343' title='bbox 639 1181 716 1217; x_wconf 89' lang='lat' dir='ltr'><strong>dicit,</strong></span> <span class='ocrx_word' id='word_1_344' title='bbox 731 1181 862 1216; x_wconf 79' lang='lat' dir='ltr'><strong>Pulsate,</strong></span> <span class='ocrx_word' id='word_1_345' title='bbox 878 1187 906 1209; x_wconf 89' lang='lat' dir='ltr'><strong>et</strong></span> <span class='ocrx_word' id='word_1_346' title='bbox 919 1190 986 1219; x_wconf 87' lang='lat' dir='ltr'><strong>ape-</strong></span> 
     </span>
     <span class='ocr_line' id='line_1_44' title="bbox 251 1219 987 1259; baseline -0.004 -9"><span class='ocrx_word' id='word_1_347' title='bbox 251 1223 342 1250; x_wconf 84' lang='lat' dir='ltr'><strong>rietur·</strong></span> <span class='ocrx_word' id='word_1_348' title='bbox 353 1222 449 1250; x_wconf 85' lang='lat' dir='ltr'><strong>vobis.</strong></span> <span class='ocrx_word' id='word_1_349' title='bbox 465 1221 558 1250; x_wconf 85' lang='lat' dir='ltr'><strong>Pulsat</strong></span> <span class='ocrx_word' id='word_1_350' title='bbox 577 1220 648 1249; x_wconf 92' lang='lat' dir='ltr'><strong>enim</strong></span> <span class='ocrx_word' id='word_1_351' title='bbox 663 1222 760 1256; x_wconf 89' lang='lat' dir='ltr'><strong>Deum,</strong></span> <span class='ocrx_word' id='word_1_352' title='bbox 771 1219 818 1259; x_wconf 87' lang='lat' dir='ltr'><strong>qui</strong></span> <span class='ocrx_word' id='word_1_353' title='bbox 835 1219 899 1248; x_wconf 81' lang='lat' dir='ltr'><strong>facit</strong></span> <span class='ocrx_word' id='word_1_354' title='bbox 916 1220 987 1248; x_wconf 87' lang='lat' dir='ltr'><strong>bona</strong></span> 
     </span>
     <span class='ocr_line' id='line_1_45' title="bbox 251 1259 987 1305; baseline -0.001 -16"><span class='ocrx_word' id='word_1_355' title='bbox 251 1270 331 1305; x_wconf 86' lang='lat' dir='ltr'><strong>opera</strong></span> <span class='ocrx_word' id='word_1_356' title='bbox 345 1267 405 1289; x_wconf 86' lang='lat' dir='ltr'><strong>ante</strong></span> <span class='ocrx_word' id='word_1_357' title='bbox 418 1261 505 1289; x_wconf 89' lang='lat' dir='ltr'><strong>Deum</strong></span> <span class='ocrx_word' id='word_1_358' title='bbox 518 1259 645 1294; x_wconf 90' lang='lat' dir='ltr'><strong>oratione,</strong></span> <span class='ocrx_word' id='word_1_359' title='bbox 657 1259 778 1299; x_wconf 79' lang='lat' dir='ltr'><strong>jejuniis,</strong></span> <span class='ocrx_word' id='word_1_360' title='bbox 791 1266 816 1288; x_wconf 88' lang='lat' dir='ltr'><strong>et</strong></span> <span class='ocrx_word' id='word_1_361' title='bbox 837 1259 987 1299; x_wconf 83' lang='lat' dir='ltr'><strong>eleemosy-</strong></span> 
     </span>
     <span class='ocr_line' id='line_1_46' title="bbox 251 1298 988 1337; baseline -0.001 -9"><span class='ocrx_word' id='word_1_362' title='bbox 251 1309 303 1329; x_wconf 86' lang='lat' dir='ltr'><strong>ms.</strong></span> <span class='ocrx_word' id='word_1_363' title='bbox 322 1300 397 1329; x_wconf 91' lang='lat' dir='ltr'><strong>Sicut</strong></span> <span class='ocrx_word' id='word_1_364' title='bbox 417 1299 488 1327; x_wconf 90' lang='lat' dir='ltr'><strong>enim</strong></span> <span class='ocrx_word' id='word_1_365' title='bbox 503 1298 550 1337; x_wconf 92' lang='lat' dir='ltr'><strong>qui</strong></span> <span class='ocrx_word' id='word_1_366' title='bbox 571 1299 660 1337; x_wconf 89' lang='lat' dir='ltr'><strong>pulsat</strong></span> <span class='ocrx_word' id='word_1_367' title='bbox 679 1299 795 1334; x_wconf 92' lang='lat' dir='ltr'><strong>ostium,</strong></span> <span class='ocrx_word' id='word_1_368' title='bbox 808 1308 861 1326; x_wconf 93' lang='lat' dir='ltr'><strong>non</strong></span> <span class='ocrx_word' id='word_1_369' title='bbox 883 1304 988 1327; x_wconf 90' lang='lat' dir='ltr'><strong>tantum</strong></span> 
     </span>
     <span class='ocr_line' id='line_1_47' title="bbox 252 1337 988 1376; baseline -0.004 -8"><span class='ocrx_word' id='word_1_370' title='bbox 252 1349 317 1368; x_wconf 80' lang='lat' dir='ltr'><strong>voce</strong></span> <span class='ocrx_word' id='word_1_371' title='bbox 328 1338 435 1371; x_wconf 86' lang='lat' dir='ltr'><strong>clamat,</strong></span> <span class='ocrx_word' id='word_1_372' title='bbox 450 1337 497 1366; x_wconf 88' lang='lat' dir='ltr'><strong>sed</strong></span> <span class='ocrx_word' id='word_1_373' title='bbox 507 1344 533 1366; x_wconf 90' lang='lat' dir='ltr'><strong>et</strong></span> <span class='ocrx_word' id='word_1_374' title='bbox 545 1347 626 1366; x_wconf 85' lang='lat' dir='ltr'><strong>manu</strong></span> <span class='ocrx_word' id='word_1_375' title='bbox 641 1349 648 1366; x_wconf 68' lang='grc' dir='ltr'><strong><em>ε</em></strong></span> <span class='ocrx_word' id='word_1_376' title='bbox 665 1337 702 1366; x_wconf 92' lang='lat' dir='ltr'><strong>sic</strong></span> <span class='ocrx_word' id='word_1_377' title='bbox 715 1337 762 1375; x_wconf 93' lang='lat' dir='ltr'><strong>qui</strong></span> <span class='ocrx_word' id='word_1_378' title='bbox 775 1337 846 1365; x_wconf 85' lang='lat' dir='ltr'><strong>bona</strong></span> <span class='ocrx_word' id='word_1_379' title='bbox 858 1347 938 1376; x_wconf 87' lang='lat' dir='ltr'><strong>opera</strong></span> <span class='ocrx_word' id='word_1_380' title='bbox 948 1337 988 1365; x_wconf 88' lang='lat' dir='ltr'><strong>fa-</strong></span> 
     </span>
     <span class='ocr_line' id='line_1_48' title="bbox 252 1376 986 1416; baseline 0 -11"><span class='ocrx_word' id='word_1_381' title='bbox 252 1378 302 1414; x_wconf 78' lang='lat' dir='ltr'><strong>cit,</strong></span> <span class='ocrx_word' id='word_1_382' title='bbox 322 1377 398 1416; x_wconf 91' lang='lat' dir='ltr'><strong>quasi</strong></span> <span class='ocrx_word' id='word_1_383' title='bbox 424 1387 505 1405; x_wconf 88' lang='lat' dir='ltr'><strong>manu</strong></span> <span class='ocrx_word' id='word_1_384' title='bbox 529 1376 618 1416; x_wconf 87' lang='lat' dir='ltr'><strong>pulsat</strong></span> <span class='ocrx_word' id='word_1_385' title='bbox 643 1377 730 1405; x_wconf 91' lang='lat' dir='ltr'><strong>Deum</strong></span> <span class='ocrx_word' id='word_1_386' title='bbox 752 1376 878 1415; x_wconf 87' lang='lat' dir='ltr'><strong>operibus</strong></span> <span class='ocrx_word' id='word_1_387' title='bbox 897 1376 986 1405; x_wconf 85' lang='lat' dir='ltr'><strong>bonis.</strong></span> 
     </span>
     <span class='ocr_line' id='line_1_49' title="bbox 252 1416 989 1456; baseline -0.003 -10"><span class='ocrx_word' id='word_1_388' title='bbox 252 1417 389 1456; x_wconf 85' lang='lat' dir='ltr'><strong>Scriptum</strong></span> <span class='ocrx_word' id='word_1_389' title='bbox 401 1423 439 1445; x_wconf 91' lang='lat' dir='ltr'><strong>est</strong></span> <span class='ocrx_word' id='word_1_390' title='bbox 450 1416 532 1450; x_wconf 88' lang='lat' dir='ltr'><strong>enim,</strong></span> <span class='ocrx_word' id='word_1_391' title='bbox 549 1416 570 1445; x_wconf 90' lang='lat' dir='ltr'><em>C</em></span> <span class='ocrx_word' id='word_1_392' title='bbox 573 1417 722 1454; x_wconf 82' lang='lat' dir='ltr'><strong>oncupisce</strong></span> <span class='ocrx_word' id='word_1_393' title='bbox 738 1416 922 1454; x_wconf 79' lang='lat' dir='ltr'><strong>sapientiam,</strong></span> <span class='ocrx_word' id='word_1_394' title='bbox 931 1425 989 1444; x_wconf 86' lang='lat' dir='ltr'><strong>ser-</strong></span> 
     </span>
    </p>
   </div>
   <div class='ocr_carea' id='block_1_11' title="bbox 1037 901 1780 1057">
    <p class='ocr_par' dir='ltr' id='par_1_11' title="bbox 1037 901 1780 1057">
     <span class='ocr_line' id='line_1_50' title="bbox 1038 901 1779 943; baseline 0.007 -13"><span class='ocrx_word' id='word_1_395' title='bbox 1038 901 1201 931; x_wconf 81' lang='lat' dir='ltr'><strong>ofsendentes</strong></span> <span class='ocrx_word' id='word_1_396' title='bbox 1214 912 1242 930; x_wconf 89' lang='lat' dir='ltr'><strong>se</strong></span> <span class='ocrx_word' id='word_1_397' title='bbox 1257 913 1263 930; x_wconf 90' lang='lat'>:</span> <span class='ocrx_word' id='word_1_398' title='bbox 1279 905 1447 940; x_wconf 65' lang='lat' dir='ltr'><strong>consequens</strong></span> <span class='ocrx_word' id='word_1_399' title='bbox 1459 909 1525 938; x_wconf 85' lang='lat' dir='ltr'><strong>erat,</strong></span> <span class='ocrx_word' id='word_1_400' title='bbox 1541 903 1610 932; x_wconf 91' lang='lat' dir='ltr'><strong>sicut</strong></span> <span class='ocrx_word' id='word_1_401' title='bbox 1625 914 1683 943; x_wconf 71' lang='lat' dir='ltr'><strong>jam</strong></span> <span class='ocrx_word' id='word_1_402' title='bbox 1701 904 1779 935; x_wconf 82' lang='lat' dir='ltr'><strong>dixi—</strong></span> 
     </span>
     <span class='ocr_line' id='line_1_51' title="bbox 1039 941 1780 976; baseline 0.007 -7"><span class='ocrx_word' id='word_1_403' title='bbox 1039 951 1108 976; x_wconf 90' lang='lat' dir='ltr'><strong>mus,</strong></span> <span class='ocrx_word' id='word_1_404' title='bbox 1121 951 1154 970; x_wconf 84' lang='lat' dir='ltr'><strong>ne</strong></span> <span class='ocrx_word' id='word_1_405' title='bbox 1172 941 1239 970; x_wconf 82' lang='lat' dir='ltr'><strong>forte</strong></span> <span class='ocrx_word' id='word_1_406' title='bbox 1253 942 1304 970; x_wconf 89' lang='lat' dir='ltr'><strong>sub</strong></span> <span class='ocrx_word' id='word_1_407' title='bbox 1317 941 1427 970; x_wconf 90' lang='lat' dir='ltr'><strong>obtentu</strong></span> <span class='ocrx_word' id='word_1_408' title='bbox 1444 941 1595 971; x_wconf 84' lang='lat' dir='ltr'><strong>dilectionis</strong></span> <span class='ocrx_word' id='word_1_409' title='bbox 1614 950 1640 972; x_wconf 90' lang='lat' dir='ltr'><strong>et</strong></span> <span class='ocrx_word' id='word_1_410' title='bbox 1652 944 1780 975; x_wconf 82' lang='lat' dir='ltr'><strong>bonitatis</strong></span> 
     </span>
     <span class='ocr_line' id='line_1_52' title="bbox 1037 980 1777 1014; baseline 0.007 -5"><span class='ocrx_word' id='word_1_411' title='bbox 1037 980 1117 1009; x_wconf 89' lang='lat' dir='ltr'><strong>etiam</strong></span> <span class='ocrx_word' id='word_1_412' title='bbox 1140 987 1228 1010; x_wconf 92' lang='lat' dir='ltr'><strong>sancta</strong></span> <span class='ocrx_word' id='word_1_413' title='bbox 1248 981 1299 1010; x_wconf 89' lang='lat' dir='ltr'><strong>Dei</strong></span> <span class='ocrx_word' id='word_1_414' title='bbox 1319 987 1345 1010; x_wconf 88' lang='lat' dir='ltr'><strong>et</strong></span> <span class='ocrx_word' id='word_1_415' title='bbox 1366 987 1463 1010; x_wconf 84' lang='lat' dir='ltr'><strong>secreta</strong></span> <span class='ocrx_word' id='word_1_416' title='bbox 1478 982 1705 1013; x_wconf 86' lang='lat' dir='ltr'><strong>communicarent</strong></span> <span class='ocrx_word' id='word_1_417' title='bbox 1727 985 1777 1014; x_wconf 83' lang='lat' dir='ltr'><strong>eis.</strong></span> 
     </span>
     <span class='ocr_line' id='line_1_53' title="bbox 1037 1019 1779 1057; baseline 0.005 -8"><span class='ocrx_word' id='word_1_418' title='bbox 1037 1019 1102 1049; x_wconf 81' lang='lat' dir='ltr'><strong>Ideo</strong></span> <span class='ocrx_word' id='word_1_419' title='bbox 1123 1020 1261 1049; x_wconf 90' lang='lat' dir='ltr'><strong>constituit</strong></span> <span class='ocrx_word' id='word_1_420' title='bbox 1284 1031 1318 1050; x_wconf 93' lang='lat' dir='ltr'><strong>ne</strong></span> <span class='ocrx_word' id='word_1_421' title='bbox 1343 1020 1441 1050; x_wconf 83' lang='lat' dir='ltr'><strong>saciant</strong></span> <span class='ocrx_word' id='word_1_422' title='bbox 1457 1020 1520 1057; x_wconf 86' lang='lat' dir='ltr'><strong>hoc,</strong></span> <span class='ocrx_word' id='word_1_423' title='bbox 1545 1020 1639 1051; x_wconf 88' lang='lat' dir='ltr'><strong>dicens</strong></span> <span class='ocrx_word' id='word_1_424' title='bbox 1655 1024 1779 1053; x_wconf 82' lang='lat' dir='ltr'><strong>:Nolite</strong></span> 
     </span>
    </p>
   </div>
   <div class='ocr_carea' id='block_1_12' title="bbox 1025 1060 1779 1102">
    <p class='ocr_par' dir='ltr' id='par_1_12' title="bbox 1025 1060 1779 1102">
     <span class='ocr_line' id='line_1_54' title="bbox 1025 1060 1779 1102; baseline 0.007 -14"><span class='ocrx_word' id='word_1_425' title='bbox 1025 1066 1172 1089; x_wconf 63' lang='lat' dir='ltr'><strong>⁴sanctum</strong></span> <span class='ocrx_word' id='word_1_426' title='bbox 1181 1061 1252 1089; x_wconf 77' lang='lat' dir='ltr'><strong>dar-e</strong></span> <span class='ocrx_word' id='word_1_427' title='bbox 1263 1060 1395 1089; x_wconf 81' lang='lat' dir='ltr'><strong>canibus.</strong></span> <span class='ocrx_word' id='word_1_428' title='bbox 1410 1061 1490 1089; x_wconf 85' lang='lat' dir='ltr'><strong>Nune</strong></span> <span class='ocrx_word' id='word_1_429' title='bbox 1502 1066 1592 1090; x_wconf 87' lang='lat' dir='ltr'><strong>autem</strong></span> <span class='ocrx_word' id='word_1_430' title='bbox 1605 1060 1651 1091; x_wconf 86' lang='lat' dir='ltr'><strong>dat</strong></span> <span class='ocrx_word' id='word_1_431' title='bbox 1664 1062 1702 1093; x_wconf 81' lang='lat' dir='ltr'><strong>eis</strong></span> <span class='ocrx_word' id='word_1_432' title='bbox 1716 1074 1779 1102; x_wconf 79' lang='lat' dir='ltr'><strong>con·</strong></span> 
     </span>
    </p>
   </div>
   <div class='ocr_carea' id='block_1_13' title="bbox 1036 1099 1790 1457">
    <p class='ocr_par' dir='ltr' id='par_1_13' title="bbox 1036 1099 1790 1457">
     <span class='ocr_line' id='line_1_55' title="bbox 1037 1099 1779 1142; baseline 0.007 -15"><span class='ocrx_word' id='word_1_433' title='bbox 1037 1099 1130 1128; x_wconf 90' lang='lat' dir='ltr'><strong>silium</strong></span> <span class='ocrx_word' id='word_1_434' title='bbox 1144 1099 1256 1134; x_wconf 81' lang='lat' dir='ltr'><strong>bonum,</strong></span> <span class='ocrx_word' id='word_1_435' title='bbox 1267 1106 1297 1128; x_wconf 92' lang='lat' dir='ltr'><strong>ut</strong></span> <span class='ocrx_word' id='word_1_436' title='bbox 1309 1100 1332 1129; x_wconf 89' lang='lat' dir='ltr'><strong>si</strong></span> <span class='ocrx_word' id='word_1_437' title='bbox 1343 1099 1459 1138; x_wconf 85' lang='lat' dir='ltr'><strong>diligant</strong></span> <span class='ocrx_word' id='word_1_438' title='bbox 1472 1099 1595 1129; x_wconf 85' lang='lat' dir='ltr'><strong>inimicos</strong></span> <span class='ocrx_word' id='word_1_439' title='bbox 1613 1111 1688 1139; x_wconf 86' lang='lat' dir='ltr'><strong>suos,</strong></span> <span class='ocrx_word' id='word_1_440' title='bbox 1701 1103 1779 1142; x_wconf 85' lang='lat' dir='ltr'><strong>quasi</strong></span> 
     </span>
     <span class='ocr_line' id='line_1_56' title="bbox 1037 1138 1779 1178; baseline 0.008 -11"><span class='ocrx_word' id='word_1_441' title='bbox 1037 1139 1087 1167; x_wconf 92' lang='lat' dir='ltr'><strong>Dei</strong></span> <span class='ocrx_word' id='word_1_442' title='bbox 1098 1138 1209 1178; x_wconf 81' lang='lat' dir='ltr'><strong>benigni</strong></span> <span class='ocrx_word' id='word_1_443' title='bbox 1221 1139 1378 1176; x_wconf 88' lang='lat' dir='ltr'><strong>imitatores,</strong></span> <span class='ocrx_word' id='word_1_444' title='bbox 1391 1145 1417 1167; x_wconf 88' lang='lat' dir='ltr'><strong>et</strong></span> <span class='ocrx_word' id='word_1_445' title='bbox 1433 1139 1516 1169; x_wconf 82' lang='lat' dir='ltr'><strong>velint</strong></span> <span class='ocrx_word' id='word_1_446' title='bbox 1529 1149 1573 1168; x_wconf 87' lang='lat' dir='ltr'><strong>eos</strong></span> <span class='ocrx_word' id='word_1_447' title='bbox 1585 1140 1666 1170; x_wconf 84' lang='lat' dir='ltr'><strong>etiam</strong></span> <span class='ocrx_word' id='word_1_448' title='bbox 1679 1153 1779 1172; x_wconf 80' lang='lat' dir='ltr'><strong>seeun-</strong></span> 
     </span>
     <span class='ocr_line' id='line_1_57' title="bbox 1036 1177 1779 1219; baseline 0.005 -12"><span class='ocrx_word' id='word_1_449' title='bbox 1036 1177 1103 1207; x_wconf 90' lang='lat' dir='ltr'><strong>dum</strong></span> <span class='ocrx_word' id='word_1_450' title='bbox 1118 1180 1204 1208; x_wconf 88' lang='lat' dir='ltr'><strong>Deum</strong></span> <span class='ocrx_word' id='word_1_451' title='bbox 1217 1179 1332 1216; x_wconf 85' lang='lat' dir='ltr'><strong>salvare,</strong></span> <span class='ocrx_word' id='word_1_452' title='bbox 1347 1185 1437 1219; x_wconf 82' lang='lat' dir='ltr'><strong>petant</strong></span> <span class='ocrx_word' id='word_1_453' title='bbox 1447 1180 1536 1208; x_wconf 90' lang='lat' dir='ltr'><strong>Deum</strong></span> <span class='ocrx_word' id='word_1_454' title='bbox 1550 1189 1598 1218; x_wconf 83' lang='lat' dir='ltr'><strong>pro</strong></span> <span class='ocrx_word' id='word_1_455' title='bbox 1611 1179 1677 1217; x_wconf 88' lang='lat' dir='ltr'><strong>illis,</strong></span> <span class='ocrx_word' id='word_1_456' title='bbox 1695 1189 1721 1211; x_wconf 88' lang='lat' dir='ltr'><strong>et</strong></span> <span class='ocrx_word' id='word_1_457' title='bbox 1730 1182 1779 1211; x_wconf 86' lang='lat' dir='ltr'><strong>da-</strong></span> 
     </span>
     <span class='ocr_line' id='line_1_58' title="bbox 1036 1217 1790 1260; baseline 0.007 -14"><span class='ocrx_word' id='word_1_458' title='bbox 1036 1217 1110 1247; x_wconf 87' lang='lat' dir='ltr'><strong>bitur</strong></span> <span class='ocrx_word' id='word_1_459' title='bbox 1123 1219 1161 1247; x_wconf 90' lang='lat' dir='ltr'><strong>eis</strong></span> <span class='ocrx_word' id='word_1_460' title='bbox 1174 1232 1181 1246; x_wconf 73' lang='lat' dir='ltr'>z</span> <span class='ocrx_word' id='word_1_461' title='bbox 1199 1225 1318 1257; x_wconf 70' lang='lat' dir='ltr'><strong>quaerant</strong></span> <span class='ocrx_word' id='word_1_462' title='bbox 1330 1229 1386 1255; x_wconf 84' lang='lat' dir='ltr'><strong>eos,</strong></span> <span class='ocrx_word' id='word_1_463' title='bbox 1401 1218 1449 1257; x_wconf 87' lang='lat' dir='ltr'><strong>qni</strong></span> <span class='ocrx_word' id='word_1_464' title='bbox 1461 1219 1598 1258; x_wconf 88' lang='lat' dir='ltr'><strong>perierunt</strong></span> <span class='ocrx_word' id='word_1_465' title='bbox 1609 1219 1638 1248; x_wconf 92' lang='lat' dir='ltr'><strong>in</strong></span> <span class='ocrx_word' id='word_1_466' title='bbox 1652 1221 1790 1260; x_wconf 50' lang='lat' dir='ltr'><strong>peccatis,</strong></span> 
     </span>
     <span class='ocr_line' id='line_1_59' title="bbox 1037 1257 1779 1301; baseline 0.005 -15"><span class='ocrx_word' id='word_1_467' title='bbox 1037 1264 1063 1286; x_wconf 92' lang='lat' dir='ltr'><strong>et</strong></span> <span class='ocrx_word' id='word_1_468' title='bbox 1072 1258 1209 1287; x_wconf 78' lang='lat' dir='ltr'><strong>invenient</strong></span> <span class='ocrx_word' id='word_1_469' title='bbox 1230 1268 1286 1294; x_wconf 90' lang='lat' dir='ltr'><strong>eos,</strong></span> <span class='ocrx_word' id='word_1_470' title='bbox 1301 1259 1350 1288; x_wconf 93' lang='lat' dir='ltr'><strong>Dei</strong></span> <span class='ocrx_word' id='word_1_471' title='bbox 1374 1258 1458 1298; x_wconf 85' lang='lat' dir='ltr'><strong>gratia</strong></span> <span class='ocrx_word' id='word_1_472' title='bbox 1479 1257 1700 1290; x_wconf 86' lang='lat' dir='ltr'><strong>demonstrante:</strong></span> <span class='ocrx_word' id='word_1_473' title='bbox 1716 1261 1779 1301; x_wconf 88' lang='lat' dir='ltr'><strong>pul-</strong></span> 
     </span>
     <span class='ocr_line' id='line_1_60' title="bbox 1037 1297 1779 1341; baseline 0.007 -16"><span class='ocrx_word' id='word_1_474' title='bbox 1037 1303 1095 1325; x_wconf 90' lang='lat' dir='ltr'><strong>sent</strong></span> <span class='ocrx_word' id='word_1_475' title='bbox 1109 1307 1162 1332; x_wconf 86' lang='lat' dir='ltr'><strong>eos,</strong></span> <span class='ocrx_word' id='word_1_476' title='bbox 1175 1298 1223 1336; x_wconf 90' lang='lat' dir='ltr'><strong>qui</strong></span> <span class='ocrx_word' id='word_1_477' title='bbox 1237 1304 1300 1327; x_wconf 88' lang='lat' dir='ltr'><strong>sunt</strong></span> <span class='ocrx_word' id='word_1_478' title='bbox 1321 1298 1347 1326; x_wconf 91' lang='lat' dir='ltr'><strong>in</strong></span> <span class='ocrx_word' id='word_1_479' title='bbox 1369 1297 1506 1326; x_wconf 86' lang='lat' dir='ltr'><strong>erroribus</strong></span> <span class='ocrx_word' id='word_1_480' title='bbox 1524 1299 1655 1332; x_wconf 80' lang='lat' dir='ltr'><strong>conclusi,</strong></span> <span class='ocrx_word' id='word_1_481' title='bbox 1672 1307 1699 1329; x_wconf 89' lang='lat' dir='ltr'><strong>et</strong></span> <span class='ocrx_word' id='word_1_482' title='bbox 1712 1311 1779 1341; x_wconf 87' lang='lat' dir='ltr'><strong>ape-</strong></span> 
     </span>
     <span class='ocr_line' id='line_1_61' title="bbox 1038 1335 1780 1373; baseline 0.008 -9"><span class='ocrx_word' id='word_1_483' title='bbox 1038 1335 1088 1364; x_wconf 86' lang='lat' dir='ltr'><strong>riet</strong></span> <span class='ocrx_word' id='word_1_484' title='bbox 1102 1347 1146 1365; x_wconf 92' lang='lat' dir='ltr'><strong>eos</strong></span> <span class='ocrx_word' id='word_1_485' title='bbox 1160 1338 1244 1373; x_wconf 90' lang='lat' dir='ltr'><strong>Deus,</strong></span> <span class='ocrx_word' id='word_1_486' title='bbox 1258 1343 1289 1365; x_wconf 87' lang='lat' dir='ltr'><strong>ut</strong></span> <span class='ocrx_word' id='word_1_487' title='bbox 1307 1337 1403 1366; x_wconf 87' lang='lat' dir='ltr'><strong>habeat</strong></span> <span class='ocrx_word' id='word_1_488' title='bbox 1424 1347 1511 1366; x_wconf 85' lang='lat' dir='ltr'><strong>sermo</strong></span> <span class='ocrx_word' id='word_1_489' title='bbox 1526 1348 1620 1367; x_wconf 88' lang='lat' dir='ltr'><strong>eorum</strong></span> <span class='ocrx_word' id='word_1_490' title='bbox 1631 1339 1667 1368; x_wconf 84' lang='lat' dir='ltr'><strong>ad</strong></span> <span class='ocrx_word' id='word_1_491' title='bbox 1677 1340 1780 1370; x_wconf 82' lang='lat' dir='ltr'><strong>animas</strong></span> 
     </span>
     <span class='ocr_line' id='line_1_62' title="bbox 1038 1375 1780 1418; baseline 0.008 -15"><span class='ocrx_word' id='word_1_492' title='bbox 1038 1384 1131 1404; x_wconf 87' lang='lat' dir='ltr'><strong>eorum</strong></span> <span class='ocrx_word' id='word_1_493' title='bbox 1144 1375 1293 1414; x_wconf 84' lang='lat' dir='ltr'><strong>ingressum</strong></span> <span class='ocrx_word' id='word_1_494' title='bbox 1308 1388 1314 1403; x_wconf 69' lang='grc' dir='ltr'><strong><em>ι</em></strong></span> <span class='ocrx_word' id='word_1_495' title='bbox 1330 1387 1360 1405; x_wconf 89' lang='lat' dir='ltr'><strong>ac</strong></span> <span class='ocrx_word' id='word_1_496' title='bbox 1373 1375 1478 1405; x_wconf 86' lang='lat' dir='ltr'><strong>sidicat</strong></span> <span class='ocrx_word' id='word_1_497' title='bbox 1499 1376 1533 1406; x_wconf 93' lang='lat' dir='ltr'><strong>de</strong></span> <span class='ocrx_word' id='word_1_498' title='bbox 1545 1378 1716 1415; x_wconf 85' lang='lat' dir='ltr'><strong>Christianis,</strong></span> <span class='ocrx_word' id='word_1_499' title='bbox 1732 1379 1780 1418; x_wconf 89' lang='lat' dir='ltr'><strong>qui</strong></span> 
     </span>
     <span class='ocr_line' id='line_1_63' title="bbox 1038 1415 1779 1457; baseline 0.007 -14"><span class='ocrx_word' id='word_1_500' title='bbox 1038 1424 1182 1453; x_wconf 88' lang='lat' dir='ltr'><strong>porcorum</strong></span> <span class='ocrx_word' id='word_1_501' title='bbox 1194 1425 1266 1444; x_wconf 89' lang='lat' dir='ltr'><strong>more</strong></span> <span class='ocrx_word' id='word_1_502' title='bbox 1279 1415 1398 1444; x_wconf 85' lang='lat' dir='ltr'><strong>viventes</strong></span> <span class='ocrx_word' id='word_1_503' title='bbox 1411 1415 1586 1454; x_wconf 85' lang='lat' dir='ltr'><strong>perdiderunt</strong></span> <span class='ocrx_word' id='word_1_504' title='bbox 1603 1428 1654 1457; x_wconf 88' lang='lat' dir='ltr'><strong>per</strong></span> <span class='ocrx_word' id='word_1_505' title='bbox 1667 1429 1695 1447; x_wconf 92' lang='lat' dir='ltr'><strong>se</strong></span> <span class='ocrx_word' id='word_1_506' title='bbox 1709 1420 1779 1447; x_wconf 86' lang='lat' dir='ltr'><strong>ima-</strong></span> 
     </span>
    </p>
   </div>
   <div class='ocr_carea' id='block_1_14' title="bbox 255 1453 1778 1496">
    <p class='ocr_par' dir='ltr' id='par_1_14' title="bbox 255 1453 1778 1496">
     <span class='ocr_line' id='line_1_64' title="bbox 255 1453 1778 1496; baseline 0.002 -11"><span class='ocrx_word' id='word_1_507' title='bbox 255 1458 456 1496; x_wconf 82' lang='lat' dir='ltr'><strong>vajustitiam,</strong></span> <span class='ocrx_word' id='word_1_508' title='bbox 466 1462 494 1484; x_wconf 87' lang='lat' dir='ltr'><strong>et</strong></span> <span class='ocrx_word' id='word_1_509' title='bbox 509 1456 590 1484; x_wconf 85' lang='lat' dir='ltr'><strong>Deus</strong></span> <span class='ocrx_word' id='word_1_510' title='bbox 602 1456 740 1494; x_wconf 83' lang='lat' dir='ltr'><strong>proebebit</strong></span> <span class='ocrx_word' id='word_1_511' title='bbox 763 1465 828 1483; x_wconf 87' lang='lat' dir='ltr'><strong>eam</strong></span> <span class='ocrx_word' id='word_1_512' title='bbox 850 1455 914 1483; x_wconf 87' lang='lat' dir='ltr'><strong>tibi.</strong></span> <span class='ocrx_word' id='word_1_513' title='bbox 936 1454 990 1484; x_wconf 84' lang='lat' dir='ltr'><strong>Sed</strong></span> <span class='ocrx_word' id='word_1_514' title='bbox 1004 1462 1023 1485; x_wconf 86' lang='lat' dir='ltr'><strong>c</strong></span> <span class='ocrx_word' id='word_1_515' title='bbox 1039 1453 1128 1492; x_wconf 84' lang='lat' dir='ltr'><strong>ginem</strong></span> <span class='ocrx_word' id='word_1_516' title='bbox 1138 1454 1199 1490; x_wconf 86' lang='lat' dir='ltr'><strong>Dei,</strong></span> <span class='ocrx_word' id='word_1_517' title='bbox 1213 1461 1239 1483; x_wconf 87' lang='lat' dir='ltr'><strong>et</strong></span> <span class='ocrx_word' id='word_1_518' title='bbox 1250 1453 1373 1483; x_wconf 81' lang='lat' dir='ltr'><strong>cadentes</strong></span> <span class='ocrx_word' id='word_1_519' title='bbox 1384 1454 1417 1483; x_wconf 92' lang='lat' dir='ltr'><strong>ab</strong></span> <span class='ocrx_word' id='word_1_520' title='bbox 1428 1455 1534 1484; x_wconf 90' lang='lat' dir='ltr'><strong>homine</strong></span> <span class='ocrx_word' id='word_1_521' title='bbox 1547 1457 1619 1495; x_wconf 86' lang='lat' dir='ltr'><strong>porci</strong></span> <span class='ocrx_word' id='word_1_522' title='bbox 1633 1457 1695 1487; x_wconf 87' lang='lat' dir='ltr'><strong>facti</strong></span> <span class='ocrx_word' id='word_1_523' title='bbox 1704 1465 1778 1496; x_wconf 89' lang='lat' dir='ltr'><strong>sunt,</strong></span> 
     </span>
    </p>
   </div>
   <div class='ocr_carea' id='block_1_15' title="bbox 250 1493 990 2052">
    <p class='ocr_par' dir='ltr' id='par_1_15' title="bbox 250 1493 990 1933">
     <span class='ocr_line' id='line_1_65' title="bbox 252 1493 987 1535; baseline -0.004 -10"><span class='ocrx_word' id='word_1_524' title='bbox 252 1495 319 1535; x_wconf 87' lang='lat' dir='ltr'><strong>quid</strong></span> <span class='ocrx_word' id='word_1_525' title='bbox 329 1495 416 1524; x_wconf 75' lang='lat' dir='ltr'><strong>dicis?</strong></span> <span class='ocrx_word' id='word_1_526' title='bbox 430 1496 488 1524; x_wconf 88' lang='lat' dir='ltr'><strong>Hoc</strong></span> <span class='ocrx_word' id='word_1_527' title='bbox 497 1495 586 1535; x_wconf 88' lang='lat' dir='ltr'><strong>ipsum</strong></span> <span class='ocrx_word' id='word_1_528' title='bbox 594 1501 666 1534; x_wconf 90' lang='lat' dir='ltr'><strong>peto,</strong></span> <span class='ocrx_word' id='word_1_529' title='bbox 682 1501 711 1523; x_wconf 92' lang='lat' dir='ltr'><strong>ut</strong></span> <span class='ocrx_word' id='word_1_530' title='bbox 730 1493 812 1523; x_wconf 84' lang='lat' dir='ltr'><strong>sciam</strong></span> <span class='ocrx_word' id='word_1_531' title='bbox 825 1501 851 1523; x_wconf 89' lang='lat' dir='ltr'><strong>et</strong></span> <span class='ocrx_word' id='word_1_532' title='bbox 869 1494 964 1522; x_wconf 87' lang='lat' dir='ltr'><strong>faciam</strong></span> <span class='ocrx_word' id='word_1_533' title='bbox 979 1507 987 1523; x_wconf 90' lang='lat'>:</span> 
     </span>
     <span class='ocr_line' id='line_1_66' title="bbox 251 1533 990 1574; baseline -0.004 -10"><span class='ocrx_word' id='word_1_534' title='bbox 251 1542 276 1564; x_wconf 91' lang='lat' dir='ltr'><strong>et</strong></span> <span class='ocrx_word' id='word_1_535' title='bbox 288 1534 422 1574; x_wconf 89' lang='lat' dir='ltr'><strong>quomodo</strong></span> <span class='ocrx_word' id='word_1_536' title='bbox 435 1545 544 1573; x_wconf 90' lang='lat' dir='ltr'><strong>possum</strong></span> <span class='ocrx_word' id='word_1_537' title='bbox 561 1534 646 1563; x_wconf 81' lang='lat' dir='ltr'><strong>facere</strong></span> <span class='ocrx_word' id='word_1_538' title='bbox 665 1533 822 1574; x_wconf 88' lang='lat' dir='ltr'><strong>priusquam</strong></span> <span class='ocrx_word' id='word_1_539' title='bbox 842 1533 990 1572; x_wconf 79' lang='lat' dir='ltr'><strong>accipiam?</strong></span> 
     </span>
     <span class='ocr_line' id='line_1_67' title="bbox 250 1572 990 1614; baseline -0.003 -10"><span class='ocrx_word' id='word_1_540' title='bbox 250 1575 341 1604; x_wconf 88' lang='lat' dir='ltr'><strong>Etiam</strong></span> <span class='ocrx_word' id='word_1_541' title='bbox 352 1574 424 1614; x_wconf 90' lang='lat' dir='ltr'><strong>quod</strong></span> <span class='ocrx_word' id='word_1_542' title='bbox 435 1580 510 1614; x_wconf 84' lang='lat' dir='ltr'><strong>potes</strong></span> <span class='ocrx_word' id='word_1_543' title='bbox 519 1574 571 1608; x_wconf 87' lang='lat' dir='ltr'><strong>fac,</strong></span> <span class='ocrx_word' id='word_1_544' title='bbox 585 1579 614 1602; x_wconf 92' lang='lat' dir='ltr'><strong>ut</strong></span> <span class='ocrx_word' id='word_1_545' title='bbox 627 1572 744 1612; x_wconf 90' lang='lat' dir='ltr'><strong>amplius</strong></span> <span class='ocrx_word' id='word_1_546' title='bbox 756 1572 840 1612; x_wconf 83' lang='lat' dir='ltr'><strong>possi⁵</strong></span> <span class='ocrx_word' id='word_1_547' title='bbox 854 1585 860 1601; x_wconf 92' lang='lat'>:</span> <span class='ocrx_word' id='word_1_548' title='bbox 877 1579 902 1601; x_wconf 88' lang='lat' dir='ltr'><strong>et</strong></span> <span class='ocrx_word' id='word_1_549' title='bbox 915 1572 990 1611; x_wconf 91' lang='lat' dir='ltr'><strong>quod</strong></span> 
     </span>
     <span class='ocr_line' id='line_1_68' title="bbox 251 1611 989 1653; baseline -0.001 -10"><span class='ocrx_word' id='word_1_550' title='bbox 251 1614 302 1643; x_wconf 89' lang='lat' dir='ltr'><strong>scis</strong></span> <span class='ocrx_word' id='word_1_551' title='bbox 315 1624 402 1650; x_wconf 87' lang='lat' dir='ltr'><strong>serva,</strong></span> <span class='ocrx_word' id='word_1_552' title='bbox 418 1620 448 1642; x_wconf 89' lang='lat' dir='ltr'><strong>ut</strong></span> <span class='ocrx_word' id='word_1_553' title='bbox 461 1613 578 1653; x_wconf 86' lang='lat' dir='ltr'><strong>amplius</strong></span> <span class='ocrx_word' id='word_1_554' title='bbox 592 1612 669 1641; x_wconf 87' lang='lat' dir='ltr'><strong>scias.</strong></span> <span class='ocrx_word' id='word_1_555' title='bbox 684 1613 702 1642; x_wconf 92' lang='lat' dir='ltr'><strong>J</strong></span> <span class='ocrx_word' id='word_1_556' title='bbox 705 1612 793 1641; x_wconf 89' lang='lat' dir='ltr'><strong>ustitia</strong></span> <span class='ocrx_word' id='word_1_557' title='bbox 805 1611 875 1641; x_wconf 89' lang='lat' dir='ltr'><strong>enim</strong></span> <span class='ocrx_word' id='word_1_558' title='bbox 891 1612 948 1652; x_wconf 86' lang='lat' dir='ltr'><strong>ipsa</strong></span> <span class='ocrx_word' id='word_1_559' title='bbox 961 1622 989 1642; x_wconf 83' lang='lat' dir='ltr'><strong>se</strong></span> 
     </span>
     <span class='ocr_line' id='line_1_69' title="bbox 251 1651 989 1693; baseline -0.001 -11"><span class='ocrx_word' id='word_1_560' title='bbox 251 1660 387 1693; x_wconf 84' lang='lat' dir='ltr'><strong>operatur,</strong></span> <span class='ocrx_word' id='word_1_561' title='bbox 401 1660 427 1682; x_wconf 85' lang='lat' dir='ltr'><strong>et</strong></span> <span class='ocrx_word' id='word_1_562' title='bbox 445 1652 502 1692; x_wconf 90' lang='lat' dir='ltr'><strong>ipsa</strong></span> <span class='ocrx_word' id='word_1_563' title='bbox 523 1663 551 1682; x_wconf 90' lang='lat' dir='ltr'><strong>se</strong></span> <span class='ocrx_word' id='word_1_564' title='bbox 564 1652 723 1681; x_wconf 84' lang='lat' dir='ltr'><strong>manifestat.</strong></span> <span class='ocrx_word' id='word_1_565' title='bbox 738 1651 903 1688; x_wconf 78' lang='lat' dir='ltr'><strong>Quomodo?</strong></span> <span class='ocrx_word' id='word_1_566' title='bbox 918 1653 989 1681; x_wconf 91' lang='lat' dir='ltr'><strong>Dum</strong></span> 
     </span>
     <span class='ocr_line' id='line_1_70' title="bbox 252 1691 988 1733; baseline -0.003 -11"><span class='ocrx_word' id='word_1_567' title='bbox 252 1700 281 1722; x_wconf 86' lang='lat' dir='ltr'><strong>tu</strong></span> <span class='ocrx_word' id='word_1_568' title='bbox 289 1692 421 1733; x_wconf 84' lang='lat' dir='ltr'><strong>justitiam</strong></span> <span class='ocrx_word' id='word_1_569' title='bbox 434 1693 552 1732; x_wconf 88' lang='lat' dir='ltr'><strong>operaris</strong></span> <span class='ocrx_word' id='word_1_570' title='bbox 565 1691 594 1720; x_wconf 93' lang='lat' dir='ltr'><strong>in</strong></span> <span class='ocrx_word' id='word_1_571' title='bbox 607 1698 643 1727; x_wconf 85' lang='lat' dir='ltr'><strong>te,</strong></span> <span class='ocrx_word' id='word_1_572' title='bbox 654 1691 759 1730; x_wconf 85' lang='lat' dir='ltr'><strong>justitia</strong></span> <span class='ocrx_word' id='word_1_573' title='bbox 773 1698 799 1719; x_wconf 88' lang='lat' dir='ltr'><strong>te</strong></span> <span class='ocrx_word' id='word_1_574' title='bbox 814 1698 940 1731; x_wconf 84' lang='lat' dir='ltr'><strong>operatur</strong></span> <span class='ocrx_word' id='word_1_575' title='bbox 961 1691 988 1720; x_wconf 90' lang='lat' dir='ltr'><strong>in</strong></span> 
     </span>
     <span class='ocr_line' id='line_1_71' title="bbox 252 1730 988 1770; baseline 0 -9"><span class='ocrx_word' id='word_1_576' title='bbox 252 1743 290 1762; x_wconf 87' lang='lat' dir='ltr'><strong>se.</strong></span> <span class='ocrx_word' id='word_1_577' title='bbox 306 1733 375 1762; x_wconf 83' lang='lat' dir='ltr'><strong>Nam</strong></span> <span class='ocrx_word' id='word_1_578' title='bbox 388 1742 466 1761; x_wconf 89' lang='lat' dir='ltr'><strong>omne</strong></span> <span class='ocrx_word' id='word_1_579' title='bbox 488 1730 632 1761; x_wconf 84' lang='lat' dir='ltr'><strong>artificium</strong></span> <span class='ocrx_word' id='word_1_580' title='bbox 657 1731 773 1770; x_wconf 88' lang='lat' dir='ltr'><strong>seipsum</strong></span> <span class='ocrx_word' id='word_1_581' title='bbox 794 1738 920 1770; x_wconf 87' lang='lat' dir='ltr'><strong>operatur</strong></span> <span class='ocrx_word' id='word_1_582' title='bbox 935 1742 942 1758; x_wconf 86' lang='lat'>:</span> <span class='ocrx_word' id='word_1_583' title='bbox 956 1739 988 1761; x_wconf 92' lang='lat' dir='ltr'><strong>ut</strong></span> 
     </span>
     <span class='ocr_line' id='line_1_72' title="bbox 251 1770 988 1811; baseline 0.001 -11"><span class='ocrx_word' id='word_1_584' title='bbox 251 1778 333 1810; x_wconf 85' lang='lat' dir='ltr'><strong>puta,</strong></span> <span class='ocrx_word' id='word_1_585' title='bbox 351 1771 470 1811; x_wconf 85' lang='lat' dir='ltr'><strong>operaris</strong></span> <span class='ocrx_word' id='word_1_586' title='bbox 489 1771 611 1807; x_wconf 89' lang='lat' dir='ltr'><strong>vineam,</strong></span> <span class='ocrx_word' id='word_1_587' title='bbox 627 1770 734 1809; x_wconf 76' lang='lat' dir='ltr'><strong>colligis</strong></span> <span class='ocrx_word' id='word_1_588' title='bbox 755 1770 859 1799; x_wconf 87' lang='lat' dir='ltr'><strong>fructus</strong></span> <span class='ocrx_word' id='word_1_589' title='bbox 877 1771 947 1810; x_wconf 87' lang='lat' dir='ltr'><strong>ejus,</strong></span> <span class='ocrx_word' id='word_1_590' title='bbox 962 1779 988 1802; x_wconf 91' lang='lat' dir='ltr'><strong>et</strong></span> 
     </span>
     <span class='ocr_line' id='line_1_73' title="bbox 251 1809 987 1878; baseline 0.003 -39"><span class='ocrx_word' id='word_1_591' title='bbox 251 1811 396 1840; x_wconf 85' lang='lat' dir='ltr'><strong>delectatus</strong></span> <span class='ocrx_word' id='word_1_592' title='bbox 409 1810 436 1839; x_wconf 91' lang='lat' dir='ltr'><strong>in</strong></span> <span class='ocrx_word' id='word_1_593' title='bbox 450 1810 499 1847; x_wconf 89' lang='lat' dir='ltr'><strong>eis,</strong></span> <span class='ocrx_word' id='word_1_594' title='bbox 512 1810 608 1839; x_wconf 89' lang='lat' dir='ltr'><strong>melius</strong></span> <span class='ocrx_word' id='word_1_595' title='bbox 618 1809 746 1878; x_wconf 58' lang='lat' dir='ltr'><strong>egeratis.</strong></span> <span class='ocrx_word' id='word_1_596' title='bbox 757 1809 841 1839; x_wconf 89' lang='lat' dir='ltr'><strong>Vides</strong></span> <span class='ocrx_word' id='word_1_597' title='bbox 853 1811 916 1848; x_wconf 91' lang='lat' dir='ltr'><strong>quia</strong></span> <span class='ocrx_word' id='word_1_598' title='bbox 931 1811 987 1851; x_wconf 90' lang='lat' dir='ltr'><strong>ipsa</strong></span> 
     </span>
     <span class='ocr_line' id='line_1_74' title="bbox 252 1849 989 1885; baseline 0.001 -6"><span class='ocrx_word' id='word_1_599' title='bbox 252 1861 279 1879; x_wconf 91' lang='lat' dir='ltr'><strong>se</strong></span> <span class='ocrx_word' id='word_1_600' title='bbox 289 1850 353 1880; x_wconf 88' lang='lat' dir='ltr'><strong>colit</strong></span> <span class='ocrx_word' id='word_1_601' title='bbox 365 1850 550 1879; x_wconf 84' lang='lat' dir='ltr'><strong>fructificando</strong></span> <span class='ocrx_word' id='word_1_602' title='bbox 561 1849 622 1885; x_wconf 90' lang='lat' dir='ltr'><strong>tibi,</strong></span> <span class='ocrx_word' id='word_1_603' title='bbox 658 1859 703 1877; x_wconf 90' lang='lat' dir='ltr'><strong>um</strong></span> <span class='ocrx_word' id='word_1_604' title='bbox 713 1849 830 1878; x_wconf 81' lang='lat' dir='ltr'><strong>colitur?</strong></span> <span class='ocrx_word' id='word_1_605' title='bbox 841 1850 887 1879; x_wconf 90' lang='lat' dir='ltr'><strong>Sic</strong></span> <span class='ocrx_word' id='word_1_606' title='bbox 900 1861 933 1880; x_wconf 85' lang='lat' dir='ltr'><strong>ex</strong></span> <span class='ocrx_word' id='word_1_607' title='bbox 946 1851 989 1880; x_wconf 90' lang='lat' dir='ltr'><strong>di-</strong></span> 
     </span>
     <span class='ocr_line' id='line_1_75' title="bbox 252 1888 988 1933; baseline 0.003 -15"><span class='ocrx_word' id='word_1_608' title='bbox 252 1900 339 1927; x_wconf 88' lang='lat' dir='ltr'><strong>verso,</strong></span> <span class='ocrx_word' id='word_1_609' title='bbox 354 1889 401 1928; x_wconf 91' lang='lat' dir='ltr'><strong>qui</strong></span> <span class='ocrx_word' id='word_1_610' title='bbox 422 1900 491 1929; x_wconf 85' lang='lat' dir='ltr'><strong>opus</strong></span> <span class='ocrx_word' id='word_1_611' title='bbox 513 1889 614 1933; x_wconf 85' lang='lat' dir='ltr'><strong>peccati</strong></span> <span class='ocrx_word' id='word_1_612' title='bbox 634 1888 798 1927; x_wconf 80' lang='lat' dir='ltr'><strong>exsequitur,</strong></span> <span class='ocrx_word' id='word_1_613' title='bbox 813 1889 902 1928; x_wconf 88' lang='lat' dir='ltr'><strong>ipsum</strong></span> <span class='ocrx_word' id='word_1_614' title='bbox 926 1900 988 1920; x_wconf 89' lang='lat' dir='ltr'><strong>cum</strong></span> 
     </span>
    </p>

    <p class='ocr_par' dir='ltr' id='par_1_16' title="bbox 252 1927 988 2052">
     <span class='ocr_line' id='line_1_76' title="bbox 271 1927 988 1968; baseline 0.001 -10"><span class='ocrx_word' id='word_1_615' title='bbox 271 1936 388 1958; x_wconf 85' lang='lat' dir='ltr'><strong>eccatum</strong></span> <span class='ocrx_word' id='word_1_616' title='bbox 402 1929 437 1958; x_wconf 86' lang='lat' dir='ltr'><strong>sit</strong></span> <span class='ocrx_word' id='word_1_617' title='bbox 455 1929 566 1968; x_wconf 79' lang='lat' dir='ltr'><strong>spiritus</strong></span> <span class='ocrx_word' id='word_1_618' title='bbox 587 1927 751 1964; x_wconf 88' lang='lat' dir='ltr'><strong>immundus,</strong></span> <span class='ocrx_word' id='word_1_619' title='bbox 764 1935 889 1967; x_wconf 89' lang='lat' dir='ltr'><strong>operatur</strong></span> <span class='ocrx_word' id='word_1_620' title='bbox 908 1929 936 1958; x_wconf 90' lang='lat' dir='ltr'><strong>in</strong></span> <span class='ocrx_word' id='word_1_621' title='bbox 956 1940 988 1959; x_wconf 86' lang='lat' dir='ltr'><strong>eo</strong></span> 
     </span>
     <span class='ocr_line' id='line_1_77' title="bbox 252 1939 987 2007; baseline 0.003 -10"><span class='ocrx_word' id='word_1_622' title='bbox 252 1939 453 1997; x_wconf 51' lang='lat' dir='ltr'><strong>delectationem</strong></span> <span class='ocrx_word' id='word_1_623' title='bbox 469 1967 595 2007; x_wconf 85' lang='lat' dir='ltr'><strong>peccandi</strong></span> <span class='ocrx_word' id='word_1_624' title='bbox 607 1980 613 1996; x_wconf 91' lang='lat'><strong>:</strong></span> <span class='ocrx_word' id='word_1_625' title='bbox 628 1974 658 1996; x_wconf 90' lang='lat' dir='ltr'><strong>ut</strong></span> <span class='ocrx_word' id='word_1_626' title='bbox 671 1967 736 1996; x_wconf 84' lang='lat' dir='ltr'><strong>dum</strong></span> <span class='ocrx_word' id='word_1_627' title='bbox 755 1966 902 1997; x_wconf 86' lang='lat' dir='ltr'><strong>delectatur</strong></span> <span class='ocrx_word' id='word_1_628' title='bbox 915 1969 987 1999; x_wconf 89' lang='lat' dir='ltr'><strong>circa</strong></span> 
     </span>
     <span class='ocr_line' id='line_1_78' title="bbox 253 2007 988 2052; baseline 0.003 -16"><span class='ocrx_word' id='word_1_629' title='bbox 253 2015 402 2046; x_wconf 87' lang='lat' dir='ltr'><strong>peccatum,</strong></span> <span class='ocrx_word' id='word_1_630' title='bbox 422 2007 538 2052; x_wconf 76' lang='lat' dir='ltr'><strong>amplius</strong></span> <span class='ocrx_word' id='word_1_631' title='bbox 558 2013 658 2047; x_wconf 82' lang='lat' dir='ltr'><strong>peccet.</strong></span> <span class='ocrx_word' id='word_1_632' title='bbox 673 2007 717 2036; x_wconf 90' lang='lat' dir='ltr'><strong>Sic</strong></span> <span class='ocrx_word' id='word_1_633' title='bbox 739 2013 765 2036; x_wconf 87' lang='lat' dir='ltr'><strong>et</strong></span> <span class='ocrx_word' id='word_1_634' title='bbox 778 2007 834 2050; x_wconf 37' lang='lat' dir='ltr'><strong>&#39;qui</strong></span> <span class='ocrx_word' id='word_1_635' title='bbox 854 2008 988 2047; x_wconf 89' lang='lat' dir='ltr'><strong>justitiam</strong></span> 
     </span>
    </p>
   </div>
   <div class='ocr_carea' id='block_1_16' title="bbox 1039 1493 1779 1577">
    <p class='ocr_par' dir='ltr' id='par_1_17' title="bbox 1039 1493 1779 1577">
     <span class='ocr_line' id='line_1_79' title="bbox 1039 1493 1777 1534; baseline 0.008 -13"><span class='ocrx_word' id='word_1_636' title='bbox 1039 1499 1065 1521; x_wconf 84' lang='lat' dir='ltr'><strong>et</strong></span> <span class='ocrx_word' id='word_1_637' title='bbox 1078 1494 1216 1533; x_wconf 84' lang='lat' dir='ltr'><strong>perierunt</strong></span> <span class='ocrx_word' id='word_1_638' title='bbox 1232 1505 1238 1522; x_wconf 76' lang='grc' dir='ltr'><strong><em>ε</em></strong></span> <span class='ocrx_word' id='word_1_639' title='bbox 1255 1494 1373 1530; x_wconf 86' lang='lat' dir='ltr'><strong>Quaerite</strong></span> <span class='ocrx_word' id='word_1_640' title='bbox 1386 1503 1430 1523; x_wconf 88' lang='lat' dir='ltr'><strong>eos</strong></span> <span class='ocrx_word' id='word_1_641' title='bbox 1444 1493 1611 1525; x_wconf 82' lang='lat' dir='ltr'><strong>admonendo</strong></span> <span class='ocrx_word' id='word_1_642' title='bbox 1629 1496 1759 1527; x_wconf 85' lang='lat' dir='ltr'><strong>benevole</strong></span> <span class='ocrx_word' id='word_1_643' title='bbox 1770 1521 1777 1534; x_wconf 97' lang='lat'><strong>,</strong></span> 
     </span>
     <span class='ocr_line' id='line_1_80' title="bbox 1040 1532 1779 1577; baseline 0.008 -16"><span class='ocrx_word' id='word_1_644' title='bbox 1040 1532 1220 1572; x_wconf 87' lang='lat' dir='ltr'><strong>promittendo</strong></span> <span class='ocrx_word' id='word_1_645' title='bbox 1244 1534 1283 1562; x_wconf 90' lang='lat' dir='ltr'><strong>eis</strong></span> <span class='ocrx_word' id='word_1_646' title='bbox 1308 1533 1520 1563; x_wconf 88' lang='lat' dir='ltr'><strong>misericordiam</strong></span> <span class='ocrx_word' id='word_1_647' title='bbox 1534 1534 1595 1571; x_wconf 84' lang='lat' dir='ltr'><strong>Dei,</strong></span> <span class='ocrx_word' id='word_1_648' title='bbox 1610 1542 1636 1564; x_wconf 89' lang='lat' dir='ltr'><strong>et</strong></span> <span class='ocrx_word' id='word_1_649' title='bbox 1657 1536 1686 1565; x_wconf 85' lang='lat' dir='ltr'><strong>in</strong></span> <span class='ocrx_word' id='word_1_650' title='bbox 1705 1547 1779 1577; x_wconf 86' lang='lat' dir='ltr'><strong>spem</strong></span> 
     </span>
    </p>
   </div>
   <div class='ocr_carea' id='block_1_17' title="bbox 1038 1571 1904 1659">
    <p class='ocr_par' dir='ltr' id='par_1_18' title="bbox 1038 1571 1904 1659">
     <span class='ocr_line' id='line_1_81' title="bbox 1038 1571 1904 1615; baseline 0.006 -14"><span class='ocrx_word' id='word_1_651' title='bbox 1038 1582 1083 1601; x_wconf 85' lang='lat' dir='ltr'><strong>eos</strong></span> <span class='ocrx_word' id='word_1_652' title='bbox 1097 1571 1266 1601; x_wconf 88' lang='lat' dir='ltr'><strong>adducendo.</strong></span> <span class='ocrx_word' id='word_1_653' title='bbox 1279 1571 1324 1602; x_wconf 85' lang='lat' dir='ltr'><strong>Sic</strong></span> <span class='ocrx_word' id='word_1_654' title='bbox 1337 1573 1408 1601; x_wconf 90' lang='lat' dir='ltr'><strong>enim</strong></span> <span class='ocrx_word' id='word_1_655' title='bbox 1417 1580 1444 1602; x_wconf 89' lang='lat' dir='ltr'><strong>et</strong></span> <span class='ocrx_word' id='word_1_656' title='bbox 1453 1573 1554 1603; x_wconf 85' lang='lat' dir='ltr'><strong>Paulus</strong></span> <span class='ocrx_word' id='word_1_657' title='bbox 1567 1576 1780 1615; x_wconf 79' lang='lat' dir='ltr'><strong>eum,quiquasi</strong></span> <span class='ocrx_word' id='word_1_658' title='bbox 1792 1586 1812 1601; x_wconf 92' lang='lat'><strong>¹-</strong></span> <span class='ocrx_word' id='word_1_659' title='bbox 1828 1578 1882 1602; x_wconf 81' lang='lat' dir='ltr'><strong>Cor·</strong></span> <span class='ocrx_word' id='word_1_660' title='bbox 1894 1578 1904 1602; x_wconf 76' lang='lat'><strong><em>⁵</em></strong></span> 
     </span>
     <span class='ocr_line' id='line_1_82' title="bbox 1038 1612 1904 1659; baseline 0.013 -19"><span class='ocrx_word' id='word_1_661' title='bbox 1038 1622 1137 1651; x_wconf 88' lang='lat' dir='ltr'><strong>porcus</strong></span> <span class='ocrx_word' id='word_1_662' title='bbox 1150 1618 1176 1640; x_wconf 88' lang='lat' dir='ltr'><strong>et</strong></span> <span class='ocrx_word' id='word_1_663' title='bbox 1188 1622 1241 1640; x_wconf 92' lang='lat' dir='ltr'><strong>non</strong></span> <span class='ocrx_word' id='word_1_664' title='bbox 1251 1612 1332 1640; x_wconf 82' lang='lat' dir='ltr'><strong>homo</strong></span> <span class='ocrx_word' id='word_1_665' title='bbox 1352 1612 1536 1642; x_wconf 79' lang='lat' dir='ltr'><strong>indifferenter</strong></span> <span class='ocrx_word' id='word_1_666' title='bbox 1549 1614 1706 1659; x_wconf 73' lang='lat' dir='ltr'><strong>conjugium</strong></span> <span class='ocrx_word' id='word_1_667' title='bbox 1719 1627 1780 1646; x_wconf 81' lang='lat' dir='ltr'><strong>ma-</strong></span> <span class='ocrx_word' id='word_1_668' title='bbox 1789 1635 1830 1653; x_wconf 80' lang='lat' dir='ltr'><strong>xc.</strong></span> <span class='ocrx_word' id='word_1_669' title='bbox 1897 1612 1904 1632; x_wconf 43' lang='grc' dir='ltr'>Ἰ</span> 
     </span>
    </p>
   </div>
   <div class='ocr_carea' id='block_1_18' title="bbox 1036 1651 1780 1892">
    <p class='ocr_par' dir='ltr' id='par_1_19' title="bbox 1036 1651 1780 1892">
     <span class='ocr_line' id='line_1_83' title="bbox 1037 1651 1780 1693; baseline 0.008 -14"><span class='ocrx_word' id='word_1_670' title='bbox 1037 1651 1175 1681; x_wconf 86' lang='lat' dir='ltr'><strong>culaverat</strong></span> <span class='ocrx_word' id='word_1_671' title='bbox 1189 1651 1283 1690; x_wconf 84' lang='lat' dir='ltr'><strong>patris,</strong></span> <span class='ocrx_word' id='word_1_672' title='bbox 1297 1652 1432 1690; x_wconf 83' lang='lat' dir='ltr'><strong>quaesivit,</strong></span> <span class='ocrx_word' id='word_1_673' title='bbox 1444 1659 1471 1682; x_wconf 91' lang='lat' dir='ltr'><strong>et</strong></span> <span class='ocrx_word' id='word_1_674' title='bbox 1484 1663 1532 1693; x_wconf 86' lang='lat' dir='ltr'><strong>per</strong></span> <span class='ocrx_word' id='word_1_675' title='bbox 1540 1660 1652 1693; x_wconf 78' lang='lat' dir='ltr'><strong>granam</strong></span> <span class='ocrx_word' id='word_1_676' title='bbox 1666 1656 1716 1685; x_wconf 91' lang='lat' dir='ltr'><strong>Dei</strong></span> <span class='ocrx_word' id='word_1_677' title='bbox 1730 1655 1780 1685; x_wconf 85' lang='lat' dir='ltr'><strong>in-</strong></span> 
     </span>
     <span class='ocr_line' id='line_1_84' title="bbox 1037 1691 1780 1733; baseline 0.007 -13"><span class='ocrx_word' id='word_1_678' title='bbox 1037 1691 1122 1720; x_wconf 84' lang='lat' dir='ltr'><strong>venit.</strong></span> <span class='ocrx_word' id='word_1_679' title='bbox 1139 1691 1261 1720; x_wconf 86' lang='lat' dir='ltr'><strong>Gentiles</strong></span> <span class='ocrx_word' id='word_1_680' title='bbox 1279 1697 1368 1720; x_wconf 85' lang='lat' dir='ltr'><strong>autem</strong></span> <span class='ocrx_word' id='word_1_681' title='bbox 1387 1691 1430 1722; x_wconf 86' lang='lat' dir='ltr'><strong>vel</strong></span> <span class='ocrx_word' id='word_1_682' title='bbox 1451 1692 1600 1730; x_wconf 71' lang='lat' dir='ltr'><strong>haereticos,</strong></span> <span class='ocrx_word' id='word_1_683' title='bbox 1621 1694 1668 1733; x_wconf 83' lang='lat' dir='ltr'><strong>qui</strong></span> <span class='ocrx_word' id='word_1_684' title='bbox 1683 1695 1780 1725; x_wconf 83' lang='lat' dir='ltr'><strong>verisi-</strong></span> 
     </span>
     <span class='ocr_line' id='line_1_85' title="bbox 1037 1730 1779 1775; baseline 0.007 -16"><span class='ocrx_word' id='word_1_685' title='bbox 1037 1730 1149 1760; x_wconf 88' lang='lat' dir='ltr'><strong>milibus</strong></span> <span class='ocrx_word' id='word_1_686' title='bbox 1161 1730 1379 1770; x_wconf 86' lang='lat' dir='ltr'><strong>persuasionibus</strong></span> <span class='ocrx_word' id='word_1_687' title='bbox 1394 1731 1596 1762; x_wconf 87' lang='lat' dir='ltr'><strong>mendaciorum</strong></span> <span class='ocrx_word' id='word_1_688' title='bbox 1607 1733 1779 1775; x_wconf 88' lang='lat' dir='ltr'><strong>circumsepti</strong></span> 
     </span>
     <span class='ocr_line' id='line_1_86' title="bbox 1037 1768 1780 1814; baseline 0.009 -16"><span class='ocrx_word' id='word_1_689' title='bbox 1037 1777 1109 1804; x_wconf 89' lang='lat' dir='ltr'><strong>sunt‚</strong></span> <span class='ocrx_word' id='word_1_690' title='bbox 1125 1777 1152 1799; x_wconf 85' lang='lat' dir='ltr'><strong>et</strong></span> <span class='ocrx_word' id='word_1_691' title='bbox 1173 1768 1292 1799; x_wconf 78' lang='lat' dir='ltr'><strong>conclusi</strong></span> <span class='ocrx_word' id='word_1_692' title='bbox 1308 1770 1376 1799; x_wconf 89' lang='lat' dir='ltr'><strong>intra</strong></span> <span class='ocrx_word' id='word_1_693' title='bbox 1396 1771 1511 1801; x_wconf 88' lang='lat' dir='ltr'><strong>claustra</strong></span> <span class='ocrx_word' id='word_1_694' title='bbox 1529 1772 1660 1812; x_wconf 67' lang='lat' dir='ltr'><strong>perfidiae,</strong></span> <span class='ocrx_word' id='word_1_695' title='bbox 1676 1773 1780 1814; x_wconf 86' lang='lat' dir='ltr'><strong>pulsate</strong></span> 
     </span>
     <span class='ocr_line' id='line_1_87' title="bbox 1036 1809 1780 1850; baseline 0.008 -12"><span class='ocrx_word' id='word_1_696' title='bbox 1036 1820 1081 1839; x_wconf 88' lang='lat' dir='ltr'><strong>eos</strong></span> <span class='ocrx_word' id='word_1_697' title='bbox 1091 1809 1221 1839; x_wconf 86' lang='lat' dir='ltr'><strong>doctrinis</strong></span> <span class='ocrx_word' id='word_1_698' title='bbox 1234 1809 1360 1846; x_wconf 88' lang='lat' dir='ltr'><strong>assiduis,</strong></span> <span class='ocrx_word' id='word_1_699' title='bbox 1369 1817 1395 1840; x_wconf 90' lang='lat' dir='ltr'><strong>et</strong></span> <span class='ocrx_word' id='word_1_700' title='bbox 1405 1821 1419 1839; x_wconf 87' lang='lat' dir='ltr'><strong>a</strong></span> <span class='ocrx_word' id='word_1_701' title='bbox 1441 1811 1506 1840; x_wconf 88' lang='lat' dir='ltr'><strong>eriet</strong></span> <span class='ocrx_word' id='word_1_702' title='bbox 1519 1821 1563 1841; x_wconf 85' lang='lat' dir='ltr'><strong>eos</strong></span> <span class='ocrx_word' id='word_1_703' title='bbox 1574 1813 1658 1850; x_wconf 83' lang='lat' dir='ltr'><strong>Deus,</strong></span> <span class='ocrx_word' id='word_1_704' title='bbox 1673 1814 1780 1844; x_wconf 85' lang='lat' dir='ltr'><strong>solvens</strong></span> 
     </span>
     <span class='ocr_line' id='line_1_88' title="bbox 1036 1849 1774 1892; baseline 0.008 -15"><span class='ocrx_word' id='word_1_705' title='bbox 1036 1849 1152 1878; x_wconf 85' lang='lat' dir='ltr'><strong>claustra</strong></span> <span class='ocrx_word' id='word_1_706' title='bbox 1165 1849 1296 1889; x_wconf 65' lang='lat' dir='ltr'><strong>perfidiae,</strong></span> <span class='ocrx_word' id='word_1_707' title='bbox 1308 1856 1334 1878; x_wconf 91' lang='lat' dir='ltr'><strong>et</strong></span> <span class='ocrx_word' id='word_1_708' title='bbox 1354 1850 1424 1879; x_wconf 89' lang='lat' dir='ltr'><strong>habe</strong></span> <span class='ocrx_word' id='word_1_709' title='bbox 1445 1850 1487 1880; x_wconf 90' lang='lat' dir='ltr'><strong>itis</strong></span> <span class='ocrx_word' id='word_1_710' title='bbox 1499 1850 1527 1880; x_wconf 90' lang='lat' dir='ltr'><strong>in</strong></span> <span class='ocrx_word' id='word_1_711' title='bbox 1541 1862 1585 1881; x_wconf 87' lang='lat' dir='ltr'><strong>eos</strong></span> <span class='ocrx_word' id='word_1_712' title='bbox 1601 1852 1751 1892; x_wconf 83' lang='lat' dir='ltr'><strong>ingressum</strong></span> <span class='ocrx_word' id='word_1_713' title='bbox 1765 1866 1774 1882; x_wconf 89' lang='lat'><strong>:</strong></span> 
     </span>
    </p>
   </div>
   <div class='ocr_carea' id='block_1_19' title="bbox 1037 1887 1875 1929">
    <p class='ocr_par' dir='ltr' id='par_1_20' title="bbox 1037 1887 1875 1929">
     <span class='ocr_line' id='line_1_89' title="bbox 1037 1887 1875 1929; baseline 0.005 -11"><span class='ocrx_word' id='word_1_714' title='bbox 1037 1887 1239 1919; x_wconf 76' lang='lat' dir='ltr'><strong>sicutChristus</strong></span> <span class='ocrx_word' id='word_1_715' title='bbox 1252 1889 1319 1919; x_wconf 88' lang='lat' dir='ltr'><strong>dicit</strong></span> <span class='ocrx_word' id='word_1_716' title='bbox 1334 1889 1361 1918; x_wconf 90' lang='lat' dir='ltr'><strong>in</strong></span> <span class='ocrx_word' id='word_1_717' title='bbox 1372 1890 1545 1919; x_wconf 82' lang='lat' dir='ltr'><strong>Revelatione</strong></span> <span class='ocrx_word' id='word_1_718' title='bbox 1556 1892 1667 1921; x_wconf 78' lang='lat' dir='ltr'><strong>Joannis</strong></span> <span class='ocrx_word' id='word_1_719' title='bbox 1681 1905 1688 1921; x_wconf 76' lang='lat' dir='ltr'><em>z</em></span> <span class='ocrx_word' id='word_1_720' title='bbox 1700 1893 1778 1922; x_wconf 82' lang='lat' dir='ltr'><strong>Ecce</strong></span> <span class='ocrx_word' id='word_1_721' title='bbox 1787 1898 1875 1929; x_wconf 54' lang='lat' dir='ltr'><strong>Apenas</strong></span> 
     </span>
    </p>
   </div>
   <div class='ocr_carea' id='block_1_20' title="bbox 1037 1929 1779 2046">
    <p class='ocr_par' dir='ltr' id='par_1_21' title="bbox 1037 1929 1779 2046">
     <span class='ocr_line' id='line_1_90' title="bbox 1037 1929 1779 1971; baseline 0.008 -15"><span class='ocrx_word' id='word_1_722' title='bbox 1037 1939 1088 1968; x_wconf 81' lang='lat' dir='ltr'><strong>ego</strong></span> <span class='ocrx_word' id='word_1_723' title='bbox 1102 1935 1147 1957; x_wconf 85' lang='lat' dir='ltr'><strong>sto</strong></span> <span class='ocrx_word' id='word_1_724' title='bbox 1169 1929 1209 1958; x_wconf 87' lang='lat' dir='ltr'><strong>ad</strong></span> <span class='ocrx_word' id='word_1_725' title='bbox 1228 1930 1345 1964; x_wconf 83' lang='lat' dir='ltr'><strong>ostium,</strong></span> <span class='ocrx_word' id='word_1_726' title='bbox 1361 1935 1388 1957; x_wconf 84' lang='lat' dir='ltr'><strong>et</strong></span> <span class='ocrx_word' id='word_1_727' title='bbox 1400 1930 1485 1968; x_wconf 81' lang='lat' dir='ltr'><strong>pulso</strong></span> <span class='ocrx_word' id='word_1_728' title='bbox 1500 1942 1508 1958; x_wconf 88' lang='grc'><strong>.-</strong></span> <span class='ocrx_word' id='word_1_729' title='bbox 1524 1937 1552 1959; x_wconf 80' lang='lat' dir='ltr'><strong>et</strong></span> <span class='ocrx_word' id='word_1_730' title='bbox 1571 1933 1622 1970; x_wconf 84' lang='lat' dir='ltr'><strong>qui</strong></span> <span class='ocrx_word' id='word_1_731' title='bbox 1634 1935 1779 1971; x_wconf 82' lang='lat' dir='ltr'><strong>aperuerit</strong></span> 
     </span>
     <span class='ocr_line' id='line_1_91' title="bbox 1037 1969 1778 2007; baseline 0.007 -11"><span class='ocrx_word' id='word_1_732' title='bbox 1037 1969 1121 2004; x_wconf 81' lang='lat' dir='ltr'><strong>mihi,</strong></span> <span class='ocrx_word' id='word_1_733' title='bbox 1136 1970 1262 1997; x_wconf 82' lang='lat' dir='ltr'><strong>introibo</strong></span> <span class='ocrx_word' id='word_1_734' title='bbox 1274 1970 1316 1997; x_wconf 86' lang='lat' dir='ltr'><strong>ad</strong></span> <span class='ocrx_word' id='word_1_735' title='bbox 1332 1969 1428 2004; x_wconf 82' lang='lat' dir='ltr'><strong>illum,</strong></span> <span class='ocrx_word' id='word_1_736' title='bbox 1443 1975 1472 1997; x_wconf 85' lang='lat' dir='ltr'><strong>et</strong></span> <span class='ocrx_word' id='word_1_737' title='bbox 1494 1972 1614 1999; x_wconf 76' lang='lat' dir='ltr'><strong>caenabo</strong></span> <span class='ocrx_word' id='word_1_738' title='bbox 1627 1981 1692 2001; x_wconf 76' lang='lat' dir='ltr'><strong>cum</strong></span> <span class='ocrx_word' id='word_1_739' title='bbox 1705 1973 1760 2001; x_wconf 84' lang='lat' dir='ltr'><strong>illo</strong></span> <span class='ocrx_word' id='word_1_740' title='bbox 1770 1994 1778 2007; x_wconf 95' lang='lat'>‚</span> 
     </span>
     <span class='ocr_line' id='line_1_92' title="bbox 1038 2008 1777 2046; baseline 0.007 -10"><span class='ocrx_word' id='word_1_741' title='bbox 1038 2014 1066 2036; x_wconf 84' lang='lat' dir='ltr'><strong>et</strong></span> <span class='ocrx_word' id='word_1_742' title='bbox 1081 2008 1134 2036; x_wconf 84' lang='lat' dir='ltr'><strong>ille</strong></span> <span class='ocrx_word' id='word_1_743' title='bbox 1153 2018 1275 2037; x_wconf 83' lang='lat' dir='ltr'><strong>mecum.</strong></span> <span class='ocrx_word' id='word_1_744' title='bbox 1292 2009 1366 2046; x_wconf 86' lang='lat' dir='ltr'><strong>Ergo</strong></span> <span class='ocrx_word' id='word_1_745' title='bbox 1379 2018 1432 2037; x_wconf 91' lang='lat' dir='ltr'><strong>non</strong></span> <span class='ocrx_word' id='word_1_746' title='bbox 1455 2009 1610 2039; x_wconf 89' lang='lat' dir='ltr'><strong>temerando</strong></span> <span class='ocrx_word' id='word_1_747' title='bbox 1624 2018 1713 2040; x_wconf 85' lang='lat' dir='ltr'><strong>sancta</strong></span> <span class='ocrx_word' id='word_1_748' title='bbox 1726 2013 1777 2041; x_wconf 90' lang='lat' dir='ltr'><strong>Dei</strong></span> 
     </span>
    </p>
   </div>
   <div class='ocr_carea' id='block_1_21' title="bbox 253 2046 1777 2091">
    <p class='ocr_par' dir='ltr' id='par_1_22' title="bbox 253 2046 1777 2091">
     <span class='ocr_line' id='line_1_93' title="bbox 253 2046 1777 2091; baseline 0.003 -16"><span class='ocrx_word' id='word_1_749' title='bbox 253 2054 389 2086; x_wconf 84' lang='lat' dir='ltr'><strong>operatur,</strong></span> <span class='ocrx_word' id='word_1_750' title='bbox 400 2057 461 2076; x_wconf 91' lang='lat' dir='ltr'><strong>cum</strong></span> <span class='ocrx_word' id='word_1_751' title='bbox 471 2054 506 2075; x_wconf 77' lang='lat' dir='ltr'><strong>sit</strong></span> <span class='ocrx_word' id='word_1_752' title='bbox 518 2053 543 2075; x_wconf 88' lang='lat' dir='ltr'><strong>et</strong></span> <span class='ocrx_word' id='word_1_753' title='bbox 556 2048 611 2091; x_wconf 76' lang='lat' dir='ltr'><strong>ipsa</strong></span> <span class='ocrx_word' id='word_1_754' title='bbox 619 2046 722 2086; x_wconf 83' lang='lat' dir='ltr'><strong>justitia</strong></span> <span class='ocrx_word' id='word_1_755' title='bbox 736 2047 854 2091; x_wconf 79' lang='lat' dir='ltr'><strong>Spiritus</strong></span> <span class='ocrx_word' id='word_1_756' title='bbox 868 2055 985 2085; x_wconf 89' lang='lat' dir='ltr'><strong>sanctus,</strong></span> <span class='ocrx_word' id='word_1_757' title='bbox 1003 2059 1022 2082; x_wconf 76' lang='grc' dir='ltr'><strong>ι)</strong></span> <span class='ocrx_word' id='word_1_758' title='bbox 1037 2047 1080 2076; x_wconf 87' lang='lat' dir='ltr'><strong>vel</strong></span> <span class='ocrx_word' id='word_1_759' title='bbox 1094 2054 1255 2086; x_wconf 80' lang='lat' dir='ltr'><strong>peccatore5‚</strong></span> <span class='ocrx_word' id='word_1_760' title='bbox 1269 2047 1314 2076; x_wconf 85' lang='lat' dir='ltr'><strong>vel</strong></span> <span class='ocrx_word' id='word_1_761' title='bbox 1329 2047 1451 2086; x_wconf 85' lang='lat' dir='ltr'><strong>gentiles,</strong></span> <span class='ocrx_word' id='word_1_762' title='bbox 1471 2049 1515 2077; x_wconf 84' lang='lat' dir='ltr'><strong>vel</strong></span> <span class='ocrx_word' id='word_1_763' title='bbox 1535 2049 1673 2078; x_wconf 76' lang='lat' dir='ltr'><strong>haeretioos</strong></span> <span class='ocrx_word' id='word_1_764' title='bbox 1693 2049 1777 2080; x_wconf 75' lang='lat' dir='ltr'><strong>debe-</strong></span> 
     </span>
    </p>
   </div>
   <div class='ocr_carea' id='block_1_22' title="bbox 246 2085 989 2640">
    <p class='ocr_par' dir='ltr' id='par_1_23' title="bbox 246 2085 989 2640">
     <span class='ocr_line' id='line_1_94' title="bbox 252 2085 988 2125; baseline 0.004 -11"><span class='ocrx_word' id='word_1_765' title='bbox 252 2093 377 2125; x_wconf 79' lang='lat' dir='ltr'><strong>operatur</strong></span> <span class='ocrx_word' id='word_1_766' title='bbox 389 2086 416 2114; x_wconf 92' lang='lat' dir='ltr'><strong>in</strong></span> <span class='ocrx_word' id='word_1_767' title='bbox 430 2096 460 2114; x_wconf 85' lang='lat' dir='ltr'><strong>co</strong></span> <span class='ocrx_word' id='word_1_768' title='bbox 471 2085 670 2115; x_wconf 76' lang='lat' dir='ltr'><strong>delectationem</strong></span> <span class='ocrx_word' id='word_1_769' title='bbox 682 2086 792 2125; x_wconf 71' lang='lat' dir='ltr'><strong>justitiae</strong></span> <span class='ocrx_word' id='word_1_770' title='bbox 805 2086 943 2123; x_wconf 76' lang='lat' dir='ltr'><strong>faciendae,</strong></span> <span class='ocrx_word' id='word_1_771' title='bbox 959 2095 988 2118; x_wconf 89' lang='lat' dir='ltr'><strong>ut</strong></span> 
     </span>
     <span class='ocr_line' id='line_1_95' title="bbox 252 2124 989 2165; baseline 0.004 -11"><span class='ocrx_word' id='word_1_772' title='bbox 252 2124 397 2154; x_wconf 86' lang='lat' dir='ltr'><strong>delectatus</strong></span> <span class='ocrx_word' id='word_1_773' title='bbox 410 2125 479 2155; x_wconf 87' lang='lat' dir='ltr'><strong>circa</strong></span> <span class='ocrx_word' id='word_1_774' title='bbox 490 2126 630 2164; x_wconf 82' lang='lat' dir='ltr'><strong>justitiam,</strong></span> <span class='ocrx_word' id='word_1_775' title='bbox 645 2126 761 2165; x_wconf 87' lang='lat' dir='ltr'><strong>amplius</strong></span> <span class='ocrx_word' id='word_1_776' title='bbox 773 2126 862 2155; x_wconf 77' lang='lat' dir='ltr'><strong>saciat.</strong></span> <span class='ocrx_word' id='word_1_777' title='bbox 873 2127 940 2156; x_wconf 89' lang='lat' dir='ltr'><strong>Tale</strong></span> <span class='ocrx_word' id='word_1_778' title='bbox 949 2135 989 2157; x_wconf 84' lang='lat' dir='ltr'><strong>est</strong></span> 
     </span>
     <span class='ocr_line' id='line_1_96' title="bbox 253 2164 987 2205; baseline 0.004 -12"><span class='ocrx_word' id='word_1_779' title='bbox 253 2164 326 2203; x_wconf 91' lang='lat' dir='ltr'><strong>quod</strong></span> <span class='ocrx_word' id='word_1_780' title='bbox 337 2164 403 2194; x_wconf 90' lang='lat' dir='ltr'><strong>dicit</strong></span> <span class='ocrx_word' id='word_1_781' title='bbox 426 2165 553 2204; x_wconf 84' lang='lat' dir='ltr'><strong>sapientia</strong></span> <span class='ocrx_word' id='word_1_782' title='bbox 571 2178 577 2193; x_wconf 73' lang='grc' dir='ltr'>ι</span> <span class='ocrx_word' id='word_1_783' title='bbox 595 2165 757 2204; x_wconf 79' lang='lat' dir='ltr'><strong>Cogitatum</strong></span> <span class='ocrx_word' id='word_1_784' title='bbox 772 2166 847 2194; x_wconf 81' lang='lat' dir='ltr'><strong>habe</strong></span> <span class='ocrx_word' id='word_1_785' title='bbox 859 2167 891 2194; x_wconf 89' lang='lat' dir='ltr'><strong>in</strong></span> <span class='ocrx_word' id='word_1_786' title='bbox 909 2177 987 2205; x_wconf 84' lang='lat' dir='ltr'><strong>proe-</strong></span> 
     </span>
     <span class='ocr_line' id='line_1_97' title="bbox 253 2204 985 2244; baseline 0.005 -12"><span class='ocrx_word' id='word_1_787' title='bbox 253 2205 341 2242; x_wconf 83' lang='lat' dir='ltr'><strong>ceptis</strong></span> <span class='ocrx_word' id='word_1_788' title='bbox 357 2204 422 2240; x_wconf 86' lang='lat' dir='ltr'><strong>Dei,</strong></span> <span class='ocrx_word' id='word_1_789' title='bbox 440 2211 468 2233; x_wconf 82' lang='lat' dir='ltr'><strong>et</strong></span> <span class='ocrx_word' id='word_1_790' title='bbox 482 2206 513 2234; x_wconf 87' lang='lat' dir='ltr'><strong>in</strong></span> <span class='ocrx_word' id='word_1_791' title='bbox 527 2205 674 2233; x_wconf 80' lang='lat' dir='ltr'><strong>mandatis</strong></span> <span class='ocrx_word' id='word_1_792' title='bbox 686 2206 747 2244; x_wconf 79' lang='lat' dir='ltr'><strong>ejus</strong></span> <span class='ocrx_word' id='word_1_793' title='bbox 761 2206 900 2235; x_wconf 84' lang='lat' dir='ltr'><strong>meditare</strong></span> <span class='ocrx_word' id='word_1_794' title='bbox 910 2216 985 2235; x_wconf 87' lang='lat' dir='ltr'><strong>sem-</strong></span> 
     </span>
     <span class='ocr_line' id='line_1_98' title="bbox 250 2245 985 2282; baseline 0.005 -11"><span class='ocrx_word' id='word_1_795' title='bbox 250 2253 313 2282; x_wconf 76' lang='lat' dir='ltr'><strong>per,</strong></span> <span class='ocrx_word' id='word_1_796' title='bbox 329 2250 355 2273; x_wconf 88' lang='lat' dir='ltr'><strong>et</strong></span> <span class='ocrx_word' id='word_1_797' title='bbox 375 2245 436 2282; x_wconf 85' lang='lat' dir='ltr'><strong>ipse</strong></span> <span class='ocrx_word' id='word_1_798' title='bbox 453 2245 635 2282; x_wconf 78' lang='lat' dir='ltr'><strong>confirmabit</strong></span> <span class='ocrx_word' id='word_1_799' title='bbox 652 2255 701 2273; x_wconf 87' lang='lat' dir='ltr'><strong>cor</strong></span> <span class='ocrx_word' id='word_1_800' title='bbox 715 2251 796 2273; x_wconf 81' lang='lat' dir='ltr'><strong>tuum</strong></span> <span class='ocrx_word' id='word_1_801' title='bbox 808 2258 816 2273; x_wconf 91' lang='lat'><em>:</em></span> <span class='ocrx_word' id='word_1_802' title='bbox 831 2252 859 2274; x_wconf 83' lang='lat' dir='ltr'><strong>et</strong></span> <span class='ocrx_word' id='word_1_803' title='bbox 879 2256 985 2275; x_wconf 84' lang='lat' dir='ltr'><strong>concu-</strong></span> 
     </span>
     <span class='ocr_line' id='line_1_99' title="bbox 249 2284 985 2324; baseline 0.004 -12"><span class='ocrx_word' id='word_1_804' title='bbox 249 2284 420 2322; x_wconf 83' lang='lat' dir='ltr'><strong>piscentiam</strong></span> <span class='ocrx_word' id='word_1_805' title='bbox 443 2285 590 2323; x_wconf 66' lang='lat' dir='ltr'><strong>sapientiae</strong></span> <span class='ocrx_word' id='word_1_806' title='bbox 620 2285 671 2312; x_wconf 81' lang='lat' dir='ltr'><strong>tibi</strong></span> <span class='ocrx_word' id='word_1_807' title='bbox 694 2285 786 2314; x_wconf 76' lang='lat' dir='ltr'><strong>dabie.</strong></span> <span class='ocrx_word' id='word_1_808' title='bbox 814 2284 898 2315; x_wconf 85' lang='lat' dir='ltr'><strong>Vides</strong></span> <span class='ocrx_word' id='word_1_809' title='bbox 921 2286 985 2324; x_wconf 86' lang='lat' dir='ltr'><strong>quia</strong></span> 
     </span>
     <span class='ocr_line' id='line_1_100' title="bbox 250 2323 985 2363; baseline 0.004 -12"><span class='ocrx_word' id='word_1_810' title='bbox 250 2323 308 2362; x_wconf 87' lang='lat' dir='ltr'><strong>ipsa</strong></span> <span class='ocrx_word' id='word_1_811' title='bbox 318 2323 421 2361; x_wconf 86' lang='lat' dir='ltr'><strong>justitia</strong></span> <span class='ocrx_word' id='word_1_812' title='bbox 433 2334 460 2352; x_wconf 87' lang='lat' dir='ltr'><strong>se</strong></span> <span class='ocrx_word' id='word_1_813' title='bbox 469 2331 607 2363; x_wconf 86' lang='lat' dir='ltr'><strong>operatur,</strong></span> <span class='ocrx_word' id='word_1_814' title='bbox 618 2330 642 2353; x_wconf 90' lang='lat' dir='ltr'><strong>te</strong></span> <span class='ocrx_word' id='word_1_815' title='bbox 648 2323 832 2353; x_wconf 83' lang='lat' dir='ltr'><strong>tantummodo</strong></span> <span class='ocrx_word' id='word_1_816' title='bbox 842 2324 985 2354; x_wconf 87' lang='lat' dir='ltr'><strong>inchoante</strong></span> 
     </span>
     <span class='ocr_line' id='line_1_101' title="bbox 249 2362 981 2403; baseline 0.005 -13"><span class='ocrx_word' id='word_1_817' title='bbox 249 2369 274 2391; x_wconf 87' lang='lat' dir='ltr'><strong>ct</strong></span> <span class='ocrx_word' id='word_1_818' title='bbox 288 2362 504 2392; x_wconf 81' lang='lat' dir='ltr'><strong>laborante?Scd</strong></span> <span class='ocrx_word' id='word_1_819' title='bbox 515 2370 540 2392; x_wconf 91' lang='lat' dir='ltr'><strong>et</strong></span> <span class='ocrx_word' id='word_1_820' title='bbox 553 2363 609 2402; x_wconf 87' lang='lat' dir='ltr'><strong>ipsa</strong></span> <span class='ocrx_word' id='word_1_821' title='bbox 620 2375 646 2392; x_wconf 87' lang='lat' dir='ltr'><strong>se</strong></span> <span class='ocrx_word' id='word_1_822' title='bbox 657 2364 786 2403; x_wconf 85' lang='lat' dir='ltr'><strong>adaperit,</strong></span> <span class='ocrx_word' id='word_1_823' title='bbox 797 2363 863 2392; x_wconf 89' lang='lat' dir='ltr'><strong>dum</strong></span> <span class='ocrx_word' id='word_1_824' title='bbox 874 2364 981 2394; x_wconf 87' lang='lat' dir='ltr'><strong>colitur.</strong></span> 
     </span>
     <span class='ocr_line' id='line_1_102' title="bbox 250 2401 983 2443; baseline 0.003 -13"><span class='ocrx_word' id='word_1_825' title='bbox 250 2401 324 2431; x_wconf 86' lang='lat' dir='ltr'><strong>Sicut</strong></span> <span class='ocrx_word' id='word_1_826' title='bbox 337 2402 406 2431; x_wconf 89' lang='lat' dir='ltr'><strong>enim</strong></span> <span class='ocrx_word' id='word_1_827' title='bbox 421 2402 468 2441; x_wconf 92' lang='lat' dir='ltr'><strong>qui</strong></span> <span class='ocrx_word' id='word_1_828' title='bbox 489 2410 589 2442; x_wconf 82' lang='lat' dir='ltr'><strong>peccat,</strong></span> <span class='ocrx_word' id='word_1_829' title='bbox 609 2403 674 2432; x_wconf 90' lang='lat' dir='ltr'><strong>dum</strong></span> <span class='ocrx_word' id='word_1_830' title='bbox 689 2409 789 2443; x_wconf 88' lang='lat' dir='ltr'><strong>peccat,</strong></span> <span class='ocrx_word' id='word_1_831' title='bbox 805 2403 890 2441; x_wconf 83' lang='lat' dir='ltr'><strong>magis</strong></span> <span class='ocrx_word' id='word_1_832' title='bbox 904 2410 983 2442; x_wconf 83' lang='lat' dir='ltr'><strong>atque</strong></span> 
     </span>
     <span class='ocr_line' id='line_1_103' title="bbox 250 2441 983 2481; baseline 0.004 -12"><span class='ocrx_word' id='word_1_833' title='bbox 250 2441 334 2479; x_wconf 86' lang='lat' dir='ltr'><strong>magis</strong></span> <span class='ocrx_word' id='word_1_834' title='bbox 346 2442 500 2471; x_wconf 80' lang='lat' dir='ltr'><strong>tenebrescit</strong></span> <span class='ocrx_word' id='word_1_835' title='bbox 522 2453 595 2471; x_wconf 89' lang='lat' dir='ltr'><strong>mens</strong></span> <span class='ocrx_word' id='word_1_836' title='bbox 614 2442 682 2481; x_wconf 84' lang='lat' dir='ltr'><strong>ejus,</strong></span> <span class='ocrx_word' id='word_1_837' title='bbox 699 2449 724 2471; x_wconf 91' lang='lat' dir='ltr'><strong>et</strong></span> <span class='ocrx_word' id='word_1_838' title='bbox 746 2454 762 2472; x_wconf 87' lang='lat' dir='ltr'><strong>a</strong></span> <span class='ocrx_word' id='word_1_839' title='bbox 782 2442 842 2470; x_wconf 88' lang='lat' dir='ltr'><strong>luce</strong></span> <span class='ocrx_word' id='word_1_840' title='bbox 864 2442 983 2472; x_wconf 88' lang='lat' dir='ltr'><strong>veritatis</strong></span> 
     </span>
     <span class='ocr_line' id='line_1_104' title="bbox 249 2480 981 2515; baseline 0.004 -7"><span class='ocrx_word' id='word_1_841' title='bbox 249 2480 357 2515; x_wconf 81' lang='lat' dir='ltr'><strong>recedit,</strong></span> <span class='ocrx_word' id='word_1_842' title='bbox 371 2481 405 2509; x_wconf 88' lang='lat' dir='ltr'><strong>ita</strong></span> <span class='ocrx_word' id='word_1_843' title='bbox 420 2488 448 2510; x_wconf 88' lang='lat' dir='ltr'><strong>ut</strong></span> <span class='ocrx_word' id='word_1_844' title='bbox 465 2481 540 2510; x_wconf 91' lang='lat' dir='ltr'><strong>nulla</strong></span> <span class='ocrx_word' id='word_1_845' title='bbox 552 2482 660 2511; x_wconf 81' lang='lat' dir='ltr'><strong>scientia</strong></span> <span class='ocrx_word' id='word_1_846' title='bbox 673 2481 797 2511; x_wconf 87' lang='lat' dir='ltr'><strong>salutaris</strong></span> <span class='ocrx_word' id='word_1_847' title='bbox 809 2489 941 2511; x_wconf 80' lang='lat' dir='ltr'><strong>remaneat</strong></span> <span class='ocrx_word' id='word_1_848' title='bbox 954 2482 981 2511; x_wconf 92' lang='lat' dir='ltr'><strong>in</strong></span> 
     </span>
     <span class='ocr_line' id='line_1_105' title="bbox 247 2519 979 2559; baseline 0.004 -12"><span class='ocrx_word' id='word_1_849' title='bbox 247 2529 290 2554; x_wconf 89' lang='lat' dir='ltr'><strong>c0,</strong></span> <span class='ocrx_word' id='word_1_850' title='bbox 305 2519 355 2548; x_wconf 89' lang='lat' dir='ltr'><strong>nisi</strong></span> <span class='ocrx_word' id='word_1_851' title='bbox 370 2521 426 2548; x_wconf 88' lang='lat' dir='ltr'><strong>sola</strong></span> <span class='ocrx_word' id='word_1_852' title='bbox 447 2520 609 2559; x_wconf 85' lang='lat' dir='ltr'><strong>malignitas,</strong></span> <span class='ocrx_word' id='word_1_853' title='bbox 625 2521 659 2549; x_wconf 91' lang='lat' dir='ltr'><strong>de</strong></span> <span class='ocrx_word' id='word_1_854' title='bbox 672 2532 725 2559; x_wconf 84' lang='lat' dir='ltr'><strong>qua</strong></span> <span class='ocrx_word' id='word_1_855' title='bbox 748 2521 813 2550; x_wconf 88' lang='lat' dir='ltr'><strong>dicit</strong></span> <span class='ocrx_word' id='word_1_856' title='bbox 832 2521 957 2550; x_wconf 87' lang='lat' dir='ltr'><strong>Salomon</strong></span> <span class='ocrx_word' id='word_1_857' title='bbox 972 2534 979 2550; x_wconf 75' lang='lat' dir='ltr'><strong>t</strong></span> 
     </span>
     <span class='ocr_line' id='line_1_106' title="bbox 247 2558 981 2599; baseline 0.005 -13"><span class='ocrx_word' id='word_1_858' title='bbox 247 2558 397 2596; x_wconf 84' lang='lat' dir='ltr'><strong>Sapientia</strong></span> <span class='ocrx_word' id='word_1_859' title='bbox 408 2561 559 2598; x_wconf 83' lang='lat' dir='ltr'><strong>impiorum</strong></span> <span class='ocrx_word' id='word_1_860' title='bbox 575 2562 704 2599; x_wconf 83' lang='lat' dir='ltr'><strong>nequitia</strong></span> <span class='ocrx_word' id='word_1_861' title='bbox 723 2561 850 2589; x_wconf 65' lang='lat' dir='ltr'><strong>scientia?</strong></span> <span class='ocrx_word' id='word_1_862' title='bbox 863 2567 905 2589; x_wconf 81' lang='lat' dir='ltr'><strong>est</strong></span> <span class='ocrx_word' id='word_1_863' title='bbox 919 2573 928 2589; x_wconf 91' lang='lat'><strong>.·</strong></span> <span class='ocrx_word' id='word_1_864' title='bbox 943 2561 981 2590; x_wconf 90' lang='lat' dir='ltr'><strong>sic</strong></span> 
     </span>
     <span class='ocr_line' id='line_1_107' title="bbox 246 2598 980 2640; baseline 0.004 -13"><span class='ocrx_word' id='word_1_865' title='bbox 246 2604 271 2627; x_wconf 87' lang='lat' dir='ltr'><strong>et</strong></span> <span class='ocrx_word' id='word_1_866' title='bbox 290 2598 336 2637; x_wconf 89' lang='lat' dir='ltr'><strong>qui</strong></span> <span class='ocrx_word' id='word_1_867' title='bbox 357 2598 487 2638; x_wconf 87' lang='lat' dir='ltr'><strong>justitiam</strong></span> <span class='ocrx_word' id='word_1_868' title='bbox 506 2606 646 2638; x_wconf 85' lang='lat' dir='ltr'><strong>operatur,</strong></span> <span class='ocrx_word' id='word_1_869' title='bbox 658 2599 722 2630; x_wconf 84' lang='lat' dir='ltr'><strong>dum</strong></span> <span class='ocrx_word' id='word_1_870' title='bbox 748 2607 884 2640; x_wconf 85' lang='lat' dir='ltr'><strong>operatur,</strong></span> <span class='ocrx_word' id='word_1_871' title='bbox 896 2601 980 2640; x_wconf 85' lang='lat' dir='ltr'><strong>magis</strong></span> 
     </span>
    </p>
   </div>
   <div class='ocr_carea' id='block_1_23' title="bbox 1032 2085 1778 2640">
    <p class='ocr_par' dir='ltr' id='par_1_24' title="bbox 1032 2085 1778 2640">
     <span class='ocr_line' id='line_1_108' title="bbox 1036 2085 1778 2119; baseline 0.005 -4"><span class='ocrx_word' id='word_1_872' title='bbox 1036 2097 1098 2116; x_wconf 91' lang='lat' dir='ltr'><strong>mus</strong></span> <span class='ocrx_word' id='word_1_873' title='bbox 1111 2086 1182 2116; x_wconf 89' lang='lat' dir='ltr'><strong>velle</strong></span> <span class='ocrx_word' id='word_1_874' title='bbox 1194 2085 1298 2115; x_wconf 82' lang='lat' dir='ltr'><strong>salvare</strong></span> <span class='ocrx_word' id='word_1_875' title='bbox 1310 2087 1361 2115; x_wconf 90' lang='lat' dir='ltr'><strong>sub</strong></span> <span class='ocrx_word' id='word_1_876' title='bbox 1374 2087 1484 2116; x_wconf 90' lang='lat' dir='ltr'><strong>obtentu</strong></span> <span class='ocrx_word' id='word_1_877' title='bbox 1498 2087 1687 2117; x_wconf 81' lang='lat' dir='ltr'><strong>misericordiae</strong></span> <span class='ocrx_word' id='word_1_878' title='bbox 1704 2102 1710 2117; x_wconf 94' lang='lat'><strong>:</strong></span> <span class='ocrx_word' id='word_1_879' title='bbox 1726 2090 1778 2119; x_wconf 91' lang='lat' dir='ltr'><strong>hoc</strong></span> 
     </span>
     <span class='ocr_line' id='line_1_109' title="bbox 1036 2125 1778 2168; baseline 0.007 -14"><span class='ocrx_word' id='word_1_880' title='bbox 1036 2126 1111 2155; x_wconf 87' lang='lat' dir='ltr'><strong>enim</strong></span> <span class='ocrx_word' id='word_1_881' title='bbox 1119 2125 1274 2155; x_wconf 86' lang='lat' dir='ltr'><strong>temeritatis</strong></span> <span class='ocrx_word' id='word_1_882' title='bbox 1285 2132 1335 2162; x_wconf 90' lang='lat' dir='ltr'><strong>est,</strong></span> <span class='ocrx_word' id='word_1_883' title='bbox 1347 2136 1400 2155; x_wconf 93' lang='lat' dir='ltr'><strong>non</strong></span> <span class='ocrx_word' id='word_1_884' title='bbox 1411 2126 1553 2155; x_wconf 91' lang='lat' dir='ltr'><strong>bonitatis:</strong></span> <span class='ocrx_word' id='word_1_885' title='bbox 1564 2127 1612 2157; x_wconf 89' lang='lat' dir='ltr'><strong>sed</strong></span> <span class='ocrx_word' id='word_1_886' title='bbox 1621 2129 1709 2158; x_wconf 91' lang='lat' dir='ltr'><strong>Deum</strong></span> <span class='ocrx_word' id='word_1_887' title='bbox 1718 2130 1778 2168; x_wconf 86' lang='lat' dir='ltr'><strong>qui-</strong></span> 
     </span>
     <span class='ocr_line' id='line_1_110' title="bbox 1036 2165 1774 2206; baseline 0.005 -12"><span class='ocrx_word' id='word_1_888' title='bbox 1036 2165 1097 2194; x_wconf 89' lang='lat' dir='ltr'><strong>dem</strong></span> <span class='ocrx_word' id='word_1_889' title='bbox 1110 2165 1224 2205; x_wconf 84' lang='lat' dir='ltr'><strong>petendo</strong></span> <span class='ocrx_word' id='word_1_890' title='bbox 1237 2176 1286 2204; x_wconf 89' lang='lat' dir='ltr'><strong>pro</strong></span> <span class='ocrx_word' id='word_1_891' title='bbox 1299 2165 1348 2202; x_wconf 86' lang='lat' dir='ltr'><strong>eis,</strong></span> <span class='ocrx_word' id='word_1_892' title='bbox 1360 2165 1433 2205; x_wconf 88' lang='lat' dir='ltr'><strong>ipsos</strong></span> <span class='ocrx_word' id='word_1_893' title='bbox 1450 2172 1538 2195; x_wconf 86' lang='lat' dir='ltr'><strong>autem</strong></span> <span class='ocrx_word' id='word_1_894' title='bbox 1555 2167 1599 2196; x_wconf 83' lang='lat' dir='ltr'><strong>vel</strong></span> <span class='ocrx_word' id='word_1_895' title='bbox 1619 2169 1774 2206; x_wconf 68' lang='lat' dir='ltr'><strong>quaerendo,</strong></span> 
     </span>
     <span class='ocr_line' id='line_1_111' title="bbox 1037 2204 1774 2245; baseline 0.007 -12"><span class='ocrx_word' id='word_1_896' title='bbox 1037 2205 1059 2234; x_wconf 90' lang='lat' dir='ltr'><strong>si</strong></span> <span class='ocrx_word' id='word_1_897' title='bbox 1082 2205 1234 2245; x_wconf 88' lang='lat' dir='ltr'><strong>perierunt,</strong></span> <span class='ocrx_word' id='word_1_898' title='bbox 1249 2206 1293 2234; x_wconf 84' lang='lat' dir='ltr'><strong>vel</strong></span> <span class='ocrx_word' id='word_1_899' title='bbox 1318 2204 1449 2244; x_wconf 84' lang='lat' dir='ltr'><strong>pulsando</strong></span> <span class='ocrx_word' id='word_1_900' title='bbox 1459 2228 1466 2242; x_wconf 97' lang='lat'><strong>,</strong></span> <span class='ocrx_word' id='word_1_901' title='bbox 1490 2206 1512 2235; x_wconf 90' lang='lat' dir='ltr'><strong>si</strong></span> <span class='ocrx_word' id='word_1_902' title='bbox 1538 2206 1623 2236; x_wconf 86' lang='lat' dir='ltr'><strong>clausi</strong></span> <span class='ocrx_word' id='word_1_903' title='bbox 1648 2215 1721 2237; x_wconf 87' lang='lat' dir='ltr'><strong>sunt.</strong></span> <span class='ocrx_word' id='word_1_904' title='bbox 1738 2209 1774 2238; x_wconf 91' lang='lat' dir='ltr'><strong>Et</strong></span> 
     </span>
     <span class='ocr_line' id='line_1_112' title="bbox 1036 2244 1773 2284; baseline 0.004 -10"><span class='ocrx_word' id='word_1_905' title='bbox 1036 2251 1110 2281; x_wconf 89' lang='lat' dir='ltr'><strong>tunc,</strong></span> <span class='ocrx_word' id='word_1_906' title='bbox 1122 2245 1145 2274; x_wconf 92' lang='lat' dir='ltr'><strong>si</strong></span> <span class='ocrx_word' id='word_1_907' title='bbox 1157 2251 1183 2274; x_wconf 89' lang='lat' dir='ltr'><strong>et</strong></span> <span class='ocrx_word' id='word_1_908' title='bbox 1191 2254 1238 2274; x_wconf 87' lang='lat' dir='ltr'><strong>nos</strong></span> <span class='ocrx_word' id='word_1_909' title='bbox 1249 2244 1329 2284; x_wconf 88' lang='lat' dir='ltr'><strong>digne</strong></span> <span class='ocrx_word' id='word_1_910' title='bbox 1343 2245 1470 2284; x_wconf 86' lang='lat' dir='ltr'><strong>petimus,</strong></span> <span class='ocrx_word' id='word_1_911' title='bbox 1478 2252 1504 2275; x_wconf 88' lang='lat' dir='ltr'><strong>et</strong></span> <span class='ocrx_word' id='word_1_912' title='bbox 1514 2246 1556 2275; x_wconf 89' lang='lat' dir='ltr'><strong>illi</strong></span> <span class='ocrx_word' id='word_1_913' title='bbox 1566 2247 1699 2276; x_wconf 89' lang='lat' dir='ltr'><strong>sanabiles</strong></span> <span class='ocrx_word' id='word_1_914' title='bbox 1710 2248 1773 2277; x_wconf 86' lang='lat' dir='ltr'><strong>facti</strong></span> 
     </span>
     <span class='ocr_line' id='line_1_113' title="bbox 1036 2284 1775 2324; baseline 0.004 -11"><span class='ocrx_word' id='word_1_915' title='bbox 1036 2291 1108 2320; x_wconf 89' lang='lat' dir='ltr'><strong>sunt,</strong></span> <span class='ocrx_word' id='word_1_916' title='bbox 1123 2291 1148 2314; x_wconf 90' lang='lat' dir='ltr'><strong>et</strong></span> <span class='ocrx_word' id='word_1_917' title='bbox 1169 2294 1201 2314; x_wconf 88' lang='lat' dir='ltr'><strong>ex</strong></span> <span class='ocrx_word' id='word_1_918' title='bbox 1216 2285 1327 2313; x_wconf 89' lang='lat' dir='ltr'><strong>canibus</strong></span> <span class='ocrx_word' id='word_1_919' title='bbox 1339 2291 1365 2313; x_wconf 88' lang='lat' dir='ltr'><strong>et</strong></span> <span class='ocrx_word' id='word_1_920' title='bbox 1378 2284 1466 2324; x_wconf 83' lang='lat' dir='ltr'><strong>porcis</strong></span> <span class='ocrx_word' id='word_1_921' title='bbox 1480 2285 1628 2316; x_wconf 88' lang='lat' dir='ltr'><strong>immundis</strong></span> <span class='ocrx_word' id='word_1_922' title='bbox 1640 2287 1775 2317; x_wconf 83' lang='lat' dir='ltr'><strong>reformati</strong></span> 
     </span>
     <span class='ocr_line' id='line_1_114' title="bbox 1035 2324 1776 2365; baseline 0.004 -12"><span class='ocrx_word' id='word_1_923' title='bbox 1035 2324 1183 2353; x_wconf 84' lang='lat' dir='ltr'><strong>efficientur</strong></span> <span class='ocrx_word' id='word_1_924' title='bbox 1201 2324 1321 2353; x_wconf 89' lang='lat' dir='ltr'><strong>homines</strong></span> <span class='ocrx_word' id='word_1_925' title='bbox 1341 2324 1436 2360; x_wconf 83' lang='lat' dir='ltr'><strong>sancti,</strong></span> <span class='ocrx_word' id='word_1_926' title='bbox 1451 2331 1477 2354; x_wconf 86' lang='lat' dir='ltr'><strong>et</strong></span> <span class='ocrx_word' id='word_1_927' title='bbox 1497 2325 1535 2354; x_wconf 91' lang='lat' dir='ltr'><strong>sic</strong></span> <span class='ocrx_word' id='word_1_928' title='bbox 1553 2325 1625 2365; x_wconf 83' lang='lat' dir='ltr'><strong>juste</strong></span> <span class='ocrx_word' id='word_1_929' title='bbox 1647 2333 1675 2355; x_wconf 86' lang='lat' dir='ltr'><strong>et</strong></span> <span class='ocrx_word' id='word_1_930' title='bbox 1693 2326 1776 2365; x_wconf 84' lang='lat' dir='ltr'><strong>digne</strong></span> 
     </span>
     <span class='ocr_line' id='line_1_115' title="bbox 1036 2363 1772 2405; baseline 0.003 -12"><span class='ocrx_word' id='word_1_931' title='bbox 1036 2371 1124 2394; x_wconf 85' lang='lat' dir='ltr'><strong>sancta</strong></span> <span class='ocrx_word' id='word_1_932' title='bbox 1135 2363 1344 2403; x_wconf 84' lang='lat' dir='ltr'><strong>participabunt,</strong></span> <span class='ocrx_word' id='word_1_933' title='bbox 1356 2371 1383 2393; x_wconf 87' lang='lat' dir='ltr'><strong>et</strong></span> <span class='ocrx_word' id='word_1_934' title='bbox 1395 2364 1504 2393; x_wconf 82' lang='lat' dir='ltr'><strong>audient</strong></span> <span class='ocrx_word' id='word_1_935' title='bbox 1522 2371 1620 2394; x_wconf 84' lang='lat' dir='ltr'><strong>secreta</strong></span> <span class='ocrx_word' id='word_1_936' title='bbox 1634 2366 1772 2405; x_wconf 70' lang='lat' dir='ltr'><strong>mysteria.</strong></span> 
     </span>
     <span class='ocr_line' id='line_1_116' title="bbox 1036 2404 1776 2444; baseline 0.001 -11"><span class='ocrx_word' id='word_1_937' title='bbox 1036 2404 1065 2433; x_wconf 90' lang='lat'><strong>8.</strong></span> <span class='ocrx_word' id='word_1_938' title='bbox 1084 2405 1183 2433; x_wconf 86' lang='lat' dir='ltr'><strong>Omnis</strong></span> <span class='ocrx_word' id='word_1_939' title='bbox 1197 2405 1274 2432; x_wconf 83' lang='lat' dir='ltr'><strong>enim</strong></span> <span class='ocrx_word' id='word_1_940' title='bbox 1289 2405 1339 2443; x_wconf 86' lang='lat' dir='ltr'><strong>qui</strong></span> <span class='ocrx_word' id='word_1_941' title='bbox 1352 2405 1434 2441; x_wconf 83' lang='lat' dir='ltr'><strong>petit,</strong></span> <span class='ocrx_word' id='word_1_942' title='bbox 1449 2405 1569 2443; x_wconf 81' lang='lat' dir='ltr'><strong>accipit3</strong></span> <span class='ocrx_word' id='word_1_943' title='bbox 1585 2410 1613 2433; x_wconf 79' lang='lat' dir='ltr'><strong>et</strong></span> <span class='ocrx_word' id='word_1_944' title='bbox 1628 2406 1679 2442; x_wconf 83' lang='lat' dir='ltr'><strong>qui</strong></span> <span class='ocrx_word' id='word_1_945' title='bbox 1694 2415 1776 2444; x_wconf 67' lang='lat' dir='ltr'><strong>qua»-</strong></span> 
     </span>
     <span class='ocr_line' id='line_1_117' title="bbox 1036 2443 1775 2482; baseline 0.003 -11"><span class='ocrx_word' id='word_1_946' title='bbox 1036 2446 1073 2472; x_wconf 78' lang='lat' dir='ltr'><strong>rz&#39;t</strong></span> <span class='ocrx_word' id='word_1_947' title='bbox 1098 2445 1228 2479; x_wconf 76' lang='lat' dir='ltr'><strong>invenit;</strong></span> <span class='ocrx_word' id='word_1_948' title='bbox 1256 2450 1285 2472; x_wconf 88' lang='lat' dir='ltr'><strong>et</strong></span> <span class='ocrx_word' id='word_1_949' title='bbox 1306 2443 1438 2482; x_wconf 78' lang='lat' dir='ltr'><strong>pulsanti</strong></span> <span class='ocrx_word' id='word_1_950' title='bbox 1462 2453 1481 2471; x_wconf 88' lang='lat' dir='ltr'><strong>a</strong></span> <span class='ocrx_word' id='word_1_951' title='bbox 1501 2445 1617 2472; x_wconf 85' lang='lat' dir='ltr'><strong>erietur.</strong></span> <span class='ocrx_word' id='word_1_952' title='bbox 1640 2444 1775 2480; x_wconf 84' lang='lat' dir='ltr'><strong>Quoniam</strong></span> 
     </span>
     <span class='ocr_line' id='line_1_118' title="bbox 1034 2454 1773 2523; baseline 0.001 -12"><span class='ocrx_word' id='word_1_953' title='bbox 1034 2482 1150 2517; x_wconf 86' lang='lat' dir='ltr'><strong>dixerat,</strong></span> <span class='ocrx_word' id='word_1_954' title='bbox 1165 2483 1269 2518; x_wconf 82' lang='lat' dir='ltr'><strong>Petite,</strong></span> <span class='ocrx_word' id='word_1_955' title='bbox 1285 2483 1416 2523; x_wconf 82' lang='lat' dir='ltr'><strong>quoerite,</strong></span> <span class='ocrx_word' id='word_1_956' title='bbox 1429 2454 1547 2521; x_wconf 52' lang='lat' dir='ltr'><strong>pulgate</strong></span> <span class='ocrx_word' id='word_1_957' title='bbox 1561 2495 1570 2511; x_wconf 82' lang='lat'><strong>.-</strong></span> <span class='ocrx_word' id='word_1_958' title='bbox 1584 2493 1618 2512; x_wconf 90' lang='lat' dir='ltr'><strong>ne</strong></span> <span class='ocrx_word' id='word_1_959' title='bbox 1631 2483 1698 2512; x_wconf 86' lang='lat' dir='ltr'><strong>forte</strong></span> <span class='ocrx_word' id='word_1_960' title='bbox 1718 2484 1773 2512; x_wconf 88' lang='lat' dir='ltr'><strong>ali-</strong></span> 
     </span>
     <span class='ocr_line' id='line_1_119' title="bbox 1034 2521 1773 2561; baseline 0.003 -11"><span class='ocrx_word' id='word_1_961' title='bbox 1034 2522 1080 2560; x_wconf 85' lang='lat' dir='ltr'><strong>qui</strong></span> <span class='ocrx_word' id='word_1_962' title='bbox 1093 2529 1262 2561; x_wconf 85' lang='lat' dir='ltr'><strong>peccatorum</strong></span> <span class='ocrx_word' id='word_1_963' title='bbox 1276 2521 1414 2551; x_wconf 81' lang='lat' dir='ltr'><strong>audientes</strong></span> <span class='ocrx_word' id='word_1_964' title='bbox 1437 2521 1538 2558; x_wconf 78' lang='lat' dir='ltr'><strong>dicant,</strong></span> <span class='ocrx_word' id='word_1_965' title='bbox 1553 2522 1652 2557; x_wconf 81' lang='lat' dir='ltr'><strong>Etiam,</strong></span> <span class='ocrx_word' id='word_1_966' title='bbox 1666 2522 1715 2552; x_wconf 89' lang='lat' dir='ltr'><strong>ista</strong></span> <span class='ocrx_word' id='word_1_967' title='bbox 1729 2523 1773 2552; x_wconf 81' lang='lat' dir='ltr'><strong>fa-</strong></span> 
     </span>
     <span class='ocr_line' id='line_1_120' title="bbox 1033 2561 1773 2602; baseline 0.001 -12"><span class='ocrx_word' id='word_1_968' title='bbox 1033 2572 1090 2590; x_wconf 86' lang='lat' dir='ltr'><strong>cere</strong></span> <span class='ocrx_word' id='word_1_969' title='bbox 1104 2561 1200 2600; x_wconf 82' lang='lat' dir='ltr'><strong>dignos</strong></span> <span class='ocrx_word' id='word_1_970' title='bbox 1212 2561 1347 2597; x_wconf 88' lang='lat' dir='ltr'><strong>hortatur;</strong></span> <span class='ocrx_word' id='word_1_971' title='bbox 1364 2571 1412 2590; x_wconf 88' lang='lat' dir='ltr'><strong>nos</strong></span> <span class='ocrx_word' id='word_1_972' title='bbox 1425 2568 1514 2590; x_wconf 84' lang='lat' dir='ltr'><strong>autem</strong></span> <span class='ocrx_word' id='word_1_973' title='bbox 1530 2561 1645 2601; x_wconf 85' lang='lat' dir='ltr'><strong>indigni,</strong></span> <span class='ocrx_word' id='word_1_974' title='bbox 1660 2562 1708 2591; x_wconf 85' lang='lat' dir='ltr'><strong>etsi</strong></span> <span class='ocrx_word' id='word_1_975' title='bbox 1729 2573 1773 2602; x_wconf 83' lang='lat' dir='ltr'><strong>pe-</strong></span> 
     </span>
     <span class='ocr_line' id='line_1_121' title="bbox 1032 2600 1772 2640; baseline 0.001 -11"><span class='ocrx_word' id='word_1_976' title='bbox 1032 2600 1164 2637; x_wconf 87' lang='lat' dir='ltr'><strong>tierimus,</strong></span> <span class='ocrx_word' id='word_1_977' title='bbox 1179 2611 1231 2629; x_wconf 92' lang='lat' dir='ltr'><strong>non</strong></span> <span class='ocrx_word' id='word_1_978' title='bbox 1243 2601 1421 2640; x_wconf 85' lang='lat' dir='ltr'><strong>accipiemus:</strong></span> <span class='ocrx_word' id='word_1_979' title='bbox 1433 2600 1481 2630; x_wconf 82' lang='lat' dir='ltr'><strong>etsi</strong></span> <span class='ocrx_word' id='word_1_980' title='bbox 1492 2601 1708 2639; x_wconf 72' lang='lat' dir='ltr'><strong>quaesiverimus,</strong></span> <span class='ocrx_word' id='word_1_981' title='bbox 1719 2612 1772 2630; x_wconf 92' lang='lat' dir='ltr'><strong>non</strong></span> 
     </span>
    </p>
   </div>
  </div>
 </body>
</html>
