<?xml version="1.0" encoding="UTF-8"?>
<!DOCTYPE html PUBLIC "-//W3C//DTD XHTML 1.0 Transitional//EN"
    "http://www.w3.org/TR/xhtml1/DTD/xhtml1-transitional.dtd">
<html xmlns="http://www.w3.org/1999/xhtml" xml:lang="en" lang="en">
 <head>
  <title>
</title>
<meta http-equiv="Content-Type" content="text/html;charset=utf-8" />
  <meta name='ocr-system' content='tesseract 3.04.00' />
  <meta name='ocr-capabilities' content='ocr_page ocr_carea ocr_par ocr_line ocrx_word'/>
</head>
<body>
  <div class='ocr_page' id='page_1' title='image "./operaomniaquaeex06johnuoft_0100.png"; bbox 0 0 1890 2826; ppageno 0'>
   <div class='ocr_carea' id='block_1_1' title="bbox 241 240 980 327">
    <p class='ocr_par' dir='ltr' id='par_1_1' title="bbox 241 240 980 327">
     <span class='ocr_line' id='line_1_1' title="bbox 241 240 980 282; baseline -0.003 -10"><span class='ocrx_word' id='word_1_1' title='bbox 241 243 364 272; x_wconf 77' lang='lat' dir='ltr'><strong>vertisset</strong></span> <span class='ocrx_word' id='word_1_2' title='bbox 388 241 524 271; x_wconf 82' lang='lat' dir='ltr'>ostendere</span> <span class='ocrx_word' id='word_1_3' title='bbox 548 249 655 282; x_wconf 85' lang='lat' dir='ltr'><strong>peccata</strong></span> <span class='ocrx_word' id='word_1_4' title='bbox 680 251 773 270; x_wconf 87' lang='lat' dir='ltr'><strong>corum</strong></span> <span class='ocrx_word' id='word_1_5' title='bbox 798 240 904 271; x_wconf 85' lang='lat' dir='ltr'><strong>veniam</strong></span> <span class='ocrx_word' id='word_1_6' title='bbox 927 251 980 271; x_wconf 89' lang='lat' dir='ltr'><strong>non</strong></span> 
     </span>
     <span class='ocr_line' id='line_1_2' title="bbox 242 286 980 327; baseline -0.003 -10"><span class='ocrx_word' id='word_1_7' title='bbox 242 288 348 318; x_wconf 75' lang='lat' dir='ltr'><strong>mereri.</strong></span> <span class='ocrx_word' id='word_1_8' title='bbox 365 288 469 318; x_wconf 90' lang='lat' dir='ltr'><strong>Eorum</strong></span> <span class='ocrx_word' id='word_1_9' title='bbox 482 287 583 327; x_wconf 87' lang='lat' dir='ltr'><strong>quippe</strong></span> <span class='ocrx_word' id='word_1_10' title='bbox 593 297 675 316; x_wconf 87' lang='lat' dir='ltr'><strong>ausus</strong></span> <span class='ocrx_word' id='word_1_11' title='bbox 699 297 752 316; x_wconf 90' lang='lat' dir='ltr'><strong>non</strong></span> <span class='ocrx_word' id='word_1_12' title='bbox 772 286 865 327; x_wconf 81' lang='lat' dir='ltr'><strong>rapina</strong></span> <span class='ocrx_word' id='word_1_13' title='bbox 893 294 980 322; x_wconf 85' lang='lat' dir='ltr'><strong>erant,</strong></span> 
     </span>
    </p>
   </div>
   <div class='ocr_carea' id='block_1_2' title="bbox 580 178 1466 203">
    <p class='ocr_par' dir='ltr' id='par_1_2' title="bbox 580 178 1466 203">
     <span class='ocr_line' id='line_1_3' title="bbox 580 178 1466 203; baseline 0 0"><span class='ocrx_word' id='word_1_14' title='bbox 580 180 608 203; x_wconf 83' lang='lat' dir='ltr'><strong>S.</strong></span> <span class='ocrx_word' id='word_1_15' title='bbox 636 180 777 203; x_wconf 72' lang='lat' dir='ltr'><strong>JOANMS</strong></span> <span class='ocrx_word' id='word_1_16' title='bbox 798 179 980 203; x_wconf 77' lang='lat' dir='ltr'>CHRYSOST.</span> <span class='ocrx_word' id='word_1_17' title='bbox 1011 179 1165 202; x_wconf 75' lang='lat' dir='ltr'>ARCfflEP.</span> <span class='ocrx_word' id='word_1_18' title='bbox 1195 178 1466 203; x_wconf 74' lang='lat' dir='ltr'><strong>CONSTAN&#39;HNOP.</strong></span> 
     </span>
    </p>
   </div>
   <div class='ocr_carea' id='block_1_3' title="bbox 1032 240 1803 328">
    <p class='ocr_par' dir='ltr' id='par_1_3' title="bbox 1032 240 1803 328">
     <span class='ocr_line' id='line_1_4' title="bbox 1032 240 1802 282; baseline 0.001 -12"><span class='ocrx_word' id='word_1_19' title='bbox 1032 241 1065 270; x_wconf 82' lang='grc' dir='ltr'><strong>τὰ</strong></span> <span class='ocrx_word' id='word_1_20' title='bbox 1089 241 1266 280; x_wconf 79' lang='grc' dir='ltr'>τολμήματα,</span> <span class='ocrx_word' id='word_1_21' title='bbox 1291 240 1349 270; x_wconf 80' lang='grc' dir='ltr'>οὐδὲ</span> <span class='ocrx_word' id='word_1_22' title='bbox 1363 241 1715 282; x_wconf 62' lang='grc' dir='ltr'>γνώμηςέπηρεαζομένης,</span> <span class='ocrx_word' id='word_1_23' title='bbox 1734 241 1802 272; x_wconf 78' lang='grc' dir='ltr'>ἀλλὰ</span> 
     </span>
     <span class='ocr_line' id='line_1_5' title="bbox 1032 286 1803 328; baseline 0.003 -13"><span class='ocrx_word' id='word_1_24' title='bbox 1032 289 1119 327; x_wconf 77' lang='grc' dir='ltr'>ψυχῆς</span> <span class='ocrx_word' id='word_1_25' title='bbox 1138 287 1211 327; x_wconf 83' lang='grc' dir='ltr'>ἔργον</span> <span class='ocrx_word' id='word_1_26' title='bbox 1225 286 1384 326; x_wconf 82' lang='grc' dir='ltr'>ποιουμένης</span> <span class='ocrx_word' id='word_1_27' title='bbox 1396 287 1445 323; x_wconf 83' lang='grc' dir='ltr'><strong>τὴν</strong></span> <span class='ocrx_word' id='word_1_28' title='bbox 1458 287 1613 328; x_wconf 76' lang='grc' dir='ltr'>παρακοὴν,</span> <span class='ocrx_word' id='word_1_29' title='bbox 1626 287 1671 317; x_wconf 79' lang='grc' dir='ltr'><strong>καὶ</strong></span> <span class='ocrx_word' id='word_1_30' title='bbox 1689 288 1803 321; x_wconf 82' lang='grc' dir='ltr'>διανοίας</span> 
     </span>
    </p>
   </div>
   <div class='ocr_carea' id='block_1_4' title="bbox 240 332 1803 374">
    <p class='ocr_par' dir='ltr' id='par_1_4' title="bbox 240 332 1803 374">
     <span class='ocr_line' id='line_1_6' title="bbox 240 332 1803 374; baseline -0.001 -10"><span class='ocrx_word' id='word_1_31' title='bbox 240 346 327 374; x_wconf 84' lang='lat' dir='ltr'><strong>neque</strong></span> <span class='ocrx_word' id='word_1_32' title='bbox 345 335 451 364; x_wconf 81' lang='lat' dir='ltr'><strong>animus</strong></span> <span class='ocrx_word' id='word_1_33' title='bbox 473 334 628 374; x_wconf 82' lang='lat' dir='ltr'><strong>proximum</strong></span> <span class='ocrx_word' id='word_1_34' title='bbox 645 333 782 372; x_wconf 78' lang='lat' dir='ltr'><strong>laedendi3</strong></span> <span class='ocrx_word' id='word_1_35' title='bbox 803 333 850 364; x_wconf 87' lang='lat' dir='ltr'><strong>sed</strong></span> <span class='ocrx_word' id='word_1_36' title='bbox 877 334 982 363; x_wconf 90' lang='lat' dir='ltr'><strong>animus</strong></span> <span class='ocrx_word' id='word_1_37' title='bbox 998 338 1016 360; x_wconf 93' lang='lat' dir='ltr'>C</span> <span class='ocrx_word' id='word_1_38' title='bbox 1033 332 1189 374; x_wconf 79' lang='grc' dir='ltr'>φιλονείκου,</span> <span class='ocrx_word' id='word_1_39' title='bbox 1205 332 1324 373; x_wconf 80' lang='grc' dir='ltr'>καθάπερ</span> <span class='ocrx_word' id='word_1_40' title='bbox 1344 334 1374 362; x_wconf 80' lang='grc' dir='ltr'><strong>ἐκ</strong></span> <span class='ocrx_word' id='word_1_41' title='bbox 1394 333 1506 371; x_wconf 83' lang='grc' dir='ltr'>μελέτης</span> <span class='ocrx_word' id='word_1_42' title='bbox 1524 333 1593 367; x_wconf 83' lang='grc' dir='ltr'>τινὸς</span> <span class='ocrx_word' id='word_1_43' title='bbox 1614 333 1659 363; x_wconf 83' lang='grc' dir='ltr'><strong>καὶ</strong></span> <span class='ocrx_word' id='word_1_44' title='bbox 1674 334 1803 370; x_wconf 84' lang='grc' dir='ltr'>σπουδῆς,</span> 
     </span>
    </p>
   </div>
   <div class='ocr_carea' id='block_1_5' title="bbox 238 380 986 1346">
    <p class='ocr_par' dir='ltr' id='par_1_5' title="bbox 238 380 986 1346">
     <span class='ocr_line' id='line_1_7' title="bbox 240 380 982 421; baseline -0.001 -10"><span class='ocrx_word' id='word_1_45' title='bbox 240 382 302 411; x_wconf 92' lang='lat' dir='ltr'><strong>data</strong></span> <span class='ocrx_word' id='word_1_46' title='bbox 326 392 407 421; x_wconf 87' lang='lat' dir='ltr'><strong>opera</strong></span> <span class='ocrx_word' id='word_1_47' title='bbox 433 381 630 419; x_wconf 83' lang='lat' dir='ltr'>inobsequens,</span> <span class='ocrx_word' id='word_1_48' title='bbox 656 387 682 409; x_wconf 85' lang='lat' dir='ltr'><strong>et</strong></span> <span class='ocrx_word' id='word_1_49' title='bbox 705 390 780 410; x_wconf 89' lang='lat' dir='ltr'><strong>mens</strong></span> <span class='ocrx_word' id='word_1_50' title='bbox 801 380 982 416; x_wconf 77' lang='lat' dir='ltr'><strong>contentiosa,</strong></span> 
     </span>
     <span class='ocr_line' id='line_1_8' title="bbox 240 426 982 467; baseline -0.001 -10"><span class='ocrx_word' id='word_1_51' title='bbox 240 439 300 467; x_wconf 83' lang='lat' dir='ltr'><strong>quae</strong></span> <span class='ocrx_word' id='word_1_52' title='bbox 323 427 401 467; x_wconf 84' lang='lat' dir='ltr'>quasi</span> <span class='ocrx_word' id='word_1_53' title='bbox 422 437 484 456; x_wconf 88' lang='lat' dir='ltr'><strong>cum</strong></span> <span class='ocrx_word' id='word_1_54' title='bbox 507 427 680 457; x_wconf 76' lang='lat' dir='ltr'>meditatione</span> <span class='ocrx_word' id='word_1_55' title='bbox 699 433 725 456; x_wconf 89' lang='lat' dir='ltr'><strong>et</strong></span> <span class='ocrx_word' id='word_1_56' title='bbox 747 426 837 456; x_wconf 87' lang='lat' dir='ltr'><strong>studio</strong></span> <span class='ocrx_word' id='word_1_57' title='bbox 863 427 944 457; x_wconf 83' lang='lat' dir='ltr'><strong>rebus</strong></span> <span class='ocrx_word' id='word_1_58' title='bbox 966 438 982 456; x_wconf 92' lang='lat' dir='ltr'><strong>a</strong></span> 
     </span>
     <span class='ocr_line' id='line_1_9' title="bbox 240 473 982 513; baseline 0 -9"><span class='ocrx_word' id='word_1_59' title='bbox 240 476 298 504; x_wconf 91' lang='lat' dir='ltr'><strong>Deo</strong></span> <span class='ocrx_word' id='word_1_60' title='bbox 324 475 404 513; x_wconf 87' lang='lat' dir='ltr'><strong>gestis</strong></span> <span class='ocrx_word' id='word_1_61' title='bbox 430 474 587 503; x_wconf 86' lang='lat' dir='ltr'><strong>obsistebat.</strong></span> <span class='ocrx_word' id='word_1_62' title='bbox 612 475 671 503; x_wconf 89' lang='lat' dir='ltr'><strong>Hoc</strong></span> <span class='ocrx_word' id='word_1_63' title='bbox 697 473 786 513; x_wconf 84' lang='lat' dir='ltr'><strong>itaque</strong></span> <span class='ocrx_word' id='word_1_64' title='bbox 809 473 982 504; x_wconf 85' lang='lat' dir='ltr'><strong>subindicans</strong></span> 
     </span>
     <span class='ocr_line' id='line_1_10' title="bbox 240 520 983 561; baseline -0.004 -10"><span class='ocrx_word' id='word_1_65' title='bbox 240 521 365 551; x_wconf 82' lang='lat' dir='ltr'><strong>dicebat:</strong></span> <span class='ocrx_word' id='word_1_66' title='bbox 379 521 425 550; x_wconf 88' lang='lat' dir='ltr'><strong>Ne</strong></span> <span class='ocrx_word' id='word_1_67' title='bbox 430 521 517 561; x_wconf 82' lang='lat' dir='ltr'><strong>sorte</strong></span> <span class='ocrx_word' id='word_1_68' title='bbox 535 521 660 549; x_wconf 77' lang='lat' dir='ltr'><strong>videant</strong></span> <span class='ocrx_word' id='word_1_69' title='bbox 672 520 776 558; x_wconf 85' lang='lat' dir='ltr'><strong>oculis,</strong></span> <span class='ocrx_word' id='word_1_70' title='bbox 787 525 815 549; x_wconf 82' lang='lat' dir='ltr'><strong>et</strong></span> <span class='ocrx_word' id='word_1_71' title='bbox 835 520 922 550; x_wconf 83' lang='lat' dir='ltr'><strong>corde</strong></span> <span class='ocrx_word' id='word_1_72' title='bbox 942 522 983 549; x_wconf 85' lang='lat' dir='ltr'><strong>in-</strong></span> 
     </span>
     <span class='ocr_line' id='line_1_11' title="bbox 241 567 983 606; baseline -0.001 -10"><span class='ocrx_word' id='word_1_73' title='bbox 241 567 388 606; x_wconf 83' lang='lat' dir='ltr'><strong>telligant,</strong></span> <span class='ocrx_word' id='word_1_74' title='bbox 406 572 435 596; x_wconf 87' lang='lat' dir='ltr'><strong>et</strong></span> <span class='ocrx_word' id='word_1_75' title='bbox 452 572 670 602; x_wconf 79' lang='lat' dir='ltr'><strong>convertantur,</strong></span> <span class='ocrx_word' id='word_1_76' title='bbox 694 573 721 595; x_wconf 83' lang='lat' dir='ltr'><strong>et</strong></span> <span class='ocrx_word' id='word_1_77' title='bbox 736 576 837 595; x_wconf 82' lang='lat' dir='ltr'><strong>sanem</strong></span> <span class='ocrx_word' id='word_1_78' title='bbox 860 576 918 595; x_wconf 82' lang='lat' dir='ltr'><strong>eos.</strong></span> <span class='ocrx_word' id='word_1_79' title='bbox 943 567 983 595; x_wconf 92' lang='lat' dir='ltr'><strong>Ac</strong></span> 
     </span>
     <span class='ocr_line' id='line_1_12' title="bbox 240 611 982 651; baseline -0.003 -8"><span class='ocrx_word' id='word_1_80' title='bbox 240 614 263 643; x_wconf 90' lang='lat' dir='ltr'><strong>si</strong></span> <span class='ocrx_word' id='word_1_81' title='bbox 275 613 400 643; x_wconf 84' lang='lat' dir='ltr'><strong>timerent</strong></span> <span class='ocrx_word' id='word_1_82' title='bbox 410 613 491 649; x_wconf 84' lang='lat' dir='ltr'><strong>enim,</strong></span> <span class='ocrx_word' id='word_1_83' title='bbox 504 611 602 651; x_wconf 91' lang='lat' dir='ltr'><strong>inquit,</strong></span> <span class='ocrx_word' id='word_1_84' title='bbox 617 622 650 641; x_wconf 90' lang='lat' dir='ltr'><strong>ne</strong></span> <span class='ocrx_word' id='word_1_85' title='bbox 667 612 735 641; x_wconf 81' lang='lat' dir='ltr'><strong>forte</strong></span> <span class='ocrx_word' id='word_1_86' title='bbox 749 611 882 642; x_wconf 84' lang='lat' dir='ltr'><strong>discerent</strong></span> <span class='ocrx_word' id='word_1_87' title='bbox 900 611 982 651; x_wconf 87' lang='lat' dir='ltr'><strong>quid-</strong></span> 
     </span>
     <span class='ocr_line' id='line_1_13' title="bbox 241 658 983 700; baseline 0 -12"><span class='ocrx_word' id='word_1_88' title='bbox 241 659 314 700; x_wconf 82' lang='lat' dir='ltr'><strong>piam</strong></span> <span class='ocrx_word' id='word_1_89' title='bbox 328 669 432 696; x_wconf 88' lang='lat' dir='ltr'><strong>eorum,</strong></span> <span class='ocrx_word' id='word_1_90' title='bbox 446 669 505 697; x_wconf 84' lang='lat' dir='ltr'><strong>quae</strong></span> <span class='ocrx_word' id='word_1_91' title='bbox 522 658 590 687; x_wconf 85' lang='lat' dir='ltr'><strong>scire</strong></span> <span class='ocrx_word' id='word_1_92' title='bbox 604 669 653 698; x_wconf 90' lang='lat' dir='ltr'><strong>par</strong></span> <span class='ocrx_word' id='word_1_93' title='bbox 663 664 730 695; x_wconf 88' lang='lat' dir='ltr'><strong>erat,</strong></span> <span class='ocrx_word' id='word_1_94' title='bbox 745 658 784 687; x_wconf 87' lang='lat' dir='ltr'><strong>sic</strong></span> <span class='ocrx_word' id='word_1_95' title='bbox 806 668 902 698; x_wconf 87' lang='lat' dir='ltr'><strong>magno</strong></span> <span class='ocrx_word' id='word_1_96' title='bbox 921 669 983 688; x_wconf 90' lang='lat' dir='ltr'><strong>cum</strong></span> 
     </span>
     <span class='ocr_line' id='line_1_14' title="bbox 241 704 983 744; baseline -0.003 -9"><span class='ocrx_word' id='word_1_97' title='bbox 241 705 331 735; x_wconf 89' lang='lat' dir='ltr'><strong>studio</strong></span> <span class='ocrx_word' id='word_1_98' title='bbox 341 711 457 734; x_wconf 82' lang='lat' dir='ltr'>mentem</span> <span class='ocrx_word' id='word_1_99' title='bbox 469 715 546 733; x_wconf 91' lang='lat' dir='ltr'><strong>suam</strong></span> <span class='ocrx_word' id='word_1_100' title='bbox 559 711 766 734; x_wconf 81' lang='lat' dir='ltr'><strong>excaecaverant.</strong></span> <span class='ocrx_word' id='word_1_101' title='bbox 781 704 916 741; x_wconf 83' lang='lat' dir='ltr'><strong>Quoniam</strong></span> <span class='ocrx_word' id='word_1_102' title='bbox 931 704 983 744; x_wconf 87' lang='lat' dir='ltr'><strong>igi—</strong></span> 
     </span>
     <span class='ocr_line' id='line_1_15' title="bbox 240 746 984 790; baseline -0.001 -10"><span class='ocrx_word' id='word_1_103' title='bbox 240 746 321 781; x_wconf 50' lang='lat' dir='ltr'><strong>tur&#39;et</strong></span> <span class='ocrx_word' id='word_1_104' title='bbox 331 750 463 780; x_wconf 73' lang='lat' dir='ltr'><strong>accusatio</strong></span> <span class='ocrx_word' id='word_1_105' title='bbox 475 749 631 790; x_wconf 82' lang='lat' dir='ltr'><strong>gravissima</strong></span> <span class='ocrx_word' id='word_1_106' title='bbox 641 756 691 786; x_wconf 84' lang='lat' dir='ltr'><strong>est,</strong></span> <span class='ocrx_word' id='word_1_107' title='bbox 699 757 724 779; x_wconf 86' lang='lat' dir='ltr'><strong>et</strong></span> <span class='ocrx_word' id='word_1_108' title='bbox 734 750 898 790; x_wconf 90' lang='lat' dir='ltr'><strong>supplicium</strong></span> <span class='ocrx_word' id='word_1_109' title='bbox 910 750 984 790; x_wconf 87' lang='lat' dir='ltr'><strong>quod</strong></span> 
     </span>
     <span class='ocr_line' id='line_1_16' title="bbox 240 796 985 836; baseline 0 -9"><span class='ocrx_word' id='word_1_110' title='bbox 240 797 386 827; x_wconf 85' lang='lat' dir='ltr'><strong>condonari</strong></span> <span class='ocrx_word' id='word_1_111' title='bbox 407 797 510 836; x_wconf 88' lang='lat' dir='ltr'><strong>nequit,</strong></span> <span class='ocrx_word' id='word_1_112' title='bbox 530 796 604 836; x_wconf 91' lang='lat' dir='ltr'><strong>quod</strong></span> <span class='ocrx_word' id='word_1_113' title='bbox 623 796 760 836; x_wconf 87' lang='lat' dir='ltr'><strong>reliquum</strong></span> <span class='ocrx_word' id='word_1_114' title='bbox 779 804 845 834; x_wconf 87' lang='lat' dir='ltr'><strong>erat,</strong></span> <span class='ocrx_word' id='word_1_115' title='bbox 867 797 985 827; x_wconf 84' lang='lat' dir='ltr'><strong>ediscere</strong></span> 
     </span>
     <span class='ocr_line' id='line_1_17' title="bbox 240 842 984 883; baseline 0.001 -11"><span class='ocrx_word' id='word_1_116' title='bbox 240 843 326 883; x_wconf 88' lang='lat' dir='ltr'><strong>cupit,</strong></span> <span class='ocrx_word' id='word_1_117' title='bbox 339 850 365 872; x_wconf 91' lang='lat' dir='ltr'><strong>et</strong></span> <span class='ocrx_word' id='word_1_118' title='bbox 377 843 454 882; x_wconf 91' lang='lat' dir='ltr'><strong>quasi</strong></span> <span class='ocrx_word' id='word_1_119' title='bbox 473 842 574 872; x_wconf 85' lang='lat' dir='ltr'>discere</span> <span class='ocrx_word' id='word_1_120' title='bbox 587 842 691 879; x_wconf 90' lang='lat' dir='ltr'><strong>volens,</strong></span> <span class='ocrx_word' id='word_1_121' title='bbox 706 842 928 883; x_wconf 79' lang='lat' dir='ltr'><strong>supplicationem</strong></span> <span class='ocrx_word' id='word_1_122' title='bbox 940 843 984 873; x_wconf 92' lang='lat' dir='ltr'><strong>in-</strong></span> 
     </span>
     <span class='ocr_line' id='line_1_18' title="bbox 239 889 986 930; baseline 0.003 -12"><span class='ocrx_word' id='word_1_123' title='bbox 239 889 326 919; x_wconf 89' lang='lat' dir='ltr'><strong>ducit.</strong></span> <span class='ocrx_word' id='word_1_124' title='bbox 342 889 477 926; x_wconf 77' lang='lat' dir='ltr'><strong>Quoniam</strong></span> <span class='ocrx_word' id='word_1_125' title='bbox 498 900 563 920; x_wconf 85' lang='lat' dir='ltr'><strong>vero</strong></span> <span class='ocrx_word' id='word_1_126' title='bbox 582 899 631 929; x_wconf 89' lang='lat' dir='ltr'><strong>pro</strong></span> <span class='ocrx_word' id='word_1_127' title='bbox 654 889 705 918; x_wconf 83' lang='lat' dir='ltr'><strong>hac</strong></span> <span class='ocrx_word' id='word_1_128' title='bbox 731 899 760 918; x_wconf 86' lang='lat' dir='ltr'><strong>re</strong></span> <span class='ocrx_word' id='word_1_129' title='bbox 778 899 812 918; x_wconf 89' lang='lat' dir='ltr'><strong>ne</strong></span> <span class='ocrx_word' id='word_1_130' title='bbox 834 890 986 930; x_wconf 85' lang='lat' dir='ltr'><strong>supplicare</strong></span> 
     </span>
     <span class='ocr_line' id='line_1_19' title="bbox 239 935 985 976; baseline 0.001 -11"><span class='ocrx_word' id='word_1_131' title='bbox 239 935 349 975; x_wconf 89' lang='lat' dir='ltr'><strong>quidem</strong></span> <span class='ocrx_word' id='word_1_132' title='bbox 359 943 449 976; x_wconf 89' lang='lat' dir='ltr'><strong>aperte</strong></span> <span class='ocrx_word' id='word_1_133' title='bbox 462 936 588 973; x_wconf 81' lang='lat' dir='ltr'><strong>audebat,</strong></span> <span class='ocrx_word' id='word_1_134' title='bbox 600 936 661 965; x_wconf 91' lang='lat' dir='ltr'><strong>ideo</strong></span> <span class='ocrx_word' id='word_1_135' title='bbox 674 935 751 975; x_wconf 86' lang='lat' dir='ltr'><strong>quasi</strong></span> <span class='ocrx_word' id='word_1_136' title='bbox 771 943 802 965; x_wconf 92' lang='lat' dir='ltr'><strong>ut</strong></span> <span class='ocrx_word' id='word_1_137' title='bbox 819 935 919 966; x_wconf 84' lang='lat' dir='ltr'><strong>ediscat</strong></span> <span class='ocrx_word' id='word_1_138' title='bbox 942 937 985 966; x_wconf 94' lang='lat' dir='ltr'><strong>in-</strong></span> 
     </span>
     <span class='ocr_line' id='line_1_20' title="bbox 239 981 984 1023; baseline -0.001 -11"><span class='ocrx_word' id='word_1_139' title='bbox 239 982 445 1022; x_wconf 85' lang='lat' dir='ltr'><strong>terrogationem</strong></span> <span class='ocrx_word' id='word_1_140' title='bbox 464 982 597 1022; x_wconf 82' lang='lat' dir='ltr'><strong>excogitat</strong></span> <span class='ocrx_word' id='word_1_141' title='bbox 616 981 707 1012; x_wconf 85' lang='lat' dir='ltr'><strong>dicens</strong></span> <span class='ocrx_word' id='word_1_142' title='bbox 723 994 731 1011; x_wconf 77' lang='lat' dir='ltr'><strong>t</strong></span> <span class='ocrx_word' id='word_1_143' title='bbox 746 983 796 1011; x_wconf 84' lang='grc'><strong>11.</strong></span> <span class='ocrx_word' id='word_1_144' title='bbox 815 983 984 1023; x_wconf 84' lang='lat' dir='ltr'><strong>Usquequo,</strong></span> 
     </span>
     <span class='ocr_line' id='line_1_21' title="bbox 239 1028 985 1072; baseline 0.001 -14"><span class='ocrx_word' id='word_1_145' title='bbox 239 1030 386 1058; x_wconf 82' lang='lat' dir='ltr'><strong>Domine?</strong></span> <span class='ocrx_word' id='word_1_146' title='bbox 399 1030 440 1059; x_wconf 83' lang='lat' dir='ltr'><strong>Et</strong></span> <span class='ocrx_word' id='word_1_147' title='bbox 451 1029 527 1058; x_wconf 80' lang='lat' dir='ltr'><strong>dixit</strong></span> <span class='ocrx_word' id='word_1_148' title='bbox 538 1040 546 1057; x_wconf 88' lang='lat'><strong>.·</strong></span> <span class='ocrx_word' id='word_1_149' title='bbox 561 1029 662 1057; x_wconf 85' lang='lat' dir='ltr'><strong>Donec</strong></span> <span class='ocrx_word' id='word_1_150' title='bbox 671 1028 841 1058; x_wconf 80' lang='lat' dir='ltr'><strong>desolentur</strong></span> <span class='ocrx_word' id='word_1_151' title='bbox 852 1030 985 1072; x_wconf 59' lang='lat' dir='ltr'><strong>civitates</strong></span> 
     </span>
     <span class='ocr_line' id='line_1_22' title="bbox 239 1074 985 1115; baseline 0 -11"><span class='ocrx_word' id='word_1_152' title='bbox 239 1085 273 1104; x_wconf 87' lang='lat' dir='ltr'><strong>eo</strong></span> <span class='ocrx_word' id='word_1_153' title='bbox 282 1076 363 1115; x_wconf 82' lang='lat' dir='ltr'><strong>quod</strong></span> <span class='ocrx_word' id='word_1_154' title='bbox 374 1085 433 1104; x_wconf 87' lang='lat' dir='ltr'><strong>non</strong></span> <span class='ocrx_word' id='word_1_155' title='bbox 452 1076 661 1112; x_wconf 81' lang='lat' dir='ltr'><strong>habitentur-,et</strong></span> <span class='ocrx_word' id='word_1_156' title='bbox 670 1074 773 1104; x_wconf 87' lang='lat' dir='ltr'><strong>domus</strong></span> <span class='ocrx_word' id='word_1_157' title='bbox 786 1085 820 1104; x_wconf 85' lang='lat' dir='ltr'><strong>eo</strong></span> <span class='ocrx_word' id='word_1_158' title='bbox 831 1076 914 1114; x_wconf 86' lang='lat' dir='ltr'><strong>quod</strong></span> <span class='ocrx_word' id='word_1_159' title='bbox 925 1085 985 1105; x_wconf 87' lang='lat' dir='ltr'><strong>non</strong></span> 
     </span>
     <span class='ocr_line' id='line_1_23' title="bbox 238 1121 981 1161; baseline 0 -11"><span class='ocrx_word' id='word_1_160' title='bbox 238 1122 298 1150; x_wconf 82' lang='lat' dir='ltr'><strong>sint</strong></span> <span class='ocrx_word' id='word_1_161' title='bbox 313 1122 443 1151; x_wconf 79' lang='lat' dir='ltr'><strong>homines</strong></span> <span class='ocrx_word' id='word_1_162' title='bbox 450 1134 463 1156; x_wconf 89' lang='lat'><strong>,·</strong></span> <span class='ocrx_word' id='word_1_163' title='bbox 476 1127 504 1150; x_wconf 83' lang='lat' dir='ltr'><strong>et</strong></span> <span class='ocrx_word' id='word_1_164' title='bbox 522 1127 601 1150; x_wconf 80' lang='lat' dir='ltr'><strong>terra</strong></span> <span class='ocrx_word' id='word_1_165' title='bbox 619 1121 839 1161; x_wconf 81' lang='lat' dir='ltr'><strong>derelinquetur</strong></span> <span class='ocrx_word' id='word_1_166' title='bbox 857 1122 981 1150; x_wconf 80' lang='lat' dir='ltr'><strong>deser-ta.</strong></span> 
     </span>
     <span class='ocr_line' id='line_1_24' title="bbox 239 1167 985 1208; baseline 0 -11"><span class='ocrx_word' id='word_1_167' title='bbox 239 1168 288 1196; x_wconf 68' lang='lat'><strong>12.</strong></span> <span class='ocrx_word' id='word_1_168' title='bbox 302 1168 345 1197; x_wconf 84' lang='lat' dir='ltr'><strong>Et</strong></span> <span class='ocrx_word' id='word_1_169' title='bbox 359 1173 431 1208; x_wconf 67' lang='lat' dir='ltr'><strong>poso·</strong></span> <span class='ocrx_word' id='word_1_170' title='bbox 437 1168 499 1197; x_wconf 78' lang='lat' dir='ltr'><strong>hoec</strong></span> <span class='ocrx_word' id='word_1_171' title='bbox 513 1168 598 1207; x_wconf 83' lang='lat' dir='ltr'><strong>longe</strong></span> <span class='ocrx_word' id='word_1_172' title='bbox 601 1168 702 1208; x_wconf 82' lang='lat' dir='ltr'><strong>saciet</strong></span> <span class='ocrx_word' id='word_1_173' title='bbox 713 1167 796 1196; x_wconf 71' lang='lat' dir='ltr'><strong>Deus</strong></span> <span class='ocrx_word' id='word_1_174' title='bbox 808 1167 985 1205; x_wconf 79' lang='lat' dir='ltr'><strong>homines,et</strong></span> 
     </span>
     <span class='ocr_line' id='line_1_25' title="bbox 239 1212 986 1253; baseline 0.001 -12"><span class='ocrx_word' id='word_1_175' title='bbox 239 1213 516 1253; x_wconf 81' lang='lat' dir='ltr'><strong>multiplicabuntur</strong></span> <span class='ocrx_word' id='word_1_176' title='bbox 547 1214 599 1251; x_wconf 89' lang='lat' dir='ltr'><strong>qui</strong></span> <span class='ocrx_word' id='word_1_177' title='bbox 620 1212 753 1241; x_wconf 85' lang='lat' dir='ltr'><strong>derelicti</strong></span> <span class='ocrx_word' id='word_1_178' title='bbox 766 1212 887 1252; x_wconf 86' lang='lat' dir='ltr'><strong>fuerint</strong></span> <span class='ocrx_word' id='word_1_179' title='bbox 899 1223 986 1252; x_wconf 82' lang='lat' dir='ltr'><strong>super</strong></span> 
     </span>
     <span class='ocr_line' id='line_1_26' title="bbox 239 1260 984 1296; baseline 0.001 -8"><span class='ocrx_word' id='word_1_180' title='bbox 239 1266 359 1296; x_wconf 82' lang='lat' dir='ltr'><strong>terram,</strong></span> <span class='ocrx_word' id='word_1_181' title='bbox 378 1262 425 1290; x_wconf 74' lang='lat'><strong>15.</strong></span> <span class='ocrx_word' id='word_1_182' title='bbox 447 1266 476 1289; x_wconf 81' lang='lat' dir='ltr'><strong>et</strong></span> <span class='ocrx_word' id='word_1_183' title='bbox 486 1261 584 1289; x_wconf 76' lang='lat' dir='ltr'><strong>adhuc</strong></span> <span class='ocrx_word' id='word_1_184' title='bbox 597 1261 628 1288; x_wconf 87' lang='lat' dir='ltr'><strong>in</strong></span> <span class='ocrx_word' id='word_1_185' title='bbox 653 1269 689 1288; x_wconf 81' lang='lat' dir='ltr'><strong>ea</strong></span> <span class='ocrx_word' id='word_1_186' title='bbox 704 1265 747 1288; x_wconf 81' lang='lat' dir='ltr'><strong>est</strong></span> <span class='ocrx_word' id='word_1_187' title='bbox 765 1260 930 1289; x_wconf 79' lang='lat' dir='ltr'><strong>decimatio.</strong></span> <span class='ocrx_word' id='word_1_188' title='bbox 942 1261 984 1289; x_wconf 85' lang='lat' dir='ltr'><strong>Et</strong></span> 
     </span>
     <span class='ocr_line' id='line_1_27' title="bbox 238 1307 980 1346; baseline 0.001 -11"><span class='ocrx_word' id='word_1_189' title='bbox 238 1316 339 1335; x_wconf 81' lang='lat' dir='ltr'><strong>rursus</strong></span> <span class='ocrx_word' id='word_1_190' title='bbox 355 1308 411 1336; x_wconf 85' lang='lat' dir='ltr'><strong>erit</strong></span> <span class='ocrx_word' id='word_1_191' title='bbox 421 1307 453 1336; x_wconf 87' lang='lat' dir='ltr'><strong>in</strong></span> <span class='ocrx_word' id='word_1_192' title='bbox 467 1307 713 1346; x_wconf 77' lang='lat' dir='ltr'><strong>depraedationem</strong></span> <span class='ocrx_word' id='word_1_193' title='bbox 736 1312 769 1335; x_wconf 85' lang='lat' dir='ltr'><strong>ut</strong></span> <span class='ocrx_word' id='word_1_194' title='bbox 790 1307 980 1343; x_wconf 80' lang='lat' dir='ltr'><strong>terebinthus,</strong></span> 
     </span>
    </p>
   </div>
   <div class='ocr_carea' id='block_1_6' title="bbox 1031 378 1804 834">
    <p class='ocr_par' dir='ltr' id='par_1_6' title="bbox 1031 378 1804 834">
     <span class='ocr_line' id='line_1_28' title="bbox 1033 378 1803 419; baseline 0.003 -12"><span class='ocrx_word' id='word_1_195' title='bbox 1033 379 1223 417; x_wconf 79' lang='grc' dir='ltr'>ἀνθισταμένης</span> <span class='ocrx_word' id='word_1_196' title='bbox 1246 383 1299 413; x_wconf 88' lang='grc' dir='ltr'>τοῖς</span> <span class='ocrx_word' id='word_1_197' title='bbox 1323 378 1374 408; x_wconf 79' lang='grc' dir='ltr'><strong>ὑπὸ</strong></span> <span class='ocrx_word' id='word_1_198' title='bbox 1395 381 1440 408; x_wconf 76' lang='grc' dir='ltr'><strong>τοῦ</strong></span> <span class='ocrx_word' id='word_1_199' title='bbox 1463 380 1533 409; x_wconf 80' lang='grc' dir='ltr'>Θεοῦ</span> <span class='ocrx_word' id='word_1_200' title='bbox 1547 379 1700 419; x_wconf 82' lang='grc' dir='ltr'>γινομένοις.</span> <span class='ocrx_word' id='word_1_201' title='bbox 1716 381 1803 410; x_wconf 76' lang='grc' dir='ltr'>Τοῦτο</span> 
     </span>
     <span class='ocr_line' id='line_1_29' title="bbox 1031 424 1803 467; baseline 0.003 -13"><span class='ocrx_word' id='word_1_202' title='bbox 1031 427 1093 465; x_wconf 79' lang='grc' dir='ltr'>γοῦν</span> <span class='ocrx_word' id='word_1_203' title='bbox 1107 426 1284 464; x_wconf 85' lang='grc' dir='ltr'>αἰνιττόμενος</span> <span class='ocrx_word' id='word_1_204' title='bbox 1303 424 1392 465; x_wconf 80' lang='grc' dir='ltr'>ἔλεγε·</span> <span class='ocrx_word' id='word_1_205' title='bbox 1406 425 1519 461; x_wconf 79' lang='grc' dir='ltr'>Μήποτε</span> <span class='ocrx_word' id='word_1_206' title='bbox 1540 425 1615 455; x_wconf 84' lang='grc' dir='ltr'>ἴδωσι</span> <span class='ocrx_word' id='word_1_207' title='bbox 1637 430 1691 460; x_wconf 86' lang='grc' dir='ltr'>τοῖς</span> <span class='ocrx_word' id='word_1_208' title='bbox 1703 428 1803 467; x_wconf 83' lang='grc' dir='ltr'>ὀφθαλ·</span> 
     </span>
     <span class='ocr_line' id='line_1_30' title="bbox 1033 471 1804 512; baseline 0.001 -12"><span class='ocrx_word' id='word_1_209' title='bbox 1033 475 1100 510; x_wconf 86' lang='grc' dir='ltr'>μοῖς,</span> <span class='ocrx_word' id='word_1_210' title='bbox 1114 471 1160 501; x_wconf 76' lang='grc' dir='ltr'><strong>καὶ</strong></span> <span class='ocrx_word' id='word_1_211' title='bbox 1181 474 1214 511; x_wconf 85' lang='grc' dir='ltr'><strong>τῇ</strong></span> <span class='ocrx_word' id='word_1_212' title='bbox 1238 471 1334 511; x_wconf 79' lang='grc' dir='ltr'>καρδίᾳ</span> <span class='ocrx_word' id='word_1_213' title='bbox 1353 473 1465 508; x_wconf 80' lang='grc' dir='ltr'>συνῶσι,</span> <span class='ocrx_word' id='word_1_214' title='bbox 1485 471 1531 501; x_wconf 76' lang='grc' dir='ltr'><strong>καὶ</strong></span> <span class='ocrx_word' id='word_1_215' title='bbox 1552 472 1744 512; x_wconf 80' lang='grc' dir='ltr'>ἐπιστρέψωσι,</span> <span class='ocrx_word' id='word_1_216' title='bbox 1758 471 1804 501; x_wconf 78' lang='grc' dir='ltr'><strong>καὶ</strong></span> 
     </span>
     <span class='ocr_line' id='line_1_31' title="bbox 1032 516 1804 558; baseline 0.001 -12"><span class='ocrx_word' id='word_1_217' title='bbox 1032 516 1148 556; x_wconf 85' lang='grc' dir='ltr'>ἷάσωμαι</span> <span class='ocrx_word' id='word_1_218' title='bbox 1160 517 1264 551; x_wconf 80' lang='grc' dir='ltr'>αὐτούς.</span> <span class='ocrx_word' id='word_1_219' title='bbox 1274 517 1382 547; x_wconf 86' lang='grc' dir='ltr'>Ὡσανεὶ</span> <span class='ocrx_word' id='word_1_220' title='bbox 1394 517 1538 551; x_wconf 80' lang='grc' dir='ltr'>δεδοικότες</span> <span class='ocrx_word' id='word_1_221' title='bbox 1547 517 1608 557; x_wconf 85' lang='grc' dir='ltr'>γὰρ,</span> <span class='ocrx_word' id='word_1_222' title='bbox 1615 517 1688 558; x_wconf 80' lang='grc' dir='ltr'>φησὶ,</span> <span class='ocrx_word' id='word_1_223' title='bbox 1700 517 1804 557; x_wconf 76' lang='grc' dir='ltr'>μήποτέ</span> 
     </span>
     <span class='ocr_line' id='line_1_32' title="bbox 1031 563 1804 603; baseline 0.003 -11"><span class='ocrx_word' id='word_1_224' title='bbox 1031 575 1058 592; x_wconf 86' lang='grc' dir='ltr'><strong>τι</strong></span> <span class='ocrx_word' id='word_1_225' title='bbox 1084 565 1137 592; x_wconf 80' lang='grc' dir='ltr'><strong>τῶν</strong></span> <span class='ocrx_word' id='word_1_226' title='bbox 1159 563 1268 593; x_wconf 82' lang='grc' dir='ltr'>δεόντων</span> <span class='ocrx_word' id='word_1_227' title='bbox 1294 564 1411 602; x_wconf 81' lang='grc' dir='ltr'>μάθωσιν</span> <span class='ocrx_word' id='word_1_228' title='bbox 1421 585 1429 600; x_wconf 85' lang='grc'>,</span> <span class='ocrx_word' id='word_1_229' title='bbox 1450 563 1519 593; x_wconf 79' lang='grc' dir='ltr'>οὕτω</span> <span class='ocrx_word' id='word_1_230' title='bbox 1542 564 1609 603; x_wconf 81' lang='grc' dir='ltr'>μετὰ</span> <span class='ocrx_word' id='word_1_231' title='bbox 1634 565 1735 600; x_wconf 73' lang='grc' dir='ltr'>πολλῆς</span> <span class='ocrx_word' id='word_1_232' title='bbox 1755 566 1804 600; x_wconf 76' lang='grc' dir='ltr'><strong>τῆς</strong></span> 
     </span>
     <span class='ocr_line' id='line_1_33' title="bbox 1033 605 1804 650; baseline 0 -11"><span class='ocrx_word' id='word_1_233' title='bbox 1033 610 1148 645; x_wconf 79' lang='grc' dir='ltr'>σπουδῆς</span> <span class='ocrx_word' id='word_1_234' title='bbox 1161 609 1209 645; x_wconf 85' lang='grc' dir='ltr'><strong>τὴν</strong></span> <span class='ocrx_word' id='word_1_235' title='bbox 1221 610 1338 640; x_wconf 86' lang='grc' dir='ltr'>διάνοιαν</span> <span class='ocrx_word' id='word_1_236' title='bbox 1350 611 1436 639; x_wconf 76' lang='grc' dir='ltr'>αὐτῶν</span> <span class='ocrx_word' id='word_1_237' title='bbox 1449 609 1600 650; x_wconf 73' lang='grc' dir='ltr'>ἐπήρωσαν.</span> <span class='ocrx_word' id='word_1_238' title='bbox 1611 610 1690 640; x_wconf 78' lang='grc' dir='ltr'>Ἐπεὶ</span> <span class='ocrx_word' id='word_1_239' title='bbox 1701 605 1746 640; x_wconf 71' lang='grc' dir='ltr'><strong>οῧν</strong></span> <span class='ocrx_word' id='word_1_240' title='bbox 1757 610 1804 640; x_wconf 82' lang='grc' dir='ltr'><strong>καὶ</strong></span> 
     </span>
     <span class='ocr_line' id='line_1_34' title="bbox 1031 655 1803 697; baseline 0.004 -14"><span class='ocrx_word' id='word_1_241' title='bbox 1031 657 1049 691; x_wconf 79' lang='grc' dir='ltr'>ἡ</span> <span class='ocrx_word' id='word_1_242' title='bbox 1064 655 1209 695; x_wconf 81' lang='grc' dir='ltr'>κατηγορία</span> <span class='ocrx_word' id='word_1_243' title='bbox 1224 656 1359 697; x_wconf 82' lang='grc' dir='ltr'>βαρυτάτη</span> <span class='ocrx_word' id='word_1_244' title='bbox 1369 679 1377 692; x_wconf 83' lang='grc'>,</span> <span class='ocrx_word' id='word_1_245' title='bbox 1392 657 1437 686; x_wconf 85' lang='grc' dir='ltr'><strong>καὶ</strong></span> <span class='ocrx_word' id='word_1_246' title='bbox 1448 660 1465 693; x_wconf 84' lang='grc' dir='ltr'>ἡ</span> <span class='ocrx_word' id='word_1_247' title='bbox 1480 656 1596 696; x_wconf 80' lang='grc' dir='ltr'>τιμωρία</span> <span class='ocrx_word' id='word_1_248' title='bbox 1608 656 1803 697; x_wconf 82' lang='grc' dir='ltr'>ἀπαραίτητος,</span> 
     </span>
     <span class='ocr_line' id='line_1_35' title="bbox 1032 697 1804 742; baseline 0.001 -12"><span class='ocrx_word' id='word_1_249' title='bbox 1032 700 1096 742; x_wconf 78' lang='grc' dir='ltr'>ὅπερ</span> <span class='ocrx_word' id='word_1_250' title='bbox 1109 697 1142 737; x_wconf 73' lang='grc' dir='ltr'><strong>ἦν</strong></span> <span class='ocrx_word' id='word_1_251' title='bbox 1155 702 1320 741; x_wconf 88' lang='grc' dir='ltr'>λειπόμενον,</span> <span class='ocrx_word' id='word_1_252' title='bbox 1334 706 1412 733; x_wconf 83' lang='grc' dir='ltr'>τοῦτο</span> <span class='ocrx_word' id='word_1_253' title='bbox 1423 704 1497 739; x_wconf 85' lang='grc' dir='ltr'>ζητεῖ</span> <span class='ocrx_word' id='word_1_254' title='bbox 1507 705 1599 741; x_wconf 71' lang='grc' dir='ltr'>μαθεῖν</span> <span class='ocrx_word' id='word_1_255' title='bbox 1607 715 1614 722; x_wconf 87' lang='lat'><strong>·</strong></span> <span class='ocrx_word' id='word_1_256' title='bbox 1626 703 1684 732; x_wconf 83' lang='grc' dir='ltr'>ἀλλ’</span> <span class='ocrx_word' id='word_1_257' title='bbox 1695 704 1721 733; x_wconf 80' lang='grc' dir='ltr'><strong>ἐν</strong></span> <span class='ocrx_word' id='word_1_258' title='bbox 1730 702 1804 737; x_wconf 83' lang='grc' dir='ltr'>τάξει</span> 
     </span>
     <span class='ocr_line' id='line_1_36' title="bbox 1032 748 1804 788; baseline 0.003 -12"><span class='ocrx_word' id='word_1_259' title='bbox 1032 749 1078 776; x_wconf 79' lang='grc' dir='ltr'><strong>τοῦ</strong></span> <span class='ocrx_word' id='word_1_260' title='bbox 1093 750 1194 786; x_wconf 84' lang='grc' dir='ltr'>μαθεῖν,</span> <span class='ocrx_word' id='word_1_261' title='bbox 1209 748 1345 787; x_wconf 78' lang='grc' dir='ltr'>ἱκετηρίαν</span> <span class='ocrx_word' id='word_1_262' title='bbox 1367 749 1477 788; x_wconf 84' lang='grc' dir='ltr'>εἰσάγει.</span> <span class='ocrx_word' id='word_1_263' title='bbox 1489 748 1604 785; x_wconf 81' lang='grc' dir='ltr'>Ἐπειδὴ</span> <span class='ocrx_word' id='word_1_264' title='bbox 1618 749 1647 779; x_wconf 86' lang='grc' dir='ltr'><strong>δὲ</strong></span> <span class='ocrx_word' id='word_1_265' title='bbox 1659 748 1719 778; x_wconf 78' lang='grc' dir='ltr'>οὐδὲ</span> <span class='ocrx_word' id='word_1_266' title='bbox 1736 748 1804 788; x_wconf 78' lang='grc' dir='ltr'>ὗπὲρ</span> 
     </span>
     <span class='ocr_line' id='line_1_37' title="bbox 1032 790 1804 834; baseline 0.003 -12"><span class='ocrx_word' id='word_1_267' title='bbox 1032 792 1124 823; x_wconf 79' lang='grc' dir='ltr'>τούτου</span> <span class='ocrx_word' id='word_1_268' title='bbox 1133 790 1250 834; x_wconf 54' lang='grc' dir='ltr'>φανερῶς</span> <span class='ocrx_word' id='word_1_269' title='bbox 1259 796 1391 825; x_wconf 82' lang='grc' dir='ltr'>ἱκετεῦσαι</span> <span class='ocrx_word' id='word_1_270' title='bbox 1403 795 1511 834; x_wconf 84' lang='grc' dir='ltr'>ἐτόλμα,</span> <span class='ocrx_word' id='word_1_271' title='bbox 1523 794 1567 824; x_wconf 79' lang='grc' dir='ltr'><strong>διὰ</strong></span> <span class='ocrx_word' id='word_1_272' title='bbox 1577 798 1654 824; x_wconf 77' lang='grc' dir='ltr'>τοῦτο</span> <span class='ocrx_word' id='word_1_273' title='bbox 1664 794 1804 834; x_wconf 79' lang='grc' dir='ltr'>μαθήσεως</span> 
     </span>
    </p>
   </div>
   <div class='ocr_carea' id='block_1_7' title="bbox 1001 839 1804 881">
    <p class='ocr_par' dir='ltr' id='par_1_7' title="bbox 1001 839 1804 881">
     <span class='ocr_line' id='line_1_38' title="bbox 1001 839 1804 881; baseline 0.007 -16"><span class='ocrx_word' id='word_1_274' title='bbox 1001 841 1019 863; x_wconf 88' lang='lat' dir='ltr'>D</span> <span class='ocrx_word' id='word_1_275' title='bbox 1033 839 1205 879; x_wconf 77' lang='grc' dir='ltr'>προσχήματι</span> <span class='ocrx_word' id='word_1_276' title='bbox 1217 840 1344 880; x_wconf 82' lang='grc' dir='ltr'>ἐρώτησιν</span> <span class='ocrx_word' id='word_1_277' title='bbox 1355 842 1452 870; x_wconf 82' lang='grc' dir='ltr'>ἐπινοεῖ</span> <span class='ocrx_word' id='word_1_278' title='bbox 1465 841 1548 881; x_wconf 81' lang='grc' dir='ltr'>λέγων</span> <span class='ocrx_word' id='word_1_279' title='bbox 1557 853 1565 860; x_wconf 86' lang='grc'><em>·</em></span> <span class='ocrx_word' id='word_1_280' title='bbox 1575 841 1650 874; x_wconf 82' lang='grc' dir='ltr'>Ἕως</span> <span class='ocrx_word' id='word_1_281' title='bbox 1663 840 1737 877; x_wconf 82' lang='grc' dir='ltr'>πότε,</span> <span class='ocrx_word' id='word_1_282' title='bbox 1749 840 1804 871; x_wconf 79' lang='grc' dir='ltr'><strong>Κύ-</strong></span> 
     </span>
    </p>
   </div>
   <div class='ocr_carea' id='block_1_8' title="bbox 1032 881 1803 1342">
    <p class='ocr_par' dir='ltr' id='par_1_8' title="bbox 1032 881 1803 1342">
     <span class='ocr_line' id='line_1_39' title="bbox 1035 881 1802 927; baseline 0.003 -14"><span class='ocrx_word' id='word_1_283' title='bbox 1035 896 1087 924; x_wconf 84' lang='grc' dir='ltr'>ριε;</span> <span class='ocrx_word' id='word_1_284' title='bbox 1102 886 1156 915; x_wconf 81' lang='grc' dir='ltr'><strong>Καὶ</strong></span> <span class='ocrx_word' id='word_1_285' title='bbox 1167 881 1253 916; x_wconf 72' lang='grc' dir='ltr'>εἶπεν·</span> <span class='ocrx_word' id='word_1_286' title='bbox 1264 886 1313 920; x_wconf 79' lang='grc' dir='ltr'>ἕως</span> <span class='ocrx_word' id='word_1_287' title='bbox 1324 887 1355 916; x_wconf 80' lang='grc' dir='ltr'><strong>ἂν</strong></span> <span class='ocrx_word' id='word_1_288' title='bbox 1367 888 1524 927; x_wconf 83' lang='grc' dir='ltr'>ἔρημωθῶσι</span> <span class='ocrx_word' id='word_1_289' title='bbox 1535 887 1625 920; x_wconf 86' lang='grc' dir='ltr'>πόλεις</span> <span class='ocrx_word' id='word_1_290' title='bbox 1636 886 1710 927; x_wconf 80' lang='grc' dir='ltr'>παρὰ</span> <span class='ocrx_word' id='word_1_291' title='bbox 1721 886 1752 915; x_wconf 83' lang='grc' dir='ltr'><strong>τὸ</strong></span> <span class='ocrx_word' id='word_1_292' title='bbox 1764 886 1802 926; x_wconf 83' lang='grc' dir='ltr'>μὴ</span> 
     </span>
     <span class='ocr_line' id='line_1_40' title="bbox 1033 927 1802 973; baseline 0.004 -14"><span class='ocrx_word' id='word_1_293' title='bbox 1033 935 1221 968; x_wconf 81' lang='grc' dir='ltr'>κατοικεῖσθαι,</span> <span class='ocrx_word' id='word_1_294' title='bbox 1235 932 1280 962; x_wconf 79' lang='grc' dir='ltr'><strong>καὶ</strong></span> <span class='ocrx_word' id='word_1_295' title='bbox 1293 927 1361 962; x_wconf 69' lang='grc' dir='ltr'>οἶκοι</span> <span class='ocrx_word' id='word_1_296' title='bbox 1372 933 1446 972; x_wconf 85' lang='grc' dir='ltr'>παρὰ</span> <span class='ocrx_word' id='word_1_297' title='bbox 1459 933 1490 962; x_wconf 85' lang='grc' dir='ltr'><strong>τὸ</strong></span> <span class='ocrx_word' id='word_1_298' title='bbox 1504 933 1541 972; x_wconf 84' lang='grc' dir='ltr'>μὴ</span> <span class='ocrx_word' id='word_1_299' title='bbox 1555 928 1622 962; x_wconf 71' lang='grc' dir='ltr'>εἶναι</span> <span class='ocrx_word' id='word_1_300' title='bbox 1633 933 1784 973; x_wconf 84' lang='grc' dir='ltr'>ἀνθρώπους</span> <span class='ocrx_word' id='word_1_301' title='bbox 1794 945 1802 952; x_wconf 89' lang='grc'><em>·</em></span> 
     </span>
     <span class='ocr_line' id='line_1_41' title="bbox 1033 976 1803 1020; baseline 0.004 -15"><span class='ocrx_word' id='word_1_302' title='bbox 1033 976 1079 1006; x_wconf 80' lang='grc' dir='ltr'><strong>καὶ</strong></span> <span class='ocrx_word' id='word_1_303' title='bbox 1092 979 1109 1013; x_wconf 85' lang='grc' dir='ltr'>ἡ</span> <span class='ocrx_word' id='word_1_304' title='bbox 1123 980 1158 1018; x_wconf 76' lang='grc' dir='ltr'>γῆ</span> <span class='ocrx_word' id='word_1_305' title='bbox 1179 979 1417 1020; x_wconf 75' lang='grc' dir='ltr'>καταλειφθήσεται</span> <span class='ocrx_word' id='word_1_306' title='bbox 1431 980 1536 1019; x_wconf 86' lang='grc' dir='ltr'>ἔρημος.</span> <span class='ocrx_word' id='word_1_307' title='bbox 1555 979 1609 1008; x_wconf 84' lang='grc' dir='ltr'><strong>Καὶ</strong></span> <span class='ocrx_word' id='word_1_308' title='bbox 1631 979 1698 1018; x_wconf 84' lang='grc' dir='ltr'>μετὰ</span> <span class='ocrx_word' id='word_1_309' title='bbox 1718 982 1803 1008; x_wconf 81' lang='grc' dir='ltr'>ταῦτα</span> 
     </span>
     <span class='ocr_line' id='line_1_42' title="bbox 1035 1024 1803 1065; baseline 0.004 -14"><span class='ocrx_word' id='word_1_310' title='bbox 1035 1027 1161 1063; x_wconf 86' lang='grc' dir='ltr'>μακρυνεῖ</span> <span class='ocrx_word' id='word_1_311' title='bbox 1170 1026 1184 1053; x_wconf 88' lang='grc' dir='ltr'>ὁ</span> <span class='ocrx_word' id='word_1_312' title='bbox 1194 1024 1262 1058; x_wconf 81' lang='grc' dir='ltr'>Θεὸς</span> <span class='ocrx_word' id='word_1_313' title='bbox 1274 1025 1334 1058; x_wconf 78' lang='grc' dir='ltr'>τοὺς</span> <span class='ocrx_word' id='word_1_314' title='bbox 1345 1025 1505 1065; x_wconf 85' lang='grc' dir='ltr'>ἀνθρώπους,</span> <span class='ocrx_word' id='word_1_315' title='bbox 1517 1025 1562 1055; x_wconf 83' lang='grc' dir='ltr'><strong>καὶ</strong></span> <span class='ocrx_word' id='word_1_316' title='bbox 1575 1024 1803 1061; x_wconf 79' lang='grc' dir='ltr'>πληθυνθήσονταί</span> 
     </span>
     <span class='ocr_line' id='line_1_43' title="bbox 1033 1069 1803 1110; baseline 0.004 -13"><span class='ocrx_word' id='word_1_317' title='bbox 1033 1070 1044 1083; x_wconf 81' lang='grc'><em>“</em></span> <span class='ocrx_word' id='word_1_318' title='bbox 1054 1069 1078 1097; x_wconf 81' lang='grc' dir='ltr'><strong>οἰ</strong></span> <span class='ocrx_word' id='word_1_319' title='bbox 1087 1069 1303 1110; x_wconf 55' lang='grc' dir='ltr'>καταλειφθέντις</span> <span class='ocrx_word' id='word_1_320' title='bbox 1314 1070 1358 1100; x_wconf 77' lang='grc' dir='ltr'>ἐπὶ</span> <span class='ocrx_word' id='word_1_321' title='bbox 1369 1073 1416 1106; x_wconf 74' lang='grc' dir='ltr'><strong>τῆς</strong></span> <span class='ocrx_word' id='word_1_322' title='bbox 1427 1073 1486 1110; x_wconf 75' lang='grc' dir='ltr'>γῆς,</span> <span class='ocrx_word' id='word_1_323' title='bbox 1497 1071 1542 1100; x_wconf 81' lang='grc' dir='ltr'><strong>καὶ</strong></span> <span class='ocrx_word' id='word_1_324' title='bbox 1554 1071 1593 1101; x_wconf 86' lang='grc' dir='ltr'><strong>ἔτι</strong></span> <span class='ocrx_word' id='word_1_325' title='bbox 1604 1073 1646 1101; x_wconf 84' lang='grc' dir='ltr'>ἐπ’</span> <span class='ocrx_word' id='word_1_326' title='bbox 1657 1073 1737 1107; x_wconf 76' lang='grc' dir='ltr'>αὐτῆς</span> <span class='ocrx_word' id='word_1_327' title='bbox 1746 1073 1803 1101; x_wconf 81' lang='grc' dir='ltr'>ἐστι</span> 
     </span>
     <span class='ocr_line' id='line_1_44' title="bbox 1033 1113 1803 1157; baseline 0.004 -14"><span class='ocrx_word' id='word_1_328' title='bbox 1033 1113 1064 1143; x_wconf 85' lang='grc' dir='ltr'><strong>τὸ</strong></span> <span class='ocrx_word' id='word_1_329' title='bbox 1077 1114 1240 1146; x_wconf 80' lang='grc' dir='ltr'>ἐπιδέκατον.</span> <span class='ocrx_word' id='word_1_330' title='bbox 1255 1116 1309 1146; x_wconf 79' lang='grc' dir='ltr'><strong>Καὶ</strong></span> <span class='ocrx_word' id='word_1_331' title='bbox 1317 1116 1397 1146; x_wconf 82' lang='grc' dir='ltr'>πάλιν</span> <span class='ocrx_word' id='word_1_332' title='bbox 1407 1116 1482 1146; x_wconf 83' lang='grc' dir='ltr'>ἔσται</span> <span class='ocrx_word' id='word_1_333' title='bbox 1494 1119 1530 1150; x_wconf 86' lang='grc' dir='ltr'><strong>εἷς</strong></span> <span class='ocrx_word' id='word_1_334' title='bbox 1540 1117 1676 1157; x_wconf 87' lang='grc' dir='ltr'>προνομὴν</span> <span class='ocrx_word' id='word_1_335' title='bbox 1687 1119 1722 1151; x_wconf 86' lang='grc' dir='ltr'>ὡς</span> <span class='ocrx_word' id='word_1_336' title='bbox 1734 1117 1803 1157; x_wconf 80' lang='grc' dir='ltr'>τερέ-</span> 
     </span>
     <span class='ocr_line' id='line_1_45' title="bbox 1033 1160 1802 1203; baseline 0.005 -13"><span class='ocrx_word' id='word_1_337' title='bbox 1033 1160 1128 1198; x_wconf 76' lang='grc' dir='ltr'>ὅινθος,</span> <span class='ocrx_word' id='word_1_338' title='bbox 1133 1162 1177 1191; x_wconf 82' lang='grc' dir='ltr'><strong>καὶ</strong></span> <span class='ocrx_word' id='word_1_339' title='bbox 1186 1163 1222 1195; x_wconf 85' lang='grc' dir='ltr'>ὥς</span> <span class='ocrx_word' id='word_1_340' title='bbox 1229 1162 1349 1202; x_wconf 81' lang='grc' dir='ltr'>βάλανος,</span> <span class='ocrx_word' id='word_1_341' title='bbox 1356 1163 1418 1192; x_wconf 83' lang='grc' dir='ltr'>ὅταν</span> <span class='ocrx_word' id='word_1_342' title='bbox 1426 1163 1524 1203; x_wconf 78' lang='grc' dir='ltr'>ἐκπέσῃ</span> <span class='ocrx_word' id='word_1_343' title='bbox 1531 1165 1562 1193; x_wconf 80' lang='grc' dir='ltr'><strong>ἐκ</strong></span> <span class='ocrx_word' id='word_1_344' title='bbox 1570 1164 1706 1200; x_wconf 81' lang='grc' dir='ltr'>τῆςθήκης</span> <span class='ocrx_word' id='word_1_345' title='bbox 1713 1166 1802 1201; x_wconf 76' lang='grc' dir='ltr'>αὐτῆς.</span> 
     </span>
     <span class='ocr_line' id='line_1_46' title="bbox 1032 1204 1802 1251; baseline 0.006 -16"><span class='ocrx_word' id='word_1_346' title='bbox 1032 1204 1167 1247; x_wconf 70' lang='grc' dir='ltr'><strong>Ι’Σπέρμα</strong></span> <span class='ocrx_word' id='word_1_347' title='bbox 1180 1207 1254 1247; x_wconf 80' lang='grc' dir='ltr'>ἅγιον</span> <span class='ocrx_word' id='word_1_348' title='bbox 1267 1209 1298 1238; x_wconf 83' lang='grc' dir='ltr'><strong>τὸ</strong></span> <span class='ocrx_word' id='word_1_349' title='bbox 1311 1209 1440 1248; x_wconf 77' lang='grc' dir='ltr'>στήλωμα</span> <span class='ocrx_word' id='word_1_350' title='bbox 1457 1211 1548 1246; x_wconf 75' lang='grc' dir='ltr'>αὐτῆς.</span> <span class='ocrx_word' id='word_1_351' title='bbox 1565 1212 1590 1239; x_wconf 93' lang='grc' dir='ltr'><strong>Τ</strong></span> <span class='ocrx_word' id='word_1_352' title='bbox 1591 1210 1623 1246; x_wconf 86' lang='grc' dir='ltr'><strong>ὴν</strong></span> <span class='ocrx_word' id='word_1_353' title='bbox 1641 1210 1802 1251; x_wconf 84' lang='grc' dir='ltr'>προφητείαν</span> 
     </span>
     <span class='ocr_line' id='line_1_47' title="bbox 1033 1252 1803 1295; baseline 0.006 -15"><span class='ocrx_word' id='word_1_354' title='bbox 1033 1252 1181 1292; x_wconf 86' lang='grc' dir='ltr'>ἀπαρτίσας</span> <span class='ocrx_word' id='word_1_355' title='bbox 1189 1253 1345 1291; x_wconf 80' lang='grc' dir='ltr'>ἐκείνην,ἐπὶ</span> <span class='ocrx_word' id='word_1_356' title='bbox 1352 1254 1401 1291; x_wconf 78' lang='grc' dir='ltr'><strong>τὴν</strong></span> <span class='ocrx_word' id='word_1_357' title='bbox 1407 1255 1525 1295; x_wconf 79' lang='grc' dir='ltr'>ἱστορίαν</span> <span class='ocrx_word' id='word_1_358' title='bbox 1533 1256 1612 1285; x_wconf 83' lang='grc' dir='ltr'>πάλιν</span> <span class='ocrx_word' id='word_1_359' title='bbox 1621 1256 1755 1295; x_wconf 76' lang='grc' dir='ltr'>ἐξάγει-τὸν</span> <span class='ocrx_word' id='word_1_360' title='bbox 1762 1256 1803 1286; x_wconf 89' lang='grc' dir='ltr'><strong>λό-</strong></span> 
     </span>
     <span class='ocr_line' id='line_1_48' title="bbox 1033 1297 1803 1342; baseline 0.008 -17"><span class='ocrx_word' id='word_1_361' title='bbox 1033 1308 1088 1335; x_wconf 86' lang='grc' dir='ltr'>γον,</span> <span class='ocrx_word' id='word_1_362' title='bbox 1098 1297 1147 1333; x_wconf 84' lang='grc' dir='ltr'><strong>τήν</strong></span> <span class='ocrx_word' id='word_1_363' title='bbox 1157 1310 1186 1327; x_wconf 89' lang='grc' dir='ltr'><strong>τε</strong></span> <span class='ocrx_word' id='word_1_364' title='bbox 1197 1299 1293 1329; x_wconf 76' lang='grc' dir='ltr'>ἅλωσιν</span> <span class='ocrx_word' id='word_1_365' title='bbox 1302 1302 1354 1329; x_wconf 82' lang='grc' dir='ltr'><strong>τῶν</strong></span> <span class='ocrx_word' id='word_1_366' title='bbox 1367 1300 1431 1330; x_wconf 81' lang='grc' dir='ltr'>δέκα</span> <span class='ocrx_word' id='word_1_367' title='bbox 1441 1303 1529 1341; x_wconf 84' lang='grc' dir='ltr'>φυλῶν</span> <span class='ocrx_word' id='word_1_368' title='bbox 1538 1304 1742 1342; x_wconf 84' lang='grc' dir='ltr'>προαναφωνῶν,</span> <span class='ocrx_word' id='word_1_369' title='bbox 1754 1302 1803 1338; x_wconf 75' lang='grc' dir='ltr'><strong>τήν</strong></span> 
     </span>
    </p>
   </div>
   <div class='ocr_carea' id='block_1_9' title="bbox 237 1344 1803 1393">
    <p class='ocr_par' dir='ltr' id='par_1_9' title="bbox 237 1344 1803 1393">
     <span class='ocr_line' id='line_1_49' title="bbox 237 1344 1803 1393; baseline 0.001 -12"><span class='ocrx_word' id='word_1_370' title='bbox 237 1358 267 1381; x_wconf 86' lang='lat' dir='ltr'><strong>et</strong></span> <span class='ocrx_word' id='word_1_371' title='bbox 289 1354 364 1382; x_wconf 82' lang='lat' dir='ltr'><strong>sicut</strong></span> <span class='ocrx_word' id='word_1_372' title='bbox 386 1353 484 1393; x_wconf 76' lang='lat' dir='ltr'><strong>glans,</strong></span> <span class='ocrx_word' id='word_1_373' title='bbox 499 1363 564 1382; x_wconf 88' lang='lat' dir='ltr'><strong>cum</strong></span> <span class='ocrx_word' id='word_1_374' title='bbox 583 1353 724 1382; x_wconf 80' lang='lat' dir='ltr'><strong>exciderit</strong></span> <span class='ocrx_word' id='word_1_375' title='bbox 750 1363 787 1381; x_wconf 78' lang='lat' dir='ltr'><strong>ex</strong></span> <span class='ocrx_word' id='word_1_376' title='bbox 808 1353 894 1382; x_wconf 81' lang='lat' dir='ltr'><strong>theca</strong></span> <span class='ocrx_word' id='word_1_377' title='bbox 915 1363 979 1382; x_wconf 84' lang='lat' dir='ltr'><strong>sua.</strong></span> <span class='ocrx_word' id='word_1_378' title='bbox 997 1353 1015 1376; x_wconf 78' lang='lat' dir='ltr'>E</span> <span class='ocrx_word' id='word_1_379' title='bbox 1031 1344 1117 1373; x_wconf 43' lang='lat'><strong>²²⁴3&amp;</strong></span> <span class='ocrx_word' id='word_1_380' title='bbox 1130 1344 1179 1380; x_wconf 69' lang='grc' dir='ltr'><strong>τὴν</strong></span> <span class='ocrx_word' id='word_1_381' title='bbox 1194 1346 1378 1386; x_wconf 70' lang='grc' dir='ltr'>αἰχμαλωσίαν</span> <span class='ocrx_word' id='word_1_382' title='bbox 1397 1347 1499 1384; x_wconf 72' lang='grc' dir='ltr'>ἐκείνην</span> <span class='ocrx_word' id='word_1_383' title='bbox 1513 1348 1557 1377; x_wconf 76' lang='grc' dir='ltr'><strong>ἐπὶ</strong></span> <span class='ocrx_word' id='word_1_384' title='bbox 1572 1352 1630 1381; x_wconf 79' lang='grc' dir='ltr'>ταῖς</span> <span class='ocrx_word' id='word_1_385' title='bbox 1650 1347 1696 1377; x_wconf 67' lang='grc' dir='ltr'><strong>δύο</strong></span> <span class='ocrx_word' id='word_1_386' title='bbox 1710 1350 1803 1387; x_wconf 77' lang='grc' dir='ltr'>φυλαῖς</span> 
     </span>
    </p>
   </div>
   <div class='ocr_carea' id='block_1_10' title="bbox 235 1398 983 1576">
    <p class='ocr_par' dir='ltr' id='par_1_10' title="bbox 235 1398 983 1576">
     <span class='ocr_line' id='line_1_50' title="bbox 235 1398 982 1439; baseline 0 -11"><span class='ocrx_word' id='word_1_387' title='bbox 235 1399 339 1428; x_wconf 85' lang='lat' dir='ltr'><strong>Semen</strong></span> <span class='ocrx_word' id='word_1_388' title='bbox 355 1404 490 1428; x_wconf 82' lang='lat' dir='ltr'><strong>sanctum</strong></span> <span class='ocrx_word' id='word_1_389' title='bbox 503 1400 592 1428; x_wconf 83' lang='lat' dir='ltr'><strong>statio</strong></span> <span class='ocrx_word' id='word_1_390' title='bbox 606 1399 678 1438; x_wconf 85' lang='lat' dir='ltr'><strong>ejus.</strong></span> <span class='ocrx_word' id='word_1_391' title='bbox 698 1398 828 1427; x_wconf 85' lang='lat' dir='ltr'><strong>Absoluta</strong></span> <span class='ocrx_word' id='word_1_392' title='bbox 849 1398 897 1428; x_wconf 89' lang='lat' dir='ltr'><strong>illa</strong></span> <span class='ocrx_word' id='word_1_393' title='bbox 918 1408 982 1439; x_wconf 86' lang='lat' dir='ltr'><strong>pro-</strong></span> 
     </span>
     <span class='ocr_line' id='line_1_51' title="bbox 236 1443 982 1484; baseline 0 -11"><span class='ocrx_word' id='word_1_394' title='bbox 236 1445 337 1484; x_wconf 88' lang='lat' dir='ltr'><strong>phetia,</strong></span> <span class='ocrx_word' id='word_1_395' title='bbox 362 1444 398 1473; x_wconf 90' lang='lat' dir='ltr'><strong>ad</strong></span> <span class='ocrx_word' id='word_1_396' title='bbox 421 1444 561 1474; x_wconf 80' lang='lat' dir='ltr'><strong>historiam</strong></span> <span class='ocrx_word' id='word_1_397' title='bbox 584 1454 677 1473; x_wconf 90' lang='lat' dir='ltr'><strong>rursus</strong></span> <span class='ocrx_word' id='word_1_398' title='bbox 697 1454 844 1473; x_wconf 84' lang='lat' dir='ltr'><strong>sermonem</strong></span> <span class='ocrx_word' id='word_1_399' title='bbox 869 1443 982 1482; x_wconf 82' lang='lat' dir='ltr'><strong>reducit,</strong></span> 
     </span>
     <span class='ocr_line' id='line_1_52' title="bbox 236 1490 983 1531; baseline -0.001 -11"><span class='ocrx_word' id='word_1_400' title='bbox 236 1490 418 1531; x_wconf 88' lang='lat' dir='ltr'><strong>captivitatem</strong></span> <span class='ocrx_word' id='word_1_401' title='bbox 428 1490 520 1520; x_wconf 88' lang='lat' dir='ltr'><strong>decem</strong></span> <span class='ocrx_word' id='word_1_402' title='bbox 531 1490 654 1519; x_wconf 90' lang='lat' dir='ltr'><strong>tribuum</strong></span> <span class='ocrx_word' id='word_1_403' title='bbox 671 1490 865 1530; x_wconf 74' lang='lat' dir='ltr'><strong>praenuntians,</strong></span> <span class='ocrx_word' id='word_1_404' title='bbox 881 1501 983 1519; x_wconf 86' lang='lat' dir='ltr'><strong>necnon</strong></span> 
     </span>
     <span class='ocr_line' id='line_1_53' title="bbox 235 1535 983 1576; baseline 0 -11"><span class='ocrx_word' id='word_1_405' title='bbox 235 1535 391 1576; x_wconf 86' lang='lat' dir='ltr'><strong>patientiam</strong></span> <span class='ocrx_word' id='word_1_406' title='bbox 404 1536 466 1573; x_wconf 87' lang='lat' dir='ltr'><strong>Dei,</strong></span> <span class='ocrx_word' id='word_1_407' title='bbox 482 1547 563 1574; x_wconf 87' lang='lat' dir='ltr'><strong>quam</strong></span> <span class='ocrx_word' id='word_1_408' title='bbox 574 1542 684 1576; x_wconf 88' lang='lat' dir='ltr'><strong>propter</strong></span> <span class='ocrx_word' id='word_1_409' title='bbox 703 1536 780 1565; x_wconf 90' lang='lat' dir='ltr'><strong>illam</strong></span> <span class='ocrx_word' id='word_1_410' title='bbox 800 1536 983 1576; x_wconf 84' lang='lat' dir='ltr'><strong>captivitatem</strong></span> 
     </span>
    </p>
   </div>
   <div class='ocr_carea' id='block_1_11' title="bbox 1031 1389 1802 1573">
    <p class='ocr_par' dir='ltr' id='par_1_11' title="bbox 1031 1389 1802 1573">
     <span class='ocr_line' id='line_1_54' title="bbox 1032 1389 1802 1432; baseline 0.005 -12"><span class='ocrx_word' id='word_1_411' title='bbox 1032 1391 1214 1431; x_wconf 80' lang='grc' dir='ltr'>μακροθυμίαν</span> <span class='ocrx_word' id='word_1_412' title='bbox 1223 1393 1399 1432; x_wconf 82' lang='grc' dir='ltr'>γεγενημένην</span> <span class='ocrx_word' id='word_1_413' title='bbox 1406 1405 1414 1413; x_wconf 87' lang='grc'><em>·</em></span> <span class='ocrx_word' id='word_1_414' title='bbox 1425 1389 1481 1423; x_wconf 73' lang='grc' dir='ltr'>εἶτα</span> <span class='ocrx_word' id='word_1_415' title='bbox 1492 1394 1536 1423; x_wconf 78' lang='grc' dir='ltr'><strong>καὶ</strong></span> <span class='ocrx_word' id='word_1_416' title='bbox 1546 1394 1595 1430; x_wconf 88' lang='grc' dir='ltr'><strong>τὴν</strong></span> <span class='ocrx_word' id='word_1_417' title='bbox 1606 1394 1705 1424; x_wconf 81' lang='grc' dir='ltr'>τούτων</span> <span class='ocrx_word' id='word_1_418' title='bbox 1716 1396 1802 1425; x_wconf 77' lang='grc' dir='ltr'>αὐτῶν</span> 
     </span>
     <span class='ocr_line' id='line_1_55' title="bbox 1031 1438 1802 1481; baseline 0.005 -15"><span class='ocrx_word' id='word_1_419' title='bbox 1031 1438 1186 1477; x_wconf 83' lang='grc' dir='ltr'>ἀπαγωγὴν,</span> <span class='ocrx_word' id='word_1_420' title='bbox 1194 1438 1283 1475; x_wconf 76' lang='grc' dir='ltr'>ἐπειδὴ</span> <span class='ocrx_word' id='word_1_421' title='bbox 1293 1440 1330 1472; x_wconf 88' lang='grc' dir='ltr'><strong>εἷς</strong></span> <span class='ocrx_word' id='word_1_422' title='bbox 1342 1439 1416 1469; x_wconf 79' lang='grc' dir='ltr'>οὐδὲν</span> <span class='ocrx_word' id='word_1_423' title='bbox 1429 1439 1486 1469; x_wconf 80' lang='grc' dir='ltr'>δέον</span> <span class='ocrx_word' id='word_1_424' title='bbox 1500 1440 1647 1480; x_wconf 80' lang='grc' dir='ltr'>ἐχρήσαντο</span> <span class='ocrx_word' id='word_1_425' title='bbox 1656 1443 1688 1480; x_wconf 77' lang='grc' dir='ltr'><strong>τῇ</strong></span> <span class='ocrx_word' id='word_1_426' title='bbox 1699 1453 1802 1481; x_wconf 89' lang='grc' dir='ltr'>μακρο-</span> 
     </span>
     <span class='ocr_line' id='line_1_56' title="bbox 1032 1483 1801 1527; baseline 0.007 -15"><span class='ocrx_word' id='word_1_427' title='bbox 1032 1483 1112 1523; x_wconf 77' lang='grc' dir='ltr'>θυμίᾳ</span> <span class='ocrx_word' id='word_1_428' title='bbox 1120 1495 1127 1502; x_wconf 86' lang='lat'><strong>·</strong></span> <span class='ocrx_word' id='word_1_429' title='bbox 1140 1484 1185 1513; x_wconf 79' lang='grc' dir='ltr'><strong>καὶ</strong></span> <span class='ocrx_word' id='word_1_430' title='bbox 1196 1484 1245 1520; x_wconf 72' lang='grc' dir='ltr'><strong>τὴν</strong></span> <span class='ocrx_word' id='word_1_431' title='bbox 1259 1486 1289 1514; x_wconf 78' lang='grc' dir='ltr'><strong>ἐκ</strong></span> <span class='ocrx_word' id='word_1_432' title='bbox 1302 1488 1346 1514; x_wconf 82' lang='grc' dir='ltr'><strong>τοῦ</strong></span> <span class='ocrx_word' id='word_1_433' title='bbox 1358 1486 1481 1526; x_wconf 81' lang='grc' dir='ltr'>λειψάνου</span> <span class='ocrx_word' id='word_1_434' title='bbox 1491 1486 1571 1516; x_wconf 86' lang='grc' dir='ltr'>πάλιν</span> <span class='ocrx_word' id='word_1_435' title='bbox 1584 1488 1801 1527; x_wconf 67' lang='grc' dir='ltr'>ἀναφθησομένην</span> 
     </span>
     <span class='ocr_line' id='line_1_57' title="bbox 1033 1530 1801 1573; baseline 0.007 -16"><span class='ocrx_word' id='word_1_436' title='bbox 1033 1530 1119 1563; x_wconf 82' lang='grc' dir='ltr'>αὐτοῖς</span> <span class='ocrx_word' id='word_1_437' title='bbox 1131 1530 1282 1570; x_wconf 84' lang='grc' dir='ltr'>εὐημερίαν.</span> <span class='ocrx_word' id='word_1_438' title='bbox 1294 1530 1381 1561; x_wconf 61' lang='lat' dir='ltr'><strong>“ovem</strong></span> <span class='ocrx_word' id='word_1_439' title='bbox 1397 1533 1444 1571; x_wconf 79' lang='grc' dir='ltr'><strong>μὲν</strong></span> <span class='ocrx_word' id='word_1_440' title='bbox 1459 1532 1509 1572; x_wconf 85' lang='grc' dir='ltr'><strong>γὰρ</strong></span> <span class='ocrx_word' id='word_1_441' title='bbox 1524 1533 1599 1572; x_wconf 83' lang='grc' dir='ltr'>λέγῃ,</span> <span class='ocrx_word' id='word_1_442' title='bbox 1613 1533 1686 1566; x_wconf 77' lang='grc' dir='ltr'>ἽΞως</span> <span class='ocrx_word' id='word_1_443' title='bbox 1700 1533 1731 1562; x_wconf 80' lang='grc' dir='ltr'><strong>ἂν</strong></span> <span class='ocrx_word' id='word_1_444' title='bbox 1743 1535 1801 1573; x_wconf 79' lang='grc' dir='ltr'>ἔρη-</span> 
     </span>
    </p>
   </div>
   <div class='ocr_carea' id='block_1_12' title="bbox 235 1575 1801 1670">
    <p class='ocr_par' dir='ltr' id='par_1_12' title="bbox 235 1575 1801 1670">
     <span class='ocr_line' id='line_1_58' title="bbox 235 1575 1801 1623; baseline 0.002 -11"><span class='ocrx_word' id='word_1_445' title='bbox 235 1593 299 1623; x_wconf 83' lang='lat' dir='ltr'><strong>erga</strong></span> <span class='ocrx_word' id='word_1_446' title='bbox 315 1582 383 1612; x_wconf 89' lang='lat' dir='ltr'><strong>duas</strong></span> <span class='ocrx_word' id='word_1_447' title='bbox 407 1582 494 1612; x_wconf 85' lang='lat' dir='ltr'><strong>tribus</strong></span> <span class='ocrx_word' id='word_1_448' title='bbox 513 1582 655 1620; x_wconf 85' lang='lat' dir='ltr'><strong>exhibuit;</strong></span> <span class='ocrx_word' id='word_1_449' title='bbox 670 1581 768 1611; x_wconf 84' lang='lat' dir='ltr'><strong>deinde</strong></span> <span class='ocrx_word' id='word_1_450' title='bbox 791 1582 889 1611; x_wconf 90' lang='lat' dir='ltr'><strong>harum</strong></span> <span class='ocrx_word' id='word_1_451' title='bbox 902 1583 983 1612; x_wconf 86' lang='lat' dir='ltr'><strong>etiam</strong></span> <span class='ocrx_word' id='word_1_452' title='bbox 994 1599 1019 1617; x_wconf 65' lang='grc' dir='ltr'><strong>π.</strong></span> <span class='ocrx_word' id='word_1_453' title='bbox 1033 1577 1139 1614; x_wconf 72' lang='grc' dir='ltr'>μωθῶσῑ</span> <span class='ocrx_word' id='word_1_454' title='bbox 1152 1575 1242 1610; x_wconf 61' lang='grc' dir='ltr'>πόλεις</span> <span class='ocrx_word' id='word_1_455' title='bbox 1254 1576 1328 1617; x_wconf 69' lang='grc' dir='ltr'><strong>παρὰ</strong></span> <span class='ocrx_word' id='word_1_456' title='bbox 1345 1578 1375 1607; x_wconf 61' lang='grc' dir='ltr'><strong>τὸ</strong></span> <span class='ocrx_word' id='word_1_457' title='bbox 1396 1578 1433 1617; x_wconf 73' lang='grc' dir='ltr'><strong>μὴ</strong></span> <span class='ocrx_word' id='word_1_458' title='bbox 1454 1583 1650 1616; x_wconf 62' lang='grc' dir='ltr'>κατοικεῖσθαι,</span> <span class='ocrx_word' id='word_1_459' title='bbox 1671 1582 1724 1609; x_wconf 68' lang='grc' dir='ltr'><strong>τῶν</strong></span> <span class='ocrx_word' id='word_1_460' title='bbox 1738 1579 1801 1609; x_wconf 70' lang='grc' dir='ltr'>δέκα</span> 
     </span>
     <span class='ocr_line' id='line_1_59' title="bbox 236 1622 1800 1670; baseline 0.002 -11"><span class='ocrx_word' id='word_1_461' title='bbox 236 1629 435 1666; x_wconf 81' lang='lat' dir='ltr'><strong>abductionem,</strong></span> <span class='ocrx_word' id='word_1_462' title='bbox 454 1630 517 1668; x_wconf 89' lang='lat' dir='ltr'><strong>quia</strong></span> <span class='ocrx_word' id='word_1_463' title='bbox 537 1629 584 1658; x_wconf 86' lang='lat' dir='ltr'><strong>illa</strong></span> <span class='ocrx_word' id='word_1_464' title='bbox 602 1629 729 1669; x_wconf 84' lang='lat' dir='ltr'><strong>patientia</strong></span> <span class='ocrx_word' id='word_1_465' title='bbox 747 1629 818 1658; x_wconf 90' lang='lat' dir='ltr'><strong>nihil</strong></span> <span class='ocrx_word' id='word_1_466' title='bbox 839 1629 905 1670; x_wconf 90' lang='lat' dir='ltr'><strong>ipsis</strong></span> <span class='ocrx_word' id='word_1_467' title='bbox 918 1641 982 1670; x_wconf 91' lang='lat' dir='ltr'><strong>pro-</strong></span> <span class='ocrx_word' id='word_1_468' title='bbox 997 1626 1017 1650; x_wconf 65' lang='grc' dir='ltr'><strong>Α</strong></span> <span class='ocrx_word' id='word_1_469' title='bbox 1032 1622 1120 1661; x_wconf 69' lang='grc' dir='ltr'>φυλῶν</span> <span class='ocrx_word' id='word_1_470' title='bbox 1135 1622 1183 1658; x_wconf 67' lang='grc' dir='ltr'><strong>τὴν</strong></span> <span class='ocrx_word' id='word_1_471' title='bbox 1203 1623 1387 1663; x_wconf 65' lang='grc' dir='ltr'>αἷχμαλωσῖαν</span> <span class='ocrx_word' id='word_1_472' title='bbox 1407 1624 1560 1654; x_wconf 70' lang='grc' dir='ltr'>αἷνῖττεταῑ·</span> <span class='ocrx_word' id='word_1_473' title='bbox 1576 1626 1629 1654; x_wconf 72' lang='grc' dir='ltr'><strong>Καὶ</strong></span> <span class='ocrx_word' id='word_1_474' title='bbox 1647 1625 1697 1665; x_wconf 77' lang='grc' dir='ltr'><strong>γὰρ</strong></span> <span class='ocrx_word' id='word_1_475' title='bbox 1719 1625 1800 1665; x_wconf 67' lang='grc' dir='ltr'>ἄρδην</span> 
     </span>
    </p>
   </div>
   <div class='ocr_carea' id='block_1_13' title="bbox 235 1676 985 2175">
    <p class='ocr_par' dir='ltr' id='par_1_13' title="bbox 235 1676 985 2175">
     <span class='ocr_line' id='line_1_60' title="bbox 235 1676 984 1717; baseline 0.001 -12"><span class='ocrx_word' id='word_1_476' title='bbox 235 1676 321 1706; x_wconf 82' lang='lat' dir='ltr'><strong>fuerat</strong></span> <span class='ocrx_word' id='word_1_477' title='bbox 333 1687 341 1704; x_wconf 69' lang='grc' dir='ltr'><strong>ε</strong></span> <span class='ocrx_word' id='word_1_478' title='bbox 354 1683 381 1706; x_wconf 90' lang='lat' dir='ltr'><strong>et</strong></span> <span class='ocrx_word' id='word_1_479' title='bbox 395 1676 574 1715; x_wconf 84' lang='lat' dir='ltr'><strong>reliquiarum</strong></span> <span class='ocrx_word' id='word_1_480' title='bbox 587 1676 644 1715; x_wconf 88' lang='lat' dir='ltr'><strong>ejus</strong></span> <span class='ocrx_word' id='word_1_481' title='bbox 655 1686 837 1705; x_wconf 86' lang='lat' dir='ltr'><strong>successuram</strong></span> <span class='ocrx_word' id='word_1_482' title='bbox 850 1677 984 1717; x_wconf 85' lang='lat' dir='ltr'><strong>prosperi-</strong></span> 
     </span>
     <span class='ocr_line' id='line_1_61' title="bbox 236 1721 983 1757; baseline 0.001 -6"><span class='ocrx_word' id='word_1_483' title='bbox 236 1729 327 1752; x_wconf 87' lang='lat' dir='ltr'><strong>tatem.</strong></span> <span class='ocrx_word' id='word_1_484' title='bbox 340 1723 409 1752; x_wconf 90' lang='lat' dir='ltr'><strong>Cum</strong></span> <span class='ocrx_word' id='word_1_485' title='bbox 427 1721 499 1751; x_wconf 88' lang='lat' dir='ltr'><strong>enim</strong></span> <span class='ocrx_word' id='word_1_486' title='bbox 520 1721 597 1757; x_wconf 82' lang='lat' dir='ltr'><strong>dicit,</strong></span> <span class='ocrx_word' id='word_1_487' title='bbox 613 1722 715 1750; x_wconf 83' lang='lat' dir='ltr'><strong>Donec</strong></span> <span class='ocrx_word' id='word_1_488' title='bbox 731 1722 901 1751; x_wconf 81' lang='lat' dir='ltr'><strong>desolentur</strong></span> <span class='ocrx_word' id='word_1_489' title='bbox 913 1726 983 1752; x_wconf 79' lang='lat' dir='ltr'><strong>civi-</strong></span> 
     </span>
     <span class='ocr_line' id='line_1_62' title="bbox 237 1767 984 1807; baseline 0.001 -11"><span class='ocrx_word' id='word_1_490' title='bbox 237 1775 309 1797; x_wconf 77' lang='lat' dir='ltr'><strong>tates</strong></span> <span class='ocrx_word' id='word_1_491' title='bbox 335 1778 369 1797; x_wconf 89' lang='lat' dir='ltr'><strong>eo</strong></span> <span class='ocrx_word' id='word_1_492' title='bbox 381 1768 461 1807; x_wconf 83' lang='lat' dir='ltr'><strong>quod</strong></span> <span class='ocrx_word' id='word_1_493' title='bbox 478 1778 538 1796; x_wconf 87' lang='lat' dir='ltr'><strong>non</strong></span> <span class='ocrx_word' id='word_1_494' title='bbox 557 1768 737 1804; x_wconf 81' lang='lat' dir='ltr'><strong>habitentur,</strong></span> <span class='ocrx_word' id='word_1_495' title='bbox 753 1767 844 1797; x_wconf 87' lang='lat' dir='ltr'><strong>decem</strong></span> <span class='ocrx_word' id='word_1_496' title='bbox 861 1768 984 1797; x_wconf 88' lang='lat' dir='ltr'><strong>tribuum</strong></span> 
     </span>
     <span class='ocr_line' id='line_1_63' title="bbox 236 1813 985 1854; baseline 0 -11"><span class='ocrx_word' id='word_1_497' title='bbox 236 1814 418 1854; x_wconf 80' lang='lat' dir='ltr'><strong>captivitatem</strong></span> <span class='ocrx_word' id='word_1_498' title='bbox 427 1813 590 1843; x_wconf 82' lang='lat' dir='ltr'><strong>subindicat.</strong></span> <span class='ocrx_word' id='word_1_499' title='bbox 600 1814 670 1843; x_wconf 88' lang='lat' dir='ltr'><strong>Nam</strong></span> <span class='ocrx_word' id='word_1_500' title='bbox 682 1813 812 1842; x_wconf 82' lang='lat' dir='ltr'><strong>radicitus</strong></span> <span class='ocrx_word' id='word_1_501' title='bbox 821 1824 912 1843; x_wconf 87' lang='lat' dir='ltr'><strong>omnes</strong></span> <span class='ocrx_word' id='word_1_502' title='bbox 922 1815 985 1843; x_wconf 89' lang='lat' dir='ltr'><strong>sub-</strong></span> 
     </span>
     <span class='ocr_line' id='line_1_64' title="bbox 236 1860 984 1900; baseline 0.001 -11"><span class='ocrx_word' id='word_1_503' title='bbox 236 1860 284 1889; x_wconf 87' lang='lat' dir='ltr'><strong>lati</strong></span> <span class='ocrx_word' id='word_1_504' title='bbox 298 1867 370 1896; x_wconf 86' lang='lat' dir='ltr'><strong>sunt,</strong></span> <span class='ocrx_word' id='word_1_505' title='bbox 381 1867 407 1889; x_wconf 91' lang='lat' dir='ltr'><strong>et</strong></span> <span class='ocrx_word' id='word_1_506' title='bbox 424 1870 487 1889; x_wconf 92' lang='lat' dir='ltr'><strong>cum</strong></span> <span class='ocrx_word' id='word_1_507' title='bbox 509 1860 594 1889; x_wconf 88' lang='lat' dir='ltr'><strong>multa</strong></span> <span class='ocrx_word' id='word_1_508' title='bbox 613 1860 741 1889; x_wconf 86' lang='lat' dir='ltr'><strong>violentia</strong></span> <span class='ocrx_word' id='word_1_509' title='bbox 760 1860 877 1900; x_wconf 85' lang='lat' dir='ltr'><strong>abrepti,</strong></span> <span class='ocrx_word' id='word_1_510' title='bbox 893 1871 984 1894; x_wconf 87' lang='lat' dir='ltr'><strong>omnes</strong></span> 
     </span>
     <span class='ocr_line' id='line_1_65' title="bbox 235 1905 983 1942; baseline 0.003 -7"><span class='ocrx_word' id='word_1_511' title='bbox 235 1905 264 1934; x_wconf 87' lang='lat' dir='ltr'><strong>in</strong></span> <span class='ocrx_word' id='word_1_512' title='bbox 285 1906 400 1935; x_wconf 88' lang='lat' dir='ltr'><strong>alienam</strong></span> <span class='ocrx_word' id='word_1_513' title='bbox 427 1912 525 1935; x_wconf 89' lang='lat' dir='ltr'><strong>terram</strong></span> <span class='ocrx_word' id='word_1_514' title='bbox 546 1905 668 1935; x_wconf 83' lang='lat' dir='ltr'><strong>translati</strong></span> <span class='ocrx_word' id='word_1_515' title='bbox 693 1913 767 1942; x_wconf 91' lang='lat' dir='ltr'><strong>sunt,</strong></span> <span class='ocrx_word' id='word_1_516' title='bbox 784 1906 820 1935; x_wconf 87' lang='lat' dir='ltr'><strong>ita</strong></span> <span class='ocrx_word' id='word_1_517' title='bbox 845 1914 875 1935; x_wconf 88' lang='lat' dir='ltr'><strong>ut</strong></span> <span class='ocrx_word' id='word_1_518' title='bbox 903 1907 983 1937; x_wconf 80' lang='lat' dir='ltr'><strong>urbes</strong></span> 
     </span>
     <span class='ocr_line' id='line_1_66' title="bbox 235 1951 983 1988; baseline 0.003 -8"><span class='ocrx_word' id='word_1_519' title='bbox 235 1962 328 1981; x_wconf 90' lang='lat' dir='ltr'><strong>omnes</strong></span> <span class='ocrx_word' id='word_1_520' title='bbox 336 1958 434 1981; x_wconf 86' lang='lat' dir='ltr'><strong>starent</strong></span> <span class='ocrx_word' id='word_1_521' title='bbox 440 1951 597 1988; x_wconf 84' lang='lat' dir='ltr'><strong>hominibus</strong></span> <span class='ocrx_word' id='word_1_522' title='bbox 605 1959 735 1988; x_wconf 82' lang='lat' dir='ltr'><strong>vacuae,et</strong></span> <span class='ocrx_word' id='word_1_523' title='bbox 746 1959 818 1981; x_wconf 88' lang='lat' dir='ltr'><strong>terra</strong></span> <span class='ocrx_word' id='word_1_524' title='bbox 827 1952 983 1982; x_wconf 84' lang='lat' dir='ltr'><strong>destituere-</strong></span> 
     </span>
     <span class='ocr_line' id='line_1_67' title="bbox 235 1997 983 2036; baseline 0.003 -10"><span class='ocrx_word' id='word_1_525' title='bbox 235 2004 281 2026; x_wconf 89' lang='lat' dir='ltr'><strong>tur</strong></span> <span class='ocrx_word' id='word_1_526' title='bbox 295 1997 372 2034; x_wconf 85' lang='lat' dir='ltr'><strong>viris,</strong></span> <span class='ocrx_word' id='word_1_527' title='bbox 389 1997 436 2036; x_wconf 82' lang='lat' dir='ltr'><strong>qui</strong></span> <span class='ocrx_word' id='word_1_528' title='bbox 449 2007 506 2026; x_wconf 90' lang='lat' dir='ltr'><strong>eam</strong></span> <span class='ocrx_word' id='word_1_529' title='bbox 527 1997 653 2033; x_wconf 83' lang='lat' dir='ltr'><strong>colerent,</strong></span> <span class='ocrx_word' id='word_1_530' title='bbox 669 1998 703 2026; x_wconf 81' lang='lat' dir='ltr'><strong>ad</strong></span> <span class='ocrx_word' id='word_1_531' title='bbox 724 2008 818 2027; x_wconf 88' lang='lat' dir='ltr'><strong>eorum</strong></span> <span class='ocrx_word' id='word_1_532' title='bbox 840 1998 983 2028; x_wconf 83' lang='lat' dir='ltr'><strong>utilitatem</strong></span> 
     </span>
     <span class='ocr_line' id='line_1_68' title="bbox 236 2042 983 2082; baseline 0.003 -11"><span class='ocrx_word' id='word_1_533' title='bbox 236 2042 283 2081; x_wconf 87' lang='lat' dir='ltr'><strong>qui</strong></span> <span class='ocrx_word' id='word_1_534' title='bbox 293 2042 381 2072; x_wconf 84' lang='lat' dir='ltr'><strong>relicti</strong></span> <span class='ocrx_word' id='word_1_535' title='bbox 390 2043 575 2073; x_wconf 83' lang='lat' dir='ltr'><strong>fuerant.cum</strong></span> <span class='ocrx_word' id='word_1_536' title='bbox 586 2053 650 2082; x_wconf 83' lang='lat' dir='ltr'><strong>ergo</strong></span> <span class='ocrx_word' id='word_1_537' title='bbox 657 2042 842 2081; x_wconf 83' lang='lat' dir='ltr'><strong>dicit‚Donec</strong></span> <span class='ocrx_word' id='word_1_538' title='bbox 853 2045 983 2073; x_wconf 77' lang='lat' dir='ltr'><strong>desolen-</strong></span> 
     </span>
     <span class='ocr_line' id='line_1_69' title="bbox 238 2089 981 2129; baseline 0.004 -12"><span class='ocrx_word' id='word_1_539' title='bbox 238 2095 286 2117; x_wconf 84' lang='lat' dir='ltr'><strong>tur·</strong></span> <span class='ocrx_word' id='word_1_540' title='bbox 294 2090 473 2126; x_wconf 76' lang='lat' dir='ltr'><strong>civitates,eo</strong></span> <span class='ocrx_word' id='word_1_541' title='bbox 480 2089 561 2129; x_wconf 82' lang='lat' dir='ltr'><strong>quod</strong></span> <span class='ocrx_word' id='word_1_542' title='bbox 569 2099 628 2118; x_wconf 90' lang='lat' dir='ltr'><strong>non</strong></span> <span class='ocrx_word' id='word_1_543' title='bbox 634 2089 841 2125; x_wconf 72' lang='lat' dir='ltr'><strong>habitentur,et</strong></span> <span class='ocrx_word' id='word_1_544' title='bbox 853 2092 938 2120; x_wconf 79' lang='lat' dir='ltr'><strong>urbes</strong></span> <span class='ocrx_word' id='word_1_545' title='bbox 948 2102 981 2120; x_wconf 86' lang='lat' dir='ltr'><strong>eo</strong></span> 
     </span>
     <span class='ocr_line' id='line_1_70' title="bbox 237 2136 982 2175; baseline 0.001 -10"><span class='ocrx_word' id='word_1_546' title='bbox 237 2136 317 2174; x_wconf 82' lang='lat' dir='ltr'><strong>quod</strong></span> <span class='ocrx_word' id='word_1_547' title='bbox 328 2146 386 2164; x_wconf 86' lang='lat' dir='ltr'><strong>non</strong></span> <span class='ocrx_word' id='word_1_548' title='bbox 397 2137 455 2165; x_wconf 87' lang='lat' dir='ltr'><strong>sint</strong></span> <span class='ocrx_word' id='word_1_549' title='bbox 469 2136 610 2172; x_wconf 76' lang='lat' dir='ltr'><strong>homines,</strong></span> <span class='ocrx_word' id='word_1_550' title='bbox 621 2142 683 2164; x_wconf 89' lang='lat' dir='ltr'><strong>tunc</strong></span> <span class='ocrx_word' id='word_1_551' title='bbox 693 2136 872 2175; x_wconf 86' lang='lat' dir='ltr'><strong>captivitatem</strong></span> <span class='ocrx_word' id='word_1_552' title='bbox 883 2148 982 2166; x_wconf 86' lang='lat' dir='ltr'><strong>memo-</strong></span> 
     </span>
    </p>
   </div>
   <div class='ocr_carea' id='block_1_14' title="bbox 238 2226 999 2617">
    <p class='ocr_par' dir='ltr' id='par_1_14' title="bbox 271 2226 692 2263">
     <span class='ocr_line' id='line_1_71' title="bbox 271 2226 692 2263; baseline 0.005 -13"><span class='ocrx_word' id='word_1_553' title='bbox 271 2235 282 2246; x_wconf 68' lang='grc' dir='ltr'>ι·</span> <span class='ocrx_word' id='word_1_554' title='bbox 299 2227 331 2251; x_wconf 86' lang='lat' dir='ltr'><strong>Iu</strong></span> <span class='ocrx_word' id='word_1_555' title='bbox 342 2226 429 2251; x_wconf 87' lang='lat' dir='ltr'><strong>Bibliis</strong></span> <span class='ocrx_word' id='word_1_556' title='bbox 439 2231 459 2252; x_wconf 78' lang='grc' dir='ltr'><strong>οὶ</strong></span> <span class='ocrx_word' id='word_1_557' title='bbox 470 2230 692 2263; x_wconf 63' lang='grc' dir='ltr'>ἐγκαταληφθέντες.</span> 
     </span>
    </p>

    <p class='ocr_par' dir='ltr' id='par_1_15' title="bbox 238 2266 999 2617">
     <span class='ocr_line' id='line_1_72' title="bbox 271 2266 993 2300; baseline 0.001 -9"><span class='ocrx_word' id='word_1_558' title='bbox 271 2267 285 2285; x_wconf 83' lang='lat' dir='ltr'>b</span> <span class='ocrx_word' id='word_1_559' title='bbox 301 2269 396 2300; x_wconf 78' lang='grc' dir='ltr'>Σπέρμα</span> <span class='ocrx_word' id='word_1_560' title='bbox 408 2268 471 2298; x_wconf 74' lang='grc' dir='ltr'>ἅγιον</span> <span class='ocrx_word' id='word_1_561' title='bbox 482 2270 509 2292; x_wconf 79' lang='grc' dir='ltr'><strong>τὸ</strong></span> <span class='ocrx_word' id='word_1_562' title='bbox 521 2269 631 2298; x_wconf 78' lang='grc' dir='ltr'>στήλωμα</span> <span class='ocrx_word' id='word_1_563' title='bbox 651 2269 728 2295; x_wconf 68' lang='grc' dir='ltr'>αὐτῆς.</span> <span class='ocrx_word' id='word_1_564' title='bbox 742 2266 802 2291; x_wconf 82' lang='lat' dir='ltr'><strong>Haec</strong></span> <span class='ocrx_word' id='word_1_565' title='bbox 818 2274 872 2292; x_wconf 88' lang='lat' dir='ltr'><strong>nou</strong></span> <span class='ocrx_word' id='word_1_566' title='bbox 890 2273 949 2292; x_wconf 91' lang='lat' dir='ltr'><strong>sunt</strong></span> <span class='ocrx_word' id='word_1_567' title='bbox 968 2269 993 2292; x_wconf 91' lang='lat' dir='ltr'><strong>in</strong></span> 
     </span>
     <span class='ocr_line' id='line_1_73' title="bbox 238 2304 997 2340; baseline 0.003 -11"><span class='ocrx_word' id='word_1_568' title='bbox 238 2304 356 2330; x_wconf 72' lang='lat' dir='ltr'><strong>mitione</strong></span> <span class='ocrx_word' id='word_1_569' title='bbox 367 2312 412 2330; x_wconf 78' lang='grc' dir='ltr'><strong>τῶν</strong></span> <span class='ocrx_word' id='word_1_570' title='bbox 427 2305 474 2336; x_wconf 80' lang='lat'><strong>0&#39;.,</strong></span> <span class='ocrx_word' id='word_1_571' title='bbox 487 2312 567 2337; x_wconf 87' lang='lat' dir='ltr'><strong>neque</strong></span> <span class='ocrx_word' id='word_1_572' title='bbox 585 2310 657 2329; x_wconf 82' lang='lat' dir='ltr'><strong>eraut</strong></span> <span class='ocrx_word' id='word_1_573' title='bbox 667 2305 742 2330; x_wconf 84' lang='lat' dir='ltr'><strong>etiam</strong></span> <span class='ocrx_word' id='word_1_574' title='bbox 758 2311 872 2338; x_wconf 87' lang='lat' dir='ltr'><strong>tempore</strong></span> <span class='ocrx_word' id='word_1_575' title='bbox 883 2305 997 2340; x_wconf 82' lang='lat' dir='ltr'><strong>Chryso-</strong></span> 
     </span>
     <span class='ocr_line' id='line_1_74' title="bbox 239 2343 997 2377; baseline 0.001 -7"><span class='ocrx_word' id='word_1_576' title='bbox 239 2345 325 2376; x_wconf 85' lang='lat' dir='ltr'><strong>stomi,</strong></span> <span class='ocrx_word' id='word_1_577' title='bbox 336 2344 383 2369; x_wconf 87' lang='lat' dir='ltr'><strong>nisi</strong></span> <span class='ocrx_word' id='word_1_578' title='bbox 394 2343 477 2368; x_wconf 89' lang='lat' dir='ltr'><strong>inillis</strong></span> <span class='ocrx_word' id='word_1_579' title='bbox 488 2343 680 2376; x_wconf 79' lang='lat' dir='ltr'><strong>exemplaribus3</strong></span> <span class='ocrx_word' id='word_1_580' title='bbox 695 2353 751 2377; x_wconf 77' lang='lat' dir='ltr'><strong>quae</strong></span> <span class='ocrx_word' id='word_1_581' title='bbox 763 2354 814 2370; x_wconf 88' lang='lat' dir='ltr'><strong>non</strong></span> <span class='ocrx_word' id='word_1_582' title='bbox 826 2351 899 2370; x_wconf 86' lang='lat' dir='ltr'><strong>erant</strong></span> <span class='ocrx_word' id='word_1_583' title='bbox 910 2355 997 2371; x_wconf 88' lang='lat' dir='ltr'><strong>secuu-</strong></span> 
     </span>
     <span class='ocr_line' id='line_1_75' title="bbox 239 2382 998 2418; baseline 0.004 -10"><span class='ocrx_word' id='word_1_584' title='bbox 239 2383 300 2409; x_wconf 87' lang='lat' dir='ltr'><strong>dum</strong></span> <span class='ocrx_word' id='word_1_585' title='bbox 308 2382 477 2416; x_wconf 77' lang='lat' dir='ltr'><strong>Hexaplorum</strong></span> <span class='ocrx_word' id='word_1_586' title='bbox 485 2382 624 2408; x_wconf 71' lang='lat' dir='ltr'><strong>editionem</strong></span> <span class='ocrx_word' id='word_1_587' title='bbox 632 2389 779 2409; x_wconf 79' lang='lat' dir='ltr'><strong>retractata.</strong></span> <span class='ocrx_word' id='word_1_588' title='bbox 788 2384 839 2409; x_wconf 84' lang='lat' dir='ltr'><strong>Sed</strong></span> <span class='ocrx_word' id='word_1_589' title='bbox 844 2386 870 2410; x_wconf 90' lang='lat' dir='ltr'><strong>in</strong></span> <span class='ocrx_word' id='word_1_590' title='bbox 879 2386 998 2418; x_wconf 74' lang='lat' dir='ltr'><strong>Hexaplis</strong></span> 
     </span>
     <span class='ocr_line' id='line_1_76' title="bbox 240 2422 999 2456; baseline 0.003 -8"><span class='ocrx_word' id='word_1_591' title='bbox 240 2423 332 2448; x_wconf 84' lang='lat' dir='ltr'><strong>nostris</strong></span> <span class='ocrx_word' id='word_1_592' title='bbox 341 2431 369 2447; x_wconf 83' lang='lat' dir='ltr'><strong>ea</strong></span> <span class='ocrx_word' id='word_1_593' title='bbox 381 2422 509 2455; x_wconf 86' lang='lat' dir='ltr'><strong>posuimus</strong></span> <span class='ocrx_word' id='word_1_594' title='bbox 525 2430 556 2446; x_wconf 78' lang='lat' dir='ltr'><strong>ex</strong></span> <span class='ocrx_word' id='word_1_595' title='bbox 566 2422 691 2454; x_wconf 86' lang='lat' dir='ltr'><strong>Procopio</strong></span> <span class='ocrx_word' id='word_1_596' title='bbox 709 2428 784 2456; x_wconf 82' lang='lat' dir='ltr'><strong>atque</strong></span> <span class='ocrx_word' id='word_1_597' title='bbox 797 2423 894 2448; x_wconf 83' lang='lat' dir='ltr'><strong>Joanne</strong></span> <span class='ocrx_word' id='word_1_598' title='bbox 909 2424 999 2450; x_wconf 87' lang='lat' dir='ltr'><strong>Curte-</strong></span> 
     </span>
     <span class='ocr_line' id='line_1_77' title="bbox 241 2460 998 2495; baseline 0.001 -8"><span class='ocrx_word' id='word_1_599' title='bbox 241 2464 287 2493; x_wconf 89' lang='lat' dir='ltr'><strong>rio,</strong></span> <span class='ocrx_word' id='word_1_600' title='bbox 301 2462 343 2495; x_wconf 89' lang='lat' dir='ltr'><strong>qui</strong></span> <span class='ocrx_word' id='word_1_601' title='bbox 354 2467 496 2495; x_wconf 82' lang='lat' dir='ltr'><strong>postremus</strong></span> <span class='ocrx_word' id='word_1_602' title='bbox 507 2460 573 2486; x_wconf 76' lang='lat' dir='ltr'><strong>hanc</strong></span> <span class='ocrx_word' id='word_1_603' title='bbox 589 2461 774 2487; x_wconf 86' lang='lat' dir='ltr'><strong>Theodotionis</strong></span> <span class='ocrx_word' id='word_1_604' title='bbox 792 2462 924 2488; x_wconf 89' lang='lat' dir='ltr'><strong>lectionem</strong></span> <span class='ocrx_word' id='word_1_605' title='bbox 941 2473 998 2489; x_wconf 88' lang='lat' dir='ltr'><strong>cum</strong></span> 
     </span>
     <span class='ocr_line' id='line_1_78' title="bbox 241 2499 998 2535; baseline 0.003 -9"><span class='ocrx_word' id='word_1_606' title='bbox 241 2502 359 2527; x_wconf 83' lang='lat' dir='ltr'><strong>asterisco</strong></span> <span class='ocrx_word' id='word_1_607' title='bbox 371 2500 465 2533; x_wconf 87' lang='lat' dir='ltr'><strong>attulit,</strong></span> <span class='ocrx_word' id='word_1_608' title='bbox 479 2501 537 2534; x_wconf 84' lang='lat' dir='ltr'><strong>quia</strong></span> <span class='ocrx_word' id='word_1_609' title='bbox 546 2509 604 2525; x_wconf 86' lang='lat' dir='ltr'><strong>cum</strong></span> <span class='ocrx_word' id='word_1_610' title='bbox 620 2501 646 2525; x_wconf 87' lang='lat' dir='ltr'><strong>in</strong></span> <span class='ocrx_word' id='word_1_611' title='bbox 658 2506 703 2530; x_wconf 79' lang='grc' dir='ltr'>τοῖς</span> <span class='ocrx_word' id='word_1_612' title='bbox 712 2499 733 2527; x_wconf 87' lang='lat' dir='ltr'><strong>o&#39;</strong></span> <span class='ocrx_word' id='word_1_613' title='bbox 742 2520 747 2525; x_wconf 94' lang='lat'>.</span> <span class='ocrx_word' id='word_1_614' title='bbox 761 2501 952 2535; x_wconf 82' lang='lat' dir='ltr'><strong>desideraretur,</strong></span> <span class='ocrx_word' id='word_1_615' title='bbox 969 2512 998 2528; x_wconf 85' lang='lat' dir='ltr'><strong>ex</strong></span> 
     </span>
     <span class='ocr_line' id='line_1_79' title="bbox 241 2538 997 2574; baseline 0.003 -9"><span class='ocrx_word' id='word_1_616' title='bbox 241 2540 425 2568; x_wconf 83' lang='lat' dir='ltr'><strong>Theodotionis</strong></span> <span class='ocrx_word' id='word_1_617' title='bbox 436 2539 547 2565; x_wconf 85' lang='lat' dir='ltr'><strong>editione</strong></span> <span class='ocrx_word' id='word_1_618' title='bbox 559 2539 586 2564; x_wconf 86' lang='lat' dir='ltr'><strong>id</strong></span> <span class='ocrx_word' id='word_1_619' title='bbox 594 2538 720 2572; x_wconf 85' lang='lat' dir='ltr'><strong>adjectum</strong></span> <span class='ocrx_word' id='word_1_620' title='bbox 733 2539 823 2565; x_wconf 85' lang='lat' dir='ltr'><strong>fuerat.</strong></span> <span class='ocrx_word' id='word_1_621' title='bbox 838 2540 869 2565; x_wconf 89' lang='lat' dir='ltr'><strong>Id</strong></span> <span class='ocrx_word' id='word_1_622' title='bbox 879 2550 939 2567; x_wconf 88' lang='lat' dir='ltr'><strong>vero</strong></span> <span class='ocrx_word' id='word_1_623' title='bbox 950 2551 997 2574; x_wconf 85' lang='lat' dir='ltr'><strong>no-</strong></span> 
     </span>
     <span class='ocr_line' id='line_1_80' title="bbox 243 2579 996 2617; baseline 0.004 -12"><span class='ocrx_word' id='word_1_624' title='bbox 243 2586 281 2605; x_wconf 80' lang='lat' dir='ltr'><strong>tat</strong></span> <span class='ocrx_word' id='word_1_625' title='bbox 290 2582 365 2605; x_wconf 86' lang='lat' dir='ltr'><strong>etiam</strong></span> <span class='ocrx_word' id='word_1_626' title='bbox 379 2581 514 2613; x_wconf 85' lang='lat' dir='ltr'><strong>Procopius</strong></span> <span class='ocrx_word' id='word_1_627' title='bbox 523 2579 561 2605; x_wconf 86' lang='lat' dir='ltr'><strong>his</strong></span> <span class='ocrx_word' id='word_1_628' title='bbox 571 2579 652 2607; x_wconf 83' lang='lat' dir='ltr'><strong>verbis</strong></span> <span class='ocrx_word' id='word_1_629' title='bbox 663 2589 667 2603; x_wconf 93' lang='lat'>:</span> <span class='ocrx_word' id='word_1_630' title='bbox 680 2583 702 2606; x_wconf 67' lang='grc' dir='ltr'><strong>ἑν</strong></span> <span class='ocrx_word' id='word_1_631' title='bbox 710 2586 741 2613; x_wconf 82' lang='grc' dir='ltr'><strong>τῷ</strong></span> <span class='ocrx_word' id='word_1_632' title='bbox 751 2585 850 2613; x_wconf 66' lang='grc' dir='ltr'>γενέσθαι</span> <span class='ocrx_word' id='word_1_633' title='bbox 865 2586 890 2609; x_wconf 82' lang='grc' dir='ltr'><strong>τὸ</strong></span> <span class='ocrx_word' id='word_1_634' title='bbox 906 2587 996 2617; x_wconf 66' lang='grc' dir='ltr'>σπέρμα</span> 
     </span>
    </p>
   </div>
   <div class='ocr_carea' id='block_1_15' title="bbox 1031 1666 1801 2181">
    <p class='ocr_par' dir='ltr' id='par_1_16' title="bbox 1031 1666 1801 2181">
     <span class='ocr_line' id='line_1_81' title="bbox 1032 1666 1801 1712; baseline 0.007 -16"><span class='ocrx_word' id='word_1_635' title='bbox 1032 1666 1211 1707; x_wconf 77' lang='grc' dir='ltr'>ἠφανίσθησαν</span> <span class='ocrx_word' id='word_1_636' title='bbox 1232 1669 1360 1706; x_wconf 85' lang='grc' dir='ltr'>ἅπαντες,</span> <span class='ocrx_word' id='word_1_637' title='bbox 1375 1669 1420 1699; x_wconf 80' lang='grc' dir='ltr'><strong>καὶ</strong></span> <span class='ocrx_word' id='word_1_638' title='bbox 1434 1670 1501 1709; x_wconf 86' lang='grc' dir='ltr'>μετὰ</span> <span class='ocrx_word' id='word_1_639' title='bbox 1514 1673 1614 1707; x_wconf 72' lang='grc' dir='ltr'>πολλῆς</span> <span class='ocrx_word' id='word_1_640' title='bbox 1627 1674 1675 1707; x_wconf 83' lang='grc' dir='ltr'><strong>τῆς</strong></span> <span class='ocrx_word' id='word_1_641' title='bbox 1690 1673 1801 1712; x_wconf 78' lang='grc' dir='ltr'>σφοδρό-</span> 
     </span>
     <span class='ocr_line' id='line_1_82' title="bbox 1032 1714 1801 1758; baseline 0.005 -15"><span class='ocrx_word' id='word_1_642' title='bbox 1032 1725 1110 1750; x_wconf 86' lang='grc' dir='ltr'>τητος</span> <span class='ocrx_word' id='word_1_643' title='bbox 1121 1714 1284 1754; x_wconf 81' lang='grc' dir='ltr'>ἀνάρπαστοι</span> <span class='ocrx_word' id='word_1_644' title='bbox 1292 1715 1435 1755; x_wconf 89' lang='grc' dir='ltr'>γενόμενοι,</span> <span class='ocrx_word' id='word_1_645' title='bbox 1446 1717 1543 1751; x_wconf 78' lang='grc' dir='ltr'>πάντες</span> <span class='ocrx_word' id='word_1_646' title='bbox 1553 1719 1590 1750; x_wconf 82' lang='grc' dir='ltr'><strong>εἷς</strong></span> <span class='ocrx_word' id='word_1_647' title='bbox 1601 1717 1648 1754; x_wconf 78' lang='grc' dir='ltr'><strong>τὴν</strong></span> <span class='ocrx_word' id='word_1_648' title='bbox 1660 1718 1801 1758; x_wconf 72' lang='grc' dir='ltr'>ἀλλοτρίαν</span> 
     </span>
     <span class='ocr_line' id='line_1_83' title="bbox 1033 1760 1801 1800; baseline 0.007 -11"><span class='ocrx_word' id='word_1_649' title='bbox 1033 1760 1220 1800; x_wconf 81' lang='grc' dir='ltr'>ἀπηνέχθησαν</span> <span class='ocrx_word' id='word_1_650' title='bbox 1229 1784 1237 1798; x_wconf 86' lang='grc'>,</span> <span class='ocrx_word' id='word_1_651' title='bbox 1258 1762 1294 1795; x_wconf 85' lang='grc' dir='ltr'>ὡς</span> <span class='ocrx_word' id='word_1_652' title='bbox 1313 1761 1357 1790; x_wconf 80' lang='grc' dir='ltr'><strong>καὶ</strong></span> <span class='ocrx_word' id='word_1_653' title='bbox 1382 1761 1429 1795; x_wconf 81' lang='grc' dir='ltr'><strong>τὰς</strong></span> <span class='ocrx_word' id='word_1_654' title='bbox 1453 1762 1542 1796; x_wconf 83' lang='grc' dir='ltr'>πόλεις</span> <span class='ocrx_word' id='word_1_655' title='bbox 1566 1763 1669 1797; x_wconf 83' lang='grc' dir='ltr'>ἁπάσας</span> <span class='ocrx_word' id='word_1_656' title='bbox 1694 1764 1801 1794; x_wconf 81' lang='grc' dir='ltr'>ἑστάναι</span> 
     </span>
     <span class='ocr_line' id='line_1_84' title="bbox 1033 1806 1800 1850; baseline 0.007 -15"><span class='ocrx_word' id='word_1_657' title='bbox 1033 1806 1110 1840; x_wconf 76' lang='grc' dir='ltr'>κενὰς</span> <span class='ocrx_word' id='word_1_658' title='bbox 1122 1806 1265 1846; x_wconf 82' lang='grc' dir='ltr'>ἀνθρώπων</span> <span class='ocrx_word' id='word_1_659' title='bbox 1274 1830 1282 1844; x_wconf 98' lang='grc'>,</span> <span class='ocrx_word' id='word_1_660' title='bbox 1297 1807 1342 1837; x_wconf 82' lang='grc' dir='ltr'><strong>καὶ</strong></span> <span class='ocrx_word' id='word_1_661' title='bbox 1360 1808 1408 1844; x_wconf 83' lang='grc' dir='ltr'><strong>τὴν</strong></span> <span class='ocrx_word' id='word_1_662' title='bbox 1422 1811 1471 1847; x_wconf 79' lang='grc' dir='ltr'><strong>γῆν</strong></span> <span class='ocrx_word' id='word_1_663' title='bbox 1486 1809 1584 1849; x_wconf 85' lang='grc' dir='ltr'>ἔρημον</span> <span class='ocrx_word' id='word_1_664' title='bbox 1598 1812 1650 1839; x_wconf 79' lang='grc' dir='ltr'><strong>τῶν</strong></span> <span class='ocrx_word' id='word_1_665' title='bbox 1671 1813 1800 1850; x_wconf 86' lang='grc' dir='ltr'>θεραπευ-</span> 
     </span>
     <span class='ocr_line' id='line_1_85' title="bbox 1033 1852 1798 1895; baseline 0.007 -14"><span class='ocrx_word' id='word_1_666' title='bbox 1033 1852 1132 1882; x_wconf 85' lang='grc' dir='ltr'>σόντων</span> <span class='ocrx_word' id='word_1_667' title='bbox 1147 1853 1227 1889; x_wconf 82' lang='grc' dir='ltr'>αὐτὴν</span> <span class='ocrx_word' id='word_1_668' title='bbox 1249 1854 1286 1886; x_wconf 82' lang='grc' dir='ltr'><strong>εἰς</strong></span> <span class='ocrx_word' id='word_1_669' title='bbox 1306 1854 1434 1894; x_wconf 81' lang='grc' dir='ltr'>ὠφέλειαν</span> <span class='ocrx_word' id='word_1_670' title='bbox 1448 1857 1500 1884; x_wconf 84' lang='grc' dir='ltr'><strong>τῶν</strong></span> <span class='ocrx_word' id='word_1_671' title='bbox 1525 1856 1798 1895; x_wconf 71' lang='grc' dir='ltr'>ὑπολειφθησομένων.</span> 
     </span>
     <span class='ocr_line' id='line_1_86' title="bbox 1034 1894 1801 1943; baseline 0.004 -15"><span class='ocrx_word' id='word_1_672' title='bbox 1034 1898 1118 1928; x_wconf 87' lang='grc' dir='ltr'>Ὅταν</span> <span class='ocrx_word' id='word_1_673' title='bbox 1132 1898 1179 1938; x_wconf 86' lang='grc' dir='ltr'><strong>μὲν</strong></span> <span class='ocrx_word' id='word_1_674' title='bbox 1199 1894 1243 1929; x_wconf 72' lang='grc' dir='ltr'><strong>οῧν</strong></span> <span class='ocrx_word' id='word_1_675' title='bbox 1265 1898 1329 1939; x_wconf 86' lang='grc' dir='ltr'>λε’γῃ</span> <span class='ocrx_word' id='word_1_676' title='bbox 1340 1922 1347 1936; x_wconf 91' lang='grc'>,</span> <span class='ocrx_word' id='word_1_677' title='bbox 1363 1899 1435 1933; x_wconf 70' lang='grc' dir='ltr'><strong>εΈως</strong></span> <span class='ocrx_word' id='word_1_678' title='bbox 1455 1902 1612 1940; x_wconf 81' lang='grc' dir='ltr'>ἕρημωθῶσι</span> <span class='ocrx_word' id='word_1_679' title='bbox 1625 1900 1715 1935; x_wconf 86' lang='grc' dir='ltr'>πόλεις</span> <span class='ocrx_word' id='word_1_680' title='bbox 1727 1903 1801 1943; x_wconf 85' lang='grc' dir='ltr'>παρὰ</span> 
     </span>
     <span class='ocr_line' id='line_1_87' title="bbox 1032 1941 1800 1987; baseline 0.004 -13"><span class='ocrx_word' id='word_1_681' title='bbox 1032 1944 1062 1974; x_wconf 80' lang='grc' dir='ltr'><strong>τὸ</strong></span> <span class='ocrx_word' id='word_1_682' title='bbox 1076 1944 1113 1983; x_wconf 77' lang='grc' dir='ltr'>μὴ</span> <span class='ocrx_word' id='word_1_683' title='bbox 1130 1947 1324 1982; x_wconf 83' lang='grc' dir='ltr'>κατοικεῖσθαι,</span> <span class='ocrx_word' id='word_1_684' title='bbox 1339 1946 1385 1975; x_wconf 86' lang='grc' dir='ltr'><strong>καὶ</strong></span> <span class='ocrx_word' id='word_1_685' title='bbox 1404 1941 1471 1976; x_wconf 67' lang='grc' dir='ltr'>οἶκοι</span> <span class='ocrx_word' id='word_1_686' title='bbox 1490 1946 1564 1987; x_wconf 82' lang='grc' dir='ltr'>παρὰ</span> <span class='ocrx_word' id='word_1_687' title='bbox 1579 1947 1609 1976; x_wconf 90' lang='grc' dir='ltr'><strong>τὸ</strong></span> <span class='ocrx_word' id='word_1_688' title='bbox 1623 1948 1660 1987; x_wconf 85' lang='grc' dir='ltr'>μὴ</span> <span class='ocrx_word' id='word_1_689' title='bbox 1675 1944 1741 1977; x_wconf 77' lang='grc' dir='ltr'>εἶναι</span> <span class='ocrx_word' id='word_1_690' title='bbox 1755 1950 1800 1977; x_wconf 81' lang='grc' dir='ltr'><strong>ἇν-</strong></span> 
     </span>
     <span class='ocr_line' id='line_1_88' title="bbox 1033 1990 1800 2033; baseline 0.007 -14"><span class='ocrx_word' id='word_1_691' title='bbox 1033 1990 1165 2031; x_wconf 84' lang='grc' dir='ltr'>θρώπους,</span> <span class='ocrx_word' id='word_1_692' title='bbox 1177 1991 1236 2020; x_wconf 82' lang='grc' dir='ltr'>τότε</span> <span class='ocrx_word' id='word_1_693' title='bbox 1250 1990 1322 2031; x_wconf 81' lang='grc' dir='ltr'>λέγει</span> <span class='ocrx_word' id='word_1_694' title='bbox 1334 1992 1380 2021; x_wconf 81' lang='grc' dir='ltr'><strong>καὶ</strong></span> <span class='ocrx_word' id='word_1_695' title='bbox 1395 1992 1443 2029; x_wconf 76' lang='grc' dir='ltr'><strong>τὴν</strong></span> <span class='ocrx_word' id='word_1_696' title='bbox 1462 1994 1659 2033; x_wconf 81' lang='grc' dir='ltr'>αἰχμαλωσίαν.</span> <span class='ocrx_word' id='word_1_697' title='bbox 1673 1995 1758 2024; x_wconf 60' lang='grc' dir='ltr'>σΟταν</span> <span class='ocrx_word' id='word_1_698' title='bbox 1773 1994 1800 2023; x_wconf 79' lang='grc' dir='ltr'><strong>δὲ</strong></span> 
     </span>
     <span class='ocr_line' id='line_1_89' title="bbox 1031 2035 1799 2078; baseline 0.007 -13"><span class='ocrx_word' id='word_1_699' title='bbox 1031 2035 1105 2076; x_wconf 78' lang='grc' dir='ltr'>λέγῃ,</span> <span class='ocrx_word' id='word_1_700' title='bbox 1119 2036 1159 2065; x_wconf 76' lang='grc' dir='ltr'><strong>ὅτι</strong></span> <span class='ocrx_word' id='word_1_701' title='bbox 1170 2037 1223 2066; x_wconf 78' lang='grc' dir='ltr'><strong>Καὶ</strong></span> <span class='ocrx_word' id='word_1_702' title='bbox 1236 2036 1304 2076; x_wconf 77' lang='grc' dir='ltr'>μετὰ</span> <span class='ocrx_word' id='word_1_703' title='bbox 1319 2041 1403 2066; x_wconf 80' lang='grc' dir='ltr'>ταῦτα</span> <span class='ocrx_word' id='word_1_704' title='bbox 1427 2043 1554 2078; x_wconf 88' lang='grc' dir='ltr'>μακρυνεῐ</span> <span class='ocrx_word' id='word_1_705' title='bbox 1567 2043 1581 2069; x_wconf 81' lang='grc' dir='ltr'>ὁ</span> <span class='ocrx_word' id='word_1_706' title='bbox 1594 2040 1664 2074; x_wconf 85' lang='grc' dir='ltr'>Θεὸς</span> <span class='ocrx_word' id='word_1_707' title='bbox 1677 2041 1736 2074; x_wconf 86' lang='grc' dir='ltr'>τοὺς</span> <span class='ocrx_word' id='word_1_708' title='bbox 1751 2042 1799 2069; x_wconf 87' lang='grc' dir='ltr'><strong>ἀν-</strong></span> 
     </span>
     <span class='ocr_line' id='line_1_90' title="bbox 1032 2086 1801 2129; baseline 0.005 -14"><span class='ocrx_word' id='word_1_709' title='bbox 1032 2086 1159 2126; x_wconf 84' lang='grc' dir='ltr'>θρώπους,</span> <span class='ocrx_word' id='word_1_710' title='bbox 1173 2086 1190 2122; x_wconf 80' lang='grc' dir='ltr'><strong>ἢ</strong></span> <span class='ocrx_word' id='word_1_711' title='bbox 1205 2086 1253 2122; x_wconf 83' lang='grc' dir='ltr'><strong>τὴν</strong></span> <span class='ocrx_word' id='word_1_712' title='bbox 1266 2087 1395 2127; x_wconf 79' lang='grc' dir='ltr'>ὁλοσχερῆ</span> <span class='ocrx_word' id='word_1_713' title='bbox 1413 2088 1517 2118; x_wconf 77' lang='grc' dir='ltr'>πάντων</span> <span class='ocrx_word' id='word_1_714' title='bbox 1530 2090 1674 2129; x_wconf 75' lang='grc' dir='ltr'>εὐπραγίαν</span> <span class='ocrx_word' id='word_1_715' title='bbox 1687 2091 1801 2119; x_wconf 81' lang='grc' dir='ltr'>αἰνίττε-</span> 
     </span>
     <span class='ocr_line' id='line_1_91' title="bbox 1031 2137 1800 2181; baseline 0.004 -14"><span class='ocrx_word' id='word_1_716' title='bbox 1031 2149 1090 2173; x_wconf 88' lang='grc' dir='ltr'>ται,</span> <span class='ocrx_word' id='word_1_717' title='bbox 1111 2137 1129 2173; x_wconf 85' lang='grc' dir='ltr'>ἢ</span> <span class='ocrx_word' id='word_1_718' title='bbox 1150 2137 1198 2173; x_wconf 82' lang='grc' dir='ltr'><strong>τὴν</strong></span> <span class='ocrx_word' id='word_1_719' title='bbox 1224 2138 1290 2177; x_wconf 86' lang='grc' dir='ltr'>μετὰ</span> <span class='ocrx_word' id='word_1_720' title='bbox 1313 2139 1361 2175; x_wconf 86' lang='grc' dir='ltr'><strong>τὴν</strong></span> <span class='ocrx_word' id='word_1_721' title='bbox 1386 2140 1531 2180; x_wconf 81' lang='grc' dir='ltr'>ἀπαγωγὴν</span> <span class='ocrx_word' id='word_1_722' title='bbox 1553 2143 1606 2170; x_wconf 80' lang='grc' dir='ltr'><strong>τῶν</strong></span> <span class='ocrx_word' id='word_1_723' title='bbox 1629 2141 1692 2170; x_wconf 83' lang='grc' dir='ltr'>δέκα</span> <span class='ocrx_word' id='word_1_724' title='bbox 1713 2143 1800 2181; x_wconf 82' lang='grc' dir='ltr'>φυλῶν</span> 
     </span>
    </p>
   </div>
   <div class='ocr_carea' id='block_1_16' title="bbox 1046 2232 1803 2616">
    <p class='ocr_par' dir='ltr' id='par_1_17' title="bbox 1046 2232 1803 2616">
     <span class='ocr_line' id='line_1_92' title="bbox 1047 2232 1802 2267; baseline 0.003 -11"><span class='ocrx_word' id='word_1_725' title='bbox 1047 2232 1108 2262; x_wconf 75' lang='grc' dir='ltr'>ἅγιον</span> <span class='ocrx_word' id='word_1_726' title='bbox 1118 2232 1141 2255; x_wconf 70' lang='grc' dir='ltr'><strong>ἑν</strong></span> <span class='ocrx_word' id='word_1_727' title='bbox 1154 2235 1184 2263; x_wconf 80' lang='grc' dir='ltr'><strong>τῇ</strong></span> <span class='ocrx_word' id='word_1_728' title='bbox 1199 2234 1273 2256; x_wconf 75' lang='grc' dir='ltr'>στάσει</span> <span class='ocrx_word' id='word_1_729' title='bbox 1285 2234 1322 2256; x_wconf 79' lang='grc' dir='ltr'><strong>καὶ</strong></span> <span class='ocrx_word' id='word_1_730' title='bbox 1332 2233 1464 2264; x_wconf 64' lang='grc' dir='ltr'>βεὸαιάτητι</span> <span class='ocrx_word' id='word_1_731' title='bbox 1475 2234 1557 2263; x_wconf 77' lang='grc' dir='ltr'>αὐτῶν,</span> <span class='ocrx_word' id='word_1_732' title='bbox 1577 2237 1637 2259; x_wconf 77' lang='grc' dir='ltr'>κατὰ</span> <span class='ocrx_word' id='word_1_733' title='bbox 1649 2237 1690 2262; x_wconf 73' lang='grc' dir='ltr'><strong>τὴν</strong></span> <span class='ocrx_word' id='word_1_734' title='bbox 1703 2237 1802 2267; x_wconf 72' lang='grc' dir='ltr'>προσθή-</span> 
     </span>
     <span class='ocr_line' id='line_1_93' title="bbox 1047 2269 1800 2306; baseline 0.007 -13"><span class='ocrx_word' id='word_1_735' title='bbox 1047 2280 1087 2297; x_wconf 84' lang='grc' dir='ltr'><strong>κην</strong></span> <span class='ocrx_word' id='word_1_736' title='bbox 1096 2270 1248 2298; x_wconf 56' lang='lat' dir='ltr'><strong>mosot-imos.</strong></span> <span class='ocrx_word' id='word_1_737' title='bbox 1260 2269 1294 2294; x_wconf 85' lang='lat' dir='ltr'><strong>Et</strong></span> <span class='ocrx_word' id='word_1_738' title='bbox 1303 2269 1377 2296; x_wconf 83' lang='lat' dir='ltr'><strong>Basil.</strong></span> <span class='ocrx_word' id='word_1_739' title='bbox 1390 2282 1394 2296; x_wconf 91' lang='lat'>:</span> <span class='ocrx_word' id='word_1_740' title='bbox 1409 2274 1433 2296; x_wconf 76' lang='grc' dir='ltr'><strong>ἐκ</strong></span> <span class='ocrx_word' id='word_1_741' title='bbox 1445 2278 1489 2296; x_wconf 78' lang='grc' dir='ltr'><strong>τῶν</strong></span> <span class='ocrx_word' id='word_1_742' title='bbox 1498 2274 1645 2301; x_wconf 82' lang='grc' dir='ltr'>Θεοδοτίωνος</span> <span class='ocrx_word' id='word_1_743' title='bbox 1655 2277 1783 2306; x_wconf 79' lang='grc' dir='ltr'>πρόσκειται</span> <span class='ocrx_word' id='word_1_744' title='bbox 1792 2291 1800 2302; x_wconf 88' lang='grc'>,</span> 
     </span>
     <span class='ocr_line' id='line_1_94' title="bbox 1046 2307 1801 2344; baseline 0.003 -11"><span class='ocrx_word' id='word_1_745' title='bbox 1046 2311 1080 2340; x_wconf 83' lang='grc' dir='ltr'>μὴ</span> <span class='ocrx_word' id='word_1_746' title='bbox 1093 2311 1191 2341; x_wconf 68' lang='grc' dir='ltr'>κείμενον</span> <span class='ocrx_word' id='word_1_747' title='bbox 1201 2313 1266 2343; x_wconf 80' lang='grc' dir='ltr'>παρὰ</span> <span class='ocrx_word' id='word_1_748' title='bbox 1272 2314 1319 2337; x_wconf 75' lang='grc' dir='ltr'>τοῖς</span> <span class='ocrx_word' id='word_1_749' title='bbox 1327 2307 1349 2335; x_wconf 90' lang='lat'><strong>0&#39;</strong></span> <span class='ocrx_word' id='word_1_750' title='bbox 1357 2327 1362 2333; x_wconf 89' lang='lat'><em>.</em></span> <span class='ocrx_word' id='word_1_751' title='bbox 1373 2310 1407 2334; x_wconf 87' lang='lat' dir='ltr'><strong>Et</strong></span> <span class='ocrx_word' id='word_1_752' title='bbox 1414 2310 1584 2344; x_wconf 82' lang='lat' dir='ltr'><strong>Hieronymus</strong></span> <span class='ocrx_word' id='word_1_753' title='bbox 1596 2311 1639 2344; x_wconf 85' lang='lat' dir='ltr'><strong>qui</strong></span> <span class='ocrx_word' id='word_1_754' title='bbox 1645 2312 1681 2336; x_wconf 86' lang='lat' dir='ltr'><strong>sic</strong></span> <span class='ocrx_word' id='word_1_755' title='bbox 1692 2310 1769 2335; x_wconf 79' lang='lat' dir='ltr'><strong>habet</strong></span> <span class='ocrx_word' id='word_1_756' title='bbox 1775 2312 1801 2336; x_wconf 88' lang='lat' dir='ltr'><strong>in</strong></span> 
     </span>
     <span class='ocr_line' id='line_1_95' title="bbox 1046 2347 1802 2382; baseline 0.004 -10"><span class='ocrx_word' id='word_1_757' title='bbox 1046 2347 1114 2372; x_wconf 80' lang='lat' dir='ltr'><strong>huno</strong></span> <span class='ocrx_word' id='word_1_758' title='bbox 1125 2347 1222 2373; x_wconf 87' lang='lat' dir='ltr'><strong>locum:</strong></span> <span class='ocrx_word' id='word_1_759' title='bbox 1235 2347 1304 2381; x_wconf 86' lang='lat' dir='ltr'><strong>quod</strong></span> <span class='ocrx_word' id='word_1_760' title='bbox 1309 2347 1430 2379; x_wconf 72' lang='lat' dir='ltr'><strong>diximus,</strong></span> <span class='ocrx_word' id='word_1_761' title='bbox 1441 2349 1531 2374; x_wconf 87' lang='lat' dir='ltr'><strong>Semen</strong></span> <span class='ocrx_word' id='word_1_762' title='bbox 1541 2355 1659 2374; x_wconf 84' lang='lat' dir='ltr'><strong>sanctum</strong></span> <span class='ocrx_word' id='word_1_763' title='bbox 1665 2350 1723 2381; x_wconf 81' lang='lat' dir='ltr'><strong>erit,</strong></span> <span class='ocrx_word' id='word_1_764' title='bbox 1732 2348 1802 2382; x_wconf 86' lang='lat' dir='ltr'><strong>quod</strong></span> 
     </span>
     <span class='ocr_line' id='line_1_96' title="bbox 1048 2385 1803 2420; baseline 0.001 -9"><span class='ocrx_word' id='word_1_765' title='bbox 1048 2385 1178 2412; x_wconf 84' lang='lat' dir='ltr'><strong>steteritin</strong></span> <span class='ocrx_word' id='word_1_766' title='bbox 1185 2395 1223 2419; x_wconf 80' lang='lat' dir='ltr'><strong>ea,</strong></span> <span class='ocrx_word' id='word_1_767' title='bbox 1240 2386 1285 2411; x_wconf 86' lang='lat' dir='ltr'><strong>vel</strong></span> <span class='ocrx_word' id='word_1_768' title='bbox 1286 2386 1367 2420; x_wconf 76' lang='lat' dir='ltr'><strong>juxta</strong></span> <span class='ocrx_word' id='word_1_769' title='bbox 1381 2386 1520 2420; x_wconf 84' lang='lat' dir='ltr'><strong>Aquilam,</strong></span> <span class='ocrx_word' id='word_1_770' title='bbox 1530 2388 1621 2413; x_wconf 83' lang='lat' dir='ltr'><strong>Semen</strong></span> <span class='ocrx_word' id='word_1_771' title='bbox 1629 2394 1745 2413; x_wconf 70' lang='lat' dir='ltr'><strong>sanctum</strong></span> <span class='ocrx_word' id='word_1_772' title='bbox 1754 2388 1803 2412; x_wconf 84' lang='lat' dir='ltr'><strong>erit</strong></span> 
     </span>
     <span class='ocr_line' id='line_1_97' title="bbox 1048 2425 1802 2460; baseline 0.001 -9"><span class='ocrx_word' id='word_1_773' title='bbox 1048 2434 1150 2458; x_wconf 82' lang='lat' dir='ltr'><strong>germen</strong></span> <span class='ocrx_word' id='word_1_774' title='bbox 1155 2426 1214 2459; x_wconf 82' lang='lat' dir='ltr'><strong>ejus,</strong></span> <span class='ocrx_word' id='word_1_775' title='bbox 1225 2427 1251 2450; x_wconf 84' lang='lat' dir='ltr'><strong>in</strong></span> <span class='ocrx_word' id='word_1_776' title='bbox 1259 2425 1340 2451; x_wconf 79' lang='lat' dir='ltr'><strong>LXX</strong></span> <span class='ocrx_word' id='word_1_777' title='bbox 1349 2427 1520 2460; x_wconf 81' lang='lat' dir='ltr'><strong>interpretibus</strong></span> <span class='ocrx_word' id='word_1_778' title='bbox 1530 2436 1582 2452; x_wconf 85' lang='lat' dir='ltr'><strong>non</strong></span> <span class='ocrx_word' id='word_1_779' title='bbox 1591 2427 1707 2452; x_wconf 79' lang='lat' dir='ltr'><strong>habetur:</strong></span> <span class='ocrx_word' id='word_1_780' title='bbox 1718 2428 1764 2452; x_wconf 86' lang='lat' dir='ltr'><strong>sed</strong></span> <span class='ocrx_word' id='word_1_781' title='bbox 1771 2428 1802 2452; x_wconf 84' lang='lat' dir='ltr'><strong>de</strong></span> 
     </span>
     <span class='ocr_line' id='line_1_98' title="bbox 1047 2464 1799 2500; baseline 0.001 -11"><span class='ocrx_word' id='word_1_782' title='bbox 1047 2465 1176 2490; x_wconf 57' lang='lat' dir='ltr'><strong>Hebraico</strong></span> <span class='ocrx_word' id='word_1_783' title='bbox 1185 2471 1210 2490; x_wconf 73' lang='lat' dir='ltr'><strong>et</strong></span> <span class='ocrx_word' id='word_1_784' title='bbox 1219 2464 1397 2490; x_wconf 71' lang='lat' dir='ltr'><strong>Theodotionis</strong></span> <span class='ocrx_word' id='word_1_785' title='bbox 1402 2466 1512 2490; x_wconf 77' lang='lat' dir='ltr'><strong>edizione</strong></span> <span class='ocrx_word' id='word_1_786' title='bbox 1517 2466 1551 2490; x_wconf 82' lang='lat' dir='ltr'><strong>ab</strong></span> <span class='ocrx_word' id='word_1_787' title='bbox 1559 2466 1670 2500; x_wconf 77' lang='lat' dir='ltr'><strong>Origene</strong></span> <span class='ocrx_word' id='word_1_788' title='bbox 1677 2466 1799 2497; x_wconf 80' lang='lat' dir='ltr'><strong>additum,</strong></span> 
     </span>
     <span class='ocr_line' id='line_1_99' title="bbox 1050 2503 1802 2538; baseline 0.003 -10"><span class='ocrx_word' id='word_1_789' title='bbox 1050 2505 1075 2528; x_wconf 85' lang='lat' dir='ltr'><strong>in</strong></span> <span class='ocrx_word' id='word_1_790' title='bbox 1085 2503 1212 2529; x_wconf 72' lang='lat' dir='ltr'><strong>Ecclesia·</strong></span> <span class='ocrx_word' id='word_1_791' title='bbox 1220 2503 1307 2538; x_wconf 72' lang='lat' dir='ltr'><strong>fectur-</strong></span> <span class='ocrx_word' id='word_1_792' title='bbox 1315 2504 1500 2537; x_wconf 71' lang='lat' dir='ltr'><strong>exemplaribus</strong></span> <span class='ocrx_word' id='word_1_793' title='bbox 1510 2514 1520 2537; x_wconf 85' lang='grc'>,-</span> <span class='ocrx_word' id='word_1_794' title='bbox 1533 2505 1559 2530; x_wconf 83' lang='lat' dir='ltr'><strong>in</strong></span> <span class='ocrx_word' id='word_1_795' title='bbox 1570 2504 1721 2538; x_wconf 79' lang='lat' dir='ltr'><strong>quibusdam</strong></span> <span class='ocrx_word' id='word_1_796' title='bbox 1734 2505 1802 2530; x_wconf 84' lang='lat' dir='ltr'><strong>scili-</strong></span> 
     </span>
     <span class='ocr_line' id='line_1_100' title="bbox 1047 2543 1799 2575; baseline 0 -7"><span class='ocrx_word' id='word_1_797' title='bbox 1047 2549 1097 2574; x_wconf 88' lang='lat' dir='ltr'><strong>cet,</strong></span> <span class='ocrx_word' id='word_1_798' title='bbox 1107 2544 1193 2568; x_wconf 89' lang='lat' dir='ltr'><strong>nonin</strong></span> <span class='ocrx_word' id='word_1_799' title='bbox 1204 2543 1328 2574; x_wconf 81' lang='lat' dir='ltr'><strong>omnihus,</strong></span> <span class='ocrx_word' id='word_1_800' title='bbox 1339 2548 1367 2567; x_wconf 90' lang='lat' dir='ltr'><strong>ut</strong></span> <span class='ocrx_word' id='word_1_801' title='bbox 1378 2549 1449 2575; x_wconf 76' lang='lat' dir='ltr'><strong>patet</strong></span> <span class='ocrx_word' id='word_1_802' title='bbox 1458 2552 1489 2568; x_wconf 81' lang='lat' dir='ltr'><strong>ex</strong></span> <span class='ocrx_word' id='word_1_803' title='bbox 1499 2545 1634 2569; x_wconf 86' lang='lat' dir='ltr'><strong>innumeris</strong></span> <span class='ocrx_word' id='word_1_804' title='bbox 1643 2545 1701 2570; x_wconf 83' lang='lat' dir='ltr'><strong>Mss.</strong></span> <span class='ocrx_word' id='word_1_805' title='bbox 1716 2544 1799 2569; x_wconf 75' lang='lat' dir='ltr'><strong>codd.</strong></span> 
     </span>
     <span class='ocr_line' id='line_1_101' title="bbox 1047 2582 1799 2616; baseline 0.004 -10"><span class='ocrx_word' id='word_1_806' title='bbox 1047 2583 1089 2616; x_wconf 81' lang='lat' dir='ltr'><strong>qui</strong></span> <span class='ocrx_word' id='word_1_807' title='bbox 1098 2582 1130 2607; x_wconf 80' lang='lat' dir='ltr'><strong>ad</strong></span> <span class='ocrx_word' id='word_1_808' title='bbox 1142 2591 1187 2608; x_wconf 88' lang='lat' dir='ltr'><strong>uos</strong></span> <span class='ocrx_word' id='word_1_809' title='bbox 1200 2591 1275 2616; x_wconf 88' lang='lat' dir='ltr'><strong>usque</strong></span> <span class='ocrx_word' id='word_1_810' title='bbox 1284 2588 1458 2616; x_wconf 79' lang='lat' dir='ltr'><strong>pervenerunt,</strong></span> <span class='ocrx_word' id='word_1_811' title='bbox 1469 2582 1560 2616; x_wconf 74' lang='lat' dir='ltr'><strong>quique</strong></span> <span class='ocrx_word' id='word_1_812' title='bbox 1573 2582 1624 2610; x_wconf 86' lang='lat' dir='ltr'><strong>haec</strong></span> <span class='ocrx_word' id='word_1_813' title='bbox 1635 2592 1685 2610; x_wconf 87' lang='lat' dir='ltr'><strong>nou</strong></span> <span class='ocrx_word' id='word_1_814' title='bbox 1699 2583 1799 2609; x_wconf 81' lang='lat' dir='ltr'><strong>habeut.</strong></span> 
     </span>
    </p>
   </div>
  </div>
 </body>
</html>
