1890 2826
98 344 166 365 Psal.
185 341 223 365 56.

99 1503 167 1524 Bonis
189 1508 242 1529 ope-

99 1535 160 1555 ribus
207 1534 242 1553 in-

99 1569 193 1587 structos

99 1598 167 1624 inagis
205 1603 240 1625 ag-

98 1628 198 1656 gre—ditur

99 1659 210 1680 diabolus.

99 1780 240 1804 Frui-‚iss

103 2251 187 2273 mech.
209 2250 231 2274 3.

103 2290 141 2305 20·

259 146 270 166 1
281 132 300 166 3
308 145 324 166 2

250 214 266 232 a
280 203 369 242 lapsu,
385 211 418 231 ne
427 200 553 231 deorsum
565 200 704 240 aspiciant,
719 210 786 230 neve
797 201 824 230 in
838 207 936 230 terram
949 201 997 230 de-

251 248 358 277 mittant
377 247 478 277 oculos.
493 247 562 276 Nam
577 246 640 275 inde
653 247 737 277 multa
758 253 783 276 et
798 247 888 287 gravis
902 247 995 277 exori-

251 302 295 323 tur
308 294 474 324 tenebricosa
487 293 602 332 vertigo.
618 293 694 322 Hanc
706 293 814 332 quidem
833 293 869 323 ob
887 304 994 324 eausam

250 340 380 380 propheta
401 339 479 368 nobis
497 339 606 368 assidue
630 339 765 376 inclamat,
779 338 871 369 dicens
886 352 892 369 ι
906 341 995 380 Infi-

252 396 316 414 nem
340 396 377 414 ne
398 395 586 425 corrumpas:
608 384 702 413 animae
727 391 822 414 nostrae
843 385 1012 424 socordiamx

249 431 397 468 retrahens,
410 431 519 470 jamque
539 431 719 471 collapsuram
739 430 894 460 suffulciens
907 442 938 460 ac
953 442 995 460 re-
1011 425 1020 435 ⁸

247 477 344 506 tineus.
360 477 441 506 Initio
455 476 566 514 quidem
581 486 633 505 non
649 486 757 516 egemus
770 477 855 506 multa
869 477 994 506 exhorta-

247 523 329 552 tione.
344 522 418 559 Quid
439 523 475 551 ita
490 521 617 552 tandem?
634 523 673 551 Eo
693 522 766 561 quod
784 522 898 561 quilibet
910 523 992 552 homo

248 568 351 597 etiamsi
375 568 456 597 fuerit
482 567 604 597 omnium
626 567 798 608 pigerrimus,
820 578 993 608 aggressurus

247 615 394 653 negotium,
408 614 556 654 plurimam
570 615 597 643 in
611 613 745 654 principio
755 613 865 643 adhibet
878 614 994 654 diligen-

248 661 324 697 tiam,
339 660 459 699 dumque
467 667 493 689 et
510 660 593 690 animi
606 660 679 700 viget
688 660 820 697 alacritas,
832 666 859 689 et
868 661 938 690 vires
952 661 995 690 in-

248 713 329 745 tegrae
342 713 404 737 suut
417 717 447 735 ac
459 713 584 744 recentes,
595 706 674 736 facile
690 706 725 736 ad
739 705 768 735 id
782 706 855 745 quod
868 708 993 747 proposi-

249 759 307 781 tum
326 759 364 782 est
383 752 512 792 pertingit
528 765 534 781 ι
555 760 680 782 caeterum
698 752 746 782 ubi
766 753 852 793 major
868 754 919 783 viae
934 765 994 794 pars

250 798 328 827 nobis
346 805 453 838 peracta
464 805 513 836 est,
528 800 639 839 jamque
652 799 795 828 alacritatis
808 799 887 838 vigor
905 810 995 830 emar-

250 845 316 882 cuit,
330 845 453 884 viresque
466 852 561 875 nostrae
571 845 734 883 defecerunt,
748 856 796 875 nec
808 845 885 875 aliud
900 857 996 887 super-

249 898 288 920 est
305 893 386 930 quam
403 899 433 921 ut
452 892 609 922 decidamus
633 905 639 921 :
659 899 723 922 tunc
743 892 821 921 nobis
845 900 995 933 opportune

250 937 324 967 adest
338 938 480 978 propheta,
500 938 582 968 veluti
604 949 654 979 pro
671 938 769 968 baculo
785 939 912 979 quopiam
927 939 996 968 allo-

250 985 346 1024 quium
361 995 440 1014 suum
453 985 531 1014 nobis
545 985 684 1025 porrigens
703 996 732 1014 ac
743 984 845 1019 dicens,
858 987 896 1014 ln
906 986 996 1025 finem

254 1042 290 1059 ne
303 1042 482 1072 corrumpas.
493 1033 571 1061 Tunc
590 1031 662 1060 enim
675 1031 800 1060 diabolus
818 1031 902 1071 spirat
914 1032 996 1061 vehe-
1012 1029 1032 1053 ¹)

251 1079 366 1107 mentius
386 1091 393 1107 ε
409 1085 435 1108 et
448 1077 676 1117 quemadmodum
691 1078 783 1118 piratae
800 1077 847 1117 qui
867 1077 937 1107 male
951 1088 998 1107 na—

250 1124 332 1164 vigiis
346 1125 482 1162 infestant,
494 1134 547 1153 non
561 1131 619 1154 tum
633 1124 680 1153 ubi
694 1124 880 1164 conspexerint
893 1134 973 1154 naves
983 1135 998 1154 e

251 1178 331 1210 portu
341 1177 478 1206 exeuntes,
490 1169 621 1199 invadunt
634 1170 645 1210 (
653 1169 722 1208 quid
736 1171 807 1198 enim
823 1170 885 1199 hinc
893 1170 997 1199 fructus

252 1223 377 1256 caperent
392 1217 416 1246 si
430 1217 556 1256 scapham
571 1216 677 1246 inanem
692 1216 895 1256 demergerent?
907 1220 931 1253 ),
950 1217 997 1246 sed

251 1262 298 1291 ubi
313 1262 422 1292 redierit
433 1269 528 1291 onusta
539 1262 669 1302 plenaque
686 1262 808 1299 sarcinis,
818 1269 876 1291 tum
887 1262 997 1292 demum

251 1318 343 1337 omnes
357 1308 504 1348 expediunt
514 1315 583 1338 artes
601 1322 606 1337 ι
623 1309 659 1337 ita
671 1308 815 1337 sceleratus
826 1308 874 1337 ille
892 1308 997 1338 daemon

252 1355 334 1384 simul
347 1362 426 1394 atque
439 1355 514 1384 videt
527 1355 632 1394 aliquos
645 1355 728 1384 multa
740 1355 889 1395 collegisse,
899 1355 997 1385 videli-

251 1408 291 1430 cet
305 1401 418 1441 jejunia,
436 1411 538 1441 preces,
553 1401 758 1441 eleemosynam,
780 1401 939 1438 castitatem,
953 1413 996 1431 re-

251 1448 391 1487 liquasque
415 1448 527 1478 virtutes
549 1459 648 1483 omnes,
661 1448 707 1477 uhi
717 1447 790 1478 vidi-t
798 1448 935 1488 navigium
949 1459 997 1478 no-

253 1501 337 1523 strum
349 1494 458 1534 plenum
469 1494 593 1534 pretiosis
607 1493 712 1533 pietatis
722 1493 870 1533 lapidibus,
882 1501 945 1523 tunc
958 1495 995 1523 ir-
1013 1500 1031 1522 E

252 1540 363 1580 rumpit,
377 1539 497 1579 undique
508 1541 665 1569 thesaurum
678 1539 841 1579 perfodiens,
852 1547 881 1569 ut
893 1541 919 1569 in
931 1540 997 1580 ipsis

252 1595 345 1628 portus
362 1589 438 1618 ostiis
454 1589 581 1628 scapham
600 1588 737 1627 demergat
756 1599 763 1615 ε
781 1588 892 1627 jamque
909 1588 997 1618 nudos

251 1645 299 1664 nos
323 1635 359 1664 ad
376 1645 437 1664 eum
457 1642 564 1675 portum
588 1634 676 1675 ejiciat
699 1646 705 1663 z
729 1634 842 1673 ideoque
867 1635 996 1674 propheta

250 1689 360 1711 cunctos
371 1681 495 1710 admonet
504 1681 595 1710 dicens
610 1693 616 1708 :
627 1683 665 1709 In
671 1681 761 1720 finem
771 1691 807 1708 ne
816 1691 994 1721 corrumpas.

596 139 625 162 S.
654 138 788 163 JOANMS
814 138 994 162 CHRYSOST.
1025 138 1178 164 Auenti-zv.

1206 141 1472 168 CONSTANTINOP.

1047 202 1096 237 πὸς
1108 204 1225 233 ἐντεῦθεν
1236 205 1250 233 6
1264 204 1411 238 σκοτόδινος
1423 204 1533 244 γίνεται.
1549 203 1601 234 Am}
1614 215 1655 233 τοι
1668 205 1746 233 τοῦτο
1758 215 1817 233 συν-

1047 250 1116 288 εχῶς
1130 251 1194 287 ἡμῖν
1218 251 1232 278 6
1255 250 1392 289 προφήτης
1405 251 1500 290 ἐπιὸοᾷ
1519 249 1603 289 λέγων
1616 262 1622 268 ·
1637 251 1685 283 Εἷς
1702 249 1818 282 τὸτέλος

1048 293 1086 333 μὴ
1109 295 1275 335 διαφθείρῃς·
1293 297 1459 335 ρᾳθυμοῧσαν
1480 297 1557 334 ἡμῶν
1578 295 1626 331 τὴν
1640 295 1728 335 ψυχὴν
1750 296 1817 324 ἀνα-

1048 340 1173 376 στέλλων,
1182 340 1227 369 καὶ
1239 340 1386 379 μέλλουσαν
1401 341 1577 370 καταπίπτειν
1592 343 1693 381 ἀνέχων
1707 341 1752 370 καὶ
1763 341 1818 370 δια-

1047 387 1160 426 κρατῶν.
1174 386 1220 416 Ἐν
1237 388 1307 426 ἀρχῇ
1337 387 1384 426 μὲν
1398 387 1449 427 γὰρ
1469 389 1497 416 οὗ
1518 388 1619 422 πολλῆς
1639 386 1750 426 δεόμεθα
1770 388 1818 422 τῆς

1045 432 1248 471 παρακλήσεως.
1265 434 1290 462 Τ
1294 433 1301 461 ί
1316 433 1431 470 δήποτε;
1445 433 1508 462 ’Ότι
1528 438 1580 466 πᾶς
1600 433 1736 472 ἄνθρωπος
1746 454 1754 468 ,
1767 432 1817 462 κᾶν

1046 477 1168 507 ἁπάντων
1191 478 1352 512 νωθέστατος
1367 475 1398 519 ᾗ,
1414 479 1517 518 μέλλων
1539 479 1668 508 ἅπτεσθαι
1688 478 1818 518 πράγμα-

1046 535 1090 557 τος
1100 547 1107 561 ,
1131 524 1231 560 πολλὴν
1257 526 1283 553 ἐν
1313 530 1367 558 τοῖς
1393 525 1540 565 προοιμίοις
1569 524 1746 553 ἐπιδείκνυται
1769 523 1817 560 τὴν

1047 570 1180 606 σπουδὴν,
1194 571 1239 600 καὶ
1260 573 1307 607 τῆς
1328 572 1476 611 προθυμίας
1497 571 1684 611 ἀκμαζούσης,
1708 570 1753 600 καὶ
1770 572 1819 606 τῆς

1047 616 1181 655 δυνάμεως
1194 623 1288 658 νεαρᾶς
1301 618 1381 654 οὔσης
1397 619 1454 654 ἔτι,
1471 617 1566 658 ῥᾳδίως
1578 617 1644 657 πρὸς
1661 617 1691 647 τὸ
1708 617 1818 656 προκεί-

1047 673 1124 700 μενον
1139 662 1268 692 ἐπιὸαίνει
1278 675 1284 682 ·
1299 664 1361 693 ὅταν
1377 663 1404 693 δὲ
1418 663 1448 693 τὸ
1461 663 1541 693 πλέον
1551 666 1599 700 τῆς
1612 664 1672 693 ὁδοῦ
1685 662 1819 703 προέλθω-

1047 719 1104 746 μεν,
1120 708 1165 737 καὶ
1180 712 1300 749 μαρανθῇ
1315 709 1349 739 τὰ
1365 712 1413 746 τῆς
1427 709 1575 750 προθυμίας
1587 713 1666 749 ἡμῖν,
1681 709 1716 738 τὰ
1730 708 1758 738 δὲ
1772 711 1820 745 τῆς

1046 753 1180 792 δυνάμεως
1204 757 1280 794 ἡμῶν
1302 756 1386 796 λήξῃ,
1407 755 1546 795 μέλλωμεν
1569 756 1596 785 δὲ
1617 754 1795 785 καταπίπτειν
1809 777 1817 791 ,

1045 800 1105 829 τότε
1118 802 1183 839 ἡμῖν
1197 803 1211 830 6
1225 801 1363 842 προφήτης
1377 802 1504 842 εὐκαίρως
1515 802 1687 841 παρίσταται,
1699 800 1818 840 καθάπερ

1047 845 1193 885 βακτηρίαν
1207 846 1266 876 τινὰ
1279 847 1310 876 τὸ
1330 848 1481 888 ἐπίφθεγμα
1494 851 1572 877 τοῦτο
1589 847 1696 888 ὀρέγων,
1711 846 1756 876 καὶ
1770 846 1819 876 λέ-

1045 901 1108 929 γων,
1126 892 1170 924 Εἷς
1185 892 1213 921 τὸ
1227 892 1300 926 τέλος
1313 893 1349 932 μὴ
1365 893 1525 934 διαφθείρῃς.
1540 894 1593 923 Καὶ
1605 893 1656 934 γὰρ
1670 896 1684 923 6
1699 893 1819 926 διάὸολος

1045 936 1105 966 τότε
1118 940 1129 954 ⁶
1139 938 1310 979 σφοδρότερον
1330 944 1398 969 πνεῖ.
1418 939 1470 969 Καὶ
1485 940 1605 979 καθάπερ
1619 941 1643 969 οἱ
1656 939 1705 975 τὴν
1719 940 1818 968 θάλατ-

1046 995 1094 1012 ταν
1108 984 1231 1018 πλέοντες
1252 986 1391 1025 πειραταὶ,
1412 988 1461 1026 οὐχ
1475 986 1536 1015 ὅταν
1551 985 1641 1015 ἴδωσιν
1655 985 1756 1020 ἐξιόντα
1772 987 1817 1014 τοῦ

1047 1029 1151 1068 λιμένος
1172 1029 1205 1059 τὰ
1224 1031 1320 1068 πλοῖα,
1334 1031 1394 1060 τότε
1417 1032 1576 1062 ἐπιτίθενται
1589 1031 1635 1071 (τί
1656 1031 1707 1071 γὰρ
1731 1034 1818 1064 αὐτοῖς

1048 1074 1139 1115 ὄφελος
1162 1075 1235 1105 κενὸν
1263 1077 1410 1106 καταδῦσαι
1435 1077 1466 1107 τὸ
1488 1078 1605 1118 σκάφος;
1621 1080 1649 1115 ),
1674 1078 1731 1106 ἀλλ’
1755 1076 1818 1106 ὅταν

1048 1120 1143 1161 ἐπανίῃ
1157 1121 1247 1163 πλήρη
1262 1123 1305 1152 τὸν
1321 1123 1414 1163 φόρτον
1427 1124 1531 1164 ἔχοντα,
1544 1124 1603 1153 τότε
1617 1128 1705 1152 πᾶσαν
1717 1124 1818 1151 κινοῦσι

1049 1167 1172 1207 μηχανήν
1184 1179 1191 1186 ·
1205 1167 1274 1198 οὕτω
1289 1168 1334 1198 καὶ
1351 1171 1365 1198 6
1385 1170 1499 1209 πονηρὸς
1512 1169 1613 1208 δαίμων
1629 1170 1726 1201 ἐκεῖνος
1736 1190 1744 1204 ,
1756 1167 1818 1197 ὅταν

1048 1212 1092 1252 ἴδῃ
1105 1214 1191 1243 πολλὰ
1204 1213 1217 1230 ‘¹
1225 1215 1437 1255 συναγηοχότας,
1450 1216 1573 1252 νηστείαν
1581 1238 1588 1252 ,
1603 1215 1693 1255 εὐχὰς,
1707 1217 1818 1253 ἐλεημο·

1049 1258 1139 1296 σύνην,
1154 1260 1334 1300 σωφροσύνην,
1346 1261 1394 1298 τὴν
1409 1258 1493 1298 ἄλλην
1510 1262 1614 1291 ἅπασαν
1636 1261 1741 1302 ἀρετὴν,
1755 1260 1818 1290 ὅταν

1048 1303 1092 1344 ἴδῃ
1107 1304 1187 1344 γέμον
1201 1308 1278 1345 ἡμῶν
1292 1307 1323 1336 τὸ
1333 1308 1423 1337 πλοῖον
1443 1310 1495 1337 τῶν
1508 1309 1659 1338 πολυτελῶν
1679 1310 1727 1343 τῆς
1741 1308 1818 1336 εὗσε-

1049 1350 1120 1384 ὅείας
1134 1351 1222 1388 λίθων,
1244 1352 1304 1382 τότε
1328 1354 1510 1394 προσὸοίλλει,
1531 1353 1658 1383 πάντοθεν
1677 1353 1818 1393 διορύττων

1049 1396 1092 1426 τὸν
1107 1398 1247 1438 Θησαυρὸν,
1260 1398 1330 1428 ὥστε
1350 1402 1413 1440 παρ’
1436 1400 1504 1430 αὐτὰ
1523 1404 1570 1430 τοῦ
1589 1399 1693 1439 λιμένος
1709 1399 1743 1428 τὰ
1758 1398 1819 1428 στό-

1050 1455 1121 1483 ματα
1135 1445 1281 1475 καταδῦσαι
1292 1446 1323 1475 τὸ
1337 1446 1448 1487 σκάφος,
1462 1447 1507 1477 καὶ
1517 1446 1629 1486 γυμνοὺς
1640 1445 1818 1486 παραπέμψαι

1049 1490 1114 1529 πρὸς
1127 1492 1224 1520 ἐκεῖνον
1238 1491 1282 1520 τὸν
1298 1491 1394 1531 λιμένα
1406 1493 1508 1522 λοιπόν.
1529 1493 1581 1522 Διὰ
1593 1495 1671 1522 τοῦτο
1684 1495 1698 1521 6
1711 1491 1819 1532 προφή-

1049 1547 1097 1571 της
1107 1541 1230 1576 παραινεῖ
1241 1543 1308 1567 πᾶσι
1320 1538 1414 1578 λέγων,
1427 1540 1474 1572 Εἷς
1482 1539 1513 1568 τὸ
1524 1539 1598 1572 τέλος
1608 1538 1645 1577 μὴ
1659 1537 1818 1578 διαφθείρῃς.

1050 1582 1103 1611 Καὶ
1124 1582 1175 1622 γὰρ
1191 1582 1259 1621 μετὰ
1283 1583 1332 1620 τὴν
1354 1584 1477 1620 τοιαύτην
1501 1586 1603 1623 πτῶσιν
1623 1583 1819 1619 δυσανάκλητος

1049 1628 1129 1658 πάλιν
1142 1631 1159 1664 ἡ
1174 1629 1325 1664 ἀνάστασις.
1340 1630 1374 1660 Ὁ
1392 1631 1443 1670 γὰρ
1456 1633 1468 1646 ⁹
1479 1630 1562 1660 ἐλθὼν
1576 1633 1613 1664 εἷς
1628 1630 1706 1670 βάθος
1719 1631 1819 1665 κακῶν,

1049 1679 1217 1714 καταφρονεῖ.
1238 1675 1292 1704 Καὶ
1306 1677 1344 1716 τῷ
1363 1676 1411 1715 μὲν
1423 1678 1451 1706 ἐν
1465 1678 1534 1717 ἀρχῇ
1558 1677 1665 1706 πεσόντι
1688 1674 1819 1716 συγγινώ-

250 1728 358 1757 Etenim
367 1728 400 1757 ab
411 1727 542 1767 ejusmodi
553 1727 630 1756 ruina
641 1737 694 1756 non
702 1727 781 1756 facile
794 1734 833 1756 est
847 1738 995 1767 resurgere.
1006 1738 1043 1757 ¹¹⁴6
1051 1732 1148 1759 σκθμεν
1163 1721 1276 1755 ἅπαντες
1289 1722 1332 1751 διὰ
1353 1722 1401 1759 τὴν
1413 1723 1535 1763 ἀπειρίαν
1548 1734 1556 1741 ·
1568 1723 1612 1753 τὸν
1626 1722 1654 1752 δὲ
1669 1722 1737 1762 μετὰ
1750 1722 1819 1751 πολ-

250 1775 319 1803 Nam
334 1775 394 1812 Qui
403 1775 434 1802 in
442 1773 622 1813 profundum
635 1773 780 1802 malorum
790 1775 915 1810 venerit,
929 1784 997 1803 eon·
1015 1767 1034 1789 A
1050 1767 1111 1800 λῠῦς
1121 1766 1182 1801 τοὺς
1199 1768 1309 1807 δρόμους
1324 1769 1547 1799 ὖποσκελῑσθέντα
1560 1771 1608 1799 οὖκ
1625 1769 1657 1799 ἄν
1672 1781 1712 1803 τις
1725 1767 1819 1809 ῥᾳδίως

250 1823 362 1849 temnit.
372 1821 404 1849 In
420 1819 552 1859 principio
562 1818 671 1858 quidem
689 1819 771 1859 lapsis
781 1819 887 1848 veniam
900 1819 996 1850 damus

250 1877 341 1895 omnes
359 1867 394 1896 ob
415 1865 591 1905 imperitiam;
609 1865 656 1894 sed
676 1876 737 1894 eum
751 1866 800 1904 qui
819 1872 879 1905 post
897 1867 998 1896 multos

250 1923 344 1941 cursus
355 1911 510 1947 conciderit,
520 1921 598 1940 nemo
607 1911 685 1940 venia
696 1911 809 1950 dignum
815 1910 980 1951 judicaverit
986 1924 995 1950 3

251 1965 308 1987 tum
327 1958 397 1987 enim
421 1957 526 1992 cadere,
545 1956 712 1996 negligentiae
730 1957 871 1986 tribuitur.
887 1958 943 1987 Nec
966 1958 994 1987 id

253 2004 341 2033 solum
355 2004 400 2032 hic
413 2010 452 2032 est
466 2002 541 2039 mali,
552 2013 647 2031 verum
661 2002 740 2032 etiam
749 2002 822 2041 quod
840 2003 998 2043 hujusmodi

254 2050 347 2090 lapsus
361 2049 453 2078 multis
467 2048 519 2077 sint
533 2048 706 2084 offendiculo,
720 2055 750 2077 ut
761 2059 856 2077 rursus
870 2049 921 2078 hoc
933 2060 996 2088 quo-

252 2106 304 2134 que
318 2095 425 2124 nomine
432 2101 571 2135 peccatum
581 2093 710 2123 reddatur
722 2094 917 2124 irremissibile.
933 2096 996 2125 Haec

251 2152 313 2170 eum
333 2141 459 2176 sciamus,
477 2140 658 2169 auscultemus
671 2140 819 2179 prophetae,
829 2147 856 2169 et
870 2140 898 2169 in
913 2141 995 2170 finem

253 2198 285 2216 ne
303 2197 518 2227 corrumpamus.
533 2188 603 2216 Nam
623 2187 672 2215 hac
692 2185 726 2215 dc
739 2197 818 2215 causa
831 2193 856 2215 et
870 2188 994 2216 Ezechiel

254 2234 351 2264 clamat
360 2233 451 2263 dicens
465 2245 472 2261 :
488 2233 519 2262 Si
531 2233 700 2273 quisfuerit
707 2233 813 2271 justus,
829 2234 935 2262 deinde
950 2234 997 2262 la·
1014 2231 1031 2254 Β

253 2290 321 2320 psus
332 2280 507 2319 peccaverit,
524 2279 608 2308 nulla
622 2280 675 2307 erit
687 2278 849 2307 recordatio
864 2280 998 2318 justitia-

255 2338 318 2357 rum
337 2327 408 2366 ejus,
420 2326 472 2355 sed
482 2328 514 2354 in
521 2331 641 2365 peccato
660 2335 712 2354 sno
733 2327 879 2355 morietur.
891 2327 959 2355 Nam
973 2333 998 2355 et

288 2440 299 2451 e
316 2432 386 2456 Unus
399 2432 546 2465 σφοδρότερον
556 2433 686 2464 ἐπέρχεται.

290 2470 304 2489 ²1
322 2470 392 2494 Unus
405 2475 579 2502 συναγαγόντας.
590 2468 668 2494 Savil.
682 2474 859 2502 συνηγεισχὸτας.

289 2516 299 2529 e
318 2509 432 2540 Quatuor
446 2509 505 2532 Mss.
519 2510 620 2534 εἰσελθὼν
633 2512 670 2537 εἰς.
685 2509 715 2532 In
726 2506 814 2532 iisdem
827 2507 890 2532 infra
902 2507 955 2533 haec
966 2511 1013 2543 ῥᾳ-

254 2550 315 2579 δίως,
327 2553 352 2572 et
361 2556 419 2572 mox
432 2551 446 2577 ἢ
459 2550 580 2581 ἀπολογίας
589 2546 688 2573 desunt.
703 2547 757 2572 Hoc
773 2555 850 2580 porro
870 2547 984 2573 ultimum
999 2552 1012 2578 ἣ

1050 1812 1170 1847 ἀξιώσειε
1181 1814 1339 1853 συγγνώμης
1349 1814 1366 1850 ἢ
1377 1816 1519 1855 ἀπολογίας
1530 1828 1536 1835 ·
1552 1815 1682 1856 ῥᾳθυμίας
1694 1815 1745 1855 γὰρ
1759 1814 1819 1844 τότε

1049 1859 1079 1889 τὸ
1092 1862 1190 1898 πτῶμα
1211 1856 1278 1890 εἶναι
1297 1862 1377 1890 δοκεῖ.
1401 1861 1454 1891 Καὶ
1475 1863 1504 1891 οὐ
1526 1865 1603 1891 τοῦτο
1623 1861 1701 1900 μόνον
1716 1860 1772 1890 ἐστὶ
1788 1860 1819 1889 τὸ

1050 1906 1140 1942 δεινὸν,
1162 1907 1221 1936 ἀλλ’
1242 1906 1282 1936 ὅτι
1304 1907 1349 1936 καὶ
1371 1907 1465 1936 πολλοὶ
1478 1909 1503 1937 οἱ
1517 1907 1748 1946 σκανδαλιζόμενοι
1764 1911 1819 1940 τοῖς

1047 1954 1100 1981 τῶν
1113 1952 1238 1981 τοιούτων
1251 1952 1392 1990 πτώμασίν
1407 1955 1481 1990 εἰσιν,
1496 1953 1564 1982 ὥστε
1576 1954 1621 1983 καὶ
1639 1953 1723 1993 ταύτῃ
1738 1953 1818 1983 πάλιν

1048 1998 1231 2038 ἀσύγγνωστον
1242 1998 1272 2028 τὸ
1287 1999 1434 2039 ἁμάρτημα
1445 1999 1554 2039 γίνεται.
1561 2001 1644 2029 Ταῦτ’
1656 1996 1700 2029 οῧν
1711 2000 1816 2035 εἰδότες,

1047 2045 1184 2084 ἀκούωμεν
1197 2047 1242 2074 τοῦ
1256 2045 1401 2085 προφήτου,
1412 2046 1457 2075 καὶ
1471 2047 1508 2079 εἷς
1522 2045 1552 2075 τὸ
1564 2046 1638 2079 τέλος
1651 2046 1688 2085 μὴ
1703 2045 1819 2086 διαφθεί-

1048 2102 1143 2130 ρωμεν.
1165 2091 1216 2120 Διὰ
1230 2091 1281 2130 γὰρ
1299 2094 1377 2120 τοῦτο
1392 2091 1437 2120 καὶ
1456 2094 1471 2120 ὁ
1491 2092 1620 2128 Ἰεζεκιὴλ
1634 2092 1697 2121 ἐθόα
1715 2091 1800 2131 λέγων
1811 2103 1817 2110 ·

1047 2137 1113 2166 Ἐὰν
1125 2136 1234 2176 γένηταί
1247 2149 1286 2171 τις
1300 2137 1399 2171 δίκαιος
1410 2160 1417 2174 ,
1431 2133 1488 2167 εἶτα
1501 2141 1512 2153 “
1525 2138 1682 2176 μεταπεσὼν
1695 2138 1815 2177 ἁμάρτῃ,

1047 2185 1077 2212 οὐ
1092 2183 1129 2222 μὴ
1146 2185 1297 2222 μνησθῶσιν
1313 2186 1385 2224 αὐτῷ
1408 2185 1435 2213 αἱ
1454 2183 1617 2213 δικαιοσύναι
1638 2187 1734 2220 αὐτοῦ,
1757 2185 1816 2213 ἀλλ’

1048 2231 1075 2259 ἐν
1089 2232 1122 2270 τῇ
1135 2230 1252 2270 ἁμαρτίᾳ
1265 2231 1343 2260 αὐτοῦ
1358 2233 1537 2260 ἀποθανεῖται.
1553 2230 1606 2259 Καὶ
1619 2230 1670 2271 γὰρ
1685 2231 1730 2260 καὶ
1744 2226 1818 2263 οὗτος

1050 2278 1163 2307 δέδοικεν
1178 2278 1244 2317 ὑπὲρ
1264 2279 1310 2306 τοῦ
1332 2276 1430 2310 τέλους.
1455 2279 1508 2306 Καὶ
1523 2280 1571 2306 οὐκ
1595 2279 1713 2307 ἐντεῦθεν
1727 2277 1816 2316 μόνον,

1050 2325 1117 2354 ἀλλὰ
1131 2324 1176 2354 καὶ
1187 2323 1249 2353 Ι’διὰ
1260 2326 1312 2353 τῶν
1323 2323 1446 2353 ἐναντίων
1459 2323 1574 2354 δείκνυσι
1585 2323 1685 2360 πολλὴν
1695 2327 1740 2353 τοῦ
1751 2322 1819 2362 πρά-

1064 2433 1184 2463 ἀπολογίας
1191 2438 1242 2455 non
1251 2428 1311 2463 legit
1319 2430 1446 2457 Erasmus.
1461 2430 1552 2464 [Paulo
1562 2436 1620 2457 ame
1627 2428 1712 2456 Codex
1721 2436 1761 2462 ap.
1772 2429 1819 2454 Sa-

1063 2468 1106 2494 vil.
1121 2469 1332 2502 δυσανάκαμπτσς.]

1095 2516 1106 2527 ·
1124 2509 1195 2533 Unus
1206 2514 1287 2536 πεσών.

1096 2549 1109 2568 b
1127 2547 1173 2573 Alii
1186 2552 1209 2574 ἐκ
1219 2556 1262 2575 τῶν
1274 2551 1384 2574 ἐναντίων,
