1904 2840
90 842 207 864 Salomon,

220 173 289 221 748

812 182 895 207 OPUS
919 182 1161 206 lMPEnFEcTUM

219 257 281 279 mus,
298 252 396 286 puteus
409 245 610 285 interpretatur,
625 245 690 284 quia
701 251 727 275 et
740 244 852 285 septima
861 243 964 274 exstitit
980 246 1000 270 Α
1016 250 1211 275 coaetaneorum
1225 254 1348 282 suorum,
1363 244 1398 275 ad
1410 244 1522 284 plenum
1539 244 1653 275 scissum
1665 252 1706 276 est
1719 256 1762 276 re-

218 297 298 315 uxor.
307 284 361 316 Sed
374 292 400 314 et
412 285 536 315 Christus
546 291 647 325 septem
658 285 841 317 Ecelesiarum
850 294 963 324 sponsus

217 325 340 354 hahetur.
357 325 427 354 Nam
446 324 570 363 quamvis
596 324 805 354 innumerabiles
831 324 884 354 sint
905 323 963 353 Ec-

218 365 304 394 clesiae
312 387 320 402 ‚
346 363 495 394 secundum
514 363 696 394 diversitatem
723 364 861 402 locorum,
875 370 963 393 tamen

218 415 308 434 omnes
325 411 426 443 septem
445 403 573 432 dicuntur
591 410 699 443 propter
717 403 836 444 Spiritus
850 409 962 443 septem,

218 444 317 483 quibus
332 449 494 472 sustentatur
511 443 597 472 omnis
610 442 741 472 Ecclesia.
751 442 832 473 Unde
843 449 869 472 et
882 443 965 472 Joan-

218 493 264 512 nes
268 490 294 512 et
300 484 335 513 Pa
339 483 399 512 ulus
405 483 542 522 apostolus
546 481 581 511 ad
586 489 686 522 septem
693 483 826 513 Ecclesias
831 482 964 518 scribunt,

218 523 292 561 quasi
307 521 342 551 ad
356 532 458 552 omnes.
473 523 515 551 De
526 522 635 561 regibus
650 529 740 552 autem
749 522 865 552 residuis
877 520 966 550 dicere

218 562 322 601 aliquid
341 562 429 592 visum
442 568 482 591 est
494 561 562 591 mihi
577 572 608 591 su
645 561 757 596 rfluum,
773 573 837 592 cum
856 560 965 591 deside·

218 601 341 631 rantibus
351 601 440 631 dicere
450 601 494 631 vel
502 601 597 630 audire
608 572 644 630 gii
656 601 695 631 eis
705 601 820 631 sufficiat
832 600 965 641 scriptura

220 643 384 680 Regnorum.
401 640 455 671 Sed
468 648 556 670 tamen
571 640 718 670 secuudum
731 640 806 680 quod
819 641 965 670 Hebra'i'co-

219 691 281 710 rum
302 690 459 710 sermonum
483 680 641 720 interpretes
661 680 840 716 tradiderunt,
860 679 967 709 nomina

218 731 311 749 eorum
325 720 429 750 actibus
441 726 565 760 coaptare
574 720 747 757 tentavimus,
761 727 791 749 ut
809 719 858 749 Dei
872 718 967 759 provi-

219 759 337 790 dentiam
353 767 379 789 ct
393 759 421 788 in
434 759 501 798 ipsis
521 759 662 789 hominum
675 759 831 789 nominibus
843 757 966 788 ostenda-

219 810 290 835 mus,
302 806 327 828 et
343 799 491 838 spiritalem
508 798 710 829 delectationem
726 798 847 828 audienti
866 798 968 838 populo

220 839 398 877 acquiramus.
415 839 516 868 David
538 845 637 868 autem
653 840 755 877 genuit
771 838 967 868 Salomonem.

220 879 346 908 Salomon
366 885 456 907 autem
475 877 663 918 interpretatur
682 878 822 918 pacificus.
838 877 969 907 pacificus

220 925 257 947 est
268 925 356 948 autem
367 917 528 958 appellatus,
537 918 675 956 quoniam,
685 918 810 947 omnibus
820 917 847 946 in
857 917 970 946 circuitu

219 958 344 996 gentibus
350 964 375 986 et
386 957 541 1002 pacificatis,
550 964 575 986 et
585 957 687 987 tributa
700 956 885 993 reddentibus,
894 956 969 996 paci-

220 998 302 1026 ficum
316 997 411 1026 habuit
423 1007 546 1036 regnum,
558 997 594 1026 ita
609 1003 638 1026 ut
649 1003 676 1026 et
688 997 820 1041 templum
834 998 891 1026 Deo
904 995 970 1025 aedi-

221 1037 322 1073 ficaret,
339 1044 414 1066 utens
427 1037 507 1066 etiam
523 1036 671 1066 ministerio
684 1043 804 1074 gentium
818 1049 825 1065 t
841 1035 969 1075 quoniam

221 1076 248 1105 in
270 1077 356 1115 figura
376 1077 427 1106 fuit
440 1076 524 1105 nostri
539 1076 644 1115 pacifici
665 1076 778 1113 Christi,
799 1076 858 1114 qui,
873 1078 968 1104 contii-

221 1115 356 1154 gientibus
375 1115 409 1144 ad
428 1126 456 1144 se
469 1126 517 1155 pei·
537 1115 620 1145 fidem
639 1115 769 1155 gentibus·
783 1115 928 1151 universis,
942 1122 971 1144 et

220 1155 356 1184 bonorum
381 1166 494 1194 operum
515 1155 648 1194 spiritalia
668 1155 768 1184 tributa
791 1154 969 1190 solventibus,

221 1196 363 1233 pacificum
374 1194 468 1223 habuit
479 1204 594 1233 regnum
607 1195 659 1224 :ita
672 1201 701 1223 ut
710 1205 744 1224 ex
756 1195 826 1224 vivis
833 1193 970 1234 lapidibus

222 1244 275 1263 nou
288 1235 376 1264 solum
387 1235 404 1264 J
407 1233 500 1269 udaeis,
515 1233 561 1262 sed
573 1233 652 1262 etiam
664 1234 788 1273 gentibus
799 1234 894 1264 vivum
905 1240 971 1262 tem-

99 1280 210 1302 Rolnam.
222 1273 299 1313 plum
319 1275 376 1302 Deo
398 1272 542 1301 aedificaret
565 1273 678 1302 viventi.
702 1273 842 1302 Salomon
874 1279 970 1302 autem

222 1315 322 1352 genuit
333 1314 474 1342 Roboam.
493 1312 615 1342 Roboam
623 1319 712 1341 autem
725 1314 926 1351 interpretatur,
941 1313 969 1340 in

222 1351 397 1381 multitudine
412 1351 518 1391 populi.
541 1351 655 1380 AEstimo
675 1351 748 1390 quod
765 1358 840 1390 pater
861 1351 970 1389 quidem

222 1392 292 1436 ejus,
307 1391 376 1421 sicut
388 1392 510 1420 omnium
523 1401 616 1429 regum
628 1398 727 1430 patres,
740 1401 774 1420 ex
787 1390 857 1420 bono
870 1401 971 1430 propo-

223 1439 274 1461 sito
287 1431 310 1461 ei
325 1441 420 1460 nomen
435 1430 563 1470 imposuit
576 1431 698 1460 Roboam
714 1443 722 1460 i
738 1430 788 1460 Dei
801 1437 890 1459 autem
904 1441 970 1470 pro-

223 1471 353 1506 videntia,
368 1471 437 1499 sicut
458 1477 484 1499 et
503 1470 623 1499 omnium
637 1481 731 1509 regum
745 1470 852 1499 nomina
873 1480 969 1499 secuu-

223 1510 290 1539 dum
299 1517 374 1540 actus
387 1520 478 1538 eorum
489 1509 599 1549 proprio
608 1508 773 1548 dispensavit
785 1509 902 1545 nomine,
913 1510 971 1539 sive

225 1551 252 1579 in
264 1550 347 1585 bono,
357 1549 414 1579 sive
427 1549 453 1578 in
466 1549 536 1578 malo
552 1561 559 1578 ε
571 1549 698 1579 Salomon
709 1559 772 1588 ergo
786 1559 848 1578 cuin
861 1548 971 1578 haberet

224 1600 336 1630 regnum
361 1588 442 1619 valde
462 1588 683 1628 multiplicatum,
698 1587 801 1617 meritis
824 1587 906 1627 patris
928 1588 970 1618 sui

226 1629 327 1665 David,
343 1636 368 1658 et
382 1628 449 1662 suis,
465 1628 528 1673 quia
542 1628 675 1657 dilexerat
696 1638 758 1657 eum
772 1629 844 1657 Deus
865 1628 892 1656 in
911 1628 971 1667 pri-

1016 294 1110 323 gnum,
1132 284 1169 314 ita
1194 290 1225 313 ut
1245 284 1337 314 decem
1361 284 1486 314 tribubus
1518 283 1713 322 secedentibus,
1737 291 1763 315 et

1015 322 1158 363 proprium
1173 323 1227 352 sibi
1239 323 1398 353 facientibus
1410 333 1510 362 regem,
1525 322 1588 353 duae
1606 323 1695 354 trihus
1706 331 1765 353 tau·

1015 362 1156 391 tummodo
1182 363 1324 392 manebant
1347 363 1399 392 sub
1425 364 1558 393 Roboam.
1579 363 1624 395 Sic
1646 364 1764 404 populiis

1016 401 1186 431 Christianus
1196 402 1223 431 in
1234 402 1329 442 primis
1340 403 1415 441 quasi
1424 402 1492 432 bene
1505 413 1585 442 agens
1593 410 1765 443 prosperatus

1017 448 1066 478 est,
1081 441 1151 471 sicut
1170 441 1296 471 Salomon
1316 454 1324 471 t
1345 440 1504 481 procedente
1524 448 1613 471 autem
1632 449 1763 483 tempore,

1017 491 1079 510 cum
1096 481 1219 521 coepisset
1229 480 1384 520 delinquere
1396 481 1522 522 populus.
1533 481 1703 511 Christianus
1716 504 1724 519 ,
1739 489 1765 512 et

1017 530 1107 549 amare
1130 531 1190 559 quae
1212 521 1299 550 caruis
1319 527 1382 550 suut
1404 528 1431 551 et
1453 520 1560 557 mundi,
1582 521 1667 560 quasi,
1681 522 1767 551 filiam

1018 559 1175 598 Pharaonis,
1195 571 1276 599 quam
1297 559 1424 591 diabolus
1439 561 1624 591 subministrat
1643 561 1767 602 princeps

1019 599 1106 628 carnis
1126 606 1151 628 et
1171 599 1277 636 muudi,
1292 599 1327 629 ad
1348 600 1518 630 tentationem
1538 600 1765 637 Christianorum,

1019 638 1146 669 excitavit
1156 640 1230 668 Deus
1242 650 1324 679 super
1335 639 1467 685 populum
1478 639 1695 670 Christianorum
1708 640 1767 681 spi—

1004 700 1006 702 -
1019 678 1103 707 ritum
1116 678 1321 712 schismatisqln
1332 690 1428 720 primis
1437 678 1548 718 quidem
1556 679 1714 710 debilitatus
1725 686 1766 709 est

1019 717 1188 747 Christianus
1201 718 1320 758 populus
1339 719 1368 748 in
1382 718 1546 787 quibusdam
1565 718 1764 749 schismatibus.

1018 758 1050 786 In
1062 758 1209 787 novissimo
1218 765 1308 787 autem
1318 769 1391 798 popu
1404 759 1412 787 i
1423 758 1571 788 Christiani
1579 758 1657 797 quasi
1665 759 1693 788 in
1701 766 1767 789 tem-

1020 807 1085 836 pore
1113 797 1235 827 Rohoam
1257 797 1410 827 abundante
1435 798 1587 837 iniquitate,
1609 805 1636 827 et
1658 799 1768 829 caritate

986 842 1004 865 B
1020 836 1216 880 refrigescente,
1228 836 1336 876 plenius
1349 837 1497 867 conscissus
1510 844 1549 867 est
1560 837 1679 878 populus
1687 839 1768 869 Chri-

1020 882 1136 912 stianus,
1147 876 1183 905 ita
1194 883 1223 905 ut
1233 878 1351 906 maxima
1362 887 1424 916 pars
1438 877 1653 907 Christianorum
1664 877 1769 908 divide-

1021 921 1094 944 retur
1105 915 1134 944 iu
1146 915 1269 953 haereses,
1279 923 1305 946 et
1314 916 1411 946 faceret
1419 917 1472 945 sibi
1485 917 1609 956 proprios
1618 918 1768 963 episcopos,

1021 955 1098 992 quasi
1112 955 1237 995 proprios
1251 966 1335 994 reges,
1351 962 1378 985 et
1390 957 1440 986 vix
1453 956 1607 996 paucissimi
1621 957 1770 987 Christiani

1020 1001 1188 1024 remanerent
1209 995 1237 1024 iu
1261 995 1382 1025 Ecclesia
1401 995 1503 1025 Christi
1523 996 1575 1025 sub
1596 996 1718 1027 Christo.
1734 998 1771 1028 Et

1022 1033 1092 1063 sicut
1105 1041 1168 1063 tunc
1181 1034 1304 1064 Roboam
1323 1034 1452 1075 abjiciens
1465 1035 1609 1065 consilium
1621 1036 1768 1074 seniorum,

1021 1079 1047 1102 et
1060 1080 1254 1103 coaetaneorum
1265 1084 1377 1103 suorum
1391 1084 1514 1113 sequens,
1527 1076 1690 1105 occasionem
1702 1087 1771 1116 prai-

1020 1112 1081 1142 buit
1094 1113 1207 1143 dissidio
1218 1113 1261 1143 illi
1274 1126 1281 1142 z
1293 1113 1331 1143 sic
1342 1120 1369 1143 et
1381 1114 1451 1143 cirea
1463 1113 1544 1143 finem
1554 1115 1673 1155 episcopi
1686 1116 1770 1145 relin-

1021 1159 1131 1191 quentes
1141 1153 1252 1182 masilia
1264 1153 1399 1183 seniorum
1409 1153 1604 1193 apostolorum,
1615 1161 1640 1184 et
1651 1155 1770 1195 prophe-

1021 1199 1121 1228 tarum,
1131 1192 1279 1222 secundum
1287 1193 1362 1232 quod
1372 1192 1505 1222 consiliati
1514 1193 1620 1223 fuerant
1630 1194 1771 1235 episcopos

1022 1231 1174 1262 conversari
1186 1231 1294 1268 debere,
1307 1233 1351 1262 vel
1361 1232 1544 1272 episcopatum
1556 1243 1635 1263 suum
1645 1241 1770 1270 tractare,

1023 1277 1048 1300 et
1071 1271 1180 1309 sequuti
1195 1279 1258 1301 sunt
1277 1272 1389 1302 consilia
1403 1279 1596 1308 coaetaneorum
1614 1283 1737 1309 suorum,
1746 1282 1773 1304 et

1019 1311 1153 1349 juvenum
1174 1311 1373 1341 consiliantium
1392 1312 1548 1351 episcopum
1562 1319 1683 1351 oportere
1696 1312 1773 1343 divi-

1022 1356 1075 1378 tem
1092 1349 1150 1378 fieri
1162 1356 1188 1378 et
1197 1349 1396 1390 inhospitalem,
1407 1358 1433 1380 et
1446 1352 1569 1380 timorem
1583 1352 1634 1381 Dei
1655 1363 1707 1381 non
1722 1354 1772 1382 ha-

1022 1388 1097 1424 bere,
1110 1395 1135 1418 et
1152 1389 1217 1418 talia
1228 1389 1351 1428 quiedam
1369 1390 1471 1429 alloqui
1485 1401 1545 1428 quae
1558 1399 1681 1420 moveant
1694 1392 1773 1431 plau·

987 1433 1006 1457 C
1022 1439 1099 1458 sum:
1110 1435 1135 1457 et
1145 1427 1279 1458 dederunt
1289 1429 1453 1458 occasionem
1463 1428 1572 1459 diabolo
1584 1431 1772 1469 praecisionum

1021 1467 1217 1504 faciendarum,
1230 1479 1284 1498 non
1294 1468 1457 1498 attendentes
1469 1479 1531 1507 quae
1542 1470 1675 1499 Dominus
1686 1470 1769 1501 dicit:

1021 1507 1053 1536 Si
1063 1514 1161 1537 autem
1169 1509 1285 1547 coeeerit
1295 1508 1478 1548 dispensator
1485 1509 1594 1545 dicere,
1604 1510 1680 1548 Quia
1692 1511 1772 1541 Deus

1023 1557 1102 1576 meus
1116 1557 1227 1576 moram
1232 1548 1314 1588 facit
1321 1559 1336 1584 ‚·
1349 1555 1377 1577 et
1390 1549 1506 1587 coeperit
1515 1551 1657 1586 castigare
1668 1560 1772 1588 pueros

1023 1593 1052 1615 et
1066 1587 1206 1622 ancillas,
1218 1593 1247 1616 et
1260 1588 1439 1616 manducare
1450 1593 1478 1616 et
1491 1588 1587 1617 bibere
1596 1599 1663 1618 cum
1677 1591 1773 1619 ebrio-

1024 1628 1072 1661 sis,
1084 1628 1185 1655 veniet
1198 1627 1334 1656 dominus
1356 1628 1418 1667 ejus
1435 1628 1466 1656 in
1486 1628 1534 1656 die
1552 1638 1613 1668 qua
1627 1630 1728 1666 nescit,
1743 1636 1773 1660 et

1782 1523 1838 1544 Luc.
1853 1510 1898 1546 12.μ

1782 1553 1821 1584 4⁵.
1835 1553 1874 1583 46.

225 1669 288 1705 mis,
301 1675 393 1698 natum
405 1669 455 1697 sibi
473 1678 501 1696 in
521 1674 572 1697 tem
594 1678 639 1696 ore
652 1667 701 1696 illo
712 1667 810 1703 filiuni,
825 1667 973 1707 appellavit

226 1709 359 1745 Robmm,
372 1707 401 1737 id
420 1715 470 1741 est,
485 1707 512 1736 in
526 1679 700 1736 muliitiidine
719 1706 824 1746 populi,
838 1707 915 1745 quasi
928 1707 972 1736 sa—

226 1754 299 1777 ctum
313 1748 341 1776 in
355 1747 529 1776 multitudine
542 1747 648 1787 populi,
664 1753 694 1775 ut
711 1745 859 1775 secundum
874 1753 973 1776 statum

228 1787 303 1826 regni
323 1787 366 1816 sui
387 1786 559 1826 multiplicati
586 1786 768 1815 nominaretur
788 1785 861 1815 filius
881 1786 941 1825 ejus
963 1798 970 1815 ε

226 1826 395 1866 providentia
408 1833 497 1855 autem
513 1825 573 1859 Dei,
587 1825 650 1864 quia
664 1825 751 1854 fuerat
764 1833 886 1864 peccator
898 1826 973 1855 futu—

227 1877 285 1902 rus,
304 1873 330 1895 et
342 1866 486 1894 dissidium
496 1865 570 1903 regni
584 1864 625 1893 sui
645 1875 783 1904 passui-us,
795 1864 971 1904 dispensavit,

228 1912 258 1934 ut
277 1905 422 1941 diceretur,
444 1905 471 1933 in
498 1903 673 1933 multitudine
700 1904 793 1943 populi
817 1916 824 1933 ε
846 1905 973 1943 quoniam

228 1944 301 1982 quod
313 1945 342 1973 fit
353 1945 379 1973 in
395 1943 568 1973 multitudine
582 1943 687 1982 populi,
699 1944 788 1973 statim
808 1944 886 1973 facile
899 1944 974 1974 sedi-

78 1985 199 2006 Mu¹¹i¹¹¹d⁰
229 1984 327 2012 tionem
341 1983 522 2013 multitudinis
534 1983 646 2021 patitur.
662 1983 812 2013 Multitudo
826 1984 898 2013 enim
917 1995 975 2013 ma-

77 2021 147 2037 '¹'⁴'¹‘³‘
176 2020 219 2052 ,ω
230 2030 270 2052 ter
282 2030 320 2052 est
338 2022 478 2052 seditionis
490 2029 515 2051 et
533 2022 705 2051 contumaciae
721 2023 803 2061 :quia
816 2023 948 2062 quicquid
960 2034 975 2052 a

1026 1666 1099 1694 hora
1113 1675 1173 1704 qua
1186 1668 1312 1706 ignorat,
1328 1673 1357 1696 et
1369 1667 1480 1696 dividet
1498 1678 1574 1696 eum.
1586 1669 1687 1698 Iterum
1698 1669 1773 1708 quod

1025 1705 1149 1745 praecepit
1164 1707 1260 1735 Petrus
1273 1718 1281 1735 ε
1294 1707 1363 1735 Νοη
1372 1713 1405 1736 ut
1415 1707 1611 1743 dominantes,
1623 1708 1676 1737 sed
1687 1711 1773 1749 quasi
1785 1723 1805 1739 ι.
1816 1719 1879 1739 pm.
1890 1715 1904 1738 5

1025 1747 1222 1784 episcopatum
1237 1751 1375 1775 tenentes.
1390 1747 1457 1776 Item
1475 1746 1575 1776 Paulus
1591 1759 1598 1776 ε
1618 1748 1806 1779 Novimus-³·
1846 1779 1850 1782 ,

1024 1794 1131 1813 vocum
1150 1785 1268 1820 devitem
1281 1792 1421 1825 generant
1439 1788 1517 1815 enim
1539 1787 1615 1821 lites,
1630 1793 1658 1816 et
1678 1797 1771 1818 sermo
1782 1785 1805 1800 ²·
1821 1780 1843 1801 T
1841 1786 1882 1800 ‘'⁷''
1901 1785 1904 1799 ²

1025 1834 1124 1853 eorum
1135 1826 1210 1854 sicut
1218 1827 1427 1865 cancer-serpit.
1443 1826 1511 1855 Item
1526 1838 1533 1855 :
1547 1828 1687 1856 For-mam
1697 1829 1773 1858 habe
1783 1810 1847 1862 ῗῖζρ,
1861 1846 1869 1862 1
1886 1838 1904 1862 ιε

1025 1873 1163 1893 sanorum
1177 1866 1342 1902 verborum,
1355 1876 1420 1904 quae
1433 1876 1453 1894 a
1465 1875 1511 1894 me
1530 1866 1649 1895 audisti.
1666 1868 1707 1896 De
1719 1879 1772 1907 qua

1026 1903 1227 1943 prosperatione
1237 1904 1331 1944 prima*
1343 1905 1437 1945 populi
1453 1904 1615 1940 Christiani,
1628 1913 1655 1935 et
1675 1905 1710 1936 de
1720 1907 1773 1936 ad-

1026 1944 1151 1972 versitate
1172 1943 1317 1973 novissima
1338 1944 1513 1984 prophetatur
1540 1945 1568 1974 in
1592 1945 1709 1976 Psalmo.
1732 1949 1773 1977 De

1026 1982 1227 2022 prosperatione
1249 1983 1334 2022 prima
1354 1984 1393 2013 sic
1409 1995 1416 2012 τ
1437 1985 1518 2014 Tunc
1537 1984 1676 2024 loquutus
1691 1996 1722 2015 es
1740 1989 1772 2015 in
1783 1994 1850 2016 Psal.
1867 1991 1904 2017 88.

78 2048 203 2068 miuioms.
993 2030 1012 2054 Ι)
1027 2022 1228 2060 aspectufilit's
1248 2025 1317 2059 tuis,
1332 2029 1361 2051 et
1381 2024 1492 2060 dixisti,
1506 2030 1532 2053 et
1545 2031 1638 2053 caetera
1655 2035 1714 2063 quae
1730 2037 1770 2055 se-
1783 2031 1821 2046 2⁰·

229 2062 323 2106 multis
335 2069 471 2102 peccatur,
486 2061 643 2104 plerumque
660 2069 748 2091 manet
760 2062 954 2093 invindicabile
967 2075 973 2092 :

229 2109 351 2141 paucitas
372 2108 459 2130 autem
480 2107 609 2139 magistra
629 2107 667 2130 est
685 2100 846 2141 disciplinae.
861 2102 976 2132 AEstimo
1001 2106 1004 2107 ⁷

230 2140 304 2180 quod
325 2141 452 2170 Salomon
474 2146 500 2169 et
524 2140 646 2169 Roboam
668 2140 695 2168 in
721 2142 848 2179 mysterio
876 2142 977 2172 Christi

230 2182 354 2214 snei-uun
382 2179 456 2218 quod
478 2179 500 2208 si
523 2179 550 2207 in
575 2179 702 2218 mysterio
727 2180 827 2210 Christi
849 2182 975 2218 fuerunt,

231 2226 421 2258 consequenter
444 2225 471 2248 et
497 2219 524 2247 in
545 2218 672 2258 mysterio
697 2220 792 2264 populi
818 2220 975 2250 Christiani.

162 2268 223 2284 xvm
231 2260 354 2298 Namque
371 2270 434 2288 cum
446 2259 499 2288 sint
509 2268 600 2287 omnes
618 2257 763 2287 Christiani
777 2269 874 2299 corpus
894 2260 977 2289 Chri-

231 2299 277 2336 sti,
293 2306 363 2328 recte
377 2298 519 2328 universus
531 2296 649 2337 populus
662 2297 833 2327 Christianus
846 2300 978 2339 accipien-

231 2339 283 2367 dus
291 2345 330 2368 est
339 2337 478 2368 Christus:
492 2337 530 2366 sic
537 2343 563 2366 et
571 2336 696 2366 Salomon
705 2337 732 2366 in
744 2338 870 2376 mysterio
881 2340 976 2378 populi

230 2378 282 2407 suit
300 2377 446 2407 Christiani
466 2377 533 2405 liene
553 2376 605 2405 inci
628 2376 705 2405 ientis
721 2388 728 2404 :
744 2377 866 2406 Roboam
887 2385 976 2408 autem

230 2418 258 2446 in
271 2417 399 2457 mysterio
412 2416 505 2456 populi
516 2416 586 2445 male
599 2387 727 2445 iiJnientis.
743 2417 812 2445 Nam
827 2417 896 2445 sicut
905 2419 974 2446 circa

230 2464 390 2486 senectutem
405 2456 547 2486 Salomone
558 2462 692 2495 peccante,
705 2456 833 2485 excitavit
844 2456 976 2486 Dominus

229 2503 302 2525 satan
316 2507 397 2535 super
409 2506 482 2531 eum,
497 2494 665 2524 detruncavit
679 2505 712 2524 ex
725 2502 800 2534 parte
813 2495 916 2524 modica
930 2507 974 2524 re-

79 2539 101 2561 3.
113 2538 171 2563 1³⁶2·
183 2545 217 2560 ¹2·
230 2547 312 2575 gnum
325 2537 383 2575 ejus
396 2547 402 2563 z
416 2535 442 2579 in
453 2542 571 2574 tempore
579 2541 668 2564 autem
681 2535 811 2570 Roboam,
826 2535 975 2580 abjicientis

78 2575 99 2591 cl
110 2576 131 2591 2.
144 2569 202 2591 Par,

79 2608 115 2623 10.

229 2575 371 2605 consilium
385 2585 530 2611 seniorum,
540 2581 565 2604 et
577 2574 710 2613 sequentis
720 2574 831 2604 consilia
841 2585 972 2615 Juvenum

1028 2068 1158 2099 quuntur.
1173 2063 1213 2090 De
1225 2061 1383 2092 adversitate
1396 2069 1485 2092 autem
1495 2063 1641 2092 novissima
1654 2064 1692 2093 sic
1705 2077 1711 2093 ε
1730 2066 1773 2094 Τιι

1027 2110 1098 2129 vero
1109 2101 1253 2140 repulisti,
1264 2108 1292 2130 et
1306 2112 1359 2139 pro
1375 2102 1469 2131 nihilo
1482 2102 1629 2131 deduxisti
1642 2108 1670 2132 et
1683 2104 1773 2134 distu-

1029 2140 1089 2169 listi
1111 2140 1259 2170 Christum
1279 2147 1370 2177 tuum,
1383 2148 1409 2170 et
1430 2148 1523 2171 caetera
1541 2152 1601 2180 quae
1613 2150 1772 2181 sequuntur.

1031 2179 1103 2210 Vide
1115 2180 1178 2218 quia
1198 2180 1334 2218 quomodo
1346 2186 1410 2210 tunc
1421 2181 1449 2210 in
1468 2190 1550 2220 regno
1567 2181 1646 2211 Judae
1663 2183 1775 2221 quidam

1029 2229 1106 2258 reges
1123 2219 1283 2249 exstiterunt
1299 2227 1461 2259 peccatores,
1475 2220 1586 2259 quidam
1606 2228 1696 2251 autem
1715 2233 1773 2252 me—

1029 2257 1156 2288 diocriter
1169 2266 1329 2299 peccatores,
1342 2259 1369 2288 in
1387 2270 1469 2299 regno
1487 2267 1576 2289 autem
1595 2261 1676 2299 lsrael
1697 2271 1774 2291 nemo

1030 2309 1124 2337 regum
1147 2299 1273 2328 inventus
1296 2306 1334 2328 est
1350 2300 1440 2339 justus
1463 2313 1470 2329 ε
1490 2299 1529 2329 sic
1550 2306 1576 2329 et
1599 2299 1627 2328 in
1651 2301 1773 2330 Ecclesia

1029 2338 1132 2368 Christi
1150 2338 1326 2367 inveniuntur
1337 2338 1447 2377 quidem
1460 2339 1580 2379 episcopi
1592 2339 1656 2368 boni
1668 2346 1695 2368 et
1709 2350 1773 2379 pec-

1030 2385 1147 2413 catores,
1174 2377 1202 2406 in
1236 2377 1383 2408 haeresibus
1413 2385 1503 2408 autem
1529 2388 1607 2407 nemo
1638 2379 1774 2409 invenitur

1030 2418 1138 2446 omnino
1152 2424 1252 2453 rectus,
1264 2417 1312 2446 sed
1323 2428 1415 2447 omnes
1432 2418 1550 2458 perversi
1566 2430 1573 2446 z
1589 2417 1653 2456 quia
1666 2418 1694 2447 in
1706 2429 1773 2448 auro

1028 2456 1138 2495 quidem
1152 2457 1288 2486 invenitur
1298 2457 1383 2486 scoria
1393 2464 1419 2486 et
1429 2456 1529 2490 sordes,
1541 2457 1568 2486 in
1582 2457 1708 2488 sordibus
1721 2470 1772 2488 au-

1783 2075 1843 2098 Ibid.
1854 2083 1876 2097 v.
1884 2073 1904 2104 ὃς

1028 2503 1081 2524 tem
1098 2507 1150 2525 uon
1172 2496 1308 2526 invenitur
1329 2507 1436 2525 aurum.
1450 2497 1583 2526 Roboam
1606 2503 1704 2526 aulem
1722 2509 1771 2538 ge·
1782 2506 1864 2527 Abias.

1028 2537 1092 2564 nuit
1105 2537 1135 2564 A
1138 2538 1226 2564 biam.
1241 2536 1322 2565 Abias
1335 2542 1424 2564 autem
1435 2535 1623 2575 interpretatur
1637 2543 1712 2576 pater
1726 2548 1771 2567 ve-

1028 2575 1113 2612 niens,
1124 2575 1167 2605 vcl
1182 2575 1265 2615 patris
1279 2574 1332 2610 mei
1342 2574 1396 2605 hic.
1410 2575 1531 2605 Forsitan
1544 2575 1588 2605 hic
1604 2575 1687 2606 Abias
1695 2577 1770 2606 simi-
