1890 2826
234 151 282 187 66

234 232 331 262 sceret,
345 231 416 253 terra
429 223 552 253 nativum
563 233 643 253 suum
656 222 779 252 ordinem
789 223 902 263 aceepit,
915 222 978 252 etin

234 271 351 312 priorem
364 269 523 310 elegantiam
541 269 661 298 restituta
675 276 726 299 est.
740 269 774 300 ld
784 276 874 299 autem
889 268 979 299 videas

234 329 268 347 ex
280 324 355 357 parte
379 316 480 346 sactum
501 316 529 344 in
553 315 694 344 hominum
719 315 857 345 honorem.
871 314 979 344 Etenim

235 365 348 405 pelagus
358 374 386 393 se
397 365 555 397 summovit,
564 369 591 391 et
602 357 700 392 iteruin
708 362 843 403 apparuit,
851 362 890 391 sol
901 362 981 391 refre-

236 418 314 440 natus
327 417 367 440 est
386 420 449 439 cum
466 409 541 445 luna,
553 408 716 448 solitumque
725 418 835 439 cursum
850 408 979 445 deseruit,

236 457 308 496 ignis
321 467 380 495 quae
391 455 426 485 ad
440 465 538 494 aquam
559 455 729 495 pertinebant
751 454 884 494 pri-stitit,
910 461 981 484 terra

237 513 297 542 quae
304 502 337 531 ad
342 502 463 541 pelagus,
473 501 583 541 pelagus
591 511 651 540 quae
659 499 695 530 ad
703 507 800 530 terram
809 513 817 530 ι
827 500 980 539 omniaque,

238 557 269 578 ut
280 549 361 579 semel
376 548 476 585 dicam,
492 548 520 577 in
534 548 679 578 utilitatem
699 548 840 578 bominum
852 558 880 578 se
894 554 981 577 trans-

238 596 403 626 formant.Et
409 595 568 635 quiaomnia
578 595 678 624 honore
685 594 811 635 praecedit
818 595 912 632 homo,
923 605 983 635 pro-

238 649 352 682 pterque
362 643 452 683 ipsum
462 641 551 670 omnia
565 642 632 671 facta
642 647 704 670 sunt
714 652 722 676 ;
737 641 797 670 ideo
806 647 832 670 et
839 650 911 671 nnnc
919 641 984 680 quia
998 638 1017 662 Ε

239 690 257 719 J
260 688 370 718 uda'icus
383 689 501 729 populus
509 689 640 728 peccavit,
649 695 725 718 terrae
732 694 824 728 partus
831 688 907 718 Deus
914 688 985 717 cohi-

239 735 296 771 bet,
311 745 343 764 ac
355 742 418 776 post
432 735 531 766 multos
553 734 657 764 labores
677 734 842 773 sudoresque
855 744 907 764 uon
921 734 985 764 sinit

240 782 299 821 ejus
313 782 417 811 viscera
437 781 548 810 solitum
566 787 728 821 proventum
749 780 865 818 referi-<³3
879 786 910 809 ut
922 779 985 809 inde

240 826 358 864 discant,
375 836 428 856 non
442 826 613 866 agriculturae
624 833 707 856 artem
718 849 727 862 ‚
739 836 788 856 nec
797 826 880 855 boves
890 833 916 855 et
927 836 987 856 ara·

242 879 326 908 trum,
336 883 422 912 neque
431 879 508 902 terrae
521 880 654 908 naturam,
665 883 712 902 nee
721 870 797 901 aliud
809 871 898 901 simile
905 871 987 911 quid-

242 919 327 959 piam,
338 918 385 948 sed
394 918 491 948 horum
500 918 621 948 omnium
630 917 776 948 Dominum
785 928 852 954 esse,
863 917 911 956 qui
921 917 988 946 libc-

243 965 295 994 rali
313 974 395 994 manu
409 965 497 994 omnia
511 963 644 1001 effundit,
664 971 691 994 et
707 963 816 999 iterum,
839 973 901 992 cum
913 962 985 997 vult,

243 1011 333 1040 omnia
343 1010 460 1041 cohibet.
476 1012 524 1040 11.
540 1011 571 1040 V
567 1021 592 1039 ω
602 1011 653 1050 qui
664 1017 787 1049 surgunt
800 1019 899 1046 mane,

244 1065 340 1085 ceram
350 1061 574 1095 persequuntur,
583 1055 635 1095 qui
645 1059 766 1083 manent
774 1053 814 1083 ad
826 1062 988 1092 vesperam.

246 1102 354 1130 Vinum
381 1104 459 1130 enim
486 1101 641 1131 succendet
662 1109 722 1130 eos.
741 1101 790 1129 12.
820 1099 900 1128 Nam
925 1107 991 1129 cum

246 1146 362 1175 cithara
371 1153 397 1174 ec
406 1145 545 1185 psalterio
555 1152 581 1174 et
592 1145 741 1185 tympanis
757 1150 786 1173 et
797 1144 875 1176 tibiis
887 1145 992 1172 vinum

247 1193 351 1221 bibunt
361 1203 372 1220 .-
384 1189 479 1231 ορενα
493 1197 591 1221 autem
609 1191 667 1227 Dei
689 1201 749 1220 non
768 1190 941 1230 respiciunt,
964 1195 992 1218 et

248 1248 337 1278 opera
349 1248 489 1267 manuum
499 1239 562 1277 ejus
571 1248 632 1267 non
639 1237 835 1267 considerant.
848 1236 993 1274 Postquam

248 1285 381 1324 ingentem
396 1283 507 1313 illerum
524 1283 664 1314 avaritiam
677 1282 824 1322 redarguit,
839 1281 906 1311 mali
918 1281 992 1311 radi-

247 1341 305 1360 cem
316 1330 361 1359 hic
370 1329 456 1370 ponit.
463 1330 526 1359 Haee
533 1339 597 1360 vero
606 1336 663 1358 erat
669 1329 795 1366 ehi-iem,
806 1335 993 1358 sexcentorum

247 1387 327 1406 causa
336 1376 468 1406 malorum
483 1387 490 1404 τ
502 1386 565 1406 cum
578 1375 695 1406 maxime
706 1375 753 1405 illa
767 1375 877 1405 modum
887 1385 993 1406 omnem

248 1422 363 1452 excedit.

291 1698 319 1727 5.
337 1697 458 1727 Observa
472 1695 567 1736 igitur,
582 1706 663 1735 quam
684 1703 807 1726 accurate
825 1696 889 1726 illos
902 1695 995 1726 tradu-
1011 1697 1029 1720 B

250 1750 301 1773 cat.
319 1744 421 1772 Totum
443 1742 516 1772 enim
529 1741 600 1771 diem
622 1742 650 1772 in
661 1742 718 1772 haec
729 1742 828 1772 insumi
849 1742 926 1772 dicit.
941 1743 994 1772 Ne-

250 1800 303 1829 que
313 1789 385 1819 enim
395 1800 456 1819 cum
475 1787 664 1829 prandendum
677 1794 716 1818 est
729 1787 759 1817 id
771 1788 881 1825 faciunt,
896 1788 995 1828 inquit,

161 1850 242 1871 0⁰01„
252 1835 298 1865 sed
312 1846 390 1865 omne
402 1842 508 1875 tempus
528 1834 556 1863 in
579 1834 716 1864 ebrietatis
737 1841 843 1875 tempus
853 1842 996 1871 vertentes,

102 1882 241 1903 “¹³‘i⁸¹²¹²¹¹¹‘
252 1883 287 1912 ab
300 1890 360 1913 ortu
373 1882 440 1919 diei,
454 1880 561 1921 quando
572 1882 688 1911 maxime
701 1881 754 1911 sibi
767 1881 902 1912 attendere
914 1882 998 1912 dehe-

255 1931 338 1967 bant,
353 1929 439 1958 multo
465 1938 539 1957 mero
566 1938 594 1957 se
618 1927 762 1966 dedentes,
778 1929 876 1959 vellent
897 1929 999 1960 nollent

253 1975 380 2016 deinceps
403 1984 487 2013 usque
500 1973 536 2003 ad
546 1985 685 2015 vesperam
697 1974 726 2003 in
737 1975 832 2004 morbo
842 1986 998 2015 persevera-

253 2023 328 2052 bant.
340 2021 455 2059 Quando
473 2021 546 2058 enim
565 2020 647 2050 semel
660 2021 689 2052 in
702 2021 858 2061 voraginem
871 2022 1000 2062 intempe-

254 2068 347 2098 rantiae
374 2078 431 2097 sese
450 2067 688 2104 demerserant‚ac
711 2066 745 2096 de
765 2067 882 2100 naturali
905 2070 1000 2099 mentis

255 2122 326 2145 statu
352 2113 506 2144 deciderant
519 2137 527 2151 2
554 2114 723 2153 animamque
746 2114 881 2154 captivam
909 2126 1000 2155 pravae

256 2161 392 2191 ebrietatis
415 2159 551 2201 tyrannidi
572 2159 738 2190 tradiderant
743 2172 753 2198 5
774 2160 1000 2200 quemadmodum

257 2207 335 2237 navis
344 2217 395 2236 nou
407 2207 545 2236 saburrata
554 2229 562 2244 ‚
582 2207 812 2247 gubernatoreque
822 2215 849 2238 et
856 2208 944 2238 nautis
956 2208 1002 2238 de-

257 2254 350 2283 stituta
357 2275 365 2291 ‚
377 2253 487 2283 fortuito
501 2261 527 2282 et
540 2264 743 2293 quoquoversus
754 2255 851 2293 fertur,
861 2257 1003 2289 temerario

257 2311 390 2339 aquarum
410 2299 510 2340 impetu
533 2301 666 2340 exagitata
682 2312 688 2329 :
704 2301 830 2331 eumdem
849 2302 878 2331 in
891 2302 1002 2332 modum

257 2345 287 2373 hi
299 2344 426 2374 ebrietate
447 2343 561 2373 demersi
581 2346 716 2375 feruntur.
735 2345 799 2375 Ideo
812 2347 850 2376 ait
865 2359 872 2375 :
889 2347 940 2377 Voe
952 2349 1002 2388 qui

258 2396 382 2430 surgunt
404 2400 500 2427 mane,
523 2397 551 2419 et
573 2393 695 2420 siceram
706 2400 929 2432 persequuntur.
941 2396 1002 2425 Non

258 2439 332 2467 enim
352 2436 533 2466 necessitatem
556 2437 720 2478 explebant,
744 2449 830 2478 neque
850 2442 1003 2480 appetitum

260 2485 449 2524 exspectabant
471 2490 500 2513 ut
522 2483 565 2512 illi
591 2484 707 2514 facerent
729 2486 810 2525 satis5
836 2487 884 2516 sed
906 2489 933 2517 in
951 2489 1002 2519 hoc

260 2532 309 2560 toti
334 2530 540 2566 incumbebant,
562 2529 613 2560 hoc
647 2532 793 2570 curabant,
823 2540 852 2562 ut
874 2542 1003 2575 perpetuo

261 2577 400 2606 temulenti
420 2584 515 2606 essent.
540 2577 646 2607 Idcirco
658 2578 696 2607 ait
712 2590 718 2607 :
738 2580 798 2618 Qui
806 2581 929 2610 siceram
938 2592 1003 2621 per-

907 1014 936 1038 et
947 1019 987 1038 ‘n‘
1001 1013 1025 1064 {Z
1039 1031 1097 1061 οὐδὲ
1111 1031 1168 1072 βόες
1181 1032 1226 1061 καὶ
1240 1033 1360 1073 ἄροτρον,
1374 1033 1434 1063 οὐδὲ
1448 1035 1497 1073 γῆς
1510 1033 1602 1074 φύσις,
1617 1034 1665 1063 οὔκ
1679 1032 1744 1062 ἄλλο
1757 1033 1811 1060 τῶν

571 162 600 184 S.
628 161 768 185 JOANMS
795 160 979 184 CHRYSOST.
1011 161 1163 184 ARcmEP.
1194 161 1466 185 CONSTANTINOP-

1030 222 1149 262 πελάγει.
1166 223 1220 252 Καὶ
1238 223 1329 259 ἐπειδὴ
1342 223 1422 253 πάλιν
1439 224 1574 254 ἐπιδοῦναι
1587 223 1618 253 τὸ
1638 223 1711 263 γένος
1731 223 1802 256 ἔδει,

1029 273 1078 309 τὴν
1092 273 1190 303 οἰκείαν
1204 273 1324 307 εὐταξίαν
1342 274 1530 313 ἀπελάμὸανεν
1548 276 1565 310 ἠ
1579 275 1630 313 γῆ,
1644 274 1689 303 καὶ
1704 275 1740 307 εἷς
1753 273 1803 310 τὴν

1030 322 1160 363 προτέραν
1185 324 1328 364 εὐμορφίαν
1349 324 1459 364 ἐπανῄει
1481 324 1570 354 πάλιν,
1590 324 1656 354 Ἴδοι
1675 325 1697 354 δ’
1714 325 1745 354 ἄν
1764 337 1804 358 τις

1031 376 1108 403 τοῦτο
1127 373 1173 403 καὶ
1188 374 1231 403 ἐπὶ
1248 374 1342 415 μέρους
1361 375 1496 415 γινόμενον
1515 374 1559 404 διὰ
1578 374 1627 412 τὴν
1647 376 1684 409 εἰς
1700 374 1804 415 ἀνθρώ-

1031 436 1095 457 πους
1109 423 1198 463 τιμήν.
1220 425 1275 455 Καὶ
1287 424 1339 465 γὰρ
1354 425 1467 465 πέλαγος
1485 424 1616 466 ἠφανίσθη
1629 448 1637 461 ,
1656 424 1703 454 καὶ
1724 424 1804 454 πάλιν

1031 474 1113 515 ἐφάνη
1123 497 1131 511 ,
1145 475 1190 504 καὶ
1204 475 1278 511 ἥλιος
1297 475 1446 517 ἐχαλινώθη
1459 475 1528 516 μετὰ
1550 475 1678 512 σελήνης,
1697 475 1743 505 καὶ
1761 475 1805 505 τὸν

1031 528 1125 556 οἰκεῖον
1147 526 1242 568 δρόμον
1256 526 1382 564 ἐπέλιπε,
1402 528 1448 558 καὶ
1465 529 1518 568 πῦρ
1533 526 1566 556 τὰ
1586 525 1680 560 ὕδατος
1700 526 1805 555 ἐπεδεί-

1033 577 1105 614 ξατο,
1120 578 1165 607 καὶ
1185 581 1220 618 γῆ
1235 578 1269 608 τὰ
1282 578 1427 618 πελάγους,
1441 577 1488 608 καὶ
1501 577 1614 617 πέλαγος
1629 577 1663 606 τὰ
1677 580 1725 614 τῆς
1737 578 1787 616 γῆς
1800 589 1806 595 ·

1034 627 1079 657 καὶ
1092 629 1196 666 πάντα,
1215 631 1251 663 ὡς
1265 630 1346 658 εἰπεῖν
1361 629 1467 663 ἁπλῶς,
1489 627 1555 669 πρὸς
1568 628 1616 666 τὴν
1630 630 1683 658 τῶν
1703 627 1804 668 ἀνθρώ-

1034 690 1090 708 πων
1106 679 1367 720 μετασχηματίζεται
1380 679 1554 710 λυσιτέλειαν.
1566 680 1619 710 Kal
1633 679 1725 715 ἐπειδὴ
1741 679 1807 709 πάν-

1035 742 1087 759 των
1100 730 1256 770 τιμιώτερος
1269 731 1422 770 ἄνθρωπος,
1436 730 1481 761 καὶ
1498 731 1532 760 δι’
1545 731 1624 760 αὐτὸν
1637 730 1671 760 τὰ
1681 729 1810 770 γενόμενα

1036 779 1140 809 ἅπαντα
1149 801 1156 815 ,
1169 780 1212 809 διά
1226 791 1267 809 τοι
1277 783 1355 810 τοῦτο
1365 782 1410 810 καὶ
1423 784 1480 818 νῦν,
1495 780 1585 817 ἐπειδὴ
1599 780 1718 820 ἥμαρτεν
1731 782 1745 809 ὁ
1756 782 1810 809 τῶν

1037 829 1170 860 Ἰουδαίων
1184 831 1281 869 δῆμος,
1296 831 1387 871 ἐπέχει
1401 833 1449 867 τῆς
1461 835 1510 871 γῆς
1526 832 1574 865 τὰς
1586 832 1680 865 ὠδῖνας
1694 833 1708 860 ὁ
1721 830 1792 864 Θεὸς
1802 854 1810 866 ,

1035 879 1080 910 καὶ
1095 880 1162 919 μετὰ
1175 880 1288 914 πολλοὺς
1301 881 1394 914 πόνους
1408 881 1453 911 καὶ
1467 882 1580 922 ἱδρῶτας
1593 883 1641 911 οὔκ
1659 881 1753 922 ἀφίησι
1764 879 1812 914 τὰς

1036 930 1137 967 ἐκείνης
1159 931 1272 971 λαγόνας
1291 931 1341 968 τὴν
1367 933 1486 961 εἰωθυῖαν
1510 932 1592 973 φορὰν
1616 934 1747 972 ἐνεγκεῖν,
1768 930 1812 960 ἵνα

1037 983 1174 1011 κάντεῦθεν
1194 981 1320 1021 μάθωσιν,
1334 983 1375 1012 ὅτι
1388 983 1417 1012 οὖ
1429 985 1580 1023 γεωργικῶν
1596 983 1693 1024 χειρῶν
1707 981 1788 1022 τέχνη
1802 1002 1810 1015 ,

1040 1080 1164 1111 τοιούτων
1178 1081 1259 1119 οὐδὲν,
1272 1084 1330 1112 ἀλλ’
1343 1085 1357 1112 ὁ
1368 1083 1467 1113 τούτων
1480 1083 1603 1112 ἁπάντων
1617 1081 1755 1118 Δεσπότης
1766 1083 1811 1110 οὓ-

1041 1130 1084 1164 τός
1103 1131 1184 1167 ἔστιν,
1197 1133 1212 1162 ὃ
1225 1132 1270 1162 καὶ
1286 1133 1389 1173 δαψιλεῖ
1404 1136 1435 1174 τῇ
1449 1133 1519 1174 χειρὶ
1534 1133 1621 1163 πάντα
1636 1132 1745 1172 ἔκχέων,
1766 1131 1811 1160 καὶ

1041 1181 1131 1219 πάλιν,
1146 1183 1250 1213 ἐπειδὰν
1265 1183 1403 1224 βούληται,
1415 1184 1566 1215 συστέλλων
1579 1184 1694 1213 ἅπαντα.
1704 1182 1775 1212 Οὐαὶ
1788 1183 1812 1211 οἱ

1041 1233 1200 1274 ἐγειρόμενοι
1212 1234 1243 1264 τὸ
1256 1235 1339 1275 πρωῒ,
1350 1235 1395 1265 καὶ
1405 1235 1436 1265 τὸ
1449 1235 1541 1276 σίκερα
1554 1235 1692 1268 swanum:
1701 1256 1708 1270 ,
1723 1235 1747 1263 οἱ
1762 1233 1812 1272 με’-

1042 1295 1128 1317 νοντες
1143 1284 1174 1314 τὸ
1195 1284 1251 1325 ὀψέ.
1267 1284 1302 1315 Ὁ
1315 1285 1366 1325 γὰρ
1379 1281 1446 1319 οἶνος
1459 1285 1552 1320 αὐτοὺς
1566 1284 1718 1325 συγκαύσιι.
1734 1283 1813 1313 Μετὰ

1041 1334 1093 1374 γὰρ
1109 1334 1218 1375 κιθάρας
1230 1334 1275 1365 καὶ
1293 1335 1439 1376 ψαλτηρίου
1452 1336 1498 1365 καὶ
1509 1335 1653 1375 τυμπάνων
1665 1335 1710 1364 καὶ
1726 1335 1813 1364 αὐλῶν

1042 1385 1087 1416 τὸν
1105 1381 1174 1416 οἶνον
1190 1386 1295 1417 πίνουσι
1306 1399 1314 1407 ·
1328 1388 1363 1418 τὰ
1380 1388 1408 1417 δὲ
1422 1388 1488 1428 ἔργα
1500 1391 1547 1418 τοῦ
1569 1390 1639 1417 Θεοῦ
1654 1389 1702 1417 οὐκ
1715 1386 1814 1426 ἐμὸλέ-

1043 1449 1122 1468 πουσι
1130 1460 1138 1475 ,
1152 1438 1198 1468 καὶ
1212 1437 1246 1468 τὰ
1258 1439 1322 1479 ἔργα
1334 1441 1387 1469 τῶν
1398 1443 1495 1481 χειρῶν
1507 1441 1586 1470 αὐτοῦ
1601 1442 1630 1469 οὐ
1645 1442 1812 1469 κατανοοῦσι.

1043 1489 1238 1530 Κατηγορήσας
1257 1491 1343 1520 αΰπῒιν
1360 1490 1510 1526 πλεονεξίαν
1523 1491 1634 1528 πολλὴν,
1648 1491 1693 1520 καὶ
1706 1490 1754 1527 τὴν
1769 1491 1810 1531 ῥί-

1044 1541 1090 1574 ζαν
1109 1543 1156 1570 τοῦ
1170 1543 1251 1571 κακοῦ
1266 1541 1378 1578 τίθησιν.
1396 1541 1470 1579 Αὕτη
1492 1543 1520 1572 δὲ
1534 1539 1566 1579 ἦν
1579 1545 1596 1579 ἡ
1614 1543 1680 1582 μέθη
1690 1566 1697 1580 ,
1713 1542 1813 1583 μυρίων

1042 1591 1166 1630 γινομένη
1182 1593 1270 1622 κακῶν
1282 1592 1413 1631 ὑπόθεσις,
1421 1593 1466 1623 καὶ
1479 1593 1597 1633 μάλιστα
1609 1593 1671 1623 ὅταν
1686 1593 1754 1633 μετὰ
1766 1604 1813 1622 το·

1045 1641 1143 1678 σαύτης
1156 1643 1288 1681 τολμᾶται
1304 1644 1351 1679 τῆς
1363 1643 1521 1685 ὖπερὸολῆς.

1085 1694 1186 1724 Σκόπει
1194 1698 1266 1735 γοῦν,
1280 1697 1338 1728 πῶς
1347 1695 1415 1735 μετὰ
1427 1695 1562 1736 expiatae
1575 1695 1668 1729 αὐτοὺς
1683 1696 1815 1735 κωμῳδεῖ.

1047 1741 1141 1770 nam
1155 1741 1206 1782 γὰρ
1226 1741 1275 1777 τὴν
1289 1743 1390 1782 ἡμέραν
1404 1743 1442 1775 εἰς
1458 1744 1535 1771 τοῦτο
1548 1742 1713 1771 δαπανᾶσθαί
1727 1753 1817 1782 φησιν.

1046 1788 1087 1817 Οὐ
1105 1786 1156 1828 γὰρ
1169 1787 1232 1819 ὅταν
1249 1790 1472 1828 ἀριστοποιεῖσθαι
1483 1787 1529 1828 δέῃ
1542 1810 1550 1824 ,
1564 1792 1641 1817 τοῦτο
1653 1788 1817 1828 πράττουσι,

1047 1833 1136 1874 φησὶν,
1150 1833 1219 1864 ἀλλὰ
1237 1833 1325 1863 πάντα
1341 1833 1386 1863 τὸν
1407 1834 1496 1874 καιρὸν
1511 1833 1592 1873 μέθης
1605 1837 1739 1867 ποιοῦντες
1753 1845 1817 1863 και-

1049 1880 1102 1921 ρὸν,
1122 1879 1168 1910 καὶ
1185 1880 1216 1909 ἐκ
1228 1878 1373 1920 προοιμίων
1386 1881 1433 1915 τῆς
1445 1880 1548 1920 ἡμέρας
1557 1903 1565 1918 ,
1579 1880 1621 1909 ὅτε
1638 1880 1754 1919 μάλιστα
1768 1881 1817 1909 αὔ-

1049 1931 1102 1959 τοῖς
1125 1925 1266 1966 προσέχειν
1289 1927 1381 1966 ἐχρῆν,
1404 1926 1496 1967 πολλῷ
1517 1929 1556 1966 τῷ
1576 1926 1684 1966 ἀκράτῳ
1704 1926 1818 1959 διδόντες

1049 1972 1174 2009 ἑαυτοὺς,
1191 1975 1237 2003 καὶ
1250 1971 1358 2006 ἄκοντες
1376 1971 1468 2002 λοιπὸν
1482 1973 1528 2002 καὶ
1542 1972 1622 2013 μέχρι
1642 1975 1690 2008 τῆς
1705 1971 1818 2012 ἑσπέρας

1049 2018 1251 2060 ἐναπομένοντες
1263 2021 1302 2059 τῷ
1314 2018 1456 2058 νοσήματι.
1473 2019 1599 2049 Ἐπειδὰν
1610 2018 1662 2060 γὰρ
1677 2019 1746 2053 ἅπαξ
1757 2019 1819 2059 φθά-

1051 2081 1116 2101 σωσι
1130 2070 1370 2104 καταποντισθῆναι
1391 2070 1427 2103 εἷς
1450 2069 1495 2099 τὸν
1516 2071 1567 2105 τῆς
1585 2070 1713 2110 ἀκρασίας
1732 2069 1819 2108 βυθὸν,

1051 2120 1098 2151 καὶ
1109 2121 1162 2151 τῶν
1175 2119 1332 2160 κατὰφύσιν
1344 2120 1477 2150 ἐπιπέσωσι
1489 2122 1599 2161 φρενῶν,
1612 2120 1656 2151 καὶ
1669 2120 1718 2156 τὴν
1731 2120 1819 2161 ψυχὴν

1052 2171 1223 2212 αἰχμάλωτον
1243 2173 1276 2211 τῇ
1297 2175 1400 2211 πονηρᾷ
1413 2173 1461 2207 τῆς
1475 2171 1557 2211 μέθης
1575 2171 1754 2212 παραδώσωσι
1774 2184 1823 2201 τυ-

1019 2227 1038 2251 C
1056 2221 1172 2263 ραννίδι,
1185 2221 1303 2261 καθάπερ
1325 2222 1417 2251 πλοῖον
1436 2222 1638 2262 ἀνερμάτιστον,
1660 2222 1705 2252 καὶ
1723 2221 1822 2262 κυὸερ-

1054 2274 1134 2310 νήτου
1151 2273 1197 2304 καὶ
1216 2275 1316 2302 ναυτῶν
1337 2273 1560 2313 ἀπεστερημένον,
1583 2274 1674 2308 ἁπλῶς
1695 2274 1740 2304 καὶ
1766 2275 1823 2316 εἷκῇ

1054 2325 1178 2366 φέρεται,
1205 2326 1238 2365 τῇ
1259 2325 1310 2355 τῶν
1337 2324 1438 2354 ὑδάτων
1463 2324 1571 2366 ἀτάκτῳ
1595 2325 1666 2366 ῥύμῃ
1687 2329 1824 2367 πανταχοῦ

1053 2376 1243 2416 περιαγόμενον
1251 2387 1258 2394 ·
1271 2375 1316 2405 τὸν
1330 2374 1408 2405 αὐτὸν
1422 2375 1454 2412 δὴ
1467 2376 1563 2416 τρόπον
1574 2377 1620 2407 καὶ
1633 2374 1704 2408 οὗτοι
1716 2378 1767 2408 ὑπὸ
1778 2380 1825 2413 τῆς

1053 2427 1134 2467 μέθης
1148 2426 1305 2467 ὑποὸρύχιοι
1317 2425 1459 2468 γενόμενοι.
1475 2427 1523 2457 Διό
1534 2439 1627 2468 φησιν·
1639 2428 1708 2459 Οὐαὶ
1721 2430 1746 2458 οἱ
1759 2432 1827 2471 ἐγει-

1055 2480 1159 2524 ρόμενοι
1172 2481 1203 2510 τὸ
1215 2480 1304 2521 πρωῒ,
1318 2479 1363 2510 καὶ
1384 2480 1415 2509 τὸ
1435 2479 1528 2520 σίκερα
1547 2480 1692 2515 διώκοντες.
1713 2483 1754 2511 Οὐ
1774 2483 1825 2522 γὰρ

1053 2533 1102 2569 τὴν
1115 2532 1207 2573 χρείαν
1224 2532 1365 2572 ἐπλήρουν,
1387 2531 1446 2560 οὐδὲ
1461 2531 1584 2571 ἀνέμενον
1598 2532 1737 2571 ἐπιθυμίας
1750 2545 1823 2573 γενο-

1057 2584 1136 2622 μένης
1161 2586 1301 2623 πληρῶσαι
1326 2585 1373 2622 τὴν
1394 2585 1504 2622 ἔνδειαν,
1525 2587 1583 2616 ἀλλ’
1602 2586 1677 2626 ἔργον
1692 2588 1826 2616 ἐποιοῦντο
