1904 2840
624 215 657 237 IN
684 212 876 236 MA'H‘RAEUM

918 213 1038 236 nomn„
1067 215 1141 237 xm.

1581 204 1650 252 807

112 281 283 311 mnethm
293 280 332 310 sie
340 280 484 320 intelliges,
494 278 516 308 si
525 288 560 308 ex
568 278 706 308 voluntate
714 284 760 306 tua
772 277 854 307 fuerit
870 279 889 302 Α
905 286 962 305 rem
973 287 1125 317 personam,
1133 288 1193 317 quae
1205 285 1292 318 potest
1303 279 1410 316 resen-e,
1419 278 1466 308 dat
1478 278 1502 308 ei
1516 291 1523 308 ε
1536 279 1651 310 obscuro

111 321 159 350 illa
171 330 239 350 vana
251 320 475 361 eoncupiscentia,
488 325 534 348 aut
546 328 580 348 ex
591 317 744 347 necessitate
753 318 852 347 carnis.

109 361 139 391 Si
151 370 184 390 ex
195 361 331 390 voluntate
343 367 387 389 tua
398 360 461 397 fuit,
471 358 546 388 doles
559 359 582 387 si
594 364 621 388 te
633 358 770 387 facientem
781 357 853 386 elee-

109 407 248 440 mosynam
263 406 334 429 tuam
347 400 440 429 nullus
459 398 564 439 aspexit
580 409 587 426 ε
603 398 626 427 si
638 405 726 427 autem
752 397 852 436 gaudes

108 446 210 480 postea,
225 440 288 479 quia
309 439 475 479 eleemosyna
494 445 540 467 tua
555 437 582 466 in
601 437 706 467 silentio
719 436 786 466 facta
799 443 849 474 est,

107 479 174 509 scito
185 480 248 519 quia
271 479 485 519 concupiscentia
504 484 551 506 tua
570 487 623 506 non
643 477 694 506 fuit
708 485 743 505 ex
761 476 853 506 animo

107 525 166 555 tuo,
181 519 228 549 sed
241 529 276 549 ex
285 519 437 548 necessitate
450 518 537 547 carnis
551 530 558 546 :
574 524 601 546 et
617 516 678 555 ideo
690 516 766 555 quasi
778 515 847 545 zim-

106 558 182 588 nium
191 559 273 588 aruit.
282 559 327 589 sie
335 565 361 588 et
372 558 509 588 continens
517 556 761 597 concupiscentiam
771 565 847 585 suam

105 599 220 638 probare
228 605 328 644 potest.
344 597 374 627 Si
388 609 423 627 ex
439 598 528 626 animo
537 598 599 637 ejus
612 602 651 641 est
664 595 738 635 qnod
750 605 849 640 eoncu—

105 638 202 678 pism't‚
221 649 244 667 si
266 638 345 668 etiam
358 644 501 678 postquam
513 636 647 666 transierit
655 645 740 665 conen
761 644 848 664 iseen-

105 678 152 714 tia,
164 678 328 708 voluntatem
341 678 422 706 babet
433 676 576 716 peccandi:
585 682 649 705 tunc
661 685 697 704 ex
707 685 743 709 vo
757 681 847 704 untate

103 718 163 757 ejus
181 725 221 747 est
243 717 468 758 eoncupiscentia.
485 715 516 745 Si
539 722 627 745 autem
650 713 750 760 gaudet
757 736 765 750 ‚
780 714 844 753 quia

103 767 156 786 non
170 757 313 797 praevaluit
325 757 454 786 adversus
473 766 535 785 eum
555 760 782 794 concupiscentia,
798 753 844 783 sed

103 797 213 826 confusa
234 796 351 832 recessit,
365 796 506 834 intelligat,
521 795 584 834 quia
601 794 731 823 zizanium
744 793 796 822 suit
809 804 844 823 ex

103 837 256 866 necessitate
276 836 366 866 carnis
389 842 492 871 natum,
505 841 532 864 et
543 843 596 863 non
616 834 667 863 fuit
681 833 775 862 animae
786 834 844 873 ejus

101 876 238 906 voluntas.
246 877 315 906 Non
323 876 466 905 habebitis
473 874 630 903 mercedem
638 873 718 913 apud
724 873 843 902 Patrem

102 922 243 945 vestrum.
269 915 343 953 Quid
368 914 440 944 enim
452 925 467 943 a
482 915 539 944 Deo
562 913 676 953 accipies
685 936 693 949 ‚
712 913 760 951 qui
786 914 844 942 Deo
859 921 877 944 Β

100 954 174 985 nibil
186 954 307 985 dedisti?
320 955 390 984 Nam
406 953 479 993 quod
492 959 602 994 propter
615 954 702 982 Deum
725 952 770 987 fit,
787 954 843 982 Deo

97 994 201 1032 datur,
215 1002 242 1024 et
262 995 297 1024 ab
317 1005 349 1024 eo
363 994 490 1034 recipitur
506 1006 512 1022 :
529 992 600 1032 quod
625 1000 716 1022 autem
735 999 844 1032 propter

100 1034 224 1064 hommes
233 1033 275 1072 fit,
288 1035 316 1065 in
327 1041 418 1064 ventos
427 1032 588 1068 effunditur,
602 1039 629 1061 et
641 1044 656 1062 a
669 1032 746 1061 nullo
756 1042 844 1071 spera-

100 1081 157 1104 tur.
169 1073 246 1112 Quid
267 1080 307 1104 est
328 1074 400 1103 enim
420 1073 498 1102 aliud
519 1072 660 1102 hominum
674 1072 747 1108 laus,
762 1078 843 1110 quam

100 1120 243 1143 ventorum
260 1113 457 1143 transeuntium
477 1112 580 1142 sonus?
595 1113 776 1142 Cessaverunt
795 1111 842 1140 ho-

68 1180 71 1182 .
101 1153 186 1183 mines
198 1153 285 1192 loqui,
298 1160 324 1182 et
336 1150 456 1193 perdidit
466 1146 584 1181 fructum
597 1161 687 1188 snum,
702 1151 764 1190 qnia
779 1161 841 1190 pro-

101 1199 162 1232 pter
173 1191 295 1222 homines
307 1193 380 1229 fecit,
393 1199 424 1221 ut
442 1191 478 1221 ab
491 1191 530 1221 eis
543 1190 708 1220 laudaretur.
724 1192 792 1228 Quae
804 1197 844 1219 est

101 1238 191 1262 autem
203 1232 331 1272 sapientia
339 1255 347 1269 ‚
362 1242 403 1261 res
415 1232 491 1268 dare,
505 1238 532 1261 et
543 1231 625 1260 verba
638 1241 722 1260 vacua
735 1240 843 1270 compa·

101 1282 162 1301 rare
174 1283 183 1301 =
197 1278 245 1301 aut
257 1280 327 1302 certe
340 1270 487 1301 mercedem
498 1271 549 1300 Dei
560 1277 726 1300 contemnere
738 1270 766 1299 in
780 1281 842 1310 per-

101 1318 213 1351 petuum
222 1319 370 1341 manentem
380 1311 406 1340 in
417 1310 550 1346 caelis‚et⁸
560 1310 692 1350 fugientes
700 1310 841 1339 hominnm

101 1361 235 1380 sermones
243 1350 341 1396 eligere
348 1351 362 1380 Ξ)
372 1350 471 1380 Melius
478 1356 518 1379 est
525 1349 596 1379 enim
604 1359 657 1378 non
666 1350 751 1379 facere
760 1359 840 1388 quam

101 1397 212 1430 propter
219 1390 340 1420 homines
348 1390 442 1419 facere.
453 1389 507 1426 Qui
517 1389 589 1418 enim
598 1399 651 1418 non
662 1389 735 1426 facit,
744 1396 770 1418 et
778 1389 801 1418 si
814 1389 841 1418 in

100 1429 166 1459 caelo
174 1439 227 1458 non
237 1430 350 1466 invenit,
358 1429 401 1467 vel
410 1439 492 1470 super
498 1435 594 1458 terram
603 1428 672 1457 nihil
681 1428 770 1468 perdit
778 1429 842 1468 :qui

101 1475 189 1499 autem
201 1476 312 1509 propter
321 1469 443 1499 homines
455 1468 529 1506 iacit,
541 1474 567 1497 et
580 1468 607 1497 in
618 1474 688 1497 terra
700 1468 801 1509 perdit,
816 1475 843 1498 et

101 1509 130 1538 in
142 1509 207 1538 caelo
217 1518 270 1538 non
285 1509 394 1538 invenit.
407 1509 460 1539 Vel
475 1508 554 1537 illum
569 1508 669 1567 εεβρίοε,
683 1518 698 1536 a
712 1518 767 1546 quo
779 1509 842 1538 lau·
855 1513 876 1537 C

101 1548 163 1578 dem
175 1555 325 1588 exspectas3
341 1547 408 1588 qnid
420 1549 500 1577 sentit
510 1546 544 1576 de
558 1554 583 1576 te
592 1569 599 1575 .
619 1547 683 1576 Ideo
695 1554 721 1576 te
734 1547 842 1583 laudat,

101 1587 164 1626 qnia
175 1594 286 1628 propter
299 1589 385 1616 Deum
397 1594 423 1616 te
434 1587 520 1616 faeere
530 1592 616 1626 putat.
629 1586 659 1615 Si
669 1592 757 1615 autem
770 1586 846 1616 intel-

101 1627 196 1666 ligeret
209 1626 273 1665 quia
293 1633 403 1666 propter
422 1636 485 1655 eum
504 1625 585 1659 facis,
598 1635 652 1653 non
665 1631 692 1654 te
711 1625 843 1663 laudaret,

102 1665 148 1696 sed
159 1665 323 1711 vituperaret
333 1665 428 1706 magis.
442 1663 518 1702 Quid
528 1674 591 1702 ergo
602 1664 644 1693 illi
655 1664 760 1704 plaeere
771 1665 845 1694 festi-

101 1715 165 1742 nas,
180 1715 228 1744 qui
246 1704 269 1734 si
291 1711 318 1733 te
339 1704 484 1744 aliquando
505 1703 678 1740 intellexerit,
691 1703 845 1734 deridebit?

102 1745 148 1775 Sic
168 1751 207 1774 est
218 1743 311 1779 homo,
324 1744 371 1783 qui
385 1750 494 1784 propter
507 1743 628 1772 homines
640 1743 703 1772 facit
717 1744 819 1774 bonum
836 1756 844 1774 ε

103 1784 172 1813 sicut
185 1783 363 1813 mercenarius
373 1784 471 1821 malus,
481 1783 529 1822 qui
543 1783 611 1812 intra
621 1789 726 1823 tempus
736 1783 846 1813 locatio·

103 1824 146 1853 nis
158 1833 213 1853 sure
227 1822 343 1863 comedit
359 1834 450 1852 omues
471 1822 604 1852 mercedes
618 1833 680 1851 suas
695 1835 700 1851 :
717 1831 779 1852 cum
794 1834 844 1853 au-

103 1870 156 1892 tem
165 1869 286 1902 tempore
303 1863 436 1903 completo
445 1862 592 1899 recesserit,
601 1861 690 1891 nudus
698 1862 844 1902 egreditur.

102 1903 148 1933 Sic
160 1911 224 1942 ergo
240 1912 342 1931 vacuus
360 1902 436 1932 vadit
454 1901 489 1931 ad
510 1903 614 1939 Deum,
630 1901 676 1940 qui
696 1902 846 1932 mercedem

103 1941 224 1972 omnium
237 1941 371 1971 honorum
381 1952 491 1971 suorum
510 1942 629 1981 accipere
641 1941 805 1971 desideravit
816 1943 844 1971 in

104 1981 212 2011 saecnlo.
226 1982 256 2010 2.
277 1982 319 2010 Tu
343 1991 412 2022 ergo
431 1991 496 2011 cum
507 1982 592 2022 sacis
611 1981 828 2018 eleemosynam
837 2005 844 2019 ,

106 2022 168 2050 noli
179 2022 250 2050 tuba
263 2030 368 2050 canere
376 2028 445 2050 ante
458 2027 496 2058 te,
505 2022 580 2050 sicut
591 2021 763 2059 hypocritae.
774 2022 847 2052 Vere

102 2061 176 2090 enim
189 2060 382 2100 subresponsor
392 2067 443 2099 est,
457 2060 506 2100 qui
519 2067 627 2100 propter
640 2060 760 2089 homines
770 2061 844 2090 flacit.

106 2149 196 2179 opere.
207 2140 240 2168 In
249 2139 316 2168 faeie
328 2139 438 2178 quidem
450 2145 561 2180 propter
571 2139 750 2170 necessitatem
761 2140 848 2169 homi-

107 2187 173 2207 nnm
187 2178 260 2214 facit,
273 2184 299 2207 et
310 2178 419 2208 videtur
435 2179 585 2208 misericors
601 2191 608 2207 ι
624 2179 652 2208 in
666 2179 746 2208 corde
759 2186 848 2209 autem

107 2224 217 2257 propter
238 2226 333 2246 vanam
355 2217 468 2256 gloriam
486 2228 562 2247 suam
586 2218 641 2258 agit
650 2242 657 2252 ,
672 2225 697 2247 et
709 2226 749 2248 est
771 2229 848 2248 vanae

109 2257 202 2297 gloriae
213 2262 353 2286 mercator.
368 2257 447 2286 'ruba
466 2257 540 2286 enim
557 2264 598 2286 est
611 2258 697 2286 omnis
719 2265 794 2287 actus
806 2258 849 2287 vel

109 2306 212 2332 sermo,
226 2305 274 2335 per
287 2304 368 2334 quem
388 2297 478 2341 operis
499 2297 619 2325 'actantia
639 2296 847 2326 demonstratur.

110 2337 177 2365 Puu
187 2358 194 2372 ‚
208 2335 256 2374 qui
270 2334 377 2374 quando
387 2335 462 2365 videt
474 2307 592 2372 aiiquem
606 2343 773 2375 praesentem,
787 2336 851 2365 facit

109 2374 223 2405 eleemos
243 2385 320 2411 nam,
334 2381 410 2404 extra
433 2381 521 2404 autem
543 2384 596 2404 non
616 2374 679 2404 facit
694 2387 700 2403 ε
714 2375 766 2404 hoe
786 2375 850 2405 tuba

111 2420 167 2450 est,
180 2425 216 2459 qu
228 2425 244 2444 a
257 2425 305 2454 per
327 2414 378 2443 hoc
389 2415 448 2443 e’us
458 2413 584 2454 jactantia
618 2413 770 2444 raedicatur.
783 2415 849 2445 Item

111 2453 159 2492 qui
182 2453 359 2483 intercedente
381 2425 473 2492 aliquo
497 2453 558 2483 facit
580 2463 593 2482 e
605 2463 788 2493 ecmoeynam,
803 2453 851 2483 ubi

112 2497 200 2521 autem
211 2501 266 2522 non
277 2499 317 2522 est
329 2489 495 2530 intercessor,
509 2503 561 2522 non
574 2493 637 2522 facit
648 2505 656 2521 .·
670 2492 727 2522 haec
739 2503 852 2523 consue-

113 2530 179 2560 tudo
193 2531 263 2562 mala
275 2533 340 2562 tuba
350 2539 400 2563 est.
415 2533 482 2562 Item
495 2532 542 2571 qui
562 2531 585 2561 si
603 2531 702 2562 viderit
720 2532 853 2562 honestio-

904 323 1004 352 autem,
1020 324 1046 346 et
1058 317 1168 356 alligato
1181 319 1294 358 pauperi
1309 318 1480 358 passionibus
1494 318 1564 348 nihil
1578 319 1624 350 dat
1640 333 1647 349 :

904 355 992 385 ethoc
1005 357 1072 386 tuba
1091 364 1148 394 est,
1162 359 1242 387 etiam
1265 358 1287 387 si
1307 359 1334 387 in
1356 359 1414 387 loco
1435 366 1535 388 secreto
1547 359 1649 396 feeerit,

903 406 935 424 eo
950 402 1036 426 tamen
1058 398 1212 436 proposito,
1229 404 1258 426 ut
1272 398 1416 427 laudabilis
1423 398 1548 428 videatur
1563 411 1569 427 :
1584 400 1646 445 pri—

903 445 993 473 mum,
1010 437 1073 475 quia
1095 437 1173 474 fecit,
1189 437 1321 473 secundo,
1338 438 1402 476 quia
1424 438 1550 468 absconse
1566 451 1572 467 :
1589 450 1648 479 lpsa

902 474 1041 505 absconsio
1062 476 1128 505 tuba
1150 484 1189 506 est
1201 477 1374 516 eleemosynae
1386 478 1445 517 ejus
1454 500 1461 512 ‚
1477 485 1502 508 et
1516 479 1648 518 quicquid

902 514 975 544 illud
995 516 1086 545 fecerit
1112 516 1207 553 homo,
1223 527 1270 556 per
1291 517 1362 555 quod
1385 525 1511 556 apparet,
1527 526 1573 547 aut
1588 520 1647 549 vult

901 563 1040 621 apparere,
1055 554 1118 593 quia
1131 556 1205 592 fecit,
1215 556 1281 585 tuba
1294 562 1334 585 est
1347 569 1353 584 :
1369 557 1432 595 quia
1446 567 1494 596 per
1504 558 1575 587 illud
1588 558 1646 598 ipsa

899 603 914 621 e
925 603 1067 634 eemosyna
1083 595 1149 624 dum
1163 596 1208 631 fit,
1224 596 1321 624 clamat
1332 595 1368 624 de
1386 606 1424 625 se.
1440 596 1503 626 Ideo
1517 607 1569 626 non
1584 604 1645 627 tan-

898 639 956 661 tum
971 633 1059 671 locus,
1072 645 1120 663 nec
1140 635 1216 664 actus
1234 642 1349 664 secretus
1363 636 1510 666 servandus
1523 643 1580 673 est,
1597 638 1645 668 sed

899 673 984 711 magis
996 674 1122 703 voluntas
1134 682 1243 704 secreta.
1256 676 1325 704 Nam
1339 675 1366 703 in
1378 676 1452 704 omni
1469 683 1529 705 actu
1544 678 1644 707 carnali

897 711 1022 742 diabolus
1034 714 1157 743 fraudem
1168 715 1253 744 facere
1261 712 1359 754 potest,
1375 715 1402 744 in
1415 715 1471 744 sola
1482 716 1644 746 conscientia

897 762 950 780 non
963 760 1049 792 potest
1061 753 1119 783 fieri
1129 753 1227 783 dolus:
1242 755 1304 793 quia
1316 754 1472 784 hominibus
1486 755 1641 793 suademus,

898 792 954 820 Deo
968 799 1057 822 autem
1073 793 1207 823 manifesti
1219 804 1322 823 sumus.
1338 794 1478 832 Numquid
1494 805 1546 824 non
1561 795 1643 825 intel-

897 831 958 870 ligit
972 832 1052 862 homo
1073 833 1123 862 hoc
1142 843 1200 863 esse
1219 844 1335 870 vanum,
1351 834 1424 872 quod
1438 834 1472 863 ab
1487 835 1642 865 hominibus

895 871 956 900 vult
977 871 1087 902 videri?
1106 872 1161 903 Sed
1193 873 1298 912 cogitur
1316 884 1405 902 amare
1424 874 1498 912 quod
1516 875 1643 915 intelligit

896 921 1003 940 vanumv
1033 912 1108 949 Quid
1130 912 1254 942 miserius
1277 923 1358 951 quam
1385 920 1479 942 natura
1503 913 1641 944 humana?

896 952 984 980 Omne
996 952 1095 980 animal
1106 959 1193 991 potest
1205 962 1294 981 amare
1305 952 1378 991 quod
1389 953 1442 982 sibi
1451 953 1577 992 intelligit
1589 955 1640 983 bo-

897 1000 974 1025 num,
982 997 1007 1020 et
1016 991 1093 1020 odire
1103 991 1177 1030 quod
1190 992 1316 1031 intelligit
1329 992 1430 1021 malum
1441 1004 1450 1021 t
1463 993 1537 1022 solus
1547 994 1639 1030 homo,

897 1030 969 1068 quod
989 1030 1115 1070 intelligit
1136 1031 1256 1068 malum,
1272 1042 1360 1060 amare
1379 1042 1410 1061 co
1431 1032 1499 1067 itur,
1515 1040 1541 1062 et
1566 1033 1641 1063 odire

897 1069 971 1108 quod
985 1070 1111 1110 intelligit
1122 1071 1223 1099 bonum
1241 1083 1247 1099 :
1262 1071 1326 1110 quia
1340 1043 1500 1101 duasfiiabet
1512 1072 1537 1101 in
1551 1082 1579 1102 se
1592 1073 1641 1102 ad-

896 1116 1032 1139 versantes
1045 1117 1163 1140 naturas.
1180 1110 1262 1147 Quod
1274 1110 1347 1140 carni
1361 1111 1458 1150 placet,
1474 1112 1569 1141 animae
1580 1112 1641 1142 dis-

897 1149 995 1188 plicet;
1018 1156 1044 1179 et
1063 1150 1137 1188 quod
1159 1150 1254 1179 animae
1279 1150 1382 1190 placet,
1398 1150 1472 1180 carni
1494 1150 1638 1191 displicet:

897 1195 943 1225 ut,
955 1189 1024 1219 sicut
1037 1190 1074 1219 ait
1096 1189 1165 1225 Job‚
1181 1191 1268 1219 omnis
1284 1190 1340 1219 vita
1362 1197 1450 1219 nostra
1463 1191 1573 1220 tentatio
1594 1192 1637 1221 sit.

896 1227 978 1265 Quod
990 1229 1011 1258 si
1026 1229 1114 1258 omnis
1126 1230 1181 1259 vita
1195 1236 1282 1258 nostra
1301 1230 1409 1259 tentatio
1423 1237 1472 1265 est,
1487 1230 1575 1260 omnis
1585 1231 1640 1260 vita

894 1274 983 1297 nostra
993 1275 1020 1297 et
1034 1269 1139 1298 lucrum
1155 1275 1204 1298 est.
1218 1271 1246 1298 5.
1267 1269 1304 1297 Te
1317 1275 1415 1298 autem
1421 1270 1559 1310 faciente
1568 1271 1641 1299 elee—

895 1317 1068 1345 mosynam,
1089 1309 1200 1337 nescIat
1226 1310 1347 1337 sinislra
1374 1315 1426 1337 tua
1452 1311 1525 1348 quid
1538 1310 1641 1350 faciat

895 1347 1017 1376 dextera
1047 1354 1108 1377 tua.
1137 1347 1305 1378 Jamdudum
1339 1348 1551 1387 significavimus
1583 1350 1640 1379 lnee

894 1387 982 1416 omnia
997 1386 1031 1416 ad
1044 1388 1159 1416 animam
1173 1387 1244 1424 dici,
1260 1398 1313 1416 non
1327 1387 1361 1417 ad
1374 1396 1492 1424 earnem,
1507 1389 1583 1427 quod
1596 1389 1641 1419 hic

894 1437 980 1456 sermo
1002 1427 1139 1456 manifeste
1162 1426 1289 1456 declarat.
1313 1427 1423 1466 Alioqui
1449 1435 1580 1466 quantum
1605 1429 1641 1458 ad

894 1476 1007 1505 corpus,
1023 1466 1158 1505 quomodo
1176 1473 1264 1506 potest
1283 1467 1342 1496 fieri
1363 1473 1393 1495 ut
1411 1467 1509 1496 nesciat
1530 1468 1640 1497 sinistra

894 1505 962 1543 quid
975 1505 1084 1534 dextera
1098 1506 1188 1542 faciat,
1203 1516 1266 1534 cum
1279 1506 1364 1534 ambae
1375 1516 1471 1535 manus
1486 1507 1511 1535 in
1531 1507 1639 1537 ad'uto-

895 1545 966 1573 rium
979 1545 1030 1573 sibi
1044 1544 1160 1574 invicem
1171 1545 1224 1574 sint
1237 1552 1340 1581 creatae,
1356 1552 1387 1574 ut
1401 1545 1482 1574 altera
1499 1546 1574 1575 alteri
1589 1547 1639 1576 ad-

896 1583 1045 1619 ministret,
1066 1593 1115 1612 nec
1138 1585 1192 1613 cito
1218 1584 1372 1613 inveniatur
1396 1595 1464 1623 opus
1488 1585 1562 1623 quod
1587 1597 1640 1615 una

897 1633 991 1652 manns
1003 1622 1060 1652 sine
1078 1623 1160 1652 altera
1175 1623 1260 1663 possit
1273 1623 1407 1663 implere?
1420 1623 1474 1653 Sed
1493 1625 1640 1654 secundum

896 1661 970 1701 quod
982 1661 1103 1691 diximus
1117 1673 1208 1702 supra,
1225 1662 1334 1692 dextera
1348 1672 1442 1692 manus
1462 1670 1503 1693 est
1516 1664 1641 1694 voluntas

896 1701 1009 1738 animae,
1032 1711 1136 1741 semper
1158 1701 1193 1731 ad
1215 1702 1318 1731 bonum
1341 1702 1519 1737 contendens;
1533 1704 1639 1734 sinistra

896 1749 985 1770 autem
1010 1741 1135 1770 voluntas
1161 1741 1262 1777 carnis,
1284 1751 1389 1782 semper
1412 1743 1468 1772 Deo
1495 1744 1639 1773 contraria.

897 1780 1003 1810 Nesciat
1016 1791 1079 1819 ergo
1090 1781 1179 1810 carnis
1190 1781 1325 1816 voluntas,
1341 1780 1415 1820 quod
1433 1778 1496 1812 facit
1514 1783 1640 1813 voluntas

896 1821 1002 1850 animae.
1018 1819 1134 1857 Quando
1155 1831 1219 1860 ergo
1239 1821 1364 1850 voluntas
1376 1827 1416 1849 est
1435 1821 1513 1851 nobis
1525 1822 1640 1852 faciendi

896 1860 1077 1900 eleemosynas
1094 1867 1204 1900 propter
1223 1862 1326 1897 Deum,
1340 1860 1464 1890 voluntas
1480 1868 1520 1891 est
1533 1863 1638 1899 animae,

896 1907 922 1929 et
932 1899 1042 1928 dextera
1055 1910 1149 1929 manus
1162 1906 1261 1930 nostra.
1276 1900 1305 1930 Si
1324 1900 1482 1930 subeuntem
1502 1902 1580 1931 nobis
1593 1912 1641 1931 vo-

897 1940 1026 1968 luntatem
1050 1949 1162 1976 vanam,
1179 1946 1210 1968 ut
1222 1940 1257 1968 ab
1269 1940 1427 1969 hominibus
1440 1940 1596 1978 videamur,
1612 1941 1642 1971 id

898 1986 937 2008 est
949 1978 1112 2008 voluntatem
1123 1978 1221 2015 carnis,
1230 1985 1256 2008 et
1266 1990 1376 2009 manum
1389 1979 1522 2009 sinistram
1536 1991 1640 2020 repres—

898 2020 1023 2053 serimus,
1032 2018 1114 2047 nescit
1123 2019 1226 2048 sinistra
1238 2019 1362 2048 voluntas
1372 2018 1439 2057 quid
1449 2019 1512 2049 facit
1522 2019 1641 2050 dextera.

898 2058 928 2088 Si
942 2065 1031 2095 autem
1056 2058 1215 2096 subeunti-1·
1230 2058 1387 2098 hujusmodi
1408 2069 1483 2088 vanae
1507 2060 1642 2090 voluntati

900 2177 991 2206 nistrae
1006 2175 1078 2215 quod
1092 2175 1199 2206 dextera
1215 2178 1385 2217 operabatur.
1400 2178 1486 2208 Aliter
1498 2186 1584 2215 certe,
1593 2179 1644 2208 sic-

901 2223 931 2245 ut
944 2227 958 2245 a
979 2215 1057 2244 ostoli
1072 2215 1280 2257 interpretantur
1299 2218 1324 2246 iu
1341 2217 1412 2246 libro
1425 2219 1563 2247 Canonium
1576 2241 1583 2253 ‚
1598 2219 1645 2256 qui

901 2262 939 2285 est
971 2266 986 2284 e
998 2255 1141 2295 episcopis.
1154 2257 1268 2286 Dextera
1283 2263 1323 2286 est
1338 2256 1455 2296 populus
1466 2257 1644 2292 Christianus,

902 2295 948 2334 qui
959 2301 999 2324 est
1009 2293 1043 2323 ad
1054 2294 1189 2324 dexteram
1198 2296 1298 2325 Christi
1315 2308 1321 2325 :
1337 2296 1443 2325 sinistra
1458 2303 1545 2324 autem
1560 2297 1646 2325 omnis

903 2334 1032 2374 populus,
1048 2334 1095 2373 qui
1109 2342 1148 2364 est
1160 2334 1195 2364 ad
1209 2335 1355 2364 sinistram.
1371 2336 1426 2364 Hoc
1440 2345 1502 2373 ergo
1517 2334 1583 2363 dicit
1595 2358 1601 2367 ,
1614 2345 1648 2364 ne

903 2373 1086 2404 Christianum
1098 2374 1236 2404 facientem
1249 2375 1452 2413 eleemosynam,
1470 2373 1516 2413 qui
1531 2374 1647 2403 estdex-

905 2420 970 2450 tera,
979 2413 1095 2443 infidelis
1107 2415 1230 2459 aspiciat,
1240 2414 1288 2452 qui
1303 2420 1341 2441 est
1354 2413 1468 2441 sinistra.
1482 2413 1650 2442 Christianus

906 2459 994 2483 autem
1006 2453 1028 2481 si
1042 2453 1225 2483 Christianum
1240 2452 1338 2482 viderit
1357 2452 1537 2490 eleemosynas
1549 2452 1650 2481 facien-

907 2499 977 2529 tem,
991 2502 1043 2521 non
1060 2499 1099 2522 est
1119 2499 1209 2522 contra
1223 2492 1323 2521 Christi
1338 2497 1509 2529 praeceptum,
1526 2491 1653 2529 quoniam

908 2532 986 2562 ambo
999 2531 1093 2561 dextra
1108 2538 1179 2561 sunt.
1191 2533 1219 2561 4.
1233 2531 1290 2560 Sed
1304 2533 1341 2559 sit
1356 2529 1544 2566 eleemosyna
1559 2537 1609 2559 tua
1623 2534 1653 2560 in

149 2616 158 2627 ²
179 2609 207 2633 V.
218 2610 248 2634 1).
259 2615 285 2634 et
296 2609 364 2635 Editi
377 2609 402 2636 in
417 2619 495 2643 marg.
506 2610 627 2643 fugitivos
637 2610 892 2643 harumnavii-aque
904 2610 977 2635 lectio
990 2609 1107 2643 quadrat.

1469 2641 1516 2670 52.

1707 2071 1736 2091 hu
1745 2069 1775 2090 'us

106 2099 190 2129 Aliud
208 2099 280 2129 enim
294 2099 374 2130 babet
393 2100 420 2129 in
434 2100 524 2136 corde,
541 2107 567 2129 et
579 2099 655 2129 aliud
677 2106 804 2130 monstrat
819 2101 845 2129 in
860 2107 882 2131 n
899 2097 1319 2137 consenserimus,conjunximus
1330 2098 1466 2128 sinistram
1480 2099 1642 2129 voluntatem
1653 2074 1747 2123 ,mimus

899 2137 1010 2174 dextrae,
1020 2143 1046 2165 et
1056 2136 1178 2166 dextram
1195 2137 1310 2167 sinistrae
1323 2150 1329 2167 ε
1344 2144 1370 2166 et
1382 2144 1474 2168 notum
1486 2139 1596 2168 fecimus
1609 2140 1643 2169 si·
1654 2154 1728 2170 cxxiv
