1890 2826
101 192 218 215 Canticum

74 231 115 245 eur
141 225 218 245 crimi-

74 255 176 278 nationes

74 286 195 309 contineat.

82 1578 218 1607 Ost-09⁴0.

227 110 273 144 60

228 183 303 214 lectis
320 184 547 221 accusationibus,
562 184 618 214 haee
637 184 710 224 ipsos
721 194 815 214 canere
833 184 890 223 lege
901 194 970 223 prae-

228 232 315 271 cepit;
336 238 363 260 et
387 241 435 260 nos
458 230 593 270 hodieque
617 237 739 260 canentes
763 230 820 260 lunc
842 230 970 260 dicimus.

227 277 284 306 Cur
294 287 358 316 ergo
371 276 571 307 criminationes
592 283 622 306 ut
637 277 772 306 canticum
791 278 949 307 concinnant
958 276 972 304 Ρ

226 323 363 363 Sapientia
376 330 446 353 certe
468 323 510 352 usi
532 322 679 363 spirituali,
690 329 716 352 et
732 323 848 353 multum
867 323 971 352 emolu-

226 371 308 401 menti
331 370 486 401 auditorum
507 370 604 400 animis
629 370 878 402 infer-revolentes.
900 370 971 408 Quia

225 418 298 447 enim
314 417 385 447 nihil
407 417 447 447 sic
458 417 526 447 utile
544 423 595 454 est,
611 424 641 447 ut
659 417 789 448 scelerum
807 417 913 448 assidue
928 428 971 447 re-

226 464 343 501 cordari,
354 464 478 503 nihilque
497 463 654 493 memoriam
667 463 705 493 ita
723 464 830 494 firmam
848 464 929 504 parit,
943 470 972 493 ut

225 510 354 548 melodia,
367 521 402 541 ne
413 510 449 540 ob
470 510 687 540 criminationum
703 510 913 551 magnitudinem
926 517 971 540 tae-

569 123 596 145 S.
623 121 764 145 JOANMS
789 122 972 145 CHRYSOSI‘.
1002 122 1158 145 Aitcuuzl‘.
1185 123 1453 149 CONSTANTINOP.

1023 196 1103 223 γομεν
1129 185 1174 214 καὶ
1190 187 1275 224 ἡμεῖς.
1306 187 1384 221 Τίνος
1408 184 1453 217 οἶν
1473 188 1559 218 ἕνεκεν
1572 189 1620 223 τὰς
1640 188 1798 230 κατηγορίας

1024 230 1095 270 ᾠδὴν
1122 234 1226 261 ποιοῦσι
1239 243 1248 268 ;
1274 233 1360 274 Σοφίᾳ
1383 234 1544 274 κεχρημένοι
1563 237 1730 275 πνευματικῇ
1752 236 1799 267 καὶ

1025 276 1091 306 πολὺ
1106 277 1136 307 τὸ
1150 277 1240 317 κέρδος
1252 278 1363 309 ἐνθεῖναι
1375 283 1434 313 ταῖς
1446 281 1499 310 τῶν
1512 280 1657 310 ἀκουόντων
1671 281 1799 321 βουλόμε-

1024 334 1063 352 νοι
1077 324 1186 363 ψυχαῖς.
1203 323 1315 360 Ἐπειδὴ
1337 325 1389 366 γὰρ
1401 326 1475 355 οὐδὲν
1487 325 1556 355 οὕτω
1568 326 1758 367 χρήσιμον,ὡς
1767 327 1798 357 τὸ

1023 369 1264 408 πλημμελημάτων
1291 372 1442 410 μεμνῆσθαι
1464 373 1589 409 διηνεκῶς
1599 394 1608 409 ,
1636 373 1744 412 μνήμην
1768 373 1796 405 δὲ

1024 415 1096 445 οὐδὲν
1119 416 1188 445 οὕτω
1209 416 1318 456 μόνιμον
1337 418 1373 451 ὡς
1387 417 1504 458 μελῳδία
1527 423 1611 455 ποιεῖ,
1630 418 1674 448 ἵνα
1693 418 1731 458 μὴ
1752 419 1798 450 διὰ

1023 462 1071 499 τὴν
1083 463 1232 503 ὓπερὸολὴν
1241 465 1295 493 τῶν
1306 466 1470 504 κατηγοριῶν
1477 467 1612 498 ὀκνοῦντες
1625 465 1797 505 ἀναδυόμενοι

1023 509 1139 550 φεύγωσι
1152 510 1182 539 τὸ
1193 511 1309 551 συνεχῶς
1326 513 1477 550 μεμνῆσθαι
1488 512 1541 540 τῶν
1557 510 1660 540 οἰκείων
1672 511 1795 552 ἁμαρτη-

224 556 300 585 deret
322 566 375 593 eos,
398 563 425 586 et
451 555 587 586 assiduam
617 563 787 596 peccatorum
814 556 971 586 memoriam
987 560 1007 583 D
1023 555 1128 594 μάτων,
1149 557 1187 596 τῷ
1202 556 1277 594 μέλει
1290 558 1338 592 τῆς
1348 556 1418 596 ᾠδῆς
1434 557 1605 587 ὓποκλέπτων
1619 556 1667 593 τὴν
1685 557 1738 587 ἀπὸ
1747 559 1796 593 τῆς

225 602 440 642 subterfugerent
452 625 460 639 ,
484 602 581 632 cantici
619 601 804 632 modulatione
838 602 972 643 pudorem

225 649 379 689 subripiens
396 660 431 679 ex
450 649 580 678 memoria
602 655 755 689 partum7et
774 649 972 679 intolerabilem

225 705 367 724 moerorem
384 694 496 731 leniens,
515 695 573 724 haec
595 695 697 725 cantica
715 695 790 732 fecit,
800 703 831 725 ut
850 695 974 725 melodiae

224 751 315 771 amore
328 741 412 771 coacti
425 741 460 771 ad
478 752 509 771 ea
519 742 670 781 frequenter
682 742 890 782 pronuntianda,
903 753 972 782 saepe

225 787 336 817 illorum
356 787 572 825 recordarentur,
594 788 752 828 assidueque
770 788 921 819 doctrinam
937 788 972 818 de

225 832 337 862 colenda
350 833 450 863 virtute
463 833 563 864 habere
568 841 606 871 nt,
618 845 714 874 nempe
726 834 862 865 assiduam
875 845 970 875 pecca—

225 886 315 908 torum
328 879 550 909 recordationem.
563 881 644 913 Scitis
664 881 751 920 igitur
769 881 836 915 alios
847 881 970 921 Scriptu-

225 936 261 955 rae
275 925 359 955 libros
377 926 472 955 multis
491 925 626 966 hodieque
642 937 675 957 ne
689 926 723 956 de
734 928 841 957 nomine
861 927 971 967 quidem

226 979 301 1001 notos
315 982 386 1009 esse3
397 972 567 1002 Psalmorum
576 979 666 1002 autem
686 984 756 1014 opus
769 984 861 1003 omnes
884 974 912 1003 in
924 985 971 1004 ore

225 1018 304 1054 ferre,
319 1025 345 1047 et
355 1018 412 1047 haec
425 1018 505 1048 etiam
517 1018 619 1048 cantica
638 1029 646 1046 ε
662 1019 753 1059 sicque
766 1031 800 1050 ex
813 1020 893 1050 rebus
905 1020 970 1061 ipsis

1024 601 1129 641 μνήμης
1143 602 1285 642 αἰσχύνην,
1307 602 1353 631 καὶ
1364 602 1412 639 τὴν
1435 602 1566 643 ἀφόρητον
1579 603 1692 642 ἀθυμίαν
1706 615 1795 643 παρα-

1024 649 1199 687 μυθούμενος,
1216 648 1325 688 ᾅσματα
1342 648 1410 678 αὐτὰ
1432 649 1590 686 πεποίηκεν,
1607 648 1651 679 ἵνα
1664 651 1703 688 τῷ
1721 648 1798 689 πόθῳ

1025 694 1155 735 μελῳδίας
1177 694 1385 734 ἀναγκαζόμενοι
1406 696 1522 735 συνεχῶς
1535 694 1603 725 αὐτὰ
1617 694 1773 735 φθέγγεσθαι
1785 717 1795 731 ,

1023 743 1138 782 συνεχῶς
1153 743 1239 771 αὐτῶν
1254 736 1304 771 ὦσι
1314 745 1324 758 ⁰
1334 740 1507 780 μεμνημένοι,
1521 741 1566 771 καὶ
1577 742 1702 778 διηνεκῶς
1713 741 1796 782 ἔχωσί

1021 799 1080 817 τινα
1095 788 1264 817 διδασκαλίαν
1279 789 1375 827 ἀρετῆς
1397 787 1445 824 τὴν
1466 789 1573 824 διηνεκῆ
1598 789 1651 817 τῶν
1675 788 1795 827 ἁμαρτη-

1023 833 1114 873 μάτων
1128 833 1246 873 μνήμην.
1259 833 1331 863 'lm
1344 837 1420 873 γοῦν,
1445 833 1487 863 ὅτι
1500 833 1545 863 καὶ
1557 836 1600 863 νῦν
1616 833 1650 863 τὰ
1664 833 1712 872 μὲν
1726 833 1795 863 ἄλλα

1021 880 1077 910 οὐδ’
1098 879 1125 914 ἐξ
1146 879 1272 919 ὀνόματος
1286 884 1339 913 τοῖς
1353 880 1460 913 πολλοῖς
1480 881 1537 909 ἐστι
1552 879 1649 910 Βιὸλία
1661 879 1791 919 γνώριμα*

1022 925 1069 962 τὴν
1083 925 1111 955 δὲ
1119 927 1172 955 viiiv
1185 927 1298 966 ψαλμῶν
1312 925 1496 966 πραγματείαν
1511 925 1555 955 ἐπὶ
1569 926 1699 965 στόματος
1711 926 1795 955 ἅπαν-

1021 984 1063 1006 τες
1077 972 1199 1013 φέρουσι,
1222 972 1267 1002 καὶ
1286 971 1365 1005 αὐτὰς
1386 971 1484 1006 ταύτας
1502 971 1652 1013 τὰς’ᾠδάς·
1676 973 1745 1002 οὕτω
1759 973 1793 1001 δι’

1021 1020 1107 1048 αὐτῶν
1121 1021 1172 1048 τῶν
1189 1018 1354 1058 πραγμάτων
1367 1018 1513 1054 δείκνυται,
1528 1017 1608 1048 πόσον
1621 1018 1673 1050 ἀπὸ
1683 1021 1730 1055 τῆς
1744 1031 1795 1058 με·

224 1064 387 1101 ostenditur,
411 1072 541 1104 quantum
559 1076 593 1094 ex
616 1072 697 1095 cantu
718 1066 826 1096 lucrum
849 1066 967 1096 accedat.
987 1069 1005 1093 fl
1021 1065 1118 1105 λῳδίας
1131 1065 1161 1094 τὸ
1173 1064 1264 1104 κέρδος
1278 1064 1342 1095 ἐστί.
1354 1064 1406 1094 Διὰ
1416 1064 1447 1101 δὴ
1457 1067 1535 1096 τοῦτο
1545 1065 1593 1095 καὶ.
1605 1065 1683 1099 αὐτός
1696 1077 1776 1105 φησιν
1787 1078 1793 1085 ·

225 1110 330 1141 Idcirco
343 1111 400 1151 ipse
411 1111 450 1140 ait
463 1123 470 1140 ι
486 1112 618 1141 Cantabo
634 1113 741 1145 dilecto
751 1124 814 1143 meo
825 1115 971 1144 canticum

225 1158 326 1188 dilecti
344 1159 400 1187 mei
415 1159 509 1187 vineae
527 1169 608 1188 meae.
623 1159 778 1189 Canticum
791 1160 910 1198 dilecto,
921 1161 970 1198 ait,

226 1204 341 1232 vineae:
351 1202 464 1232 cantabo
488 1202 559 1232 circa
582 1203 673 1243 ipsum
697 1204 835 1234 dilectum.
863 1205 899 1235 Et
917 1204 972 1245 ipsi

226 1256 315 1283 canto,
328 1248 428 1288 inquit,
439 1255 465 1278 et
478 1257 666 1289 argumentum
687 1251 785 1281 cantici
806 1251 878 1281 circa
891 1251 971 1281 illum

226 1302 252 1325 et
262 1306 304 1325 res
314 1294 350 1324 ad
361 1306 426 1324 eum
439 1302 588 1336 spectantes
601 1304 732 1328 versatur.
750 1298 832 1335 Quod
843 1299 866 1328 si
878 1298 971 1338 objur-

227 1347 337 1380 gaturus
347 1347 373 1370 et
384 1340 513 1371 dilectum
527 1349 605 1372 vocat
616 1349 643 1372 et
661 1350 791 1381 amatum,
804 1354 838 1374 ne
852 1344 967 1375 mireris.

226 1388 296 1417 Nam
311 1394 337 1416 et
350 1387 402 1417 hoc
415 1397 541 1427 magnum
553 1396 594 1418 est
612 1388 648 1418 ad
659 1389 872 1420 criminationem
892 1391 972 1422 viati-

1021 1111 1097 1156 ’ᾼσω
1111 1111 1138 1141 δὲ
1152 1113 1190 1152 τῷ
1203 1110 1368 1151 ἠγαπημένῳ
1389 1106 1463 1151 ᾆσμα
1477 1113 1522 1140 τοῦ
1538 1113 1676 1151 ἀγαπητοῦ
1690 1123 1740 1150 μου
1754 1114 1796 1152 τῷ

1021 1157 1157 1197 ἀμπελῶνί
1176 1169 1236 1197 μου.
1246 1151 1341 1200 ς’ᾼινμα
1350 1158 1388 1197 τῷ
1403 1157 1568 1198 ἠγαπημένῳ
1577 1179 1585 1194 ,
1595 1157 1689 1198 φησὶν,
1704 1159 1794 1197 ἀμπε-

1019 1205 1084 1234 λῶνι
1094 1217 1100 1222 ·
1112 1204 1169 1244 ᾄσω
1180 1203 1240 1243 περὶ
1251 1205 1330 1233 αὐτοῦ
1344 1206 1389 1233 τοῦ
1403 1203 1587 1243 ἠγαπημένου.
1601 1203 1654 1235 Καὶ
1663 1205 1735 1244 αὐτῷ
1742 1203 1794 1244 γὰρ

1020 1250 1084 1291 ᾅδω,
1096 1250 1170 1290 φησὶ,
1177 1249 1223 1279 καὶ
1233 1252 1250 1286 ἡ
1265 1249 1387 1283 ὑπόθεσις
1393 1251 1441 1284 τῆς
1451 1250 1520 1289 ᾠδῆς
1527 1249 1588 1289 περὶ
1597 1250 1677 1279 αὐτοῦ
1689 1249 1794 1279 καὶτῶν

1021 1298 1100 1326 αὐτοῦ
1114 1295 1278 1336 πραγμάτων
1290 1295 1372 1325 ἐστίν,
1396 1295 1430 1325 Εἰ
1447 1295 1474 1325 δὲ
1495 1295 1600 1334 μέλλων
1620 1300 1793 1335 κατηγορεῖν,

1021 1342 1157 1382 ἀγαπητὸν
1171 1343 1247 1372 καλεῖ
1260 1342 1306 1372 καὶ
1315 1341 1486 1382 ἠγαπημένον
1494 1363 1502 1378 ,
1514 1341 1551 1380 μὴ
1567 1340 1713 1382 θαυμάσῃς.
1722 1340 1794 1372 “Kal

1021 1392 1099 1419 τοῦτο
1108 1389 1160 1429 γὰρ
1174 1388 1296 1429 μέγιστον
1310 1387 1470 1428 κατηγορίας
1489 1387 1605 1428 ἐφόδιον,
1621 1388 1662 1417 ὅτι
1676 1387 1708 1424 δὴ
1723 1389 1794 1428 ἄγα-

225 1444 299 1470 eum,
322 1433 396 1473 quod
422 1434 523 1464 scilicet
545 1446 608 1465 cum
634 1435 824 1477 diligerentur,
851 1444 879 1468 et
901 1445 973 1468 tauta
985 1459 1009 1477 ⁶2
1021 1435 1164 1472 πηθέντες,
1178 1435 1223 1464 καὶ
1232 1434 1362 1471 τοσαύτης
1376 1434 1572 1467 ἀπολαύσαντες
1586 1434 1659 1474 παρὰ
1669 1436 1739 1464 Θεοῦ
1749 1436 1796 1470 τῆς

228 1479 380 1509 fruerentur
400 1479 451 1510 Dei
475 1480 672 1518 benevolentia,
687 1493 772 1522 neque
797 1483 838 1513 sic
849 1484 973 1515 meliores
987 1487 1005 1509 A
1023 1482 1137 1517 εὐνοίας,
1153 1480 1212 1511 ⁰¹38?-
1221 1481 1290 1510 οὕτω
1303 1480 1421 1520 βελτίους
1435 1480 1563 1520 ἐγένοντο·
1577 1481 1665 1510 Τοῦτο
1677 1484 1739 1520 γοῦν
1750 1481 1796 1513 καὶ

228 1525 314 1556 effecti
323 1526 387 1555 sint.
395 1527 454 1556 Hoc
463 1533 490 1556 et
498 1527 569 1557 alius
578 1529 707 1569 propheta
720 1530 894 1561 subindicans
905 1532 974 1562 dice-

228 1571 275 1602 bat
291 1583 299 1600 2
316 1573 409 1612 Quasi
430 1584 518 1604 uvam
539 1575 572 1603 in
595 1575 708 1604 deserto
733 1577 834 1606 inveni
860 1579 971 1616 Israel,

230 1620 316 1658 quasi
333 1629 454 1658 scopum
476 1621 509 1648 in
529 1620 592 1659 sicu
611 1631 770 1660 proecocem
784 1624 847 1653 vidi
875 1631 974 1664 patres

230 1674 347 1694 eorum.-
358 1665 489 1705 optabiles
502 1665 565 1695 illos
583 1667 765 1708 amabilesque
788 1681 844 1700 esse
857 1681 906 1710 per
924 1671 975 1700 hos

230 1711 334 1740 fructus
346 1710 467 1741 indicans
484 1724 491 1740 :
506 1712 639 1752 optabiles
650 1736 658 1750 ,
667 1714 976 1757 inquam,amabilesque

231 1766 284 1786 non
297 1767 331 1786 ex
343 1768 392 1787 sua
405 1757 517 1795 virtute,
531 1757 578 1788 sed
593 1770 627 1788 ex
641 1760 691 1790 Dei
705 1761 878 1803 benignitate.
894 1764 976 1803 Quod

231 1809 320 1832 autem
331 1802 407 1841 dicit,
421 1803 577 1844 hujusmodi
593 1812 632 1835 est
649 1819 656 1835 :
673 1807 732 1847 Ego
746 1808 784 1838 ita
796 1809 894 1848 dilexi,
909 1817 940 1840 ut
952 1811 976 1841 si

232 1848 293 1887 quis
309 1859 391 1879 uvam
408 1849 542 1880 invenerit
561 1850 589 1880 in
610 1851 725 1891 deserto,
739 1862 786 1884 aut
802 1855 826 1884 si
845 1857 906 1895 quis
919 1867 977 1886 sco-

231 1905 298 1934 pum
311 1895 440 1934 repererit
452 1897 480 1924 in
491 1896 554 1926 ficu.
566 1897 680 1928 Etiamsi
693 1899 765 1930 enim
777 1900 834 1931 haec
852 1903 976 1943 exempla

233 1939 343 1979 indigna
358 1941 411 1970 sint
432 1943 501 1978 Deo,
512 1949 539 1972 at
559 1942 671 1974 illorum
689 1945 820 1985 ingluviei
839 1955 976 1978 consenta-

233 1997 282 2016 nea
306 1993 379 2016 sunt.
407 1989 476 2028 Ipsi⁴
493 1999 568 2027 vero,
583 1990 629 2026 ait,
654 2001 716 2021 cum
742 1998 814 2022 tanta
835 1993 978 2025 dilectione

234 2032 397 2069 fruerentur,
421 2034 584 2068 abalienati
605 2044 688 2074 sunt,
706 2039 886 2080 ingressique
909 2049 979 2071 sunt

236 2079 276 2110 ad
290 2079 480 2119 Beelphegor.
499 2080 545 2111 Sic
563 2092 627 2111 sane
646 2082 725 2113 illum
747 2084 792 2115 hic
806 2093 884 2117 vocat
907 2087 979 2118 dile-

236 2131 312 2153 ctum
323 2131 349 2154 et
362 2132 491 2164 amatum,
503 2127 644 2158 ostendens
665 2129 755 2160 Deum
778 2132 867 2163 omnia
893 2145 952 2173 quae
963 2146 980 2164 a

237 2170 324 2210 seipso
337 2179 413 2202 erant
437 2174 602 2213 exhibuisse,
613 2186 666 2206 non
679 2177 754 2216 quod
776 2179 829 2220 ipsi
842 2182 980 2221 coeperint,

237 2218 285 2248 sed
298 2218 372 2261 quod
381 2220 455 2249 Deus
465 2220 541 2260 prior
551 2222 658 2252 amarit.
675 2223 722 2253 Illi
733 2235 797 2255 vero
808 2236 895 2266 neque
907 2235 981 2268 post-

239 2275 270 2295 ea
282 2265 380 2305 dignos
401 2276 457 2295 sese
473 2267 603 2298 beneficio
622 2269 820 2312 exhibuerunt;
834 2273 883 2305 sed
901 2284 981 2314 opere

274 2375 285 2387 Β
302 2367 379 2394 Savll.
401 2374 541 2402 μεμνημένοι
562 2372 672 2402 διηνεκῶς.
690 2373 741 2398 Sed
752 2373 806 2401 haec
822 2375 900 2402 lectio
911 2378 999 2403 seriem

241 2405 403 2440 interturbat,
415 2406 515 2433 sublata
534 2408 705 2438 distinctione.
722 2413 809 2439 Morel.
823 2422 890 2442 recte
907 2428 998 2451 μιμνη-

241 2452 313 2485 μένοι,
326 2451 364 2473 καὶ
375 2449 487 2478 διηνεκῶς.

274 2485 285 2500 ¹¹
302 2486 363 2519 Reg.
377 2491 402 2511 et
413 2485 493 2513 Savil.
507 2491 545 2514 καὶ
558 2491 625 2515 τοῦτο
635 2494 750 2523 μέγιστον,
759 2492 852 2519 omisso
861 2500 914 2531 γάρ.

276 2532 286 2549 a
303 2523 332 2560 ἡ,
344 2532 432 2558 oxonia.
448 2526 541 2552 Sensus
555 2533 600 2558 est,
615 2530 690 2562 quasi
702 2532 884 2563 speculatorem
898 2535 996 2568 inficu.

1022 1529 1110 1568 ἕτερος
1121 1527 1258 1568 προφήτης
1272 1526 1448 1566 αἰνιττόμενος
1461 1526 1550 1566 ἔλεγεν
1562 1539 1569 1545 ·
1598 1526 1645 1561 Ὡς
1658 1527 1795 1567 σταφυλὴν

1023 1576 1049 1604 ἐν
1065 1574 1156 1615 ἐρήμῳ
1167 1569 1240 1614 εὗρον
1261 1572 1305 1603 τὸν
1321 1572 1430 1613 Ἰσραὴλ
1439 1595 1448 1609 ,
1471 1575 1524 1607 ’ὥς
1546 1573 1644 1606 σκοπὸν
1677 1574 1704 1603 ἐν
1728 1575 1797 1613 συκῇ

1023 1620 1144 1661 πρώϊμον
1157 1614 1224 1650 εἶδον
1251 1618 1369 1659 πατέρας
1396 1620 1481 1652 αὐτῶν
1493 1631 1499 1637 ·
1523 1619 1554 1648 τὸ
1578 1619 1696 1651 ποθεινὸν
1710 1621 1796 1649 αὐτῶν

1023 1666 1069 1696 καὶ
1083 1666 1228 1707 ἐπέραστον
1243 1665 1287 1695 διὰ
1299 1667 1351 1695 τῶν
1361 1666 1470 1705 καρπῶν
1484 1664 1584 1694 τούτων
1594 1665 1797 1705 ἐνδεικνύμενος·

1023 1712 1142 1742 ποθεινὸν
1157 1712 1184 1742 δὲ
1198 1711 1277 1742 αὐτὸν
1287 1711 1332 1743 καὶ
1346 1710 1491 1751 ἐπέραστον
1505 1712 1534 1741 οὔ
1548 1710 1622 1751 παρὰ
1636 1710 1684 1748 τὴν
1699 1710 1798 1741 οἰκείαν

1024 1758 1136 1799 ἀρετὴν,
1157 1758 1226 1788 ἀλλὰ
1237 1757 1311 1798 παρὰ
1323 1756 1371 1794 τὴν
1385 1759 1431 1787 τοῦ
1443 1758 1513 1787 Θεοῦ
1527 1756 1687 1796 ἀγαθότητα.
1708 1756 1747 1787 Ὃ
1769 1756 1797 1787 δὲ

1023 1805 1095 1845 λέγει
1106 1827 1114 1841 ,
1130 1804 1245 1834 τοιοῦτόν
1260 1805 1332 1833 ἐστιν
1339 1826 1348 1841 ,
1376 1803 1417 1832 ὅτι
1430 1803 1483 1843 ἐγὼ
1497 1802 1545 1842 μὲν
1557 1802 1639 1836 οὕτως
1652 1803 1781 1842 ἠγάπησα
1789 1824 1799 1838 ‚

1024 1853 1060 1884 ὡς
1082 1851 1113 1880 ἄν
1137 1862 1177 1884 τις
1196 1848 1331 1890 σταφυλὴν
1352 1848 1434 1888 εὑρὼν
1457 1849 1484 1881 ἐν
1506 1847 1615 1888 ἐρήμῳ,
1637 1847 1654 1884 ἢ
1667 1850 1703 1882 ὣς
1714 1848 1746 1877 ἄν
1758 1860 1799 1881 τις

1024 1897 1122 1927 σκοπὸν
1136 1898 1163 1926 ἐν
1181 1898 1259 1936 συκῇ.
1275 1897 1309 1925 Et
1321 1894 1373 1938 γὰρ
1383 1894 1428 1927 καὶ
1448 1893 1542 1929 ἀνάξια
1552 1897 1598 1924 τοῦ
1612 1896 1682 1925 Θεοῦ
1695 1894 1730 1924 τὰ
1742 1907 1798 1924 πα·

1027 1942 1190 1983 ραδείγματα
1201 1964 1209 1978 ,
1238 1940 1307 1971 ἀλλὰ
1328 1940 1483 1976 κατάλληλα
1500 1942 1549 1976 τῆς
1570 1940 1675 1973 ἐκείνων
1688 1953 1799 1981 γαστρι·

994 2005 1011 2028 Β
1027 1988 1150 2028 μαργίας.
1175 1987 1256 2017 Αὐτοὶ
1271 1987 1315 2023 δὲ,
1337 1987 1425 2029 φησὶ,
1450 1987 1580 2023 τοσαύτης
1603 1987 1800 2022 ἀπολαύσαντες

1028 2038 1075 2072 τῆς
1087 2034 1205 2074 ἀγάπης·
1233 2033 1487 2075 ἀτιηλλστριώθησαν
1499 2056 1507 2070 ,
1533 2033 1578 2063 καὶ
1603 2035 1724 2070 εἰσῆλθον
1735 2033 1800 2074 πρὸς

1028 2082 1072 2111 τὸν
1088 2081 1251 2122 Βεελφεγώρ.
1276 2080 1358 2111 Οὕτω
1380 2080 1412 2116 δὴ
1434 2079 1480 2111 καὶ
1505 2081 1616 2112 ἐνταῦθα
1628 2079 1800 2120 ἠγαπημένον

1029 2127 1107 2157 αὐτὸν
1123 2128 1199 2157 καλεῖ
1214 2126 1259 2158 καὶ
1271 2126 1406 2166 ἀγαπητὸν
1417 2147 1425 2162 ,
1440 2125 1540 2160 δεικνὺς
1548 2126 1590 2156 ὅτι
1600 2129 1614 2156 ὁ
1625 2126 1672 2165 μὲν
1686 2126 1755 2160 Θεὸς
1767 2125 1801 2157 τὰ

1030 2175 1092 2214 παρ’
1107 2175 1200 2203 ἑαυτοῦ
1220 2173 1309 2205 πάντα
1327 2172 1477 2207 ἐπεδείξατο
1488 2195 1496 2208 ,
1519 2174 1566 2203 οὐκ
1586 2173 1672 2202 αὐτῶν
1687 2171 1801 2213 ἀρξαμέ-

1031 2237 1081 2253 νων
1094 2247 1102 2260 ,
1131 2223 1199 2254 ἀλλὰ
1216 2227 1262 2253 τοῦ
1279 2224 1349 2254 Θεοῦ
1369 2222 1550 2262 ἡγησαμένου.
1574 2218 1690 2253 Ἐκεῖνοι
1704 2223 1731 2253 δὲ
1742 2223 1801 2255 οὐδὲ.

1032 2274 1100 2314 μετὰ
1113 2277 1198 2304 ταῦτα
1211 2273 1297 2308 ἀξίους
1311 2272 1418 2307 ἑαυτοὺς
1441 2275 1488 2309 ἧς
1511 2272 1661 2314 εὐεργεσίας
1683 2273 1783 2308 ἔδειξαν
1792 2295 1802 2309 ,

1048 2378 1113 2403 Nam
1126 2383 1204 2407 σκοπός
1214 2376 1289 2410 paulo
1298 2383 1357 2402 ante
1367 2378 1394 2402 in
1404 2377 1493 2403 eodem
1506 2378 1588 2410 capite
1604 2379 1619 2403 9
1637 2377 1714 2407 Osee,
1731 2386 1756 2402 v.
1776 2378 1800 2408 8,

1048 2422 1085 2442 est
1103 2416 1254 2450 speculator.
1270 2417 1319 2441 Hic
1338 2422 1423 2441 autem
1443 2425 1516 2442 versu
1536 2418 1567 2442 ⁴0
1584 2415 1691 2450 Vulgata
1708 2415 1799 2441 habet:

1048 2457 1212 2490 quasiprt'ma
1221 2454 1436 2489 pomqficulneoe.
1451 2457 1482 2481 In
1499 2454 1606 2482 Hebraeo
1617 2461 1701 2480 autem
1713 2455 1802 2489 legitur

1049 2499 1183 2526 5757222,
1203 2496 1279 2528 quasi
1286 2495 1382 2528 primus
1384 2494 1487 2528 fructus
1490 2495 1624 2530 ficulneae,
1631 2498 1804 2531 quasiprlmo-

1049 2538 1133 2571 genita
1131 2537 1268 2570 ficulneae.
