1904 2840
116 538 183 560 Psal.
201 538 240 560 62.

115 575 214 599 9.—-12.

269 231 337 266 722

266 299 347 321 tuum
359 303 368 319 .-
383 289 505 330 angelus
519 290 597 319 enim
615 289 736 318 Domini
757 288 889 328 gladium
900 289 1010 317 hahens

261 333 325 371 jam
346 332 456 360 secabit
470 336 498 359 te
509 330 645 358 medinm.
663 329 706 358 Et
725 328 902 357 exclamavit
916 329 1011 356 omnis

263 371 388 410 populus
401 379 476 399 voce
497 379 605 409 magna
622 369 720 398 dicens
730 381 738 397 .-
756 368 933 397 Benedictus
946 368 1008 396 Do-

266 412 362 440 minus
382 411 433 450 qui
450 409 547 438 salvat
572 418 671 438 omnes
692 414 841 446 sperantes
862 410 894 436 in
916 417 956 437 se.
968 408 1010 435 Et

265 451 398 480 salvatus
417 456 461 479 est
477 450 597 489 sanguis
611 449 752 490 innoxius
768 449 801 476 in
821 449 869 477 die
885 447 952 477 illa.
978 447 1011 476 Et

266 490 444 529 adimpletum
465 495 505 518 est
526 488 604 526 quod
619 499 633 517 a
656 487 762 518 Davide
786 487 890 517 dictum
903 494 960 517 erat
975 497 1010 516 ex

266 540 378 570 persona
387 530 515 560 Susannae
528 539 534 557 ε
550 530 602 558 Me
611 529 734 567 suscepit
745 528 866 557 dextera
881 534 944 563 tua,·
954 528 1011 566 ipsi

266 580 337 599 vero
359 571 392 598 in
413 579 527 598 vanum
547 571 722 608 quaesierunt
744 569 887 597 animam.
902 577 1008 604 meam,

266 609 360 639 nefarii
371 608 488 638 seniores
506 621 513 637 :
531 609 695 637 introibunt
707 609 740 636 in
749 607 894 648 inferiora
908 614 1007 637 terme.-

267 649 420 679 tradentur
431 650 464 677 in
477 653 598 677 manum
614 648 709 688 gladii
723 659 732 676 ε
747 647 859 686 angelus
877 648 948 677 enim
961 647 1011 677 Dei

265 688 387 728 gladium
400 688 501 718 habens
513 687 679 717 dissecturus
696 694 736 717 est
752 696 798 716 eos
814 699 822 715 ι
835 694 934 727 partes
945 688 1011 717 vul-

263 731 348 770 pium
366 735 462 758 erunt.
480 729 544 758 Rex
565 738 637 757 vero
660 727 810 756 loetabitur
821 729 854 757 in
869 728 944 763 Deo,
957 728 1011 757 Su-

266 779 357 798 sannae
379 768 500 798 maritus.
522 768 707 797 Laudabitur
720 769 815 797 omnis
827 769 879 808 qui
888 768 971 807 jurat
979 769 1013 796 in

266 819 313 844 eo,
329 809 452 844 hoctest,
475 806 524 846 qui
545 807 632 837 credit
648 806 723 847 ipsi:
758 809 809 836 ιιία
833 808 1013 836 obstructum

267 855 310 878 est
323 858 355 877 os
369 848 550 887 loquentium
569 848 686 887 iniqua;
700 857 734 876 ne
761 846 864 876 riorum
877 846 1013 876 seniorum

269 888 361 927 iniqua
381 887 483 917 scilicet
501 897 558 916 ora.
571 887 644 916 Tum
658 896 804 917 conversus
817 893 856 916 cst
868 893 1013 926 parentum

268 928 327 966 ejus
338 927 428 957 luctus
442 927 470 956 in
483 926 613 966 gaudium
622 939 628 955 :
637 926 845 955 maritusDeum
855 925 1013 956 collaudans

268 967 430 1004 exsultabat,
454 965 644 1006 consanguinei
662 964 824 1004 gaudebant,
842 965 925 996 vicini
939 965 1013 995 laeta-

267 1007 377 1043 bantur,
391 1007 487 1036 domus
504 1006 564 1046 ejus
575 1005 662 1035 omnis
673 1005 767 1034 hilaris
780 1012 848 1042 erat,
863 1005 1015 1035 communis

269 1045 384 1085 denique
408 1045 538 1075 festivitas
556 1045 623 1082 Dei,
644 1045 802 1084 angelorum
819 1052 845 1075 et
859 1045 1010 1076 hominum.

269 1086 373 1116 Vidisti
391 1085 418 1114 in
432 1095 544 1125 corpore
557 1084 684 1114 muliebri
696 1084 805 1115 virilem
816 1085 936 1114 animum
945 1085 959 1114 3²
973 1086 1015 1115 vi-

269 1125 333 1154 disti
348 1125 471 1155 mulieris
485 1125 644 1160 castitatem,
658 1125 737 1164 cujus
756 1126 884 1154 memoria
899 1135 962 1154 cum
973 1125 1016 1155 vi-

271 1165 355 1194 ctoria
367 1165 442 1194 vivet
455 1163 634 1193 immortalis?
648 1165 712 1194 Haee
731 1164 766 1193 ab
784 1165 942 1194 hominibus
959 1165 1015 1194 col-

271 1203 379 1233 laudata
393 1211 442 1240 est,
457 1204 491 1232 ab
506 1203 608 1242 angelis
629 1203 760 1232 celebrata
774 1211 824 1240 est,
837 1215 852 1233 a
869 1206 927 1234 Deo
941 1215 1017 1234 coro-

272 1250 332 1272 nata
343 1250 382 1272 est
397 1256 405 1272 ς
419 1243 488 1272 hanc
504 1242 657 1279 imitamini,
670 1242 805 1278 mulieres,
821 1251 852 1272 ut
863 1244 956 1273 eodem
967 1255 1016 1274 vos

272 1282 352 1313 etiam
371 1284 443 1311 Deus
463 1282 564 1312 honore
577 1282 702 1321 dignetur
716 1281 744 1310 in
755 1283 864 1312 Christo
877 1284 942 1313 Jesu
960 1285 1016 1312 Do-

273 1323 347 1351 mino
362 1328 463 1356 nostro,
477 1322 520 1351 cui
535 1321 620 1361 gloria
634 1328 661 1351 et
673 1321 817 1361 imperium
829 1322 856 1351 in
866 1323 963 1352 saecula
972 1333 1018 1352 εω-

274 1362 408 1391 culortm1.
425 1363 521 1391 Amen.

988 223 1125 247 spuma.

1067 289 1260 320 εἰσελεύσονται
1273 290 1310 322 εἷς
1331 287 1365 318 τὰ
1380 287 1523 317 κατώτατα
1537 289 1585 323 τῆς
1604 288 1652 326 γῆς
1665 297 1671 304 ·
1686 283 1836 325 παραδοθή·

1066 342 1157 360 σονται
1168 331 1204 363 εἰς
1216 333 1296 369 χεῖρα
1310 328 1455 369 ῥομφαίας·
1468 326 1560 367 μέλλει
1569 325 1621 367 γὰρ
1635 329 1649 356 ὁ
1662 326 1771 366 ἄγγελος
1787 326 1834 354 τοῦ

1059 370 1214 409 Θεοῦγέγων
1227 368 1276 405 τὴν
1291 368 1422 408 ῥομφαίαν
1441 366 1604 407 σπαράττειν
1624 365 1726 399 αὐτούς·
1748 363 1834 404 Μερί-

1060 411 1101 444 δες
1115 404 1260 438 ἀλωπέκων
1273 408 1385 438 ἔσονται.
1399 407 1434 437 Ὁ
1449 407 1476 436 δὲ
1489 405 1613 447 βασιλεὺς
1626 404 1834 446 εὐφρανθήσεται

1061 451 1105 479 ἐπὶ
1117 451 1155 478 τῶ
1167 450 1230 479 Θεῶ
1242 461 1248 467 ·
1263 451 1278 478 ὁ
1294 447 1361 487 ἀνὴρ
1375 449 1423 483 τῆς
1435 447 1599 481 Σουσάννης.
1613 443 1836 480 Ἐπαινεθήσετοιι

1060 496 1113 523 πᾶς
1127 479 1147 519 ὁΙ
1154 479 1257 528 ὀμνύων
1271 489 1299 517 ἐν
1313 489 1396 527 αὐτῷ,
1411 485 1556 521 τουτέστιν,
1569 488 1584 515 ὁ
1597 485 1729 515 πιστεύων
1741 484 1815 523 αὐτῷ
1827 494 1834 502 ·

1060 530 1103 559 ὅτι
1116 528 1246 569 ἐνεφρᾶγη
1262 527 1350 566 στόμα
1359 525 1510 556 λαλούντων
1523 526 1602 555 ἄδικα
1613 537 1620 544 ·
1633 524 1669 554 τὰ
1681 525 1734 555 τῶν
1747 534 1836 563 παρα·

1038 579 1044 587 “
1060 570 1148 609 νόμων
1165 566 1352 608 πρεσὸυτέρων
1369 566 1447 596 ἄδικα
1461 565 1592 605 στόματα.
1608 564 1678 595 Τότε
1693 561 1835 603 μετεστρί-

1062 621 1124 650 φετο
1142 609 1172 638 τὸ
1184 608 1277 641 πένθος
1290 609 1343 636 τῶν
1375 606 1455 636 ονέων
1472 608 1554 641 αὐτῆς
1569 606 1605 638 εἰς
1622 604 1709 645 χαράν
1722 614 1729 622 ·
1741 605 1756 633 ὁ
1767 601 1836 644 ἀνὴρ

1061 650 1208 689 ἠγαλλιᾶτο
1222 648 1334 682 δοξάζων
1348 658 1392 676 τον
1407 645 1476 676 Θεόν
1488 657 1496 664 ·
1514 646 1539 675 οἱ
1555 648 1690 684 συγγενεῖς
1709 643 1835 683 ἔχαιρον·

1061 692 1086 719 οἱ
1097 689 1211 728 γείτονες
1225 687 1353 726 εὐθύμων
1363 698 1370 705 ·
1382 691 1435 719 πᾶς
1450 688 1464 715 ὁ
1482 681 1552 718 οἶκος
1565 686 1647 720 αὐτῆς
1664 681 1835 723 nomnium,

1061 730 1107 759 καὶ
1127 727 1291 762 ἁπαξαπλῶς
1311 726 1448 764 πάνδημος
1466 721 1499 761 ἦν
1513 724 1591 765 ἑορτὴ
1608 725 1690 760 Θεοῦ,
1705 721 1836 763 ἀγγέλων,

1063 768 1217 808 ἀνθρώπων.
1230 763 1307 800 Εἶδες
1329 767 1356 795 ἐν
1373 765 1515 806 γυναικείῳ
1554 764 1563 776 ’
1653 762 1774 803 ἀνδρείαν
1825 778 1836 783 -

1062 808 1134 849 χήν;
1149 803 1216 841 εἶδες
1233 805 1354 846 γυναικὸς
1368 805 1548 845 σωφροσύνην,
1561 775 1594 842 ἒς
1610 806 1628 839 ἡ
1648 802 1741 843 μνήμη
1797 812 1836 850 νξι

1063 849 1191 880 ἀθάνατος
1210 846 1279 886 μετὰ
1294 845 1386 881 νίκης-ς
1400 845 1475 881 Αὕτη
1490 844 1564 884 παρὰ
1582 843 1726 884 ἀνθρώπιον
1747 842 1760 871 ἕ
1791 840 1837 875 ξα-

1063 891 1113 924 σθη
1122 910 1130 923 ,
1141 887 1216 927 παρὰ
1227 885 1346 926 ἀγγέλων
1359 884 1540 924 ἑμεγαλύνθη,
1555 884 1629 924 παρὰ
1643 885 1706 922 Θεῷ
1723 883 1837 920 ἐστεφα-

1063 927 1134 963 νώθη
1143 938 1149 945 ·
1164 927 1263 962 ταύτην
1275 924 1422 960 ζηλώσατι,
1435 928 1566 964 γυναῖκες,
1580 923 1624 953 ἵνα
1636 925 1683 958 τῆς
1696 922 1779 956 αὐτῆς
1791 921 1837 949 καὶ

1063 969 1139 1006 ὑμεῖς
1157 968 1238 1005 τιμῆς
1258 964 1386 1000 ἀξιώθητε
1407 963 1480 1004 παρὰ
1493 965 1564 994 Θεοῦ
1583 964 1611 992 ἐν
1628 963 1736 1002 Χριστιῖ)
1747 960 1837 995 Ἰησοῦ

1064 1009 1103 1047 τῷ
1115 1006 1206 1046 Κυρίω
1216 1007 1303 1044 ἡμῶν,
1313 999 1336 1044 ᾧ
1349 1006 1366 1039 ἡ
1381 1003 1443 1038 δόξα
1455 1003 1501 1033 καὶ
1513 1003 1543 1033 τὸ
1553 1002 1648 1043 κράτος
1659 1004 1695 1036 εἰς
1706 1000 1766 1034 τοὺς
1779 1001 1838 1029 αἰῶ·

1065 1059 1111 1080 νας
1121 1049 1174 1076 τῶν
1186 1045 1297 1075 αἰώνων.
1310 1043 1402 1083 Ἀμήν.

230 1569 265 1587 611

862 1564 1042 1627 ΜΟΝ
1052 1566 1268 1628 ITUM

655 1701 719 1738 AD
745 1701 988 1738 HOMILIAM
1012 1703 1076 1738 DE
1102 1703 1272 1740 TRIBUS
1297 1703 1477 1740 PUERIS.

316 1829 383 1859 Jure
396 1828 465 1858 hanc
475 1826 617 1857 homiliam
629 1825 765 1856 savilium
775 1826 802 1855 in
817 1827 1070 1867 ἀμφιὸαλλομένοις,
1082 1827 1139 1858 sive
1151 1827 1255 1864 dubiis,
1272 1828 1366 1868 posuit
1382 1840 1389 1857 t
1404 1829 1473 1858 inter
1486 1828 1578 1868 spuria
1589 1838 1656 1859 vero
1670 1828 1771 1858 Fronto
1784 1829 1844 1858 Du-

276 1886 357 1912 caeus,
369 1875 447 1915 cujus
458 1875 516 1904 haec
530 1881 594 1904 sunt
613 1873 695 1904 verba
709 1885 716 1901 :
735 1885 750 1901 ι(
767 1875 857 1911 Quam
873 1875 1025 1913 frequenter
1045 1875 1076 1904 h.
1095 1876 1212 1905 Joannes
1223 1875 1434 1915 Chrysostomus
1444 1881 1470 1905 et
1483 1886 1565 1914 quam
1584 1875 1699 1904 libenter
1712 1875 1740 1904 in
1753 1875 1848 1906 laudes

277 1921 361 1950 trium
371 1931 519 1960 puerorum
527 1919 667 1959 Babylone
681 1919 709 1947 in
723 1919 812 1957 ignem
829 1919 973 1949 missorum
994 1918 1174 1960 digrediatur,
1188 1932 1224 1950 ex
1237 1921 1342 1950 Homil.
1356 1921 1395 1952 18
1404 1921 1432 1950 in
1442 1920 1593 1960 Epistulam
1605 1923 1618 1950 t
1634 1921 1670 1951 ad
1679 1921 1846 1959 Corinthios,

276 1967 296 1996 8
309 1967 336 1995 in
349 1967 438 2006 Epist.
465 1966 500 1995 ad
523 1965 668 2005 Ephesios,
683 1965 703 1994 4
716 1964 752 1994 ad
765 1965 899 2004 populum
915 1965 1123 2002 Antiochenam,
1150 1974 1176 1996 et
1189 1967 1217 1995 in
1229 1966 1336 1997 dictum
1345 1966 1429 2003 illud,
1443 1967 1530 2006 Quod
1539 1978 1624 1997 nemo
1632 1967 1752 1997 loeditur
1762 1968 1818 1996 nisi
1829 1977 1849 1996 a

276 2014 379 2051 seipso,
391 2012 505 2051 aliisque
519 2011 645 2051 pluribus
656 2011 780 2051 cognosci
791 2018 888 2050 potest.
906 2012 968 2048 Quo
982 2012 1072 2041 minus
1085 2012 1179 2042 lectori
1195 2013 1296 2043 mit-nm
1315 2014 1402 2044 videri
1415 2013 1494 2043 debet
1505 2014 1579 2043 hunc
1592 2014 1739 2043 etiamnum
1753 2019 1850 2042 tracta-

277 2065 337 2087 tum
347 2058 381 2087 ab
394 2057 552 2096 antiquariis
564 2057 676 2098 praefixo
685 2058 742 2097 ejus
756 2057 862 2086 nomine
875 2057 944 2087 inter
958 2057 1043 2098 ipsius
1056 2069 1135 2098 opera
1148 2058 1312 2099 descriptum
1325 2059 1450 2100 reperiri,
1465 2059 1513 2098 qui
1528 2059 1639 2088 uberem
1651 2058 1754 2089 Cantici
1766 2058 1850 2087 trium

278 2113 425 2143 puerorum
437 2102 554 2131 continet
566 2102 772 2142 explicationem
785 2103 819 2132 ab
833 2102 894 2132 aliis
905 2103 963 2142 ejus
974 2103 1095 2134 homiliis
1108 2103 1232 2133 nonnihil
1244 2104 1438 2142 discedentem,
1451 2105 1498 2134 sed
1511 2105 1609 2135 veteris
1626 2111 1714 2134 tamen
1735 2104 1852 2144 alicujus

279 2150 395 2180 auctoris
407 2157 433 2179 et
442 2150 634 2189 Chrysostomo
649 2150 730 2179 coaevi
750 2150 830 2179 titulo
843 2150 964 2190 dignam.
982 2151 1141 2192 Exscriptus
1155 2152 1206 2181 suit
1218 2163 1253 2181 ex
1263 2151 1410 2182 Codicibus
1433 2163 1497 2182 mss.
1520 2151 1681 2181 Monasterii-
1693 2152 1851 2182 Graecorum

279 2194 387 2235 Cryptae
402 2196 518 2225 Ferratae
533 2195 559 2224 in
571 2206 635 2234 agro
648 2197 783 2231 Romane,
799 2203 878 2235 atque
887 2196 922 2225 ad
932 2207 980 2226 nos
990 2198 1024 2226 ab
1035 2197 1219 2227 illustrissimo
1228 2197 1311 2228 Card.
1323 2199 1439 2231 Batonio
1450 2198 1548 2227 missus
1558 2211 1566 2235 3
1575 2208 1611 2227 ex
1619 2199 1697 2238 cujus
1706 2197 1734 2227 in
1745 2199 1852 2237 Marty-

279 2241 414 2281 rologium
424 2242 575 2271 Romanum
586 2241 670 2272 XVII
681 2242 837 2271 Decembris
850 2242 1012 2273 doctissimis
1023 2244 1238 2273 annotationibus
1251 2244 1394 2282 discimus,
1407 2245 1441 2274 ab
1455 2244 1601 2275 Athanasio
1611 2250 1664 2273 tres
1677 2253 1775 2283 pueros
1789 2243 1852 2272 illos

281 2295 412 2328 martyres
425 2288 588 2328 Babylonios
607 2287 755 2327 appellar13
771 2298 804 2317 ne
815 2288 947 2318 mirentur
957 2290 1002 2319 hic
1014 2301 1058 2320 eos
1070 2290 1125 2321 dici
1138 2291 1299 2331 martyrium
1310 2301 1366 2321 esse
1380 2302 1483 2332 passos.
1498 2303 1513 2318 u

321 2336 398 2365 Hanc
410 2333 490 2363 etiam
504 2333 641 2374 Dupinius
658 2333 803 2363 Severiano
819 2333 961 2374 adscripsit
975 2347 982 2363 :
996 2342 1022 2364 at
1034 2336 1097 2365 licet
1115 2336 1257 2377 cujusdam
1277 2336 1312 2367 sit
1332 2337 1430 2369 veteris
1450 2335 1589 2377 scriptoris
1602 2336 1795 2375 Chrysostomo
1809 2334 1852 2365 vel

282 2380 393 2421 :equalis
403 2380 448 2411 vel
461 2380 585 2420 supparis
595 2387 681 2417 aetate,
698 2380 800 2419 stylum
813 2380 858 2409 hic
871 2381 1009 2411 severiani
1021 2393 1074 2412 non
1087 2382 1268 2424 deprehendo.

324 2427 510 2467 interpretatio
525 2427 620 2458 Latina
632 2434 671 2457 est
681 2426 824 2458 Frontonis
838 2428 942 2457 Ducaei.

888 2550 1257 2566 W*
