1890 2826
625 194 783 218 SYNOPSIS
809 194 1000 218 SCRIPTURAE
1026 195 1150 220 SACRAE.

104 255 202 297 ἤγαγον
220 258 289 296 ὑμᾶς
302 256 369 296 μετὰ
382 256 541 297 παῤῥησίας.
563 256 630 286 Ἐὰν
654 256 682 285 δὲ
704 256 741 295 μὴ
762 256 877 285 ὑπακού-

105 303 170 340 σητέ
181 314 241 342 μου,
253 302 320 346 μηδὲ
330 302 461 339 ποιήσητε
471 303 505 332 τὰ
514 302 707 342 προστάγματά
719 314 768 341 μου
779 305 875 331 ταῦτα,

105 351 163 380 ἀλλ’
179 349 342 386 ἄπειθήσητε
356 351 460 385 ωᾶτοῖς,
473 349 583 382 καὶτοῖς
593 348 704 389 κρίμασί
719 360 769 387 μου
784 359 872 388 προσ-

104 395 200 436 οχθίοῃ
210 398 228 431 ἡ
239 395 313 435 ψυχὴ
337 397 421 434 ὑμῶν,
442 394 510 425 ὥστε
531 397 600 433 ὑμᾶς
621 394 658 434 μὴ
682 399 766 423 ποιεῖν
786 393 874 427 πάσας

104 442 152 476 τὰς
165 441 270 475 ἐντολάς
284 453 343 480 μου,
357 441 425 471 ὥστε
435 441 606 471 διασκεδάσαι
617 440 665 477 τὴν
674 440 803 476 διαθήκην
812 451 872 479 μου,

1602 191 1671 239 389

933 258 1002 295 ipsis
1020 261 1258 297 repugnaveritis‚
1273 268 1301 290 et
1314 263 1339 290 si
1349 261 1470 301 judiciis
1486 264 1555 290 meis
1569 264 1673 292 adver·-

931 308 1011 331 setur
1027 305 1127 332 anima
1140 311 1250 341 vestra,
1262 307 1305 335 ita
1320 313 1351 336 ut
1364 317 1423 336 non
1430 307 1557 348 faciatis
1575 311 1674 337 omnia

927 355 1072 388 proecepta
1079 361 1154 388 mea,
1164 358 1197 381 ut
1204 353 1346 392 dissipetis
1355 359 1558 383 testamentum
1567 365 1673 390 meum;

930 396 1068 425 inducam
1085 398 1118 425 in
1129 408 1184 427 vos
1205 402 1380 439 angustiam,
1394 401 1532 437 setthim,
1547 406 1575 429 et
1589 403 1674 429 ardo-

929 451 989 470 rem
1008 450 1223 474 consumentem
1241 446 1340 475 oculos
1357 452 1470 476 vestros
1483 457 1490 474 τ
1505 452 1534 475 et
1546 449 1673 476 semina-

106 488 151 518 καὶ
161 487 213 528 ἐγὼ
219 487 323 523 ποιήσω
330 486 488 526 οὖτωςὺμῑν,
494 486 539 516 καὶ
548 486 683 522 ἐπιστήσω
692 487 732 526 ἐφ’
741 488 810 525 ὑμᾶς
822 486 871 522 τὴν
882 501 918 520 3³2
930 489 996 518 bitis
1007 490 1123 529 frustra
1139 498 1293 522 sementem
1304 499 1443 529 vestram,
1455 499 1484 521 et
1503 493 1564 522 haec
1579 503 1672 522 come-

107 534 229 574 ἀπορίαν,
243 533 291 569 τήν
305 545 334 562 τε
344 533 445 573 ψώραν,
457 531 554 562 καὶτὸν
566 532 668 573 ἴκτερον
680 531 872 572 σφακελίζοντα

106 579 166 613 τοὺς
175 578 323 620 ὀφθαλμοὺς
334 580 417 617 ὑμῖν·
432 577 477 608 καὶ
486 582 607 617 σπερεῖτε
619 578 782 616 διακενῆςῆτὰ
796 577 875 618 σπέρ-

107 637 181 664 ματα
189 627 272 664 ὑμῶν,
278 624 323 654 καὶ
330 624 431 653 ἔδονται
440 625 524 653 ταῦτα
536 624 558 653 οἱ
570 623 720 653 ὑπεναντίοι
727 625 811 662 ὑμῶν.
820 623 874 653 Καὶ

108 672 177 701 οὕτω
202 670 324 711 περιέχον
344 670 375 699 τὸ
390 669 500 709 βιὸλίον,
515 672 599 699 ταῦτα
622 669 689 708 μετὰ
702 670 755 698 τῶν
774 670 873 698 λοιπῶν

101 717 313 757 προσταγμάτων
344 715 390 746 καὶ
409 716 521 745 ἐντολῶν
547 717 693 745 τελειοῦται
716 716 743 744 ἐν
763 714 873 748 τούτοις.

318 819 439 839 ΣΥΝΟΨΙΣ
455 818 511 839 ΤΩΝ
528 818 654 839 ameum*
658 830 664 836 .

142 901 154 914 ⁸
163 897 307 928 Κελεύεται
317 899 435 934 Μωῦσῆς
446 884 593 938 ἀριθμῆσαι
606 896 651 926 τὸν
662 896 725 927 λαὸν
740 897 793 926 ἀπὸ
804 887 878 926 eim-¹

102 944 211 977 σαέτσυς
221 943 267 974 καὶ
282 943 386 980 ἐπάνω,
405 943 451 973 καὶ
466 939 535 980 ἦσαν
549 943 684 977 ἑξακοσίαι
694 943 813 982 χιλιάδες
826 942 871 972 καὶ

101 989 243 1029 τρισχίλιοι
252 1012 260 1026 ,
273 988 319 1018 καὶ
330 989 461 1024 ἑξακόσιοι
471 989 517 1018 καὶ
530 989 695 1024 πεντήκοντα
715 989 796 1029 χωρὶς
820 990 872 1017 τῶν

103 1036 232 1064 Λευιτῶν.
250 1035 469 1074 Γενεαλσγοῦνται
486 1037 510 1063 οἷ
529 1036 654 1070 Λευῖται,
669 1034 715 1063 καὶ
728 1036 869 1073 ἀριθμοῦν-

103 1093 148 1111 ται
157 1103 165 1117 ,
185 1081 231 1110 καὶ
241 1077 310 1117 ἦσαν
323 1081 405 1110 εἰκόσι
418 1081 464 1110 δύο
476 1081 594 1121 χιλιάδες
614 1081 667 1110 ἀπὸ
691 1080 813 1119 μηνιαίου
827 1080 872 1110 καὶ

104 1126 202 1156 ἐπάνω,
217 1126 328 1163 Ἐπειδὴ
350 1126 377 1155 δὲ
391 1128 416 1156 οἱ
431 1127 595 1166 πρωτότοκοι
614 1126 725 1165 Ἰσραὴλ
744 1126 873 1155 εἰκοσιδύο

105 1173 222 1213 χιλιάδες
234 1168 302 1209 ’ἦσαν
314 1172 360 1202 καὶ
372 1177 442 1212 τρεῖς
453 1172 498 1202 καὶ
510 1171 638 1202 διακόσιοι
651 1172 696 1202 καὶ
711 1172 873 1211 ἑὸδομήκον-

105 1230 157 1253 τα,
179 1218 236 1248 ἀντὶ
256 1219 309 1247 τῶν
331 1219 464 1258 περισσῶν
479 1218 557 1247 ἔλαὸε
578 1218 662 1258 λύτρα
682 1219 814 1253 Μωῦσῆς,
828 1218 874 1247 καὶ

64 1295 68 1299 f
107 1264 211 1294 δίδωσιν
233 1263 342 1303 Ἀαρών.
365 1263 410 1294 Τὰ
431 1264 459 1294 δὲ
481 1263 565 1304 λύτρα
583 1260 616 1300 ἦν
633 1264 714 1304 χίλιοι
729 1263 873 1303 τριακόσιοι

106 1309 232 1346 ἑξήκοντα
245 1310 325 1340 πέντε
335 1309 421 1340 σίκλοι
431 1309 500 1339 κατὰ
519 1310 645 1349 κεφαλήν.
658 1310 802 1339 Διατάσσει
815 1310 874 1339 τίνα

105 1358 265 1396 λειτουργεῖν
280 1357 336 1392 δεῖ,
359 1355 427 1389 τίνες
441 1357 550 1386 Λευῖται
569 1356 716 1396 ὀφείλουσιν
740 1351 820 1385 εἶναι·
844 1357 873 1385 οὐ

106 1401 156 1442 γὰρ
172 1402 269 1436 πάντες
287 1404 334 1438 τ’ῆς
352 1403 434 1437 αὐτ-’ἥς
451 1402 561 1438 ἠξίωντο
576 1404 662 1441 τιμῆς.
677 1401 766 1431 Ἄλλοι
781 1401 829 1440 μὲν
840 1402 874 1430 τὰ

106 1448 250 1488 τιμιώτερα
262 1450 314 1478 τῶν
327 1450 427 1478 σκευῶν
445 1450 493 1484 τῆς
512 1451 627 1484 σκηνῆς,
644 1449 668 1477 οἱ
683 1447 710 1477 δὲ
724 1448 757 1477 τὰ
770 1448 873 1477 ἐλάττω

107 1494 301 1535 ἕνεχειρίζοντο.
312 1493 493 1533 Ἔγενήθησαν
506 1494 534 1523 δὲ
547 1495 572 1523 οἱ
583 1496 693 1523 Λευῖται
706 1495 730 1523 οἱ
742 1495 788 1522 ἀπ’
803 1495 870 1523 εἰκο-

107 1540 215 1574 σαέτους
233 1540 279 1569 καὶ
296 1539 384 1569 ἐπάνω
393 1560 402 1574 ,
417 1539 442 1568 οἳ
453 1539 497 1568 καὶ
511 1539 700 1579 ἐλειτούργουν,
713 1539 760 1572 ἕως
773 1550 874 1575 πεντη-

108 1585 261 1619 >tome-tou<
270 1608 278 1623 ,
301 1584 495 1625 ὀκτακισχίλιοι
520 1585 689 1614 πεντακόσιοι
713 1585 875 1624 ὀγδοήκοντα

108 1636 185 1671 τρεῖς.
207 1631 277 1661 Τότε
297 1631 400 1661 κελεύει
421 1631 508 1660 πάντα
530 1630 677 1670 ἀκάθαρτον
692 1631 875 1665 ἐξαποστεῖλαι

108 1680 155 1713 τῆς
168 1677 339 1717 παρεμὸολῆς
350 1701 358 1712 ,
372 1677 418 1706 καὶ
429 1675 491 1716 Ιπερὶ
505 1676 595 1710 θυσίας
608 1679 655 1712 τῆς
669 1676 734 1716 ὑπὲρ
746 1677 874 1715 πλημμε-

107 1723 179 1756 λείας
196 1722 360 1762 διαλέγεται,
376 1722 422 1752 καὶ
439 1722 483 1763 τὸν
501 1724 548 1757 τῆς
566 1721 723 1757 ζηλοτυπίας
744 1722 876 1751 διατάττει

107 1769 196 1807 νόμον,
207 1768 276 1798 ὥστε
294 1769 331 1807 μὴ
346 1767 562 1807 συκοφαντεῖσθαι
575 1771 687 1806 γυναῖκα
705 1767 748 1796 ἐπὶ
761 1767 875 1807 μοιχείᾳ,

109 1814 177 1852 μήτε
192 1817 373 1854 μοιχευθεῖσαν
394 1813 518 1843 δύνασθαι
539 1813 638 1843 λαὸεῖν.
653 1813 720 1853 Περὶ
735 1815 782 1848 τῆς
796 1814 876 1852 εὐχῆς

108 1863 153 1889 τοῦ
174 1861 305 1899 ἁγιασμοῦ
329 1859 511 1895 διατάττεται,
535 1859 580 1888 κα).
600 1860 657 1892 πῶς
679 1859 717 1888 δεῖ
738 1859 782 1888 τὸν
803 1859 876 1899 ἱερέα

109 1907 223 1946 εὐλογεῖν
247 1906 307 1939 τοὺς
331 1905 401 1939 υἱοὺς
413 1906 531 1946 Ἰσραήλ.
550 1905 597 1938 Ὡς
618 1905 645 1934 δὲ
666 1906 730 1940 ἔστη
742 1907 759 1940 ἠ
773 1905 873 1941 σκηνὴ,

108 1954 234 1992 περιῆγον
247 1954 270 1981 οἱ
282 1952 407 1992 ἄρχοντες
419 1952 490 1991 δῶρα
501 1951 587 1980 πολλά
600 1963 628 1980 τε
640 1951 685 1979 καὶ
697 1950 811 1990 μεγάλα.
828 1952 875 1980 Κε-

108 1997 213 2027 λεύεται
234 1999 352 2033 Μωῦσῆς
375 1996 481 2036 ἁγνίσαι
505 1996 565 2030 τοὺς
578 1996 703 2032 Λευίτας,
722 1996 768 2025 καὶ
786 1996 875 2025 ἀκούει

109 2043 149 2072 ὅτι
162 2044 215 2073 ἀπὸ
226 2043 390 2077 εἷκοσαέτους
402 2044 439 2072 δεῖ
451 2042 544 2076 αὐτοὺς
554 2044 713 2082 λειτουργεῖν
725 2042 769 2071 καὶ
778 2042 875 2077 ἐπάνω,

110 2089 162 2118 ἀπὸ
172 2090 199 2119 δὲ
212 2089 452 2124 πεντηκονταέτους
466 2088 625 2128 ἀφίστασθαι
639 2091 686 2123 τῆς
699 2088 872 2128 λειτουργίας.

109 2134 219 2164 Κελιύει
233 2136 320 2168 αὐτοῖς
332 2137 346 2164 ὁ
356 2135 424 2168 Θεὸς
445 2135 487 2164 διὰ
504 2133 639 2167 Μωϋσέως
656 2135 767 2169 ποιῆσαι
778 2134 808 2163 τὸ
820 2135 875 2163 πά-

110 2192 172 2220 σχα.
187 2179 254 2209 Εἰπὲ
273 2181 325 2220 γὰρ
335 2203 342 2217 ,
363 2180 442 2220 φησὶ,
463 2180 507 2209 καὶ
529 2179 687 2209 ποιείτωσαν
702 2179 752 2208 υἱοὶ
767 2179 876 2219 Ἰσραὴλ

108 2226 139 2255 τὸ
156 2225 257 2265 πάσχα.
267 2221 320 2255 ’Ἦν
334 2225 385 2265 γὰρ
398 2227 500 2265 πρῶτος
521 2225 574 2264 μὴν
597 2228 642 2255 τοῦ
661 2225 780 2265 δευτέρου
795 2225 875 2258 ἔτους.

109 2273 264 2311 Προσῆλθον
285 2271 350 2300 δὲοὶ
369 2270 513 2310 ἀκάθαρτοι
530 2273 655 2307 Μωῦσεῖ,
678 2271 723 2300 καὶ
748 2271 875 2310 ἀνήνεγκε

109 2318 169 2357 περὶ
185 2319 270 2347 αὐτῶν
284 2319 322 2357 τῷ
336 2318 408 2356 Θεῷ.
426 2317 480 2346 Καὶ
493 2317 651 2357 προσέταξεν
666 2320 680 2346 ὁ
698 2317 765 2350 Θεὸς
778 2317 823 2347 τὸν
837 2317 875 2356 μὴ
889 2358 892 2361 Δ

141 2416 153 2428 ι
170 2408 274 2433 Initium
291 2407 350 2432 libri
368 2408 534 2432 Numen-orum
551 2407 578 2432 in
593 2406 755 2440 Lugdunensi
771 2406 864 2432 Codice

109 2448 145 2472 sic
161 2446 239 2471 babet.
257 2459 262 2472 ι
285 2445 381 2482 Ᾰριθμοὶ
400 2449 502 2473 καλεῖται
522 2450 548 2472 τὸ
565 2449 664 2480 βιὸλίον,
684 2448 759 2476 enus&
782 2448 865 2475 ἑκάστη

110 2489 168 2521 φυλὴ
179 2489 203 2512 ἐκ
214 2490 388 2520 προστάγματος
398 2489 479 2519 Κυρίου
489 2488 608 2519 μετρεῖται
615 2491 621 2498 ·
635 2488 672 2511 καὶ
683 2488 695 2511 ὁ
703 2489 799 2520 ἀριθμὸς
807 2496 866 2512 παν-

111 2530 149 2554 τὸς
158 2528 199 2552 τοῦ
210 2528 265 2551 λαοῦ
280 2529 302 2551 tu
313 2528 386 2558 τούτῳ
403 2531 435 2558 τῷ
453 2527 532 2558 βιὸλίῳ
546 2527 660 2554 δηλοῦται.
677 2529 697 2551 οἱ
710 2527 734 2551 δᾶ
744 2529 866 2560 ἀριθμοῦν-

111 2575 147 2594 τις
159 2567 223 2594 ἦσαν,
233 2569 272 2590 τὸν
280 2567 323 2597 μὲν
335 2567 388 2591 λαὸν
396 2570 490 2594 Μωϋσῆς
500 2567 536 2590 καὶ
548 2562 628 2599 Ᾰαρὼν
639 2568 675 2591 καὶ
687 2566 724 2591 σὺν
731 2567 804 2594 αὐτοῖς
814 2567 865 2590 ἐκά-

231 2619 303 2638 ΤΟΜ,
328 2620 370 2638 vl.

891 530 912 552 A
929 533 1000 561 dent
1017 534 1112 563 hostes
1124 537 1226 565 vestri.
1246 537 1299 566 Ista
1318 536 1435 566 continet
1448 536 1493 566 hic
1511 536 1591 573 liber,
1611 548 1673 566 cum

929 578 990 607 aliis
1003 579 1137 608 mandatis
1150 587 1176 610 et
1187 581 1338 621 praeceptis,
1352 581 1380 610 in
1393 581 1489 621 hisque
1503 582 1671 611 terminatur.

1123 821 1251 840 §Yuorsm
1277 823 1480 842 NUMERORUM.

967 896 1084 926 Jubetur
1096 898 1204 937 Moyses
1215 907 1357 927 numerare
1368 898 1501 937 populum
1514 908 1529 926 a
1542 897 1674 937 vigesimo

926 950 996 970 anno
1018 948 1045 971 et
1065 952 1159 982 supra,
1174 949 1302 981 erantque
1321 949 1444 972 sexcenta
1457 942 1507 972 tria
1521 943 1608 972 millia
1623 944 1673 972 ho-

926 986 1042 1024 minum,
1055 994 1081 1016 et
1095 989 1211 1018 sexcenti
1226 988 1432 1028 quinquaginta,
1448 995 1544 1027 praeter
1555 989 1673 1018 Levitas.

891 1033 909 1055 B
927 1032 1090 1072 Genealogia
1102 1034 1269 1070 Levitarum,
1284 1033 1332 1072 qui
1347 1040 1532 1069 numerantur,
1548 1041 1675 1072 erantque

927 1078 1023 1118 viginti
1049 1079 1105 1108 duo
1126 1079 1201 1108 mille
1222 1079 1333 1109 trecenti
1350 1090 1366 1108 a
1381 1079 1451 1109 natis
1471 1089 1526 1109 uno
1547 1090 1636 1109 mense
1650 1088 1675 1109 et

925 1134 1018 1164 supra.
1042 1125 1114 1162 Quia
1135 1135 1201 1155 vero
1222 1125 1396 1165 primogeniti
1419 1125 1529 1155 Israfflis
1543 1132 1617 1154 erant
1631 1126 1673 1155 vi-

927 1170 994 1208 ginti
1016 1170 1071 1200 duo
1091 1170 1168 1200 mille
1180 1170 1288 1200 ducenti
1308 1171 1474 1210 septuaginta
1493 1177 1557 1207 tres,
1579 1182 1629 1210 pro
1643 1171 1676 1200 iis

927 1216 975 1253 qni
998 1226 1143 1246 numerum
1156 1217 1330 1250 ,excedebant
1352 1217 1548 1257 redemptiones
1573 1219 1676 1257 accepit

927 1263 1035 1302 Moyses
1058 1262 1187 1302 deditque
1210 1264 1322 1293 Aaroni.
1353 1263 1562 1304 Redemptiones
1587 1271 1675 1294 autem

926 1315 1002 1337 erant
1022 1308 1098 1337 mille
1118 1309 1230 1339 trecenti
1248 1309 1386 1346 sexaginta
1405 1309 1525 1348 quinque
1545 1310 1605 1339 sicli
1628 1321 1676 1350 pro

927 1354 1058 1392 quolibet.
1071 1354 1195 1394 Praecipit
1208 1355 1332 1396 quisnam
1351 1366 1408 1384 rem
1421 1366 1523 1389 sacram
1537 1356 1612 1385 obire
1626 1356 1673 1385 de-

927 1400 999 1437 beat,
1020 1410 1151 1438 quosnam
1174 1410 1231 1430 esse
1250 1407 1371 1440 oporteat
1392 1401 1521 1430 Levitas:
1537 1412 1590 1430 non
1605 1402 1675 1431 enim

928 1456 1019 1475 omnes
1037 1445 1130 1475 eodem
1148 1446 1250 1475 honore
1270 1446 1463 1486 dignabantur.
1484 1447 1554 1476 Aliis
1575 1448 1674 1487 pretio-

929 1491 1000 1521 siora
1014 1502 1077 1522 vasa
1090 1492 1268 1529 tabernaculi,
1283 1492 1345 1522 aliis
1358 1493 1463 1522 minora
1476 1493 1673 1523 concredehan-

929 1544 983 1566 tur.
1005 1539 1127 1567 Fuerunt
1151 1545 1240 1567 autem
1263 1539 1363 1568 Levitae
1382 1549 1397 1566 a
1417 1538 1545 1578 vigesimo
1566 1549 1634 1568 anno
1649 1547 1674 1568 et

929 1594 1021 1623 supra,
1042 1583 1091 1622 qui
1113 1583 1312 1620 ministrabant,
1335 1594 1420 1622 usque
1433 1583 1468 1613 ad
1481 1584 1672 1623 quinquagesi-

930 1640 1005 1658 mum
1018 1639 1130 1666 annum,
1141 1635 1200 1658 octo
1216 1629 1293 1658 mille
1311 1629 1450 1668 quingenti
1461 1629 1594 1668 octoginta
1607 1637 1671 1659 tres.

930 1676 1007 1704 Tunc
1024 1675 1102 1714 jubet
1123 1684 1229 1703 omnem
1252 1673 1423 1703 immundum
1443 1674 1562 1704 emittere
1575 1684 1610 1704 ex
1630 1686 1672 1704 ca-

931 1720 1002 1758 stris,
1018 1726 1044 1749 et
1057 1720 1091 1749 de
1104 1719 1234 1749 sacrificio
1247 1730 1296 1759 pro
1309 1720 1408 1749 delicto
1424 1720 1556 1759 loquitur,
1573 1721 1673 1760 legem-

931 1777 983 1805 que
994 1766 1134 1806 zelotypiae
1147 1766 1256 1800 statuit;
1273 1773 1302 1795 ut
1313 1776 1398 1805 neque
1412 1766 1545 1795 calumnia
1558 1767 1672 1807 impete—

931 1819 1004 1842 retur
1024 1812 1123 1841 mulier
1146 1811 1217 1841 circa
1239 1811 1422 1848 adulterium,
1445 1821 1530 1850 neque
1551 1812 1672 1842 adultera

930 1857 1011 1887 latere
1023 1863 1122 1897 posset.
1135 1858 1176 1886 De
1189 1856 1340 1896 precatione
1351 1857 1568 1886 sanctificationis
1578 1858 1672 1887 statui-

929 1910 983 1939 tur,
997 1910 1023 1932 et
1037 1901 1172 1942 quomodo
1193 1909 1312 1942 oporteat
1331 1902 1495 1932 sacerdotem
1515 1903 1672 1933 benedicere

931 1949 1001 1979 filios
1012 1949 1106 1979 Israe'l.
1122 1948 1180 1979 Ubi
1193 1955 1283 1978 autem
1296 1948 1367 1978 stetit
1379 1949 1592 1985 tabernacuhun,
1605 1957 1672 1979 attu-

930 1995 1020 2024 lerunt
1040 1994 1175 2035 principes
1197 1993 1268 2023 dona
1280 1994 1365 2023 multa
1383 2004 1541 2033 magnaque.
1555 1995 1671 2025 Jubetur

930 2042 1038 2080 Moyses
1050 2039 1214 2070 sanctificare
1234 2039 1352 2077 Levitas,
1368 2039 1497 2079 auditque
1512 2051 1527 2069 a
1540 2041 1670 2080 vigesimo

929 2097 998 2116 anno
1017 2093 1043 2116 et
1062 2096 1143 2126 supra
1157 2092 1281 2126 oportere
1296 2085 1367 2125 ipsos
1381 2085 1543 2124 ministrare,
1559 2098 1575 2116 a
1585 2088 1671 2125 quin-

929 2133 1083 2172 quagesimo
1095 2138 1185 2161 autem
1198 2141 1268 2161 anno
1281 2143 1297 2161 a
1311 2131 1458 2162 ministerio
1471 2143 1580 2162 cessare.
1598 2135 1669 2162 Prae-

929 2179 1001 2219 cepit
1019 2178 1085 2219 ipsis
1105 2179 1178 2207 Deus
1200 2188 1248 2218 per
1266 2179 1389 2217 Moysem
1402 2185 1431 2207 ut
1449 2178 1547 2218 pascha
1561 2179 1667 2208 saciant.

931 2225 1004 2260 Dic,
1015 2223 1119 2263 inquit,
1133 2229 1162 2252 et
1165 2224 1290 2265 saciant
1293 2223 1360 2263 filii
1370 2224 1464 2253 Israe‘l
1470 2225 1591 2263 pascha.
1605 2225 1669 2253 Erat
1679 2246 1702 2268 Ν
1726 2254 1747 2267 ’,Β
1760 2253 1782 2275 9-
1797 2253 1808 2266 ,ι

929 2271 1001 2301 enim
1023 2269 1126 2310 primus
1148 2269 1246 2299 mensis
1266 2268 1376 2298 secundi
1397 2269 1470 2298 anni.
1497 2271 1671 2298 Accesserunt

929 2323 1018 2347 autem
1037 2315 1172 2346 immundi
1185 2315 1221 2344 ad
1234 2316 1368 2354 Moysem,
1385 2321 1410 2343 et
1434 2314 1532 2344 obtulit
1544 2326 1594 2354 pro
1616 2315 1671 2344 illis

915 2419 967 2436 στης
980 2409 1048 2442 φυλῆς
1061 2410 1146 2441 ἅρχων.
1161 2409 1198 2431 καὶ
1214 2407 1225 2430 ὁ
1244 2408 1338 2439 ἀριθμὸς
1353 2408 1394 2430 τοῦ
1412 2406 1546 2435 πολεμιστοῦ
1558 2406 1612 2429 λαοῦ
1629 2408 1673 2430 ἀπὸ

915 2450 1052 2475 elnone-1004
1071 2449 1108 2471 καὶ
1122 2449 1168 2471 ἅνω
1184 2447 1295 2475 ἑξακόσιαι
1312 2444 1409 2475 χιλιάδες
1418 2446 1455 2467 καὶ
1468 2442 1500 2476 ρ’.
1513 2445 1549 2467 καὶ
1563 2442 1590 2466 ν’,
1606 2447 1674 2477 χωρὶς

915 2492 959 2512 τῶν
978 2488 1069 2511 λοιπῶν.
1086 2488 1127 2513 τὴν
1142 2486 1165 2509 δὲ
1182 2485 1251 2517 φυλὴν
1263 2484 1312 2506 Λευὶ
1330 2482 1380 2505 καθ’
1397 2481 1487 2507 ἑαυτοὺς
1498 2482 1625 2512 ἠρίθμησαν
1638 2482 1675 2505 διὰ

915 2530 987 2558 φωνῆς
1005 2528 1086 2559 Κυρίου
1104 2528 1167 2555 μόνοι
1187 2521 1283 2548 Momm-1³
1300 2522 1336 2544 καὶ
1358 2517 1437 2552 iupa„
1454 2522 1499 2544 ἀπὸ
1515 2523 1619 2550 μηνιαίου
1638 2530 1675 2550 καὶ

916 2568 999 2591 ἐπάνω.

1502 2603 1538 2632 26
