1890 2826
57 2210 98 2231 Ma
102 2209 145 2231 tel.
160 2209 183 2232 5.

55 2493 121 2514 Pserl,
143 2491 179 2515 18.

230 218 294 253 170
560 217 589 240 S.
619 217 761 240 JOANMS
787 216 968 240 CHRYSOST.
997 211 1152 241 ARCfflE'P.
1181 216 1454 243 CONSTAN'HNOP.
1480 231 1483 232 ⁷

223 280 292 309 Cum
304 279 375 308 enim
387 285 490 308 rectum
512 278 611 308 horum
625 285 777 319 temporum
789 277 913 308 ordinem
925 278 967 308 vi·
1020 278 1064 308 τὸν
1079 279 1174 316 θεατὴν
1182 303 1192 318 ,
1212 285 1282 311 ποιεῖ
1308 280 1383 316 δόξαν
1405 281 1544 322 ἀναφέρειν
1556 282 1595 322 τῷ
1617 282 1769 322 δημιουργῷ
1781 293 1788 300 ·

222 325 307 363 deris,
316 332 342 355 et
353 336 407 365 quo
421 331 498 365 pacto
512 336 593 365 penso
604 336 655 355 suo
663 325 788 355 absoluto
795 325 853 355 dies
863 331 967 355 noctem
1021 324 1089 354 οὕτω
1109 325 1152 361 νὺξ
1174 326 1220 356 καὶ
1234 326 1331 367 ἡμέρα.
1344 326 1431 357 Ὅταν
1455 327 1507 367 γὰρ
1531 326 1589 367 ἴδῃς
1602 326 1650 363 τὴν
1669 327 1789 362 εὐταξίαν

223 382 238 400 e
265 372 320 401 suis
342 372 492 413 propellere
514 372 645 401 limitibus
667 382 721 401 non
745 371 891 410 contendit,
918 381 966 401 nec
1020 372 1072 399 τῶν
1086 368 1185 411 καιρῶν
1201 371 1311 412 τούτων,
1333 372 1377 402 καὶ
1397 374 1454 406 πῶς
1467 372 1498 402 τὸ
1512 374 1605 403 οἰκεῖον
1619 371 1790 413 ἆπαρτίσασα

223 418 309 448 ullam
327 429 383 458 prae
397 429 425 448 se
437 418 489 448 fert
501 429 543 448 res
555 418 656 447 alienas
669 417 818 458 usurpandi
832 417 966 458 cupidita·
1021 417 1115 456 μέτρον
1129 419 1146 452 ἡ
1160 417 1264 458 ἡμέρα,
1278 419 1307 447 οὐ
1321 419 1462 459 φιλονεικεῖ
1474 418 1524 454 τὴν
1536 417 1618 448 νύκτα
1631 416 1728 452 ἐξῶσαι
1736 420 1790 448 τῶν

221 471 292 494 tem:
308 474 393 503 neque
406 470 546 504 propterea
565 463 639 503 quod
655 463 713 504 ipsa
725 463 894 504 splendidior
902 470 942 493 est
956 486 963 501 ,
981 468 999 491 E
1019 461 1121 491 οἰκείων
1131 461 1214 503 ὅρων,
1242 463 1302 493 οὐδὲ
1325 463 1476 498 πλεονεξίαν
1498 463 1558 494 τινὰ
1583 462 1762 493 ἐπιδείκνυται
1775 485 1785 501 ,

219 516 307 539 totum
320 519 450 549 occupare
466 516 572 550 tempus
586 516 708 547 conatur,
721 509 770 539 sed
787 509 906 539 recedit:
920 519 966 539 eo-
1019 507 1078 537 οὐδὲ
1084 529 1093 544 ,
1117 508 1208 545 ἐπειδὴ
1232 509 1390 550 φαιδροτέρα
1408 509 1478 539 ἐστὶν
1498 510 1594 547 αὐτῆς,
1615 509 1660 539 τὸν
1685 508 1790 539 ἅπαντα

219 555 335 594 demque
347 555 428 585 modo
442 565 536 585 rursus
549 565 604 585 nox
621 566 670 586 suo
686 555 804 585 confecto
815 566 897 586 cursu
911 554 965 584 diei
1020 554 1138 593 βιάζεται
1148 560 1292 596 κατασχεῖν
1302 555 1406 597 χρόνον,
1420 554 1479 585 ἀλλ’
1493 556 1625 596 ἀναχωρεῖ
1637 567 1644 574 ·
1658 556 1703 585 καὶ
1714 556 1733 592 ἡ
1745 554 1791 589 νὺξ

219 600 291 630 cedit
307 612 316 630 ι
329 607 355 630 et
379 600 431 630 hoc
444 611 492 641 per
502 607 542 630 tot
558 611 642 630 annos
663 601 764 631 factum
781 607 832 638 est,
846 610 894 630 nec
908 600 966 630 ulla
1018 600 1048 630 τὸ
1069 600 1132 630 αὐτὸ
1152 600 1250 638 πάλιν,
1269 601 1439 642 ἀπαρτίσασα
1452 601 1496 632 τὸν
1513 603 1595 637 αὐτῆς
1613 601 1719 642 δρόμον,
1734 613 1774 631 πα

221 648 344 678 confusio
359 648 401 679 vel
413 648 581 688 perturbatio
594 648 652 679 visa
662 655 711 686 est,
727 655 754 678 et
765 658 814 677 nec
826 648 876 678 ista
889 648 966 677 illam
1019 651 1134 687 ραχωρεῖ
1157 649 1191 687 τῇ
1213 646 1316 691 ἡμέρᾳ,
1339 647 1385 676 καὶ
1409 649 1487 677 τοῦτο
1508 646 1552 677 ἐπὶ
1572 647 1705 681 τοσούτοις
1718 646 1790 678 ἔτεσι

218 695 307 735 ejecit,
319 705 407 735 neque
416 695 464 725 illa
473 696 542 725 hanc
555 695 710 732 fraudavit3
724 695 827 726 tametsi
845 695 966 736 splendi-
1017 693 1116 732 γέγονε,
1134 692 1179 723 καὶ
1193 692 1301 731 οὐδεμία
1314 691 1452 732 σύγχυσις,
1471 692 1530 722 0583-
1543 692 1658 734 ταραχὴ,
1671 693 1717 723 καὶ
1730 693 1791 723 οὔτε

218 741 281 771 dior
294 751 358 779 una,
372 748 398 771 et
415 742 555 772 obscurior
577 748 616 772 est
629 742 713 772 altera
725 754 737 776 z
755 752 850 771 rursus
862 749 966 772 rectum
1019 739 1085 775 αὕτη
1109 738 1239 774 ἔξώθησεν
1257 738 1358 775 ἐκείνην
1369 761 1378 776 ‚
1404 738 1464 768 οὔτε
1485 738 1572 781 ἐκείνη
1598 738 1789 775 ἕπλιονὲκτησῑ

218 788 341 817 ordinem
354 788 467 818 miratus
480 798 533 818 non
545 789 601 818 Deo
611 788 726 828 gloriam
738 795 764 818 et
780 788 911 818 honorem
921 788 965 817 of·
1017 785 1126 822 ταύτην,
1138 784 1225 815 καίτοι
1235 787 1253 821 ἡ
1269 785 1316 823 μὲν
1333 785 1491 826 φαιδροτέρα
1499 808 1508 823 ,
1517 788 1535 821 ἡ
1550 785 1578 815 δὲ
1591 785 1788 826 ζοφωδεστέρα·

217 833 310 862 feres?
325 834 360 863 Et
379 833 606 872 quemadmodum
629 844 733 864 sorores
759 833 820 863 duae
836 833 965 864 benevole
1017 832 1098 862 πάλιν
1119 831 1168 867 τὴν
1187 831 1307 865 εὐταξίαν
1322 831 1472 871 θαυμάσας,
1486 833 1516 861 οὐ
1533 831 1608 867 δόξαν
1624 831 1791 871 ἀναπέμψεις
1846 860 1852 865 ,

216 889 279 918 erga
293 889 321 908 se
330 878 447 909 invicem
466 879 577 916 affectae,
590 886 728 920 paternam
749 879 944 910 hereditatem
935 890 980 925 m
983 880 1098 927 ωΘεῷ·
1091 901 1100 915 ,
1113 877 1167 908 Καὶ
1181 877 1283 908 καθᾶπε
1272 890 1300 918 ερ
1320 878 1431 918 ἀδελφαὶ
1445 877 1490 907 δύο
1508 877 1610 911 οἰκείως
1627 889 1694 919 προς
1707 877 1789 914 ἀλλή-

216 924 288 953 libra
299 931 325 954 et
336 924 442 954 bilance
457 926 622 964 partiuntur,
634 931 661 955 et
673 935 707 955 ne
728 925 839 955 minima
853 907 980 965 quidem
978 934 1000 957 Α
1017 926 1066 959 λας
1087 923 1268 963 διακείμενοι,
1289 925 1412 964 πατρῷον
1427 924 1497 954 διανε
1486 923 1627 963 ιμάμεναι
1644 924 1742 963 κλῆρον
1761 925 1789 953 ἐν

215 980 245 999 re
255 969 310 998 ulla
322 969 404 999 altera
417 969 527 999 alteram
537 969 664 999 fraudat·
678 969 717 999 sic
733 970 862 999 nimirum
876 977 901 1000 et
910 981 965 1001 nox
1018 973 1144 1009 σταθμοῖς
1156 970 1202 1000 καὶ
1221 972 1306 1009 ζυγοῖς
1315 993 1324 1007 ,
1338 970 1396 1000 οὐδὲ
1410 969 1441 999 τὸ
1453 970 1533 1010 τυχὸν
1547 968 1624 1010 ἑτέρα
1634 969 1682 1006 τὴν
1697 969 1790 1010 ἑτέραν

217 1022 243 1044 et
253 1015 311 1045 dies
322 1022 377 1045 toto
390 1022 510 1055 tempore
530 1015 601 1045 inter
620 1025 648 1044 se
668 1015 771 1052 diviso,
785 1014 853 1044 dum
867 1025 900 1045 ne
913 1016 965 1046 mi·
1017 1017 1168 1046 πλεονεκτεῖ
1178 1027 1186 1035 ·
1202 1015 1272 1045 οὕτω
1284 1015 1317 1053 δὴ
1329 1016 1376 1046 καὶ
1390 1015 1435 1051 νυξ
1458 1015 1504 1045 καὶ
1523 1015 1611 1056 ἡμέρα
1631 1027 1676 1046 τον
1695 1015 1789 1056 χρόνον

216 1061 290 1090 nima
301 1061 412 1100 quidem
425 1061 483 1101 ejus
497 1067 572 1101 parte
586 1071 614 1090 se
623 1060 740 1092 invicem
751 1061 888 1099 fraudant,
905 1067 964 1091 tan·
1018 1061 1123 1091 ἅπαντα
1141 1061 1289 1101 διελόμεναι
1300 1082 1308 1097 ,
1326 1061 1457 1098 τοσαύτην
1479 1062 1646 1102 διατηροῦσιν
1661 1061 1772 1098 ἰσότητα
1781 1083 1790 1097 ,

215 1114 270 1136 tam
281 1108 460 1146 aequalitatem
473 1108 627 1144 observant,
639 1113 768 1146 quantam
781 1118 832 1136 usu
843 1114 869 1137 et
882 1118 965 1148 expe-
1017 1107 1076 1137 οὐδὲ
1087 1108 1119 1137 τὸ
1129 1107 1209 1148 τυχὸν
1223 1107 1341 1144 ἀλλήλας
1359 1108 1580 1144 πλεονατοῖῖσαι,
1596 1107 1661 1144 ὅσην
1674 1107 1731 1150 ἴστε
1745 1108 1789 1138 διὰ

215 1152 311 1182 rientia
321 1153 463 1183 didicistis.
480 1152 599 1187 Audiam
612 1153 700 1190 avari,
717 1153 802 1192 etqui
817 1153 964 1183 hereditate
1015 1155 1065 1189 τῆς
1077 1153 1169 1194 πείρας
1188 1155 1269 1188 αὐτῆς
1290 1153 1423 1193 μαθόντες.
1443 1153 1621 1184 Ἀκουέτωσαν
1639 1154 1664 1182 ot
1683 1153 1791 1183 πλεονέ-

215 1198 332 1237 spoliant
342 1199 436 1228 fratres
447 1211 456 1227 e
473 1205 576 1228 rectum
592 1198 715 1228 ordinem
726 1204 878 1238 temporum
889 1210 963 1229 reve·
1016 1211 1086 1236 κται,
1098 1199 1143 1229 καὶ
1156 1198 1216 1232 τοὺς
1230 1199 1357 1239 ἀδελφοὺς
1368 1199 1541 1239 ἐξωθούμενοι
1554 1200 1601 1229 τοῦ
1614 1199 1713 1240 κλήρου
1725 1212 1732 1219 ·
1743 1201 1790 1230 αξ-

214 1251 335 1281 reantur,
360 1254 391 1273 ac
411 1244 496 1274 noetis
509 1250 535 1274 et
555 1243 611 1274 diei
631 1243 813 1282 concordiam,
833 1251 859 1274 et
883 1256 962 1275 suum
1016 1245 1159 1275 δείσθωσαν
1184 1247 1237 1274 τῶν
1263 1247 1363 1286 καιρῶν
1383 1245 1433 1282 τὴν
1457 1244 1596 1283 εὐταξίαν,
1620 1245 1712 1279 νυκτὸς
1743 1246 1791 1276 καὶ

214 1290 312 1320 vitium
335 1291 479 1331 corrigant
496 1290 542 1320 Sic
565 1289 649 1330 igitur
672 1292 744 1320 Dies
757 1291 817 1319 diei
840 1293 963 1321 verbum
1015 1290 1118 1331 ἡμέρας
1135 1291 1184 1326 τὴν
1197 1291 1348 1331 ἰσηγορίαν,
1363 1291 1409 1320 καὶ
1424 1284 1628 1321 καταλυέτωσαν
1640 1291 1672 1320 τὸ
1686 1293 1788 1322 ἑαυτῶν

213 1342 337 1374 eructat,
358 1343 387 1367 et
410 1338 561 1367 scientiam
582 1338 661 1366 nocti
681 1347 740 1366 nox
766 1337 889 1375 indicat,
910 1348 964 1367 non
1016 1337 1129 1376 νόσημα.
1150 1336 1230 1367 Οὕτω
1249 1337 1335 1367 τοίνυν
1360 1336 1466 1377 Ἡμέρα
1485 1339 1518 1379 τῇ
1540 1337 1630 1378 ἡμέρα
1650 1337 1788 1378 ἐρεύγεται

212 1391 307 1412 vocem
327 1383 472 1421 mittentes,
487 1381 535 1412 sed
552 1382 619 1412 dum
639 1389 711 1412 recto
731 1393 780 1412 suo
803 1382 908 1420 ordine,
932 1394 963 1413 ac
1017 1385 1108 1423 ῤ’ἥμα,
1128 1384 1173 1414 καὶ
1195 1383 1241 1418 νυξ
1261 1384 1335 1413 νυκτὶ
1358 1383 1515 1423 ἀναγγέλλει
1527 1386 1636 1423 γνῶσιν.
1651 1385 1680 1414 οὐ
1694 1384 1786 1424 φωνὴν

213 1428 401 1469 dispositione,
414 1435 440 1459 et
456 1428 649 1468 aequabilitate,
664 1440 696 1459 ac
709 1439 834 1459 mensura
844 1430 879 1460 ab
889 1430 962 1460 omni
978 1439 996 1462 Β
1015 1429 1152 1469 ἀφιεῖσαι,
1164 1429 1233 1459 ἀλλὰ
1253 1429 1296 1459 διὰ
1308 1431 1356 1465 τῆς
1370 1428 1489 1464 εὐταξίας
1499 1452 1509 1466 ,
1532 1429 1577 1459 καὶ
1598 1432 1645 1459 τοῦ
1669 1431 1788 1470 ῥυθμου,

212 1474 351 1505 obstaculo
358 1475 455 1513 libera,
461 1475 528 1504 tuba
537 1474 636 1504 clarius
641 1475 789 1515 praedicant
797 1476 961 1513 Creatorem,

212 1530 266 1550 non
278 1521 305 1551 in
317 1532 371 1552 uno
380 1528 513 1551 terrarum
523 1521 598 1550 orbis
606 1521 717 1561 angulo,
728 1522 775 1552 sed
787 1522 815 1552 iu
823 1523 959 1561 omnibus,

212 1577 279 1606 quas
292 1567 334 1596 sol
347 1567 452 1608 aspicit,
473 1567 640 1607 regionibus.
653 1568 702 1598 11ae
724 1568 858 1607 siquidem
881 1579 961 1599 voces

212 1624 261 1653 per
282 1613 440 1643 universum
452 1612 585 1642 mundum
595 1613 730 1652 seruntur,
742 1613 960 1653 quandoquidem

213 1658 315 1697 ubique
326 1658 422 1688 caelum
433 1665 482 1695 est,
492 1658 594 1697 ubique
601 1659 670 1697 dies,
684 1659 785 1698 ubique
792 1670 859 1696 nox,
868 1670 960 1690 suam-

212 1715 266 1743 que
278 1704 430 1734 doctrinam
449 1711 475 1734 et
494 1704 522 1733 in
538 1711 608 1734 terra
626 1706 764 1746 explicant
785 1713 811 1736 et
835 1707 863 1736 in
879 1708 959 1737 mari.

1015 1475 1060 1504 καὶ
1080 1477 1127 1511 τῆς
1141 1475 1278 1513 ἰσότητος,
1292 1475 1338 1506 καὶ
1353 1478 1405 1506 τῶν
1418 1475 1657 1516 ἀπαρεμποδίστων
1672 1476 1786 1516 μέτρων,

1015 1521 1158 1561 σάλπιγγος
1180 1522 1365 1562 λαμπρότερον
1386 1522 1431 1552 τὸν
1453 1522 1612 1562 δημιουργὸν
1634 1522 1786 1562 ἀνακηρύτ-

1014 1577 1106 1598 τουσαι
1115 1591 1124 1607 ,
1137 1569 1185 1598 οὐκ
1198 1569 1225 1598 ἔν
1245 1574 1295 1608 μιᾷ
1307 1570 1355 1604 τῆς
1365 1568 1520 1609 οἰκουμένης
1533 1568 1616 1609 γωνίᾳ
1625 1591 1634 1605 ,
1649 1569 1708 1598 ἀλλ’
1719 1568 1787 1604 ὅσην

1014 1617 1028 1644 ὁ
1038 1614 1112 1650 ἥλιος
1125 1616 1207 1656 ἐφορᾷ
1216 1617 1275 1655 γῆν.
1290 1609 1375 1644 ABR-m
1388 1614 1441 1654 γὰρ
1454 1616 1481 1644 αἱ
1495 1614 1579 1655 φωναὶ
1591 1616 1728 1654 πανταχοῦ
1736 1614 1786 1648 τ’ἤς

1014 1660 1168 1699 οἰκουμένης
1193 1660 1331 1701 φέρονται,
1356 1660 1447 1697 ἐπειδὴ
1467 1661 1604 1700 πανταχοῦ
1626 1662 1641 1689 ὁ
1655 1658 1764 1700 οὐρανὸς
1776 1682 1786 1696 ,

1014 1706 1059 1735 καὶ
1073 1709 1208 1748 πανταχοῦ
1218 1706 1325 1747 ἡμέρα,
1339 1706 1385 1736 καὶ
1397 1709 1536 1748 πανταχοῦ
1551 1705 1597 1741 νὺξ
1607 1729 1615 1742 ,
1631 1705 1678 1736 καὶ
1685 1705 1734 1742 τὴν
1745 1706 1785 1735 δι-

212 1751 347 1788 Quocirca
359 1763 361 1765 ¹
372 1761 425 1780 non
448 1750 520 1780 dixit
540 1751 672 1791 propheta
693 1751 853 1792 simpliciter
865 1775 873 1790 ,
893 1753 960 1783 Caeli
1014 1753 1159 1783 δασκαλίαν
1168 1755 1255 1784 αὐτῶν
1265 1753 1409 1783 ἔκτείνουσι
1417 1753 1462 1783 καὶ
1471 1754 1499 1782 ἐν
1508 1754 1554 1793 γῇ,
1563 1751 1609 1782 καὶ
1620 1754 1647 1782 ἐν
1657 1751 1786 1792 θαλάττῃ,

211 1794 361 1833 loquuntur
373 1794 487 1835 gloriam
505 1795 568 1832 Dei,
583 1794 640 1832 sed,
659 1797 823 1834 Euan-ram,
838 1797 890 1827 hoc
908 1803 958 1835 est,
1013 1798 1065 1828 Διὰ
1076 1802 1152 1829 τοῦτο
1165 1802 1180 1829 ὁ
1191 1800 1329 1840 προφήτης
1341 1800 1389 1829 οὐκ
1399 1795 1472 1830 εἶπεν
1482 1800 1583 1836 ἁπλῶς,
1594 1798 1635 1828 ὅτι
1645 1799 1669 1828 oi
1680 1798 1786 1839 οὐρανοὶ

211 1840 279 1869 alios
291 1840 371 1869 etiam
386 1840 532 1878 instruunt,
542 1851 573 1870 ac
586 1851 636 1880 pro
644 1840 786 1882 discipulis
793 1842 892 1871 habent
901 1842 959 1871 uni-
1013 1844 1168 1884 φθέγγονται
1182 1845 1257 1880 δόξαν
1270 1847 1351 1882 Θεοῦ,
1363 1846 1432 1876 ἀλλὰ
1442 1868 1451 1883 ,
1464 1846 1638 1884 Διηγοῦνται,
1650 1845 1785 1880 τουτέστι,

209 1896 320 1915 versum
339 1895 422 1924 genus
447 1885 610 1923 humanum,
626 1893 652 1915 et
669 1887 697 1915 in
714 1887 804 1917 medio
821 1889 959 1928 proposita
973 1896 992 1920 G
1012 1891 1056 1920 καὶ
1071 1891 1174 1931 ἑτέρους
1196 1892 1366 1929 παιδεύουσι,
1381 1891 1426 1921 καὶ
1449 1890 1569 1930 μαθητὰς
1582 1891 1672 1931 ἔχουσι
1687 1890 1718 1921 τὸ
1730 1893 1785 1920 τῶν

211 1931 328 1961 maxima
346 1931 447 1966 schola,
460 1931 594 1960 librorum
604 1942 636 1961 ac
645 1931 786 1962 literarum
797 1933 869 1971 Ioco,
879 1941 958 1964 natu·
1012 1936 1155 1976 ἀνθρώπων
1171 1938 1260 1975 γένος,
1281 1938 1327 1967 καὶ
1347 1938 1529 1967 διδασκαλεῖον
1552 1935 1675 1976 μέγιστον
1698 1938 1735 1970 εἰς
1753 1937 1787 1966 τὸ

212 1987 248 2006 rae
269 1987 325 2006 suae
350 1976 583 2016 pulchritudinem
606 1976 710 2014 idiotis,
738 1979 914 2019 sapientibus,
931 1988 957 2011 et
1012 1981 1092 2020 μέσον
1101 1982 1152 2012 εἶσὶ
1165 1981 1385 2021 προὸαλλόμενοι,
1398 1981 1457 2010 ἀντὶ
1469 1980 1588 2020 βιὸλίων,
1602 1980 1647 2010 καὶ
1657 1980 1786 2021 γραμμά-

210 2023 336 2052 omnibus
348 2022 580 2062 contemplandam
595 2023 725 2063 praebent,
741 2031 767 2054 et
775 2031 911 2065 tamquam
927 2028 957 2057 in
1010 2039 1074 2065 των,
1087 2030 1134 2064 τῆς
1147 2027 1244 2061 οἰκείας
1262 2027 1363 2067 φύσεως
1376 2027 1408 2056 τὸ
1421 2026 1516 2060 κᾶλλος
1532 2026 1578 2056 καὶ
1593 2026 1726 2062 ἰδιώταις,
1737 2025 1787 2055 καὶ

210 2070 282 2099 libro
294 2069 454 2099 insidentem
478 2068 545 2108 ipsis
559 2068 595 2098 de
603 2069 654 2098 Dei
670 2070 799 2110 sapientia
813 2082 843 2101 ac
856 2073 958 2103 virtute
1011 2078 1113 2114 σοφοῖς,
1134 2073 1180 2103 καὶ
1203 2078 1270 2102 πᾶσι
1290 2072 1452 2113 παρέχοντες
1477 2071 1598 2109 ἐπιέναι,
1621 2071 1741 2112 καθάπερ
1754 2073 1787 2101 ἐν

210 2115 370 2145 doctrinam.
389 2114 434 2144 Sic
448 2114 528 2143 etiam
541 2114 663 2145 homines
678 2126 730 2145 non
745 2116 894 2155 loquentes,
909 2118 956 2148 sed
1012 2119 1106 2159 βιὸλίῳ
1119 2119 1168 2155 τὴν
1183 2118 1338 2158 ἐγκειμένην
1353 2121 1441 2152 αὐτοῖς
1451 2119 1512 2159 περὶ
1525 2120 1574 2155 τῆς
1584 2121 1630 2148 τοῦ
1649 2118 1720 2148 Θεοῦ
1735 2128 1784 2147 σο-

210 2162 254 2191 vel
266 2168 381 2199 tacentes
394 2171 443 2200 per
463 2160 531 2189 alios
548 2162 636 2190 Deum
651 2161 818 2201 glorificant3
843 2163 959 2203 ideoque
1010 2165 1070 2206 φίας
1083 2165 1128 2194 καὶ
1142 2165 1277 2204 δυνάμεως
1296 2164 1477 2194 διδασκαλίαν.
1491 2164 1572 2194 Οὕτω
1589 2163 1635 2194 καὶ
1650 2164 1784 2204 ἄνθρωποι

210 2208 317 2237 dicebat
329 2207 455 2237 Christus
470 2218 476 2234 :
490 2207 599 2236 Luc-eat
612 2207 664 2236 luz·
682 2214 778 2237 vestra
795 2219 893 2238 coram
906 2211 957 2239 ho·
1010 2211 1069 2251 οὐχὶ
1082 2210 1263 2252 φθεγγόμενοι,
1276 2210 1346 2240 ἀλλὰ
1359 2210 1404 2239 καὶ
1417 2212 1541 2250 σιγῶντες
1555 2211 1589 2239 δι’
1598 2208 1695 2249 ἑτέρων
1707 2209 1784 2243 3054-

211 2255 345 2287 minibus,
357 2259 390 2281 ιιι
403 2253 527 2280 videant
537 2263 624 2291 opera
640 2261 739 2282 vestra
748 2255 835 2292 bona,
845 2263 875 2284 et
886 2256 954 2295 glo·
1010 2259 1082 2292 ζουσι
1096 2257 1140 2286 τὸν
1156 2257 1225 2287 Θεόν
1235 2268 1241 2275 ·
1256 2255 1296 2285 διὸ
1309 2259 1354 2286 καὶ
1366 2258 1380 2285 ὁ
1394 2256 1510 2295 Χριστὸς
1529 2255 1603 2295 ἔλεγε
1614 2267 1621 2274 ·
1640 2254 1787 2295 Λαμψάτω

208 2303 234 2330 ri
246 2305 323 2329 ment
334 2300 455 2329 Patrem
473 2305 618 2334 vestrum,
632 2302 684 2339 qui
696 2302 728 2329 in
744 2301 823 2330 coelis
837 2309 890 2331 est.
916 2303 955 2332 Ut
1009 2303 1040 2332 τὸ
1051 2304 1106 2344 φῶς
1119 2305 1192 2343 ὑμῶν
1207 2302 1353 2342 ἔμπροσθεν
1371 2303 1424 2330 τῶν
1438 2300 1593 2341 ἀνθρώπων,
1612 2300 1683 2334 ὅπως
1703 2300 1783 2330 ἴδωσι

208 2347 292 2386 igitur
308 2357 370 2376 cum
385 2346 445 2385 quis
462 2346 546 2376 vitam
559 2345 691 2375 lucentem
705 2347 790 2384 videt,
810 2348 891 2379 etiam
903 2349 953 2379 illo
1009 2349 1042 2379 τὰ
1055 2349 1128 2384 καλὸς
1134 2349 1199 2389 ἔργα
1210 2350 1295 2387 ὑμῶν,
1309 2347 1354 2377 καὶ
1368 2347 1499 2382 δοξάσωσι
1513 2347 1558 2377 τὸν
1571 2346 1682 2386 Πατέρα
1695 2347 1784 2385 ὑμῶν,

208 2400 308 2422 tacente
321 2392 369 2432 qui
387 2392 467 2428 vivit,
483 2391 596 2431 gloriam
610 2398 636 2420 ct
650 2392 758 2421 laudem
777 2394 854 2423 offert
867 2396 924 2425 Deo
942 2406 953 2423 τ
970 2401 988 2423 D
1008 2395 1052 2425 τὸν
1064 2397 1091 2425 ἐν
1105 2399 1158 2429 τοῖς
1172 2396 1298 2436 οὐρανοῖς.
1309 2394 1419 2434 ’Ὠσπερ
1438 2389 1483 2423 οὗν
1501 2405 1542 2437 τις
1555 2396 1623 2434 ὁρῶν
1638 2393 1695 2432 βίον
1709 2392 1780 2431 λάμἦ

1007 2453 1106 2477 ποντα,
1130 2441 1175 2471 καὶ
1198 2442 1323 2480 σιγῶντος
1345 2442 1395 2470 τοῦ
1413 2442 1546 2479 βιοῦντος,
1565 2438 1641 2473 δόξαν
1654 2438 1780 2479 ἀναφέρει

1005 2487 1044 2524 τῷ
1057 2486 1120 2524 Θεῷ
1131 2497 1138 2503 ·
1153 2484 1222 2514 οὕτω
1235 2483 1267 2520 δὴ
1283 2483 1329 2512 καὶ
1341 2482 1372 2512 τὸ
1385 2483 1482 2517 κᾶλλος
1497 2485 1566 2522 ὁρῶν
1580 2485 1626 2512 τοῦ
1640 2483 1758 2521 ὀὐρανοῦ
1769 2505 1781 2517 ,

1005 2529 1106 2563 δοξάζει
1119 2529 1163 2558 τὸν
1177 2527 1337 2563 ποιήσαντα.
1352 2526 1404 2556 Διὰ
1417 2529 1496 2557 τοῦτο
1509 2527 1611 2566 ἔλεγεν.-
1623 2528 1659 2556 Οῐ
1673 2527 1782 2565 οὐρανοὶ

1005 2573 1156 2611 διηγοῦνται
1168 2571 1244 2605 δόξαν
1259 2572 1343 2607 Θεοῦ,
1364 2571 1407 2600 διὰ
1421 2572 1473 2600 τῶν
1488 2573 1586 2600 θεατῶν
1600 2582 1607 2588 ·
1622 2569 1727 2610 (Ημέρα
1742 2573 1777 2609 τῇ

1004 2616 1091 2656 ἡμέρᾳ
1116 2616 1250 2655 ἐρεύγεται
1277 2617 1350 2654 ῥῆμα
1363 2638 1370 2653 ,
1386 2615 1430 2644 καὶ
1456 2614 1499 2649 νὺξ
1526 2614 1599 2644 νυκτὶ
1622 2614 1779 2654 ἀναγγέλλει

205 2439 243 2468 sic
255 2439 383 2467 nimirum
403 2444 429 2467 et
445 2438 467 2466 is
479 2438 526 2476 qui
545 2437 603 2466 caeii
617 2438 851 2476 pulchritudinem
861 2441 951 2471 intue-

206 2490 259 2519 tur,
269 2482 401 2522 glorificat
407 2481 588 2511 Conditorem.
595 2482 737 2520 Propterea
745 2482 851 2513 dicebat
860 2495 866 2511 ι
877 2485 949 2514 Caeli

205 2532 344 2555 enarrant
356 2526 481 2565 glorirzm
489 2525 558 2562 Dei,
569 2535 616 2565 per
622 2532 796 2565 spectatores;
809 2528 880 2557 Dies
891 2529 949 2557 diei

205 2577 315 2599 (eructat
330 2572 460 2606 verbnm,
468 2576 494 2598 et
507 2579 565 2598 nox
575 2573 652 2598 nocti
663 2570 774 2599 indicat
786 2572 947 2601 scientiam.

205 2615 357 2644 Scientiam
369 2626 377 2647 ,·
389 2614 550 2651 quamnam?
565 2613 644 2642 Illam
659 2613 786 2644 nimirum
798 2614 831 2644 dc
845 2615 947 2645 Condi—
