1904 2840
103 1853 124 1867 a.
137 1846 189 1866 Car,
202 1844 224 1866 6,

123 2045 209 2068 11:⁴16.

223 1317 228 1321 ,
248 1288 337 1317 cidere

237 192 307 245 826

833 194 916 219 OPUS
943 192 1178 218 IMPERFECTUM

236 272 274 299 est
294 273 357 305 pars
378 261 505 291 doctn'nae
519 259 554 289 de
572 258 677 299 jejunio
690 258 764 288 saeue
779 270 788 287 z
805 264 836 287 ut
847 257 894 287 'sit
916 256 978 286 talis
994 259 1015 282 Α·
1030 253 1163 289 effrenatae
1176 257 1309 303 superbiae
1322 257 1428 287 licentia
1440 257 1578 287 dilatatus.
1592 257 1659 287 Tale
1672 254 1776 297 aliquid

236 304 303 334 ordo
315 301 474 332 narrationis
489 311 495 328 ε
515 300 558 329 Tu
570 305 668 328 autem
681 308 748 327 cum
754 299 886 338 jejunas,
902 296 979 336 imge

237 349 323 384 caput
335 349 427 376 tuum,
435 340 584 381 etfaciem
598 344 679 368 tuam
690 338 772 375 lava,
788 347 825 367 ne
836 345 979 377 appareas

237 381 400 412 hominibus
410 382 561 420 jejunans,
574 378 626 408 sed
647 379 734 408 Pam·
747 384 797 407 tuo
819 380 870 417 qui
891 382 935 405 est
947 377 979 404 in

237 422 407 452 abscondito
424 432 431 448 ι
447 426 474 449 et
491 419 585 448 Pater
608 425 684 454 tuus,
700 417 753 458 qui
763 417 848 446 videt
860 418 893 445 in
913 416 979 444 abs-

237 463 366 497 condito,
377 459 477 489 reddet
491 460 555 488 tibi.
568 460 680 487 Intrate
685 465 738 498 per
747 463 903 497 angustam
912 464 979 495 por-

239 509 299 530 tam
310 512 320 528 .·
334 500 462 539 quoniam
469 498 556 528 omnis
563 497 673 537 quidem
683 496 795 537 justitiae
808 495 933 525 introitus
945 493 981 523 ad

238 541 321 570 vitam
344 546 470 568 aeternam
491 544 621 577 angustus
642 543 682 566 est
702 535 806 565 homini
828 534 931 565 viventi
950 534 979 563 in

239 591 327 616 carne,
337 585 446 619 propter
459 577 646 607 adversitatem
654 583 754 606 naturae
767 574 901 607 carnalis:
915 574 980 608 nul-

238 620 282 649 lus
296 625 385 648 autem
394 617 433 647 sic
444 624 484 647 est
493 623 623 656 angustus
634 622 662 645 et
674 615 837 651 laboriosus,
846 613 982 653 quomodo

206 657 208 660 ’
236 659 335 699 jejunii
343 658 481 687 sinceriter
492 655 670 686 consummati
683 668 689 684 ι
704 662 730 685 et
744 661 775 684 ut
788 654 856 683 scias
867 652 982 682 attende.

240 700 341 729 Omnes
365 697 476 736 quidem
499 696 635 736 passiones
655 694 774 733 carnales
792 693 921 739 dicuntur
930 715 948 738 ’.
957 699 984 722 et

241 745 313 773 sunt,
326 736 390 776 quia
402 736 500 776 spiritu
520 735 608 765 carnis
618 741 774 771 moventur,
790 743 849 764 sive
862 742 914 769 ira,
927 741 985 762 Sive

242 778 378 818 superbia,
386 777 443 806 sive
454 774 568 812 invidia,
579 775 636 804 sive
645 773 770 810 avaritia,
782 773 839 803 sive
852 781 921 801 vana
929 771 984 811 glo·

241 818 280 846 ria
299 830 305 846 :
319 816 453 856 praecipue
464 813 551 844 tamen
565 822 618 844 tres
638 813 789 858 sunttquasi
802 811 947 848 naturales,
959 818 986 841 et

1031 295 1179 326 Dominus'
1189 296 1268 331 dicit,
1281 297 1369 327 Beati
1385 307 1526 338 pauperes
1539 298 1653 336 spiritu.
1669 297 1776 336 Pauper
1784 300 1870 323 Μιιιιι,
1883 299 1904 323 5.

1030 336 1128 376 spiritu
1148 343 1202 372 est,
1226 336 1274 376 qui
1293 347 1357 366 cum
1375 337 1410 366 sit
1430 346 1561 378 magnus,
1583 335 1721 366 modicum
1744 345 1773 365 se

1030 375 1155 404 ostendit.
1166 375 1249 406 Dives
1262 381 1351 409 autem
1362 376 1459 417 spiritu
1473 383 1522 413 est,
1535 376 1581 415 qui
1595 386 1656 405 cum
1670 375 1705 405 sit
1715 385 1772 404 mo-

1030 414 1119 452 dicus,
1131 414 1246 445 ostendit
1259 425 1287 445 se
1299 426 1427 456 magnum
1443 427 1450 444 z
1462 417 1532 446 sicut
1542 415 1667 445 diabolus
1680 425 1775 460 super-

1030 454 1075 483 bia
1100 455 1184 484 animi
1207 455 1303 491 elatus,
1317 455 1441 495 quicum
1461 462 1528 486 esset
1547 455 1669 485 minister
1680 455 1732 484 Dei
1746 454 1775 483 in

1031 494 1106 531 caelo,
1119 493 1199 533 quasi
1206 495 1279 524 Deus
1288 505 1371 535 super
1382 495 1461 525 eoelos'
1473 492 1616 525 extendere
1626 504 1654 524 se
1665 503 1715 523 usu
1751 504 1776 523 a·

1031 534 1071 564 vit
1094 540 1185 563 contra
1204 535 1303 564 Deum.
1327 536 1407 565 Porta
1427 541 1517 565 autem
1541 539 1653 575 angusta
1676 532 1730 562 dici
1743 543 1777 562 ur

1031 573 1168 610 Christus,
1180 583 1232 602 non
1247 574 1378 614 par‘vitate
1388 574 1524 615 potestatis
1533 574 1658 614 exiguus,
1668 571 1715 603 sed
1725 571 1777 601 hu-

1032 613 1155 643 militatis
1175 614 1277 643 ratione
1289 612 1428 650 collectus,
1439 614 1510 644 sicut
1525 614 1583 653 ipse
1601 612 1636 643 de
1657 611 1775 644 setesti-

1033 653 1154 682 monium
1175 652 1244 682 dat:
1269 655 1372 683 Videte
1415 655 1465 684 uia
1478 654 1556 683 mitis
1578 662 1654 689 sum,
1676 659 1704 682 et
1718 652 1776 682 hu-
1786 659 1873 682 ιιιιηι..
1890 665 1898 682 ι

1034 693 1112 722 milis
1126 693 1220 721 corde.
1236 695 1277 722 An
1289 704 1341 723 non
1355 694 1406 723 tib1
1419 693 1528 724 videtur
1537 699 1665 733 potestate
1681 690 1776 722 latissi—
1787 696 1825 720 29·

1034 743 1111 768 mus,
1125 732 1279 762 humilitate
1295 740 1384 763 autem
1404 741 1548 774 angustus,
1568 732 1617 772 qui
1636 741 1699 762 eum
1710 737 1778 761 &set

1034 772 1167 801 Dominus
1190 773 1346 812 majestatis,
1366 774 1442 813 quasi
1459 773 1542 803 homo
1559 773 1588 802 in
1607 771 1657 801 hoc
1679 770 1778 800 saeculo

1033 812 1121 841 voluit
1134 822 1271 856 apparere,
1286 819 1312 842 et
1325 824 1405 852 quem
1418 819 1491 843 totus
1500 822 1552 842 non
1566 821 1597 842 ca
1617 811 1637 840 it
1647 810 1777 845 mundus,

242 855 355 895 intimat,
373 862 400 884 et
412 854 528 895 propriae
542 864 630 884 ‹aaz-ms
641 862 777 893 passiones
791 863 799 881 ε
815 862 873 881 esca
885 857 911 880 et
932 861 984 891 po—
1000 854 1019 877 B
1035 851 1153 891 seipsum
1171 858 1239 881 intra
1260 853 1394 892 angustias
1408 853 1477 883 uteri
1490 852 1598 892 virgine
1610 851 1633 880 is
1648 849 1779 884 inclusit?

242 903 297 932 tus,
313 894 411 925 deinde
429 904 505 923 amor
522 894 576 924 viri
597 891 634 922 ad
650 892 803 928 mulierem,
815 897 842 920 et
863 890 986 920 mulieris

243 945 318 965 amor
338 935 373 964 ad
387 934 486 964 virum.
505 935 537 963 In
552 933 630 963 ter-tio
644 932 703 962 loco
723 941 843 967 somnus,
858 930 986 969 quoniam

244 975 300 1004 sine
314 974 370 1004 illis
393 973 504 1012 quidem
521 972 690 1013 passionibus
707 971 765 1011 ipsa
786 977 881 999 natura
899 969 988 999 caruis

244 1014 386 1043 consistere
400 1024 452 1042 non
466 1019 562 1053 potest.
574 1013 648 1051 Ergo
662 1011 738 1050 quasi
750 1017 839 1051 partes
852 1009 985 1055 quodam-

245 1054 325 1083 modo
336 1060 362 1082 et
382 1064 412 1082 su
454 1053 566 1081 lementa
578 1058 640 1081 sunt
653 1057 756 1080 naturae
773 1050 887 1079 carnalis
899 1061 912 1078 t,
925 1059 986 1078 nam

245 1093 276 1122 ad
301 1103 392 1122 omnes
410 1064 471 1121 ἱππ
491 1092 627 1132 passiones
649 1101 702 1120 non
723 1090 863 1119 necessitas
886 1095 987 1118 naturae

245 1132 359 1161 carnalis
382 1138 467 1170 urget,
483 1131 529 1160 sed
544 1131 697 1171 praesumtio
708 1129 818 1170 spiritus
830 1129 918 1158 carnis
931 1140 938 1157 :
952 1127 988 1157 ad

246 1172 309 1200 istas
331 1178 419 1200 autem
439 1171 497 1210 ipsa
514 1170 655 1199 necessitas
670 1177 771 1198 naturae
783 1168 908 1198 carnalis.
922 1167 987 1197 Ideo

247 1218 272 1239 et
283 1210 392 1250 gravius
400 1216 441 1239 est
451 1220 495 1238 eas
502 1217 619 1238 anatura
628 1208 729 1238 carnali
738 1207 895 1248 praecidere‚
905 1218 986 1246 quam

247 1256 352 1278 caeteres
383 1249 498 1278 assiones
519 1250 589 1278 Nam
601 1258 692 1277 omnes
703 1247 764 1276 illas
778 1247 913 1287 passiones
923 1258 988 1293 prae-

358 1260 435 1316 lltibor
448 1294 488 1316 est
510 1298 558 1327 per
571 1287 784 1316 colluctationem
798 1285 887 1315 cordis
901 1296 908 1313 :
924 1291 988 1315 1Stas

248 1330 336 1356 autem'
345 1327 480 1366 passiones
492 1326 635 1366 praecidere
647 1336 699 1354 non
708 1325 795 1354 solum
806 1325 884 1353 labor
894 1331 933 1354 est
941 1336 988 1364 per

248 1366 463 1395 colluctationem
474 1365 574 1402 cordis,
587 1365 634 1394 sed
645 1374 801 1393 consumere
814 1370 840 1392 et
853 1371 989 1393 conterere

248 1417 279 1435 ac
291 1405 439 1434 interficere
460 1405 545 1444 ipsam
569 1411 691 1437 naturam
713 1402 857 1439 carnalem,
871 1410 897 1432 et
914 1403 989 1442 quasi

1035 891 1072 920 Et
1090 886 1158 921 alias
1176 889 1474 931 intelligitur-’diabolus
1486 898 1563 932 porta
1574 891 1639 928 lata,
1652 897 1679 920 et
1693 889 1776 920 Chri-

1036 936 1093 966 stus
1105 937 1228 970 angusta‚
1244 932 1371 970 quoniam
1384 932 1510 961 diabolus
1524 931 1650 960 omnibus
1662 929 1779 976 peccatis

1037 969 1173 1000 involutos
1181 977 1206 999 et
1213 971 1366 1001 universam
1376 971 1472 1001 mundi
1485 971 1616 1000 sarcinam
1626 969 1779 1010 bajulantes

1036 1009 1143 1049 recipit,
1157 1017 1182 1040 et
1194 1009 1269 1040 ducit
1285 1011 1314 1040 in
1327 1006 1449 1041 'mortem
1463 1023 1471 1040 t
1487 1011 1612 1041 Christus
1623 1016 1712 1039 autem
1724 1018 1777 1038 uon

1037 1049 1090 1078 reci
1111 1050 1131 1079 it
1141 1049 1213 1084 inse,
1223 1050 1275 1080 nisi
1285 1050 1332 1090 qui
1344 1061 1372 1080 se
1382 1050 1509 1080 omnibus
1522 1049 1636 1091 peccatis
1644 1048 1779 1085 exuerint,
1811 1047 1815 1051 '

1037 1096 1062 1118 et
1102 1089 1373 1131 eposuerintpmnem
1386 1090 1518 1119 sarcinam
1535 1088 1650 1124 mundi,
1670 1095 1696 1118 et
1715 1087 1779 1118 facti

1036 1129 1135 1158 fuerint
1149 1129 1261 1159 subtiles
1273 1136 1298 1159 et
1306 1129 1470 1170 spirituales,
1485 1135 1516 1159 ut
1533 1128 1626 1169 qualoe
1639 1127 1740 1158 intrant
1750 1128 1778 1157 in

1037 1168 1178 1204 mundum,
1192 1169 1258 1198 tales
1268 1176 1364 1208 exeant
1375 1168 1528 1199 demundo.
1541 1168 1640 1198 Adhuc
1651 1167 1722 1197 latus
1735 1166 1779 1197 di-

1037 1208 1108 1237 citur
1117 1208 1254 1244 diabolus,
1266 1209 1395 1248 quoniam
1405 1208 1479 1250 apud
1488 1208 1568 1238 illum
1578 1207 1635 1238 sine
1644 1207 1704 1248 lege
1711 1212 1780 1238 >sunt

1037 1248 1127 1277 omnia
1144 1259 1150 1275 :
1166 1248 1290 1278 Christus
1306 1255 1395 1281 autem
1416 1248 1563 1288 angustus,
1580 1247 1709 1287 quoniam
1728 1246 1781 1276 sub

1038 1287 1139 1316 ratione
1152 1287 1219 1326 legis
1232 1288 1306 1328 apud
1319 1299 1381 1318 eum
1393 1289 1518 1318 universa
1528 1289 1684 1317 consistunt.
1697 1286 1787 1323 Qnic-'

1038 1326 1105 1364 quid
1116 1326 1188 1355 enim
1197 1327 1254 1356 sine
1268 1328 1326 1366 lege
1337 1327 1455 1357 solutum
1469 1334 1520 1364 est,
1533 1327 1619 1356 latum
1631 1333 1671 1356 est
1683 1338 1690 1355 t
1705 1324 1780 1365 quod

1038 1371 1128 1393 autem
1150 1366 1202 1394 sub
1223 1366 1282 1405 lege
1303 1373 1353 1404 est,
1368 1377 1475 1406 semper
1494 1373 1638 1406 angustum
1662 1372 1711 1396 est.
1725 1365 1780 1396 Via

1038 1410 1127 1433 autem
1153 1403 1310 1444 perditionis
1340 1411 1380 1435 est
1402 1406 1488 1435 omnis
1511 1405 1650 1444 iniquitas.
1675 1405 1782 1434 Dicitur

248 1452 373 1479 truncare
396 1445 572 1474 substantiam
593 1444 679 1483 ipsam
692 1441 946 1488 {quemadmodum
967 1443 989 1472 si
1004 1445 1023 1469 C
1040 1450 1128 1472 autem
1140 1444 1267 1484 spatiosa,
1280 1446 1343 1484 quia
1362 1455 1415 1475 non
1435 1451 1475 1475 est
1492 1445 1563 1474 intra
1574 1444 1695 1483 regulam
1707 1444 1783 1475 veri-

249 1485 310 1523 quis
335 1483 490 1523 praecideret
511 1495 526 1512 a
541 1493 653 1523 corpore
676 1481 788 1521 ahquod
806 1482 989 1511 membrorum

250 1525 343 1563 ipsius.
358 1522 387 1552 Si
400 1533 464 1562 ergo
475 1522 516 1551 hae
529 1523 723 1563 trespassiones
732 1521 866 1550 naturales
878 1528 952 1559 sunt,
965 1528 991 1551 et

250 1563 361 1599 intimae,
377 1569 403 1591 et
413 1562 528 1602 propri-‘e
542 1568 643 1591 naturae
656 1560 770 1590 carnalis
786 1572 793 1588 z
808 1559 912 1590 nullius
926 1566 988 1601 pas—

250 1602 333 1631 sionis
344 1601 528 1631 abstinentiam
542 1601 581 1630 sic
594 1601 739 1630 sanctificat
753 1610 861 1639 corpus,
876 1611 989 1639 quomo-

250 1642 286 1671 do
299 1641 457 1670 abstinentia
477 1641 585 1677 harum,
602 1647 632 1669 ut
645 1640 679 1669 sit
700 1639 782 1669 homo
801 1646 900 1677 castus,
915 1647 944 1669 ut
957 1640 992 1670 sit

247 1682 369 1721 jejunus,
385 1688 414 1710 ut
437 1677 513 1710 sit'in
539 1680 642 1720 vigiliis
662 1689 843 1720 perseverans.
856 1680 893 1709 Et
916 1680 992 1709 nulla

251 1721 360 1750 illarum
370 1720 523 1760 passionum
531 1720 570 1748 sic
578 1720 731 1758 coinquinat
737 1729 846 1758 corpis,
854 1718 992 1758 quomodo

252 1759 386 1800 passiones
400 1760 470 1797 istae,
483 1766 513 1788 ut
535 1759 570 1788 sit
584 1759 666 1788 homo
690 1765 737 1787 aut
754 1758 925 1796 fornicarius,
945 1766 993 1788 aut

252 1800 385 1839 epulator,
405 1806 452 1828 aut
469 1798 577 1828 deditus
596 1809 700 1834 somno,
727 1798 787 1827 ideo
809 1804 834 1826 et
855 1799 992 1838 apostolus

252 1839 340 1868 dicit:
368 1839 460 1867 Omne
478 1837 647 1878 peccatum,
670 1839 873 1877 quodcumque
889 1839 994 1878 fecerit

253 1880 351 1913 homo,
359 1885 443 1907 extra
453 1888 556 1917 corpus
568 1885 611 1907 est
625 1889 633 1905 .·
647 1878 698 1917 qui
708 1884 803 1906 autem
804 1878 990 1918 fornicatur,

253 1920 285 1946 in
296 1927 396 1957 corpus
404 1928 487 1946 suum
495 1924 608 1962 peccat,
617 1918 680 1956 quia
692 1917 800 1957 proprie
808 1916 860 1945 ¹de
874 1917 932 1957 ipsa
943 1928 992 1947 na-

253 1965 313 1986 tura
331 1957 419 1985 carnis
433 1966 520 1997 passio
532 1956 715 1986 fornicationis
728 1955 874 1995 egreditur.
890 1957 926 1987 Et
938 1959 994 1988 Doss

254 1997 343 2026 minus
357 1996 384 2024 in
396 1996 535 2035 evangelio
547 1996 713 2035 epulatorem
727 1996 854 2036 proponit
865 1995 989 2035 divitem,

1040 1483 1101 1512 tatis
1114 1490 1140 1512 et
1157 1483 1308 1524 disciplinae
1320 1485 1436 1522 inclusa,
1447 1484 1496 1516 sed
1508 1495 1555 1524 per
1568 1483 1674 1514 diversa
1689 1493 1784 1523 carna-

1040 1522 1108 1551 lium
1129 1523 1299 1563 voluptatum
1317 1524 1427 1554 diffusa.
1441 1524 1618 1553 ambulantes
1637 1523 1665 1552 in
1679 1534 1710 1553 ea
1728 1533 1782 1553 non

1040 1561 1114 1600 quod
1130 1561 1228 1592 dehent
1254 1574 1343 1603 agere,
1358 1564 1410 1600 hoc
1421 1570 1515 1603 agunt,
1533 1563 1580 1593 sed
1593 1562 1726 1602 quicquid
1737 1572 1783 1593 eos

1040 1601 1226 1640 delectaverit,
1240 1602 1292 1633 hoc
1308 1610 1468 1642 sequuntur.
1484 1603 1620 1634 Voluntas
1631 1613 1726 1632 eorum
1738 1602 1783 1632 lex

1041 1647 1080 1670 est
1094 1641 1214 1686 ipsorum
1228 1654 1242 1671 :-
1251 1649 1277 1672 et
1285 1653 1339 1672 non
1353 1643 1408 1684 ipsi·
1417 1643 1469 1673 sub
1482 1643 1543 1682 lcge'
1549 1649 1622 1679 sunt,
1632 1642 1680 1672 sed
1690 1642 1735 1672 lex
1745 1649 1783 1672 est

1042 1681 1093 1710 sub
1104 1681 1170 1710 1llis.
1184 1682 1239 1712 via
1252 1689 1341 1712 autem
1355 1682 1418 1713 vitae
1431 1689 1468 1712 est
1482 1681 1569 1712 omnis
1583 1682 1700 1723 justitia.
1709 1682 1784 1712 Dici-

1042 1727 1086 1750 tur
1099 1727 1187 1750 autem
1201 1731 1258 1751 esse
1270 1729 1354 1758 arcta,
1367 1723 1431 1761 quia
1445 1722 1515 1752 intra
1529 1722 1652 1762 regulam
1664 1721 1785 1753 veritatis

1042 1767 1068 1789 et
1080 1759 1230 1801 disciplinae
1241 1768 1281 1791 est
1294 1762 1409 1796 inclusa,
1424 1769 1449 1792 et
1462 1761 1630 1791 ambulantes
1642 1762 1671 1791 in
1682 1767 1714 1791 ea
1730 1771 1784 1790 non

1042 1800 1115 1838 quod
1131 1799 1244 1831 delectat
1256 1812 1311 1838 eos,
1326 1802 1377 1831 hoc
1391 1802 1504 1838 faciunt,
1513 1800 1561 1831 sed
1581 1800 1655 1840 quod
1667 1800 1782 1831 debent:

1042 1840 1104 1877 qnia
1117 1840 1161 1870 lex
1176 1851 1228 1870 non
1244 1841 1369 1871 voluntas
1382 1852 1477 1871 eorum
1496 1847 1546 1879 est,
1562 1851 1611 1870 nec
1625 1841 1671 1870 lex
1680 1847 1719 1870 est
1733 1839 1785 1870 sub

1043 1879 1108 1916 illis,
1119 1879 1166 1909 sed
1180 1879 1233 1919 ipsi
1243 1881 1295 1910 sub
1307 1881 1375 1920 lege.
1388 1880 1620 1911 Considerandum
1631 1887 1671 1910 est
1683 1886 1783 1917 autem,
1821 1896 1826 1902 ·

1042 1919 1106 1957 quia
1117 1920 1162 1949 via
1171 1919 1247 1950 ducit
1260 1919 1295 1950 ad
1306 1927 1422 1960 portam,
1433 1927 1459 1961 et
1469 1920 1520 1949 nisi
1534 1920 1596 1989 quis
1605 1919 1786 1955 ambulaverit

1043 1969 1093 1998 per
1102 1959 1186 1995 viam,
1199 1970 1252 1988 non
1271 1967 1359 2000 potest
1371 1960 1512 2006 pervenire
1521 1971 1535 1989 a
1569 1966 1674 1999 portam
1689 1970 1695 1986 ε
1709 1959 1749 1989 sie
1759 1965 1786 1989 et

1042 1998 1088 2036 qui
1099 1999 1231 2043 justitiam
1250 2000 1362 2037 faciunt,
1375 2000 1427 2040 ipsi
1441 2000 1491 2029 soli
1504 2006 1616 2040 possunt
1628 2005 1786 2038 cognoscere

254 2036 297 2065 cui
317 2045 420 2079 pauper
442 2036 560 2064 Lazarus
573 2035 709 2075 adjacebat
725 2046 731 2062 τ
751 2042 777 2064 et
790 2034 926 2065 Abraham
938 2046 991 2066 non
1007 2035 1027 2067 Ϊ)
1042 2037 1192 2074 Christum,
1208 2045 1235 2067 et
1253 2039 1353 2068 intra'nt
1364 2049 1413 2078 per
1428 2039 1530 2079 ipsum.
1549 2039 1604 2075 Qui
1626 2045 1714 2067 autem
1730 2047 1783 2067 non

253 2075 321 2104 dicit
339 2084 375 2110 et,
391 2075 456 2111 Fili,
466 2074 614 2112 recordare,
626 2075 688 2113 quia
702 2082 731 2104 tu
742 2075 794 2104 hoc
803 2082 830 2104 et
842 2075 894 2105 hoc
905 2076 992 2106 fecisti

253 2115 282 2143 in
296 2115 350 2144 vita
375 2119 431 2151 tua,
444 2120 470 2142 et
490 2124 561 2144 nunc
583 2114 710 2143 cruciaris
723 2125 729 2141 :
743 2114 801 2152 sed,
823 2115 901 2153 Quia
914 2117 991 2146 bona

253 2154 385 2193 recepisti
390 2155 422 2182 in
431 2156 496 2184 vita
508 2160 568 2183 tua.
578 2155 614 2183 Et
624 2154 723 2193 ubique
734 2154 866 2190 Dominus
877 2154 904 2184 in
914 2166 992 2185 evan-

252 2194 293 2232 gel
298 2190 322 2223 io
329 2193 449 2233 praecipit
457 2193 564 2222 assidue
571 2193 691 2233 vigilare.
699 2194 772 2233 Ergo
782 2192 892 2234 propter
900 2206 990 2225 omnes

252 2233 362 2271 quidem
372 2232 507 2273 justitias,
525 2233 657 2301 praecipue
680 2235 768 2263 autem
789 2241 899 2274 propter
911 2235 989 2264 labo-

252 2272 429 2302 riosissimum
443 2272 577 2312 jejunium
618 2273 662 2302 icit
678 2284 685 2300 :
700 2275 815 2302 Intrate
824 2283 878 2313 per
898 2285 990 2315 angu-

216 2324 218 2326 ·
252 2311 328 2341 stain
339 2319 466 2352 portam,
477 2318 528 2341 etc.
541 2313 618 2341 Porta
633 2312 791 2352 perditionis
800 2319 839 2342 est
851 2312 989 2354 diabolus,

252 2361 300 2390 per
311 2363 392 2389 quam
403 2353 527 2381 introitur
535 2352 562 2380 in
574 2352 733 2391 gehennam;
744 2359 820 2391 porta
829 2359 918 2381 autem
929 2354 990 2383 vitae

253 2394 290 2419 'est
300 2392 433 2423 Christus.
443 2401 490 2430 per
500 2401 580 2429 quam
591 2391 716 2420 introitur
727 2392 755 2420 iu
766 2391 880 2425 caelestia
892 2403 989 2432 regna:

101 2437 166 2458 ΡΜΙ,
189 2443 240 2466 ¹¹7·
252 2429 343 2468 dequa
357 2431 457 2460 dictum
467 2437 504 2459 est
518 2431 608 2459 :Haec
620 2433 705 2469 porta
719 2431 850 2466 Domini,
860 2432 936 2470 justi
945 2434 990 2462 in-

102 2475 138 2490 20.

252 2471 370 2498 trabunt
382 2480 433 2509 per
450 2479 524 2499 eam.
541 2472 606 2499 Lata
627 2477 714 2500 autem
729 2477 803 2510 porta
817 2470 920 2500 dicitur
932 2483 989 2502 esse

250 2507 385 2545 diaboms,
396 2519 447 2538 non
457 2509 640 2548 magnitudine
650 2510 786 2549 potestatis
795 2517 930 2548 exoensuS,
941 2512 988 2541 sed

1042 2077 1181 2107 ambulant
1187 2089 1234 2118 per
1244 2079 1315 2107 viam
1322 2079 1442 2118 justitiae,
1452 2078 1618 2122 impossibile
1625 2083 1674 2112 est,
1684 2083 1715 2106 ut
1722 2087 1785 2107 vere

1042 2124 1202 2156 cognoscant
1220 2118 1373 2153 Christum,
1386 2127 1511 2156 quamvis
1526 2117 1606 2146 multi
1628 2116 1709 2146 etiam
1730 2126 1784 2146 non

1042 2156 1209 2187 ambulantes
1235 2159 1282 2197 p‘er
1303 2157 1435 2197 justitiam
1461 2156 1604 2186 videantur
1627 2166 1785 2195 cognoscere

1041 2196 1192 2226 Christum.
1206 2197 1236 2227 Si
1250 2203 1340 2226 autem
1353 2207 1401 2226 nec
1413 2196 1487 2226 fuisti
1502 2206 1550 2226 nee
1563 2207 1591 2226 es
1607 2196 1634 2225 in
1647 2196 1692 2226 via
1701 2195 1784 2235 justi-

1044 2237 1128 2281 tiae,et
1135 2243 1215 2276 putas
1226 2242 1252 2266 te
1261 2246 1420 2281 cognoscem
1429 2236 1580 2272 Christum,
1587 2235 1718 2265 mentiris.
1728 2235 1783 2266 Sic-
1793 2246 1843 2263 ιω

1041 2282 1157 2305 ut-emm
1175 2276 1223 2315 qui
1238 2276 1315 2306 audit
1352 2286 1396 2304 uia
1410 2276 1462 2306 mel
1475 2275 1556 2305 duloe
1566 2282 1615 2312 est,
1635 2285 1684 2304 nec
1694 2281 1782 2314 gustat

1040 2315 1075 2344 de
1089 2315 1149 2352 illo,
1164 2326 1261 2345 nomen
1284 2287 1395 2355 quidem
1410 2316 1500 2345 mellis
1512 2315 1657 2355 cognoscit,
1701 2315 1782 2343 atiam

1042 2361 1130 2384 autem
1146 2355 1203 2395 ejus
1216 2362 1319 2385 naturae
1334 2355 1439 2395 ignorat
1455 2366 1462 2383 :
1477 2355 1516 2385 sic
1535 2354 1619 2392 etqui
1630 2364 1664 2383 au
1688 2354 1707 2383 't
1718 2354 1782 2392 quia

1042 2394 1165 2425 Christus
1176 2395 1264 2425 Filius
1273 2395 1325 2425 Dei
1333 2402 1382 2432 est,
1391 2395 1496 2435 justitia
1505 2401 1592 2424 autem
1599 2394 1657 2434 ejus
1666 2403 1718 2423 non
1724 2394 1783 2422 sue-

1043 2434 1078 2463 rit
1097 2445 1172 2472 usus,
1186 2434 1372 2464 tantummodo
1395 2444 1490 2464 nomen
1509 2433 1611 2464 Christi
1635 2433 1782 2473 cognoscit,

1043 2474 1153 2513 gratiam
1162 2481 1251 2504 autem
1262 2481 1364 2504 naturae
1374 2475 1559 2514 ejus-ignorat.
1573 2472 1638 2503 Ideo
1650 2483 1703 2502 non
1713 2472 1785 2502 dixit

1042 2514 1183 2553 propheta,
1202 2513 1305 2544 Audite
1327 2521 1354 2543 et
1375 2513 1466 2544 videte
1487 2514 1613 2553 quoniam
1637 2512 1728 2544 suavis
1744 2519 1785 2542 est

287 2609 296 2619 κ
315 2600 353 2624 De
363 2603 416 2632 ipsa
426 2607 514 2625 natura
528 2602 663 2633 corpor-ulis
669 2603 755 2633 passio
763 2601 832 2627 Editi
842 2603 867 2627 in
878 2603 997 2636 margine.
1014 2605 1041 2628 V.
1057 2605 1086 2630 D.
1101 2611 1183 2630 autem
1197 2606 1305 2638 corporis
1313 2606 1406 2639 pensate.

1783 362 1869 392 Pauper
1878 369 1903 390 qt

1783 395 1828 415 ritu
1842 394 1900 423 quis.
