1904 2840
215 217 284 252 858

792 224 874 247 OPUS
901 222 1138 246 memmerunt

215 301 307 320 meum
329 299 498 329 supervos.-
511 294 539 316 et
559 288 661 317 discite
673 297 694 317 a
707 297 769 323 me,
785 288 855 327 qnia
875 287 953 315 mitis
970 287 990 312 A
1007 292 1064 314 tem
1077 295 1162 314 suam
1186 294 1244 315 non
1261 286 1452 326 derelinquet.
1476 286 1553 317 Hanc
1573 286 1746 325 questionem

215 341 288 364 sum,
304 336 333 358 et
351 329 470 358 humilis
487 328 583 357 corde.
599 328 624 357 Ο
639 326 819 367 gratissimum
832 325 950 366 pondus,

215 369 286 408 quod
297 368 380 407 magis
394 367 522 397 confortat
536 366 684 407 portantes!
697 368 765 396 Nam
780 365 885 406 pondus
899 372 951 394 ter-

214 409 340 438 restrium
353 407 524 437 dominorum
543 407 629 437 atterit
686 406 778 435 ulatim
797 405 950 435 ministran-

215 449 280 477 tium
292 447 363 477 vircs
377 460 382 476 ε
395 446 500 487 pondus
518 453 606 476 autern
626 417 726 476 Ciiiisti
742 445 829 485 magis
842 444 952 485 adjuvat

213 487 387 528 bajulantem,
404 487 469 526 quia
482 497 535 516 non
548 497 595 516 nos
612 493 750 526 portamus
769 485 893 524 gratiam,
906 483 953 513 sed

215 527 298 567 gratia
316 537 373 556 nos.
393 527 449 557 Nec
468 536 516 556 nos
535 525 570 555 ad
587 525 721 555 auxilium
732 524 823 564 gratiae
832 524 888 554 dati
904 533 950 552 su-

215 577 285 600 mus,
301 566 347 595 sed
361 567 444 606 gratia
462 566 548 606 magis
561 565 595 595 ad
617 572 747 594 nostrum.
765 565 815 594 50.
842 565 954 601 Jugum

215 608 292 634 enim
305 616 400 635 meum
411 616 500 635 suave
513 613 566 642 est,
580 612 607 634 et
618 615 690 634 onus
700 614 795 633 meum
806 604 879 633 leve.
889 604 955 633 Sus-

215 646 294 685 cipite
304 646 402 686 jugum
421 655 511 675 meum
525 657 531 673 :
544 652 570 675 et
587 655 602 674 a
616 654 659 673 me
672 643 783 681 discite;
795 642 824 672 id
837 650 891 680 est,
910 642 955 671 Ex

215 686 273 725 ipso
292 686 359 725 jugo
381 696 451 721 meo,
467 685 530 724 quia
543 694 625 714 suave
639 690 688 720 est,
705 690 730 712 et
742 693 776 712 ex
795 683 855 722 ipso
876 691 955 727 onere

216 736 283 760 meo,
297 725 361 763 quia
374 725 433 754 leve
449 731 503 760 est,
516 724 728 764 experimentum
749 723 877 762 accipite,
892 731 955 760 quia

215 764 288 793 mitis
298 774 370 801 sum,
384 771 409 793 et
422 763 535 793 humilis
545 763 635 793 corde.
648 764 845 801 Consequenter
855 769 881 791 et
894 771 957 801 pro·

216 805 295 844 pheta
310 804 377 834 dicit
389 804 422 833 de
436 803 544 833 Christo
556 815 562 832 ε
577 804 701 833 Gustata
720 809 749 831 et
759 802 868 839 videte,
882 811 956 840 quo-

217 846 297 872 niam
307 846 405 874 suavis
416 850 458 872 est
474 846 626 872 Dominus.
639 841 790 882 Inexpertis
803 841 874 870 enim
892 850 956 879 gra-

216 883 257 912 vis
271 891 309 912 est
319 882 425 923 justitia
438 883 551 919 Christi,
564 881 682 922 expertis
699 887 789 910 autem
802 880 893 910 suavis
904 886 953 909 eut.

216 923 288 962 Ergo
302 923 347 952 lex
366 922 478 952 immitis
490 923 552 958 fuit,
571 922 635 961 quia
656 920 786 960 quicquid
807 919 954 956 mandavit,

216 963 243 991 in
257 963 294 991 ira
314 973 361 991 sua
379 962 517 991 mandavit
530 968 591 1007 post
603 961 706 991 idolum
721 960 889 995 fabricatum,
903 969 956 988 non

216 1009 246 1030 ut
265 1002 359 1038 salvet,
371 1001 417 1031 sed
432 1000 461 1031 ut
480 1008 574 1041 pumat
594 1011 638 1031 eos
660 999 807 1030 secundum
827 999 956 1028 duritiam

217 1041 304 1070 cordis
316 1052 420 1071 eorum.
435 1042 558 1071 Christus
572 1048 659 1070 autem
675 1040 747 1070 mitis
759 1046 809 1075 est,
830 1039 956 1078 quoniam

217 1081 346 1119 quicquid
368 1081 493 1118 mandat,
513 1088 626 1121 propter
649 1079 861 1109 misericordiam
880 1088 957 1108 suam

218 1120 342 1157 mandat,
367 1131 419 1150 non
435 1127 464 1150 nt
477 1120 586 1160 puniat,
609 1119 656 1149 sed
674 1125 704 1148 ut
716 1120 811 1149 salvet.
825 1120 894 1148 Item
912 1118 957 1147 lex

218 1160 332 1199 superba
342 1167 391 1190 est.
402 1162 483 1191 Vetat
491 1160 561 1189 euim
573 1170 677 1189 omnem
688 1159 824 1189 hominem
833 1157 957 1187 accedere

219 1199 252 1228 ad
265 1206 363 1235 sancta,
377 1207 473 1239 praeter
489 1199 651 1238 pontificem.
667 1199 735 1228 Item
747 1199 872 1227 mulieres
884 1206 957 1226 men-

219 1245 342 1274 struatas,
356 1239 400 1268 vel
411 1239 502 1267 virum
516 1239 542 1268 in
555 1239 631 1267 fluxu
647 1238 764 1273 seminis,
774 1245 845 1268 vetat
859 1237 957 1266 intrare

218 1278 245 1306 in
261 1278 401 1315 templum.
416 1280 533 1307 Luscum
544 1300 551 1314 ,
570 1278 614 1307 vel
635 1277 789 1317 leprosum,
804 1277 848 1307 vel
865 1277 957 1315 aliquo

219 1317 337 1345 membro
358 1317 491 1352 debilem,
505 1323 576 1346 vetat
597 1315 744 1346 sacerdotio
762 1317 849 1354 fungi.
870 1315 957 1346 Vides

219 1356 352 1394 quomodo
363 1357 393 1385 s²u
415 1357 476 1385 crba
490 1363 529 1385 est
542 1356 606 1384 lex?
619 1356 741 1385 Christus
760 1363 848 1384 autem
862 1355 954 1383 humi-

219 1396 263 1432 lis,
278 1395 326 1433 qui
336 1367 493 1424 nihifaliud
503 1395 608 1434 quaerit,
619 1395 670 1423 nisi
686 1394 766 1423 fidem
780 1395 919 1433 integram,
932 1400 958 1422 et

219 1435 405 1464 conscientiam
418 1434 557 1464 mundam.
573 1436 614 1463 Et
627 1435 791 1470 invenietis,
803 1433 901 1472 inquit,
916 1442 958 1461 re-

219 1476 315 1514 quiem
329 1476 484 1506 animabus
497 1476 612 1503 vestris.
626 1474 687 1503 Non
700 1473 782 1508 dixit,
798 1473 958 1502 Invenietis

219 1516 358 1553 requiem,
372 1521 397 1543 et
410 1513 509 1542 tacuit:
524 1513 570 1542 sed
585 1512 698 1546 addidit.
720 1514 886 1542 Animabus
909 1521 957 1541 ve—

219 1555 300 1583 stris:
309 1554 435 1592 quoniam
447 1552 570 1582 mandata
580 1553 681 1582 Christi
689 1553 717 1581 in
729 1552 781 1582 hoc
792 1552 889 1581 saeculo
901 1551 958 1580 ani·

219 1602 323 1622 marum
333 1593 437 1632 requies
447 1600 519 1629 sunt,
531 1603 582 1621 non
596 1602 737 1632 corporum
751 1592 905 1631 :quoniam,
919 1598 958 1620 et-

220 1633 242 1662 si
254 1631 375 1662 laborant
389 1637 414 1661 ct
427 1632 566 1662 tristantur
579 1632 605 1660 in
620 1642 742 1671 corpore,
756 1632 850 1660 animae
864 1640 957 1660 eorum

221 1671 400 1711 requiescunt,
415 1678 440 1700 et
453 1672 568 1711 gaudent
582 1671 608 1700 in
623 1672 719 1711 spiritu
737 1678 762 1700 et
776 1673 803 1700 in
817 1681 874 1711 spe.
893 1670 957 1700 Ideo

220 1712 286 1740 alibi
306 1712 392 1741 dicit:
409 1713 480 1740 Haec
499 1718 595 1740 autem
620 1712 756 1749 loquutus
778 1721 842 1739 sum
856 1710 956 1752 mobis,

221 1757 252 1780 ut
264 1753 294 1779 in
307 1761 352 1780 me
362 1761 462 1790 pacem
476 1753 618 1788 habeatis,
632 1751 664 1779 in
674 1752 726 1780 hoc
739 1757 835 1780 autem
849 1751 956 1779 mundo

221 1792 435 1821 tribulationes.

65 808 131 830 Psal.
140 808 203 839 339.

65 1166 119 1188 ιον.
136 1167 170 1189 16.
186 1173 207 1189 ct

71 1203 106 1218 ¹2.
126 1203 147 1220 ct
159 1207 205 1228 sqq.

66 1235 128 1257 Capp-

55 1708 136 1737 Jmn.
158 1715 192 1739 16-

68 1747 106 1769 33.

370 1895 502 1924 Homilia
512 1896 594 1923 xxix.
610 1905 645 1923 ex
659 1904 723 1932 cap.
739 1895 791 1933 xij.

259 1989 309 2016 29.
325 1987 405 2016 Tunc
423 1985 538 2015 oblatus
557 1989 599 2013 est
617 1985 688 2014 Jesu
713 1985 886 2015 daemonium
903 1987 956 2016 ha-

221 2029 304 2063 bens,
325 2036 416 2056 coecus
438 2031 467 2053 et
489 2030 594 2061 mutus,
615 2030 663 2052 etc.
695 2025 790 2060 Tunc,
805 2025 872 2063 quid
895 2028 955 2056 est?

219 2066 334 2104 Quando
356 2075 476 2105 egressus
495 2071 533 2093 est
552 2063 585 2092 de
607 2073 739 2103 synagoga
761 2064 805 2102 (in
829 2066 955 2105 mysterio

218 2107 356 2136 contemsit
363 2113 524 2145 synagogam
536 2102 714 2139 Judaeorum).
728 2110 791 2133 tunc
802 2104 907 2134 oblatus
916 2113 955 2136 est

218 2146 243 2175 ei
257 2147 284 2175 in
296 2154 349 2174 uno
361 2144 469 2173 homine
482 2149 551 2173 totus
565 2141 691 2177 munduS,
705 2153 788 2172 caecus
803 2151 828 2173 et
851 2151 952 2181 mutus,

218 2185 265 2224 qui
276 2195 361 2223 neque
374 2184 494 2217 videbat,
508 2192 593 2220 neque
604 2181 763 2220 loquebatur
777 2195 784 2212 z
798 2183 827 2212 id
837 2191 887 2220 est,
906 2185 952 2223 qui

218 2235 302 2264 neque
315 2223 490 2263 cognoscebat
502 2223 639 2251 Factorem
654 2231 743 2258 suum,
756 2233 842 2261 neque
856 2224 953 2263 gratias

218 2265 260 2294 illi
271 2264 375 2303 agebat;
388 2269 417 2292 ut
430 2261 502 2301 quod
513 2260 656 2291 visibiliter
670 2260 696 2289 in
711 2272 762 2290 uno
774 2262 952 2303 homineagc-

216 2305 307 2339 batur,
317 2303 367 2332 hoc
377 2301 548 2332 invisibiliter
558 2300 615 2329 fieri
627 2300 819 2338 intelligeretur
831 2302 855 2330 in
868 2303 954 2332 omni-

216 2344 277 2372 bus.
294 2344 362 2372 Nam
375 2353 448 2378 vere,
458 2341 510 2370 nisi
519 2339 640 2370 Judaeam
651 2339 781 2369 Dominus
790 2341 952 2380 reliquisset,

216 2383 305 2412 adhuc
317 2391 408 2411 omnes
429 2387 517 2420 gentes
537 2379 564 2408 in
586 2386 713 2419 potestate
728 2379 830 2408 diaboli
849 2382 909 2410 coeci
928 2389 953 2411 ct

216 2423 283 2451 muti
304 2428 446 2450 inaneient.
473 2418 599 2458 Legimus
625 2419 651 2447 in
666 2418 812 2458 Scripturis
828 2427 855 2449 et
877 2420 952 2450 dere—

216 2462 307 2491 lictam
326 2460 465 2496 Judaeam,
480 2466 506 2488 et
527 2469 580 2487 non
606 2458 770 2487 derelictam.
793 2460 951 2489 Derelictam

65 2512 187 2536 Esaias.
215 2501 342 2540 quidem,
370 2500 439 2529 sicut
463 2499 556 2529 Esaias
580 2497 644 2527 dicit
658 2510 664 2526 :
678 2498 719 2527 Et
738 2498 954 2538 derelinquetur

211 2542 278 2580 filia
294 2541 374 2576 Sion,
394 2541 468 2568 sicut
492 2538 693 2567 umbraculum
715 2539 747 2566 in
771 2539 869 2567 vinea.
892 2540 952 2568 Non

66 2598 131 2619 pm,-
147 2597 185 2625 03-
214 2580 365 2609 derelictam
385 2585 484 2615 autem,
506 2577 575 2606 sicut
594 2576 683 2607 David
695 2576 761 2606 dicit
777 2589 783 2605 :
803 2578 878 2616 Quia
893 2589 953 2607 non

69 2630 103 2656 .4.
148 2622 153 2626 “
215 2620 332 2659 repellet
356 2619 499 2647 Dominus
515 2617 627 2656 plebem
647 2626 741 2655 sumn,
759 2624 787 2646 et
807 2618 951 2647 heredita-

83 2005 149 2026 Deest
165 2006 207 2026 ini-

67 2037 122 2056 tium
150 2037 208 2057 duo-

67 2067 148 2088 decimi
172 2075 207 2089 ca-

67 2098 129 2126 puis.

1005 329 1087 360 solvit
1119 329 1196 360 nohis
1229 330 1379 370 apostolus,
1408 329 1500 360 dicens
1514 342 1522 360 ε
1534 330 1603 360 Non
1637 332 1746 360 excidit
1754 333 1822 356 Rom·
1834 339 1858 364 9-
1869 332 1895 357 6-

1005 374 1130 403 verbum
1155 373 1223 403 Det.
1244 374 1314 403 Non
1324 383 1424 404 omnes
1437 374 1489 413 qui
1501 380 1571 404 sunt
1583 384 1620 403 ex
1634 375 1743 412 [st-aiil,
1755 373 1778 396 ⁷·

1005 418 1038 446 hi
1064 424 1132 447 sunt
1157 416 1301 447 Israe'litoe
1322 430 1331 446 :
1355 427 1448 458 neque
1477 418 1531 458 qui
1558 424 1627 448 sunt
1649 429 1747 448 semen

1006 462 1150 497 Abrahoe,
1170 472 1269 491 omnes
1281 462 1342 502 filii
1354 474 1365 491 .-
1375 462 1428 492 sed
1441 464 1472 491 in
1485 464 1572 492 Isaac
1594 463 1749 493 vocabitur

1007 507 1061 535 tibi
1073 516 1180 535 semen.
1191 506 1265 546 Ergo
1277 516 1330 536 non
1343 506 1390 546 qui
1400 505 1451 536 filii
1461 506 1549 536 carnis
1557 506 1601 544 ,hi
1613 507 1664 536 filii
1676 507 1745 537 Dei:

1007 548 1054 579 sed
1071 550 1118 588 qui
1132 549 1182 579 filii
1194 550 1397 590 promissionis,
1403 550 1568 584 aestimantur
1580 561 1679 580 semen.
1693 550 1750 582 Vi-

1006 593 1054 623 des
1074 604 1138 633 ergo
1160 594 1223 632 quia
1240 594 1288 624 illa
1309 594 1406 624 Judaea
1423 594 1551 624 derelicta
1571 602 1620 631 est,
1637 605 1696 634 quae
1709 605 1750 625 se·

1008 637 1126 667 cundum
1133 647 1239 667 caruem
1246 645 1302 668 erat
1309 638 1404 669 Judaea
1414 651 1420 668 ε
1434 650 1494 679 quae
1504 646 1592 669 autem
1601 639 1750 669 secundum

1008 681 1133 720 spiritum
1143 680 1195 709 fuit
1204 681 1221 711 J
1224 680 1308 717 udaea,
1322 691 1374 711 non
1388 682 1476 711 solum
1494 681 1620 712 derelicta
1633 691 1685 712 non
1697 688 1748 720 est,

1008 720 1055 750 sed
1066 719 1151 760 magis
1165 720 1246 749 electa
1260 728 1308 750 est.
1321 723 1392 753 Nam
1404 722 1474 751 sicut
1483 722 1511 751 in
1526 721 1634 751 homine
1646 721 1751 763 duplex

1009 767 1048 789 est
1073 760 1153 789 homo
1170 772 1177 788 t
1194 767 1233 789 est
1253 760 1325 790 enim
1342 761 1425 791 homo
1442 761 1558 791 exterior
1585 761 1700 791 carnalis
1724 767 1751 791 et

1008 798 1232 839 corrumpendus,
1255 806 1281 829 et
1304 808 1343 830 est
1364 801 1445 830 homo
1463 801 1612 841 spiritualis
1628 801 1750 831 incorru-

1010 839 1130 879 ptibilis;
1149 846 1175 868 et
1191 840 1260 868 sicut
1275 839 1301 868 in
1315 840 1372 885 lege
1387 840 1492 880 duplex
1509 847 1549 870 est
1568 841 1749 879 circumcisio,

1009 889 1023 908 a
1037 879 1102 908 foris
1119 878 1229 917 quidem
1249 879 1374 916 carnalis,
1393 887 1419 909 et
1432 880 1617 917 rescindenda,
1632 881 1667 910 ab
1679 881 1752 910 intus

1008 925 1096 948 autem
1112 925 1138 948 et
1151 918 1310 958 spiritualis,
1322 926 1348 948 et
1364 919 1537 959 adimplenda
1551 933 1557 949 :
1571 926 1665 960 utputa
1674 942 1682 955 ,
1699 920 1751 950 hoc

1008 958 1123 988 recisum
1134 965 1173 987 est
1190 958 1218 987 in
1234 958 1302 997 lege,
1317 960 1390 1004 quod
1402 966 1484 988 erata
1498 959 1562 988 soris
1583 959 1748 998 membrum,

1008 997 1078 1027 illud
1089 1005 1188 1032 autem,
1205 998 1278 1036 qnod
1290 999 1342 1028 fuit
1355 999 1389 1028 ab
1402 999 1486 1034 intus,
1501 1005 1529 1027 ut
1542 999 1751 1029 circumcidere-

1008 1044 1053 1067 tur
1072 1048 1128 1074 cor,
1140 1047 1193 1066 non
1204 1044 1243 1067 est
1254 1038 1368 1067 recisum
1382 1050 1388 1066 ε
1403 1038 1442 1068 sic
1452 1045 1478 1068 et
1490 1038 1518 1067 in
1532 1038 1626 1069 Judaea
1647 1038 1751 1079 duplex

1008 1084 1047 1107 est
1060 1077 1164 1107 Judaea.
1181 1077 1217 1107 Et
1228 1087 1243 1106 a
1253 1078 1319 1107 foris
1329 1077 1438 1117 quidem
1454 1077 1548 1108 Judaea
1567 1078 1686 1113 videtur,
1702 1079 1750 1117 qui

1008 1127 1042 1146 ex
1055 1127 1134 1147 carne
1148 1116 1263 1146 Abrahae
1284 1118 1340 1146 nati
1353 1124 1425 1147 sunt.
1441 1118 1514 1158 Ergo
1527 1118 1644 1163 populus
1657 1118 1686 1147 in
1699 1128 1749 1158 po-

1009 1157 1074 1197 pulo
1083 1164 1139 1186 erat
1148 1156 1333 1186 claususteo
1341 1164 1366 1186 et
1379 1157 1513 1187 Dominus
1526 1166 1661 1195 ingressus
1669 1167 1751 1203 syna-

1008 1206 1114 1242 gogam,
1127 1196 1155 1225 id
1167 1203 1217 1233 cst,
1232 1197 1308 1235 quasi
1323 1197 1351 1226 in
1372 1197 1516 1237 populum,
1530 1197 1645 1227 salvavit
1660 1206 1750 1227 virum

1008 1236 1157 1276 spiritualis
1180 1236 1275 1276 populi
1290 1236 1396 1267 Juda'ici
1414 1236 1530 1276 figuram
1552 1236 1700 1266 habentem.
1714 1236 1752 1267 Et

1008 1275 1143 1315 ingressus
1163 1275 1191 1304 in
1210 1276 1353 1316 populum,
1367 1282 1396 1306 ut
1407 1275 1441 1305 de
1453 1276 1542 1306 medio
1554 1276 1648 1316 populi
1662 1286 1751 1317 popu·

1009 1315 1067 1344 lum
1086 1315 1222 1351 liberaret,
1235 1315 1263 1344 id
1272 1323 1322 1351 est,
1336 1315 1371 1345 de
1382 1326 1527 1356 synagoga.
1540 1316 1661 1356 Populus
1680 1316 1752 1345 enim

1009 1354 1056 1382 ille
1078 1354 1226 1393 spiritualis
1247 1365 1357 1384 manum
1376 1355 1492 1384 habebat
1513 1354 1636 1392 aridam,
1651 1355 1681 1385 id
1700 1361 1751 1391 est,

1008 1392 1072 1422 boni
1083 1393 1214 1430 homines,
1229 1394 1276 1432 qui
1287 1401 1362 1423 erant
1376 1394 1444 1423 inter
1453 1395 1470 1424 J
1474 1393 1572 1431 udaeos‚
1587 1395 1676 1424 aridas
1691 1406 1750 1425 ma-

1009 1442 1060 1461 nus
1073 1432 1206 1462 habebant
1224 1433 1275 1463 sub
1291 1433 1349 1472 lege
1362 1440 1520 1471 contractas,
1533 1435 1597 1472 quia
1611 1445 1690 1474 opera
1701 1435 1750 1474 ju-

975 1478 993 1501 c
1009 1471 1087 1500 stitiae
1099 1472 1186 1501 facere
1197 1482 1249 1502 non
1259 1479 1394 1512 poterant:
1404 1473 1480 1512 Quia
1488 1483 1525 1502 ex
1536 1475 1668 1513 operibus
1678 1475 1749 1514 legis
1760 1474 1858 1497 ὤν’-3·

1010 1521 1094 1540 nemo
1102 1512 1290 1552 justificatur.
1306 1513 1421 1552 Utputa,
1438 1513 1556 1542 amicum
1575 1512 1688 1552 diligere
1710 1525 1751 1545 se-

1009 1550 1127 1580 cundum
1141 1552 1235 1590 legem,
1246 1558 1272 1580 et
1285 1552 1310 1581 ei
1323 1551 1486 1589 benefacere,
1498 1562 1550 1581 non
1560 1558 1599 1582 αἱ
1608 1553 1660 1582 hoc
1668 1554 1750 1584 bene—

1008 1590 1103 1627 facere,
1116 1590 1163 1620 sed
1172 1591 1242 1620 male
1249 1601 1301 1620 non
1310 1592 1405 1621 facere.
1414 1592 1474 1621 Non
1482 1592 1554 1621 enim
1565 1593 1674 1622 omnino
1682 1594 1752 1624 male

1009 1640 1061 1659 non
1084 1630 1168 1660 faeere
1177 1653 1185 1667 ,
1203 1631 1335 1671 justitiam
1354 1631 1440 1661 facere
1460 1637 1510 1661 est.
1531 1632 1625 1670 Itaque
1648 1634 1752 1664 sanavit

1009 1679 1103 1699 manus
1112 1670 1249 1710 justorum
1263 1671 1386 1700 Christus
1400 1680 1448 1711 per
1462 1671 1586 1710 gratiam,
1601 1677 1630 1701 ut
1647 1682 1699 1702 non
1713 1683 1752 1703 so-

1009 1709 1067 1738 lum
1097 1711 1207 1747 amicos,
1233 1710 1280 1739 sed
1307 1711 1387 1740 etiam
1411 1710 1534 1740 inimicos
1559 1717 1658 1748 ament,
1684 1713 1751 1743 bene

1009 1749 1134 1779 omnibus
1145 1749 1279 1779 facientes.
1291 1750 1376 1780 Vides
1383 1750 1446 1789 quia
1454 1750 1542 1780 laxata
1549 1757 1588 1780 est
1596 1761 1690 1782 manus
1703 1763 1752 1782 eo·-

1008 1799 1085 1826 rum,
1098 1789 1174 1828 quasi
1187 1789 1319 1829 accipiens
1335 1790 1425 1829 gratiae
1439 1790 1558 1820 nervos?
1577 1789 1642 1820 Ideo
1661 1798 1751 1822 autem

1009 1828 1085 1867 prius
1097 1829 1172 1858 arida
1187 1839 1281 1858 manus
1304 1836 1394 1858 sanata
1413 1835 1463 1866 est,
1479 1837 1568 1870 postea
1582 1830 1751 1861 illuminatus

1009 1878 1105 1905 caecus,
1125 1869 1188 1907 quia
1206 1879 1255 1908 per
1269 1879 1350 1908 opera
1364 1869 1475 1908 justitia>
1493 1870 1602 1899 venitur
1617 1870 1651 1900 ad
1665 1872 1750 1911 perfe-

1007 1914 1076 1937 ctam
1092 1908 1270 1948 cognitionem
1291 1909 1352 1938 Dei.
1368 1908 1426 1939 Nisi
1447 1910 1518 1938 enim
1529 1910 1591 1948 quis
1603 1910 1750 1940 secundum

1007 1948 1095 1976 Deum
1103 1947 1212 1987 coeperit
1220 1948 1368 1985 ambulare,
1378 1948 1422 1978 vel
1429 1950 1579 1978 conversari
1585 1972 1592 1986 ,
1603 1958 1750 1989 numquam

1007 1993 1093 2026 potest
1105 1988 1192 2016 Deum
1205 1988 1319 2028 perfecte
1332 1997 1489 2027 cognoscere
1501 2000 1507 2016 ε
1520 1989 1590 2018 bona
1603 1989 1675 2019 enim
1687 2000 1750 2019 con·
1759 1994 1827 2010 “¹¹¹¹

974 2032 991 2055 D
1008 2026 1122 2056 versatio
1145 2026 1180 2056 ad
1203 2027 1414 2065 cognoscendum
1436 2029 1524 2057 Deum
1547 2039 1561 2057 a
1597 2029 1633 2058 rit
1658 2029 1751 2059 oculos

1007 2067 1113 2095 mentis.
1130 2067 1180 2095 Per
1193 2067 1306 2096 verbum
1326 2066 1397 2095 enim
1417 2068 1494 2105 quasi
1513 2039 1636 2097 mosibus
1658 2075 1750 2107 gustus

1007 2105 1057 2134 Dei
1071 2104 1151 2134 datur
1164 2106 1339 2142 hominibus;
1353 2116 1401 2145 per
1414 2107 1638 2136 conversationem
1661 2114 1750 2137 autem

1006 2144 1104 2173 honam
1111 2145 1217 2174 venitur
1227 2145 1261 2174 ad
1270 2145 1410 2184 perfectam
1420 2144 1512 2174 fidem.
1527 2145 1609 2175 Unde
1619 2145 1749 2186 scriptum

1006 2190 1046 2213 est
1057 2185 1158 2214 :Beati
1168 2185 1276 2218 mundo
1290 2185 1528 2223 corde,quoniam
1538 2187 1593 2225 ipsi
1602 2187 1698 2215 Deum
1704 2188 1750 2215 vi·
1760 2186 1871 2210 Matth.5.

1006 2224 1126 2253 debunt.
1141 2224 1176 2253 Et
1183 2234 1216 2252 ne
1227 2223 1325 2263 aliquis
1339 2230 1431 2263 putet,
1445 2225 1508 2263 quia
1521 2225 1636 2255 sufficiat
1648 2225 1751 2255 homini

1006 2263 1081 2292 fideli
1095 2273 1251 2303 cognoscere
1260 2265 1357 2299 Deum,
1365 2263 1412 2293 sed
1422 2265 1598 2294 necessarium
1607 2272 1646 2295 est
1655 2272 1681 2294 et
1689 2275 1751 2295 con·

1005 2303 1074 2332 fiteri
1090 2303 1191 2340 Deum3
1207 2303 1267 2332 idco
1279 2313 1378 2332 caecum
1390 2310 1416 2332 et
1429 2310 1534 2332 mutum
1549 2305 1652 2334 sanavit
1665 2316 1672 2333 ε
1688 2315 1752 2334 octe

1005 2343 1045 2371 los
1062 2342 1097 2371 ad
1118 2342 1330 2383 cognoscendum
1352 2344 1450 2379 Deum,
1465 2353 1496 2372 os
1516 2343 1551 2372 ad
1569 2343 1750 2373 confitendum

1005 2383 1103 2411 Deum.
1119 2383 1174 2420 Qui
1188 2393 1252 2422 ergo
1266 2383 1412 2421 cognoscit,
1429 2389 1455 2412 et
1467 2393 1520 2411 non
1537 2383 1687 2419 confitetur,
1703 2383 1750 2412 ille

1005 2422 1055 2450 etsi
1082 2422 1175 2451 oculos
1195 2422 1290 2451 mentis
1303 2422 1398 2451 habeat
1419 2429 1535 2457 curatos,
1550 2429 1637 2451 tamen
1659 2420 1749 2451 adhuc

1006 2468 1095 2490 mutus
1108 2468 1157 2491 est.
1173 2462 1228 2498 Qui
1243 2472 1306 2501 ergo
1326 2461 1419 2491 videns
1440 2471 1492 2491 non
1511 2461 1587 2491 videt
1605 2463 1704 2498 Deum,
1719 2462 1749 2491 id

1006 2507 1055 2536 cst,
1068 2511 1228 2539 cognoscens
1248 2511 1300 2530 non
1323 2501 1458 2540 cognoscit
1475 2502 1564 2530 Deum
1574 2523 1582 2536 ,
1595 2511 1680 2530 caecus
1697 2508 1747 2538 est,

1006 2540 1068 2577 quia
1083 2550 1134 2569 non
1146 2541 1208 2570 facit
1223 2547 1351 2581 praecepta
1367 2540 1426 2570 Dei.
1442 2541 1479 2570 Et
1496 2540 1543 2579 qui
1563 2540 1673 2579 loquens
1694 2551 1749 2570 non

1006 2579 1126 2617 loquitur
1135 2582 1234 2617 Deum,
1244 2587 1335 2609 mutus
1345 2586 1395 2616 est,
1406 2580 1469 2618 quia
1479 2580 1489 2608 l
1525 2590 1590 2609 nens
1602 2590 1654 2609 non
1663 2580 1749 2619 loqui-

1006 2625 1050 2647 tur
1068 2619 1117 2649 Dei
1138 2619 1256 2658 laudem,
1271 2626 1318 2649 aut
1335 2618 1446 2659 gratiam
1461 2631 1468 2648 z
1482 2589 1528 2649 ⁵⁴3
1541 2619 1563 2648 si
1579 2619 1687 2658 quidem
1705 2630 1746 2656 ea,

1899 1070 1904 1094 ,.
1901 1037 1904 1052 ..
1894 786 1904 1018 As„-4-.-1.-—...,...
