1904 2840
60 459 146 481 Muuh.
163 465 199 481 Η.

62 926 129 947 Jocm.
153 931 187 947 lo.

64 963 102 978 20.

65 1049 203 1079 Act.26.24.

67 1206 126 1227 Ibid.
137 1214 157 1227 v.
167 1204 204 1227 25.

69 1449 92 1477 4.
114 1447 164 1476 Reg
186 1453 200 1477 9

70 1486 93 1501 a.
104 1477 127 1500 3.

74 1887 136 1909 Ibid.
145 1894 165 1909 v.
177 1893 213 1908 ιι.

75 2161 136 2185 Ima.

168 1463 172 1467 .
204 1441 360 1481 .appellati.
377 1440 454 1470 Misit
467 1441 613 1480 aliquando
633 1442 748 1471 Elisaeus
766 1442 896 1482 propheta
915 1441 959 1471 di-

210 181 280 216 680

207 254 304 283 Filius
319 254 445 282 hominis
466 252 648 282 manducans
667 257 695 282 et
709 252 808 281 bibens
813 261 828 288 ;
840 251 954 286 dicunt,
972 255 991 279 C

206 295 302 322 Homo
313 303 407 322 vorax
418 299 447 321 et
455 293 520 321 vini
524 298 619 331 potor.
627 291 762 331 ‘Nequitiae
771 289 843 319 nihil
853 289 950 330 placet.

206 333 236 362 Si
256 333 289 362 de
302 332 424 362 moribus
443 331 574 370 loquaris,
594 331 632 361 ait
647 344 654 360 ι
669 332 729 370 Ego
747 330 786 360 de
795 330 848 359 fide
868 337 894 359 te
907 330 952 359 in-

206 380 328 412 terrogo,
351 372 374 401 si
387 371 421 401 de
434 372 487 401 fide
501 371 586 408 dicas,
602 372 640 402 ait
654 383 661 400 ι
675 370 809 402 Volebam
823 369 858 399 de
870 370 953 399 mori-

207 413 260 442 bus
272 412 374 442 audire.
391 411 456 441 Ideo
469 411 526 441 baec
539 411 656 451 puerilia
668 410 793 450 nequitiae
809 409 881 439 dicta
891 420 955 439 exa-

209 452 296 491 gitans
307 452 434 482 Servator
445 451 569 481 dicebat:
587 452 672 481 Tibia
681 452 767 480 vobis
777 451 935 480 cecinimus
945 471 953 487 ,

210 499 239 521 et
253 502 312 521 non
321 491 449 521 saltastis
462 503 470 520 .-
487 491 645 521 lamentati
653 500 765 527 sumus,
779 496 808 518 ee
815 500 875 518 non
883 490 956 519 luxi-

208 534 272 561 stis.
286 532 369 560 Tibia
383 533 556 560 cecinimus.-
571 531 700 561 concione
713 537 814 566 sancta,
829 529 956 559 concione

208 571 351 611 conspicua
359 581 465 599 morum
477 570 671 601 institutionem
682 570 812 605 audistis;
824 570 957 598 Lamen-

210 613 264 640 tau'
283 620 382 640 sumus
401 610 533 640 laboriosa
547 610 678 647 oratione,
692 610 786 639 dolore
799 609 890 649 plena,
910 609 957 638 lu-

209 657 285 690 gente
306 657 422 680 vestram
444 649 676 688 incredulitatem3
700 657 727 679 et
751 660 803 679 non
823 648 937 678 audistis
948 670 956 683 ,

210 701 295 729 neque
308 689 349 726 ea,
363 700 422 729 quae
436 689 472 719 ad
484 700 534 720 vos
546 690 712 730 spectabant,
726 689 865 719 audientes
878 688 959 718 salta-

210 730 270 765 stis,
290 740 376 769 neque
389 740 429 766 ea,
448 740 507 769 quae
518 729 647 759 adversus
667 730 781 759 haereses
801 728 871 758 dicta
896 734 960 757 sunt

210 769 365 806 audientes,
378 769 498 799 luxistis.
520 769 604 800 Venit
617 770 754 810 Baptista3
770 768 875 805 dicunt,
892 769 960 798 Dae-

211 811 341 838 monium
361 810 449 838 habet
455 820 473 846 ‚2
482 819 569 847 neque
589 808 746 849 indignatur
767 809 896 848 Baptista,
912 807 960 838 sed
976 816 996 839 D

212 849 239 877 in
254 855 376 888 suscepto
391 859 502 878 munere
515 848 613 889 pergit.
627 848 714 879 Vides
727 848 799 878 enim
811 847 903 877 eadem
915 847 959 876 illi

213 888 352 923 accidisse,
370 899 429 927 quae
449 889 598 918 servatori.
619 889 660 918 De
676 889 816 919 Servatore
835 887 962 916 dicebant

213 929 229 958 J
234 928 314 963 udan,
337 929 525 957 Doemom'um
542 929 640 965 habet,
659 934 687 957 et
701 930 824 957 insanus
837 933 893 964 est;
908 937 961 956 cur

215 968 299 997 illum
314 969 423 997 auditis
432 970 444 996 Ρ
453 969 550 997 Annon
559 967 652 997 beatus
665 975 704 997 est
715 968 763 997 ille
774 966 957 1002 Christianus,

215 1008 263 1045 qui
282 1008 377 1037 iisdem
392 1014 472 1046 atque
486 1008 618 1037 Dominus
639 1007 808 1036 coutumeliis
821 1006 958 1037 afficitur?

215 1047 316 1076 Paulus
329 1047 467 1077 veritatem
482 1047 620 1087 praedicat,
636 1054 661 1076 et
675 1047 713 1076 ait
725 1046 767 1076 illi
777 1048 873 1076 Festus
888 1058 897 1076 ι
913 1048 960 1076 In-

215 1088 305 1123 sanis,
317 1087 429 1123 Paule,
440 1089 541 1116 multoe
558 1093 586 1116 te
600 1087 692 1116 literae
705 1087 747 1116 ad
757 1087 905 1116 insaniam
917 1096 960 1115 re-

216 1126 341 1161 ducunt,·
356 1126 459 1156 insania
471 1126 516 1164 qui
539 1137 572 1166 pe
585 1126 712 1156 videntur
725 1137 781 1156 esse
795 1126 842 1163 iis,
856 1126 904 1165 qui
918 1126 960 1155 in-

216 1165 485 1204 consideratelagunt,
502 1166 521 1195 il
534 1177 549 1194 a
559 1176 618 1204 quae
632 1173 694 1195 sunt
706 1166 856 1206 sagacitatis
867 1166 957 1206 plena.

217 1205 269 1233 Ille
290 1216 363 1240 vero,
379 1205 447 1234 Non
462 1207 578 1234 insanio
593 1227 600 1240 ‚
617 1205 716 1244 inquit,
731 1206 839 1245 optime
852 1207 957 1243 Feste,

216 1244 268 1273 sed
290 1245 485 1283 temperanliae
506 1245 688 1284 justitiaeque
714 1246 809 1274 verba
829 1245 956 1285 profero.

217 1283 304 1313 Vides
317 1283 439 1313 divinam
458 1283 588 1322 loquendi
605 1284 765 1320 libertatem,
784 1295 844 1323 quae
858 1284 960 1313 insania

217 1323 403 1362 reputabatur,
418 1323 549 1362 sapientia
561 1323 772 1363 splendidiorem
783 1324 860 1352 esse?
877 1323 962 1352 Audit

219 1363 335 1392 Joannes
346 1362 477 1402 Baptista,
488 1362 562 1400 quod
575 1361 737 1391 daemonium
749 1363 856 1400 habeat,
867 1373 961 1402 quem-

218 1401 366 1431 admodum
384 1401 467 1441 prisci
493 1401 535 1430 illi
560 1402 698 1442 prophetae
717 1402 874 1432 daemoniaci
899 1409 962 1431 sunt

221 1481 359 1520 scipulum
368 1491 449 1509 suum
462 1481 634 1521 prophetam,
649 1481 693 1510 his
702 1481 793 1512 verbis
807 1494 814 1511 z
827 1482 920 1518 Vade,
933 1488 961 1511 et

221 1521 353 1549 invenies
366 1520 389 1549 J
389 1521 446 1549 ehu
453 1521 612 1560 principem
625 1533 631 1550 z
643 1522 741 1551 abduc
749 1531 815 1550 eum
829 1523 959 1558 seorsim,

221 1566 248 1588 et
263 1561 311 1588 dic
324 1559 372 1588 illi
383 1571 391 1587 .-
408 1561 481 1591 Haec
497 1561 568 1589 dicit
583 1561 728 1590 Dominus
748 1562 828 1590 Deus
844 1561 938 1591 Israel
951 1572 959 1589 .-

220 1600 300 1629 Ecce
311 1600 385 1628 unxi
397 1605 424 1628 te
435 1601 467 1628 in
477 1610 577 1639 regem
585 1613 597 1636 ;
609 1607 638 1629 et
647 1600 772 1642 effunde
782 1611 868 1640 super
875 1601 963 1630 illum

221 1649 312 1668 cornu
326 1639 394 1674 olei,
410 1645 438 1667 et
457 1650 533 1678 unge
547 1650 612 1669 eum
625 1642 662 1668 in'
671 1650 776 1680 regem.
795 1641 880 1670 Mittit
897 1651 961 1680 pro-

240 1679 301 1707 heta
324 1677 491 1717 discipulum
513 1679 688 1719 prophetam;
717 1679 866 1720 principem
894 1680 960 1710 adit.

220 1689 299 1747 Ii'unc
312 1718 385 1747 enim
400 1728 447 1747 rex
458 1728 509 1747 non
522 1725 578 1748 erat
589 1719 672 1756 Jehu,
687 1719 735 1749 sed
745 1720 797 1749 sub
811 1730 872 1760 rege
886 1720 963 1760 prin-

222 1768 251 1786 ce
272 1768 295 1786 s.
310 1757 357 1786 Ait
374 1757 436 1788 illi:
458 1759 528 1789 Veni
543 1769 664 1788 seorsum
676 1781 683 1795 ,
709 1766 735 1788 et
753 1759 900 1789 abductum
920 1759 964 1789 his

222 1797 247 1825 al
261 1804 376 1835 oquutus
394 1804 444 1834 est,
461 1804 488 1827 et
500 1808 534 1827 ex
546 1808 631 1827 cornu
644 1799 722 1828 unxit
735 1810 741 1827 ε
759 1807 900 1839 postquam
914 1810 964 1828 uu-

222 1844 315 1872 xerat,
331 1837 451 1876 aufugit,
470 1837 587 1866 secessit.
608 1837 710 1867 Dicunt
729 1838 763 1867 ad
785 1840 856 1869 Jehu
877 1839 965 1868 caeteri

224 1876 357 1916 principes
371 1888 377 1904 :
407 1877 473 1915 Qua
495 1877 532 1905 de
556 1887 646 1906 causa
667 1878 838 1917 lymphatus
859 1879 911 1908 ille
937 1885 965 1909 te

225 1917 319 1945 adiit?
329 1926 360 1945 ac
370 1915 393 1945 si
404 1916 545 1952 dixissent,
558 1918 615 1946 Cur
623 1917 696 1946 venit
707 1917 751 1946 hic
762 1918 964 1948 daemoniacus?

227 1955 288 1984 Cur
299 1962 327 1984 te
341 1956 510 1994 lymphatus
527 1956 580 1984 ille
590 1957 684 1985 adiit?
699 1957 746 1989 Sic
760 1958 795 1987 ab
810 1959 888 1988 initio
899 1969 964 1998 pro-

225 1994 311 2034 pbetae
326 1995 496 2024 contumeliis
510 1995 711 2032 afficiebantur,
730 1997 769 2026 sic
788 2005 814 2027 et
838 1998 962 2038 apostoli.

927 188 1056 212 SPURIA.

1010 252 1055 279 τοῦ
1070 248 1206 289 ἀνθρώπου
1222 248 1314 279 ἐσθίων
1333 247 1378 278 καὶ
1392 247 1488 277 πίνων·
1502 249 1631 288 λέγωσιν,
1646 247 1782 287 ἄνθρωπος

1009 289 1092 329 φάγος
1104 288 1150 318 καὶ
1164 288 1310 324 οἰνοπότης.
1331 287 1416 318 Οὐδὲν
1431 287 1538 328 ἀρέσκει
1558 290 1591 327 τῇ
1606 287 1695 327 κακίᾳ.
1717 287 1783 317 Ἐὰν

1011 328 1086 369 εἴπῃς
1098 329 1159 368 περὶ
1170 329 1256 365 ἤθους,
1271 328 1351 368 λέγει,
1367 327 1419 367 ἐγὼ
1431 327 1492 367 περὶ
1505 328 1618 360 πίστεως
1632 329 1722 367 ἐρωτῶ
1737 339 1767 357 σε
1776 339 1783 346 ·

1010 368 1056 399 ἐὰν
1071 368 1149 408 εἴπῃς
1169 369 1230 408 περὶ
1243 370 1291 404 τῆς
1304 367 1430 405 πίστεως,
1448 367 1529 407 λέγει,
1543 367 1596 407 ἐγὼ
1616 367 1709 403 ἤθελον
1722 366 1785 408 περὶ

1010 408 1116 448 τρόπων
1131 410 1253 439 ἀκοῦσαι.
1270 408 1322 437 Διὰ
1336 411 1414 437 τοῦτο
1430 407 1461 437 τὸ
1475 408 1615 441 παιδιῶδες
1628 409 1676 443 τ’ῆς
1690 406 1786 441 κακίας

1011 448 1127 488 ῥαπίζων
1145 450 1160 477 6
1173 448 1270 488 Σωτὴρ
1286 448 1375 487 ἔλεγεν
1385 459 1392 466 ·
1408 447 1570 487 Ηύλήσαμεν
1585 449 1657 486 ὑμῖν,
1673 447 1718 476 καὶ
1738 447 1786 476 οὔκ

1011 488 1168 529 ὠρχήσασθε
1177 499 1183 506 ·
1206 487 1397 528 ἐθρηνήσαμεν,
1410 487 1455 517 καὶ
1469 489 1517 517 οὐκ
1531 486 1669 527 ἐκόψασθε.
1693 487 1785 523 Ηύλή-

1012 539 1096 558 σαιιεν
1105 540 1111 547 ·
1126 528 1198 568 λόγῳ
1212 528 1288 568 ἁγίῳ,
1300 527 1371 568 λόγῳ
1385 530 1504 568 φωτεινῷ
1516 527 1564 564 τὴν
1578 529 1632 556 τῶν
1643 529 1715 563 ἠθῶν
1733 539 1786 556 κα·

1019 557 1147 598 τοίστασιν
1174 567 1320 604 ἠκούσατε·
1341 567 1543 607 Ἐθρηνήσαμεν
1563 566 1635 607 λόγῳ
1649 567 1785 607 ἐπιπὸνῳ,

1013 608 1177 649 ὀδυνωμένῳ,
1197 610 1333 647 θρηνοῦντι
1354 609 1428 646 ὑμῶν
1449 607 1498 643 τὴν
1519 606 1662 636 ἀπιστίαν·
1678 607 1723 636 καὶ
1738 609 1786 636 οὔκ

1013 648 1154 686 ἠκούσατε,
1170 647 1229 677 οὔτε
1244 648 1278 677 τὰ
1294 660 1329 677 πε
1345 647 1356 676 l
1374 648 1448 687 ὑμῶν
1468 646 1640 684 ἀκούσαντες,
1660 646 1699 687 ὧρ
1719 646 1788 682 ήσα-

1014 690 1069 724 σθε,
1078 688 1137 718 οὔτε
1151 687 1185 717 τὰ
1199 687 1268 717 κατὰ
1280 689 1407 727 αἱρέσεων
1417 686 1575 720 ἀκούσαντες
1585 710 1592 722 ,
1610 658 1785 722 &nevo-lirare.

1013 722 1114 757 ὟΗλθεν
1131 730 1145 757 6
1167 727 1329 768 βαπτιστής·
1342 727 1465 767 λέγουσι,
1489 726 1631 765 Δαιμόνιον
1656 725 1727 766 ἔχει·
1741 725 1787 755 καὶ

1014 768 1062 797 οὐκ
1080 770 1223 807 ἀγανακτεῖ
1236 770 1250 796 6
1267 766 1430 807 βαπτιστὴς,
1447 765 1516 796 ἀλλὰ
1533 769 1579 795 τοῦ
1595 766 1672 806 ἔργου
1687 765 1786 806 ἔχεται.

1014 806 1097 847 “Ορᾶς
1109 808 1160 848 γὰρ
1174 807 1252 836 αὐτὸν
1266 807 1311 836 καὶ
1327 807 1360 837 τὰ
1381 806 1448 836 αὖτὰ
1461 806 1601 846 πάσχοντα
1613 807 1652 846 τῷ
1666 806 1785 846 Σωτῆρι.

1014 836 1082 887 Περί
1103 850 1149 877 τοῦ
1173 849 1297 887 Σωτῆρος
1324 847 1414 886 ἔλεγον
1437 847 1461 875 οἱ
1483 846 1620 883 Ἰουδαῖοι,
1645 845 1787 884 Δαιμόνιον

1014 886 1083 926 ἔχει,
1097 887 1142 917 καὶ
1157 886 1293 926 μαίνεται·
1308 887 1333 916 τί
1345 889 1425 916 αὐτοῦ
1439 885 1561 921 ἀκούετε,
1576 885 1647 926 Οὐχὶ
1659 885 1788 926 μακάριός

1013 927 1085 955 ἐστιν
1100 929 1114 956 6
1127 926 1284 967 Χριστιανὸς
1295 928 1400 962 ἐκεῖνος,
1412 928 1426 955 6
1438 927 1472 965 τῇ
1485 926 1530 965 ἴσῃ
1545 925 1619 965 ὕὸρει
1631 925 1788 955 ὑποπίπτων

1013 968 1046 1006 τῇ
1061 967 1222 1007 δεσποτικῇ;
1237 967 1344 1000 Παῦλος
1365 966 1488 1006 κηρύττει
1503 965 1639 1001 ἀλήθειαν,
1652 965 1697 994 καὶ
1715 965 1787 1005 λέγει

1015 1007 1086 1035 αὐτῶ
1097 1008 1205 1042 Φῆστος
1214 1018 1220 1025 ·
1235 1005 1336 1042 Μαίνη,
1346 1007 1447 1042 Παῦλε,
1459 1005 1493 1035 τὰ
1502 1005 1588 1035 πολλά
1600 1017 1630 1034 σε
1640 1004 1788 1045 γράμματα

1015 1047 1051 1079 εἷς
1072 1036 1169 1086 Ιμανίαν
1187 1058 1221 1075 πε
1241 1038 1348 1086 ιτρέπει.
1363 1045 1454 1075 Μανία
1474 1045 1525 1085 γὰρ
1541 1045 1661 1086 φαίνεται
1680 1049 1734 1078 τοῖς
1749 1044 1786 1084 μὴ

1014 1086 1191 1122 καθεστηκόσι
1205 1058 1238 1115 τις
1253 1085 1383 1126 σώφρονα.
1398 1085 1432 1115 Ὁ
1445 1085 1487 1120 δὲ,
1507 1086 1548 1115 Οὐ
1561 1085 1697 1124 μαίνομαι,
1711 1084 1787 1124 φησὶ,

1014 1126 1139 1166 κράτιστε
1164 1128 1274 1162 Φῆστε,
1300 1125 1368 1155 ἀλλὰ
1385 1125 1491 1165 ῥήματα
1506 1124 1675 1165 σωφροσύνης
1689 1124 1734 1154 καὶ
1746 1125 1787 1153 δι-

1015 1166 1155 1202 καιοσύνης
1172 1166 1327 1206 φθέγγομαι.
1350 1165 1432 1205 Ὁρᾷς
1445 1165 1493 1201 τὴν
1518 1165 1603 1194 ἔνθεον
1624 1164 1786 1204 παῤῥησίαν,

1015 1205 1064 1241 τὴν
1086 1206 1181 1244 μανίαν
1205 1206 1252 1245 μὲν
1274 1208 1457 1243 νομισθεῖσαν,
1479 1204 1648 1244 σωφροσύνης
1667 1203 1695 1233 δὲ
1716 1205 1787 1243 λαμ-

1015 1245 1158 1284 προτέραν;
1177 1245 1277 1275 Ἀκούει
1291 1244 1415 1281 Ἰωάννης
1429 1247 1443 1274 6
1464 1244 1623 1284 βαπτιστὴς,
1637 1243 1678 1273 ὅτι
1693 1243 1788 1283 δαιμό-

1015 1296 1069 1313 νιον
1092 1285 1165 1324 ἔχει,
1180 1288 1215 1318 ὡς
1237 1285 1352 1320 ἤκουσαν
1368 1287 1392 1314 οἱ
1415 1286 1521 1324 ἀρχαῖοι
1539 1286 1673 1324 προφῆται
1693 1285 1789 1323 δαιμο-

1015 1326 1129 1358 νιῶντες.
1143 1323 1292 1354 Ἀπέστειλέ
1303 1336 1369 1353 ποτε
1382 1324 1532 1356 Ἐλισσαῖος
1545 1326 1560 1353 6
1573 1324 1710 1364 προφήτης
1723 1323 1788 1352 ἴδιον

1017 1363 1138 1402 μαθητὴν
1160 1364 1311 1404 προφήτην,
1335 1363 1380 1392 καὶ
1404 1363 1477 1402 λέγει
1502 1364 1590 1403 αὐτῷ·
1610 1363 1722 1392 Ἄπελθε
1743 1362 1788 1392 καὶ

1017 1403 1135 1443 εὑρήσεις
1150 1403 1220 1440 Ἰηοὺ
1241 1404 1285 1433 τὸν
1304 1402 1437 1443 ἄρχοντα·
1462 1402 1529 1432 λάὸε
1551 1403 1629 1432 αὐτὸν
1655 1403 1724 1443 ἰδίᾳ,
1743 1401 1789 1432 καὶ

1017 1443 1075 1472 εἰπὲ
1096 1445 1167 1484 αὐτῷ
1178 1465 1184 1471 .
1197 1443 1260 1472 τάδε
1273 1442 1345 1481 λέγει
1365 1442 1461 1482 Κύριος
1475 1444 1490 1471 6
1503 1442 1571 1475 Θεὸς
1591 1442 1702 1480 Ἰσραήλ
1711 1455 1717 1461 ·
1733 1442 1789 1471 ἰδοὺ

1017 1483 1130 1523 κέχρικά
1144 1495 1174 1513 σε
1187 1485 1224 1516 εἷς
1236 1482 1346 1523 βασιλέα
1357 1495 1364 1501 ·
1383 1482 1428 1512 καὶ
1441 1481 1531 1522 ἐπίχεε
1545 1483 1586 1511 ἐπ’
1603 1482 1680 1511 αὐτὸν
1696 1482 1727 1511 τὸ
1742 1482 1788 1511 κέ-

1018 1534 1064 1562 ρας
1075 1526 1120 1552 τοῦ
1135 1523 1232 1558 ἐλαίου,
1248 1522 1293 1552 καὶ
1307 1526 1398 1562 χρῖσον
1411 1522 1488 1551 αὐτὸν
1512 1523 1549 1555 εἷς
1570 1521 1691 1562 βασιλέα.
1708 1522 1789 1552 Ἀπο-

1018 1562 1122 1592 στέλλει
1135 1562 1272 1603 προφήτης
1291 1562 1411 1600 μαθητὴν
1425 1562 1563 1602 προφήτην
1573 1573 1580 1580 ·
1594 1561 1726 1600 λαμὸάνει
1744 1562 1791 1591 τὸν

1019 1601 1145 1642 ἄρχοντα.
1174 1602 1244 1632 Τότε
1268 1602 1303 1639 γὰ
1346 1603 1394 1631 οὔκ
1419 1597 1450 1637 ἦν
1473 1601 1595 1641 βασιλεὺς
1618 1601 1701 1638 Ἰηοὺ,
1730 1602 1790 1631 ἀλλ’

1019 1642 1061 1682 ἄρ·
1073 1654 1108 1671 ων
1132 1645 1178 1672 τοῦ
1205 1642 1395 1681 βασιλευοντος.
1417 1641 1496 1681 Λέγει
1521 1642 1608 1681 αὐτῷ·
1632 1642 1690 1671 ἐλθὲ
1719 1641 1789 1681 ἰδίᾳ·

1019 1655 1073 1711 καί1
1084 1681 1173 1711 λαὸὼν
1194 1682 1272 1711 αὐτὸν
1295 1681 1363 1721 ἰδίᾳ,
1384 1682 1428 1711 καὶ
1449 1682 1482 1711 τὰ
1506 1681 1613 1721 ῥήματα
1633 1681 1720 1721 λέγει,
1745 1681 1791 1711 καὶ

1019 1723 1058 1761 τῷ
1075 1721 1167 1761 κέρατι
1185 1721 1266 1762 χρίει,
1287 1720 1333 1750 καὶ
1356 1723 1391 1756 ὡς
1410 1721 1528 1761 ἔχρισεν,
1554 1720 1663 1761 ἔφυγεν,
1685 1721 1791 1761 ἀνεχώ-

1022 1773 1096 1801 ρησε.
1114 1761 1243 1801 Λέγουσιν
1255 1764 1278 1791 οἳ
1292 1761 1373 1802 συνάρ
1394 1773 1464 1795 οντες
1475 1764 1513 1802 τῷ
1527 1760 1598 1796 Ἰηοὺ
1611 1761 1675 1801 πρὸς
1697 1760 1774 1790 αὐτόν
1784 1773 1791 1780 ·

1021 1800 1057 1830 Τί
1078 1797 1157 1838 ἦλθεν
1180 1797 1254 1835 οὗτος
1274 1801 1338 1845 πρὸς
1364 1813 1380 1830 σ
1417 1804 1431 1831 ὁ
1454 1801 1618 1839 ἐπίληπτος;
1646 1801 1704 1830 ἀντὶ
1726 1803 1791 1837 τοῦ,

1020 1843 1034 1870 6
1054 1841 1264 1880 δαιμονιζόμενος
1283 1846 1357 1874 οὗτος
1375 1843 1402 1870 τί
1419 1837 1497 1878 {loq
1517 1839 1543 1869 τί
1562 1837 1625 1877 ἦλθε
1644 1841 1710 1892 πρὸς
1727 1841 1756 1870 σὲ
1776 1843 1791 1870 6

1021 1881 1166 1918 ἐπίληπτος
1193 1877 1287 1919 ogi-053
1321 1881 1401 1910 Οὕτω
1427 1882 1473 1910 ἀπ’
1502 1882 1535 1920 ἀρ
1555 1883 1587 1916 ῆς
1612 1880 1747 1920 ὓὸριζοντο
1766 1881 1791 1909 οἱ

1020 1923 1165 1961 προφῆται,
1180 1921 1262 1955 οὕτως
1276 1924 1300 1952 οἱ
1315 1920 1466 1950 ἀπόστολοι.
1479 1921 1515 1951 Τί
1527 1923 1605 1959 ηλθεν
1619 1923 1632 1950 6
1646 1919 1791 1957 ἐπίληπτος

1020 1962 1117 1993 ἐκεῖνος
1130 1961 1196 2001 πρὸς
1217 1961 1260 1997 σέ;
1281 1960 1451 2000 Φοὸούμενος
1464 1960 1501 2000 μὴ
1520 1961 1676 1996 ἐξάκουστον
1690 1960 1790 1999 ποιήσῃ

1020 2001 1051 2030 τὸ
1063 2001 1146 2040 ὄνομα
1159 2003 1207 2036 τῆς
1233 2000 1380 2040 βασιλείας,
1406 2000 1451 2030 καὶ
1471 2000 1623 2040 κινδυνεύσῃ
1647 2001 1793 2040 (βασιλέως

228 2035 288 2063 Cur
300 2034 341 2062 ad
358 2041 386 2062 te
397 2035 479 2063 venit
495 2033 548 2063 ille
566 2034 757 2080 iymplratus?
776 2038 826 2066 Ille
845 2044 964 2067 metucns
974 2055 1010 2075 579
1021 2041 1072 2080 γὰρ
1095 2040 1277 2079 βασιλεύοντος
1299 2040 1460 2070 ἐπικίνδυνον
1473 2040 1503 2070 τὸ
1525 2043 1562 2074 εἷς
1581 2040 1668 2080 ἕτερον
1684 2051 1792 2079 μετενε-

227 2082 260 2102 ue
276 2073 311 2102 de
329 2083 412 2112 regno
428 2073 509 2103 verba
527 2074 635 2104 facienti
652 2075 705 2104 sihi
724 2077 875 2116 periculum
897 2084 965 2107 esset
983 2084 1003 2106 Α
1021 2083 1119 2121 χθῆναι
1132 2080 1180 2116 τὴν
1195 2080 1280 2120 ἀρχήν
1287 2083 1308 2116 ),
1319 2080 1403 2119 λέγει·
1417 2079 1511 2119 Ὑμεῖς
1527 2081 1614 2110 οἴδατε
1630 2079 1678 2115 τὴν
1701 2080 1793 2108 ἀδολε-

228 2115 309 2152 (rege
323 2113 394 2141 enim
414 2112 511 2142 solium
531 2121 687 2152 occupante,
706 2125 759 2145 non
773 2117 830 2145 sine
844 2117 965 2156 periculo

228 2162 340 2192 regnum
360 2153 388 2181 in
410 2152 495 2181 alium
515 2153 703 2192 transfertur),
729 2156 866 2195 respondit
879 2169 885 2184 ι
908 2157 966 2186 Vos

227 2193 307 2221 scitis
320 2192 382 2230 ejus
391 2193 591 2231 garrulitatem
602 2198 632 2222 et
644 2204 683 2222 nu
703 2197 850 2226 acitatem.
867 2197 964 2225 Assen-

228 2231 342 2260 tiehatur
358 2231 405 2260 ille
425 2241 478 2260 non
491 2232 634 2268 sententiae‚
648 2243 675 2262 se
712 2234 783 2264 voci.
804 2236 894 2265 Nostis
907 2237 966 2276 ejus

226 2271 420 2308 garrulitatem.
437 2270 541 2300 Deinde
561 2271 604 2300 illi
619 2272 810 2312 intelligentes,
826 2275 964 2305 veritatem

227 2320 373 2349 numquam
387 2310 506 2346 irrideri,
521 2311 567 2349 qui
580 2311 734 2348 irriserant,
754 2314 892 2343 veritatem
908 2314 966 2344 edi-

226 2360 298 2379 scere
311 2357 434 2389 sataguut
447 2362 453 2378 :
464 2352 537 2379 Non
550 2361 665 2391 aequum
675 2359 729 2387 est,
739 2352 855 2391 aiebant,
868 2355 900 2382 id
913 2365 966 2383 no—

227 2390 336 2418 biscum
346 2400 405 2418 non
414 2392 631 2420 communicari.
644 2392 748 2431 lnjuria
759 2392 844 2422 afficis
854 2393 964 2431 amicos,

225 2439 353 2458 arcanum
366 2429 437 2458 illud
451 2441 590 2470 perperam
609 2431 689 2460 celas.
705 2432 735 2461 Si
749 2431 904 2472 lymphatus
917 2441 965 2470 est,

225 2478 273 2497 cur
294 2469 390 2507 quaeris
412 2469 546 2510 lymphati
567 2469 659 2500 dicta?
682 2471 780 2510 Inique
793 2472 859 2511 agis,
873 2472 961 2509 Jehu‚

224 2507 276 2536 nisi
289 2508 367 2538 nohis
380 2508 410 2537 id
423 2510 570 2539 renunties.
583 2510 688 2540 Malitia
701 2511 829 2541 virtutem
840 2511 963 2552 despicit,

224 2554 249 2576 et
263 2548 341 2576 anxie
362 2549 530 2588 persequitur
549 2549 636 2579 illam.
653 2551 688 2580 Ut
702 2550 896 2581 daemoniacum
919 2551 965 2581 da-

224 2598 389 2629 mnaverant,
399 2592 434 2621 ita
441 2592 512 2622 dicta
519 2593 577 2633 ejus
585 2600 614 2622 ut
621 2603 687 2623 vera
694 2594 880 2634 explorabant.
889 2595 965 2632 Quid

1022 2120 1104 2160 οχίαν
1114 2122 1193 2149 αὐτοῦ
1206 2114 1251 2149 καί
1262 2119 1311 2156 τὴν
1326 2119 1454 2160 φλυαρίαν
1466 2121 1554 2150 αὖτοῧ.
1568 2119 1697 2150 Συνέθετο
1714 2120 1744 2148 οὗ
1757 2121 1791 2159 τῇ

1020 2159 1125 2200 γνώμῃ,
1146 2159 1215 2189 ἀλλὰ
1236 2162 1268 2199 τῇ
1292 2161 1377 2200 φωνῇ.
1401 2158 1500 2189 Οἴδατε
1524 2162 1602 2189 αὖτοῦ
1630 2159 1679 2195 τὴν
1700 2159 1791 2188 ἀδολε-

1021 2199 1110 2240 σχίαν.
1126 2195 1193 2229 Eira
1203 2200 1298 2229 ἐκεῖνοι
1308 2198 1446 2235 συνιέντες,
1457 2198 1499 2228 ὅτι
1512 2199 1636 2229 οὐδέποτε
1649 2201 1666 2235 ἡ
1682 2199 1792 2235 ἀλήθεια

1020 2241 1140 2278 γελᾶται,
1151 2239 1225 2269 αὑτοὶ
1236 2241 1260 2268 οἱ
1272 2239 1500 2279 καταγελάσαντες
1512 2239 1687 2273 σπουδάζουσι
1699 2242 1792 2278 μαθεῖν

1021 2279 1069 2316 τὴν
1084 2280 1208 2316 ἀλήθειαν
1217 2291 1223 2297 ·
1238 2279 1341 2308 Ἄδικόν
1356 2280 1437 2315 ἐστιν,
1452 2279 1532 2315 Ἰηοὺ,
1549 2278 1593 2308 ἐὰν
1608 2278 1645 2318 μὴ
1660 2278 1791 2317 ἀπαγγεί-

1020 2320 1068 2359 λῃς
1080 2322 1154 2359 ἡμῖν.
1170 2319 1278 2352 Ἀδικεῖς
1292 2318 1326 2348 τὰ
1343 2321 1396 2348 τῶν
1410 2318 1492 2359 φίλων
1501 2331 1509 2338 ·
1523 2321 1613 2352 κακῶς
1631 2322 1714 2351 ποιεῖς
1726 2317 1793 2358 κρύ-

1020 2372 1093 2389 πτων
1106 2359 1136 2389 τὸ
1149 2359 1301 2399 μυστήριον.
1315 2360 1359 2388 Εἰ·
1368 2358 1512 2395 ἐπίλητπός
1532 2360 1597 2394 ἐστι,
1611 2357 1638 2386 τί
1651 2359 1738 2392 ζητεῖς
1758 2357 1792 2386 τὰ

1019 2402 1064 2428 τοῦ
1080 2399 1244 2435 ἐπιλήπτου;
1271 2399 1394 2434 Ἀδικεῖς,
1416 2398 1502 2436 Ἰηοὺ,
1517 2397 1563 2427 ἐὰν
1577 2397 1615 2436 μὴ
1628 2396 1791 2436 ἀπαγγείλῃς

1018 2441 1093 2477 ἡμῖν.
1113 2439 1148 2468 ‘H
1162 2438 1243 2468 κακία
1256 2442 1414 2479 καταφρονεῖ
1429 2441 1477 2474 τῆς
1492 2439 1601 2478 ἀρετῆς,
1624 2436 1670 2465 καὶ
1690 2438 1791 2477 ἀγωνιᾷ

1019 2478 1112 2514 αὐτήν.
1126 2479 1180 2508 Καὶ
1193 2480 1229 2512 ὣς
1242 2480 1427 2517 δαιμονιῶντος
1446 2477 1658 2518 κατεψηφίσαντο
1667 2497 1675 2511 ,
1689 2476 1734 2505 καὶ
1752 2478 1789 2514 ὡς

1019 2518 1188 2554 ἀληθεύοντος
1199 2518 1246 2552 τὰς
1258 2518 1340 2553 λέξεις
1351 2517 1520 2547 ἐὸασάνισαν.
1534 2516 1570 2546 Τί
1580 2515 1726 2555 ἀπήγγειλέ
1735 2527 1788 2552 σοι,

1017 2557 1087 2596 λέγε.
1101 2557 1203 2587 Ἔλαὸέ
1213 2570 1246 2596 με
1257 2558 1321 2598 ἰδίᾳ.
1338 2557 1425 2587 Βλέπε
1435 2556 1511 2596 ἰσχὺν
1525 2559 1572 2592 τῆς
1583 2555 1714 2592 ἀληθείας,
1729 2557 1796 2589 πῶς

1017 2599 1033 2632 ἡ
1046 2599 1203 2635 γελασθεῖσα
1218 2597 1400 2637 προσεκυνήθη
1421 2596 1495 2632 δόξα,
1509 2598 1566 2629 πῶς
1586 2597 1600 2624 ὁ
1614 2595 1751 2635 προφήτης
1775 2597 1789 2624 6
