1890 2826
700 184 860 207 niumm
886 184 918 206 IN
947 183 1126 207 sruorsm.
1623 172 1690 220 367

133 253 187 284 alia
198 253 266 282 forte
274 250 389 285 minora,
402 248 450 278 sed
462 257 521 286 quai
535 246 571 275 ob
583 245 772 284 frequentiam,
786 251 814 274 et
826 245 967 284 repetitam
987 243 1116 283 loquendi
1134 244 1320 284 probandique
1332 244 1536 274 similitudinem
1545 255 1595 284 pro
1608 245 1695 285 Clu-y-

132 307 248 330 sostomo
261 302 392 338 pugnent,
405 294 452 324 hic
462 303 604 333 congerere
615 292 722 322 animus
732 299 781 322 est.
794 290 877 322 Initio
889 291 1022 332 Synopsis
1032 292 1168 321 Geneseos
1178 290 1257 328 dicit,
1273 291 1345 321 filios
1354 291 1406 320 Dei
1421 291 1447 319 in
1462 291 1559 320 Genesi
1572 291 1626 321 dici
1639 302 1696 327 eos,

130 347 178 386 qui
189 357 205 376 a
221 345 303 376 Setho
315 342 368 372 orti
386 347 471 378 erant,
485 347 511 370 et
527 340 600 370 hunc
614 339 708 368 locum
726 338 829 369 Psalmi
842 339 930 371 affert,
945 339 1011 378 Ego
1032 338 1110 374 dixi,
1124 338 1166 367 dii
1182 340 1260 368 estis.
1270 338 1394 378 idipsum
1412 347 1477 367 vero
1492 337 1618 377 pluribus
1634 339 1700 368 dicit

130 390 250 422 Humilia
261 392 300 419 252
312 389 340 418 in
351 386 491 424 Genesim,
506 385 588 415 allato
604 384 698 415 eodem
709 385 809 414 Psalmi
825 385 893 413 loco.
912 386 955 414 Ex
968 384 1075 414 Hebero
1089 384 1250 414 Hebra'icam
1262 385 1383 423 linguam
1398 394 1494 413 nomen
1511 385 1644 423 accepisse
1655 384 1699 413 di-

131 437 168 466 cit
177 437 223 465 hic
240 435 335 465 eodem
346 434 401 464 fere
412 432 504 470 modo,
519 433 611 471 quoin
623 431 762 468 Genesim,
775 441 804 471 p.
820 431 889 460 500.
905 429 986 467 Quod
1001 430 1035 459 ad
1050 430 1168 460 decimas
1178 437 1278 470 spectat
1291 441 1357 469 quas
1370 430 1469 459 obtulit
1483 430 1619 459 Abraham
1630 431 1700 460 Mel-

132 483 282 520 chisedeoo‚
295 480 388 512 eadem
398 479 511 510 brevius
520 478 567 508 hic
579 478 648 508 dicit
657 487 717 517 quae
727 477 756 506 in
766 476 964 507 Commentario
974 476 1002 505 in
1016 476 1156 513 Genesim,
1170 487 1199 517 p.
1215 478 1285 513 55⁷,
1298 476 1391 507 eodem
1404 476 1485 505 allato
1495 477 1528 505 B.
1539 476 1618 505 Pauli
1630 476 1698 506 loco.

131 531 173 558 De
185 529 293 558 filiabus
304 529 356 558 Lot
373 525 446 555 idem
462 524 508 554 hic
527 524 702 564 paucioribus
717 522 786 553 dicit
798 546 806 560 ,
823 522 897 562 quod
916 522 1044 562 pluribus
1059 529 1151 552 narrat
1169 523 1197 552 in
1212 523 1338 553 Genesim
1349 545 1357 560 ‚
1370 534 1398 562 p.
1415 522 1475 552 455
1484 545 1491 559 ‚
1505 523 1575 552 4514.
1589 523 1656 551 Item
1669 522 1703 551 de.

131 575 262 607 sacrificio
273 573 388 604 Abrahae
402 571 561 612 compendio
573 578 664 600 narrat
679 582 719 606 ea,
732 581 792 610 quae
803 570 863 599 fuse
876 569 995 610 explicat
1007 569 1035 598 in
1053 570 1199 607 Genesim,
1213 581 1242 610 p.
1259 570 1328 600 478.
1344 569 1506 608 Allegoriam
1517 568 1551 598 de
1561 569 1703 598 Natalibus

131 622 231 652 Phar-es
243 626 269 650 et
283 620 357 650 zarae
370 617 465 647 eodem
480 616 561 646 modo
573 617 620 647 hie
636 616 755 657 explicat
771 623 851 655 atque
870 615 1069 645 Commentario
1088 616 1116 644 in
1130 616 1269 653 Genesim,
1284 627 1314 656 p.
1333 617 1403 652 595,
1418 617 1485 646 594.
1502 614 1533 645 ld
1547 615 1620 654 quod
1633 615 1702 645 circa

133 668 214 697 finem
225 665 356 707 Synopsis
366 665 502 694 Geneseos
515 662 581 693 dicit
599 663 728 693 sicimam
742 673 758 691 a
771 663 906 702 Symeone
919 668 945 690 et
961 661 1029 691 Levi
1047 669 1152 702 captam
1163 662 1261 697 fuisse,
1273 662 1393 702 idipsum
1407 669 1496 691 narrat
1508 662 1634 701 pluribus
1645 663 1702 692 Ho-

134 715 192 744 mil.
203 714 232 742 in
247 713 332 749 Gen„
342 722 371 751 p.
386 712 436 741 67.
448 711 512 740 Haec
525 719 606 750 porro
618 709 697 739 lectio
710 708 806 749 capitis
815 709 866 743 49,
879 708 994 746 10,quae
1008 708 1035 736 in
1047 708 1164 749 Synopsi
1175 707 1214 737 sic
1227 708 1322 746 babet,
1335 708 1384 741 ἕως
1398 708 1429 737 ἂν
1442 707 1505 747 ἔλθῃ
1518 703 1540 748 ᾧ
1552 708 1701 743 ἀπόκειται,

134 762 227 790 donec
242 760 346 788 veniat
360 760 385 788 is
404 751 452 786 cui
469 758 627 797 repositum
643 762 698 793 est,
710 766 815 795 semper
835 755 874 784 sic
892 755 1004 784 effertur
1014 766 1029 784 a
1043 756 1236 795 Chrysostomo
1245 767 1253 793 ;
1267 755 1315 785 alii
1333 766 1398 785 vero
1412 756 1555 796 scriptores
1576 756 1681 785 variant
1694 768 1700 783 :

134 817 196 836 nam
207 806 318 846 quidam
328 805 381 834 hoc
394 805 453 845 ipso
466 803 547 833 modo
560 803 671 843 legunt;
688 802 735 832 alii
747 812 822 839 vero,
837 802 887 835 ἕως
901 801 933 831 ἂν
947 801 1010 841 ἔλθῃ
1025 802 1057 831 τὰ
1073 802 1236 841 ἀποκείμενα
1250 804 1331 842 αὐτῷ.
1345 803 1376 832 In
1391 802 1498 839 Exodo,
1515 801 1589 841 quod
1602 802 1703 831 dicitur

135 855 162 883 in
186 853 313 894 Synopsi,
328 862 423 881 manus
442 850 546 891 Moysis
564 857 685 880 extensas
696 872 704 887 ,
719 860 779 889 quae
799 849 940 879 victoriam
959 849 1089 879 Israelitis
1110 856 1283 889 pepererunt,
1299 849 1415 889 figuram
1436 849 1524 878 crucis
1546 849 1638 885 fuisse,
1651 848 1702 878 hoc

134 899 226 939 ipsum
235 900 315 929 refert
325 893 547 938 Chrysostomns,
560 897 664 927 Homil.
678 897 706 926 in
719 895 791 926 illud
803 908 809 925 :
823 898 926 933 Pater,
942 898 967 925 si
979 897 1117 935 possibile
1131 903 1185 934 est,
1197 897 1278 925 Tom.
1291 898 1321 933 5,
1336 907 1365 936 p.
1381 898 1431 932 20,
1445 897 1477 927 G.

175 946 254 976 Dicet
262 946 372 975 sortasse
384 944 518 985 quispiam
534 957 540 973 ε
558 944 588 974 Si
607 944 665 973 haec
682 944 813 984 Synopsis
826 944 933 983 γνήσιον
948 944 983 973 sit
995 943 1181 984 Chrysostomi
1193 954 1273 984 opus,
1285 955 1336 973 cur
1349 956 1365 973 a
1383 944 1497 981 nemine,
1507 944 1581 983 quod
1593 943 1702 982 quidem

134 993 260 1028 sciamus,
271 997 415 1020 memorata
436 989 496 1019 est?
509 1000 560 1019 cur
573 996 680 1019 tantum
691 989 727 1018 de
740 989 789 1018 illo
802 999 883 1029 opere
895 989 971 1030 apud
992 1000 1084 1018 omnes
1099 989 1299 1020 Ecclesiasticus
1312 990 1455 1031 scriptores
1468 990 1625 1020 silentium?
1640 992 1696 1020 Ve—

135 1049 195 1068 rum
207 1048 261 1067 non
274 1043 314 1066 est
327 1035 402 1075 quod
415 1043 521 1076 stupeas
537 1035 572 1065 de
587 1042 663 1065 tanto
676 1035 794 1072 silentio,
809 1035 917 1073 quando
932 1046 965 1064 ne
979 1035 1110 1065 decimam
1123 1035 1232 1074 quidem
1249 1042 1352 1075 partem
1371 1045 1484 1076 operum
1501 1036 1701 1076 chrysostomi,

134 1096 194 1124 quae
205 1095 276 1114 nunc
283 1090 397 1119 exstant,
407 1094 422 1112 a
429 1083 526 1113 Photio
532 1082 685 1121 caeterisque
692 1082 870 1122 scriptoribus
877 1089 1051 1112 memoratam
1060 1083 1240 1123 comperimus
1251 1094 1257 1115 ;
1272 1083 1306 1113 de
1313 1083 1356 1113 his
1363 1090 1451 1113 autem
1460 1084 1587 1124 operibus
1594 1084 1701 1122 loquor,

135 1142 196 1171 quae
211 1140 335 1171 germana
348 1140 405 1159 esse
418 1128 492 1169 apud
510 1128 631 1158 eruditos
650 1139 741 1157 omnes
754 1128 782 1156 in
795 1128 915 1157 confesso
929 1135 976 1157 est.
991 1129 1085 1167 Neque
1100 1135 1140 1158 est
1152 1128 1227 1167 quod
1240 1129 1370 1158 miremur
1383 1130 1435 1159 boc
1449 1141 1517 1170 opus
1530 1130 1597 1159 adeo
1611 1129 1703 1168 negle-

136 1186 209 1208 ctum
228 1177 320 1214 fuisse,
334 1183 365 1206 ut
383 1176 442 1216 ejus
459 1186 523 1216 pars
535 1175 652 1205 maxima
665 1175 806 1212 exciderit,
821 1186 855 1205 ex
870 1175 961 1206 Veteri
972 1186 1067 1215 nempe
1079 1176 1248 1205 Testamento
1258 1176 1382 1215 quaedam
1395 1184 1422 1206 et
1434 1177 1482 1206 illa
1495 1177 1584 1207 omnia
1598 1187 1657 1216 quae
1668 1178 1703 1206 ad

136 1226 244 1254 Novum
259 1223 437 1264 pertinebant.
450 1221 614 1262 Hujusmodi
628 1221 728 1262 quippe
748 1222 854 1261 generis
867 1222 966 1262 scripta
976 1222 1065 1252 Graeci
1080 1221 1226 1253 admodum
1237 1223 1417 1263 negligebant,
1429 1223 1555 1253 homilias
1565 1234 1630 1253 vero
1644 1230 1703 1252 tum

135 1282 223 1308 veras,
237 1278 296 1300 tum
308 1269 424 1310 spurias,
437 1268 615 1298 libentissime
626 1269 788 1299 scribebant.
798 1270 868 1299 Nam
878 1275 1024 1306 utrumque
1032 1270 1232 1299 Testamentum
1247 1271 1285 1300 sic
1298 1281 1313 1299 a
1326 1270 1518 1309 Chrysostomo
1531 1271 1558 1299 in
1574 1281 1701 1310 compen-

135 1318 213 1348 dium
226 1317 365 1347 redactum
378 1316 460 1345 fuisse
472 1315 551 1345 docet
565 1315 721 1345 Protheoria
735 1315 799 1353 illa,
814 1326 895 1354 quam
909 1316 982 1345 solus
995 1316 1075 1345 babet
1095 1316 1192 1346 Codex
1210 1317 1403 1347 Coislinianus.
1417 1318 1446 1348 Si
1459 1318 1530 1348 Novi
1541 1318 1703 1347 Testamenti

135 1362 266 1404 Synopsis
277 1369 438 1403 superesset,
450 1362 535 1392 multa
549 1361 624 1391 haud
637 1362 720 1391 dubie
732 1362 993 1402 deprehenderemus
1003 1385 1010 1399 ,
1022 1373 1082 1402 quae
1095 1363 1193 1393 Joanni
1207 1363 1399 1404 Ghrysostomo
1411 1371 1494 1394 totam
1509 1365 1643 1406 Synopsin
1658 1376 1703 1394 as—

135 1417 260 1440 sererent.
273 1411 343 1440 Nam
354 1415 480 1448 quantam
493 1415 572 1450 putas
587 1408 756 1448 diligentiam
766 1408 923 1438 adhibuisse
935 1409 1014 1438 illum
1028 1409 1056 1438 in
1070 1409 1225 1448 tractandis,
1241 1417 1320 1449 atque
1332 1411 1360 1440 in
1372 1412 1562 1452 compendium
1576 1412 1702 1451 redigen-

134 1457 178 1487 dis
189 1459 221 1488 B.
232 1457 310 1487 Pauli
320 1456 470 1497 Epistolis?
481 1458 570 1493 Quam
580 1455 727 1495 Scriptura:
741 1462 844 1496 partem
861 1462 887 1485 et
909 1456 1072 1494 frequentius
1087 1456 1224 1494 adhibuit,
1238 1464 1265 1486 et
1277 1458 1355 1496 quasi
1368 1456 1532 1499 praecipuam
1547 1458 1648 1497 ubique
1659 1470 1702 1488 ce-

134 1503 266 1541 lebravit3
279 1504 302 1532 si
314 1509 401 1531 tamen
415 1501 481 1541 quid
495 1501 664 1542 praecipuum
675 1501 730 1530 dici
742 1501 826 1541 possit
839 1501 867 1530 in
885 1500 929 1537 iis,
942 1512 1002 1540 quae
1014 1502 1132 1542 primum
1151 1509 1286 1532 auctorem
1305 1503 1436 1543 Spiritum
1453 1510 1575 1533 sanctum
1593 1504 1703 1533 babent.

133 1549 199 1578 Illas
211 1555 281 1578 certe
294 1547 431 1588 Epistulas
444 1546 510 1576 adeo
526 1547 553 1576 in
566 1554 663 1583 mente,
677 1547 705 1576 in
718 1547 847 1576 memoria
858 1547 993 1583 versabat,
1010 1554 1039 1576 ut
1049 1558 1094 1577 eas
1109 1548 1209 1587 ubique
1221 1555 1247 1578 et
1260 1549 1357 1587 quavis
1370 1549 1481 1578 minima
1496 1549 1558 1579 data
1569 1550 1705 1579 occasione

136 1593 275 1623 adhiberet
294 1594 322 1623 in
348 1593 468 1623 homiliis
487 1593 516 1622 in
536 1593 650 1632 aliisque
663 1593 791 1634 operibus
808 1593 929 1633 cujusvis
951 1594 1064 1633 generis.
1077 1594 1143 1624 Inde
1156 1602 1205 1631 est,
1219 1602 1249 1624 ut
1270 1595 1299 1624 in
1319 1596 1436 1636 Synopsi
1451 1596 1623 1625 Pentateucbi
1637 1606 1706 1635 saepe

138 1640 255 1669 Paulum
281 1639 375 1669 videas
398 1639 427 1668 in
444 1639 564 1669 medium
584 1639 696 1677 adduci,
711 1641 738 1669 in
757 1640 790 1670 iis
810 1641 941 1670 nimirum
968 1642 1142 1671 Pentateucbi
1160 1642 1238 1678 locis,
1252 1653 1312 1681 quae
1336 1644 1437 1673 Paulus
1463 1644 1490 1672 in
1505 1643 1635 1683 Epistolis
1650 1643 1705 1672 suis

137 1685 306 1715 adhibuerat.
318 1685 452 1725 Quodque
480 1686 725 1725 singularissimum
742 1694 792 1723 est,
814 1687 841 1716 in
859 1688 1013 1717 Protheoria
1031 1698 1097 1725 sua,
1110 1688 1155 1718 ubi
1185 1689 1271 1718 libros
1296 1689 1368 1719 Novi
1383 1690 1557 1726 Testamenti,
1581 1701 1648 1729 quos
1678 1690 1704 1718 in
1716 1702 1753 1721 ³13

137 1731 274 1771 Synopsin
286 1731 437 1771 redegerat,
451 1738 586 1768 recenset,
601 1742 617 1760 a
635 1732 838 1771 quatuordeeim
855 1733 986 1773 Epistolis
1000 1734 1078 1763 Pauli
1089 1733 1232 1763 exordium
1248 1735 1335 1771 ducit,
1351 1735 1479 1775 ipsosque
1490 1736 1629 1775 praemittit
1640 1736 1706 1775 ipsis

137 1783 255 1816 quatuor
270 1776 427 1816 Evangeliis
437 1771 463 1806 et
475 1777 667 1816 Apostolorum
683 1778 799 1807 actibus.
813 1778 894 1808 Unde
910 1779 1020 1809 fortasse
1033 1790 1135 1811 novum
1148 1780 1282 1820 quispiam
1295 1789 1485 1820 argumentum
1496 1790 1572 1812 eruat
1585 1782 1620 1811 ad
1633 1783 1705 1822 Syn-

137 1821 215 1861 opsin
234 1821 427 1861 Chrysostomo
447 1822 630 1860 asserendam,
645 1823 694 1862 qui
715 1834 769 1853 non
789 1825 869 1854 semel
888 1825 1005 1855 Paulum
1020 1836 1048 1855 se
1061 1826 1231 1856 vehementer
1244 1838 1332 1857 amare
1346 1828 1498 1867 profitetur,
1512 1835 1537 1858 et
1551 1829 1615 1869 plus
1627 1829 1705 1859 Pauli

139 1868 216 1898 libris
230 1874 255 1897 et
269 1868 333 1897 actis
346 1868 441 1903 utitur,
453 1879 534 1907 quam
547 1869 648 1898 caeteris
659 1869 806 1910 Scripturae
820 1880 901 1900 sacr-'e
913 1871 1024 1902 libris*.

176 1914 284 1955 Stylum
296 1921 385 1944 autem
395 1914 469 1953 quod
478 1922 589 1955 spectat,
602 1915 781 1956 profluentem
793 1916 868 1946 illam
882 1918 1026 1947 verborum
1037 1925 1064 1948 et
1074 1918 1285 1948 similitudinum
1296 1920 1412 1960 copiam,
1423 1932 1476 1960 qua
1490 1921 1530 1950 uti
1543 1921 1610 1951 solet
1617 1921 1705 1961 Chry-

137 1968 278 1998 sostomus,
291 1961 319 1990 in
329 1962 446 2002 Synopsi
456 1968 481 1991 et
494 1962 653 2002 compendio
664 1963 817 2001 exquirere,
827 1963 899 1993 illud
911 1972 978 1994 esset
991 1965 1094 1995 nodum
1107 1966 1136 1995 in
1149 1966 1239 2006 scirpo
1252 1977 1383 2005 quaerere.
1396 1969 1502 1998 Verum
1516 1967 1600 1998 dictio
1614 1970 1703 2008 Chry·

136 2006 245 2036 sostomi
266 2017 322 2036 esse
345 2007 555 2048 deprehenditur
566 2031 574 2045 ,
589 2008 625 2038 ita
640 2019 710 2049 pura
722 2033 729 2045 ,
745 2010 816 2039 clara
832 2011 970 2050 nitidaque
983 2018 1032 2041 est.
1054 2012 1112 2042 Etsi
1125 2023 1190 2042 vero
1203 2024 1245 2042 res
1263 2014 1422 2054 compendio
1436 2016 1542 2052 referat,
1558 2016 1705 2055 aliquando

137 2060 224 2083 tamen
237 2054 408 2094 interpretem
419 2055 485 2095 agit,
496 2065 538 2084 res
550 2055 678 2095 explicat,
693 2063 719 2085 et
734 2056 786 2086 alia
806 2058 864 2088 Scri
868 2065 965 2097 pturae,
989 2059 1159 2098 maximeque
1172 2060 1250 2089 Pauli
1270 2060 1329 2090 loca
1349 2062 1427 2091 affert
1441 2062 1476 2091 ad
1489 2062 1703 2102 explanationem

139 2106 210 2139 apta.
223 2101 279 2130 Nec
290 2100 370 2130 minis
381 2101 474 2141 jejuna
488 2101 618 2141 Synopsis
628 2109 679 2139 est,
689 2102 775 2132 sedin
789 2104 970 2134 Pentateucho
988 2104 1105 2134 maxime
1120 2106 1194 2145 justa
1213 2116 1281 2146 pene
1295 2107 1463 2147 longitudine
1475 2107 1615 2138 historiam
1626 2108 1704 2143 texit,

142 2151 170 2173 ut
183 2146 344 2185 exemplaris
354 2146 413 2176 loco
426 2147 476 2176 hac
489 2147 517 2177 in
530 2155 606 2187 parte
619 2148 711 2178 haberi
726 2150 821 2189 possit.
835 2150 993 2181 Verisimile
1005 2158 1094 2181 autem
1108 2159 1147 2185 est
1160 2152 1250 2192 ipsum
1259 2153 1294 2183 ad
1306 2165 1385 2183 usum
1397 2165 1477 2183 suum
1490 2162 1573 2184 totam
1584 2155 1705 2195 Scriptu-

119 2205 123 2207 ·
140 2201 196 2220 ram
206 2191 244 2220 sic
257 2191 285 2220 in
297 2192 432 2232 Synopsin
445 2199 524 2232 atque
536 2194 728 2234 compendium
737 2195 880 2236 redegisse.
895 2197 924 2227 Si
939 2207 1020 2237 porro
1031 2197 1102 2227 Novi
1114 2198 1276 2228 Testamenti
1288 2200 1418 2240 Synopsis
1429 2200 1574 2238 aliquando
1587 2212 1621 2230 ex
1635 2207 1706 2229 tene-

140 2235 197 2264 bris
210 2237 355 2274 emerserit,
370 2237 433 2266 inde
446 2248 525 2275 nova,
541 2245 571 2267 ut
583 2238 653 2275 dixi,
668 2240 817 2279 prodibunt
831 2248 999 2281 argumenta,
1014 2242 1091 2281 queis
1105 2253 1186 2273 verns
1195 2245 1277 2274 totius
1289 2246 1440 2286 Synopseos
1453 2253 1547 2275 auctor
1559 2246 1706 2286 deprehen-

140 2280 231 2310 datur.
242 2282 285 2310 Ex
302 2282 335 2311 iis
348 2289 437 2312 autem
458 2294 518 2322 quae
535 2292 689 2324 supersunt,
705 2292 730 2315 et
749 2297 783 2315 ex
796 2287 990 2328 Manuscriptis
1007 2295 1083 2319 eruta
1105 2296 1181 2327 sunt,
1203 2291 1426 2331 Chrysostomum
1446 2303 1518 2327 esse,
1543 2292 1706 2331 argumentis

141 2327 169 2356 in
181 2326 301 2357 medium
324 2327 424 2365 allatis,
436 2329 550 2369 probavi
565 2343 572 2359 ε
587 2341 640 2361 non
664 2331 702 2362 ita
723 2339 811 2362 tamen
829 2341 857 2363 ut
874 2345 931 2366 rem
954 2335 1098 2375 perfectam
1117 2336 1322 2377 absolutamque
1344 2338 1504 2368 existimem.
1528 2337 1704 2367 Eruditorum

141 2372 243 2412 quippe
251 2372 387 2413 judicium
397 2382 522 2414 exspecto
535 2387 542 2404 ε
556 2386 617 2406 nam
631 2387 673 2407 res
687 2378 796 2418 majoris
808 2386 847 2409 est
860 2381 997 2419 momenti,
1009 2391 1091 2420 quarn
1102 2389 1133 2412 ut
1145 2384 1231 2423 possit
1241 2384 1321 2413 unius
1333 2384 1472 2424 scriptoris
1481 2383 1586 2423 judicio
1600 2382 1704 2420 dirimi,

141 2425 168 2448 et
179 2418 280 2458 absque
288 2420 468 2450 controversia
478 2431 535 2450 esse
543 2422 723 2461 pronuntiari.

182 2466 274 2495 Restat
284 2472 316 2495 ut
325 2465 360 2495 de
369 2466 485 2506 Synopsi
499 2467 645 2508 Scripturae
662 2468 709 2498 illa
726 2479 845 2510 agamus,
857 2482 916 2511 quae
935 2472 1005 2503 inter
1019 2473 1156 2504 Athanasii
1170 2475 1258 2514 Opera
1276 2476 1471 2510 circumfertur,
1486 2484 1629 2512 quamque,
1646 2474 1708 2504 licet

143 2509 281 2551 diligentis
290 2512 427 2552 scriptoris
440 2523 509 2554 opus
520 2514 566 2552 sit,
580 2515 720 2546 Athanasii
730 2527 783 2547 non
799 2529 855 2548 esse
865 2519 1043 2559 probavimus
1057 2521 1136 2551 Tom.
1159 2522 1189 2558 9,
1209 2533 1234 2561 p.
1256 2523 1314 2551 194
1325 2528 1350 2550 et
1368 2522 1432 2551 195.
1450 2520 1499 2549 Illa
1514 2530 1578 2550 vero
1593 2521 1618 2549 in
1631 2521 1709 2551 libris

180 2607 190 2619 “
211 2608 276 2639 [uis
296 2607 360 2634 adde
377 2618 431 2642 quae
452 2610 540 2636 Montf.
562 2611 678 2638 disseruit
693 2615 718 2639 in
738 2615 811 2640 Tomi
831 2615 902 2649 hujus
919 2618 1016 2642 Praetat.
1032 2618 1118 2651 §1114
