1890 2826
522 234 567 257 DE
592 229 862 256 Pnopfflz'rmuum
889 228 1133 255 onscunu'A'rE,
1161 229 1183 251 1.

79 298 124 328 καὶ
141 296 279 336 θαυμαστὴ
300 299 348 332 τῆς
369 296 445 335 ἁγίας
464 295 565 332 ἐκείνης
588 293 734 333 ἐξέλαμψεν
761 292 845 332 ὄψεως

79 343 202 380 τοιαύτη,
226 344 262 377 ὡς
288 342 389 381 μηδένα
412 344 466 371 τῶν
489 342 594 371 πολλῶν
625 341 697 380 αὗτῷ
721 338 853 368 δύνασθαι

78 388 213 429 προσιέναι
226 388 271 418 καὶ
295 387 469 427 διαλέγεσθαι.
482 386 543 416 Ἵνα
565 382 608 416 ὧν
625 386 662 425 μὴ
684 385 728 414 διὰ
748 382 846 416 παντὸς

79 433 218 474 ἀπρόσιτος
231 430 249 474 ᾗ
263 435 301 474 τῷ
314 433 406 474 δήμῳ,
420 433 550 472 κάλυμμα
562 431 607 461 ἐπὶ
626 433 674 467 τῆς
687 430 771 471 ὄψεως
787 430 846 458 ἐπι-

77 479 170 516 τιθεὶς,
194 484 306 520 παρεῖχε
327 479 396 519 μετὰ
415 478 505 511 ἀδείας
529 482 584 511 τοῖς
612 476 749 509 Ἰουδαίοις
774 476 847 515 αὐτῷ

78 524 254 565 συγγίνεσθαι.
267 524 322 555 Καὶ
334 526 373 565 τῷ
392 523 470 564 δήμῳ
484 523 531 562 μὲν
552 524 652 562 ὁμιλῶν
670 517 727 562 εἶχε
747 520 777 551 τὸ
799 519 848 550 κά-

77 572 187 609 λυμμα,
202 570 268 611 πρὸς
281 570 309 600 δὲ
325 570 370 600 τὸν
381 569 450 600 Θεὸν
462 568 626 609 ἐπιστρέφων
640 567 759 598 ἀπετίθει
770 567 848 596 τοῦτο

78 616 167 647 πάλιν.
182 618 269 647 Τοῦτο
280 616 308 646 δὲ
326 616 487 653 συνέὸαινεν,
500 617 565 655 ὁμοῦ
582 615 629 654 μὲν
642 614 686 644 ἵνα
699 613 849 648 ἀξιόπιστος

16 675 19 678 ·
78 663 248 702 ὁνομοθέτης
267 662 392 702 φαίνηται
415 666 471 696 τοῖς
494 662 620 701 μέλλουσι
643 659 688 690 τὸν
713 660 747 689 δι’
769 659 848 688 αὐτοῦ

77 708 248 748 κομιζόμενον
261 708 385 748 δέχεσθαι
404 707 495 747 νόμον,
517 709 583 746 ὁμοῦ
604 705 632 736 δὲ
649 705 693 735 ἵνα
715 705 760 735 καὶ
774 707 788 734 ὁ
801 705 851 739 τῆς

80 754 203 790 ἀληθείας
211 755 239 784 ἐν
249 755 324 794 αὐτῷ
337 757 350 770 ⁰
357 754 544 794 προδιαγραφῇ
551 751 648 788 τύπος,
662 750 708 780 καὶ
718 752 850 791 διαγραφῇ

79 800 202 836 τῆςκατὰ
215 800 329 840 Χριστὸν
337 798 486 838 οἰκονομίας
498 799 596 834 ἄνωθεν
607 800 625 834 ἡ
635 796 720 827 αἰτία.
734 796 849 834 Ἐπειδὴ

79 846 131 885 γὰρ
146 845 256 885 ἔμελλόν
269 857 338 879 τινες
353 844 450 883 λέγειν,
472 843 543 877 τίνος
561 844 648 873 ἕνεκεν
667 844 697 872 οὗ
712 843 800 882 γυμνῇ
814 843 848 881 τῇ

80 891 185 928 θεότητι
206 891 367 932 παρεγένετο
387 892 402 921 ὁ
422 889 552 930 Χριστὸς,
568 888 638 920 ἀλλὰ
658 888 745 929 σάρκα
757 899 850 928 περιε-

81 937 209 974 6άλλετο;
222 937 321 967 ἄνωθεν
336 936 380 966 διὰ
392 938 441 972 τῆς
451 936 536 976 ὄψεως
547 938 594 966 τοῦ
606 934 698 965 δούλου
712 939 780 964 πᾶσι
791 930 850 963 τοῦ-

80 995 135 1017 τοις
146 983 339 1023 ἀπελογήσατο.
353 983 388 1012 Εἰ
401 981 452 1022 γὰρ
464 981 513 1018 τὴν
527 984 573 1011 τοῦ
594 981 687 1011 δούλου
712 980 787 1014 δόξαν
801 981 850 1009 οὐκ

1569 213 1638 250 205

897 290 1073 330 revelatum,
1097 292 1237 331 quoniam
1267 292 1300 319 in
1328 290 1442 320 Christo
1468 294 1638 328 evacuatur.

897 335 1053 365 Obscurum
1066 343 1107 365 est
1122 336 1243 373 fortasse,
1258 334 1333 375 quod
1352 334 1484 374 legimus;
1495 335 1584 373 itaque
1594 333 1640 363 di-

897 381 1016 412 lucidius
1038 382 1109 412 illud
1133 382 1279 413 reddamus
1306 392 1411 412 necesse
1435 388 1486 418 est,
1505 388 1532 411 et
1555 382 1642 422 ipsam

897 429 1039 459 historiam
1058 429 1138 459 vobis
1162 430 1191 459 in
1208 430 1364 460 memoriam
1385 439 1557 460 revocemus.
1571 429 1642 458 Nam

897 486 960 505 cum
980 475 1096 516 acceptis
1109 476 1137 505 in
1152 483 1242 507 monte
1258 476 1360 506 tabulis
1379 475 1557 509 descensurus
1575 481 1644 504 esset

898 523 1019 561 Moyses,
1037 521 1181 552 ineffabilis
1196 522 1320 561 quaedam
1340 528 1366 552 et
1383 520 1518 552 mirabilis
1537 531 1573 550 ex
1595 520 1644 550 illa

898 575 989 600 sancta
1010 568 1078 600 facie
1102 568 1189 608 gloria
1211 569 1274 599 talis
1295 568 1440 605 emicabat,
1463 574 1493 598 ut
1515 566 1608 597 nullus
1629 577 1644 596 e

898 614 983 654 vulgo
995 613 1032 643 ad
1044 613 1125 643 illum
1138 613 1263 644 accedere
1274 621 1300 644 et
1312 625 1374 644 cum
1394 614 1445 644 illo
1463 612 1582 652 colloqui
1593 624 1643 642 au-

865 659 885 684 F·
900 659 985 691 deret.
1001 661 1042 691 Ne
1054 660 1138 700 igitur
1149 661 1252 701 populo
1269 671 1375 701 semper
1392 660 1542 690 inaccessus
1563 666 1642 698 esset,
1653 667 1782 721 §501115334

1687 715 1692 721 .
1728 708 1750 729 4.

900 706 1025 747 imposito
1037 706 1116 736 faciei
1135 717 1190 737 suae
1201 707 1344 742 velamine,
1355 707 1525 748 permittebat
1538 713 1568 737 ut
1581 716 1643 737 cum

901 763 932 783 eo
944 753 1037 783 venire
1055 753 1082 782 in
1104 754 1271 794 colloquium
1285 753 1376 795 Judaei
1389 761 1509 794 possent.
1523 755 1560 784 At
1582 765 1644 784 cum

902 799 1004 840 populo
1017 799 1090 829 dum
1116 807 1287 836 versaretur,
1311 800 1433 830 velamen
1464 801 1587 840 gerebam
1609 799 1646 830 ad

903 846 989 876 Deum
1010 853 1100 876 autem
1122 857 1150 876 se
1169 853 1337 884 convertens,
1351 857 1447 877 rursus
1466 847 1538 876 illud
1558 847 1645 887 depo-

900 892 991 922 nebat.
1003 892 1037 923 Id
1047 903 1112 923 vero
1127 892 1217 930 fiebat,
1233 899 1263 922 ut
1277 893 1358 922 simul
1378 894 1463 933 major
1479 893 1547 923 fides
1563 893 1645 933 legis-

900 940 981 970 latori
993 941 1183 971 conciliaretur
1196 940 1270 981 apud
1286 951 1331 970 eos
1352 940 1401 979 qui
1423 951 1471 980 per
1488 940 1578 981 ipsum
1599 941 1646 971 al-

901 987 983 1016 latam
1007 987 1142 1027 accepturi
1166 987 1253 1026 legem
1279 993 1364 1023 erant,
1388 993 1414 1016 et
1430 986 1513 1016 simul
1535 987 1645 1028 in‘ipso

79 1029 193 1069 ἤνεγκαν
219 1030 283 1059 ἶδθῖν
298 1028 348 1065 dv
372 1026 558 1067 ἔπ’-γινομένην
580 1026 688 1066 ὕστερον
711 1026 894 1066 Ἰθυδαῖοῑιιπ
902 1033 978 1072 prius
1001 1032 1208 1063 adumbraretur
1228 1032 1317 1071 figura
1335 1032 1467 1068 veritatis,
1478 1039 1504 1062 et
1522 1032 1646 1064 incarna-

80 1074 136 1108 πῶς
150 1075 181 1104 ἂν
192 1077 294 1115 γυμνὴν
312 1075 362 1111 τὴν
375 1074 488 1110 θόὄῡιτα
503 1072 571 1113 μετὰ
590 1075 676 1102 ταῦτα
698 1073 761 1102 ἷδεῖν
782 1071 851 1101 ὓπέ·
865 1074 886 1097 Δ
902 1078 984 1108 tionis
996 1078 1098 1109 Christi
1109 1089 1189 1108 causa
1204 1079 1291 1109 multo
1304 1086 1365 1109 ante
1375 1079 1645 1119 *praesignificaretun

82 1132 175 1159 μιιναν
182 1133 191 1158 3

121 1404 162 1434 Οὔ
176 1407 253 1434 τοῦτο
275 1403 303 1433 δὲ
323 1403 401 1443 μόνον
422 1401 454 1431 τὸ
468 1397 676 1440 κάλυμμ’-ἡμῖν
690 1400 851 1431 ἐνδείκνυται

82 1452 166 1480 ἐκεῖνο
174 1472 182 1486 ,
197 1451 255 1479 ἀλλ’
271 1450 312 1480 ὅτι
322 1449 367 1479 καὶ
378 1450 463 1478 ταῦτα
475 1447 624 1488 πάσχωσιν
635 1449 660 1477 οἱ
674 1446 796 1477 Ἰουδαῖοι
807 1446 852 1476 ἐπὶ

82 1500 129 1526 τοῦ
142 1496 239 1535 νόμου,
253 1496 321 1535 ἅπερ
340 1494 458 1535 ἔπασχον
480 1494 525 1523 ἐπὶ
550 1496 599 1529 τῆς
612 1494 696 1534 ὄψεως
716 1493 852 1526 Μωῦσέως

81 1543 151 1572 τότε.
165 1542 293 1582 Καθάπερ
306 1541 357 1582 γὰρ
370 1542 422 1581 οὔχ
439 1540 528 1580 ἑώρων
541 1542 589 1576 τῆς
607 1541 691 1580 ὄψεως
708 1542 754 1569 τοῦ
772 1550 852 1578 νομο-

83 1587 157 1617 θέτου
170 1587 219 1623 τὴν
241 1587 327 1623 δόξαν,
340 1590 388 1616 τοῦ
410 1586 655 1627 παραπετάσματος
681 1585 780 1615 ἐκείνω
801 1597 854 1614 πα-

84 1632 299 1673 ρεμὸεὸλημένου
323 1632 412 1671 μέσον,
426 1632 508 1665 οὕτως
524 1631 585 1661 οὐδὲ
605 1631 654 1667 τὴν
675 1630 757 1670 νόμου
777 1630 852 1664 δόξαν

85 1678 208 1708 δύνανται
220 1681 266 1708 νῦν
279 1679 405 1708 κατιδεῖν.
421 1679 508 1707 Τόῦτο
526 1677 555 1707 δὲ
567 1677 613 1706 καὶ
626 1677 691 1717 πρὸς
707 1676 854 1716 αἱρετικαὺς

85 1726 227 1763 ἀναγκαῖον
235 1726 312 1763 ἡμῖν.
327 1717 381 1753 Καὶ
390 1723 442 1763 γὰρ
451 1723 606 1762 νομίσαντες
613 1722 773 1762 κατηγορίαν
787 1717 854 1751 εἶναι

84 1772 131 1799 τοῦ
144 1769 225 1808 νόμου
238 1768 273 1798 τὰ
293 1769 420 1809 εἰρημένα
431 1791 439 1805 ,
452 1768 624 1802 κατεδέξαντο
642 1770 690 1803 τῆς
711 1769 853 1803 ἐπιστολῆς

84 1815 115 1845 τὺ
127 1814 225 1855 χωρίον
237 1817 330 1844 τοῦτο·
344 1814 390 1844 καὶ
411 1813 641 1850 ἐπειδὴῆκουσαν,
662 1812 704 1842 ὅτι
724 1813 853 1852 κάλυμμα

902 1126 973 1156 Nam
986 1125 1114 1163 quoniam
1123 1124 1226 1155 dicturi
1245 1132 1320 1155 erant
1334 1125 1471 1163 nonnulli,
1484 1127 1575 1163 Quare
1593 1137 1647 1157 non

903 1171 930 1201 in
949 1170 1022 1200 nuda
1042 1171 1184 1202 divinitate
1201 1172 1327 1202 Christus
1342 1172 1462 1208 advenit,
1477 1172 1524 1203 sed
1541 1183 1649 1203 carnem

903 1217 1014 1247 induit?
1023 1218 1111 1247 multo
1128 1224 1190 1247 ante
1199 1228 1249 1257 per
1260 1218 1356 1248 faciem
1368 1218 1439 1249 servi
1451 1219 1649 1258 objectionibus

903 1264 962 1293 istis
974 1263 1103 1293 occurrit.
1111 1263 1142 1294 Si
1154 1264 1227 1293 enim
1235 1263 1305 1294 servi
1318 1264 1444 1304 gloriam,
1450 1275 1511 1303 quae
1518 1265 1560 1294 illi
1572 1272 1648 1305 post-

902 1320 934 1339 ea
958 1310 1080 1346 obvenit,
1105 1320 1216 1340 cernere
1241 1320 1295 1340 non
1318 1317 1431 1351 potuere
1457 1312 1475 1342 J
1476 1310 1545 1340 udaei
1556 1332 1565 1347 ,
1593 1322 1649 1350 quo

902 1363 980 1396 pacto
986 1356 1088 1386 nudam
1099 1363 1192 1397 postea
1198 1356 1368 1388 divinitatem
1374 1357 1468 1387 videre
1479 1357 1649 1397 potuissent?

942 1404 972 1432 ⁷.
995 1404 1089 1442 Neque
1104 1414 1169 1434 vero
1178 1410 1283 1433 tantum
1293 1403 1345 1434 hoc
1357 1403 1436 1434 nohis
1445 1404 1569 1434 velamen
1577 1404 1650 1434 illud

901 1447 1035 1488 designat,
1050 1449 1098 1480 sed
1111 1449 1204 1480 eadem
1219 1459 1292 1479 nunc
1307 1449 1412 1480 Judaeis
1432 1450 1500 1480 lecta
1513 1450 1572 1491 lege
1585 1460 1649 1481 con-

901 1495 1016 1536 tingere,
1032 1507 1093 1535 quae
1104 1503 1163 1527 tum
1175 1497 1235 1527 visa
1253 1496 1359 1537 Moysis
1372 1497 1441 1528 facie
1454 1497 1650 1537 contingebant.

902 1543 942 1572 Ut
955 1542 1026 1572 enim
1041 1542 1117 1572 faciei
1132 1542 1293 1582 legislatoris
1303 1542 1417 1582 gloriam
1431 1553 1485 1573 non
1497 1543 1650 1579 cernebant,

902 1588 976 1627 quod
988 1588 1109 1619 medium
1121 1588 1194 1619 illud
1207 1589 1299 1620 velum
1319 1589 1491 1629 interjectum
1507 1596 1575 1619 esset
1588 1601 1595 1617 :
1611 1589 1651 1619 sic

903 1645 990 1674 neque
1008 1645 1079 1665 nunc
1098 1634 1166 1675 legis
1190 1642 1305 1675 possunt
1326 1636 1440 1675 gloriam
1463 1635 1572 1666 intueri.
1590 1637 1651 1666 Hoc

903 1691 969 1710 vero
984 1681 1064 1710 etiam
1078 1681 1208 1711 adversus
1216 1681 1353 1711 haereticos
1364 1681 1426 1710 usui
1434 1681 1512 1710 nobis
1519 1688 1568 1710 est.
1578 1682 1650 1719 Nam

903 1726 967 1764 quia
979 1733 1076 1766 putant
1086 1725 1300 1756 criminationem
1315 1726 1382 1766 legis
1398 1737 1454 1766 prae
1466 1737 1495 1755 se
1509 1727 1579 1756 ferre
1589 1737 1649 1765 qua>

902 1771 975 1801 dicta
991 1778 1064 1808 sunt,
1080 1771 1154 1801 bunc
1175 1771 1266 1801 locum
1289 1771 1409 1811 epistolae
1431 1779 1608 1812 receperunt:
1623 1779 1650 1802 et

902 1827 964 1846 eum
981 1817 1067 1857 legem
1089 1817 1189 1846 habere
1201 1817 1323 1847 velamen
1345 1817 1524 1853 audivissent,
1538 1824 1565 1847 et
1580 1828 1651 1848 eva-

84 1860 142 1900 ἔχει
154 1863 169 1890 ὁ
182 1861 277 1899 νόμος,
289 1860 335 1890 καὶ
353 1859 393 1889 ὅτι
412 1864 597 1899 καταργεῖται,
611 1858 765 1898 νομίσαντες
786 1854 853 1888 εἶναι
869 1865 887 1889 B
902 1862 988 1899 euari,
1003 1862 1077 1902 quod
1098 1862 1175 1892 illam
1195 1863 1390 1892 arbitrarentur
1409 1863 1539 1900 accusari,
1558 1863 1650 1894 literas

85 1906 220 1943 διαὸολὴν,
241 1907 346 1946 ἀφῆκαν
369 1905 405 1935 τὰ
428 1905 590 1945 γράμματα,
612 1904 657 1934 ἵνα
675 1909 730 1938 τοῖς
748 1904 853 1938 οἰκείοις

85 1953 183 1981 ἁλῶσιν
196 1951 411 1991 ἐπιχειρήμασιν.
427 1951 499 1981 Αὐτὸ
511 1950 564 1990 γὰρ
581 1951 787 1980 τοῦτοόείκνυσι
801 1950 852 1989 μέ-

85 2008 132 2036 γαν
145 1997 209 2026 ὄντα
221 1997 266 2027 τὸν
278 1997 366 2036 νόμον.
380 1997 485 2036 Ὥσπερ
499 1996 551 2036 γὰρ
565 1996 626 2026 τότε
636 1997 684 2026 οὐκ
695 1992 728 2032 ἦν
738 2007 852 2035 κατηγο-

85 2045 128 2086 ρία
142 2046 276 2079 Monada<
286 2046 317 2075 τὸ
335 2045 464 2085 κάλυμμα
476 2045 547 2085 ἔχειν
562 2045 606 2075 ἐπὶ
619 2047 668 2081 τῆς
678 2045 776 2086 ὄψεως,
791 2046 849 2074 ἀλλ’

85 2095 204 2125 ἀσθένεια
225 2097 279 2124 τῶν
300 2094 444 2131 Ἰουδαίων,
458 2093 595 2127 Μωῦσέως
614 2093 700 2123 δὲκαὶ
721 2093 852 2133 ἐγκώμιον

85 2145 207 2184 μέγιστον
222 2140 264 2182 ἦν,
278 2145 319 2174 ὅτι
332 2144 456 2181 τοιαύτην
472 2139 542 2184 εἶχεν
550 2143 595 2173 ἐπὶ
608 2146 656 2180 τῆς
669 2144 754 2184 ὄψεως
767 2142 852 2180 δόξαν,

84 2197 119 2229 ὥς
130 2195 174 2225 καὶ
187 2195 428 2236 παραπετάσματος
441 2196 567 2231 δεηθῆναι
584 2194 649 2235 πρὸς
663 2193 723 2227 τοὺς
742 2193 853 2232 ὁμοδού-

84 2246 159 2279 λους·
173 2245 242 2275 οὕτω
254 2245 300 2275 καὶ
320 2245 365 2275 ἐπὶ
388 2248 434 2275 τοῦ
456 2245 537 2284 νόμου
560 2244 669 2281 συνέὲη.
686 2245 720 2274 Ei
740 2244 791 2284 γὰρ
814 2242 851 2282 μὴ

85 2295 161 2329 δόξαν
184 2290 254 2335 εἶχεν
276 2294 418 2335 ἀπρόσιτον
431 2296 446 2324 ὁ
459 2294 550 2334 νόμος,
564 2296 612 2324 οὐκ
631 2294 662 2323 ἃν
685 2293 780 2329 ἐδεήθη
801 2305 852 2323 κα-

84 2345 232 2384 λύμματος.
247 2345 332 2375 εὈτιιιν
357 2340 400 2375 οὗν
425 2345 500 2384 λέγῃ,
518 2345 559 2375 ὅτι
581 2345 718 2384 Κάλυμμα
738 2344 783 2373 ἐπὶ
805 2345 852 2379 τῆς

85 2395 255 2435 ἀναγνώσεως
269 2397 316 2430 τῆς
329 2397 445 2428 παλαιᾶς
466 2395 600 2432 Διαθήκης
621 2395 708 2434 μένει,
723 2394 772 2431 τὴν
786 2394 852 2424 ἀσά-

903 1907 1091 1945 deffinierunt,
1101 1915 1131 1950 ut
1144 1909 1201 1938 suis
1216 1908 1466 1938 ratiocinationibus
1479 1915 1648 1949 caperentur.

902 1954 980 1984 Istud
996 1954 1068 1984 enim
1086 1954 1179 1995 ipsum
1195 1965 1320 1994 magnam
1341 1966 1398 1984 esse
1418 1955 1503 1995 legem
1520 1954 1647 1985 ostendit.

903 2002 974 2031 Nam
992 2001 1063 2031 sicut
1081 2007 1140 2030 tum
1153 2001 1259 2030 crimini
1271 2001 1340 2031 verti
1354 2000 1445 2041 Moysi
1464 2011 1518 2031 non
1531 2008 1648 2042 poterat,

903 2046 976 2086 quod
1001 2058 1084 2087 super
1106 2047 1201 2077 faeiem
1220 2047 1341 2078 velamen
1364 2047 1493 2083 haberet,
1513 2047 1561 2079 sed
1578 2048 1650 2077 illud

902 2101 959 2123 erat
970 2093 1102 2123 indicium
1115 2093 1278 2124 infirmitatis
1287 2095 1306 2124 J
1307 2093 1456 2130 udaeomm,
1465 2094 1573 2134 Moysis
1584 2105 1649 2124 vero

902 2139 962 2168 laus
979 2139 1106 2177 maxima,
1121 2139 1195 2178 quod
1214 2146 1286 2169 tanta
1309 2139 1396 2179 gloria
1413 2139 1494 2169 facies
1510 2139 1587 2169 illius
1603 2150 1648 2169 rc-

902 2185 1017 2225 sulgeret
1037 2192 1068 2215 ut
1080 2185 1154 2225 apud
1173 2195 1317 2215 conservos
1337 2185 1471 2215 velamine
1492 2185 1646 2225 indigeret:

903 2233 940 2262 ita
954 2243 1061 2272 quoque
1074 2232 1130 2273 Ragi
1141 2233 1250 2263 accidit.
1260 2233 1319 2263 Nisi
1334 2234 1405 2263 enim
1415 2234 1461 2263 lex
1475 2233 1588 2272 gloriam
1602 2234 1647 2263 ha-

902 2279 1005 2309 buisset
1035 2279 1205 2314 inaccessam,
1231 2278 1366 2308 velamine
1389 2288 1442 2308 non
1477 2278 1646 2318 indiguisset.

903 2324 1019 2361 Quando
1039 2324 1123 2364 igitur
1139 2335 1247 2354 manere
1261 2324 1382 2354 velamen
1403 2324 1471 2354 dicit
1489 2324 1516 2353 in
1536 2324 1648 2353 lectione

904 2368 1382 2405 VeterisTestamenti‚obscuritatem
1394 2370 1452 2408 ejus
1462 2367 1648 2406 dicittquando

903 2422 968 2441 vero
983 2422 1035 2441 non
1049 2412 1198 2442 revelatum
1213 2411 1363 2450 dicitquod
1377 2411 1404 2440 in
1419 2411 1527 2441 Christo
1538 2422 1647 2440 evacua-

85 2457 159 2486 ?“m'
171 2447 250 2474 αὐτοῦ
262 2456 350 2485 φησιν’
362 2444 424 2474 ὅταν
441 2444 468 2474 δὲ
480 2444 558 2485 λέγῃ)
569 2444 618 2480 Μὴ
634 2445 851 2484 ἀνακαλυπτόμε·
868 2451 887 2475 c
903 2460 959 2491 tur,
972 2462 1075 2495 partem
1089 2465 1147 2484 eam
1159 2454 1227 2494 legis
1238 2454 1316 2484 nobis
1333 2454 1445 2489 indicat,
1459 2453 1559 2482 ratione
1570 2455 1648 2493 cujus

84 2507 138 2533 νον,
151 2495 191 2526 ὅτι
203 2496 230 2525 ἐν
243 2496 353 2535 Χριστῷ
367 2499 547 2535 καταργεῖται,
557 2494 588 2524 τὸ
599 2494 677 2534 μέρος
685 2515 693 2530 ,
704 2494 768 2535 ὅπερ
779 2495 850 2525 ἐστὶν

118 2594 128 2605 e
146 2586 207 2619 Reg,
225 2588 353 2620 διαχαραγῇ
372 2587 449 2615 τύπος.
468 2583 542 2609 Colb.
564 2587 738 2621 προδιαχαραγῇ
758 2588 838 2618 τύπος,

904 2497 1018 2528 obscura
1032 2498 1077 2528 lex
1089 2505 1136 2528 cst.
1149 2499 1211 2528 Non
1224 2498 1295 2528 enim
1318 2498 1430 2527 obscura
1451 2508 1513 2536 pars
1532 2507 1561 2526 ea
1581 2497 1648 2536 legis

889 2587 970 2612 modo
984 2587 1053 2621 legas
1067 2587 1175 2622 idipsum
1191 2595 1239 2615 esti
1256 2588 1354 2621 [Morel.
1366 2594 1392 2613 et
1404 2587 1494 2613 Mouis.
1507 2591 1646 2625 προδιαγρα-

85 2633 160 2657 qnam
176 2625 253 2650 etiam
271 2625 407 2650 lectionem
424 2625 536 2657 sequitur
552 2623 674 2651 Savilius,
685 2623 728 2651 sed
745 2626 839 2652 utrovis
889 2633 924 2660 735„
939 2627 996 2658 siem]
