1890 2826
232 170 300 217 378

229 249 305 283 paret
321 255 327 271 z
342 252 456 280 cumque
476 240 590 270 dixisset
610 241 701 270 Isaaco
720 250 775 270 non
794 240 904 271 vitalem
922 239 975 269 sibi

228 289 285 318 sore
302 288 396 323 vitam,
408 287 432 317 si
443 287 527 317 Jacob
538 286 616 315 etiam
637 296 671 315 ex
684 286 843 316 Chananaeis
862 296 976 316 uxorem

569 180 598 202 S.
627 179 769 204 JOANNIS
795 178 980 203 CHRYSOST.
1009 177 1166 201 ARGfflEP.
1194 176 1468 201 CONSTANTINOP-

1029 238 1182 280 ἀδεέστερον
1202 238 1397 269 ἐπιδουλεύσων
1420 239 1503 278 αὐτῷ.
1525 237 1630 274 Μηνύει
1651 239 1689 277 τῷ
1704 236 1803 267 ’lancae

1028 287 1113 314 ταῦτα
1128 287 1145 321 ἠ
1161 285 1261 325 μήτηρ,
1276 285 1321 314 καὶ
1333 288 1456 325 παραινεῖ
1469 285 1539 324 φυγῇ
1551 283 1599 320 τὴν
1613 284 1747 324 σωτηρίαν
1758 285 1804 313 εὓ-
1846 300 1849 303 ·

230 334 351 370 duceret,
374 333 446 363 illud
472 333 554 362 efficit
581 339 611 361 ut
634 333 709 362 Isaac
733 333 866 363 Jacobum
890 332 979 362 mittat
993 347 1011 370 Ι,
1031 331 1157 371 ρηκέναι·
1171 331 1282 361 εἰποῦσά
1302 343 1332 361 τε
1347 330 1412 371 πρὸς
1429 330 1473 360 τὸν
1488 329 1598 368 Ἰσαὰκ,
1611 330 1671 360 Ι’ὅτι
1692 329 1806 363 ἄὸίωτος

231 381 258 410 in
286 380 508 421 Mesopotamiam
527 378 562 408 ad
584 379 695 409 fratrem
718 379 804 420 ipsius
823 379 977 416 Labanum,

233 434 262 456 ut
283 438 318 456 ex
340 426 449 456 filiabus
471 425 529 465 ejus
552 435 667 455 uxorem
689 424 781 455 ducat.
801 426 865 455 Post
884 424 980 456 Jacobi

234 474 386 513 profectum
409 472 490 501 duxit
507 472 581 501 Esaii
598 471 683 501 filiam
702 471 824 502 Ismaiilis
844 471 897 501 sibi
916 481 982 500 uxo-

233 530 301 548 rein.
316 518 413 548 Ismae'l
435 524 524 546 autem
547 517 621 547 filius
631 525 688 547 erat
705 517 820 547 Abrahae
833 527 868 547 ex
881 518 979 556 Agare.

232 564 316 595 Videt
338 563 436 593 scalam
458 563 543 594 Jacob
554 586 562 601 ,
581 563 694 604 cippum
713 563 813 603 erigit,
832 562 981 604 promittit-

233 621 286 649 que
307 621 335 639 se
353 610 487 639 bonorum
502 620 616 639 suornm
637 609 754 640 decimas
769 611 827 640 Deo
840 610 980 644 daturum,

233 658 255 686 si
283 656 427 686 incolumis
452 663 642 686 reverteretur.
666 657 750 687 Venit
776 656 804 686 in
827 658 981 696 Mesopota-

235 703 328 741 miam,
340 702 410 733 vidit
430 703 587 740 Rachelem,
602 703 689 743 ipsam
710 703 848 733 osculatus
866 709 925 742 est3
937 713 981 732 re-

233 760 310 779 versa
335 749 427 789 puella
448 748 477 778 id
499 749 666 779 renuntiavit
690 749 761 790 patri
785 759 834 778 suo
856 749 979 779 Labano.

231 795 281 824 Ille
301 795 411 825 veniens
428 796 538 835 agnovit
553 795 696 832 Jacobum,
708 795 817 825 induxit
830 795 909 824 illum
927 794 981 824 do-

230 852 317 870 mum.
337 841 422 871 Jacob
447 841 560 871 servivit
578 841 641 878 illi,
665 841 694 870 in
715 841 866 871 mercedem
889 840 980 870 filiam

230 887 316 927 ipsius
327 894 502 927 acccepturus
516 898 522 915 :
538 887 586 917 ille
598 898 663 918 vero
676 889 807 928 majorem
819 894 883 917 natu
895 887 980 917 dedit.

1031 380 1098 418 αὐτῇ
1113 378 1188 408 ἔσται
1197 380 1212 408 ὁ
1223 378 1279 418 βίος
1289 400 1297 415 ,
1311 379 1335 407 εἰ
1348 377 1393 407 καὶ
1408 377 1505 407 Ἰακὼὸ
1519 377 1572 407 ἀπὸ
1582 378 1635 406 τῶν
1647 376 1805 408 Χαναναίων

1030 423 1109 453 λα’ὅοι
1127 428 1258 464 γυναῖκα,
1271 423 1468 464 παρασκευάζει
1488 423 1532 453 τὸν
1557 422 1650 452 Ἰσαὰκ
1670 422 1806 463 ἐκπέμψαι

1031 470 1076 499 τὸν
1090 470 1190 499 Ὶακὼὸ
1209 472 1245 504 εἰς
1265 469 1476 509 Μεσοποταμίαν
1490 469 1556 509 πρὸς
1569 468 1614 498 τὸν
1630 468 1742 509 ἀδελφὸν
1756 469 1806 498 αὖ·

1032 518 1080 552 τῆς
1091 516 1134 546 τὸν
1149 516 1254 554 Λάὸαν,
1269 516 1315 546 καὶ
1329 517 1359 546 ἐκ
1371 518 1424 546 τῶν
1438 515 1586 556 θυγατέρων
1602 516 1682 545 αὐτοῦ
1693 519 1807 555 γυναῖκα

1031 562 1133 593 λαὸεῖν.
1148 562 1316 596 Ἀπελθόντος
1330 562 1359 592 δὲ
1371 565 1417 592 τοῦ
1432 561 1539 598 Ἰακὼὸ,
1550 561 1683 602 λαμὸάνει
1695 561 1744 598 ἰὴν
1759 564 1806 592 θυ-

1031 609 1131 650 γατέρα
1141 608 1255 648 Ίσμαὴλ
1265 610 1352 649 ἑαυτῷ
1361 613 1473 648 γυναῖκα
1480 610 1495 638 ὁ
1503 609 1600 638 Ἱίσαῖἷ.
1610 608 1644 638 Ὁ
1653 608 1682 638 δὲ
1693 607 1808 648 ’Ῑσμαὴλ

1032 655 1087 689 υἱὸς
1105 650 1137 691 ἦν
1149 657 1194 684 τοῦ
1206 653 1344 694 Ἀδραὰμ,
1357 654 1410 684 ἀπὸ
1425 656 1474 690 τῆς
1483 653 1567 694 Ἀγαρ
1575 654 1714 694 γενόμενος
1724 656 1806 695 αὐτῷ.

1032 701 1132 731 Βλέπει
1151 700 1198 737 τὴν
1221 700 1341 740 κλίμακα
1354 702 1368 729 ὁ
1381 699 1482 730 Ἰακὼὸ
1491 722 1500 737 ,
1518 700 1609 736 ἵστησι
1631 701 1742 737 στήλην,
1761 700 1807 730 καὶ

1031 747 1225 787 ἐπαγγέλλεται
1237 746 1271 776 τὰ
1287 745 1442 787 ὑπάρχοντα
1458 747 1531 787 αὖτιῖ»
1545 746 1758 776 ἄποδεκατώσειν
1769 747 1807 786 τῷ

1031 794 1108 833 Θεῷ,
1127 795 1151 822 εἰ
1168 792 1292 832 ὑγιαίνων
1312 791 1459 822 ἐπανέλθοι.
1473 791 1605 832 Ἔρχεται
1625 793 1662 826 εἰς
1679 791 1728 829 ἰὴν
1748 793 1807 822 Με-

1030 839 1207 879 σοποταμίαν,
1222 835 1273 868 εἶδε
1287 838 1335 875 τὴν
1347 838 1463 879 Ῥαχὴλ,
1477 838 1601 879 ἐφίλησεν
1612 838 1695 875 αὐτήν
1705 850 1712 857 ·
1724 839 1808 868 ἀπελ-

1031 888 1112 915 θοῦσα
1133 888 1149 922 ἡ
1173 886 1238 926 κόρη
1258 884 1404 925 ἀπήγγειλε
1423 887 1462 925 τῷ
1480 884 1562 925 πατρὶ
1582 885 1684 914 Λάὸαν.
1704 884 1807 914 Ἐλθὼν

230 934 314 973 AEgre
335 934 430 963 serenti
451 934 553 964 Jacobo
573 934 609 963 ob
629 934 780 971 fallaciam,
800 934 928 974 proponit
951 941 982 963 ut
997 940 1015 963 C
1032 931 1110 965 αὐτὸς
1121 931 1223 971 ἐπέγνω
1239 931 1283 960 τὸν
1297 931 1405 967 Ἰακὼὸ,
1420 930 1561 970 εἰσήγαγεν
1575 931 1654 960 αὐτὸν
1666 930 1732 971 πρὸς
1746 932 1808 961 ἑαυ-

230 987 332 1019 septem
350 979 418 1009 alios
430 990 514 1009 annos
531 980 585 1010 sibi
597 980 709 1017 serviat,
718 980 741 1009 si
762 980 829 1010 velit
853 987 880 1009 et
889 979 982 1019 junio-

229 1037 287 1055 rem
299 1025 405 1055 ducere.
418 1025 469 1055 Ille
480 1036 544 1055 vero
556 1026 585 1055 id
595 1037 703 1065 quoque
716 1036 811 1066 passus
821 1032 872 1062 est,
887 1033 915 1055 et
926 1025 983 1055 du-

229 1073 270 1101 xit
287 1072 368 1101 etiam
383 1071 528 1112 juniorem.
545 1072 612 1102 Erat
632 1079 722 1102 autem
744 1073 832 1112 major
845 1079 909 1102 natu
933 1071 982 1102 Lia

229 1117 314 1158 lippis
346 1117 446 1149 oculis;
470 1118 565 1158 junior
595 1125 685 1147 autem
722 1118 823 1148 Rachel
851 1118 980 1149 formosa.

230 1165 278 1194 Hae
290 1174 353 1194 vero
365 1164 459 1203 figurae
473 1171 546 1202 sunt,
554 1174 651 1204 nempe
663 1164 751 1203 major
758 1172 823 1194 natu
837 1175 982 1205 synagogae

231 1209 401 1247 Judaeorum,
414 1210 508 1249 junior
527 1217 616 1239 aulem
639 1210 766 1239 Ecclesiae
779 1210 893 1240 Christi.
910 1212 983 1241 Con-

230 1255 303 1295 cepit
328 1255 389 1293 Lia,
411 1262 438 1285 et
460 1256 564 1296 peperit
592 1256 708 1292 Ruben,
722 1257 900 1296 Symeonem,
915 1255 983 1289 Levi

232 1308 259 1330 et
282 1301 393 1332 Judam.
409 1302 512 1331 Rachel
533 1308 623 1331 autem
634 1301 697 1341 quia
719 1312 774 1331 non
787 1302 920 1342 pariebat,
935 1303 983 1333 dat

236 1348 337 1377 Jacoho
357 1358 470 1377 uxorem
486 1348 642 1384 secundam,
656 1348 782 1377 ancillam
796 1358 892 1388 nempe
904 1360 981 1380 suam

232 1393 338 1430 Balatu,
353 1400 379 1422 et
396 1394 500 1433 peperit
516 1394 562 1423 illa
579 1395 640 1424 Dan
661 1401 687 1423 et
700 1394 884 1434 Nephthalim.
898 1395 982 1426 Dedit

233 1439 313 1468 etiam
318 1439 367 1469 Lia
376 1440 506 1479 Zelpham
515 1440 639 1470 ancillam
646 1451 721 1470 suam
732 1440 834 1470 Jacobo
848 1451 960 1471 uxorem
970 1455 977 1471 τ

1031 978 1087 1007 τόν.
1099 978 1270 1008 Ἐδούλευσεν
1281 978 1354 1018 αὐτῷ
1373 978 1418 1007 ἐπὶ
1436 979 1523 1018 μισθῷ
1541 979 1681 1018 θυγατρός·
1693 979 1707 1006 ὁ
1718 977 1747 1006 δὲ
1757 976 1807 1013 τὴν

1032 1023 1214 1065 πρεσὸυτέραν
1228 1024 1319 1054 ἔδωκε.
1335 1023 1542 1064 Δυσχεραίνοντι
1559 1023 1587 1053 δὲ
1599 1025 1638 1063 τῷ
1652 1023 1750 1053 Ἰακὼὸ
1763 1022 1808 1053 ἐπὶ

1033 1072 1066 1110 τῇ
1082 1070 1186 1110 ἀπάτῃ,
1200 1070 1332 1111 προτείνει
1353 1069 1422 1099 ἑπτὰ
1442 1069 1489 1105 ἔτη
1512 1068 1590 1109 ἕτερα
1603 1069 1761 1107 δουλεῦσαι,
1784 1071 1808 1099 εἰ

1035 1115 1156 1155 βούλοιτο
1172 1116 1218 1146 καὶ
1238 1116 1288 1152 τὴν
1305 1115 1435 1156 νεωτέραν
1456 1115 1557 1145 λαὸεῖν.
1568 1115 1603 1145 Ὁ
1621 1114 1650 1145 δὲ
1666 1115 1713 1145 καὶ
1730 1118 1809 1145 τοῦτο

1033 1162 1157 1201 ὑπέμεινε
1167 1183 1175 1198 ,
1188 1162 1234 1191 καὶ
1247 1161 1379 1202 λαμδάνει
1391 1161 1437 1191 καὶ
1452 1161 1502 1198 τὴν
1515 1160 1655 1201 νεωτέραν.
1668 1156 1723 1192 ’Ἦν
1741 1161 1770 1192 δὲ
1789 1164 1807 1198 ἡ

1034 1207 1082 1247 μὲν
1092 1208 1259 1249 πρεσόυτέρα
1272 1207 1383 1245 ἀσθενὴς
1402 1211 1456 1241 τοῖς
1474 1208 1618 1248 ὀφθαλμοῖς
1627 1229 1635 1244 ,
1650 1207 1717 1237 Λεία
1727 1219 1735 1226 ·
1748 1210 1766 1244 ἡ
1779 1207 1808 1237 δὲ

1033 1254 1148 1294 νεωτέρα
1166 1254 1266 1294 ὡραία,
1278 1257 1296 1290 ἡ
1311 1254 1427 1294 Ῥαχήλ.
1449 1254 1512 1284 Εἰσὶ
1535 1253 1563 1284 δὲ
1582 1254 1660 1284 τύποι
1680 1253 1774 1290 αὐταὶ,
1788 1254 1807 1290 ἡ

1033 1301 1081 1340 μὲν
1094 1300 1261 1341 πρεσὸυτέρα
1279 1302 1327 1336 τῆς
1345 1302 1501 1340 συναγωγῆς
1521 1302 1574 1330 τῶν
1589 1299 1734 1337 Ἰουδαίων,
1747 1303 1764 1336 ἡ
1779 1300 1807 1330 δὲ

1017 1347 1146 1388 μνεωτέρα
1170 1349 1217 1382 τῆς
1243 1346 1408 1382 Ἐκκλησίας
1438 1349 1484 1376 τοῦ
1511 1347 1639 1386 Χριστοῦ.
1670 1346 1808 1377 Συνέλαὸε

1031 1393 1108 1428 Λεία,
1121 1392 1167 1422 καὶ
1181 1392 1254 1422 ἔτεκε
1267 1392 1312 1422 τὸν
1326 1392 1462 1431 Ῥσυὸεὶμ,
1475 1392 1520 1422 τὸν
1535 1392 1657 1431 Συμεὼν,
1670 1392 1716 1422 τὸν
1731 1393 1807 1428 Λευὶ,

1029 1439 1074 1469 τὸν
1095 1438 1206 1468 Ἰούδαν.
1221 1439 1257 1468 ‘H
1279 1438 1307 1468 δὲ
1321 1438 1442 1479 Ῥαχὴλ,
1456 1438 1514 1468 ἐπεὶ
1535 1438 1573 1478 μὴ
1594 1438 1680 1468 ἔτικτε
1692 1461 1700 1475 ,
1716 1438 1807 1468 δίδωσι

231 1485 288 1514 haec
298 1495 363 1516 vero
377 1485 484 1525 peperit
496 1485 589 1516 Gadet
595 1488 670 1515 Aser.
679 1486 786 1526 Peperit
796 1485 894 1516 deinde
901 1487 980 1517 etiam
995 1492 1014 1515 D
1029 1486 1068 1525 τῷ
1083 1484 1182 1514 ’Ῑακὼὸ
1201 1490 1313 1524 γυναῖκα
1337 1484 1470 1525 δευτέραν,
1491 1484 1540 1521 τὴν
1560 1485 1704 1521 παιδίσκην
1724 1486 1807 1521 αὐτῆς

231 1533 281 1562 Lia
295 1533 403 1563 Isachar
415 1539 441 1561 et
454 1530 588 1561 Zabulon.
604 1531 682 1560 Tunc
695 1532 799 1572 peperit
811 1542 918 1572 quoque
927 1533 981 1562 Ra-

231 1579 291 1609 chel
304 1578 464 1619 Josephum.
478 1578 549 1607 Cum
561 1584 651 1606 autem
661 1578 744 1607 vellet
752 1578 836 1608 Jacob
845 1578 943 1609 reverti
951 1578 980 1607 in

232 1632 331 1655 terram
340 1636 428 1661 suam,
444 1623 548 1664 datipsi
557 1623 708 1653 mercedem
717 1624 821 1662 laban,
836 1625 981 1665 quamipse

231 1672 315 1702 Jacob
338 1670 539 1707 determinavit,
559 1679 638 1699 omne
662 1670 768 1700 fuscum
789 1670 818 1700 in
844 1671 932 1711 agnis,
953 1678 980 1701 et

231 1728 310 1747 omne
335 1717 429 1746 album
453 1716 482 1745 in
506 1715 593 1755 capris
611 1715 683 1745 :illa
703 1723 792 1746 autem
815 1727 897 1756 quam
913 1717 980 1758 plu-

231 1763 300 1793 rima
327 1763 482 1792 oriebantur
507 1772 515 1789 τ
539 1761 655 1802 ponebat
680 1762 752 1791 enim
779 1763 863 1793 Jacob
887 1764 979 1803 virgas

231 1809 261 1838 in
287 1809 426 1839 canalibus
433 1820 443 1847 ς
467 1815 494 1838 ct
520 1808 707 1847 concipiebant
729 1819 813 1846 oves,
839 1816 866 1839 et
889 1810 979 1850 parie-

231 1856 297 1884 bant
321 1855 382 1885 alba
407 1862 433 1883 et
453 1854 541 1891 varia,
565 1860 592 1883 et
612 1853 734 1883 cineritio
761 1855 850 1884 colore
874 1866 976 1896 sparsa.

231 1901 307 1931 Illud
319 1911 384 1931 vero
398 1906 484 1930 totum
496 1899 548 1929 Dei
564 1905 622 1929 erat
629 1909 710 1939 opuS,
726 1907 756 1929 ut
764 1900 821 1940 ipse
832 1902 916 1931 Jacob
927 1903 974 1932 ait.

1031 1531 1130 1568 Βάλαν,
1144 1531 1190 1561 καὶ
1200 1531 1288 1561 ἔτεκεν
1300 1530 1388 1566 ἐκείνη
1400 1530 1444 1560 τὸν
1458 1530 1514 1560 Δὰν
1528 1530 1573 1560 καὶ
1584 1531 1629 1560 τὸν
1641 1530 1806 1572 Νεφθαλείμ.

1028 1577 1136 1607 Ἔδωκε
1148 1577 1177 1607 δὲ
1191 1577 1237 1607 καὶ
1250 1579 1268 1613 ἡ
1277 1576 1344 1606 Λεία
1356 1576 1461 1617 Ζελφὰν
1470 1575 1518 1612 τὴν
1526 1575 1670 1613 παιδίσκην
1680 1579 1806 1618 αὖτῆςτῷ

1030 1622 1130 1652 ’Ῑακὼὸ
1152 1627 1265 1663 γυναῖκα
1276 1634 1283 1641 ·
1298 1625 1315 1658 ἡ
1331 1622 1359 1652 δὲ
1378 1622 1452 1652 ἔτεκε
1464 1622 1509 1652 τὸν
1522 1622 1579 1652 Γὰδ
1597 1625 1642 1653 καὶ
1657 1623 1700 1653 τὸν
1715 1623 1806 1664 Ἀσήρ.

1029 1669 1127 1699 ''E-texe
1141 1668 1168 1698 δὲ
1183 1668 1242 1706 ἑξῆς
1254 1667 1322 1698 Λεία
1343 1667 1410 1708 μετὰ
1424 1670 1509 1697 ταῦτα
1522 1667 1566 1698 τὸν
1579 1668 1690 1710 Ἰσᾶχαρ
1701 1670 1747 1700 καὶ
1760 1669 1805 1700 τὸν

1030 1714 1184 1744 Ζαὸουλών.
1198 1714 1268 1744 Τότε
1283 1714 1356 1744 ἔτεκε
1369 1714 1415 1743 καὶ
1428 1717 1445 1750 ἡ
1460 1714 1566 1755 Ῥαχὴλ
1579 1714 1624 1744 τὸν
1638 1715 1747 1756 Ἰωσήφ.
1758 1716 1806 1750 Ὦς

1030 1760 1059 1790 δὲ
1070 1760 1162 1796 ἤθελεν
1176 1762 1190 1790 ὁ
1207 1760 1306 1790 ’laxem
1326 1761 1450 1790 ἀπελθεῖν
1467 1762 1504 1794 εἰς
1516 1760 1565 1796 τὴν
1579 1760 1678 1791 οἰκείαν
1691 1763 1752 1801 γ’ῆν,
1764 1762 1805 1791 δί-

1030 1808 1108 1837 δωσιν
1123 1808 1196 1847 αὐτῷ
1216 1807 1261 1837 τὸν
1276 1807 1367 1846 μισθὸν
1383 1808 1397 1836 ὁ
1410 1806 1514 1842 Λοίὸαν,
1536 1806 1565 1837 ὃν
1583 1807 1660 1842 αὐτὸς
1677 1811 1691 1838 ὁ
1704 1809 1805 1839 Ἰακὼὸ

1029 1854 1110 1894 ὥρισε
1118 1877 1126 1891 ,
1140 1859 1194 1884 πᾶν
1206 1854 1282 1894 φαιὸν
1292 1855 1319 1883 ἐν
1332 1858 1387 1887 τοῖς
1400 1854 1495 1894 ἄρνασι
1504 1877 1512 1891 ,
1526 1854 1572 1884 καὶ
1583 1853 1763 1886 1’τϊᾶνλευκὸν
1776 1857 1804 1886 ἐν

1029 1904 1087 1934 ταῖς
1104 1899 1170 1934 αἰξίν
1182 1911 1188 1918 ·
1203 1901 1239 1933 ὡς
1259 1900 1287 1929 δὲ
1306 1899 1394 1929 πολλὰ
1408 1899 1442 1929 τὰ
1456 1903 1566 1929 τοιαῦτα
1579 1900 1685 1940 γέγονεν
1699 1913 1706 1920 ·
1723 1902 1803 1931 ἐτίθει

232 1947 392 1977 Invidebant
401 1946 425 1975 ei
437 1945 486 1975 filii
496 1945 599 1982 Laban,
608 1952 634 1974 et
647 1945 695 1975 ille
707 1946 776 1975 clam
783 1948 898 1988 acceptis
909 1959 978 1978 uxo·
994 1961 1012 1984 Ε
1028 1946 1080 1987 γὰρ
1092 1946 1203 1987 ῥάὸδους
1217 1947 1243 1975 ἐν
1257 1950 1311 1980 τοῖς
1334 1945 1514 1986 ποτιστηρίοις
1524 1969 1532 1983 ,
1554 1946 1600 1976 καὶ
1624 1947 1746 1977 ἔνεκίσσα
1767 1948 1803 1978 τὰ

232 1993 310 2022 ribus
316 1992 372 2021 suis
381 2002 442 2020 cum
447 1991 618 2020 facultatibus
627 1991 762 2021 abscessit.
770 1993 863 2023 Laban
868 2005 933 2024 vero
940 1994 980 2023 in·

232 2046 361 2078 sequutus
370 2049 432 2068 eum
444 2044 492 2074 est,
498 2048 529 2066 ae
538 2037 696 2077 priusquam
705 2049 767 2067 cum
776 2039 824 2068 illo
833 2040 979 2080 congrede-

232 2092 317 2121 retur,
325 2083 510 2114 interminatus
517 2090 557 2113 est
566 2083 608 2112 illi
618 2085 702 2121 Deus,
711 2084 734 2113 si
745 2095 837 2125 aspere
846 2087 979 2117 Jacobum

233 2130 394 2160 adoriretur.
399 2129 451 2159 Ille
460 2140 524 2159 vero
531 2136 560 2158 ut
571 2129 787 2169 advenitxprimo
796 2132 946 2168 incusabat,
953 2140 980 2163 et

233 2187 342 2207 causam
349 2175 493 2215 quaerebat,
504 2186 554 2205 cur
560 2175 654 2204 furtim
661 2176 838 2207 abscessisset.
847 2179 886 2208 Ut
890 2186 979 2209 autem

233 2223 318 2253 Jacob
327 2221 475 2262 respondit,
485 2232 512 2250 se
517 2220 547 2250 id
555 2221 616 2250 ideo
624 2221 727 2255 fecisse,
735 2222 808 2261 quod
813 2223 865 2252 sibi
872 2224 978 2255 invide-

234 2276 319 2306 retur,
329 2276 355 2298 et
365 2268 480 2298 veritum
490 2278 523 2297 ne
533 2267 603 2297 filias
612 2277 674 2297 suas
687 2268 823 2306 retineret,
838 2269 903 2300 deos
916 2281 979 2301 suos

1029 1992 1160 2032 πρόὸατα,
1175 1991 1221 2022 καὶ
1231 1991 1318 2021 ἔτικτε
1329 1991 1411 2021 λευκὰ
1420 1991 1466 2022 καὶ
1476 1991 1596 2027 ποικίλα,
1607 1992 1652 2022 καὶ
1662 1994 1802 2031 σποδοειδῆ

1031 2038 1121 2079 ραντᾶ.
1136 2038 1176 2068 Τὸ
1191 2037 1218 2067 δὲ
1232 2043 1285 2067 πᾶν
1297 2041 1343 2067 τοῦ
1356 2039 1427 2067 Θεοῦ
1439 2038 1514 2077 ἔργον
1529 2034 1571 2075 ἦν,
1584 2040 1620 2073 ὥς
1633 2040 1710 2073 αὐτός
1723 2051 1802 2080 φησιν

1029 2087 1044 2114 ὁ
1057 2084 1164 2114 Ἰακώὸ.
1179 2085 1368 2124 Διεφθονοῧντο
1381 2085 1453 2123 αὐτῷ
1467 2084 1518 2114 υἱοὶ
1535 2083 1638 2121 Λάὸαν,
1653 2086 1698 2115 καὶ
1713 2086 1803 2116 λαὸὼν

1029 2131 1114 2171 λάθρᾳ
1136 2130 1183 2164 τὰς
1206 2132 1299 2159 ἑαυτοῦ
1321 2133 1446 2168 γυναῖκας
1467 2129 1535 2169 μετὰ
1557 2133 1611 2160 τῶν
1631 2132 1804 2173 ὑπαρχόντων

1031 2178 1157 2213 ἀπῆλθεν.
1177 2175 1212 2206 ‘O
1237 2176 1265 2206 δὲ
1288 2175 1383 2206 Λᾶὅαν
1405 2176 1559 2212 κατεδίωξε,
1580 2177 1625 2206 καὶ
1647 2178 1710 2218 πρὶν
1731 2180 1803 2220 αὐτῷ

1030 2223 1186 2263 συμὸαλεῖν,
1198 2222 1342 2259 ἠπείλησεν
1354 2223 1368 2251 ὁ
1379 2222 1447 2256 Θεὸς
1461 2224 1542 2263 αὐτῷ,
1557 2224 1580 2252 εἷ
1590 2225 1710 2264 τραχέως
1722 2237 1805 2266 προσ-

1031 2269 1148 2310 ενεχθείη
1162 2270 1200 2308 τῷ
1214 2267 1323 2298 ’[ακώὸ.
1337 2268 1371 2298 Ὁ
1390 2268 1417 2298 δὲ
1429 2268 1520 2306 ἐλθὼν,
1535 2269 1566 2298 τὸ
1580 2269 1627 2309 μὲν
1641 2273 1746 2311 πρῶτον
1762 2274 1804 2301 ἐν-

234 2315 369 2356 repetebat
378 2314 482 2350 Laban,
496 2325 564 2353 quos
570 2314 656 2343 furata
664 2321 719 2344 erat
727 2316 839 2345 Rachel.
852 2318 921 2347 Cum
931 2328 978 2347 au·
986 2337 1023 2355 ³2³
1031 2315 1136 2350 εκάλει,
1158 2314 1203 2344 καὶ
1226 2314 1274 2350 τὴν
1289 2313 1375 2343 αἰτίαν
1389 2314 1476 2350 ἐζήτει
1489 2317 1537 2351 τ’ῆς
1549 2316 1677 2356 λαθραίας
1698 2319 1802 2358 ἀναχω-

234 2370 288 2392 tem
297 2372 350 2391 non
358 2360 514 2397 invenisset,
524 2360 605 2390 instat
617 2360 789 2390 vehementer
800 2363 884 2392 Jacob
898 2363 979 2393 incu-
995 2366 1014 2388 Α
1033 2363 1142 2403 ρήσεως.
1158 2361 1206 2394 Ὡς
1221 2360 1248 2390 δὲ
1269 2356 1341 2390 εἶπεν
1360 2363 1374 2390 ὁ
1390 2361 1504 2398 Ἰακὼὸ,
1520 2362 1564 2391 διὰ
1582 2362 1613 2392 τὸ
1625 2366 1804 2403 πεφθονῆσθαι

234 2419 304 2438 sans.
313 2409 439 2443 Demum,
446 2412 586 2447 postquam
597 2405 765 2437 comederant
773 2413 799 2437 et
806 2407 940 2447 biberant,
950 2409 979 2439 in

268 2506 278 2517 ³
292 2496 331 2524 ὅτι
343 2500 437 2525 ἀὸἰωτος
447 2498 504 2531 αὐτῇ
514 2499 576 2522 ἔσται
587 2499 598 2522 ὸ
606 2500 664 2531 βίος.
673 2496 796 2530 Idipsum,
805 2498 849 2524 sed
858 2499 907 2525 alio
916 2501 994 2525 modo

237 2537 354 2570 exprimit
370 2535 566 2569 Chrysostomus
576 2535 659 2561 Tomo
675 2537 720 2568 IV,
732 2546 758 2570 p.
779 2538 836 2569 526,
849 2540 878 2570 A,
891 2548 992 2572 nempe,

237 2581 267 2602 τὰ
282 2583 320 2604 τῆς
333 2580 390 2606 ζωῆς
404 2579 457 2606 ἡμῖν
467 2578 561 2607 οἴχεται.

1031 2410 1135 2448 μήποτε
1148 2407 1196 2441 τὰς
1208 2408 1351 2448 θυγατέρας
1366 2409 1446 2437 αὐτοῦ
1459 2408 1546 2445 λάθοι,
1559 2410 1638 2438 τοῦτο
1655 2411 1804 2447 πεποιηκέ-

1076 2501 1090 2519 b
1107 2500 1138 2524 In
1151 2505 1220 2524 textu
1231 2498 1327 2524 Biblico
1335 2498 1440 2533 leg'tmus
1448 2520 1455 2532 ,
1463 2506 1508 2527 πᾶν
1522 2502 1634 2527 διάλευκον
1643 2505 1680 2528 καὶ
1688 2505 1772 2537 ῥαντὸν
1781 2507 1804 2528 ἐν

1043 2547 1093 2569 ταῖς
1105 2543 1167 2570 ale-52.
1181 2538 1231 2564 Sed
1243 2540 1286 2571 qui
1300 2538 1451 2571 compendio
1463 2538 1581 2573 loquitur,
1591 2549 1642 2565 non
1652 2542 1737 2566 omnia
1749 2547 1802 2567 tam

1044 2584 1160 2603 accurato
1173 2577 1310 2610 exprimere
1322 2577 1397 2603 valet.
