1904 2840
116 722 138 737 2.
147 711 251 743 Consili-

223 836 254 851 CK

130 1780 214 1803 Gal.5.
232 1787 266 1810 17.

258 197 328 244 846

853 205 936 229 OPUS
961 205 999 228 m
1004 205 1200 231 PERFECTUM

259 281 361 307 sumus,
373 269 448 299 nulla
460 267 510 298 Dei
519 277 599 314 eausa
611 267 748 308 proposita
760 277 862 305 :quare
873 278 927 297 non
937 274 997 296 ante
1017 270 1036 293 Δ
1051 268 1099 297 scd
1112 268 1262 309 desperatio
1276 268 1339 300 vitae
1352 275 1415 310 post
1431 275 1554 299 mortem.
1566 269 1617 299 llle
1626 263 1703 301 timet
1715 281 1790 300 mor-

259 311 393 341 modicum
406 309 434 337 in
448 318 528 338 eausa
542 309 594 337 Det
612 317 675 337 cum
696 307 781 347 gloria
802 307 944 342 morimur,
968 313 998 336 ut

259 352 305 380 fiat
316 348 510 384 voluntarium,
523 346 598 386 quod
612 347 734 376 futurum
748 354 788 376 est
808 346 998 381 necessarium,

260 397 289 419 ut
301 389 443 418 offeramus
456 388 514 416 Deo
527 397 576 426 pro
589 396 710 424 munere,
725 385 800 425 quod
813 385 936 415 redditur
946 396 962 414 a
974 392 1000 415 te

260 439 308 469 pro
320 427 431 457 debito?
449 426 514 456 Ideo
528 425 627 455 Nolite
648 427 747 455 timere
770 436 830 463 eos,
853 427 904 465 qui
929 426 1001 454 occi-

259 469 334 497 dunt
355 476 469 506 corpus.
492 465 646 495 Substantia
665 465 738 495 enim
755 464 872 495 hominis
891 475 943 494 non
961 471 1000 494 est

260 517 368 547 corpus,
393 505 440 535 sed
462 505 560 535 anima.
582 505 658 535 Hanc
677 504 753 534 enim
772 505 856 534 solam
870 505 944 534 Deus
964 504 1000 534 ad

260 546 403 585 imaginem
427 555 504 574 suam
528 544 601 582 fecit,
627 550 653 573 et
679 544 750 573 hanc
769 543 860 583 diligit
872 556 879 572 :
892 550 1000 590 propter

260 586 329 615 hanc
342 585 405 615 fecit
415 591 441 614 et
454 583 596 613 mundum.
612 584 688 613 Hanc
700 583 777 619 zelat,
792 590 819 612 ct
832 590 1001 623 persequitur

262 625 405 654 inimicus:
421 630 531 664 propter
544 623 613 652 hanc
634 630 661 652 et
680 623 737 662 ipse
757 623 845 652 Filius
858 622 909 652 Dei
927 622 1001 651 venit

262 666 290 693 in
301 664 445 693 mundum.
468 665 577 703 Corpus
596 669 685 692 autem
698 662 885 692 vestimentum
897 669 936 691 est
945 662 1001 690 ani-

263 714 323 739 mae,
336 704 407 733 sieut
418 703 456 732 ait
468 702 622 743 apostoluse
640 702 686 731 De
699 711 816 740 corpore
836 707 944 738 nostro,
968 704 1001 730 in

263 754 321 783 quo
344 744 556 783 ingemiscimus
576 743 703 778 onerati,
725 743 758 770 in
783 751 841 780 quo
867 740 1001 770 nolumus

263 783 395 822 spoliari,
413 782 465 811 sed
476 783 672 821 supervestiri,
688 787 721 810 ut
736 780 860 809 mortale
878 781 934 809 hoc
948 781 1001 808 ab·

264 824 415 852 sorbeatur
424 832 444 850 a
456 823 532 850 vim.
547 822 623 851 Sicut
635 831 698 860 ergo
712 819 901 849 vestimentum
922 830 1003 859 super

264 861 385 891 homines
403 861 522 901 positum
541 860 564 890 si
576 860 638 899 quis
652 858 816 889 furibundus
833 858 948 894 scindat,
971 858 1005 887 il-

264 901 376 930 latorem
399 900 509 939 quidem
537 899 642 945 injuriae
666 899 745 928 sentit
765 898 857 934 homo,
874 898 1004 927 damnum

265 947 353 970 autem
375 950 428 969 non
450 939 552 985 patitur
564 949 592 968 ιι]
606 945 720 968 natura:
740 937 779 967 sic
803 948 904 977 corpus
923 948 1005 977 super

265 980 380 1009 animam
399 987 518 1020 positum
534 978 558 1008 si
575 977 714 1008 occidatur
735 977 770 1006 ab
793 976 894 1017 impiis,
917 978 1004 1006 anima

266 1019 375 1058 quidem
395 1018 534 1048 occisionis
554 1019 612 1058 ejus
625 1017 706 1048 sentit
719 1016 852 1052 dolorem,
874 1016 1005 1046 damnum

267 1066 355 1088 autem
373 1069 428 1087 suas
447 1065 548 1087 naturae
566 1067 619 1087 non
641 1057 753 1097 patitur·
768 1055 904 1086 Habemus
917 1063 1007 1085 antem

268 1099 348 1137 hujus
359 1098 476 1127 retunde
486 1097 622 1136 loquimur
632 1102 818 1135 argumentum
830 1095 857 1124 in
868 1095 1006 1124 membris.

270 1140 346 1168 Sicut
358 1138 429 1167 enim
443 1147 545 1177 ungues
558 1147 621 1166 cum
634 1135 814 1165 summitatem
830 1136 948 1173 vestiunt
961 1134 1006 1164 di-

270 1178 397 1218 gitorum,
419 1176 550 1216 quamdiu
569 1175 758 1216 praecidantnr,
772 1174 894 1203 dolorem
907 1175 1009 1203 faciunt

271 1217 394 1256 corpori:
410 1227 472 1246 cum
486 1226 549 1245 vero
564 1215 667 1255 praecisi
680 1214 790 1249 fuerint,
805 1214 900 1243 nullus
915 1224 1009 1243 sensus

271 1256 390 1296 corporis
403 1255 539 1285 invenitur
552 1255 578 1284 in
591 1255 641 1291 eis,
654 1253 701 1284 sed
711 1264 745 1282 ex
755 1253 814 1293 ipsa
825 1260 918 1282 natura
932 1253 1010 1283 alteri

273 1296 336 1325 novi
350 1295 507 1335 procedunt,
521 1301 551 1324 ut
563 1294 671 1323 nullum
682 1292 806 1322 videatur
819 1299 912 1322 natura
927 1293 1008 1322 susti-

274 1335 362 1364 nuisse
385 1334 576 1374 dispendium:
591 1334 630 1370 sic
655 1342 752 1372 eorpus
777 1331 872 1376 donec.
885 1332 1008 1370 caeditur,

274 1375 353 1404 sentit
365 1375 472 1403 anima:
487 1384 549 1403 cum
562 1380 651 1402 autem
669 1371 786 1400 occisum
805 1371 894 1407 suerit,
917 1371 1010 1400 nullus

276 1425 368 1444 sensus
381 1421 427 1444 aut
438 1414 516 1443 dolor
533 1412 627 1442 animae
639 1410 774 1440 invenitur
786 1409 814 1438 in
826 1420 937 1449 corpore
948 1410 1008 1447 illo,

275 1454 323 1483 sed
336 1455 432 1482 iterum
449 1464 480 1482 su
501 1463 530 1481 er
543 1451 658 1481 animam
679 1449 707 1478 in
727 1456 846 1489 tempore
860 1456 1012 1489 opportuno

275 1493 418 1532 gloriosius
433 1464 504 1521 illug
518 1497 617 1521 retexet
630 1499 741 1529 corpuS,
755 1495 785 1517 ut
805 1488 912 1525 nullum
927 1488 1011 1518 detri-

275 1540 395 1562 mentum
407 1532 495 1561 anima
511 1530 635 1561 videatur
648 1538 782 1568 perpessa,
801 1527 848 1557 sed
866 1539 1010 1568 argumen-

275 1579 328 1601 tata
344 1573 416 1610 (sic).
433 1572 528 1600 Dicam
540 1576 629 1598 autem
649 1568 723 1606 quod
736 1567 820 1597 sentio
834 1567 923 1596 verius
936 1579 943 1596 z
958 1578 1011 1597 non

275 1611 364 1641 solum
376 1610 411 1639 ad
421 1611 609 1640 vestimentum
621 1608 715 1636 auimae
729 1617 790 1636 caro
801 1614 888 1636 creata
900 1614 950 1644 est,
964 1607 1012 1637 sed

275 1651 360 1691 magis
373 1649 408 1679 ad
420 1649 590 1679 tentationem
599 1648 670 1687 ejuS,
682 1646 757 1685 quasi
767 1646 913 1675 domestica
923 1653 949 1675 et
966 1657 1014 1676 na-

277 1690 369 1719 turalis
381 1688 489 1718 inimica
502 1687 625 1733 copulata
638 1693 678 1715 est
691 1698 697 1714 z
715 1692 741 1714 et
758 1685 825 1714 dum
844 1693 1014 1725 expugnatur

276 1741 292 1758 a
304 1740 392 1765 carne,
407 1739 455 1758 nec
467 1728 563 1762 vincit,
578 1736 626 1755 nec
645 1731 786 1754 coronatur
800 1735 815 1753 a
830 1726 898 1753 Deo.
913 1725 1015 1764 Hujus-

277 1769 350 1798 modi
371 1767 491 1808 mysterii
514 1766 614 1796 Paulus
635 1765 708 1794 testis
730 1771 780 1799 est,
810 1763 921 1793 dicens:
938 1765 1014 1794 Caro

277 1810 354 1837 enim
365 1807 539 1846 concupiscit
552 1805 690 1834 adversus
699 1805 842 1846 spir-itant,
855 1809 883 1832 et
897 1806 1015 1842 spiritus

278 1849 417 1876 adversus
430 1855 557 1875 carnem.
574 1845 603 1874 Si
617 1853 679 1883 ergo
693 1852 765 1878 caro,
786 1852 881 1870 antmae
894 1842 1013 1881 inimica,

279 1886 388 1915 tentatio
403 1892 441 1914 est
455 1897 462 1913 :
477 1884 538 1922 quis
549 1893 576 1912 sa
586 1883 653 1911 fiens
665 1891 718 1910 non
739 1881 876 1920 intelligit,
889 1882 952 1920 quia
969 1893 1014 1912 oc-

278 1925 344 1954 cisio
358 1924 477 1964 corporis
489 1893 604 1962 optanda
619 1928 659 1950 est
671 1921 767 1960 magiS‚
782 1931 864 1960 quam
877 1921 1016 1951 timenda?

279 1964 344 1993 Ideo
360 1964 411 1992 tibi
424 1961 608 2001 corruptibilis
622 1967 715 1989 natura
729 1967 815 1989 creata
828 1967 878 1997 est,
893 1961 956 1990 inde
969 1961 1017 1991 de-

280 2002 397 2042 ponendi
409 2002 528 2041 corporis
539 2003 643 2039 tenipus
656 2006 694 2028 est
703 2007 882 2036 numeratum,
894 2007 924 2029 ut
938 2001 1017 2030 homo

281 2042 412 2071 morituro
425 2040 530 2079 corpori
544 2046 591 2068 tuo
605 2049 656 2067 non
670 2049 773 2078 parcas,
796 2038 844 2068 sed
862 2040 1018 2069 commerito

282 2080 401 2121 perituro
423 2089 559 2118 compares
578 2078 627 2107 tibi
641 2078 724 2107 vitam
736 2089 897 2111 mansuram.
913 2079 982 2108 Ecce
995 2080 1019 2109 si

282 2127 377 2149 mutuo
390 2118 501 2157 accipis,
518 2124 611 2157 utputa
623 2118 730 2153 bovem,
745 2118 789 2147 vel
801 2129 917 2156 equum:
933 2128 1020 2148 nonne

282 2159 389 2188 assidue
401 2157 519 2197 operaris
532 2167 600 2196 opus
613 2164 689 2186 tuum
710 2156 736 2185 in
760 2158 841 2186 eum?
854 2158 930 2186 Dicis
938 2158 1019 2188 'enim

283 2198 357 2238 apud
369 2205 405 2234 te,
418 2196 505 2226 Hodie
524 2203 570 2225 aut
587 2206 646 2225 cras
663 2195 797 2225 tollendus
810 2204 848 2225 est
861 2190 941 2233 aine,
956 2198 1019 2236 quia

283 2248 336 2267 non
349 2244 389 2267 est
403 2246 488 2265 meus.
504 2236 594 2264 Etiam
610 2242 650 2270 tu,
671 2235 698 2264 in
717 2246 827 2274 corpore
849 2237 1019 2276 corruptibili

283 2284 370 2312 natus,
388 2286 469 2314 quare
487 2285 538 2304 non
560 2273 594 2303 ad
613 2274 753 2303 utilitatem
767 2275 860 2304 animae
873 2282 924 2304 tuae
938 2277 1020 2306 uteris

282 2315 424 2356 temporali
447 2324 557 2354 corpore
582 2320 639 2350 tuo,
663 2313 748 2342 sciens
766 2315 829 2351 quia
849 2322 908 2354 post
929 2316 1020 2345 modi-

283 2367 344 2386 cum
368 2353 519 2384 tollendum
545 2360 583 2382 est
600 2364 615 2382 a
635 2360 671 2390 te,
697 2353 759 2391 quia
784 2363 837 2382 non
862 2361 900 2382 est
924 2356 1020 2384 tuum?

283 2399 351 2432 Quae
371 2404 435 2434 ergo
456 2400 495 2423 est
508 2393 559 2423 ista
573 2392 725 2433 insipientia
746 2399 842 2429 vestra,
858 2393 934 2423 odire
947 2395 1020 2433 quod

283 2442 403 2464 nostrum
423 2439 473 2467 est,
494 2440 520 2462 et
543 2443 632 2462 amare
652 2431 725 2471 quod
749 2439 869 2461 nostrum
890 2443 942 2462 non
962 2434 1020 2463 est?

284 2474 390 2503 studere
416 2483 523 2502 servare
532 2495 539 2508 ‚
565 2471 639 2511 quod
661 2481 766 2501 servare
788 2482 841 2500 non
862 2483 1019 2511 possumus,

283 2520 309 2541 et
323 2513 466 2552 negligere,
479 2511 553 2551 quod
571 2512 599 2541 in
619 2517 746 2540 aeternum
766 2511 946 2541 habebimus?
960 2514 1021 2541 No-

284 2553 336 2581 litc
359 2554 457 2581 timere
483 2561 542 2586 eos,
567 2552 618 2590 qui
644 2551 781 2579 occidunt
804 2561 915 2589 corpus.
947 2552 1022 2588 Quid

283 2599 320 2621 est
335 2592 414 2621 timor
428 2591 540 2621 mortis?
560 2592 619 2621 Non
642 2589 720 2619 dolor
742 2590 858 2620 exeundi
871 2602 885 2619 a
900 2602 1020 2630 corpore,

1051 314 1116 344 tem,
1130 310 1245 347 quinon
1265 315 1343 348 putat
1355 319 1384 338 ae
1402 308 1495 340 vivere
1512 316 1574 350 post
1593 316 1718 340 mor-tem.
1739 311 1793 342 Vis

1051 347 1140 376 scire?
1154 348 1224 377 Ecce
1241 348 1392 386 [requenter
1412 348 1534 378 homines
1546 359 1656 389 gravem
1671 349 1793 380 dolorem

1052 387 1194 426 patiuntur
1207 388 1234 416 in
1249 387 1414 424 infirmitate,
1432 394 1459 417 et
1477 397 1530 418 non
1549 389 1721 425 mox-inmun
1740 390 1795 419 fre-

1053 433 1164 464 quenter
1182 426 1320 457 modicum
1336 426 1448 456 vadium
1459 426 1570 464 habent,
1582 435 1609 458 et
1620 429 1792 459 moriuntur:

1053 472 1079 494 et
1101 472 1189 495 tamen
1216 466 1302 506 magis
1324 466 1440 496 contenti
1464 473 1528 496 sunt
1549 477 1658 507 gravem
1673 468 1796 498 dolorem

1054 504 1120 544 pati,
1142 512 1168 535 et
1189 516 1242 534 non
1262 505 1342 535 mori.
1364 505 1534 543 Vides'ergo
1557 507 1620 546 quia
1641 517 1694 536 non
1716 507 1797 538 dolor

1053 545 1158 581 mortis,
1169 545 1217 574 sed
1227 545 1284 585 ipsa
1297 555 1370 575 mors
1382 545 1511 575 timetur?
1521 546 1598 576 Sicut
1607 553 1696 576 autem
1707 547 1796 577 omnia

1829 559 1876 589 Qut
1887 565 1904 581 m

1054 583 1124 612 mala
1138 591 1264 624 operatur
1277 584 1358 614 timor
1373 585 1477 620 mortis,
1491 585 1530 615 sic
1543 586 1715 616 omniabona
1728 597 1796 627 ope-
1805 595 1850 613 tem
1865 592 1904 611 tim

1054 629 1129 652 ratur
1140 624 1282 654 contemtio
1294 624 1400 654 mortis.
1421 625 1477 662 Qui
1496 625 1572 655 timet
1585 625 1665 664 mort,
1689 625 1720 655 id
1742 633 1795 663 est,
1805 629 1882 651 P³¹¹¹¹¹¹
1894 621 1904 642 ¹¹

1054 661 1101 701 qui
1111 673 1164 692 non
1174 670 1265 703 sperat
1277 663 1368 693 vivere
1381 670 1442 708 post
1451 671 1576 702 mortem,
1585 675 1672 704 neque
1681 666 1796 695 eleemo-

1055 711 1134 741 synas
1147 702 1203 739 dat,
1217 713 1303 742 neque
1320 703 1487 733 orationibus
1507 703 1598 740 instat,
1621 714 1707 744 neque
1723 706 1796 746 jeju-

1054 741 1131 770 nium
1142 742 1269 778 celebrat,
1283 753 1369 781 neque
1381 750 1565 783 paupertatem
1578 744 1701 780 sustinet,
1714 755 1801 783 neque

1055 781 1231 820 opprobrium
1254 782 1358 818 suffert,
1385 792 1471 821 neque
1492 782 1630 812 damnum·
1645 784 1800 814 substantiae

1056 830 1110 849 suae
1118 827 1258 850 contentus
1269 828 1309 850 est
1320 821 1388 861 pati,
1398 831 1484 860 neque
1495 822 1662 862 corporalem
1674 823 1800 863 injuriam

1056 859 1290 905 sustinetpropter
1302 862 1389 890 Deum
1405 873 1412 889 z
1428 860 1476 890 sed
1497 862 1548 891 hoc
1568 873 1623 891 suae
1635 862 1743 892 lucrum
1756 863 1800 894 vi-

1057 905 1089 927 tae
1100 899 1246 937 existimat,
1259 901 1280 929 si
1294 900 1372 929 bonis
1384 900 1462 929 istius
1471 901 1567 931 mundi
1577 901 1690 931 feliciter
1702 902 1802 932 fruitus

1057 938 1137 968 fucrit
1150 951 1156 968 ι
1171 946 1197 968 et
1207 939 1258 968 hoc
1272 939 1402 969 damnum
1419 939 1481 969 vitae
1494 951 1549 970 suae
1563 948 1651 981 putat,
1673 941 1697 971 si
1722 942 1803 972 fuerit

1058 978 1188 1008 alienatus
1209 978 1244 1007 ab
1263 978 1321 1024 istis
1340 979 1430 1024 bonis.
1451 980 1561 1017 Quare?
1582 981 1653 1017 Quia
1677 981 1802 1011 laborum

1059 1027 1171 1047 suorum
1196 1028 1338 1058 praemtum
1360 1029 1389 1047 1n
1409 1019 1602 1049 resurrectione
1628 1030 1681 1049 non
1699 1029 1799 1060 sperat.

1060 1057 1116 1094 Qui
1128 1063 1216 1086 autem
1232 1067 1283 1086 non
1298 1057 1373 1087 timet
1384 1058 1464 1095 mori,
1483 1058 1514 1088 id
1527 1066 1577 1095 est,
1590 1059 1639 1099 qui
1651 1060 1732 1090 vitam
1746 1071 1803 1100 spe-

1061 1103 1102 1126 rat
1113 1103 1172 1137 post
1185 1103 1309 1134 mortem,
1324 1097 1412 1126 omnia
1425 1108 1486 1136 quae
1495 1098 1615 1129 diximus
1628 1099 1742 1129 libenter
1754 1111 1801 1129 su-

1061 1136 1140 1166 stinet
1154 1143 1265 1176 propter
1277 1137 1383 1166 Deum:
1399 1138 1462 1175 quia
1473 1137 1598 1168 laborum
1616 1149 1728 1168 suorum
1737 1150 1805 1169 mer-

1062 1175 1155 1205 cedem
1174 1175 1355 1215 multiplicem
1376 1175 1560 1207 indubitanter
1585 1188 1633 1208 exs
1683 1185 1730 1208 tat.
1752 1180 1804 1209 llle

1063 1222 1103 1245 est
1120 1225 1185 1255 ergo
1207 1216 1339 1261 perfectus
1361 1215 1513 1256 discipulus
1536 1217 1650 1254 Christi,
1675 1218 1724 1257 qui
1747 1218 1804 1248 haee

1063 1255 1154 1284 omnia
1164 1261 1276 1295 patitur,
1286 1262 1333 1284 aut
1345 1255 1402 1295 pati
1414 1263 1524 1295 paratus
1533 1264 1583 1287 est.
1598 1258 1659 1288 Non
1669 1267 1733 1297 ergo
1743 1258 1805 1288 ideo

1064 1295 1197 1324 Dominus
1210 1294 1329 1332 mandat,
1344 1295 1445 1325 Nolite
1461 1297 1563 1325 timere
1579 1307 1638 1333 eos,
1661 1299 1713 1336 qui
1733 1299 1807 1328 occi-

1064 1334 1138 1362 dunt
1158 1344 1272 1373 corpus,
1294 1334 1358 1372 quia
1380 1345 1485 1365 necesse
1505 1342 1556 1372 est,
1576 1346 1682 1366 omnem
1703 1337 1806 1368 Christi

1063 1372 1228 1412 discipulum
1247 1373 1353 1402 occidi:
1366 1374 1414 1403 sed
1427 1385 1461 1404 ne
1472 1385 1564 1404 omnes
1586 1375 1648 1405 illas
1666 1387 1719 1413 res,
1739 1387 1806 1415 quas

1063 1422 1144 1451 supra
1158 1411 1289 1449 diximus,
1315 1422 1363 1457 per
1381 1413 1502 1452 singulas
1521 1414 1640 1452 mandet,
1659 1416 1736 1454 quasi
1756 1427 1806 1456 per

1029 1456 1048 1480 c
1063 1450 1252 1490 compendium
1264 1450 1336 1490 dixit
1349 1464 1356 1480 ε
1370 1453 1472 1482 Nolite
1484 1455 1584 1482 timere
1591 1464 1651 1491 eos,
1664 1456 1716 1494 qui
1729 1458 1805 1485 occi-

1063 1492 1138 1520 dunt
1161 1500 1285 1530 corpus:
1308 1492 1435 1530 quoniam
1459 1493 1508 1530 qui
1529 1492 1615 1522 occidi
1640 1503 1693 1523 non
1717 1494 1804 1534 timet,

1063 1530 1150 1559 multo
1173 1530 1259 1569 magis
1276 1531 1421 1560 contemnit
1437 1538 1531 1561 caetera
1548 1532 1660 1563 adversa
1677 1535 1805 1571 carnalia,

1063 1580 1122 1609 quae
1135 1576 1198 1599 sunt
1211 1577 1271 1599 ante
1279 1577 1411 1599 mortem:
1425 1571 1488 1609 quia
1502 1572 1591 1601 omnia
1607 1573 1736 1609 carnalia,
1745 1585 1806 1612 quae

1063 1616 1126 1638 sunt
1144 1616 1204 1638 ante
1219 1616 1341 1646 mortem,
1361 1610 1464 1640 leviora
1480 1618 1543 1640 sunt
1561 1619 1656 1641 morte.
1673 1613 1729 1650 Qui
1742 1624 1806 1654 ergo

1064 1648 1139 1688 quod
1150 1648 1262 1688 gravius
1281 1656 1319 1678 est
1341 1660 1394 1679 non
1409 1650 1495 1687 timet,
1517 1651 1603 1681 multo
1617 1652 1703 1692 magis
1715 1660 1806 1683 conte-

1065 1689 1132 1717 mnit
1143 1688 1217 1726 quod
1226 1688 1312 1718 levius
1323 1696 1372 1718 est.
1382 1689 1438 1727 Qui
1446 1697 1534 1719 autem
1542 1697 1648 1721 eaeteras
1659 1691 1805 1730 molestias,

1065 1738 1124 1766 quae
1144 1735 1207 1757 sunt
1228 1734 1288 1757 ante
1309 1735 1433 1766 mortem,
1460 1739 1513 1759 non
1537 1737 1576 1760 est
1594 1737 1732 1760 contentus
1751 1733 1806 1772 pati

1065 1774 1175 1807 propter
1197 1769 1294 1805 Deum,
1309 1768 1444 1807 quomodo
1459 1768 1571 1799 sustinet
1590 1771 1723 1800 mortem?
1737 1773 1808 1801 Gon-

1065 1806 1153 1835 sidera
1172 1813 1272 1843 autem,
1287 1814 1318 1836 ut
1331 1807 1399 1846 quid
1412 1808 1492 1837 nobis
1503 1809 1531 1837 in
1549 1816 1642 1839 natura
1655 1811 1755 1842 creavit
1772 1812 1807 1841 ti-

1067 1857 1139 1875 mere
1156 1846 1226 1875 mala
1247 1847 1374 1883 carnalia,
1399 1854 1445 1876 aut
1465 1847 1579 1894 diligere
1599 1849 1688 1879 bona:
1704 1861 1757 1880 non
1779 1858 1810 1881 ut

1068 1885 1138 1914 mala
1149 1886 1266 1914 carnalia
1278 1886 1428 1923 timeamus,
1440 1898 1500 1932 quae
1512 1894 1649 1925 tunemus,
1663 1889 1712 1919 sed
1721 1897 1751 1919 ut
1762 1901 1810 1930 per

1068 1925 1190 1954 timorem
1205 1924 1338 1955 malorum
1354 1927 1504 1956 carnalium
1523 1927 1706 1967 intelligamus
1724 1930 1810 1969 magis

1069 1963 1186 1993 timenda
1200 1975 1258 1993 esse
1272 1965 1424 2004 spiritualia
1443 1966 1524 1995 mala.
1539 1968 1655 2007 Utputa,
1672 1969 1724 1998 scis
1746 1969 1811 2008 quia

1070 2004 1173 2032 malum
1187 2010 1226 2032 est
1236 2005 1291 2043 pati
1304 2004 1425 2034 dolorem
1437 2005 1539 2034 carnis:
1555 2017 1603 2046 per
1615 2007 1668 2037 hoc
1677 2008 1809 2048 intellige,

1036 2044 1056 2068 D
1070 2042 1134 2080 quia
1146 2043 1223 2081 pejus
1237 2050 1276 2072 est
1286 2043 1408 2073 dolorem
1421 2044 1517 2073 animae
1530 2045 1596 2084 pati.
1608 2046 1667 2076 Scis
1679 2047 1742 2086 quia
1755 2058 1811 2076 ma-

1070 2082 1129 2110 lum
1141 2087 1180 2110 est
1199 2082 1327 2111 confundi
1344 2093 1434 2111 coram
1450 2083 1620 2114 hominibus:
1634 2096 1683 2125 per
1697 2086 1749 2116 hoc
1768 2086 1813 2116 in-

1070 2120 1171 2159 tellige,
1188 2121 1251 2159 quia
1271 2122 1349 2161 pejus
1367 2128 1407 2150 est
1430 2122 1558 2152 confundi
1581 2134 1672 2154 coram
1697 2126 1810 2171 angelis.

1072 2162 1210 2197 Quantum
1227 2161 1299 2189 enim
1317 2161 1406 2200 angeli
1422 2161 1547 2192 meliores
1566 2170 1629 2193 sunt
1641 2163 1810 2202 hominibus,

1072 2206 1177 2229 tantum
1191 2200 1310 2229 confusio
1327 2200 1375 2229 illa
1392 2201 1469 2240 pejor
1482 2212 1563 2240 quam
1576 2202 1634 2233 ista.
1652 2205 1722 2234 Nam
1734 2204 1814 2235 dolor

1072 2246 1098 2268 et
1112 2239 1201 2279 pudor
1214 2239 1360 2279 corporalis
1373 2250 1435 2269 cum
1448 2251 1559 2281 corpore
1573 2241 1676 2280 finitur,
1691 2251 1739 2274 aut
1756 2245 1809 2273 sol-

1071 2278 1145 2308 vitur
1159 2290 1167 2307 =
1182 2277 1261 2308 dolor
1278 2286 1304 2308 et
1319 2279 1409 2319 pudor
1422 2280 1517 2310 animae
1530 2291 1635 2322 semper
1650 2294 1712 2312 cum
1725 2283 1817 2313 anima.

1072 2317 1153 2347 irruit
1164 2317 1199 2347 ad
1209 2328 1326 2357 poenam.
1340 2319 1381 2348 lta
1389 2329 1441 2348 non
1453 2327 1484 2349 ut
1491 2320 1590 2361 diligas
1600 2322 1671 2352 bona
1683 2323 1812 2360 earnalia,

1073 2368 1133 2396 quae
1146 2357 1197 2386 dili
1218 2358 1251 2394 is,
1269 2358 1316 2387 sed
1336 2365 1365 2387 ut
1385 2369 1433 2398 per
1452 2359 1522 2389 bona
1545 2361 1662 2391 carnalia
1681 2361 1816 2401 intelligas

1074 2397 1159 2435 magis
1177 2397 1204 2426 di
1219 2397 1316 2436 igenda
1336 2408 1393 2427 esse
1414 2398 1565 2438 spiritualia
1591 2400 1672 2430 bona.
1696 2401 1813 2440 Utputax,

1074 2436 1125 2465 scis
1139 2437 1202 2474 quia
1214 2436 1316 2466 bonum
1334 2444 1375 2467 est
1395 2437 1512 2477 gaudere
1530 2439 1685 2469 carnaliter:
1701 2451 1750 2480 per
1763 2440 1817 2470 hoc

1075 2475 1205 2515 intellige,
1219 2476 1283 2514 quia
1296 2476 1394 2506 melius
1415 2483 1455 2506 est
1467 2477 1596 2516 gaudium
1615 2479 1721 2509 animat.
1741 2481 1816 2510 Gau-

1075 2514 1153 2543 dium
1171 2516 1271 2560 quippe
1290 2516 1379 2545 earnis
1391 2526 1454 2545 cum
1466 2527 1544 2546 carne
1556 2517 1662 2556 finitur,
1685 2519 1815 2559 gaudium

1076 2561 1165 2583 autem
1186 2565 1280 2583 ammae
1300 2566 1362 2585 cum
1379 2555 1468 2585 anima
1485 2565 1644 2601 perseverat.
1665 2559 1724 2589 Scis
1742 2558 1816 2597 quod

1077 2593 1177 2623 bonum
1197 2601 1236 2623 est
1255 2595 1364 2634 gloriari
1387 2595 1415 2625 in
1435 2602 1531 2626 terris:
1548 2608 1595 2637 per
1614 2598 1665 2628 hoc
1683 2598 1815 2637 intellige,

1805 660 1818 673 ο
1821 660 1871 682 pera
1874 656 1904 673 lut

1891 2217 1903 2226 φ
1888 1958 1904 2191 »dna-‚mstis
1896 1930 1904 1948 μ.
1897 1888 1904 1919 μ.
