1890 2826
91 602 160 624 Jvan.
167 600 233 624 5.22.

105 700 206 723 Ali-nlo
181 709 206 723 eo
208 709 234 723 n-

102 740 123 753 ra
172 732 205 753 Διι
192 740 233 754 u-o

92 771 158 785 lnoeos
168 771 232 792 afgu-

251 208 318 251 304

246 285 349 317 portata
362 278 484 315 victoria,
497 285 523 308 et
543 278 643 318 insigni
666 285 754 309 erecto
774 278 887 319 tropaeo,
901 278 988 308 maxi-

578 218 607 242 S.
635 217 775 242 JOANMS
801 218 985 242 cnanosT.
1015 218 1170 242 AchnzP.
1199 219 1471 244 CONSTANTKNOP.

1044 280 1170 318 μεγίστην
1185 281 1387 321 παρασχόμενος
1399 284 1447 318 τῆς
1460 282 1548 316 ἀνοίας
1566 283 1652 312 αὐτῶν
1667 282 1811 319 ἀπόδειξιν.

245 334 343 363 moque
354 324 435 354 allato
447 334 541 354 eorum
561 324 671 354 insaniae
683 332 839 365 argumento
851 337 861 364 ς
883 332 911 355 at
923 325 988 364 quia
1003 325 1024 349 Ε
1043 325 1155 361 Ἐπειδὴ
1168 325 1197 355 δὲ
1210 327 1258 356 οὐκ
1271 327 1440 366 ἐπιστομίσαι
1458 328 1586 368 βούλομαι
1604 328 1664 363 τοὺς
1681 330 1812 363 ἐναντίους
1857 368 1859 370 ¹

244 380 299 399 non
320 370 401 400 modo
424 370 548 399 hostibus
561 379 591 410 qs
603 369 746 400 occludere
757 370 887 406 volo,sed
906 371 987 400 etiam

244 426 301 453 eos,
314 416 362 455 qui
386 416 527 446 nobiscum
552 423 626 452 sunt,
640 416 790 454 instituere,
814 417 987 456 membraque

244 470 334 493 nostra
344 463 461 498 erudire,
475 473 528 492 nou
539 462 586 493 hic
602 463 684 493 finem
696 463 804 494 dicendi
821 464 929 502 faciam,
939 464 987 494 sed

245 508 359 539 ulterius
379 508 507 550 progredi
529 509 660 547 conabor,
673 508 750 539 aliud
763 509 853 540 denuo
874 520 944 550 opus
957 510 986 540 in

243 555 364 585 medium
383 554 530 593 adducens,
545 554 620 594 quod
640 555 881 595 contradicentium
894 556 985 596 impu-

243 601 360 631 dentiam
372 608 509 641 coarguat.
524 601 600 639 Quid
623 601 696 631 enim
707 602 764 632 ait?
786 603 880 632 Pater
892 604 984 632 nemi-

245 657 310 676 nem
320 647 447 687 judicat,
468 647 523 677 sed
547 657 647 677 omnes
659 648 766 678 Filius.

283 693 312 723 5.
338 692 456 730 Quaero'
447 692 531 732 igitur
542 693 578 722 ab
590 693 739 724 haeretieo-
754 694 786 725 Si
798 694 932 724 neminem
942 695 986 734 ju·

1043 370 1133 409 μόνον,
1145 371 1215 401 ἀλλὰ
1226 372 1271 402 καὶ
1282 374 1424 403 παιδεῦσαι
1435 373 1496 408 τοὺς
1507 376 1566 413 μεθ’
1577 376 1656 413 ἡμῶν
1667 375 1754 411 ὄντας,
1766 375 1811 405 καὶ

1042 416 1149 456 σοφίσαι
1163 417 1197 447 τὰ
1211 417 1280 456 μέλη
1292 418 1326 448 τὰ
1339 418 1472 459 ἡμέτερα,
1486 420 1535 449 οὐκ
1546 421 1658 451 ἐνταῦθα
1669 421 1812 451 καταλύσω

1038 461 1083 492 τὸν
1102 463 1196 503 λόγον,
1220 464 1290 494 ἀλλὰ
1311 465 1460 505 περαιτέρω
1483 468 1607 507 χωρῆσαι
1630 467 1809 507 πιράσομαι,

1038 507 1127 548 ἕτερον
1148 509 1230 539 πάλιν
1255 510 1340 545 δείξας
1361 511 1437 551 ἔργον
1460 511 1492 541 τὸ
1515 511 1625 553 ἐλέγχον
1652 513 1739 542 αὐτῶν
1761 513 1815 550 ἰὴν

1038 554 1210 594 ἀναίσχυντον
1223 556 1382 595 ἀντιλογίαν.
1396 557 1434 586 Τί
1445 557 1497 597 γάρ
1513 569 1609 598 φησιν,
1622 558 1657 588 Ὁ
1671 557 1768 598 Πατὴρ
1780 560 1814 588 οὐ

1038 600 1120 639 κρίνει
1134 601 1236 640 οὐδένα,
1249 602 1318 632 ἀλλὰ
1331 603 1435 637 πάντας
1446 606 1461 633 ὁ
1475 604 1550 638 Υἱός.

1077 689 1228 733 Ἐρωτῶῗ
1197 705 1241 723 ουν
1250 694 1296 724 τὸν
1304 694 1447 734 αἱρετικὸν,
1452 697 1477 726 εἰ
1485 697 1579 727 οὗδὲνα
1588 697 1672 737 κρίνει
1681 701 1696 728 ὁ
1705 698 1811 739 Πατὴρ,

241 738 313 768 dicat
322 740 410 775 Pater,
420 738 467 768 sed
478 738 568 769 Filius
580 739 694 780 judicat,
708 740 842 779 quomodo
852 740 984 780 judicat?
990 765 1027 786 2³2
1035 739 1049 767 δ
1056 738 1084 768 δὲ
1090 739 1153 773 Υἱὸς
1159 739 1312 779 apinam&
1319 740 1412 780 κρίνει;
1418 742 1452 771 Εἴ
1459 741 1511 782 γὰρ
1520 742 1604 781 μηδὲν
1611 743 1720 774 δύναται
1727 748 1812 774 ποιεῖν

91 800 199 818 mentum.
241 785 271 815 si
281 784 352 814 enim
362 794 415 814 non
429 791 517 825 potest
526 785 613 815 faeere
630 785 780 825 quidquam
791 797 808 816 a
818 788 916 827 seipso,
929 787 983 816 nisi
997 795 1018 818 Α
1035 786 1079 824 ἀφ’
1091 786 1202 821 ἑαυτου,
1215 786 1260 815 ἐὰν
1275 786 1313 824 μή
1325 798 1352 815 τι
1374 787 1460 827 βλέπῃ
1478 787 1526 817 τὸν
1540 787 1651 830 Πατέρα
1663 791 1804 825 ποιοῦντα,

241 830 339 861 viderit
347 832 456 860 Patrem
472 831 656 869 sactentem‚et
663 833 744 862 Pater
752 842 805 863 non
811 832 928 873 judicat,
935 832 983 862 sed
1032 829 1047 857 ὅ
1060 828 1087 858 δὲ
1101 829 1196 869 Πατὴρ
1207 831 1236 859 οὗ
1250 829 1344 869 κρίνει,
1358 830 1437 864 αὐτὸς
1450 830 1478 861 δὲ
1498 831 1599 866 πάντας
1612 831 1711 872 κρίνει,
1721 844 1778 867 πως
1790 833 1806 862 ὃ

240 877 298 916 ipse
311 886 402 906 omnes
411 876 526 917 judicat,
538 877 675 916 quomodo
696 877 728 907 id
749 878 825 917 quod
838 888 892 908 nou
913 878 984 910 vidit
1034 874 1072 914 μὴ
1086 870 1138 905 εἶδε
1151 876 1260 905 δύναται
1273 888 1397 913 ποιησαι;
1411 876 1465 906 Καὶ
1480 877 1548 916 μηδὲ
1561 880 1639 908 τοῦτο
1652 879 1744 913 ἁπαλῶς
1755 891 1810 910 πα-

93 1707 178 1728 ΜιιιιΙι.
193 1706 215 1729 5.

92 1744 130 1759 21.
144 1744 181 1759 22.

239 923 326 952 [acere
335 922 442 962 potest?
455 923 497 953 Ne
508 933 573 953 vero
585 923 638 953 hoc
649 923 746 954 leviter
770 930 981 964 praetemurras·
972 947 982 964 ‚
1036 920 1188 961 ραδράμῃς·
1201 921 1261 951 θῦδὲ
1280 922 1332 962 γὰρ
1353 933 1431 952 'rouro
1450 923 1560 963 μικρὸν,
1584 923 1654 953 ’ἰλλᾶι
1678 924 1808 964 μεγίστης

239 979 326 1008 neque
338 968 411 998 enim
423 969 476 998 hoc
486 979 603 1008 parvum
611 976 661 1006 est,
675 969 722 999 sed
730 970 855 1000 maximae
860 970 982 1000 virtutis.

240 1014 335 1054 Cogita
347 1021 478 1053 quantum
488 1014 524 1043 sit
537 1024 628 1044 omnes
638 1014 687 1054 qui
701 1015 737 1044 ab
749 1015 855 1045 Adamo
866 1015 903 1045 ad
916 1026 985 1046 con-

241 1060 444 1090 summationem
464 1071 549 1100 usque
571 1061 662 1090 saeculi
695 1061 826 1099 vixerint,
847 1062 960 1100 gentiles
975 1084 984 1099 ‚

241 1108 259 1137 J
261 1106 361 1143 udaeos,
378 1106 525 1141 haeretin,
541 1117 634 1136 omnes
647 1106 774 1146 denique,
789 1107 837 1146 qui
848 1107 884 1137 ab
894 1108 986 1138 ortho-

240 1152 312 1182 doxa
325 1152 379 1182 fide
391 1153 561 1190 aberrarunt,
578 1152 626 1182 illa
636 1152 682 1182 die
701 1152 846 1190 adducere,
853 1149 992 1184 omnium-⁴

242 1210 294 1237 que
305 1209 402 1228 arcana
414 1199 443 1228 iu
456 1198 577 1228 medium
595 1199 699 1235 efferre,
707 1205 790 1237 gesta,
804 1198 888 1235 dicta,
895 1199 984 1235 dolos,

242 1244 364 1281 insidias,
377 1251 475 1274 secreta
488 1243 584 1273 mentis
592 1256 600 1279 ;
615 1254 668 1273 non
682 1244 795 1283 prolatis
815 1245 986 1282 testimoniis,

242 1300 296 1319 non
305 1284 521 1330 probationibus,
530 1300 582 1319 nou
592 1290 768 1330 imaginibus,
777 1301 831 1320 non
839 1291 987 1321 documen-
1002 1295 1021 1317 B

243 1337 287 1372 tis,
301 1346 354 1365 non
369 1336 430 1366 aliis
439 1335 614 1376 liujusmodi5
628 1336 674 1366 sed
685 1337 797 1377 propria
805 1338 845 1367 uti
859 1345 987 1378 potestate

244 1381 279 1411 ad
291 1392 382 1412 omnes
395 1381 590 1421 coarguendos.
607 1383 730 1411 Attamen
742 1389 846 1412 tantum
854 1390 909 1413 tam
921 1395 990 1424 prae-

243 1427 348 1457 chrum
368 1421 436 1468 opus
452 1427 510 1467 ipse
532 1427 664 1468 perficiet,
679 1427 742 1458 licet
764 1429 872 1458 Patrem
886 1429 916 1459 id
928 1438 990 1460 ante

243 1474 381 1504 facientem
407 1485 460 1504 nou
483 1474 593 1512 viderit,
609 1485 657 1505 nec
681 1475 762 1505 illum
785 1475 820 1505 sit
841 1476 986 1507 imitatus·

242 1531 304 1550 nam
318 1522 411 1552 Pater
423 1523 564 1551 neminem
570 1522 698 1561 judicat.
707 1521 780 1553 Vide
788 1533 896 1562 quoque
909 1524 988 1554 illum

242 1567 308 1596 alibi
321 1567 412 1597 omnia
429 1578 491 1597 cum
507 1573 636 1607 potestate
646 1574 811 1607 operantem,
825 1569 852 1598 in
871 1570 988 1599 miracu-

243 1613 289 1649 lis,
305 1613 331 1642 in
348 1612 463 1642 serendis
485 1613 608 1653 legibus,
628 1613 743 1652 aliisque
764 1614 901 1644 omnibus.
917 1617 989 1646 Cum

242 1659 314 1688 enim
326 1658 489 1688 ascendisset
499 1658 526 1688 iu
539 1665 669 1695 montem,
684 1669 786 1689 novum
799 1666 986 1691 testamentum

243 1703 356 1734 daturus
366 1704 420 1734 ait:
432 1705 656 1744 Auda'seisauia
664 1705 775 1734 dictum
786 1712 828 1735 est
836 1709 984 1747 antiquis.
978 1720 984 1727 ·

243 1751 313 1779 Non
326 1751 440 1780 occides
451 1764 461 1782 .·
475 1752 528 1790 qui
548 1758 644 1780 autem
661 1752 815 1790 occiderit,
840 1763 907 1783 reus
932 1757 987 1784 erit

93 1794 145 1816 'Md
162 1803 182 1816 v.
193 1793 232 1818 38.
239 1797 353 1836 judicio
363 1810 376 1832 ,-
399 1797 453 1836 qui
465 1802 564 1826 autem
577 1797 696 1833 dixerit,
721 1798 828 1835 Fame,
844 1808 909 1828 reus
933 1802 988 1829 erit
1003 1805 1021 1828 C

243 1843 383 1882 gehennoe
406 1845 492 1882 ignis.
507 1844 573 1882 Ego
598 1849 696 1871 autem
711 1843 778 1872 dico
792 1846 889 1881 vobis,
909 1846 990 1884 quod

243 1890 375 1927 quisquis
386 1890 532 1931 irascitur·
538 1888 636 1928 fratri
649 1898 702 1918 suo
724 1895 838 1927 temere,
854 1900 919 1922 reus
935 1892 989 1920 erit

192 1933 198 1938 ’
239 1934 363 1973 judicio.
378 1934 515 1964 Audistis
528 1936 600 1974 quia
611 1935 722 1964 dictum
735 1941 788 1972 est,
802 1935 927 1965 Oculum
934 1947 990 1976 pro

244 1980 341 2017 oculo,
358 1987 385 2009 et
401 1981 516 2010 dentem
529 1991 583 2020 pro
604 1981 692 2010 dente
706 1992 715 2008 .-
729 1991 782 2020 ego
801 1989 898 2012 autem
923 1984 989 2012 dico

245 2027 340 2062 vobis,
366 2036 428 2055 non
439 2028 571 2055 resistere
591 2027 683 2064 malo,
698 2028 750 2056 sed
762 2029 787 2057 si
804 2031 871 2067 quis
885 2035 912 2058 le
923 2039 989 2069 per-

245 2075 365 2102 cusserit
385 2073 588 2104 immutabunt
605 2073 766 2110 dexteram,
790 2077 887 2113 praebe
900 2076 948 2105 illi
960 2083 989 2105 et

245 2119 381 2148 alteram.
397 2118 473 2156 Quid
489 2118 540 2147 hoc
551 2118 610 2147 est?
634 2118 682 2157 qui
704 2118 775 2147 nihil
795 2130 810 2148 a
823 2120 912 2160 seipso
925 2121 990 2151 facit

245 2166 325 2195 etiam
347 2165 434 2194 Patris
458 2165 556 2194 statuta
570 2164 690 2204 corrigit,
705 2172 730 2194 ct
744 2165 831 2205 legem
843 2167 872 2195 in
891 2167 989 2198 melius

245 2211 387 2252 provehit?
398 2212 468 2241 Cum
481 2218 571 2240 autem
589 2210 660 2248 dico,
673 2211 795 2251 corrigit,
808 2223 840 2241 ne
863 2213 990 2254 blasphe—

246 2269 320 2290 mum
333 2257 400 2296 quid
425 2257 578 2297 suspiceris,
591 2257 668 2296 quasi
692 2258 769 2287 Pater
789 2258 923 2290 infirmior
942 2261 987 2290 sit.

247 2303 380 2340 Quamvis
391 2302 463 2333 enim
474 2303 520 2332 lex
543 2300 631 2333 m'inor
652 2303 697 2341 sit,
710 2303 739 2333 id
751 2310 840 2334 tamen
851 2315 904 2335 non
918 2305 1023 2345 Deo‚D

247 2349 294 2379 sed
307 2349 498 2389 recipientibus
511 2349 597 2389 legem
603 2349 822 2380 adscribendum.
835 2351 895 2381 Iino
906 2353 986 2383 etiam

247 2398 335 2426 Vetus
346 2397 546 2427 Testamentum
559 2395 698 2436 Unigeniti
711 2403 759 2433 est,
773 2403 798 2426 ct
811 2399 920 2428 Novum
934 2401 985 2429 Pa-

247 2442 305 2472 tris.
318 2442 463 2479 Quomodo
483 2441 576 2482 igitur,
588 2452 689 2481 qmeso,
698 2442 768 2472 nihil
779 2454 795 2472 a
806 2444 894 2483 seipso
911 2445 984 2482 facit,

248 2488 294 2527 qui
308 2487 390 2518 veteri
415 2487 467 2528 legi
479 2487 587 2528 adjecit,
601 2487 649 2527 qui
671 2495 770 2518 tantam
789 2489 897 2519 exhibet
911 2497 984 2529 pote*-

282 2587 291 2595 Δ·
311 2579 356 2603 llic
370 2584 451 2604 textus
464 2577 550 2604 delicit
563 2579 588 2605 in
601 2577 669 2604 Edit.
681 2578 776 2604 Benzcl.

1033 966 1176 1005 δυνάμεως.
1188 967 1330 1003 Ἐννόησον
1341 967 1392 1008 γὰρ
1403 968 1496 1004 ἡλίκον
1510 969 1577 1005 ἐστὶ,
1587 969 1648 1003 τοὺς
1660 970 1714 999 ἀπὸ
1724 969 1809 1010 Ἀδὰμ

1038 1011 1118 1052 μέχρι
1140 1014 1188 1048 τῆς
1211 1013 1364 1046 συντελείας
1389 1014 1543 1054 γενομένους
1568 1014 1721 1052 Ἕλληνας,
1745 1016 1811 1046 Ἰου-

1036 1058 1133 1095 δαίους,
1147 1059 1307 1098 αἱρετικοὺς,
1324 1058 1386 1094 τοὺς
1399 1062 1426 1090 ἐν
1443 1062 1478 1100 τῇ
1498 1060 1627 1101 ὀρθοδόξῳ
1643 1060 1735 1091 πίστει
1749 1062 1811 1091 δια-

1040 1105 1200 1144 μαρτόντας,
1212 1105 1313 1139 πάντας
1326 1107 1435 1146 ἀγαγεῖν
1454 1107 1483 1136 ἐν
1497 1108 1531 1146 τῇ
1545 1106 1634 1147 ἡμέρᾳ
1650 1107 1751 1147 ἐκείνῃ,
1766 1108 1812 1138 καὶ

1039 1150 1147 1180 πάντων
1159 1150 1194 1180 τὰ
1215 1151 1354 1191 ἀπόρρητα
1370 1153 1407 1186 εἰς
1429 1151 1509 1191 μέσον
1531 1152 1666 1192 ἐξαγαγεῖν
1689 1153 1724 1183 τὰ
1744 1154 1811 1195 πρά-

1040 1207 1140 1235 γματα,
1153 1196 1187 1226 τὰ
1201 1196 1325 1236 ῥήματα,
1339 1196 1399 1231 τοὺς
1421 1197 1527 1235 δόλους,
1540 1198 1588 1232 τὰς
1606 1198 1749 1237 ἐπιὸοολὰς
1755 1223 1766 1237 ,
1779 1200 1813 1230 τὰ

1040 1241 1180 1281 ἀπόῤῥητα
1200 1244 1248 1278 τῆς
1270 1243 1401 1280 διανοίας,
1423 1245 1452 1273 οὖ
1467 1246 1620 1284 μαρτυριῶν
1643 1245 1812 1286 φερομένων,

1040 1287 1088 1316 οὐκ
1102 1287 1235 1328 ἐλέγχων,
1254 1289 1303 1318 οὐκ
1313 1289 1439 1325 εἰκόνων,
1453 1291 1501 1319 οὐκ
1514 1289 1687 1337 ἀποδείξεων,
1701 1293 1749 1322 οὐκ
1762 1293 1812 1323 ἄλ-

1040 1333 1093 1361 λων
1116 1335 1169 1362 τῶν
1191 1333 1316 1363 τοιούτων
1340 1335 1459 1371 ουδενὸς,
1481 1336 1549 1366 ἀλλὰ
1572 1338 1606 1376 τῇ
1628 1325 1713 1378 οἰκεία
1732 1338 1813 1368 δυνά-

1041 1390 1086 1417 μει
1099 1378 1164 1418 πρὸς
1177 1378 1222 1408 τὸν
1235 1379 1345 1420 ἔλεγχον
1360 1382 1543 1421 κεχρημένων.
1557 1382 1627 1412 Ἀλλ’
1639 1383 1711 1423 ὅμως
1724 1388 1814 1415 τοσοῦ-

1040 1434 1084 1452 τον
1099 1423 1144 1453 καὶ
1164 1425 1320 1462 τηλικοῦτον
1336 1427 1496 1466 κατόρθωμα
1513 1428 1591 1462 αὐτὸς
1603 1434 1682 1465 ποιεῖ,
1695 1431 1726 1460 οὗ
1743 1430 1813 1470 πρό-

1039 1481 1114 1510 τερον
1128 1469 1173 1499 τὸν
1186 1470 1296 1511 Πατέρα
1315 1471 1396 1509 ἰδὼν,
1410 1473 1455 1502 καὶ
1474 1473 1544 1502 οὕτω
1562 1475 1764 1514 μιμησάμενος
1778 1476 1813 1506 Ὁ

1040 1516 1136 1555 Πατὴρ
1149 1516 1201 1556 γὰρ
1214 1518 1244 1546 οὖ
1257 1516 1339 1557 κρίνει
1352 1517 1455 1547 οὐδένα.
1471 1518 1544 1559 “Ορα
1562 1520 1590 1549 δὲ
1609 1520 1688 1550 αὐτὸν
1702 1521 1747 1550 καὶ
1763 1523 1811 1552 ἄλ-

1038 1563 1123 1601 λαχου
1137 1562 1223 1592 πάντα
1238 1564 1297 1602 μετ’
1318 1562 1436 1598 ἐξουσίας
1457 1564 1646 1605 ἐργαζόμενον,
1667 1566 1695 1596 ἔν
1709 1579 1738 1596 τε
1757 1572 1813 1602 τοῖς

1039 1608 1155 1647 θαύμασι
1169 1608 1214 1638 καὶ
1226 1613 1284 1642 ταῖς
1303 1610 1477 1648 νομοθεσίαις,
1492 1611 1537 1640 καὶ
1558 1617 1613 1646 τοῖς
1627 1612 1719 1646 ἄλλοις
1739 1613 1813 1644 ἅπα-

1039 1665 1091 1684 σιν.
1109 1653 1221 1690 Ἐπειδὴ
1233 1654 1285 1694 γὰρ
1298 1656 1410 1691 ἀνῆλθεν
1421 1657 1459 1690 εἷς
1471 1656 1504 1686 τὸ
1516 1657 1585 1697 ὄρος,
1598 1658 1644 1687 καὶ
1655 1658 1704 1694 τὴν
1721 1660 1814 1696 καινὴν

1039 1700 1134 1739 ἔμελλε
1153 1699 1252 1730 διδόναι
1273 1700 1418 1738 διαθήκην,
1434 1702 1514 1742 φησίν
1524 1715 1531 1721 ·
1554 1704 1700 1734 Ἠκούσατε
1715 1704 1755 1735 ὅτι
1768 1707 1814 1746 2⁵53-

1039 1746 1102 1786 ῥέθη
1115 1750 1170 1779 τοῖς
1183 1746 1320 1786 ἄρχαίοις,
1340 1749 1381 1777 Οὔ
1403 1748 1550 1788 φονεύσεις·
1562 1749 1616 1783 ὃς
1601 1752 1624 1779 ο’
1640 1750 1671 1780 ἂν
1685 1752 1814 1791 φονεύσῃ,

1039 1793 1128 1831 ἔνοχος
1148 1791 1224 1821 ἔσται
1243 1793 1277 1831 τῇ
1291 1792 1393 1832 κρίσει·
1407 1793 1435 1827 ὃς
1448 1795 1471 1823 δ’
1484 1794 1515 1823 ἂν
1529 1794 1610 1835 εἴπῃ,
1621 1796 1711 1836 μωρὲ,
1726 1797 1815 1839 ἔνοχος

1040 1838 1116 1868 ἔσται
1134 1839 1161 1867 ἐν
1177 1840 1210 1878 τῇ
1224 1839 1315 1878 γεέννῃ
1336 1841 1383 1868 τοῦ
1397 1839 1486 1878 πυρός.
1498 1840 1592 1880 “Ἐγὼ
1606 1842 1635 1871 δὲ
1654 1842 1748 1882 λέγω*
1737 1848 1814 1883 υμῖν,

1040 1884 1081 1913 ὅτι
1094 1888 1146 1917 πας
1159 1886 1174 1913 ὁ
1191 1884 1358 1924 ὀργιζόμενος
1377 1887 1416 1925 τῷ
1429 1886 1536 1926 ἀδελφῷ
1549 1888 1628 1918 αὐτοῦ
1641 1889 1710 1929 εἰκῇ,
1724 1889 1815 1930 ἔνοχος

1040 1931 1116 1960 ἔσται
1124 1942 1158 1969 τῃ
1140 1929 1260 1970 ”’κρίσει.
1271 1930 1421 1960 Ἠκούσατε
1431 1931 1472 1960 ὅτι
1481 1933 1587 1972 ἐῤῥεθη,
1593 1933 1747 1973 Ὀφθαλμὸν
1756 1936 1814 1966 αντὶ

1040 1976 1187 2015 ὀφθαλμοῦ,
1197 1975 1243 2013 καὶ
1253 1976 1375 2005 ὀδόντα’
1360 1972 1419 2004 αντὶ
1429 1977 1543 2011 ὀδόντος.
1557 1978 1630 2018 Ἐγὼ
1640 1979 1762 2020 δὲλέγω,
1775 1982 1813 2020 μὴ

1042 2023 1196 2056 ἀντιστῆναι
1208 2022 1247 2061 τῷ
1260 2033 1379 2060 πονηρω,
1391 2023 1452 2051 ἀλλ’
1469 2022 1540 2056 ὅστις
1553 2035 1584 2053 σε
1596 2024 1703 2063 ῥαπίσει
1712 2026 1757 2056 ἐπὶ
1766 2026 1814 2062 τὴν

1041 2066 1128 2101 δεξιὰν
1137 2066 1256 2106 σιαγόνα,
1263 2066 1375 2106 στρεψον
1385 2069 1457 2107 αὐτῷ
1465 2068 1511 2097 καὶ
1521 2069 1570 2105 τὴν
1579 2069 1672 2106 ἄλλην.
1682 2071 1720 2101 T
1710 2083 1719 2100 ι
1727 2074 1817 2109 τοῦτο;

1040 2115 1055 2142 ὁ
1067 2112 1149 2151 μηδὲν
1164 2112 1210 2152 ἀφ’
1229 2114 1322 2142 ἑαυτοῦ
1343 2114 1427 2142 ποιῶν
1441 2113 1486 2143 καὶ
1500 2114 1535 2144 τὰ
1554 2117 1601 2144 τοῦ
1615 2116 1721 2156 Πατρὸς
1741 2119 1814 2158 διορ-

1041 2161 1148 2194 θοῦται,
1171 2158 1217 2187 καὶ
1239 2159 1288 2194 τὴν
1311 2158 1466 2197 νομοθεσίαν
1489 2159 1533 2189 ἐπὶ
1554 2160 1586 2190 τὸ
1611 2161 1713 2200 βέλτιον
1742 2163 1816 2203 ἄγει;

1042 2204 1126 2234 Ὅταν
1145 2204 1173 2234 δὲ
1187 2204 1269 2240 εἴπω,
1290 2205 1451 2244 διορθοῦται,
1470 2205 1553 2244 μηδὲν
1572 2207 1754 2248 βλάσφημον’
1744 2222 1813 2240 υπο-

1042 2250 1172 2290 πτεύσῃς,
1187 2252 1223 2283 ὡς
1241 2253 1287 2279 τοῦ
1301 2250 1407 2290 Πατρὸς
1430 2252 1593 2292 ἅτονωτέρου
1614 2254 1698 2288 ὄντος.
1714 2256 1747 2286 Εἰ
1763 2256 1815 2296 γὰρ

1004 2295 1087 2328 »καὶ
1099 2298 1117 2331 ἡ
1130 2296 1271 2334 νομοθεσία
1292 2295 1426 2331 ἐλάττων,
1439 2297 1498 2326 ἀλλ’
1514 2299 1544 2327 οὖ
1565 2298 1638 2339 παρὰ
1660 2300 1706 2330 τὸν
1726 2300 1815 2338 Θεὸν,

1041 2341 1110 2371 ἀλλὰ
1129 2341 1202 2381 παρὰ
1223 2353 1283 2375 τους
1305 2341 1460 2380 δεξαμενους
1481 2355 1526 2372 τον
1539 2344 1629 2383 νόμον.
1645 2345 1724 2376 Ἀλλὰ
1737 2346 1808 2375 καὶ
1796 2359 1813 2382 η

1041 2390 1151 2420 Παλαιὰ
1170 2392 1215 2419 τοῦ
1237 2391 1416 2429 Μονογενους,
1436 2392 1483 2421 καὶ
1503 2395 1520 2428 ἠ
1540 2393 1626 2430 Καινὴ
1638 2396 1685 2423 τοῦ
1698 2395 1813 2434 Πατρός,

1042 2442 1105 2474 Πῶς
1125 2436 1184 2477 οὖν,
1199 2440 1257 2470 εἶπέ
1272 2452 1330 2479 μοι,
1345 2442 1423 2471 οὐδὲν
1432 2444 1477 2483 ἀφ’
1493 2445 1586 2473 ἑαυτοῦ
1604 2448 1690 2480 ποιεῖ,
1705 2447 1738 2484 τῇ
1754 2446 1813 2475 Πα-

1042 2493 1105 2531 λαιᾷ
1115 2491 1277 2530 προστιθεὶς,
1290 2494 1304 2521 ὁ
1316 2491 1446 2528 τοσαύτην
1459 2493 1666 2533 ἐπιδεικνύμενος
1679 2494 1813 2532 ἐξουσίαν;
