1904 2840
646 191 680 216 m
708 188 918 216 MA'r‘rflAEUM.
946 188 1064 217 nomn..
1092 193 1143 218 111.

132 261 254 286 matrem
262 254 326 295 eius
337 266 347 285 .·
357 254 421 293 quia
433 264 488 285 non
500 263 570 322 prop

131 295 205 324 filius
217 301 295 323 natus
307 300 357 329 est,
368 293 416 323 sed
428 300 538 334 propter
549 305 558 322 1
571 294 628 323 lum
637 294 725 324 filium
739 294 787 323 illa
800 305 869 334 prae-

130 340 222 378 parata
238 338 277 362 est
297 340 392 362 mater.
418 334 475 363 Nec
495 333 572 372 pueri
591 341 648 362 erat
666 334 752 372 gloria
772 334 870 363 habere

129 372 205 402 illam
229 379 353 408 matrem,
375 372 422 402 sed
441 372 517 402 illins
536 379 592 402 erat
610 372 747 402 beatitudo
758 394 766 408 ,
787 373 870 403 istum

0 423 36 439 ue·
49 422 70 438 ι.
80 417 118 445 48.
128 412 227 442 habere
236 412 334 441 filium.
345 411 420 441 Sicut
428 412 487 452 ipsa
493 411 617 442 dicebat:
628 414 706 441 Ecce
714 422 792 441 nunc
799 414 868 441 bea-

130 458 190 480 tam
210 462 256 480 me
269 451 367 480 dicent
383 461 482 480 omnes
496 453 703 491 generationes.
719 453 768 481 20.
787 452 870 481 Vade

97 509 102 516 ·
130 493 162 519 in
172 497 280 519 terram
293 491 397 522 lsrael.
413 491 498 528 Quasi
514 491 587 520 enim
600 490 721 520 medicus
733 490 869 521 descendit

129 529 157 559 in
169 526 329 570 AEgyptum‚
345 537 376 559 ut
387 531 508 561 visitaret
518 541 575 560 eam
588 531 757 570 languentem
769 530 868 560 errori-

128 569 192 606 bus,
207 580 260 598 non
275 576 304 598 ut
316 577 464 599 remaneret
477 570 504 599 in
519 581 560 599 ea.
576 571 646 599 Nam
659 569 687 599 in
701 569 788 609 prima
801 570 869 599 facie

129 609 206 646 quasi
219 608 352 638 Herodem
369 609 474 647 fugiens
483 632 491 646 ,
513 609 650 638 descendit
661 610 687 638 in
701 609 866 649 AEgyptum:

129 658 221 677 revera
230 655 330 684 autem,
345 655 373 677 ut
382 649 504 688 AEgyptii
517 649 614 678 erroris
625 648 758 677 daemones
768 649 870 687 effuga-

0 692 119 724 rsni.r9.r.
129 694 169 715 ret
181 698 215 716 ex
223 698 263 723 ea,
280 687 350 717 sicut
364 694 475 717 testatur
489 688 581 718 EsaIas
598 687 690 717 dicens
702 699 708 716 z
721 689 800 717 Ecce
813 689 870 717 Do-

128 728 224 756 minus
233 727 381 756 descendit
389 729 422 756 in
427 728 604 767 AEgyptum,
614 727 718 756 sedens
726 737 760 756 su
780 737 812 756 er
820 738 870 756 nu-

130 767 194 794 bem
201 767 306 802 levem,
320 774 350 796 et
360 768 466 796 cadent
479 767 560 796 idola
570 767 702 806 AEgypti.
713 767 751 797 vi
772 777 869 807 esergo

129 805 194 843 quia
214 805 275 835 ideo
291 805 427 835 descendit
453 806 480 835 in
501 807 536 836 Ε
593 812 665 842 tum,
685 816 738 835 non
757 813 869 835 mortem

0 378 2 392 l

1599 182 1668 230 765

570 254 692 284 tex-illam
700 261 813 284 matrem
820 255 869 285 iste
884 258 905 280 Α
924 260 973 284 rur
985 256 1023 284 ab
1037 266 1071 284 eo
1084 257 1116 284 in
1126 256 1268 292 Iordane,
1283 255 1453 296 confitentes
1467 262 1589 296 peecata
1599 266 1663 286 sua.

924 295 953 322 ’1.
967 294 1076 323 Videas
1094 300 1192 324 autem
1209 295 1314 324 multos
1328 296 1544 325 Pharisoeorum
1553 302 1582 325 et
1591 297 1664 326 Sad-

923 333 1088 363 ducoeorum
1108 337 1255 363 venientes
1267 336 1307 364 ad
1319 336 1490 373 baptismum
1504 346 1597 371 suum,
1613 336 1666 365 di-

922 374 967 401 xit
980 374 1022 402 eis
1035 386 1043 401 .·
1053 374 1210 412 Progenies
1220 375 1399 413 viperarum,
1414 376 1479 414 quis
1490 375 1666 403 demonstra-

925 413 966 441 νίι
977 414 1061 441 vobis
1074 413 1175 452 fugere
1188 423 1207 441 a
1219 420 1346 442 ventura
1358 416 1402 442 ira
1412 416 1424 441 Ρ
1435 413 1466 443 8.
1483 415 1586 443 Facite
1596 424 1664 453 ergo

913 452 1049 491 fructum
1061 447 1181 492 dignum
1193 454 1380 491 poenitentioe.
1392 453 1440 483 Sol
1453 453 1615 498 appropians
1628 453 1663 483 ad

920 501 1084 530 processum,
1094 499 1236 530 antequam
1248 499 1383 531 appareat,
1393 492 1474 521 mittit
1488 492 1577 521 radios
1588 502 1662 529 suos,

919 536 944 558 et
966 530 1029 559 facit
1043 531 1177 560 albescere
1197 530 1336 567 orientem,
1359 538 1390 559 ut
1403 531 1549 570 procedens
1567 542 1663 562 aurora

919 568 1064 598 adventum
1081 569 1136 599 diei
1154 570 1326 599 demonstret.
1340 571 1386 600 Sic
1397 571 1530 599 Dominus
1543 578 1621 601 natus
1635 571 1663 601 in

919 608 1032 645 mundo,
1048 616 1188 647 antequam
1209 616 1344 648 appareat,
1363 610 1479 648 Spiritus
1499 610 1542 639 sui
1560 610 1664 650 fulgore

918 648 1073 677 transmisso
1085 648 1250 678 illuminavit
1258 650 1399 685 Joannem,
1414 656 1443 678 ut
1455 649 1607 688 praecedens
1616 650 1663 679 ille

919 686 1064 716 adventum
1088 688 1235 718 salvatoris
1255 689 1394 717 annuntiet
1410 701 1417 716 τ
1433 699 1466 717 ne
1483 689 1550 717 sorte
1572 689 1663 718 subito

918 726 1044 763 veniens,
1065 734 1091 756 et
1109 727 1200 756 dicens
1219 738 1247 756 se
1267 738 1322 757 esse
1343 727 1445 757 Filium
1465 727 1533 763 Dei,
1554 735 1664 767 propter

920 765 1006 805 ipsam
1020 777 1144 806 maguam
1157 774 1236 805 atque
1254 767 1402 796 terribilem
1423 767 1611 796 indicationem
1623 767 1662 797 rei

919 804 1005 844 ipsius
1015 828 1022 839 ,
1046 807 1132 846 magis
1153 818 1181 841 se
1202 805 1431 835 incredibiliorem
1453 805 1613 835 ostenderet.
1632 807 1663 837 Si

129 844 245 884 fugiens,
262 845 311 875 sed
327 852 358 875 ut
378 846 513 875 mortifera
535 857 543 877 ι
565 846 607 874 ola
625 845 786 885 dissiparet?
799 847 868 876 Nam
884 853 903 875 Β
918 854 989 874 enim
999 846 1114 875 Joannes
1128 846 1284 885 praedicavit
1297 856 1410 885 persona
1421 845 1553 890 cognituS‚
1568 856 1663 884 genere

129 894 280 923 numquam
297 885 433 915 invenitur
451 885 584 914 Dominus
610 884 795 922 descendisse,
817 885 869 914 nisi

129 930 204 953 tunc.
219 923 373 954 Notandum
385 931 484 961 autem,
498 925 562 964 qnia
576 931 652 953 nocte
665 924 734 963 fugit
745 925 773 953 in
784 925 869 964 AEgy-

129 970 217 1003 ptum,
235 964 379 994 revertitur
397 971 488 993 autem
509 975 557 1004 per
572 963 643 993 diem
659 976 666 992 t
682 963 808 1002 quoniam
824 965 868 993 fu-

128 1003 214 1041 giens,
235 1003 468 1043 persequutionem
489 1004 607 1043 fugiebat
627 1002 761 1033 Herodis:
775 1014 868 1032 rever—

129 1048 186 1072 tens
205 1049 294 1071 autem
305 1065 313 1078 ‚
336 1049 441 1072 mortuo
460 1043 643 1073 revertebatur
665 1049 865 1082 persequutore.

127 1082 224 1111 Omnis
234 1082 306 1111 enim
319 1081 532 1121 persequutionis
550 1082 670 1120 angustia
693 1092 748 1110 uox
758 1088 807 1117 est,
823 1093 867 1111 re-

126 1121 267 1160 frigerium
277 1128 366 1150 autem
382 1121 451 1150 dies.
467 1123 517 1150 22.
531 1123 711 1150 Admonitus
725 1127 821 1150 autem
835 1124 867 1150 in

128 1163 248 1196 somnis,
261 1162 376 1190 secessit
389 1162 421 1189 in
429 1167 527 1199 partes
543 1161 686 1197 Galilaeae,
704 1162 754 1190 93.
769 1167 797 1190 et
810 1172 867 1189 ve-

129 1201 211 1229 niens
225 1201 371 1230 habitavit
379 1203 411 1229 in
421 1202 539 1230 civitate
551 1211 616 1240 quoe
629 1206 754 1229 vocatur
763 1201 867 1229 Naza-

127 1241 202 1275 reth,
217 1245 249 1268 ue
260 1240 470 1279 adimpleretur
476 1241 556 1279 quod
565 1241 674 1269 dictum
689 1246 731 1269 est
742 1249 796 1279 per
801 1251 866 1278 pro-

124 1279 230 1317 phetas
243 1291 251 1307 .·
270 1280 416 1319 Quoniam
433 1280 595 1309 Nazaraeus
613 1281 777 1309 vocabitur.
792 1280 865 1309 Dum

126 1317 204 1354 dicit,
223 1319 283 1347 Per
296 1320 463 1358 prophetas,
480 1329 545 1356 non,
561 1320 612 1348 Per
625 1319 793 1359 prophetam,
807 1329 865 1348 ma-

125 1355 231 1387 nifestat
242 1358 315 1397 quod
327 1362 380 1387 no'n
399 1365 498 1388 certam
516 1360 700 1388 auctoritatem
717 1358 865 1397 prophetiae

127 1397 250 1434 protulit,
262 1397 310 1426 sed
321 1408 427 1427 sensum
459 1398 629 1438 rophetarum
642 1397 770 1436 colligens
781 1397 862 1426 dixit.

125 1436 195 1465 Nam
208 1448 257 1477 per
269 1447 360 1466 omnes
372 1448 441 1477 prop
461 1444 515 1467 etas
528 1439 606 1467 Jesus
619 1439 770 1467 Nazarenus
783 1447 865 1466 voca-

41 1495 117 1512 „nv
127 1480 181 1511 tur,
194 1476 267 1515 quod
284 1483 323 1506 est
340 1484 454 1506 sauctus.
476 1479 530 1506 Aut
545 1478 613 1506 sorte
630 1477 752 1516 legerunt
760 1482 786 1504 et
797 1477 865 1505 alios

0 1515 2 1518 ’
125 1516 270 1554 prophetas
291 1516 327 1544 ita
346 1515 474 1552 dicentes,
487 1517 534 1554 qui
556 1526 608 1545 non
620 1523 681 1545 sunt
694 1515 772 1544 nobis
783 1526 863 1544 cano-

125 1555 217 1583 nizati.
231 1555 286 1584 Alii
299 1554 398 1583 etenim
412 1555 649 1594 prophetaverunt,
663 1561 689 1583 et
701 1554 863 1593 conscripse-

125 1601 200 1630 runt,
219 1593 288 1623 sicut
301 1594 417 1628 Nathan,
429 1600 456 1622 et
470 1593 579 1623 Esdras.
601 1594 637 1623 Et
656 1593 782 1631 quoniam
801 1603 864 1632 pro-

125 1632 266 1671 phetatum
283 1638 351 1666 erat,
373 1632 424 1661 boc
444 1633 533 1672 ipsum
554 1633 703 1661 manifestat
720 1630 863 1671 Philippus

0 1684 115 1714 „„‚.,45,
126 1671 217 1701 dicens
230 1670 265 1700 ad
280 1670 439 1706 NathanaiiL
455 1672 546 1710 Quem
565 1673 683 1710 scripsit
697 1672 818 1707 Moyses
831 1672 864 1699 in

0 1713 18 1738 5-
127 1709 200 1749 lege,
213 1717 241 1739 et
252 1711 408 1750 prophetoe,
420 1712 582 1740 invenimus
592 1712 694 1740 Jesum
703 1710 799 1749 filium
810 1711 864 1739 Jo-

127 1751 198 1788 seph
212 1751 400 1779 aNazareth.
415 1750 496 1779 Unde
509 1756 535 1778 et
544 1749 693 1779 Nathanael
703 1749 788 1779 sciens
820 1759 874 1778 ro-2

127 1788 266 1828 phetatum
276 1799 343 1826 esse,
358 1789 409 1818 hoc
429 1789 516 1828 ipsum
531 1789 691 1818 confirmans
702 1799 797 1829 respon
819 1789 839 1818 it
854 1801 861 1817 ε

126 1828 176 1856 Ex
188 1829 339 1858 Nazareth
349 1834 443 1868 potest
455 1828 571 1868 aliquid
584 1829 653 1858 boni
663 1830 744 1857 esse?

250 1935 262 1948 ¹
271 1931 404 1961 Humilia
417 1933 502 1961 tertia
513 1942 549 1961 ex
562 1942 627 1971 cap.
641 1933 734 1962 tertio.

163 2027 191 2054 1.
213 2027 250 2055 1η
271 2026 372 2055 diebus
394 2025 457 2054 illis
476 2027 560 2054 venit
576 2026 706 2055 Joannes
727 2026 860 2064 Baptista

120 2065 283 2104 proedc'cans
303 2069 335 2094 in
354 2065 465 2094 deserto
486 2065 616 2100 Judoeae,
637 2067 667 2094 Ω.
690 2071 717 2094 et
738 2065 858 2094 dicens.-

122 2105 325 2133 Poem‘tenliam
345 2106 434 2145 agite,
454 2106 696 2143 appropinquabit
717 2106 793 2132 enim
812 2114 857 2132 re-

121 2153 211 2182 gnum
223 2145 368 2172 coelorum.
381 2144 412 2172 5.
422 2145 481 2172 Hic
492 2149 534 2171 est
545 2145 622 2172 enim
633 2144 669 2172 de
679 2155 736 2182 quo
749 2144 859 2172 dictum

0 2185 112 2213 '‘ff-423·
122 2189 164 2211 est
172 2192 223 2221 per
234 2183 357 2213 Esaiam
366 2184 537 2221 prophetam
554 2183 712 2211 dicentem:
723 2183 753 2211 V
749 2193 787 2211 ox
797 2182 859 2211 cla-

122 2223 230 2250 mantis
239 2222 272 2249 in
283 2221 404 2258 deserto,
413 2228 516 2260 parate
526 2223 607 2250 viam
624 2222 753 2258 Domini,
765 2228 859 2250 rectas

113 2261 214 2301 facite
221 2261 340 2289 semitas
351 2262 423 2299 ejus.
438 2262 467 2289 4.
481 2262 547 2298 Ipse
555 2267 653 2289 autem
663 2261 795 2289 Joannes
807 2262 857 2289 ha-

122 2300 207 2330 bebat
225 2301 428 2328 vestimentum
438 2300 474 2328 de
483 2299 549 2338 pilis
567 2299 752 2336 camelorum,
767 2306 796 2328 et
807 2310 858 2328 zo-

122 2350 191 2368 nam
222 2338 354 2368 elliceam
366 2339 444 2367 circa
458 2338 570 2367 lumbos
582 2348 659 2366 suos.
674 2339 754 2367 Esca
763 2345 859 2367 autem

121 2381 183 2418 ejus
194 2351 324 2413 [ἔνι-μείω,
339 2384 366 2406 et
381 2378 439 2407 mel
457 2377 608 2414 sylvestre.
622 2377 652 2406 5.
670 2377 695 2405 T
693 2388 749 2407 unc
761 2379 860 2407 exibat

123 2418 164 2446 ad
188 2426 254 2447 eum
277 2418 467 2454 Jerosolyma
477 2439 484 2451 ,
514 2423 542 2444 et
568 2418 661 2445 omnis
683 2418 706 2445 J
707 2417 791 2445 udaea
801 2439 809 2453 ,
831 2424 859 2448 et

121 2459 214 2486 omnis
228 2459 305 2496 regio
318 2459 395 2485 circu
406 2457 566 2486 Iordanem
568 2478 578 2492 ,
590 2456 620 2484 6.
633 2461 660 2484 et
671 2456 858 2495 baptizaban-

0 2028 60 2050 mil.
72 2028 112 2052 IV.

5 2058 62 2081 aliis.

153 2557 164 2568 ι
182 2549 241 2572 uaec
252 2547 361 2573 nomilia
372 2554 410 2573 est
421 2553 510 2580 quarta
521 2548 547 2572 in
558 2546 652 2573 Codice
664 2548 692 2572 V¹
706 2548 738 2573 D.

155 2588 168 2607 Ι)
185 2585 272 2612 Codex
283 2586 313 2611 V.
324 2587 354 2612 D.
372 2592 398 2612 et
407 2585 476 2612 Editi
494 2585 517 2612 iu
531 2594 610 2619 marg.
624 2595 697 2622 quem
717 2588 819 2612 maceria
828 2587 872 2612 dc-

877 2030 896 2053 D

918 883 1068 923 dignitosus
1081 884 1092 924 (
1101 892 1157 914 erat
1168 885 1239 914 enim
1253 885 1327 914 filius
1338 885 1473 915 Zacharia.-
1487 884 1658 922 sacerdotis),

917 930 943 952 et
956 924 1156 953 conversatione
1175 924 1318 959 mirabilis,
1335 931 1422 953 tamen
1438 924 1559 953 infideles
1571 923 1660 954 Judaei

916 972 969 991 non
978 964 1167 1001 acquieverunt
1174 963 1282 993 credere
1288 964 1395 993 Christo
1402 974 1449 1003 per
1455 964 1534 992 illum
1543 975 1549 991 :
1560 971 1659 1002 quanto

916 1002 1001 1040 magis
1022 1013 1074 1031 non
1090 1010 1164 1032 erant
1182 1003 1322 1036 credituri,
1338 1003 1360 1032 si
1376 1003 1451 1032 nulla
1464 1010 1523 1032 ante
1538 1014 1600 1032 eum
1610 1003 1658 1032 de-

916 1042 1049 1070 nuntiatio
1072 1042 1269 1081 praecessisset?
1293 1043 1361 1072 Nam
1382 1043 1555 1080 quantumvis
1577 1043 1658 1072 suerit
1697 1053 1768 1076 Nemo
1785 1056 1809 1076 in

915 1091 1028 1120 persona
1041 1081 1198 1118 laudabilis,
1215 1082 1243 1110 in
1263 1092 1312 1110 sua
1331 1092 1412 1111 causa
1428 1091 1480 1111 non
1498 1089 1583 1121 potest
1600 1093 1656 1112 esse
1665 1091 1703 1105 ⁵¹¹²
1744 1093 1808 1107 ewa

914 1120 988 1149 testis
1009 1120 1130 1150 idoneus.
1150 1123 1233 1150 Venit
1252 1121 1367 1151 Joannes
1387 1122 1464 1160 quasi
1483 1121 1572 1160 magni
1586 1122 1655 1161 regis
1666 1118 1737 1166 {⁰¹:3³²
1760 1124 1809 1168 ,Τι’

915 1166 1079 1199 praeparator
1100 1160 1199 1190 fidelis.
1221 1160 1317 1198 Qualis
1335 1171 1395 1197 rex,
1415 1160 1477 1189 talis
1498 1167 1524 1189 et
1544 1162 1655 1190 nuntius
1666 1153 1727 1199 οἴαξ
1758 1155 1766 1168 ¹
1783 1154 1809 1168 θ’

914 1199 985 1238 regis
998 1211 1005 1228 ε
1016 1206 1093 1228 natus
1103 1210 1138 1229 ex
1147 1200 1242 1239 gratia,
1256 1206 1309 1228 non
1322 1210 1358 1229 ex
1368 1206 1472 1229 natura.
1486 1199 1564 1230 Sicut
1575 1201 1657 1230 Chri-

913 1238 948 1266 sti
967 1239 1167 1278 conceptionem
1188 1246 1249 1268 ante
1266 1239 1377 1278 angelus
1399 1238 1549 1274 nuntiavit,
1571 1240 1609 1269 sic
1630 1247 1656 1269 et

914 1276 1003 1309 istius.
1014 1278 1090 1307 Sicut
1100 1279 1176 1308 illius
1185 1289 1292 1315 nomen,
1307 1285 1448 1317 antequam
1459 1278 1652 1318 conciperetur,

913 1316 1037 1347 auditum
1050 1324 1100 1354 est,
1113 1318 1151 1347 sic
1165 1325 1190 1347 et
1201 1318 1288 1347 istius.
1300 1319 1375 1348 Sicut
1388 1317 1463 1363 illius
1473 1325 1598 1357 potestas,
1610 1329 1655 1348 an-

914 1362 1021 1394 tequam
1034 1366 1196 1394 nasceretur‚
1207 1365 1311 1387 ostensa
1320 1364 1358 1386 est
1369 1370 1375 1386 2
1387 1368 1426 1386 sic
1436 1364 1461 1386 et
1469 1359 1546 1386 istius
1555 1358 1652 1395 virtus,

913 1403 1054 1435 antequam
1065 1397 1392 1434 nasceretur,manisestata
1402 1403 1448 1426 est.
1459 1397 1521 1426 Haec
1529 1397 1655 1427 fuitinter

914 1435 976 1464 illos
997 1435 1146 1465 differentia
1163 1450 1169 1466 :
1186 1437 1250 1475 quia
1267 1437 1374 1466 Christo
1396 1442 1522 1475 concepto
1535 1459 1542 1471 ‚
1566 1437 1655 1466 fidelis

915 1482 1000 1503 mater
1019 1477 1136 1504 consessa
1159 1483 1198 1505 est
1217 1476 1330 1515 gratiam
1352 1477 1424 1510 Deo,
1446 1475 1537 1504 dicens
1552 1487 1560 1504 t
1576 1477 1655 1505 Ecce
1666 1478 1786 1503 an.i.38.

915 1515 1028 1553 ancilla
1046 1516 1183 1549 Domini,
1191 1516 1254 1555 fiat
1274 1516 1346 1543 mihi
1361 1515 1520 1543 secundum
1535 1514 1654 1544 verbum

916 1558 996 1581 tuum
1004 1565 1018 1589 ;
1033 1555 1135 1583 Joanne
1148 1560 1237 1582 autem
1254 1560 1389 1592 concepto,
1406 1553 1561 1582 incredulus
1580 1561 1655 1589 pater

914 1591 1049 1621 obmutuit
1061 1605 1066 1620 :
1078 1593 1142 1630 quia
1156 1593 1258 1622 Joanne
1271 1599 1341 1628 nato,
1357 1592 1402 1620 lex
1415 1591 1450 1620 de
1463 1598 1556 1620 caetero
1569 1593 1655 1622 fuerat

914 1630 1041 1667 tacitura;
1065 1631 1172 1661 Christo
1201 1638 1290 1660 autem
1316 1637 1438 1660 nascente
1481 1631 1632 1661 ostmodum
1643 1655 1652 1668 ,

933 1670 997 1699 ratia
1011 1671 1096 1699 fuerat
1109 1671 1261 1710 loquutura.
1275 1671 1390 1700 Joannes
1411 1670 1457 1708 qui
1478 1681 1520 1699 em
1534 1671 1652 1710 parenti-

914 1680 966 1738 {us
977 1710 1033 1739 suis
1050 1709 1164 1739 donatus
1174 1717 1212 1739 est
1221 1721 1270 1752 pro
1280 1719 1391 1738 munere
1402 1709 1506 1748 pietatis
1519 1710 1651 1749 ipsorum,

914 1747 1008 1787 ²’quem
1018 1756 1111 1778 natura
1123 1749 1299 1789 desperabilis
1309 1749 1336 1777 in
1345 1755 1418 1778 aetate
1429 1748 1574 1788 produxit:
1585 1760 1653 1788 quo-

914 1789 986 1817 niam
1005 1796 1030 1817 et
1044 1789 1160 1818 mundus
1173 1799 1222 1829 per
1242 1795 1283 1818 tot
1302 1788 1387 1817 millia
1403 1799 1535 1817 annorum
1554 1788 1652 1818 sterilis

914 1828 1083 1863 constitutus,
1098 1828 1147 1857 illo
1161 1835 1282 1857 nascente
1303 1828 1406 1856 fructus
1414 1827 1525 1867 justitiae
1539 1834 1595 1871 erat
1608 1829 1651 1857 fa—

913 1873 1005 1896 cturus
1021 1879 1027 1895 :
1041 1878 1120 1906 quem
1132 1875 1254 1907 parentes
1264 1877 1315 1896 non
1329 1877 1364 1896 ex
1375 1878 1465 1896 amore
1474 1877 1560 1896 carnis
1571 1868 1651 1897 semi-

913 1914 1056 1943 naverunt,
1070 1907 1117 1936 sed
1130 1918 1164 1936 ex
1178 1907 1350 1936 unanimitate
1371 1913 1396 1935 et
1413 1906 1554 1936 concordia
1567 1906 1650 1936 disci-

904 1946 995 1985 'plinae
1017 1953 1171 1976 meruerunt
1186 1958 1192 1974 :
1208 1953 1282 1975 erant
1302 1945 1374 1975 enim
1394 1946 1461 1986 justi
1482 1953 1542 1975 ante
1561 1947 1649 1975 Deum

911 1985 1003 2015 ambo.
1018 1986 1073 2015 Nec
1085 1987 1157 2015 enim
1170 1985 1290 2023 decebat,
1306 1993 1335 2015 ut
1348 1996 1382 2014 ex
1394 1995 1471 2015 carne
1484 1992 1509 2014 et
1523 1985 1650 2024 sanguine

912 2032 1072 2058 nasceretur,
1088 2025 1134 2064 qui
1150 2025 1209 2054 ideo
1229 2025 1394 2060 nascebatur,
1413 2032 1443 2054 ut
1461 2025 1564 2054 Filium
1581 2025 1648 2055 Vir-

909 2064 979 2103 ginis
997 2064 1163 2104 praedicaret.
1178 2066 1250 2095 Vere
1267 2064 1337 2094 enim
1353 2064 1456 2094 deserta
1470 2071 1526 2093 erat
1542 2063 1647 2101 Judaea,

910 2113 993 2132 vacua
1006 2115 1019 2132 a
1028 2104 1144 2142 justitia,
1158 2104 1237 2144 plena
1251 2104 1375 2144 peccatis,
1389 2114 1470 2142 quam
1482 2105 1556 2133 Deus
1567 2103 1647 2143 plan—

910 2149 1021 2177 taverat,
1045 2143 1089 2172 lex
1109 2144 1276 2183 irrigaverat,
1300 2154 1392 2173 omnes
1407 2143 1542 2183 prophetae
1556 2143 1647 2172 colue—

911 2188 979 2211 rant.
994 2182 1044 2211 Illa
1066 2189 1154 2212 autem
1176 2182 1283 2211 nullum
1305 2183 1423 2212 fructum
1443 2182 1582 2222 produxit,
1597 2181 1648 2210 nisi

909 2221 999 2260 spinas
1011 2222 1181 2261 asperrimas,
1193 2222 1292 2261 quibus
1300 2233 1379 2251 suum
1388 2222 1531 2251 Dominum
1539 2231 1647 2249 corona-

909 2260 964 2289 bat.
989 2262 1098 2290 Dicens
1113 2273 1120 2290 τ
1136 2262 1344 2291 Paenitentiam
1364 2263 1448 2300 agite.
1463 2259 1604 2296 Quomodo
1619 2259 1646 2286 in

910 2299 968 2339 ipso
990 2300 1124 2340 principio
1146 2301 1304 2336 manifestat,
1319 2301 1382 2338 quia
1402 2299 1509 2342 benigni
1527 2298 1596 2342 regis
1609 2304 1647 2325 est

909 2339 1019 2369 nuntius
1035 2351 1042 2368 z
1057 2350 1110 2369 non
1128 2340 1198 2369 enim
1220 2340 1402 2379 peccatoribus
1426 2348 1509 2366 minas
1525 2336 1647 2364 intende—

909 2378 970 2414 bat,
993 2379 1040 2408 sed
1059 2387 1228 2419 peccatorum
1250 2378 1442 2416 indulgentiam
1467 2375 1646 2419 promittebat.

909 2418 1000 2447 Solent
1016 2418 1087 2448 enim
1105 2429 1179 2457 reges
1197 2424 1258 2446 nato
1279 2417 1330 2446 sibi
1344 2417 1400 2444 lilio
1412 2414 1604 2452 indulgentiam
1618 2423 1646 2442 in

909 2467 990 2497 regno
1002 2468 1050 2487 suo
1060 2457 1171 2494 donare,
1184 2456 1230 2486 sed
1244 2463 1304 2485 ante
1318 2455 1498 2484 transmittunt
1509 2452 1648 2481 acerbissi-

895 2549 1035 2582 sperabitis.
1049 2548 1207 2581 [Connmelin.
1222 2553 1248 2572 et
1260 2545 1344 2571 Mox-el.
1357 2543 1537 2578 despirubilisJ.
