<?xml version="1.0" encoding="UTF-8"?>
<!DOCTYPE html PUBLIC "-//W3C//DTD XHTML 1.0 Transitional//EN"
    "http://www.w3.org/TR/xhtml1/DTD/xhtml1-transitional.dtd">
<html xmlns="http://www.w3.org/1999/xhtml" xml:lang="en" lang="en">
 <head>
  <title>
</title>
<meta http-equiv="Content-Type" content="text/html;charset=utf-8" />
  <meta name='ocr-system' content='tesseract 3.04.00' />
  <meta name='ocr-capabilities' content='ocr_page ocr_carea ocr_par ocr_line ocrx_word'/>
</head>
<body>
  <div class='ocr_page' id='page_1' title='image "./operaomniaquaeex06johnuoft_0418.png"; bbox 0 0 1890 2826; ppageno 0'>
   <div class='ocr_carea' id='block_1_1' title="bbox 264 214 336 257">
    <p class='ocr_par' dir='ltr' id='par_1_1' title="bbox 264 214 336 257">
     <span class='ocr_line' id='line_1_1' title="bbox 264 214 336 257; baseline 0.014 -12"><span class='ocrx_word' id='word_1_1' title='bbox 264 214 336 257; x_wconf 79' lang='lat'>402</span> 
     </span>
    </p>
   </div>
   <div class='ocr_carea' id='block_1_2' title="bbox 263 280 1008 598">
    <p class='ocr_par' dir='ltr' id='par_1_2' title="bbox 263 280 1008 598">
     <span class='ocr_line' id='line_1_2' title="bbox 263 280 1006 323; baseline -0.004 -10"><span class='ocrx_word' id='word_1_2' title='bbox 263 284 377 313; x_wconf 87' lang='lat' dir='ltr'>domum</span> <span class='ocrx_word' id='word_1_3' title='bbox 398 282 483 323; x_wconf 85' lang='lat' dir='ltr'>patris</span> <span class='ocrx_word' id='word_1_4' title='bbox 498 281 553 318; x_wconf 87' lang='lat' dir='ltr'>sui,</span> <span class='ocrx_word' id='word_1_5' title='bbox 572 281 708 321; x_wconf 79' lang='lat' dir='ltr'>profectus</span> <span class='ocrx_word' id='word_1_6' title='bbox 729 288 769 311; x_wconf 84' lang='lat' dir='ltr'>est</span> <span class='ocrx_word' id='word_1_7' title='bbox 781 287 811 311; x_wconf 83' lang='lat' dir='ltr'>ut</span> <span class='ocrx_word' id='word_1_8' title='bbox 823 280 900 310; x_wconf 89' lang='lat' dir='ltr'>illam</span> <span class='ocrx_word' id='word_1_9' title='bbox 916 291 1006 310; x_wconf 84' lang='lat' dir='ltr'>secum</span> 
     </span>
     <span class='ocr_line' id='line_1_3' title="bbox 263 327 1006 367; baseline -0.005 -7"><span class='ocrx_word' id='word_1_10' title='bbox 263 330 402 360; x_wconf 76' lang='lat' dir='ltr'>reduceret</span> <span class='ocrx_word' id='word_1_11' title='bbox 408 340 416 367; x_wconf 65' lang='grc' dir='ltr'>ς</span> <span class='ocrx_word' id='word_1_12' title='bbox 431 339 493 358; x_wconf 89' lang='lat' dir='ltr'>cnm</span> <span class='ocrx_word' id='word_1_13' title='bbox 503 334 610 367; x_wconf 85' lang='lat' dir='ltr'>accepta</span> <span class='ocrx_word' id='word_1_14' title='bbox 618 327 664 357; x_wconf 86' lang='lat' dir='ltr'>illa</span> <span class='ocrx_word' id='word_1_15' title='bbox 675 327 784 364; x_wconf 82' lang='lat' dir='ltr'>rediret,</span> <span class='ocrx_word' id='word_1_16' title='bbox 795 327 898 366; x_wconf 87' lang='lat' dir='ltr'>iterque</span> <span class='ocrx_word' id='word_1_17' title='bbox 907 333 1006 366; x_wconf 83' lang='lat' dir='ltr'>ageret,</span> 
     </span>
     <span class='ocr_line' id='line_1_4' title="bbox 263 373 1007 414; baseline -0.005 -8"><span class='ocrx_word' id='word_1_18' title='bbox 263 376 376 406; x_wconf 79' lang='lat' dir='ltr'>divertit</span> <span class='ocrx_word' id='word_1_19' title='bbox 395 376 423 404; x_wconf 92' lang='lat' dir='ltr'>in</span> <span class='ocrx_word' id='word_1_20' title='bbox 438 375 531 405; x_wconf 78' lang='lat' dir='ltr'>Gabaa</span> <span class='ocrx_word' id='word_1_21' title='bbox 552 373 703 414; x_wconf 82' lang='lat' dir='ltr'>Benjamin,</span> <span class='ocrx_word' id='word_1_22' title='bbox 718 373 792 414; x_wconf 78' lang='lat' dir='ltr'>apud</span> <span class='ocrx_word' id='word_1_23' title='bbox 810 384 899 403; x_wconf 86' lang='lat' dir='ltr'>senem</span> <span class='ocrx_word' id='word_1_24' title='bbox 910 383 1007 412; x_wconf 89' lang='lat' dir='ltr'>quem-</span> 
     </span>
     <span class='ocr_line' id='line_1_5' title="bbox 263 418 1006 459; baseline -0.007 -7"><span class='ocrx_word' id='word_1_25' title='bbox 263 422 338 453; x_wconf 87' lang='lat' dir='ltr'>dam.</span> <span class='ocrx_word' id='word_1_26' title='bbox 352 422 407 459; x_wconf 90' lang='lat' dir='ltr'>Qui</span> <span class='ocrx_word' id='word_1_27' title='bbox 420 421 448 450; x_wconf 89' lang='lat' dir='ltr'>in</span> <span class='ocrx_word' id='word_1_28' title='bbox 472 421 566 451; x_wconf 79' lang='lat' dir='ltr'>Gabaa</span> <span class='ocrx_word' id='word_1_29' title='bbox 579 427 654 450; x_wconf 86' lang='lat' dir='ltr'>erant</span> <span class='ocrx_word' id='word_1_30' title='bbox 666 419 862 450; x_wconf 77' lang='lat' dir='ltr'>circumdantes</span> <span class='ocrx_word' id='word_1_31' title='bbox 883 418 1006 458; x_wconf 82' lang='lat' dir='ltr'>domum,</span> 
     </span>
     <span class='ocr_line' id='line_1_6' title="bbox 263 460 1006 508; baseline -0.004 -11"><span class='ocrx_word' id='word_1_32' title='bbox 263 468 390 508; x_wconf 86' lang='lat' dir='ltr'>petebant</span> <span class='ocrx_word' id='word_1_33' title='bbox 402 466 535 506; x_wconf 74' lang='lat' dir='ltr'>hospitem</span> <span class='ocrx_word' id='word_1_34' title='bbox 544 489 553 503; x_wconf 90' lang='lat'>,</span> <span class='ocrx_word' id='word_1_35' title='bbox 569 473 599 495; x_wconf 89' lang='lat' dir='ltr'>ut</span> <span class='ocrx_word' id='word_1_36' title='bbox 605 466 792 496; x_wconf 89' lang='lat' dir='ltr'>contumeliam</span> <span class='ocrx_word' id='word_1_37' title='bbox 804 465 856 506; x_wconf 85' lang='lat' dir='ltr'>ipsi</span> <span class='ocrx_word' id='word_1_38' title='bbox 868 460 1006 494; x_wconf 78' lang='lat' dir='ltr'>inferrent.</span> 
     </span>
     <span class='ocr_line' id='line_1_7' title="bbox 264 511 1007 553; baseline -0.005 -10"><span class='ocrx_word' id='word_1_39' title='bbox 264 515 352 544; x_wconf 81' lang='lat' dir='ltr'><strong>Senex</strong></span> <span class='ocrx_word' id='word_1_40' title='bbox 362 519 471 553; x_wconf 86' lang='lat' dir='ltr'>paratus</span> <span class='ocrx_word' id='word_1_41' title='bbox 481 519 537 551; x_wconf 80' lang='lat' dir='ltr'>erat</span> <span class='ocrx_word' id='word_1_42' title='bbox 546 512 612 552; x_wconf 83' lang='lat' dir='ltr'>ipsis</span> <span class='ocrx_word' id='word_1_43' title='bbox 620 511 726 542; x_wconf 76' lang='lat' dir='ltr'>tradere</span> <span class='ocrx_word' id='word_1_44' title='bbox 737 511 823 541; x_wconf 85' lang='lat' dir='ltr'>filiam</span> <span class='ocrx_word' id='word_1_45' title='bbox 836 521 913 540; x_wconf 83' lang='lat' dir='ltr'>suam</span> <span class='ocrx_word' id='word_1_46' title='bbox 921 511 1007 550; x_wconf 84' lang='lat' dir='ltr'>virgi-</span> 
     </span>
     <span class='ocr_line' id='line_1_8' title="bbox 265 557 1008 598; baseline -0.005 -9"><span class='ocrx_word' id='word_1_47' title='bbox 265 570 337 589; x_wconf 84' lang='lat' dir='ltr'>nem.</span> <span class='ocrx_word' id='word_1_48' title='bbox 349 559 396 589; x_wconf 88' lang='lat' dir='ltr'>Illi</span> <span class='ocrx_word' id='word_1_49' title='bbox 408 565 515 598; x_wconf 78' lang='lat' dir='ltr'>accepta</span> <span class='ocrx_word' id='word_1_50' title='bbox 529 557 694 595; x_wconf 79' lang='lat' dir='ltr'>concubina,</span> <span class='ocrx_word' id='word_1_51' title='bbox 711 557 856 597; x_wconf 82' lang='lat' dir='ltr'>illuserunt</span> <span class='ocrx_word' id='word_1_52' title='bbox 869 557 892 585; x_wconf 86' lang='lat' dir='ltr'>ei</span> <span class='ocrx_word' id='word_1_53' title='bbox 908 567 956 596; x_wconf 87' lang='lat' dir='ltr'>per</span> <span class='ocrx_word' id='word_1_54' title='bbox 966 562 1008 585; x_wconf 87' lang='lat' dir='ltr'>to-</span> 
     </span>
    </p>
   </div>
   <div class='ocr_carea' id='block_1_3' title="bbox 607 201 1487 243">
    <p class='ocr_par' dir='ltr' id='par_1_3' title="bbox 607 201 1487 243">
     <span class='ocr_line' id='line_1_9' title="bbox 607 201 1487 243; baseline -0.005 0"><span class='ocrx_word' id='word_1_55' title='bbox 607 219 638 243; x_wconf 83' lang='lat' dir='ltr'>S.</span> <span class='ocrx_word' id='word_1_56' title='bbox 664 219 800 243; x_wconf 73' lang='lat' dir='ltr'><strong>JOANMS</strong></span> <span class='ocrx_word' id='word_1_57' title='bbox 825 219 1008 243; x_wconf 75' lang='lat' dir='ltr'>cnRYSOST.</span> <span class='ocrx_word' id='word_1_58' title='bbox 1037 218 1192 242; x_wconf 67' lang='lat' dir='ltr'>ARcumP.</span> <span class='ocrx_word' id='word_1_59' title='bbox 1219 201 1487 240; x_wconf 55' lang='lat' dir='ltr'>CONSTAN&#39;HROP.</span> 
     </span>
    </p>
   </div>
   <div class='ocr_carea' id='block_1_4' title="bbox 1061 277 1835 596">
    <p class='ocr_par' dir='ltr' id='par_1_4' title="bbox 1061 277 1835 596">
     <span class='ocr_line' id='line_1_10' title="bbox 1063 277 1833 319; baseline -0.001 -10"><span class='ocrx_word' id='word_1_60' title='bbox 1063 279 1169 314; x_wconf 79' lang='grc' dir='ltr'>σθείσης</span> <span class='ocrx_word' id='word_1_61' title='bbox 1190 280 1262 319; x_wconf 77' lang='grc' dir='ltr'>αὐτῷ</span> <span class='ocrx_word' id='word_1_62' title='bbox 1280 279 1329 314; x_wconf 77' lang='grc' dir='ltr'>τῆς</span> <span class='ocrx_word' id='word_1_63' title='bbox 1347 279 1488 318; x_wconf 61' lang='grc' dir='ltr'>παλλακῆς</span> <span class='ocrx_word' id='word_1_64' title='bbox 1500 279 1598 313; x_wconf 78' lang='grc' dir='ltr'>αὐτοῦ,</span> <span class='ocrx_word' id='word_1_65' title='bbox 1611 277 1656 308; x_wconf 73' lang='grc' dir='ltr'>καὶ</span> <span class='ocrx_word' id='word_1_66' title='bbox 1669 277 1833 314; x_wconf 80' lang='grc' dir='ltr'>ἀπελθούσης</span> 
     </span>
     <span class='ocr_line' id='line_1_11' title="bbox 1062 321 1832 365; baseline -0.001 -10"><span class='ocrx_word' id='word_1_67' title='bbox 1062 328 1099 359; x_wconf 86' lang='grc' dir='ltr'>εἷς</span> <span class='ocrx_word' id='word_1_68' title='bbox 1111 326 1156 355; x_wconf 80' lang='grc' dir='ltr'>τὸν</span> <span class='ocrx_word' id='word_1_69' title='bbox 1177 321 1247 355; x_wconf 69' lang='grc' dir='ltr'>οἷκον</span> <span class='ocrx_word' id='word_1_70' title='bbox 1261 328 1306 355; x_wconf 81' lang='grc' dir='ltr'>τοῦ</span> <span class='ocrx_word' id='word_1_71' title='bbox 1321 326 1420 365; x_wconf 80' lang='grc' dir='ltr'>πατρὸς</span> <span class='ocrx_word' id='word_1_72' title='bbox 1441 327 1524 361; x_wconf 77' lang='grc' dir='ltr'>αὐτῆς</span> <span class='ocrx_word' id='word_1_73' title='bbox 1534 349 1543 361; x_wconf 82' lang='grc'>,</span> <span class='ocrx_word' id='word_1_74' title='bbox 1561 325 1642 365; x_wconf 82' lang='grc' dir='ltr'>ἀπῄει</span> <span class='ocrx_word' id='word_1_75' title='bbox 1661 325 1832 359; x_wconf 64' lang='grc' dir='ltr'>’καταλέξων</span> 
     </span>
     <span class='ocr_line' id='line_1_12' title="bbox 1062 371 1832 411; baseline 0 -10"><span class='ocrx_word' id='word_1_76' title='bbox 1062 372 1144 408; x_wconf 82' lang='grc' dir='ltr'>αὐτὴν</span> <span class='ocrx_word' id='word_1_77' title='bbox 1163 374 1263 410; x_wconf 83' lang='grc' dir='ltr'>ἑαυτῷ·</span> <span class='ocrx_word' id='word_1_78' title='bbox 1279 372 1325 401; x_wconf 81' lang='grc' dir='ltr'>καὶ</span> <span class='ocrx_word' id='word_1_79' title='bbox 1345 371 1435 402; x_wconf 78' lang='grc' dir='ltr'>λαὸὼν</span> <span class='ocrx_word' id='word_1_80' title='bbox 1449 371 1530 408; x_wconf 82' lang='grc' dir='ltr'>αὐτὴν</span> <span class='ocrx_word' id='word_1_81' title='bbox 1545 373 1704 408; x_wconf 72' lang='grc' dir='ltr'>ἐπανῆλθεν·</span> <span class='ocrx_word' id='word_1_82' title='bbox 1718 374 1746 401; x_wconf 81' lang='grc' dir='ltr'>ἐν</span> <span class='ocrx_word' id='word_1_83' title='bbox 1759 372 1787 401; x_wconf 78' lang='grc' dir='ltr'>δὲ</span> <span class='ocrx_word' id='word_1_84' title='bbox 1799 374 1832 411; x_wconf 76' lang='grc' dir='ltr'>τῇ</span> 
     </span>
     <span class='ocr_line' id='line_1_13' title="bbox 1061 416 1835 458; baseline -0.001 -11"><span class='ocrx_word' id='word_1_85' title='bbox 1061 419 1113 458; x_wconf 83' lang='grc' dir='ltr'>ὁδῷ</span> <span class='ocrx_word' id='word_1_86' title='bbox 1136 417 1280 448; x_wconf 77' lang='grc' dir='ltr'>κατέλυσεν</span> <span class='ocrx_word' id='word_1_87' title='bbox 1301 419 1338 452; x_wconf 80' lang='grc' dir='ltr'>εἰς</span> <span class='ocrx_word' id='word_1_88' title='bbox 1356 417 1452 448; x_wconf 74' lang='grc' dir='ltr'>Γαὸαὰ</span> <span class='ocrx_word' id='word_1_89' title='bbox 1472 416 1522 454; x_wconf 50' lang='grc' dir='ltr'>τὴῖι</span> <span class='ocrx_word' id='word_1_90' title='bbox 1541 418 1668 457; x_wconf 69' lang='grc' dir='ltr'>Βενιαμὶν</span> <span class='ocrx_word' id='word_1_91' title='bbox 1688 418 1762 458; x_wconf 85' lang='grc' dir='ltr'>παρά</span> <span class='ocrx_word' id='word_1_92' title='bbox 1782 429 1835 447; x_wconf 82' lang='grc' dir='ltr'>τινι</span> 
     </span>
     <span class='ocr_line' id='line_1_14' title="bbox 1061 463 1834 504; baseline -0.001 -11"><span class='ocrx_word' id='word_1_93' title='bbox 1061 464 1209 503; x_wconf 66' lang='grc' dir='ltr'>πρεσςύτῃ.</span> <span class='ocrx_word' id='word_1_94' title='bbox 1223 465 1259 494; x_wconf 74' lang='grc' dir='ltr'>Οἱ</span> <span class='ocrx_word' id='word_1_95' title='bbox 1275 463 1303 493; x_wconf 75' lang='grc' dir='ltr'>δὲ</span> <span class='ocrx_word' id='word_1_96' title='bbox 1314 465 1342 493; x_wconf 74' lang='grc' dir='ltr'>ἐν</span> <span class='ocrx_word' id='word_1_97' title='bbox 1355 466 1390 503; x_wconf 78' lang='grc' dir='ltr'>τῇ</span> <span class='ocrx_word' id='word_1_98' title='bbox 1400 463 1496 494; x_wconf 65' lang='lat' dir='ltr'>raca&amp;</span> <span class='ocrx_word' id='word_1_99' title='bbox 1507 463 1678 504; x_wconf 70' lang='grc' dir='ltr'>περιστάντες</span> <span class='ocrx_word' id='word_1_100' title='bbox 1688 463 1738 499; x_wconf 77' lang='grc' dir='ltr'>τὴν</span> <span class='ocrx_word' id='word_1_101' title='bbox 1748 463 1834 493; x_wconf 85' lang='grc' dir='ltr'>οἰκίαν</span> 
     </span>
     <span class='ocr_line' id='line_1_15' title="bbox 1062 509 1834 550; baseline 0 -11"><span class='ocrx_word' id='word_1_102' title='bbox 1062 510 1175 546; x_wconf 83' lang='grc' dir='ltr'>ἐκείνην,</span> <span class='ocrx_word' id='word_1_103' title='bbox 1189 510 1297 546; x_wconf 77' lang='grc' dir='ltr'>ἐζήτουν</span> <span class='ocrx_word' id='word_1_104' title='bbox 1309 509 1354 539; x_wconf 83' lang='grc' dir='ltr'>τὸν</span> <span class='ocrx_word' id='word_1_105' title='bbox 1367 510 1448 546; x_wconf 70' lang='grc' dir='ltr'>ξένον,</span> <span class='ocrx_word' id='word_1_106' title='bbox 1457 510 1500 539; x_wconf 80' lang='grc' dir='ltr'>ἵνα</span> <span class='ocrx_word' id='word_1_107' title='bbox 1513 509 1684 550; x_wconf 73' lang='grc' dir='ltr'>ἐξυὸρίσωσιν</span> <span class='ocrx_word' id='word_1_108' title='bbox 1698 511 1735 543; x_wconf 82' lang='grc' dir='ltr'>εἰς</span> <span class='ocrx_word' id='word_1_109' title='bbox 1747 509 1834 539; x_wconf 72' lang='grc' dir='ltr'>αὐτόν.</span> 
     </span>
     <span class='ocr_line' id='line_1_16' title="bbox 1061 552 1835 596; baseline -0.003 -10"><span class='ocrx_word' id='word_1_110' title='bbox 1061 556 1096 586; x_wconf 87' lang='grc' dir='ltr'>Ὁ</span> <span class='ocrx_word' id='word_1_111' title='bbox 1111 555 1262 595; x_wconf 76' lang='grc' dir='ltr'>πρεσὸύτης</span> <span class='ocrx_word' id='word_1_112' title='bbox 1275 555 1379 594; x_wconf 70' lang='grc' dir='ltr'>ἕτοιμος</span> <span class='ocrx_word' id='word_1_113' title='bbox 1392 552 1424 592; x_wconf 70' lang='grc' dir='ltr'>ἦν</span> <span class='ocrx_word' id='word_1_114' title='bbox 1438 555 1487 591; x_wconf 78' lang='grc' dir='ltr'>τὴν</span> <span class='ocrx_word' id='word_1_115' title='bbox 1504 556 1634 596; x_wconf 79' lang='grc' dir='ltr'>θυγατέρα</span> <span class='ocrx_word' id='word_1_116' title='bbox 1652 557 1732 585; x_wconf 81' lang='grc' dir='ltr'>αὐτοῦ</span> <span class='ocrx_word' id='word_1_117' title='bbox 1747 556 1835 584; x_wconf 55' lang='grc' dir='ltr'>Μναι</span> 
     </span>
    </p>
   </div>
   <div class='ocr_carea' id='block_1_5' title="bbox 264 601 1834 644">
    <p class='ocr_par' dir='ltr' id='par_1_5' title="bbox 264 601 1834 644">
     <span class='ocr_line' id='line_1_17' title="bbox 264 601 1834 644; baseline -0.003 -9"><span class='ocrx_word' id='word_1_118' title='bbox 264 612 320 635; x_wconf 86' lang='lat' dir='ltr'>tam</span> <span class='ocrx_word' id='word_1_119' title='bbox 331 611 446 634; x_wconf 84' lang='lat' dir='ltr'>noctem.</span> <span class='ocrx_word' id='word_1_120' title='bbox 457 607 605 644; x_wconf 83' lang='lat' dir='ltr'>Appeteute</span> <span class='ocrx_word' id='word_1_121' title='bbox 614 603 684 640; x_wconf 73' lang='lat' dir='ltr'>lnce,</span> <span class='ocrx_word' id='word_1_122' title='bbox 693 603 742 633; x_wconf 86' lang='lat' dir='ltr'>illa</span> <span class='ocrx_word' id='word_1_123' title='bbox 750 602 860 632; x_wconf 85' lang='lat' dir='ltr'>dimissa</span> <span class='ocrx_word' id='word_1_124' title='bbox 873 602 1007 631; x_wconf 88' lang='lat' dir='ltr'>abierunt.</span> <span class='ocrx_word' id='word_1_125' title='bbox 1027 610 1045 634; x_wconf 83' lang='grc' dir='ltr'>Β</span> <span class='ocrx_word' id='word_1_126' title='bbox 1063 603 1150 635; x_wconf 81' lang='grc' dir='ltr'>αὐτοῖς</span> <span class='ocrx_word' id='word_1_127' title='bbox 1162 601 1211 638; x_wconf 78' lang='grc' dir='ltr'>τὴν</span> <span class='ocrx_word' id='word_1_128' title='bbox 1225 602 1363 642; x_wconf 80' lang='grc' dir='ltr'>παρθένον.</span> <span class='ocrx_word' id='word_1_129' title='bbox 1377 604 1414 632; x_wconf 80' lang='grc' dir='ltr'>Οἱ</span> <span class='ocrx_word' id='word_1_130' title='bbox 1426 602 1454 632; x_wconf 83' lang='grc' dir='ltr'>δὲ</span> <span class='ocrx_word' id='word_1_131' title='bbox 1474 602 1600 635; x_wconf 67' lang='grc' dir='ltr'>λαθόντες</span> <span class='ocrx_word' id='word_1_132' title='bbox 1618 601 1666 638; x_wconf 78' lang='grc' dir='ltr'>τὴν</span> <span class='ocrx_word' id='word_1_133' title='bbox 1684 601 1834 638; x_wconf 77' lang='grc' dir='ltr'>παλλακὴν,</span> 
     </span>
    </p>
   </div>
   <div class='ocr_carea' id='block_1_6' title="bbox 264 648 1011 1061">
    <p class='ocr_par' dir='ltr' id='par_1_6' title="bbox 264 648 1011 1061">
     <span class='ocr_line' id='line_1_18' title="bbox 264 648 1007 686; baseline -0.005 -5"><span class='ocrx_word' id='word_1_134' title='bbox 264 652 316 682; x_wconf 83' lang='grc'><strong>1113</strong></span> <span class='ocrx_word' id='word_1_135' title='bbox 325 662 390 681; x_wconf 88' lang='lat' dir='ltr'>vero</span> <span class='ocrx_word' id='word_1_136' title='bbox 401 662 436 681; x_wconf 77' lang='lat' dir='ltr'>ex</span> <span class='ocrx_word' id='word_1_137' title='bbox 445 650 555 681; x_wconf 78' lang='lat' dir='ltr'>inducta</span> <span class='ocrx_word' id='word_1_138' title='bbox 565 650 618 680; x_wconf 89' lang='lat' dir='ltr'>sibi</span> <span class='ocrx_word' id='word_1_139' title='bbox 627 650 759 686; x_wconf 74' lang='lat' dir='ltr'>molestia,</span> <span class='ocrx_word' id='word_1_140' title='bbox 769 660 832 679; x_wconf 85' lang='lat' dir='ltr'>eum</span> <span class='ocrx_word' id='word_1_141' title='bbox 841 648 877 678; x_wconf 86' lang='lat' dir='ltr'>ad</span> <span class='ocrx_word' id='word_1_142' title='bbox 884 648 1007 686; x_wconf 87' lang='lat' dir='ltr'>domum,</span> 
     </span>
     <span class='ocr_line' id='line_1_19' title="bbox 265 695 1007 738; baseline -0.004 -11"><span class='ocrx_word' id='word_1_143' title='bbox 265 709 320 736; x_wconf 89' lang='lat' dir='ltr'>quo</span> <span class='ocrx_word' id='word_1_144' title='bbox 339 697 485 728; x_wconf 68' lang='lat' dir='ltr'><strong>diverterat</strong></span> <span class='ocrx_word' id='word_1_145' title='bbox 501 697 545 728; x_wconf 85' lang='lat' dir='ltr'>vir</span> <span class='ocrx_word' id='word_1_146' title='bbox 561 698 630 738; x_wconf 78' lang='lat' dir='ltr'>ejuS,</span> <span class='ocrx_word' id='word_1_147' title='bbox 652 696 825 737; x_wconf 82' lang='lat' dir='ltr'>pervenisset,</span> <span class='ocrx_word' id='word_1_148' title='bbox 849 695 1007 736; x_wconf 79' lang='lat' dir='ltr'><strong>exspiravit.</strong></span> 
     </span>
     <span class='ocr_line' id='line_1_20' title="bbox 265 740 1011 783; baseline -0.004 -10"><span class='ocrx_word' id='word_1_149' title='bbox 265 744 316 773; x_wconf 85' lang='lat' dir='ltr'>llle</span> <span class='ocrx_word' id='word_1_150' title='bbox 339 754 471 783; x_wconf 74' lang='lat' dir='ltr'>egressus,</span> <span class='ocrx_word' id='word_1_151' title='bbox 486 753 548 773; x_wconf 78' lang='lat' dir='ltr'>oum</span> <span class='ocrx_word' id='word_1_152' title='bbox 567 749 703 772; x_wconf 78' lang='lat' dir='ltr'>moi-tuam</span> <span class='ocrx_word' id='word_1_153' title='bbox 721 741 876 778; x_wconf 88' lang='lat' dir='ltr'>invenisset,</span> <span class='ocrx_word' id='word_1_154' title='bbox 895 740 1011 772; x_wconf 81' lang='lat' dir='ltr'>cadaver</span> 
     </span>
     <span class='ocr_line' id='line_1_21' title="bbox 265 788 1010 830; baseline -0.003 -10"><span class='ocrx_word' id='word_1_155' title='bbox 265 790 292 819; x_wconf 94' lang='lat' dir='ltr'>in</span> <span class='ocrx_word' id='word_1_156' title='bbox 307 790 451 820; x_wconf 81' lang='lat' dir='ltr'><strong>duodecim</strong></span> <span class='ocrx_word' id='word_1_157' title='bbox 458 797 546 830; x_wconf 82' lang='lat' dir='ltr'>partes</span> <span class='ocrx_word' id='word_1_158' title='bbox 553 790 659 826; x_wconf 80' lang='lat' dir='ltr'>divisit,</span> <span class='ocrx_word' id='word_1_159' title='bbox 667 789 794 829; x_wconf 83' lang='lat' dir='ltr'><strong>misitque</strong></span> <span class='ocrx_word' id='word_1_160' title='bbox 803 788 947 819; x_wconf 80' lang='lat' dir='ltr'>duodecim</span> <span class='ocrx_word' id='word_1_161' title='bbox 956 788 1010 818; x_wconf 85' lang='lat' dir='ltr'>tri-</span> 
     </span>
     <span class='ocr_line' id='line_1_22' title="bbox 264 835 1009 877; baseline -0.003 -11"><span class='ocrx_word' id='word_1_162' title='bbox 264 837 366 866; x_wconf 84' lang='lat' dir='ltr'>bubus.</span> <span class='ocrx_word' id='word_1_163' title='bbox 383 838 497 867; x_wconf 83' lang='lat' dir='ltr'>Faetum</span> <span class='ocrx_word' id='word_1_164' title='bbox 510 836 620 877; x_wconf 87' lang='lat' dir='ltr'>indigne</span> <span class='ocrx_word' id='word_1_165' title='bbox 640 836 762 867; x_wconf 75' lang='lat' dir='ltr'>tulerunt</span> <span class='ocrx_word' id='word_1_166' title='bbox 773 835 913 872; x_wconf 67' lang='lat' dir='ltr'>Israelitae,</span> <span class='ocrx_word' id='word_1_167' title='bbox 929 842 954 864; x_wconf 86' lang='lat' dir='ltr'>et</span> <span class='ocrx_word' id='word_1_168' title='bbox 964 846 1009 864; x_wconf 87' lang='lat' dir='ltr'>ar··</span> 
     </span>
     <span class='ocr_line' id='line_1_23' title="bbox 264 876 1009 925; baseline -0.005 -10"><span class='ocrx_word' id='word_1_169' title='bbox 264 885 330 915; x_wconf 84' lang='lat' dir='ltr'>mati</span> <span class='ocrx_word' id='word_1_170' title='bbox 338 885 462 925; x_wconf 79' lang='lat' dir='ltr'>petebant</span> <span class='ocrx_word' id='word_1_171' title='bbox 468 895 513 914; x_wconf 86' lang='lat' dir='ltr'>eos</span> <span class='ocrx_word' id='word_1_172' title='bbox 518 885 564 924; x_wconf 86' lang='lat' dir='ltr'>qui</span> <span class='ocrx_word' id='word_1_173' title='bbox 571 883 680 914; x_wconf 89' lang='lat' dir='ltr'>mulieri</span> <span class='ocrx_word' id='word_1_174' title='bbox 687 883 877 913; x_wconf 87' lang='lat' dir='ltr'>contumeliam</span> <span class='ocrx_word' id='word_1_175' title='bbox 882 876 1009 912; x_wconf 68' lang='lat' dir='ltr'>fecerant.</span> 
     </span>
     <span class='ocr_line' id='line_1_24' title="bbox 264 929 1011 971; baseline -0.005 -9"><span class='ocrx_word' id='word_1_176' title='bbox 264 933 303 962; x_wconf 88' lang='lat' dir='ltr'>Ut</span> <span class='ocrx_word' id='word_1_177' title='bbox 315 938 404 962; x_wconf 82' lang='lat' dir='ltr'>autem</span> <span class='ocrx_word' id='word_1_178' title='bbox 416 931 570 971; x_wconf 76' lang='lat' dir='ltr'>Benjainitae</span> <span class='ocrx_word' id='word_1_179' title='bbox 587 930 649 959; x_wconf 86' lang='lat' dir='ltr'>illos</span> <span class='ocrx_word' id='word_1_180' title='bbox 664 930 768 959; x_wconf 82' lang='lat' dir='ltr'>tradere</span> <span class='ocrx_word' id='word_1_181' title='bbox 779 936 935 966; x_wconf 85' lang='lat' dir='ltr'>renuerunt,</span> <span class='ocrx_word' id='word_1_182' title='bbox 952 929 1011 958; x_wconf 83' lang='lat' dir='ltr'>bet-</span> 
     </span>
     <span class='ocr_line' id='line_1_25' title="bbox 265 975 1010 1016; baseline -0.003 -10"><span class='ocrx_word' id='word_1_183' title='bbox 265 977 323 1006; x_wconf 90' lang='lat' dir='ltr'>lum</span> <span class='ocrx_word' id='word_1_184' title='bbox 341 983 493 1006; x_wconf 85' lang='lat' dir='ltr'>moverunt.</span> <span class='ocrx_word' id='word_1_185' title='bbox 509 977 545 1006; x_wconf 83' lang='lat' dir='ltr'>Et</span> <span class='ocrx_word' id='word_1_186' title='bbox 565 976 654 1016; x_wconf 88' lang='lat' dir='ltr'>primo</span> <span class='ocrx_word' id='word_1_187' title='bbox 667 975 732 1005; x_wconf 83' lang='lat' dir='ltr'>victi</span> <span class='ocrx_word' id='word_1_188' title='bbox 746 982 821 1012; x_wconf 84' lang='lat' dir='ltr'>sunt,</span> <span class='ocrx_word' id='word_1_189' title='bbox 842 975 959 1004; x_wconf 86' lang='lat' dir='ltr'>secundo</span> <span class='ocrx_word' id='word_1_190' title='bbox 973 975 1010 1004; x_wconf 88' lang='lat' dir='ltr'>si—</span> 
     </span>
     <span class='ocr_line' id='line_1_26' title="bbox 266 1021 1011 1061; baseline -0.003 -9"><span class='ocrx_word' id='word_1_191' title='bbox 266 1023 366 1053; x_wconf 88' lang='lat' dir='ltr'>militer</span> <span class='ocrx_word' id='word_1_192' title='bbox 380 1023 427 1052; x_wconf 85' lang='lat' dir='ltr'>:in</span> <span class='ocrx_word' id='word_1_193' title='bbox 447 1023 526 1052; x_wconf 86' lang='lat' dir='ltr'>tertio</span> <span class='ocrx_word' id='word_1_194' title='bbox 544 1029 634 1052; x_wconf 87' lang='lat' dir='ltr'>autem</span> <span class='ocrx_word' id='word_1_195' title='bbox 654 1032 798 1061; x_wconf 74' lang='lat' dir='ltr'>congressu</span> <span class='ocrx_word' id='word_1_196' title='bbox 812 1028 894 1050; x_wconf 80' lang='lat' dir='ltr'>totam</span> <span class='ocrx_word' id='word_1_197' title='bbox 909 1021 1011 1050; x_wconf 84' lang='lat' dir='ltr'>tribum</span> 
     </span>
    </p>
   </div>
   <div class='ocr_carea' id='block_1_7' title="bbox 266 1066 1030 1110">
    <p class='ocr_par' dir='ltr' id='par_1_7' title="bbox 266 1066 1030 1110">
     <span class='ocr_line' id='line_1_27' title="bbox 266 1066 1030 1110; baseline -0.005 -11"><span class='ocrx_word' id='word_1_198' title='bbox 266 1069 407 1110; x_wconf 83' lang='lat' dir='ltr'>Benjamin</span> <span class='ocrx_word' id='word_1_199' title='bbox 437 1076 638 1110; x_wconf 86' lang='lat' dir='ltr'>percusserunt,</span> <span class='ocrx_word' id='word_1_200' title='bbox 663 1075 759 1109; x_wconf 82' lang='lat' dir='ltr'>praeter</span> <span class='ocrx_word' id='word_1_201' title='bbox 787 1073 937 1105; x_wconf 81' lang='lat' dir='ltr'>sexcentos,</span> <span class='ocrx_word' id='word_1_202' title='bbox 965 1066 1030 1106; x_wconf 90' lang='lat' dir='ltr'>qui&#39;</span> 
     </span>
    </p>
   </div>
   <div class='ocr_carea' id='block_1_8' title="bbox 265 1113 1013 1524">
    <p class='ocr_par' dir='ltr' id='par_1_8' title="bbox 265 1113 1013 1524">
     <span class='ocr_line' id='line_1_28' title="bbox 266 1113 1013 1155; baseline -0.003 -11"><span class='ocrx_word' id='word_1_203' title='bbox 266 1116 434 1155; x_wconf 79' lang='lat' dir='ltr'><strong>aufugerant.</strong></span> <span class='ocrx_word' id='word_1_204' title='bbox 456 1115 527 1145; x_wconf 87' lang='lat' dir='ltr'>Cum</span> <span class='ocrx_word' id='word_1_205' title='bbox 550 1121 639 1144; x_wconf 87' lang='lat' dir='ltr'>autem</span> <span class='ocrx_word' id='word_1_206' title='bbox 651 1113 805 1154; x_wconf 87' lang='lat' dir='ltr'>periculum</span> <span class='ocrx_word' id='word_1_207' title='bbox 825 1120 940 1142; x_wconf 77' lang='lat' dir='ltr'>essetne</span> <span class='ocrx_word' id='word_1_208' title='bbox 957 1120 1013 1142; x_wconf 87' lang='lat' dir='ltr'>tota</span> 
     </span>
     <span class='ocr_line' id='line_1_29' title="bbox 266 1159 1009 1201; baseline -0.005 -9"><span class='ocrx_word' id='word_1_209' title='bbox 266 1162 353 1193; x_wconf 80' lang='lat' dir='ltr'>tribus</span> <span class='ocrx_word' id='word_1_210' title='bbox 366 1162 466 1201; x_wconf 82' lang='lat' dir='ltr'>periret</span> <span class='ocrx_word' id='word_1_211' title='bbox 479 1164 579 1200; x_wconf 85' lang='lat' dir='ltr'>(neque</span> <span class='ocrx_word' id='word_1_212' title='bbox 586 1161 657 1190; x_wconf 87' lang='lat' dir='ltr'>enirn</span> <span class='ocrx_word' id='word_1_213' title='bbox 668 1160 710 1189; x_wconf 88' lang='lat' dir='ltr'>illi</span> <span class='ocrx_word' id='word_1_214' title='bbox 723 1159 851 1189; x_wconf 88' lang='lat' dir='ltr'>mulieres</span> <span class='ocrx_word' id='word_1_215' title='bbox 863 1159 1009 1194; x_wconf 82' lang='lat' dir='ltr'>habebant,</span> 
     </span>
     <span class='ocr_line' id='line_1_30' title="bbox 265 1206 1012 1248; baseline -0.004 -10"><span class='ocrx_word' id='word_1_216' title='bbox 265 1208 372 1247; x_wconf 83' lang='lat' dir='ltr'>filiique</span> <span class='ocrx_word' id='word_1_217' title='bbox 385 1208 467 1238; x_wconf 69' lang='lat' dir='ltr'>Israel</span> <span class='ocrx_word' id='word_1_218' title='bbox 478 1210 634 1248; x_wconf 81' lang='lat' dir='ltr'>juraverant</span> <span class='ocrx_word' id='word_1_219' title='bbox 647 1218 675 1236; x_wconf 85' lang='lat' dir='ltr'>se</span> <span class='ocrx_word' id='word_1_220' title='bbox 685 1207 756 1236; x_wconf 83' lang='lat' dir='ltr'>filias</span> <span class='ocrx_word' id='word_1_221' title='bbox 762 1217 824 1236; x_wconf 85' lang='lat' dir='ltr'>suas</span> <span class='ocrx_word' id='word_1_222' title='bbox 838 1217 891 1236; x_wconf 92' lang='lat' dir='ltr'>non</span> <span class='ocrx_word' id='word_1_223' title='bbox 905 1206 971 1246; x_wconf 88' lang='lat' dir='ltr'>ipsis</span> <span class='ocrx_word' id='word_1_224' title='bbox 985 1207 1012 1236; x_wconf 90' lang='lat' dir='ltr'>in</span> 
     </span>
     <span class='ocr_line' id='line_1_31' title="bbox 268 1252 1013 1292; baseline -0.001 -9"><span class='ocrx_word' id='word_1_225' title='bbox 268 1265 365 1284; x_wconf 78' lang='lat' dir='ltr'>uxores</span> <span class='ocrx_word' id='word_1_226' title='bbox 382 1254 494 1283; x_wconf 84' lang='lat' dir='ltr'>daturos</span> <span class='ocrx_word' id='word_1_227' title='bbox 518 1255 603 1289; x_wconf 85' lang='lat' dir='ltr'>esse),</span> <span class='ocrx_word' id='word_1_228' title='bbox 618 1253 713 1282; x_wconf 86' lang='lat' dir='ltr'>occisis</span> <span class='ocrx_word' id='word_1_229' title='bbox 733 1253 789 1281; x_wconf 89' lang='lat' dir='ltr'>illis</span> <span class='ocrx_word' id='word_1_230' title='bbox 801 1252 849 1291; x_wconf 89' lang='lat' dir='ltr'>qui</span> <span class='ocrx_word' id='word_1_231' title='bbox 869 1263 932 1281; x_wconf 87' lang='lat' dir='ltr'>cum</span> <span class='ocrx_word' id='word_1_232' title='bbox 946 1253 1013 1292; x_wconf 84' lang='lat' dir='ltr'>ipsis</span> 
     </span>
     <span class='ocr_line' id='line_1_32' title="bbox 266 1298 1013 1339; baseline -0.003 -10"><span class='ocrx_word' id='word_1_233' title='bbox 266 1300 372 1330; x_wconf 80' lang='lat' dir='ltr'>bellum</span> <span class='ocrx_word' id='word_1_234' title='bbox 386 1310 439 1328; x_wconf 90' lang='lat' dir='ltr'>non</span> <span class='ocrx_word' id='word_1_235' title='bbox 461 1306 594 1339; x_wconf 82' lang='lat' dir='ltr'>gesseram</span> <span class='ocrx_word' id='word_1_236' title='bbox 607 1305 699 1328; x_wconf 88' lang='lat' dir='ltr'>contra</span> <span class='ocrx_word' id='word_1_237' title='bbox 715 1298 888 1339; x_wconf 82' lang='lat' dir='ltr'>Benjamitas,</span> <span class='ocrx_word' id='word_1_238' title='bbox 903 1298 1013 1327; x_wconf 87' lang='lat' dir='ltr'>illorum</span> 
     </span>
     <span class='ocr_line' id='line_1_33' title="bbox 267 1344 1013 1385; baseline -0.003 -10"><span class='ocrx_word' id='word_1_239' title='bbox 267 1346 339 1375; x_wconf 84' lang='lat' dir='ltr'>filias</span> <span class='ocrx_word' id='word_1_240' title='bbox 358 1345 477 1385; x_wconf 84' lang='lat' dir='ltr'>virgines</span> <span class='ocrx_word' id='word_1_241' title='bbox 490 1345 698 1384; x_wconf 77' lang='lat' dir='ltr'>quadringentas</span> <span class='ocrx_word' id='word_1_242' title='bbox 710 1345 777 1384; x_wconf 91' lang='lat' dir='ltr'>ipsis</span> <span class='ocrx_word' id='word_1_243' title='bbox 787 1344 934 1374; x_wconf 78' lang='lat' dir='ltr'>dederunt:</span> <span class='ocrx_word' id='word_1_244' title='bbox 951 1355 1013 1373; x_wconf 88' lang='lat' dir='ltr'>cum</span> 
     </span>
     <span class='ocr_line' id='line_1_34' title="bbox 268 1391 1012 1429; baseline -0.003 -8"><span class='ocrx_word' id='word_1_245' title='bbox 268 1399 358 1421; x_wconf 87' lang='lat' dir='ltr'>autem</span> <span class='ocrx_word' id='word_1_246' title='bbox 381 1391 484 1421; x_wconf 85' lang='lat' dir='ltr'>residui</span> <span class='ocrx_word' id='word_1_247' title='bbox 504 1397 590 1420; x_wconf 80' lang='lat' dir='ltr'>essent</span> <span class='ocrx_word' id='word_1_248' title='bbox 605 1391 652 1429; x_wconf 94' lang='lat' dir='ltr'>qui</span> <span class='ocrx_word' id='word_1_249' title='bbox 677 1401 730 1420; x_wconf 91' lang='lat' dir='ltr'>non</span> <span class='ocrx_word' id='word_1_250' title='bbox 750 1391 880 1420; x_wconf 86' lang='lat' dir='ltr'>haberent</span> <span class='ocrx_word' id='word_1_251' title='bbox 903 1400 1012 1425; x_wconf 73' lang='lat' dir='ltr'>uxores,</span> 
     </span>
     <span class='ocr_line' id='line_1_35' title="bbox 268 1436 1012 1476; baseline -0.003 -9"><span class='ocrx_word' id='word_1_252' title='bbox 268 1438 336 1467; x_wconf 85' lang='lat' dir='ltr'>dum</span> <span class='ocrx_word' id='word_1_253' title='bbox 348 1438 445 1467; x_wconf 78' lang='lat' dir='ltr'>festum</span> <span class='ocrx_word' id='word_1_254' title='bbox 456 1437 647 1472; x_wconf 73' lang='lat' dir='ltr'>celebraretur,</span> <span class='ocrx_word' id='word_1_255' title='bbox 665 1436 847 1476; x_wconf 84' lang='lat' dir='ltr'>permiserunt</span> <span class='ocrx_word' id='word_1_256' title='bbox 858 1436 898 1465; x_wconf 85' lang='lat' dir='ltr'>eis</span> <span class='ocrx_word' id='word_1_257' title='bbox 911 1443 941 1465; x_wconf 89' lang='lat' dir='ltr'>ut</span> <span class='ocrx_word' id='word_1_258' title='bbox 954 1436 1012 1466; x_wconf 88' lang='lat' dir='ltr'>vir-</span> 
     </span>
     <span class='ocr_line' id='line_1_36' title="bbox 269 1483 770 1524; baseline -0.002 -10"><span class='ocrx_word' id='word_1_259' title='bbox 269 1485 344 1524; x_wconf 87' lang='lat' dir='ltr'>gines</span> <span class='ocrx_word' id='word_1_260' title='bbox 355 1490 489 1524; x_wconf 76' lang='lat' dir='ltr'>raperent,</span> <span class='ocrx_word' id='word_1_261' title='bbox 500 1483 592 1513; x_wconf 83' lang='lat' dir='ltr'>insciis</span> <span class='ocrx_word' id='word_1_262' title='bbox 605 1484 770 1524; x_wconf 87' lang='lat' dir='ltr'>parentibus.</span> 
     </span>
    </p>
   </div>
   <div class='ocr_carea' id='block_1_9' title="bbox 483 1593 803 1614">
    <p class='ocr_par' dir='ltr' id='par_1_9' title="bbox 483 1593 803 1614">
     <span class='ocr_line' id='line_1_37' title="bbox 483 1593 803 1614; baseline -0.006 0"><span class='ocrx_word' id='word_1_263' title='bbox 483 1594 612 1614; x_wconf 67' lang='lat' dir='ltr'>summus</span> <span class='ocrx_word' id='word_1_264' title='bbox 623 1593 700 1612; x_wconf 70' lang='lat' dir='ltr'>unni</span> <span class='ocrx_word' id='word_1_265' title='bbox 715 1593 803 1612; x_wconf 73' lang='lat' dir='ltr'>RUTE.</span> 
     </span>
    </p>
   </div>
   <div class='ocr_carea' id='block_1_10' title="bbox 268 1668 1016 2033">
    <p class='ocr_par' dir='ltr' id='par_1_10' title="bbox 268 1668 1016 2033">
     <span class='ocr_line' id='line_1_38' title="bbox 309 1668 1016 1707; baseline 0 -7"><span class='ocrx_word' id='word_1_266' title='bbox 309 1670 464 1706; x_wconf 79' lang='lat' dir='ltr'>Noemmin,</span> <span class='ocrx_word' id='word_1_267' title='bbox 478 1669 540 1699; x_wconf 86' lang='lat' dir='ltr'>viro</span> <span class='ocrx_word' id='word_1_268' title='bbox 561 1678 611 1698; x_wconf 85' lang='lat' dir='ltr'>suo</span> <span class='ocrx_word' id='word_1_269' title='bbox 624 1668 744 1706; x_wconf 84' lang='lat' dir='ltr'>filiisque</span> <span class='ocrx_word' id='word_1_270' title='bbox 757 1670 882 1707; x_wconf 84' lang='lat' dir='ltr'>mortuis,</span> <span class='ocrx_word' id='word_1_271' title='bbox 897 1677 1016 1700; x_wconf 75' lang='lat' dir='ltr'>cessante</span> 
     </span>
     <span class='ocr_line' id='line_1_39' title="bbox 268 1714 1013 1756; baseline 0 -10"><span class='ocrx_word' id='word_1_272' title='bbox 268 1717 349 1753; x_wconf 84' lang='lat' dir='ltr'>same,</span> <span class='ocrx_word' id='word_1_273' title='bbox 362 1716 398 1746; x_wconf 90' lang='lat' dir='ltr'>ob</span> <span class='ocrx_word' id='word_1_274' title='bbox 417 1725 497 1755; x_wconf 81' lang='lat' dir='ltr'>quam</span> <span class='ocrx_word' id='word_1_275' title='bbox 516 1715 542 1744; x_wconf 92' lang='lat' dir='ltr'>in</span> <span class='ocrx_word' id='word_1_276' title='bbox 563 1714 742 1744; x_wconf 80' lang='lat' dir='ltr'>Moabitidem</span> <span class='ocrx_word' id='word_1_277' title='bbox 765 1716 1013 1756; x_wconf 77' lang='lat' dir='ltr'>transmigraverat,</span> 
     </span>
     <span class='ocr_line' id='line_1_40' title="bbox 269 1761 1016 1802; baseline -0.003 -9"><span class='ocrx_word' id='word_1_278' title='bbox 269 1764 344 1794; x_wconf 88' lang='lat' dir='ltr'>venit</span> <span class='ocrx_word' id='word_1_279' title='bbox 358 1763 385 1792; x_wconf 85' lang='lat' dir='ltr'>in</span> <span class='ocrx_word' id='word_1_280' title='bbox 406 1763 423 1792; x_wconf 88' lang='lat' dir='ltr'><strong>J</strong></span> <span class='ocrx_word' id='word_1_281' title='bbox 426 1761 539 1796; x_wconf 81' lang='lat' dir='ltr'>udaeam,</span> <span class='ocrx_word' id='word_1_282' title='bbox 549 1761 661 1800; x_wconf 84' lang='lat' dir='ltr'>ejusque</span> <span class='ocrx_word' id='word_1_283' title='bbox 673 1761 755 1790; x_wconf 84' lang='lat' dir='ltr'>altera</span> <span class='ocrx_word' id='word_1_284' title='bbox 771 1771 867 1798; x_wconf 83' lang='lat' dir='ltr'>nurus,</span> <span class='ocrx_word' id='word_1_285' title='bbox 883 1762 942 1802; x_wconf 84' lang='lat' dir='ltr'>ipsa</span> <span class='ocrx_word' id='word_1_286' title='bbox 954 1772 1016 1791; x_wconf 83' lang='lat' dir='ltr'>sua-</span> 
     </span>
     <span class='ocr_line' id='line_1_41' title="bbox 269 1806 1014 1848; baseline -0.001 -9"><span class='ocrx_word' id='word_1_287' title='bbox 269 1810 359 1845; x_wconf 82' lang='lat' dir='ltr'>dente,</span> <span class='ocrx_word' id='word_1_288' title='bbox 371 1807 469 1838; x_wconf 87' lang='lat' dir='ltr'>mansit</span> <span class='ocrx_word' id='word_1_289' title='bbox 482 1808 509 1837; x_wconf 92' lang='lat' dir='ltr'>in</span> <span class='ocrx_word' id='word_1_290' title='bbox 533 1806 697 1841; x_wconf 85' lang='lat' dir='ltr'>Moabitide;</span> <span class='ocrx_word' id='word_1_291' title='bbox 712 1807 795 1836; x_wconf 84' lang='lat' dir='ltr'>altera</span> <span class='ocrx_word' id='word_1_292' title='bbox 808 1818 884 1848; x_wconf 82' lang='lat' dir='ltr'>vero,</span> <span class='ocrx_word' id='word_1_293' title='bbox 899 1808 944 1838; x_wconf 87' lang='lat' dir='ltr'>cui</span> <span class='ocrx_word' id='word_1_294' title='bbox 964 1818 1014 1838; x_wconf 87' lang='lat' dir='ltr'>no-</span> 
     </span>
     <span class='ocr_line' id='line_1_42' title="bbox 270 1852 1015 1894; baseline 0 -10"><span class='ocrx_word' id='word_1_295' title='bbox 270 1866 330 1884; x_wconf 90' lang='lat' dir='ltr'>men</span> <span class='ocrx_word' id='word_1_296' title='bbox 346 1854 434 1887; x_wconf 77' lang='lat' dir='ltr'>Ruth,</span> <span class='ocrx_word' id='word_1_297' title='bbox 449 1854 501 1894; x_wconf 89' lang='lat' dir='ltr'>ipsi</span> <span class='ocrx_word' id='word_1_298' title='bbox 523 1853 617 1882; x_wconf 87' lang='lat' dir='ltr'>multis</span> <span class='ocrx_word' id='word_1_299' title='bbox 636 1852 753 1882; x_wconf 78' lang='lat' dir='ltr'>hortanti</span> <span class='ocrx_word' id='word_1_300' title='bbox 768 1860 798 1883; x_wconf 89' lang='lat' dir='ltr'>ut</span> <span class='ocrx_word' id='word_1_301' title='bbox 817 1861 946 1891; x_wconf 81' lang='lat' dir='ltr'>maneret,</span> <span class='ocrx_word' id='word_1_302' title='bbox 961 1864 1015 1884; x_wconf 86' lang='lat' dir='ltr'>non</span> 
     </span>
     <span class='ocr_line' id='line_1_43' title="bbox 269 1899 1016 1942; baseline -0.001 -11"><span class='ocrx_word' id='word_1_303' title='bbox 269 1901 478 1941; x_wconf 85' lang='lat' dir='ltr'>obtemperavit,</span> <span class='ocrx_word' id='word_1_304' title='bbox 496 1899 544 1930; x_wconf 87' lang='lat' dir='ltr'>sed</span> <span class='ocrx_word' id='word_1_305' title='bbox 569 1906 682 1938; x_wconf 81' lang='lat' dir='ltr'>sequuta</span> <span class='ocrx_word' id='word_1_306' title='bbox 701 1906 740 1928; x_wconf 90' lang='lat' dir='ltr'>est</span> <span class='ocrx_word' id='word_1_307' title='bbox 758 1900 845 1930; x_wconf 88' lang='lat' dir='ltr'>illam.</span> <span class='ocrx_word' id='word_1_308' title='bbox 862 1901 1016 1942; x_wconf 81' lang='lat' dir='ltr'>Nupsitque</span> 
     </span>
     <span class='ocr_line' id='line_1_44' title="bbox 270 1946 1014 1987; baseline 0 -9"><span class='ocrx_word' id='word_1_309' title='bbox 270 1949 369 1984; x_wconf 86' lang='lat' dir='ltr'>Boozo,</span> <span class='ocrx_word' id='word_1_310' title='bbox 381 1947 428 1986; x_wconf 91' lang='lat' dir='ltr'>qui</span> <span class='ocrx_word' id='word_1_311' title='bbox 439 1947 528 1976; x_wconf 80' lang='lat' dir='ltr'>affinis</span> <span class='ocrx_word' id='word_1_312' title='bbox 538 1953 595 1975; x_wconf 87' lang='lat' dir='ltr'>erat</span> <span class='ocrx_word' id='word_1_313' title='bbox 610 1946 763 1981; x_wconf 64' lang='lat' dir='ltr'>Memmia,</span> <span class='ocrx_word' id='word_1_314' title='bbox 773 1953 799 1975; x_wconf 87' lang='lat' dir='ltr'>et</span> <span class='ocrx_word' id='word_1_315' title='bbox 806 1948 910 1987; x_wconf 74' lang='lat' dir='ltr'>peperit</span> <span class='ocrx_word' id='word_1_316' title='bbox 923 1948 1014 1985; x_wconf 81' lang='lat' dir='ltr'>Obed,</span> 
     </span>
     <span class='ocr_line' id='line_1_45' title="bbox 270 1992 867 2033; baseline 0 -9"><span class='ocrx_word' id='word_1_317' title='bbox 270 1994 350 2024; x_wconf 89' lang='lat' dir='ltr'>Obed</span> <span class='ocrx_word' id='word_1_318' title='bbox 360 2000 449 2023; x_wconf 85' lang='lat' dir='ltr'>autem</span> <span class='ocrx_word' id='word_1_319' title='bbox 463 1994 556 2030; x_wconf 80' lang='lat' dir='ltr'>Jessae,</span> <span class='ocrx_word' id='word_1_320' title='bbox 570 1993 655 2023; x_wconf 79' lang='lat' dir='ltr'>Jessae</span> <span class='ocrx_word' id='word_1_321' title='bbox 663 1992 753 2023; x_wconf 84' lang='lat' dir='ltr'>David</span> <span class='ocrx_word' id='word_1_322' title='bbox 765 2003 867 2033; x_wconf 82' lang='lat' dir='ltr'>regem.</span> 
     </span>
    </p>
   </div>
   <div class='ocr_carea' id='block_1_11' title="bbox 319 2141 964 2168">
    <p class='ocr_par' dir='ltr' id='par_1_11' title="bbox 319 2141 964 2168">
     <span class='ocr_line' id='line_1_46' title="bbox 319 2141 964 2168; baseline 0.003 -6"><span class='ocrx_word' id='word_1_323' title='bbox 319 2143 452 2162; x_wconf 75' lang='lat' dir='ltr'>SYNOPSIS</span> <span class='ocrx_word' id='word_1_324' title='bbox 468 2141 607 2168; x_wconf 74' lang='lat' dir='ltr'><strong>QUATUOR</strong></span> <span class='ocrx_word' id='word_1_325' title='bbox 620 2141 771 2161; x_wconf 68' lang='lat' dir='ltr'>uenenum</span> <span class='ocrx_word' id='word_1_326' title='bbox 789 2144 964 2165; x_wconf 60' lang='lat' dir='ltr'>REGNORUU.</span> 
     </span>
    </p>
   </div>
   <div class='ocr_carea' id='block_1_12' title="bbox 270 2217 1018 2583">
    <p class='ocr_par' dir='ltr' id='par_1_12' title="bbox 270 2217 1018 2536">
     <span class='ocr_line' id='line_1_47' title="bbox 310 2217 1017 2254; baseline 0.001 -4"><span class='ocrx_word' id='word_1_327' title='bbox 310 2220 413 2250; x_wconf 84' lang='lat' dir='ltr'>Elcana</span> <span class='ocrx_word' id='word_1_328' title='bbox 426 2229 525 2248; x_wconf 83' lang='lat' dir='ltr'>uxores</span> <span class='ocrx_word' id='word_1_329' title='bbox 541 2217 643 2247; x_wconf 84' lang='lat' dir='ltr'>habens</span> <span class='ocrx_word' id='word_1_330' title='bbox 656 2217 736 2254; x_wconf 87' lang='lat' dir='ltr'>duas,</span> <span class='ocrx_word' id='word_1_331' title='bbox 751 2229 785 2248; x_wconf 90' lang='lat' dir='ltr'>ex</span> <span class='ocrx_word' id='word_1_332' title='bbox 796 2219 879 2249; x_wconf 84' lang='lat' dir='ltr'>altera</span> <span class='ocrx_word' id='word_1_333' title='bbox 892 2230 945 2250; x_wconf 91' lang='lat' dir='ltr'>non</span> <span class='ocrx_word' id='word_1_334' title='bbox 959 2232 1017 2251; x_wconf 86' lang='lat' dir='ltr'>sus-</span> 
     </span>
     <span class='ocr_line' id='line_1_48' title="bbox 270 2264 1016 2306; baseline 0.001 -10"><span class='ocrx_word' id='word_1_335' title='bbox 270 2273 376 2306; x_wconf 85' lang='lat' dir='ltr'>ceperat</span> <span class='ocrx_word' id='word_1_336' title='bbox 397 2265 508 2294; x_wconf 89' lang='lat' dir='ltr'>liberos.</span> <span class='ocrx_word' id='word_1_337' title='bbox 525 2264 565 2294; x_wconf 87' lang='lat' dir='ltr'>Ut</span> <span class='ocrx_word' id='word_1_338' title='bbox 591 2270 681 2292; x_wconf 75' lang='lat' dir='ltr'>autem</span> <span class='ocrx_word' id='word_1_339' title='bbox 695 2264 815 2294; x_wconf 85' lang='lat' dir='ltr'>ascendit</span> <span class='ocrx_word' id='word_1_340' title='bbox 837 2266 1016 2297; x_wconf 85' lang='lat' dir='ltr'>sacrificatum</span> 
     </span>
     <span class='ocr_line' id='line_1_49' title="bbox 270 2309 1018 2351; baseline 0 -10"><span class='ocrx_word' id='word_1_341' title='bbox 270 2313 298 2341; x_wconf 92' lang='lat' dir='ltr'>in</span> <span class='ocrx_word' id='word_1_342' title='bbox 322 2312 424 2348; x_wconf 88' lang='lat' dir='ltr'>Selom,</span> <span class='ocrx_word' id='word_1_343' title='bbox 440 2316 565 2350; x_wconf 84' lang='lat' dir='ltr'>precatur</span> <span class='ocrx_word' id='word_1_344' title='bbox 584 2309 633 2339; x_wconf 86' lang='lat' dir='ltr'>illa</span> <span class='ocrx_word' id='word_1_345' title='bbox 649 2309 759 2347; x_wconf 87' lang='lat' dir='ltr'>mulier,</span> <span class='ocrx_word' id='word_1_346' title='bbox 774 2317 800 2340; x_wconf 92' lang='lat' dir='ltr'>et</span> <span class='ocrx_word' id='word_1_347' title='bbox 819 2311 889 2351; x_wconf 85' lang='lat' dir='ltr'>parit</span> <span class='ocrx_word' id='word_1_348' title='bbox 907 2313 1018 2344; x_wconf 85' lang='lat' dir='ltr'>Samue-</span> 
     </span>
     <span class='ocr_line' id='line_1_50' title="bbox 271 2355 1016 2399; baseline 0.001 -11"><span class='ocrx_word' id='word_1_349' title='bbox 271 2358 335 2396; x_wconf 88' lang='lat' dir='ltr'>lem,</span> <span class='ocrx_word' id='word_1_350' title='bbox 357 2359 498 2399; x_wconf 84' lang='lat' dir='ltr'>ipsumque</span> <span class='ocrx_word' id='word_1_351' title='bbox 518 2357 596 2387; x_wconf 84' lang='lat' dir='ltr'>dedit</span> <span class='ocrx_word' id='word_1_352' title='bbox 616 2356 652 2386; x_wconf 83' lang='lat' dir='ltr'>ad</span> <span class='ocrx_word' id='word_1_353' title='bbox 672 2355 783 2386; x_wconf 90' lang='lat' dir='ltr'>domum</span> <span class='ocrx_word' id='word_1_354' title='bbox 797 2357 907 2386; x_wconf 91' lang='lat' dir='ltr'>Domini</span> <span class='ocrx_word' id='word_1_355' title='bbox 920 2369 1016 2399; x_wconf 89' lang='lat' dir='ltr'>perpe-</span> 
     </span>
     <span class='ocr_line' id='line_1_51' title="bbox 270 2402 1018 2442; baseline 0.001 -9"><span class='ocrx_word' id='word_1_356' title='bbox 270 2411 327 2441; x_wconf 87' lang='lat' dir='ltr'>tuo,</span> <span class='ocrx_word' id='word_1_357' title='bbox 339 2411 369 2433; x_wconf 88' lang='lat' dir='ltr'>ut</span> <span class='ocrx_word' id='word_1_358' title='bbox 382 2411 495 2434; x_wconf 87' lang='lat' dir='ltr'>voverat</span> <span class='ocrx_word' id='word_1_359' title='bbox 514 2410 654 2442; x_wconf 83' lang='lat' dir='ltr'>antequam</span> <span class='ocrx_word' id='word_1_360' title='bbox 669 2402 748 2432; x_wconf 86' lang='lat' dir='ltr'>illum</span> <span class='ocrx_word' id='word_1_361' title='bbox 763 2402 924 2442; x_wconf 72' lang='lat' dir='ltr'>conciperet.</span> <span class='ocrx_word' id='word_1_362' title='bbox 940 2405 1018 2434; x_wconf 88' lang='lat' dir='ltr'>Tunc</span> 
     </span>
     <span class='ocr_line' id='line_1_52' title="bbox 271 2447 1018 2490; baseline 0.001 -11"><span class='ocrx_word' id='word_1_363' title='bbox 271 2457 361 2480; x_wconf 81' lang='lat' dir='ltr'>autem</span> <span class='ocrx_word' id='word_1_364' title='bbox 381 2449 504 2479; x_wconf 82' lang='lat' dir='ltr'>sacerdos</span> <span class='ocrx_word' id='word_1_365' title='bbox 516 2456 572 2479; x_wconf 84' lang='lat' dir='ltr'>erat</span> <span class='ocrx_word' id='word_1_366' title='bbox 592 2449 616 2479; x_wconf 91' lang='lat' dir='ltr'><strong>E</strong></span> <span class='ocrx_word' id='word_1_367' title='bbox 629 2449 648 2478; x_wconf 92' lang='lat' dir='ltr'>i.</span> <span class='ocrx_word' id='word_1_368' title='bbox 665 2447 731 2478; x_wconf 84' lang='lat' dir='ltr'>Filii</span> <span class='ocrx_word' id='word_1_369' title='bbox 744 2455 834 2478; x_wconf 86' lang='lat' dir='ltr'>autem</span> <span class='ocrx_word' id='word_1_370' title='bbox 846 2450 904 2487; x_wconf 73' lang='lat' dir='ltr'>Eli,</span> <span class='ocrx_word' id='word_1_371' title='bbox 924 2450 1018 2490; x_wconf 87' lang='lat' dir='ltr'>ophni</span> 
     </span>
     <span class='ocr_line' id='line_1_53' title="bbox 270 2495 1016 2536; baseline 0 -10"><span class='ocrx_word' id='word_1_372' title='bbox 270 2503 297 2526; x_wconf 87' lang='lat' dir='ltr'>et</span> <span class='ocrx_word' id='word_1_373' title='bbox 317 2496 440 2534; x_wconf 85' lang='lat' dir='ltr'>Phinees,</span> <span class='ocrx_word' id='word_1_374' title='bbox 465 2495 586 2526; x_wconf 81' lang='lat' dir='ltr'>scelerati</span> <span class='ocrx_word' id='word_1_375' title='bbox 606 2502 631 2524; x_wconf 87' lang='lat' dir='ltr'>et</span> <span class='ocrx_word' id='word_1_376' title='bbox 654 2495 771 2535; x_wconf 88' lang='lat' dir='ltr'>improbi</span> <span class='ocrx_word' id='word_1_377' title='bbox 791 2496 904 2536; x_wconf 83' lang='lat' dir='ltr'>juvenes</span> <span class='ocrx_word' id='word_1_378' title='bbox 930 2503 1016 2535; x_wconf 84' lang='lat' dir='ltr'>erant,</span> 
     </span>
    </p>

    <p class='ocr_par' dir='ltr' id='par_1_13' title="bbox 289 2539 1018 2583">
     <span class='ocr_line' id='line_1_54' title="bbox 289 2539 1018 2583; baseline 0.004 -13"><span class='ocrx_word' id='word_1_379' title='bbox 289 2542 318 2571; x_wconf 88' lang='lat' dir='ltr'>ui</span> <span class='ocrx_word' id='word_1_380' title='bbox 340 2542 374 2571; x_wconf 89' lang='lat' dir='ltr'>de</span> <span class='ocrx_word' id='word_1_381' title='bbox 398 2542 516 2572; x_wconf 89' lang='lat' dir='ltr'>victimis</span> <span class='ocrx_word' id='word_1_382' title='bbox 537 2539 625 2583; x_wconf 83' lang='lat' dir='ltr'>partes</span> <span class='ocrx_word' id='word_1_383' title='bbox 642 2541 782 2571; x_wconf 84' lang='lat' dir='ltr'>sumebant</span> <span class='ocrx_word' id='word_1_384' title='bbox 810 2549 951 2581; x_wconf 80' lang='lat' dir='ltr'>antequam</span> <span class='ocrx_word' id='word_1_385' title='bbox 972 2544 1018 2573; x_wconf 86' lang='lat' dir='ltr'>of—</span> 
     </span>
    </p>
   </div>
   <div class='ocr_carea' id='block_1_13' title="bbox 305 2619 822 2654">
    <p class='ocr_par' dir='ltr' id='par_1_14' title="bbox 305 2619 822 2654">
     <span class='ocr_line' id='line_1_55' title="bbox 305 2619 822 2654; baseline -0.004 -8"><span class='ocrx_word' id='word_1_386' title='bbox 305 2629 315 2639; x_wconf 73' lang='grc'>·’·</span> <span class='ocrx_word' id='word_1_387' title='bbox 333 2620 342 2654; x_wconf 93' lang='grc'>[</span> <span class='ocrx_word' id='word_1_388' title='bbox 354 2620 430 2646; x_wconf 78' lang='lat' dir='ltr'>eotst.</span> <span class='ocrx_word' id='word_1_389' title='bbox 445 2623 602 2651; x_wconf 73' lang='grc' dir='ltr'>καταλλάξων,</span> <span class='ocrx_word' id='word_1_390' title='bbox 613 2619 682 2653; x_wconf 80' lang='lat' dir='ltr'>quod</span> <span class='ocrx_word' id='word_1_391' title='bbox 694 2620 822 2652; x_wconf 55' lang='lat' dir='ltr'>praestan]</span> 
     </span>
    </p>
   </div>
   <div class='ocr_carea' id='block_1_14' title="bbox 1062 647 1838 1103">
    <p class='ocr_par' dir='ltr' id='par_1_15' title="bbox 1062 647 1838 1103">
     <span class='ocr_line' id='line_1_56' title="bbox 1062 647 1836 688; baseline -0.001 -11"><span class='ocrx_word' id='word_1_392' title='bbox 1062 647 1200 681; x_wconf 81' lang='grc' dir='ltr'>ἐνέπαιξαν</span> <span class='ocrx_word' id='word_1_393' title='bbox 1216 649 1282 688; x_wconf 82' lang='grc' dir='ltr'>αὐτῇ</span> <span class='ocrx_word' id='word_1_394' title='bbox 1296 648 1360 683; x_wconf 79' lang='grc' dir='ltr'>ὅλην</span> <span class='ocrx_word' id='word_1_395' title='bbox 1373 648 1422 684; x_wconf 71' lang='grc' dir='ltr'>τὴν</span> <span class='ocrx_word' id='word_1_396' title='bbox 1436 647 1529 678; x_wconf 77' lang='grc' dir='ltr'>νύκτα.</span> <span class='ocrx_word' id='word_1_397' title='bbox 1541 648 1588 682; x_wconf 84' lang='grc' dir='ltr'>Ὡς</span> <span class='ocrx_word' id='word_1_398' title='bbox 1601 647 1629 677; x_wconf 83' lang='grc' dir='ltr'>δὲ</span> <span class='ocrx_word' id='word_1_399' title='bbox 1639 647 1710 688; x_wconf 80' lang='grc' dir='ltr'>πρωῒ</span> <span class='ocrx_word' id='word_1_400' title='bbox 1720 648 1836 688; x_wconf 67' lang='grc' dir='ltr'>γέγονεν,</span> 
     </span>
     <span class='ocr_line' id='line_1_57' title="bbox 1063 693 1835 734; baseline 0 -11"><span class='ocrx_word' id='word_1_401' title='bbox 1063 693 1173 734; x_wconf 74' lang='grc' dir='ltr'>ἀφέντες</span> <span class='ocrx_word' id='word_1_402' title='bbox 1187 693 1269 729; x_wconf 78' lang='grc' dir='ltr'>αὐτὴν</span> <span class='ocrx_word' id='word_1_403' title='bbox 1284 694 1457 730; x_wconf 66' lang='grc' dir='ltr'>ἀττῆλθον.“11</span> <span class='ocrx_word' id='word_1_404' title='bbox 1467 694 1495 723; x_wconf 85' lang='grc' dir='ltr'>δὲ</span> <span class='ocrx_word' id='word_1_405' title='bbox 1509 694 1561 724; x_wconf 80' lang='grc' dir='ltr'>ὑπὸ</span> <span class='ocrx_word' id='word_1_406' title='bbox 1577 696 1625 729; x_wconf 80' lang='grc' dir='ltr'>τῆς</span> <span class='ocrx_word' id='word_1_407' title='bbox 1638 693 1773 734; x_wconf 73' lang='grc' dir='ltr'><strong>ἐπηρείας,</strong></span> <span class='ocrx_word' id='word_1_408' title='bbox 1788 695 1835 723; x_wconf 80' lang='grc' dir='ltr'>ἐλ-</span> 
     </span>
     <span class='ocr_line' id='line_1_58' title="bbox 1064 739 1836 780; baseline -0.001 -10"><span class='ocrx_word' id='word_1_409' title='bbox 1064 743 1144 770; x_wconf 74' lang='grc' dir='ltr'>θοῦσα</span> <span class='ocrx_word' id='word_1_410' title='bbox 1155 740 1230 780; x_wconf 82' lang='grc' dir='ltr'>παρὰ</span> <span class='ocrx_word' id='word_1_411' title='bbox 1243 740 1292 776; x_wconf 87' lang='grc' dir='ltr'>τὴν</span> <span class='ocrx_word' id='word_1_412' title='bbox 1303 740 1398 776; x_wconf 83' lang='grc' dir='ltr'>οἰκίαν,</span> <span class='ocrx_word' id='word_1_413' title='bbox 1413 740 1475 770; x_wconf 81' lang='grc' dir='ltr'>ἔνθα</span> <span class='ocrx_word' id='word_1_414' title='bbox 1487 740 1620 780; x_wconf 80' lang='grc' dir='ltr'>κατήγετο</span> <span class='ocrx_word' id='word_1_415' title='bbox 1633 743 1647 770; x_wconf 84' lang='grc' dir='ltr'><strong>ὁ</strong></span> <span class='ocrx_word' id='word_1_416' title='bbox 1661 739 1727 780; x_wconf 76' lang='grc' dir='ltr'>ἀνὴρ</span> <span class='ocrx_word' id='word_1_417' title='bbox 1741 740 1836 775; x_wconf 77' lang='grc' dir='ltr'>αὐτῆς,</span> 
     </span>
     <span class='ocr_line' id='line_1_59' title="bbox 1062 785 1837 827; baseline -0.001 -11"><span class='ocrx_word' id='word_1_418' title='bbox 1062 787 1191 827; x_wconf 78' lang='grc' dir='ltr'>ἐξέψυξεν.</span> <span class='ocrx_word' id='word_1_419' title='bbox 1213 786 1345 821; x_wconf 81' lang='grc' dir='ltr'>Ἐξελθὼν</span> <span class='ocrx_word' id='word_1_420' title='bbox 1364 785 1392 816; x_wconf 82' lang='grc' dir='ltr'>δὲ</span> <span class='ocrx_word' id='word_1_421' title='bbox 1413 788 1526 822; x_wconf 78' lang='grc' dir='ltr'>ἐκεῖνος,</span> <span class='ocrx_word' id='word_1_422' title='bbox 1539 787 1586 816; x_wconf 81' lang='grc' dir='ltr'>καὶ</span> <span class='ocrx_word' id='word_1_423' title='bbox 1601 786 1683 826; x_wconf 79' lang='grc' dir='ltr'>εὑρὼν</span> <span class='ocrx_word' id='word_1_424' title='bbox 1698 785 1783 821; x_wconf 79' lang='grc' dir='ltr'>αὐτὴν</span> <span class='ocrx_word' id='word_1_425' title='bbox 1793 797 1837 815; x_wconf 87' lang='grc' dir='ltr'>νε-</span> 
     </span>
     <span class='ocr_line' id='line_1_60' title="bbox 1062 831 1837 873; baseline -0.001 -11"><span class='ocrx_word' id='word_1_426' title='bbox 1062 832 1140 873; x_wconf 75' lang='grc' dir='ltr'>κρὰν,</span> <span class='ocrx_word' id='word_1_427' title='bbox 1157 833 1251 862; x_wconf 81' lang='grc' dir='ltr'>διεῖλεν</span> <span class='ocrx_word' id='word_1_428' title='bbox 1266 834 1303 866; x_wconf 81' lang='grc' dir='ltr'>εἰς</span> <span class='ocrx_word' id='word_1_429' title='bbox 1317 832 1426 862; x_wconf 85' lang='grc' dir='ltr'>δεκαδύο</span> <span class='ocrx_word' id='word_1_430' title='bbox 1438 831 1506 873; x_wconf 77' lang='grc' dir='ltr'>μέρη</span> <span class='ocrx_word' id='word_1_431' title='bbox 1517 854 1526 866; x_wconf 89' lang='grc'>,</span> <span class='ocrx_word' id='word_1_432' title='bbox 1541 833 1585 862; x_wconf 80' lang='grc' dir='ltr'>καὶ</span> <span class='ocrx_word' id='word_1_433' title='bbox 1603 832 1707 873; x_wconf 70' lang='grc' dir='ltr'>ἔπεμψε</span> <span class='ocrx_word' id='word_1_434' title='bbox 1715 835 1774 866; x_wconf 82' lang='grc' dir='ltr'>ταῖς</span> <span class='ocrx_word' id='word_1_435' title='bbox 1788 831 1837 861; x_wconf 72' lang='grc' dir='ltr'>δώ-</span> 
     </span>
     <span class='ocr_line' id='line_1_61' title="bbox 1063 878 1837 919; baseline 0 -11"><span class='ocrx_word' id='word_1_436' title='bbox 1063 879 1127 908; x_wconf 85' lang='grc' dir='ltr'>δεκα</span> <span class='ocrx_word' id='word_1_437' title='bbox 1147 879 1250 918; x_wconf 82' lang='grc' dir='ltr'>φυλαῖς.</span> <span class='ocrx_word' id='word_1_438' title='bbox 1271 880 1402 912; x_wconf 80' lang='grc' dir='ltr'>Χαλεπῶς</span> <span class='ocrx_word' id='word_1_439' title='bbox 1423 878 1450 908; x_wconf 81' lang='grc' dir='ltr'>δὲ</span> <span class='ocrx_word' id='word_1_440' title='bbox 1469 878 1583 918; x_wconf 76' lang='grc' dir='ltr'>ἤνεγκαν</span> <span class='ocrx_word' id='word_1_441' title='bbox 1603 878 1634 908; x_wconf 81' lang='grc' dir='ltr'>τὸ</span> <span class='ocrx_word' id='word_1_442' title='bbox 1656 878 1776 919; x_wconf 80' lang='grc' dir='ltr'>γεγονὸς,</span> <span class='ocrx_word' id='word_1_443' title='bbox 1791 878 1837 908; x_wconf 80' lang='grc' dir='ltr'>καὶ</span> 
     </span>
     <span class='ocr_line' id='line_1_62' title="bbox 1064 924 1835 965; baseline -0.001 -11"><span class='ocrx_word' id='word_1_444' title='bbox 1064 924 1266 964; x_wconf 77' lang='grc' dir='ltr'>ἐξοπλισάμενοι</span> <span class='ocrx_word' id='word_1_445' title='bbox 1286 925 1365 964; x_wconf 82' lang='grc' dir='ltr'>ᾔτουν</span> <span class='ocrx_word' id='word_1_446' title='bbox 1387 924 1447 958; x_wconf 77' lang='grc' dir='ltr'>τοὺς</span> <span class='ocrx_word' id='word_1_447' title='bbox 1466 925 1655 965; x_wconf 71' lang='grc' dir='ltr'>ἔνυὸρίσαντας</span> <span class='ocrx_word' id='word_1_448' title='bbox 1675 925 1706 954; x_wconf 80' lang='grc' dir='ltr'>τὸ</span> <span class='ocrx_word' id='word_1_449' title='bbox 1718 924 1835 964; x_wconf 80' lang='grc' dir='ltr'>γύναιον.</span> 
     </span>
     <span class='ocr_line' id='line_1_63' title="bbox 1064 970 1835 1010; baseline -0.003 -10"><span class='ocrx_word' id='word_1_450' title='bbox 1064 970 1112 1004; x_wconf 87' lang='grc' dir='ltr'>Ὡς</span> <span class='ocrx_word' id='word_1_451' title='bbox 1126 971 1155 1001; x_wconf 80' lang='grc' dir='ltr'>δὲ</span> <span class='ocrx_word' id='word_1_452' title='bbox 1169 971 1217 1000; x_wconf 81' lang='grc' dir='ltr'>οὐκ</span> <span class='ocrx_word' id='word_1_453' title='bbox 1234 970 1354 1000; x_wconf 82' lang='grc' dir='ltr'>ἐδίδοσαν</span> <span class='ocrx_word' id='word_1_454' title='bbox 1367 972 1477 1007; x_wconf 73' lang='grc' dir='ltr'>ἐκεῖνοι,</span> <span class='ocrx_word' id='word_1_455' title='bbox 1499 971 1694 1010; x_wconf 81' lang='grc' dir='ltr'>συνεκρότησαν</span> <span class='ocrx_word' id='word_1_456' title='bbox 1707 971 1835 1009; x_wconf 69' lang='grc' dir='ltr'>πόλεμον.</span> 
     </span>
     <span class='ocr_line' id='line_1_64' title="bbox 1064 1016 1837 1058; baseline 0.001 -12"><span class='ocrx_word' id='word_1_457' title='bbox 1064 1016 1119 1046; x_wconf 83' lang='grc' dir='ltr'>Καὶ</span> <span class='ocrx_word' id='word_1_458' title='bbox 1131 1016 1162 1046; x_wconf 72' lang='grc' dir='ltr'>τὸ</span> <span class='ocrx_word' id='word_1_459' title='bbox 1180 1017 1228 1055; x_wconf 84' lang='grc' dir='ltr'>μὲν</span> <span class='ocrx_word' id='word_1_460' title='bbox 1242 1018 1348 1056; x_wconf 82' lang='grc' dir='ltr'>πρῶτον</span> <span class='ocrx_word' id='word_1_461' title='bbox 1361 1017 1531 1053; x_wconf 80' lang='grc' dir='ltr'>ἡττήθησαν,</span> <span class='ocrx_word' id='word_1_462' title='bbox 1545 1017 1591 1046; x_wconf 82' lang='grc' dir='ltr'>καὶ</span> <span class='ocrx_word' id='word_1_463' title='bbox 1608 1017 1729 1058; x_wconf 77' lang='grc' dir='ltr'>δεύτερον</span> <span class='ocrx_word' id='word_1_464' title='bbox 1739 1030 1746 1036; x_wconf 81' lang='lat'><strong>·</strong></span> <span class='ocrx_word' id='word_1_465' title='bbox 1767 1019 1795 1047; x_wconf 85' lang='grc' dir='ltr'>ἐν</span> <span class='ocrx_word' id='word_1_466' title='bbox 1809 1017 1837 1046; x_wconf 82' lang='grc' dir='ltr'>δὲ</span> 
     </span>
     <span class='ocr_line' id='line_1_65' title="bbox 1065 1062 1838 1103; baseline 0.001 -11"><span class='ocrx_word' id='word_1_467' title='bbox 1065 1064 1099 1102; x_wconf 76' lang='grc' dir='ltr'>τῇ</span> <span class='ocrx_word' id='word_1_468' title='bbox 1120 1062 1196 1102; x_wconf 81' lang='grc' dir='ltr'>τρίτῃ</span> <span class='ocrx_word' id='word_1_469' title='bbox 1218 1062 1339 1102; x_wconf 75' lang='grc' dir='ltr'>συμὸολῇ</span> <span class='ocrx_word' id='word_1_470' title='bbox 1361 1067 1449 1092; x_wconf 79' lang='grc' dir='ltr'>πᾶσαν</span> <span class='ocrx_word' id='word_1_471' title='bbox 1463 1063 1511 1099; x_wconf 85' lang='grc' dir='ltr'>τὴν</span> <span class='ocrx_word' id='word_1_472' title='bbox 1525 1063 1610 1103; x_wconf 82' lang='grc' dir='ltr'>φυλὴν</span> <span class='ocrx_word' id='word_1_473' title='bbox 1621 1064 1746 1103; x_wconf 78' lang='grc' dir='ltr'>Βενιαμὶν</span> <span class='ocrx_word' id='word_1_474' title='bbox 1759 1063 1838 1094; x_wconf 82' lang='grc' dir='ltr'>κατέ-</span> 
     </span>
    </p>
   </div>
   <div class='ocr_carea' id='block_1_15' title="bbox 1031 1107 1838 1149">
    <p class='ocr_par' dir='ltr' id='par_1_16' title="bbox 1031 1107 1838 1149">
     <span class='ocr_line' id='line_1_66' title="bbox 1031 1107 1838 1149; baseline 0.001 -11"><span class='ocrx_word' id='word_1_475' title='bbox 1031 1111 1050 1135; x_wconf 86' lang='lat' dir='ltr'>C</span> <span class='ocrx_word' id='word_1_476' title='bbox 1066 1109 1170 1148; x_wconf 86' lang='grc' dir='ltr'>κοψαν,</span> <span class='ocrx_word' id='word_1_477' title='bbox 1194 1108 1264 1144; x_wconf 86' lang='grc' dir='ltr'>πλὴν</span> <span class='ocrx_word' id='word_1_478' title='bbox 1291 1107 1432 1142; x_wconf 73' lang='grc' dir='ltr'>ἑξακοσίων</span> <span class='ocrx_word' id='word_1_479' title='bbox 1457 1110 1510 1138; x_wconf 83' lang='grc' dir='ltr'>τῶν</span> <span class='ocrx_word' id='word_1_480' title='bbox 1532 1109 1720 1149; x_wconf 81' lang='grc' dir='ltr'>διαφυγόντων.</span> <span class='ocrx_word' id='word_1_481' title='bbox 1745 1109 1791 1143; x_wconf 84' lang='grc' dir='ltr'>Ὡς</span> <span class='ocrx_word' id='word_1_482' title='bbox 1810 1109 1838 1138; x_wconf 84' lang='grc' dir='ltr'>δὲ</span> 
     </span>
    </p>
   </div>
   <div class='ocr_carea' id='block_1_16' title="bbox 1066 1153 1840 1472">
    <p class='ocr_par' dir='ltr' id='par_1_17' title="bbox 1066 1153 1840 1472">
     <span class='ocr_line' id='line_1_67' title="bbox 1066 1153 1839 1195; baseline 0.001 -12"><span class='ocrx_word' id='word_1_483' title='bbox 1066 1154 1244 1184; x_wconf 74' lang='grc' dir='ltr'>ἐκινδύνευσεν</span> <span class='ocrx_word' id='word_1_484' title='bbox 1264 1157 1281 1191; x_wconf 85' lang='grc' dir='ltr'>ἡ</span> <span class='ocrx_word' id='word_1_485' title='bbox 1298 1153 1368 1195; x_wconf 82' lang='grc' dir='ltr'>φυλὴ</span> <span class='ocrx_word' id='word_1_486' title='bbox 1381 1153 1499 1188; x_wconf 62' lang='grc' dir='ltr'>ι’τελέως</span> <span class='ocrx_word' id='word_1_487' title='bbox 1519 1154 1664 1184; x_wconf 78' lang='grc' dir='ltr'>ἀπολέσθαι</span> <span class='ocrx_word' id='word_1_488' title='bbox 1685 1155 1762 1193; x_wconf 84' lang='grc' dir='ltr'>(οὔτε</span> <span class='ocrx_word' id='word_1_489' title='bbox 1786 1155 1839 1195; x_wconf 78' lang='grc' dir='ltr'>γὰρ</span> 
     </span>
     <span class='ocr_line' id='line_1_68' title="bbox 1066 1195 1839 1241; baseline 0.001 -11"><span class='ocrx_word' id='word_1_490' title='bbox 1066 1195 1137 1241; x_wconf 73' lang='grc' dir='ltr'>εἶχον</span> <span class='ocrx_word' id='word_1_491' title='bbox 1152 1198 1224 1230; x_wconf 69' lang='grc' dir='ltr'>οὗτοι</span> <span class='ocrx_word' id='word_1_492' title='bbox 1241 1206 1384 1240; x_wconf 78' lang='grc' dir='ltr'>γυναῖκας,</span> <span class='ocrx_word' id='word_1_493' title='bbox 1405 1200 1451 1230; x_wconf 77' lang='grc' dir='ltr'>καὶ</span> <span class='ocrx_word' id='word_1_494' title='bbox 1464 1201 1489 1230; x_wconf 78' lang='grc' dir='ltr'>οἱ</span> <span class='ocrx_word' id='word_1_495' title='bbox 1503 1201 1554 1230; x_wconf 81' lang='grc' dir='ltr'>υἱοὶ</span> <span class='ocrx_word' id='word_1_496' title='bbox 1569 1201 1679 1241; x_wconf 83' lang='grc' dir='ltr'>Ἰσραὴλ</span> <span class='ocrx_word' id='word_1_497' title='bbox 1690 1201 1798 1241; x_wconf 82' lang='grc' dir='ltr'>ὤμοσαν</span> <span class='ocrx_word' id='word_1_498' title='bbox 1812 1201 1839 1236; x_wconf 84' lang='grc' dir='ltr'>ἐξ</span> 
     </span>
     <span class='ocr_line' id='line_1_69' title="bbox 1066 1246 1840 1289; baseline 0.004 -14"><span class='ocrx_word' id='word_1_499' title='bbox 1066 1248 1152 1276; x_wconf 79' lang='grc' dir='ltr'>αὐτῶν</span> <span class='ocrx_word' id='word_1_500' title='bbox 1167 1246 1204 1286; x_wconf 81' lang='grc' dir='ltr'>μὴ</span> <span class='ocrx_word' id='word_1_501' title='bbox 1220 1247 1313 1277; x_wconf 77' lang='grc' dir='ltr'>δώσειν</span> <span class='ocrx_word' id='word_1_502' title='bbox 1331 1247 1454 1286; x_wconf 80' lang='grc' dir='ltr'>αὐτοῖς),</span> <span class='ocrx_word' id='word_1_503' title='bbox 1472 1247 1575 1281; x_wconf 80' lang='grc' dir='ltr'>ἑλόντες</span> <span class='ocrx_word' id='word_1_504' title='bbox 1590 1247 1650 1281; x_wconf 80' lang='grc' dir='ltr'>τοὺς</span> <span class='ocrx_word' id='word_1_505' title='bbox 1672 1248 1710 1287; x_wconf 83' lang='grc' dir='ltr'>μὴ</span> <span class='ocrx_word' id='word_1_506' title='bbox 1727 1259 1840 1289; x_wconf 83' lang='grc' dir='ltr'>συστρα-</span> 
     </span>
     <span class='ocr_line' id='line_1_70' title="bbox 1066 1293 1840 1334; baseline 0.003 -12"><span class='ocrx_word' id='word_1_507' title='bbox 1066 1293 1210 1327; x_wconf 85' lang='grc' dir='ltr'>τεύσαντας</span> <span class='ocrx_word' id='word_1_508' title='bbox 1225 1296 1312 1327; x_wconf 79' lang='grc' dir='ltr'>αὐτοῖς</span> <span class='ocrx_word' id='word_1_509' title='bbox 1324 1294 1394 1324; x_wconf 79' lang='grc' dir='ltr'>κατὰ</span> <span class='ocrx_word' id='word_1_510' title='bbox 1406 1297 1460 1324; x_wconf 88' lang='grc' dir='ltr'>τῶν</span> <span class='ocrx_word' id='word_1_511' title='bbox 1477 1296 1658 1334; x_wconf 76' lang='grc' dir='ltr'>Βενιαμιτῶν,</span> <span class='ocrx_word' id='word_1_512' title='bbox 1672 1294 1719 1328; x_wconf 79' lang='grc' dir='ltr'>τὰς</span> <span class='ocrx_word' id='word_1_513' title='bbox 1733 1294 1840 1324; x_wconf 77' lang='grc' dir='ltr'>ἐκείνων</span> 
     </span>
     <span class='ocr_line' id='line_1_71' title="bbox 1066 1338 1840 1380; baseline 0.003 -12"><span class='ocrx_word' id='word_1_514' title='bbox 1066 1338 1210 1379; x_wconf 83' lang='grc' dir='ltr'>παρθένους</span> <span class='ocrx_word' id='word_1_515' title='bbox 1223 1339 1324 1369; x_wconf 84' lang='grc' dir='ltr'>ἔδωκαν</span> <span class='ocrx_word' id='word_1_516' title='bbox 1336 1341 1425 1373; x_wconf 81' lang='grc' dir='ltr'>αὐτοῖς</span> <span class='ocrx_word' id='word_1_517' title='bbox 1438 1341 1611 1380; x_wconf 81' lang='grc' dir='ltr'>τετρακοσίας</span> <span class='ocrx_word' id='word_1_518' title='bbox 1619 1352 1626 1359; x_wconf 91' lang='grc'><em>·</em></span> <span class='ocrx_word' id='word_1_519' title='bbox 1637 1342 1673 1374; x_wconf 81' lang='grc' dir='ltr'>ὥς</span> <span class='ocrx_word' id='word_1_520' title='bbox 1684 1340 1712 1370; x_wconf 79' lang='grc' dir='ltr'>δὲ</span> <span class='ocrx_word' id='word_1_521' title='bbox 1721 1340 1840 1370; x_wconf 75' lang='grc' dir='ltr'>ἐνέλιπον</span> 
     </span>
     <span class='ocr_line' id='line_1_72' title="bbox 1066 1385 1838 1426; baseline 0.003 -12"><span class='ocrx_word' id='word_1_522' title='bbox 1066 1385 1115 1421; x_wconf 87' lang='grc' dir='ltr'>ἔτι,</span> <span class='ocrx_word' id='word_1_523' title='bbox 1129 1387 1222 1425; x_wconf 73' lang='grc' dir='ltr'>ἑορτῆς</span> <span class='ocrx_word' id='word_1_524' title='bbox 1235 1385 1404 1424; x_wconf 82' lang='grc' dir='ltr'>τελουμένης,</span> <span class='ocrx_word' id='word_1_525' title='bbox 1416 1386 1605 1426; x_wconf 79' lang='grc' dir='ltr'>συνεχώρησαν</span> <span class='ocrx_word' id='word_1_526' title='bbox 1623 1388 1711 1420; x_wconf 70' lang='grc' dir='ltr'>αὐτοῖς</span> <span class='ocrx_word' id='word_1_527' title='bbox 1719 1387 1838 1421; x_wconf 77' lang='grc' dir='ltr'>ἐξελθοῦ-</span> 
     </span>
     <span class='ocr_line' id='line_1_73' title="bbox 1067 1431 1812 1472; baseline 0.003 -12"><span class='ocrx_word' id='word_1_528' title='bbox 1067 1442 1109 1460; x_wconf 87' lang='grc' dir='ltr'>σιν</span> <span class='ocrx_word' id='word_1_529' title='bbox 1123 1431 1280 1471; x_wconf 81' lang='grc' dir='ltr'>ἀφαρπάσαι</span> <span class='ocrx_word' id='word_1_530' title='bbox 1293 1431 1446 1472; x_wconf 83' lang='grc' dir='ltr'>παρθένους,</span> <span class='ocrx_word' id='word_1_531' title='bbox 1459 1433 1507 1462; x_wconf 81' lang='grc' dir='ltr'>οὐκ</span> <span class='ocrx_word' id='word_1_532' title='bbox 1521 1432 1626 1462; x_wconf 80' lang='grc' dir='ltr'>εἰδότων</span> <span class='ocrx_word' id='word_1_533' title='bbox 1640 1434 1692 1462; x_wconf 84' lang='grc' dir='ltr'>τῶν</span> <span class='ocrx_word' id='word_1_534' title='bbox 1705 1432 1812 1472; x_wconf 81' lang='grc' dir='ltr'>γονέων.</span> 
     </span>
    </p>
   </div>
   <div class='ocr_carea' id='block_1_17' title="bbox 1307 1595 1600 1616">
    <p class='ocr_par' dir='ltr' id='par_1_18' title="bbox 1307 1595 1600 1616">
     <span class='ocr_line' id='line_1_74' title="bbox 1307 1595 1600 1616; baseline -0.003 -2"><span class='ocrx_word' id='word_1_535' title='bbox 1307 1595 1429 1615; x_wconf 79' lang='grc' dir='ltr'><strong>ΣΥΝΟΨΙΣ</strong></span> <span class='ocrx_word' id='word_1_536' title='bbox 1445 1595 1499 1615; x_wconf 71' lang='grc' dir='ltr'>ΤΗΣ</span> <span class='ocrx_word' id='word_1_537' title='bbox 1517 1595 1600 1616; x_wconf 80' lang='grc' dir='ltr'>ΡΟΥΘ.</span> 
     </span>
    </p>
   </div>
   <div class='ocr_carea' id='block_1_18' title="bbox 1066 1673 1842 2081">
    <p class='ocr_par' dir='ltr' id='par_1_19' title="bbox 1066 1673 1842 2081">
     <span class='ocr_line' id='line_1_75' title="bbox 1107 1673 1840 1716; baseline 0.003 -13"><span class='ocrx_word' id='word_1_538' title='bbox 1107 1673 1143 1704; x_wconf 84' lang='grc' dir='ltr'>Ἢ</span> <span class='ocrx_word' id='word_1_539' title='bbox 1155 1673 1295 1713; x_wconf 78' lang='grc' dir='ltr'>Νοεμμὴν,</span> <span class='ocrx_word' id='word_1_540' title='bbox 1304 1675 1479 1708; x_wconf 74' lang='grc' dir='ltr'>ἀποθανόντος</span> <span class='ocrx_word' id='word_1_541' title='bbox 1488 1676 1554 1715; x_wconf 68' lang='grc' dir='ltr'>αὐτῇ</span> <span class='ocrx_word' id='word_1_542' title='bbox 1564 1677 1610 1705; x_wconf 85' lang='grc' dir='ltr'>τοῦ</span> <span class='ocrx_word' id='word_1_543' title='bbox 1623 1675 1724 1716; x_wconf 77' lang='grc' dir='ltr'>ἀνδρὸς,</span> <span class='ocrx_word' id='word_1_544' title='bbox 1733 1676 1840 1706; x_wconf 76' lang='grc' dir='ltr'>καὶτῶν</span> 
     </span>
     <span class='ocr_line' id='line_1_76' title="bbox 1067 1720 1840 1760; baseline 0.004 -11"><span class='ocrx_word' id='word_1_545' title='bbox 1067 1721 1149 1756; x_wconf 74' lang='grc' dir='ltr'>υἱῶν,</span> <span class='ocrx_word' id='word_1_546' title='bbox 1163 1720 1209 1749; x_wconf 79' lang='grc' dir='ltr'>καὶ</span> <span class='ocrx_word' id='word_1_547' title='bbox 1229 1723 1277 1750; x_wconf 74' lang='grc' dir='ltr'>τοῦ</span> <span class='ocrx_word' id='word_1_548' title='bbox 1296 1722 1376 1760; x_wconf 82' lang='grc' dir='ltr'>λιμοῦ</span> <span class='ocrx_word' id='word_1_549' title='bbox 1389 1720 1548 1758; x_wconf 79' lang='grc' dir='ltr'>παυθέντος,</span> <span class='ocrx_word' id='word_1_550' title='bbox 1565 1722 1598 1751; x_wconf 86' lang='grc' dir='ltr'>δι’</span> <span class='ocrx_word' id='word_1_551' title='bbox 1619 1721 1648 1751; x_wconf 78' lang='grc' dir='ltr'>ὃν</span> <span class='ocrx_word' id='word_1_552' title='bbox 1670 1722 1715 1752; x_wconf 79' lang='grc' dir='ltr'>καὶ</span> <span class='ocrx_word' id='word_1_553' title='bbox 1737 1724 1774 1756; x_wconf 79' lang='grc' dir='ltr'>εἰς</span> <span class='ocrx_word' id='word_1_554' title='bbox 1791 1722 1840 1759; x_wconf 74' lang='grc' dir='ltr'>τὴν</span> 
     </span>
     <span class='ocr_line' id='line_1_77' title="bbox 1069 1766 1841 1807; baseline 0.004 -12"><span class='ocrx_word' id='word_1_555' title='bbox 1069 1766 1208 1795; x_wconf 73' lang='grc' dir='ltr'>Μωαὸῗτιν</span> <span class='ocrx_word' id='word_1_556' title='bbox 1223 1766 1388 1807; x_wconf 77' lang='grc' dir='ltr'>μετῴκησεν,</span> <span class='ocrx_word' id='word_1_557' title='bbox 1403 1766 1511 1807; x_wconf 82' lang='grc' dir='ltr'>ἔρχεται</span> <span class='ocrx_word' id='word_1_558' title='bbox 1521 1769 1559 1801; x_wconf 83' lang='grc' dir='ltr'>εἰς</span> <span class='ocrx_word' id='word_1_559' title='bbox 1576 1767 1625 1804; x_wconf 78' lang='grc' dir='ltr'>τὴν</span> <span class='ocrx_word' id='word_1_560' title='bbox 1638 1768 1784 1804; x_wconf 85' lang='grc' dir='ltr'>Ἰουδαίαν,</span> <span class='ocrx_word' id='word_1_561' title='bbox 1795 1769 1841 1798; x_wconf 78' lang='grc' dir='ltr'>καὶ</span> 
     </span>
     <span class='ocr_line' id='line_1_78' title="bbox 1068 1811 1842 1854; baseline 0.005 -14"><span class='ocrx_word' id='word_1_562' title='bbox 1068 1813 1085 1847; x_wconf 87' lang='grc' dir='ltr'>ἡ</span> <span class='ocrx_word' id='word_1_563' title='bbox 1102 1811 1150 1850; x_wconf 74' lang='grc' dir='ltr'>μὲν</span> <span class='ocrx_word' id='word_1_564' title='bbox 1164 1811 1212 1851; x_wconf 89' lang='grc' dir='ltr'>μία</span> <span class='ocrx_word' id='word_1_565' title='bbox 1228 1813 1310 1848; x_wconf 74' lang='grc' dir='ltr'>αὐτῆς</span> <span class='ocrx_word' id='word_1_566' title='bbox 1319 1812 1408 1853; x_wconf 82' lang='grc' dir='ltr'>νύμφη</span> <span class='ocrx_word' id='word_1_567' title='bbox 1419 1812 1527 1849; x_wconf 77' lang='grc' dir='ltr'>ἐπείσθη</span> <span class='ocrx_word' id='word_1_568' title='bbox 1542 1817 1631 1852; x_wconf 79' lang='grc' dir='ltr'>μεῖναι</span> <span class='ocrx_word' id='word_1_569' title='bbox 1644 1815 1672 1843; x_wconf 82' lang='grc' dir='ltr'>ἐν</span> <span class='ocrx_word' id='word_1_570' title='bbox 1682 1816 1716 1854; x_wconf 82' lang='grc' dir='ltr'>τῇ</span> <span class='ocrx_word' id='word_1_571' title='bbox 1730 1814 1842 1844; x_wconf 75' lang='grc' dir='ltr'>Μωαὸί-</span> 
     </span>
     <span class='ocr_line' id='line_1_79' title="bbox 1067 1854 1841 1902; baseline 0.004 -15"><span class='ocrx_word' id='word_1_572' title='bbox 1067 1859 1120 1887; x_wconf 83' lang='grc' dir='ltr'>τιδι</span> <span class='ocrx_word' id='word_1_573' title='bbox 1130 1870 1137 1876; x_wconf 94' lang='grc'><em>·</em></span> <span class='ocrx_word' id='word_1_574' title='bbox 1149 1860 1166 1894; x_wconf 82' lang='grc' dir='ltr'>ἡ</span> <span class='ocrx_word' id='word_1_575' title='bbox 1176 1859 1204 1888; x_wconf 80' lang='grc' dir='ltr'>δὲ</span> <span class='ocrx_word' id='word_1_576' title='bbox 1217 1858 1295 1895; x_wconf 78' lang='grc' dir='ltr'>ἄλλη,</span> <span class='ocrx_word' id='word_1_577' title='bbox 1309 1854 1328 1898; x_wconf 73' lang='grc' dir='ltr'>ᾗ</span> <span class='ocrx_word' id='word_1_578' title='bbox 1340 1859 1422 1898; x_wconf 81' lang='grc' dir='ltr'>ὄνομα</span> <span class='ocrx_word' id='word_1_579' title='bbox 1436 1858 1526 1895; x_wconf 48' lang='lat' dir='ltr'>‘Pota</span> <span class='ocrx_word' id='word_1_580' title='bbox 1537 1860 1624 1889; x_wconf 79' lang='grc' dir='ltr'>πολλὰ</span> <span class='ocrx_word' id='word_1_581' title='bbox 1638 1861 1841 1902; x_wconf 81' lang='grc' dir='ltr'>παρακαλούσῃ,</span> 
     </span>
     <span class='ocr_line' id='line_1_80' title="bbox 1068 1900 1840 1942; baseline 0.005 -10"><span class='ocrx_word' id='word_1_582' title='bbox 1068 1902 1138 1932; x_wconf 81' lang='grc' dir='ltr'>ὥστε</span> <span class='ocrx_word' id='word_1_583' title='bbox 1154 1908 1258 1942; x_wconf 83' lang='grc' dir='ltr'>μεῖναι,</span> <span class='ocrx_word' id='word_1_584' title='bbox 1280 1905 1328 1933; x_wconf 78' lang='grc' dir='ltr'>οὐκ</span> <span class='ocrx_word' id='word_1_585' title='bbox 1348 1900 1431 1940; x_wconf 76' lang='grc' dir='ltr'>εἶξεν,</span> <span class='ocrx_word' id='word_1_586' title='bbox 1455 1904 1524 1934; x_wconf 74' lang='grc' dir='ltr'>ἀλλὰ</span> <span class='ocrx_word' id='word_1_587' title='bbox 1544 1906 1764 1942; x_wconf 84' lang='grc' dir='ltr'>συνηκολούθησε.</span> <span class='ocrx_word' id='word_1_588' title='bbox 1788 1907 1840 1936; x_wconf 77' lang='grc' dir='ltr'>Καὶ</span> 
     </span>
     <span class='ocr_line' id='line_1_81' title="bbox 1067 1949 1841 1991; baseline 0.006 -14"><span class='ocrx_word' id='word_1_589' title='bbox 1067 1952 1193 1988; x_wconf 80' lang='grc' dir='ltr'>γαμεῖται</span> <span class='ocrx_word' id='word_1_590' title='bbox 1207 1951 1245 1989; x_wconf 80' lang='grc' dir='ltr'>τῷ</span> <span class='ocrx_word' id='word_1_591' title='bbox 1265 1949 1357 1986; x_wconf 77' lang='grc' dir='ltr'>Βοὼζ,</span> <span class='ocrx_word' id='word_1_592' title='bbox 1376 1950 1558 1990; x_wconf 71' lang='grc' dir='ltr'>ἀγχιστεύοντι</span> <span class='ocrx_word' id='word_1_593' title='bbox 1571 1951 1620 1987; x_wconf 74' lang='grc' dir='ltr'>τὴν</span> <span class='ocrx_word' id='word_1_594' title='bbox 1638 1952 1781 1991; x_wconf 82' lang='grc' dir='ltr'>Νοεμμὴν,</span> <span class='ocrx_word' id='word_1_595' title='bbox 1796 1952 1841 1982; x_wconf 83' lang='grc' dir='ltr'>καὶ</span> 
     </span>
     <span class='ocr_line' id='line_1_82' title="bbox 1066 1994 1841 2034; baseline 0.006 -11"><span class='ocrx_word' id='word_1_596' title='bbox 1066 1994 1150 2023; x_wconf 83' lang='grc' dir='ltr'>τίκτει</span> <span class='ocrx_word' id='word_1_597' title='bbox 1163 1995 1209 2024; x_wconf 84' lang='grc' dir='ltr'>τὸν</span> <span class='ocrx_word' id='word_1_598' title='bbox 1223 1995 1318 2031; x_wconf 61' lang='lat' dir='ltr'>’oe-hs,</span> <span class='ocrx_word' id='word_1_599' title='bbox 1333 1998 1347 2025; x_wconf 82' lang='grc' dir='ltr'>δ</span> <span class='ocrx_word' id='word_1_600' title='bbox 1361 1995 1389 2026; x_wconf 84' lang='grc' dir='ltr'>δὲ</span> <span class='ocrx_word' id='word_1_601' title='bbox 1399 1996 1486 2033; x_wconf 78' lang='grc' dir='ltr'>Ὀὅὴδ</span> <span class='ocrx_word' id='word_1_602' title='bbox 1499 1997 1543 2026; x_wconf 75' lang='grc' dir='ltr'>τὸν</span> <span class='ocrx_word' id='word_1_603' title='bbox 1552 1997 1661 2034; x_wconf 76' lang='grc' dir='ltr'>Ἰεσσαὶ,</span> <span class='ocrx_word' id='word_1_604' title='bbox 1673 2000 1687 2027; x_wconf 81' lang='grc' dir='ltr'>ὁ</span> <span class='ocrx_word' id='word_1_605' title='bbox 1701 1997 1729 2027; x_wconf 80' lang='grc' dir='ltr'>δὲ</span> <span class='ocrx_word' id='word_1_606' title='bbox 1742 1999 1841 2028; x_wconf 79' lang='grc' dir='ltr'>Ἰεσσαὶ</span> 
     </span>
     <span class='ocr_line' id='line_1_83' title="bbox 1067 2039 1340 2081; baseline 0.007 -12"><span class='ocrx_word' id='word_1_607' title='bbox 1067 2039 1152 2070; x_wconf 80' lang='grc' dir='ltr'>Δαυὶδ</span> <span class='ocrx_word' id='word_1_608' title='bbox 1164 2040 1209 2071; x_wconf 82' lang='grc' dir='ltr'>τὸν</span> <span class='ocrx_word' id='word_1_609' title='bbox 1220 2041 1340 2081; x_wconf 83' lang='grc' dir='ltr'>βασιλέα.</span> 
     </span>
    </p>
   </div>
   <div class='ocr_carea' id='block_1_19' title="bbox 1228 2147 1680 2169">
    <p class='ocr_par' dir='ltr' id='par_1_20' title="bbox 1228 2147 1680 2169">
     <span class='ocr_line' id='line_1_84' title="bbox 1228 2147 1680 2169; baseline 0 -2"><span class='ocrx_word' id='word_1_610' title='bbox 1228 2147 1348 2168; x_wconf 73' lang='grc' dir='ltr'><strong>ΣΥΝΟΨΙΣ</strong></span> <span class='ocrx_word' id='word_1_611' title='bbox 1369 2149 1424 2168; x_wconf 85' lang='grc' dir='ltr'>ΤΟΥ</span> <span class='ocrx_word' id='word_1_612' title='bbox 1441 2148 1526 2168; x_wconf 75' lang='grc' dir='ltr'>ΤΕἹῬΔ</span> <span class='ocrx_word' id='word_1_613' title='bbox 1529 2149 1680 2169; x_wconf 77' lang='grc' dir='ltr'>ΒΔΣΙΔΕΙΟΥ.</span> 
     </span>
    </p>
   </div>
   <div class='ocr_carea' id='block_1_20' title="bbox 1069 2222 1887 2544">
    <p class='ocr_par' dir='ltr' id='par_1_21' title="bbox 1069 2222 1887 2544">
     <span class='ocr_line' id='line_1_85' title="bbox 1110 2222 1843 2268; baseline 0.005 -15"><span class='ocrx_word' id='word_1_614' title='bbox 1110 2222 1228 2254; x_wconf 66' lang='lat' dir='ltr'>‘mxuma</span> <span class='ocrx_word' id='word_1_615' title='bbox 1240 2230 1366 2264; x_wconf 82' lang='grc' dir='ltr'>γυναῖκας</span> <span class='ocrx_word' id='word_1_616' title='bbox 1377 2227 1446 2267; x_wconf 81' lang='grc' dir='ltr'>ἔχων</span> <span class='ocrx_word' id='word_1_617' title='bbox 1457 2227 1512 2263; x_wconf 82' lang='grc' dir='ltr'>δύο,</span> <span class='ocrx_word' id='word_1_618' title='bbox 1524 2227 1578 2257; x_wconf 83' lang='grc' dir='ltr'>ἀπὸ</span> <span class='ocrx_word' id='word_1_619' title='bbox 1590 2229 1638 2263; x_wconf 75' lang='grc' dir='ltr'>τῆς</span> <span class='ocrx_word' id='word_1_620' title='bbox 1652 2233 1714 2267; x_wconf 73' lang='grc' dir='ltr'>μιᾶς</span> <span class='ocrx_word' id='word_1_621' title='bbox 1724 2228 1772 2257; x_wconf 85' lang='grc' dir='ltr'>οὖκ</span> <span class='ocrx_word' id='word_1_622' title='bbox 1786 2224 1843 2268; x_wconf 84' lang='grc' dir='ltr'>εἶχε</span> 
     </span>
     <span class='ocr_line' id='line_1_86' title="bbox 1069 2269 1842 2313; baseline 0.006 -15"><span class='ocrx_word' id='word_1_623' title='bbox 1069 2270 1175 2304; x_wconf 80' lang='grc' dir='ltr'>παῖδας.</span> <span class='ocrx_word' id='word_1_624' title='bbox 1189 2269 1237 2304; x_wconf 82' lang='grc' dir='ltr'>Ὡς</span> <span class='ocrx_word' id='word_1_625' title='bbox 1251 2271 1278 2301; x_wconf 76' lang='grc' dir='ltr'>δὲ</span> <span class='ocrx_word' id='word_1_626' title='bbox 1290 2273 1386 2307; x_wconf 79' lang='grc' dir='ltr'>ἀνῆλθε</span> <span class='ocrx_word' id='word_1_627' title='bbox 1401 2275 1478 2302; x_wconf 84' lang='grc' dir='ltr'>θῦσαι</span> <span class='ocrx_word' id='word_1_628' title='bbox 1496 2274 1523 2303; x_wconf 82' lang='grc' dir='ltr'>ἐν</span> <span class='ocrx_word' id='word_1_629' title='bbox 1537 2273 1650 2312; x_wconf 84' lang='grc' dir='ltr'>Σηλὼμ,</span> <span class='ocrx_word' id='word_1_630' title='bbox 1664 2273 1842 2313; x_wconf 85' lang='grc' dir='ltr'>προσεύχεται</span> 
     </span>
     <span class='ocr_line' id='line_1_87' title="bbox 1070 2316 1842 2358; baseline 0.005 -12"><span class='ocrx_word' id='word_1_631' title='bbox 1070 2318 1087 2352; x_wconf 84' lang='grc' dir='ltr'>ἡ</span> <span class='ocrx_word' id='word_1_632' title='bbox 1101 2316 1177 2356; x_wconf 79' lang='grc' dir='ltr'>γυνὴ,</span> <span class='ocrx_word' id='word_1_633' title='bbox 1192 2317 1238 2347; x_wconf 79' lang='grc' dir='ltr'>καὶ</span> <span class='ocrx_word' id='word_1_634' title='bbox 1252 2317 1335 2348; x_wconf 84' lang='grc' dir='ltr'>τίκτει</span> <span class='ocrx_word' id='word_1_635' title='bbox 1354 2319 1399 2349; x_wconf 79' lang='grc' dir='ltr'>τὸν</span> <span class='ocrx_word' id='word_1_636' title='bbox 1414 2319 1560 2358; x_wconf 84' lang='grc' dir='ltr'>Σαμουὴλ,</span> <span class='ocrx_word' id='word_1_637' title='bbox 1580 2319 1625 2349; x_wconf 73' lang='grc' dir='ltr'>καὶ</span> <span class='ocrx_word' id='word_1_638' title='bbox 1640 2319 1745 2348; x_wconf 84' lang='grc' dir='ltr'>δίδωσιν</span> <span class='ocrx_word' id='word_1_639' title='bbox 1763 2320 1842 2350; x_wconf 80' lang='grc' dir='ltr'>αὐτὸν</span> 
     </span>
     <span class='ocr_line' id='line_1_88' title="bbox 1071 2359 1841 2406; baseline 0.004 -14"><span class='ocrx_word' id='word_1_640' title='bbox 1071 2364 1108 2396; x_wconf 86' lang='grc' dir='ltr'>εἷς</span> <span class='ocrx_word' id='word_1_641' title='bbox 1124 2363 1169 2393; x_wconf 82' lang='grc' dir='ltr'>τὸν</span> <span class='ocrx_word' id='word_1_642' title='bbox 1189 2359 1258 2393; x_wconf 73' lang='grc' dir='ltr'>οἶκον</span> <span class='ocrx_word' id='word_1_643' title='bbox 1273 2365 1372 2405; x_wconf 85' lang='grc' dir='ltr'>Κυρίου</span> <span class='ocrx_word' id='word_1_644' title='bbox 1387 2367 1524 2403; x_wconf 80' lang='grc' dir='ltr'>διηνεκῶς,</span> <span class='ocrx_word' id='word_1_645' title='bbox 1539 2365 1626 2399; x_wconf 80' lang='grc' dir='ltr'>καθὼς</span> <span class='ocrx_word' id='word_1_646' title='bbox 1638 2365 1736 2402; x_wconf 81' lang='grc' dir='ltr'>ηὔξατο</span> <span class='ocrx_word' id='word_1_647' title='bbox 1749 2367 1811 2406; x_wconf 86' lang='grc' dir='ltr'>πρὶν</span> <span class='ocrx_word' id='word_1_648' title='bbox 1824 2366 1841 2402; x_wconf 84' lang='grc' dir='ltr'>ἢ</span> 
     </span>
     <span class='ocr_line' id='line_1_89' title="bbox 1072 2406 1841 2452; baseline 0.007 -15"><span class='ocrx_word' id='word_1_649' title='bbox 1072 2409 1214 2438; x_wconf 77' lang='grc' dir='ltr'>συλλαὸεῖν</span> <span class='ocrx_word' id='word_1_650' title='bbox 1227 2410 1316 2440; x_wconf 80' lang='grc' dir='ltr'>αὐτόν.</span> <span class='ocrx_word' id='word_1_651' title='bbox 1331 2406 1385 2441; x_wconf 81' lang='grc' dir='ltr'>Ἦν</span> <span class='ocrx_word' id='word_1_652' title='bbox 1399 2412 1427 2442; x_wconf 83' lang='grc' dir='ltr'>δὲ</span> <span class='ocrx_word' id='word_1_653' title='bbox 1449 2411 1532 2452; x_wconf 79' lang='grc' dir='ltr'>ἱερεὺς</span> <span class='ocrx_word' id='word_1_654' title='bbox 1550 2411 1610 2441; x_wconf 86' lang='grc' dir='ltr'>τότε</span> <span class='ocrx_word' id='word_1_655' title='bbox 1627 2413 1641 2440; x_wconf 84' lang='grc' dir='ltr'><strong>ὁ</strong></span> <span class='ocrx_word' id='word_1_656' title='bbox 1661 2411 1748 2441; x_wconf 84' lang='grc' dir='ltr'>Ἠλεί.</span> <span class='ocrx_word' id='word_1_657' title='bbox 1764 2413 1798 2441; x_wconf 84' lang='grc' dir='ltr'>Οἱ</span> <span class='ocrx_word' id='word_1_658' title='bbox 1814 2412 1841 2442; x_wconf 81' lang='grc' dir='ltr'>δὲ</span> 
     </span>
     <span class='ocr_line' id='line_1_90' title="bbox 1072 2455 1843 2498; baseline 0.005 -15"><span class='ocrx_word' id='word_1_659' title='bbox 1072 2455 1123 2484; x_wconf 79' lang='grc' dir='ltr'>υἱοὶ</span> <span class='ocrx_word' id='word_1_660' title='bbox 1147 2455 1223 2485; x_wconf 83' lang='grc' dir='ltr'>Ἠλεὶ</span> <span class='ocrx_word' id='word_1_661' title='bbox 1242 2456 1321 2497; x_wconf 77' lang='grc' dir='ltr'>Ὀφνὶ</span> <span class='ocrx_word' id='word_1_662' title='bbox 1343 2457 1389 2487; x_wconf 79' lang='grc' dir='ltr'>καὶ</span> <span class='ocrx_word' id='word_1_663' title='bbox 1411 2457 1522 2494; x_wconf 75' lang='grc' dir='ltr'>Φινεὲς,</span> <span class='ocrx_word' id='word_1_664' title='bbox 1543 2456 1632 2496; x_wconf 74' lang='grc' dir='ltr'>λοιμοὶ</span> <span class='ocrx_word' id='word_1_665' title='bbox 1652 2457 1698 2487; x_wconf 74' lang='grc' dir='ltr'>καὶ</span> <span class='ocrx_word' id='word_1_666' title='bbox 1713 2458 1843 2498; x_wconf 82' lang='grc' dir='ltr'>μοχθηροὶ</span> 
     </span>
     <span class='ocr_line' id='line_1_91' title="bbox 1072 2500 1887 2544; baseline 0.005 -15"><span class='ocrx_word' id='word_1_667' title='bbox 1072 2500 1141 2537; x_wconf 79' lang='grc' dir='ltr'>νέοι,</span> <span class='ocrx_word' id='word_1_668' title='bbox 1157 2502 1404 2541; x_wconf 81' lang='grc' dir='ltr'>μεταλαμὸἄνοντες</span> <span class='ocrx_word' id='word_1_669' title='bbox 1417 2504 1448 2534; x_wconf 81' lang='grc' dir='ltr'>ἐκ</span> <span class='ocrx_word' id='word_1_670' title='bbox 1460 2506 1513 2533; x_wconf 85' lang='grc' dir='ltr'>τῶν</span> <span class='ocrx_word' id='word_1_671' title='bbox 1527 2506 1636 2540; x_wconf 83' lang='grc' dir='ltr'>θυσιῶν,</span> <span class='ocrx_word' id='word_1_672' title='bbox 1650 2503 1712 2544; x_wconf 77' lang='grc' dir='ltr'>πρὶν</span> <span class='ocrx_word' id='word_1_673' title='bbox 1723 2504 1741 2539; x_wconf 82' lang='grc' dir='ltr'><strong>ἢ</strong></span> <span class='ocrx_word' id='word_1_674' title='bbox 1755 2515 1840 2544; x_wconf 80' lang='grc' dir='ltr'>προσ·</span> <span class='ocrx_word' id='word_1_675' title='bbox 1882 2538 1887 2541; x_wconf 72' lang='lat'>,</span> 
     </span>
    </p>
   </div>
   <div class='ocr_carea' id='block_1_21' title="bbox 1073 2549 1840 2590">
    <p class='ocr_par' dir='ltr' id='par_1_22' title="bbox 1073 2549 1840 2590">
     <span class='ocr_line' id='line_1_92' title="bbox 1073 2549 1840 2590; baseline 0.007 -16"><span class='ocrx_word' id='word_1_676' title='bbox 1073 2549 1210 2586; x_wconf 83' lang='grc' dir='ltr'>ενεχθῆναι</span> <span class='ocrx_word' id='word_1_677' title='bbox 1224 2549 1296 2589; x_wconf 81' lang='grc' dir='ltr'>Θεῷ.</span> <span class='ocrx_word' id='word_1_678' title='bbox 1311 2549 1345 2579; x_wconf 90' lang='grc' dir='ltr'>Ὁ</span> <span class='ocrx_word' id='word_1_679' title='bbox 1368 2549 1396 2580; x_wconf 77' lang='grc' dir='ltr'>δὲ</span> <span class='ocrx_word' id='word_1_680' title='bbox 1418 2549 1493 2580; x_wconf 73' lang='grc' dir='ltr'>Ἠλεὶ</span> <span class='ocrx_word' id='word_1_681' title='bbox 1515 2549 1642 2590; x_wconf 80' lang='grc' dir='ltr'>εὐλόγησε</span> <span class='ocrx_word' id='word_1_682' title='bbox 1662 2549 1711 2586; x_wconf 87' lang='grc' dir='ltr'>τὴν</span> <span class='ocrx_word' id='word_1_683' title='bbox 1731 2549 1840 2587; x_wconf 83' lang='grc' dir='ltr'>Ἄνναν,</span> 
     </span>
    </p>
   </div>
   <div class='ocr_carea' id='block_1_22' title="bbox 1112 2627 1352 2661">
    <p class='ocr_par' dir='ltr' id='par_1_23' title="bbox 1112 2627 1352 2661">
     <span class='ocr_line' id='line_1_93' title="bbox 1112 2627 1352 2661; baseline 0.013 -9"><span class='ocrx_word' id='word_1_684' title='bbox 1112 2628 1125 2647; x_wconf 78' lang='lat' dir='ltr'>b</span> <span class='ocrx_word' id='word_1_685' title='bbox 1143 2627 1236 2660; x_wconf 84' lang='lat' dir='ltr'>[Coisl.</span> <span class='ocrx_word' id='word_1_686' title='bbox 1249 2631 1332 2655; x_wconf 75' lang='grc' dir='ltr'>τέλεον.</span> <span class='ocrx_word' id='word_1_687' title='bbox 1343 2629 1352 2661; x_wconf 90' lang='grc'>]</span> 
     </span>
    </p>
   </div>
  </div>
 </body>
</html>
