1890 2826
248 202 319 247 406

247 276 293 314 qui
309 275 381 304 missi
394 275 497 304 fuerant
509 285 560 304 non
575 275 704 311 redirent,
718 275 766 306 sed
779 283 913 306 manentoe
922 286 986 316 pro-

248 323 404 361 phetarent,
425 322 481 362 ipse
494 331 601 360 quoque
615 321 693 350 abiit.
714 321 758 351 Ad
767 321 900 352 Jonathan
921 321 988 350 adiit

245 367 347 405 David,
355 375 380 397 et
390 367 523 397 renuntiat
533 366 558 396 ei
572 366 681 397 Saiilem
694 377 771 396 suam
783 366 932 396 machinari
943 377 987 396 ne-

245 424 313 444 cem.
329 414 410 452 Quod
434 415 456 443 si
478 413 558 449 velis,
573 414 671 452 inquit,
685 413 712 442 in
734 413 849 444 crastina
866 413 911 443 die
928 413 985 443 edi-

587 215 617 237 S.
644 215 778 238 JoANMS
803 214 984 238 cnanosT.
1015 216 1169 240 AncfflEP.
1197 217 1460 242 CONSTANTINOP-

1043 278 1067 306 οἱ
1081 277 1247 316 πεμπόμενοι
1261 280 1310 319 οὐχ
1327 279 1502 320 ὑπέστρεφον,
1515 282 1583 311 ἀλλὰ
1594 282 1715 321 μένοντες
1731 296 1812 324 προε-

1043 323 1163 363 φήτευον,
1177 326 1294 360 ἀπῆλθεν
1309 325 1394 359 αὐτός.
1409 325 1538 366 Ἔρχεται
1551 328 1616 368 πρὸς
1629 329 1674 359 τὸν
1687 329 1814 360 Ἰωνάθαν

1042 371 1056 398 ὁ
1070 370 1154 399 Δαυίδ
1163 382 1169 388 ·
1185 371 1345 410 ἀπαγγέλλει
1366 373 1451 413 αὐτῷ,
1471 375 1533 403 ὕει’
1544 379 1611 415 φονᾷ
1630 378 1689 405 κατ’
1705 378 1784 406 αὐτοῦ
1797 379 1813 406 ὁ

1043 416 1143 445 Σαούλ.
1155 417 1208 445 Καὶ
1220 418 1244 446 εἰ
1253 417 1341 456 βούλει
1355 418 1514 459 σαφέστερον
1526 420 1615 460 αὔριον
1629 424 1731 460 μαθεῖν,
1743 422 1812 452 κατὰ

244 471 325 497 scere,
340 468 460 500 tempore
480 459 588 501 prandii
607 460 699 490 abero.
713 459 743 490 Si
761 467 836 500 pater
856 467 921 490 tuus
932 460 984 489 ab·
1004 463 1022 486 D
1041 461 1085 491 τὸν
1107 465 1151 491 τοῦ
1176 461 1282 502 ἀρίστου
1306 464 1397 504 καιρὸν
1422 466 1659 506 ἀπολειφθήσομαι.
1681 462 1750 497 Εἶτα
1765 468 1810 499 ἐὰν

243 506 333 536 sentiae
344 517 450 536 causam
464 505 599 546 petat,dic
611 516 733 541 me,cum
744 505 907 535 sacrificium
917 512 984 535 esset

242 553 269 580 in
286 553 361 587 urbe,
377 552 491 582 abeundi
506 545 642 582 licentiam
656 552 773 592 petiisse.
787 551 821 582 Id
833 552 855 581 si
870 552 917 581 flue
928 552 984 592 pia-

242 599 302 628 cide
319 599 422 633 tulerit,
435 598 503 627 nihil
521 598 586 628 mali
599 597 722 638 suspicor
737 609 744 626 ι
760 598 802 628 sin
819 598 890 637 aegre
910 598 982 627 tule-

242 645 286 680 rit,
302 645 412 684 planum
432 652 472 674 est
492 644 560 673 mihi
574 644 704 674 ultionem
714 651 741 674 et
754 644 866 674 insidias
880 644 980 684 parari.

240 694 297 721 Hoc
307 692 370 722 facit
380 692 532 729 Jonathan;
547 692 612 723 Saiil
626 698 714 721 autem
727 702 812 731 usque
821 691 888 721 adeo
897 691 981 721 iratus

239 746 287 772 est,
301 746 331 768 ut
343 746 452 768 conatus
466 739 501 768 sit
511 739 600 768 filium
613 749 693 768 suum
706 738 838 769 occidere.
854 738 905 768 Ille
915 749 980 768 vero

238 785 271 814 de
285 795 374 815 mensa
388 786 520 822 resiliens,
535 786 564 815 in
576 796 702 825 campum
713 784 810 822 exivit,
826 791 852 814 et
870 785 979 824 sagittas

237 832 325 861 emisit
335 844 342 866 3
357 839 414 862 erat
425 832 498 862 enim
508 832 560 862 hoe
569 832 744 862 constitutum
756 831 880 871 signum;
895 837 921 860 et
932 842 977 861 ac-

235 887 344 907 currens
357 885 417 918 post
426 888 536 908 servum
546 888 638 914 suum,
650 877 717 906 dum
728 876 820 906 David
832 887 864 906 eo
877 876 905 906 in
918 877 978 906 loco

234 923 342 960 latebat,
354 924 409 953 ait:
428 924 490 954 Cito
503 933 630 964 propera,
646 933 679 952 ne
701 922 843 958 cuncteris,
856 922 920 961 quia
933 933 978 952 sa-

232 970 296 1007 gitta
317 970 375 1000 illic
395 977 434 1000 est
456 970 582 1010 procula
594 977 630 999 te.
643 968 780 999 Intellexit
799 968 890 998 David
908 968 976 1007 quid

231 1016 287 1044 haec
308 1015 499 1055 significarent,
513 1022 540 1045 et
553 1025 617 1044 eum
630 1025 725 1044 servus
745 1013 905 1049 recessisset,
920 1014 976 1043 ruit

230 1063 256 1090 iu
274 1062 429 1102 amplexum
448 1061 583 1092 Jonathan
597 1068 623 1091 et
637 1061 714 1090 flevit
730 1072 737 1088 :
753 1060 801 1090 ille
810 1070 874 1090 vero
884 1060 975 1099 fugere

225 1109 307 1147 jussit
337 1116 362 1137 et
385 1116 528 1149 pactorum
548 1107 693 1137 recordari.
718 1108 782 1137 Haec
800 1117 882 1146 porro
901 1114 976 1137 erant

228 1165 261 1183 ne
271 1165 399 1193 umquam
411 1154 623 1184 misericordiam
636 1160 772 1183 amoveret
787 1164 822 1182 ex
835 1152 916 1183 domo
924 1155 974 1184 Jo-

227 1201 336 1237 nathan,
360 1201 417 1231 sive
437 1200 569 1236 viventis,
583 1200 641 1230 sive
653 1200 763 1229 mortui.
780 1200 863 1230 Venit
884 1200 974 1231 David

227 1247 261 1276 ad
278 1248 415 1277 Abimelec
436 1247 611 1276 sacerdotem.
622 1246 701 1276 Tunc
711 1256 795 1286 panes
809 1246 972 1286 propositio-

227 1294 268 1323 nis
291 1294 406 1323 comedit
422 1305 428 1321 :
444 1293 546 1334 accepit
570 1303 678 1332 quoque
699 1292 821 1332 gladium
848 1292 973 1323 Goliathi

226 1339 317 1369 dicens
335 1350 363 1369 se
383 1351 398 1369 a
420 1349 483 1379 rege
495 1339 588 1378 aliquo
611 1338 724 1368 missum
744 1349 806 1367 cum
820 1337 970 1377 diligentia.

1041 509 1133 548 ἔρηται
1144 511 1158 538 ὁ
1171 509 1260 548 πατήρ
1272 520 1322 539 σου
1330 509 1379 546 τὴν
1391 511 1487 547 αἰτίαν,
1498 513 1566 548 εἰπὲ,
1577 513 1619 543 ὅτι
1630 514 1720 548 θυσίας
1730 514 1811 550 οὔσης

1040 556 1067 583 ἐν
1081 557 1114 594 τῇ
1129 555 1220 590 πόλει,
1245 555 1344 595 ᾔτησεν
1358 558 1489 587 ἀπελθεῖν.
1512 558 1576 588 Ἐὰν
1591 559 1640 598 μὲν
1653 555 1697 590 οῧν
1718 560 1810 600 πράως

1039 601 1147 640 ἐνέγκῃ,
1165 600 1239 630 οὐδὲν
1256 602 1397 632 ὑποπτεύω
1418 603 1512 633 δεινόν·
1526 604 1571 634 ἐὰν
1595 604 1622 635 δὲ
1641 606 1806 647 δυσχεραίνῃ,

1038 646 1167 686 πρόδηλος
1178 649 1195 682 ἠ
1206 649 1264 676 κατ’
1277 649 1342 686 ἐμοῦ
1353 648 1414 684 δίκη
1426 649 1475 678 καὶ
1485 650 1622 687 ἔπιδουλή.
1636 652 1712 681 Ποιεῖ
1722 655 1807 682 ταῦτα

1035 693 1050 720 ὁ
1070 692 1207 721 Ἰωνᾶθαν·
1222 695 1236 721 ὁ
1250 692 1278 722 δὲ
1299 693 1388 722 Σαοὺλ
1405 694 1487 728 οὕτως
1508 695 1643 736 ὠργίσθη,
1668 696 1737 728 ὥστε
1761 698 1807 728 καὶ

1035 737 1203 778 ἐπιχειρῆσαι
1212 739 1256 768 τὸν
1268 739 1323 768 υἱὸν
1335 740 1416 769 αὐτοῦ
1427 741 1538 771 ἀνελεῖν.
1549 741 1584 772 Ὁ
1596 742 1623 772 δὲ
1633 743 1807 780 ἀναπηδήσας

1035 783 1065 811 ἐκ
1078 785 1126 818 τῆς
1145 784 1293 831 τραπέζης,
1309 783 1400 820 ἐξῆλθε
1423 787 1460 819 εἷς
1480 787 1511 816 τὸ
1528 787 1635 825 πεδίον,
1655 788 1701 818 καὶ
1720 789 1806 829 ῥίπτει

1033 828 1081 862 τὰς
1093 829 1200 869 σχίζας·
1216 832 1248 865 ἠν
1264 829 1315 870 γὰρ
1330 831 1375 860 καὶ
1388 834 1466 861 τοῦτο
1483 832 1604 872 σύνθημα
1613 846 1620 852 ·
1634 834 1680 864 καὶ
1694 835 1806 875 ἐπιδρα-

1034 874 1091 913 μὼν
1112 876 1218 906 ὄπισθεν
1232 879 1270 916 τῷ
1283 878 1358 906 παιδὶ
1373 879 1467 915 αὐτοῦ,
1487 880 1668 920 κρυπτομένου
1686 882 1741 912 ἐκεῖ
1753 894 1804 913 που

1032 924 1078 950 τοῦ
1092 922 1184 957 Δαυὶδ,
1197 922 1275 962 φησί·
1291 923 1406 963 ταχύνας
1418 925 1530 964 πορεύου
1539 947 1547 961 ,
1567 927 1612 956 καὶ
1625 927 1664 966 μὴ
1675 930 1750 968 στῇς,
1764 928 1804 958 ὅτι

994 970 1013 994 Ε
1032 967 1086 997 ἐκεῖ
1098 970 1115 1003 ἡ
1130 967 1209 1008 σχίζα
1223 968 1276 998 ἀπὸ
1290 972 1336 998 σοῦ
1351 970 1395 999 καὶ
1410 970 1542 1000 ἐπέκεινα.
1561 973 1679 1008 Συνῆκεν
1692 976 1707 1004 ὁ
1720 974 1805 1004 Δαυὶδ

1030 1013 1058 1042 τί
1071 1013 1194 1043 ἐδούλετο
1207 1015 1240 1044 τὰ
1261 1014 1369 1054 ῥήματα
1381 1019 1481 1052 ταῦτα,
1496 1018 1541 1047 καὶ
1563 1021 1609 1049 τοῦ
1627 1020 1720 1054 παιδὸς
1737 1023 1802 1051 α’να-

1030 1059 1210 1099 χωρήσαντος,
1230 1060 1367 1090 ἐπιπίπτει
1380 1064 1418 1102 τῷ
1433 1062 1557 1093 Ἰωνάθαν
1571 1064 1616 1094 καὶ
1629 1065 1730 1095 κλαίει·
1745 1068 1760 1096 ὁ
1773 1066 1801 1096 δὲ

1030 1105 1132 1134 κελεύει
1155 1111 1245 1146 φυγεῖν
1259 1105 1305 1136 καὶ
1321 1110 1469 1146 μεμνῆσθαι
1490 1111 1543 1139 τῶν
1556 1112 1700 1146 συνθηκῶν.
1715 1107 1801 1142 Αῧται

1031 1150 1058 1180 δὲ
1071 1146 1156 1189 ἦσαν,
1171 1151 1303 1191 μηδέποτε
1318 1152 1408 1193 ἐξᾶραι
1427 1153 1500 1183 ἔλεον
1513 1155 1543 1184 ἐκ
1561 1159 1606 1185 τοῦ
1622 1155 1694 1186 οἴκου
1708 1156 1800 1187 Ἰωνά-

1030 1199 1092 1232 θαν,
1108 1199 1175 1236 μήτε
1196 1199 1309 1234 ζῶντος,
1329 1199 1396 1238 μήτε
1417 1200 1537 1235 θανόντος
1559 1202 1648 1232 αὐτοῦ.
1671 1202 1801 1243 Ἔρχεται

1028 1242 1093 1281 πρὸς
1105 1243 1149 1272 τὸν
1163 1244 1235 1284 ἱερέα
1250 1245 1294 1274 τὸν
1307 1245 1446 1284 Ἀὸιμέλεκ
1460 1248 1474 1276 ὁ
1488 1247 1580 1277 Δαυίδ.
1595 1248 1665 1278 Τότε
1678 1249 1738 1283 τοὺς
1751 1249 1785 1288 ἄρ
1794 1267 1801 1271 -

1027 1299 1087 1321 τους
1105 1291 1153 1324 τῆς
1166 1290 1314 1329 προθέσεως
1338 1291 1435 1331 ἔφαγε,·
1458 1293 1538 1323 ἔλαὸε
1555 1293 1584 1323 δὲ
1605 1294 1650 1324 καὶ
1670 1294 1719 1331 τὴν
1733 1298 1800 1336 ῥομ-

1027 1333 1107 1373 φαίαν
1126 1335 1240 1371 Γολιὰθ,
1260 1336 1345 1375 φήσας
1359 1338 1410 1367 ὑπὸ
1425 1341 1471 1367 τοῦ
1493 1339 1622 1378 βασιλέως
1634 1341 1800 1372 ἀπεστάλθαι

226 1387 262 1415 Et
287 1386 362 1416 venit
382 1385 445 1415 inde
468 1386 503 1415 ad
528 1385 651 1423 Auchus,
666 1384 765 1414 deiude
785 1385 814 1413 in
841 1384 969 1422 Odolam,
980 1401 1017 1422 ³47
1027 1391 1077 1428 ’ξῦν
1089 1380 1158 1410 κατὰ
1169 1381 1295 1417 ῡπουδῆν·
1312 1382 1363 1411 Καὶ
1377 1383 1484 1423 ἔρχεται
1495 1385 1593 1416 ἐκεῖθεν
1606 1386 1670 1426 πρὸς
1681 1386 1798 1428 Ἀγχοῦς,

226 1439 252 1461 et
275 1433 443 1462 commendat
465 1433 522 1472 regi
549 1431 633 1461 Moab
653 1431 765 1461 domum
789 1441 876 1461 sumn,
899 1432 968 1462 Cum
989 1431 1009 1453 A
1028 1429 1085 1455 εἶτα
1096 1427 1293 1466 εἰς”Οδολὰμ,
1304 1429 1349 1458 καὶ
1360 1430 1534 1469 παρατίθεται
1544 1433 1583 1471 τῷ
1596 1433 1699 1471 βασιλεῖ
1710 1433 1798 1463 Μωὰὸ

225 1486 314 1508 autem
328 1479 393 1509 Saiil
403 1485 611 1518 conquereretur
619 1478 693 1518 apud
703 1488 794 1507 servos
807 1488 882 1514 suos,
897 1478 972 1517 quod

226 1534 304 1554 nemo
324 1525 383 1564 ejus
399 1525 485 1554 vicem
504 1524 618 1560 doleret,
632 1534 681 1553 nee
699 1523 833 1554 Davidem
846 1525 900 1554 sibi
912 1532 969 1555 tra-

226 1570 300 1600 deret
310 1581 316 1598 ε
326 1572 399 1600 Doe'e
418 1570 564 1607 Idumaeus,
573 1570 621 1609 qui
643 1580 758 1610 praescns
783 1577 839 1600 erat
862 1571 970 1609 quando

225 1617 316 1647 David
329 1617 364 1647 ad
382 1617 543 1647 sacerdotem
557 1616 642 1653 venit,
655 1617 824 1647 annuntiavit
836 1617 879 1646 illi
896 1618 970 1656 quod

225 1664 324 1693 tectum
346 1670 412 1692 erat.
424 1663 476 1692 llle
498 1663 588 1692 accitis
605 1662 799 1697 sacerdotibus,
813 1673 874 1692 cum
890 1664 909 1692 ii
922 1665 970 1703 qui

224 1717 366 1751 praesentes
378 1717 455 1740 erant
467 1710 569 1739 nollent
582 1709 645 1739 illos
657 1709 790 1744 cocidere,
804 1711 924 1740 Doe'cum
939 1711 969 1741 id

223 1758 316 1797 jubet,
341 1758 387 1797 qui
409 1756 507 1786 oceidit
526 1762 656 1786 trecentos
681 1756 875 1797 quinquaginta
895 1758 969 1787 viros

223 1811 359 1843 portantes
378 1802 491 1843 Ephud,
505 1810 531 1832 et
550 1802 626 1832 Noba
640 1812 734 1831 eorum
750 1802 844 1831 urbem
857 1802 967 1833 delevit.

224 1851 288 1879 Haec
306 1849 404 1879 Davidi
427 1848 590 1878 renuntiavit
602 1858 673 1877 unus
687 1858 721 1877 ex
734 1847 799 1877 filiis
811 1849 967 1887 sacerdotis,

224 1897 272 1934 qui
282 1896 465 1925 carnificinam
476 1900 604 1924 evaserat.
621 1893 672 1923 Ille
683 1904 746 1924 vero
759 1893 863 1932 dolens,
873 1906 967 1936 super-

223 1942 311 1971 stitem
324 1942 402 1971 illum
414 1940 488 1981 apud
501 1951 529 1970 se
542 1939 670 1977 servavit,
685 1947 711 1969 et
722 1940 810 1970 Cilam
826 1951 966 1982 oppugna-

223 1996 279 2017 tam
296 1988 431 2018 liberavit.
446 1988 517 2016 Cum
537 1986 654 2016 audisset
668 1993 756 2016 autem
770 1987 879 2017 Saulem
891 1989 926 2018 ad
938 2000 967 2019 se

222 2035 324 2073 venire,
339 2035 406 2064 exiit
425 2033 487 2063 inde
503 2033 530 2062 in
547 2032 684 2062 desertum
706 2033 785 2073 Ziph.
799 2034 880 2071 Quod
901 2047 965 2066 cum

222 2080 351 2110 audiisset
363 2080 440 2116 Saiil,
453 2078 488 2108 ad
502 2078 581 2108 illum
594 2079 722 2119 perrexit.
735 2080 808 2108 Dum
821 2088 910 2110 autem
930 2082 964 2111 il-

221 2127 279 2155 lum
299 2126 491 2165 insequeretur,
505 2123 598 2154 audito
616 2124 734 2154 hostium
753 2124 873 2162 incursu,
888 2138 963 2158 reee-

219 2172 271 2203 dit,
287 2171 393 2202 Deinde
410 2181 472 2201 cum
488 2180 522 2199 ex
535 2169 659 2199 hostibus
671 2170 804 2207 rediisset,
818 2172 899 2202 illum
911 2173 961 2203 de-

216 2228 274 2248 nuo
286 2217 469 2258 perquirebat,
479 2223 506 2246 et
517 2215 652 2255 ingressus
665 2222 704 2244 est
717 2217 744 2245 in
759 2217 924 2256 speluncam.
932 2220 959 2248 in

217 2275 270 2304 qua
283 2264 374 2295 Darvid
391 2263 510 2300 sedebat,
525 2269 552 2292 et
564 2273 627 2291 cum
647 2262 695 2291 illo
709 2262 761 2291 viri
781 2262 893 2293 interius
907 2275 958 2305 po-

216 2311 270 2340 siti.
282 2311 409 2349 Cumque
419 2319 510 2339 omnes
522 2309 694 2338 hortarentur
705 2318 767 2337 eum
783 2315 811 2337 ut
827 2310 959 2340 occideret

214 2356 334 2393 Saulem,
349 2365 402 2385 non
424 2353 630 2394 obtemperavit,
646 2363 733 2392 neque
753 2353 907 2384 volentibus
926 2356 957 2386 id

1027 1472 1076 1508 τὴν
1090 1472 1174 1502 οἰκίαν
1193 1474 1281 1503 αὐτοῦ.
1296 1474 1342 1508 Ὡς
1358 1475 1385 1505 δὲ
1402 1476 1585 1516 ἐδυσχέραινεν
1600 1479 1614 1506 ὁ
1628 1478 1717 1508 Σαοὺλ
1732 1478 1798 1519 πρὸς

1027 1517 1086 1552 τοὺς
1098 1520 1177 1549 αὐτοῦ
1198 1520 1307 1556 παῖδας,
1321 1520 1362 1550 ὅτι
1374 1521 1466 1560 μηδεὶς
1481 1524 1554 1563 αὐτῷ
1572 1528 1713 1562 συμπονεῖ,
1727 1525 1796 1564 μηδὲ

1026 1565 1191 1604 παραδίδωσι
1208 1565 1252 1594 τὸν
1266 1566 1364 1602 Δαυὶδ,
1381 1567 1463 1604 Δωὴκ
1475 1567 1621 1608 Ἰδουμαῖος
1634 1569 1729 1611 (ἔτυχε
1743 1570 1796 1611 γὰρ

1026 1610 1085 1640 τότε
1100 1612 1164 1647 ἐκεῖ,
1178 1611 1222 1641 ὅτε
1233 1612 1318 1641 Δαυὶδ
1337 1612 1402 1652 πρὸς
1418 1612 1463 1642 τὸν
1485 1614 1557 1653 ἱερέα
1581 1610 1691 1652 ἦλθεν),
1706 1616 1795 1656 ἀπήγ-

1025 1657 1110 1693 γειλεν
1124 1658 1196 1697 αὐτῷ
1214 1657 1244 1686 τὸ
1258 1658 1373 1698 γεγονός.
1389 1659 1424 1689 ‘O
1437 1659 1464 1689 δὲ
1474 1661 1720 1701 μεταπεμψάμενος
1736 1663 1796 1697 τοὺς

1025 1704 1112 1743 ἱερεῖς,
1126 1703 1171 1732 καὶ
1191 1706 1243 1733 τῶν
1258 1705 1464 1745 παρεστηκότων
1478 1709 1507 1736 οὐ
1520 1707 1689 1747 βουλομένων
1702 1709 1796 1744 αὐτοὺς

1024 1749 1138 1785 ἀνελεῖν,
1150 1749 1252 1779 κελεύει
1264 1752 1303 1791 τῷ
1322 1751 1412 1787 Δωήκ,
1428 1751 1462 1782 Ὁ
1477 1752 1504 1781 δὲ
1524 1754 1610 1783 ἀνεῖλε
1628 1755 1796 1795 τριακοσίους

1023 1794 1188 1830 πεντήκοντα
1203 1795 1298 1836 ἄνδρας
1308 1796 1429 1836 αἴροντας
1443 1798 1529 1838 ἐφοὺδ,
1540 1799 1586 1828 καὶ
1597 1799 1644 1836 τὴν
1659 1800 1735 1831 Νοὸὰ
1744 1800 1793 1838 τὴν

1023 1839 1101 1869 πόλιν
1123 1841 1208 1870 αὐτῶν
1232 1842 1431 1883 ἐξωλόθρευσεν.
1456 1845 1629 1885 Ἀπαγγὲλλει
1648 1849 1733 1877 ταῦτα
1755 1850 1794 1888 τῷ

984 1890 1004 1913 Β
1023 1886 1107 1915 Δαυὶδ
1121 1882 1156 1920 εἷς
1169 1890 1220 1916 τῶν
1236 1891 1281 1917 τοῦ
1296 1889 1385 1929 ἱερέως
1399 1891 1462 1919 υἱῶν
1482 1891 1628 1926 διασωθείς.
1646 1892 1680 1923 Ὁ
1695 1893 1722 1923 δὲ
1742 1895 1793 1924 ἀλ-

1022 1931 1107 1970 γήσας
1119 1927 1175 1973 εἶχε
1187 1936 1245 1972 μεθ’
1261 1935 1354 1964 ἑαυτοῦ
1365 1935 1409 1964 τὸν
1425 1936 1594 1975 διασωθέντα,
1605 1938 1650 1968 καὶ
1662 1938 1710 1975 τὴν
1722 1941 1792 1970 Κῖλα

1021 1979 1222 2018 πολεμουμένην
1235 1980 1342 2010 ἔσωσεν.
1357 1981 1482 2015 Ἀκούσας
1494 1994 1541 2018 τε,
1559 1982 1600 2012 ὅτι
1614 1986 1628 2013 ὁ
1645 1984 1734 2014 Σαοὺλ
1746 1986 1790 2026 ἔρ-

1021 2035 1098 2064 χεται
1110 2026 1152 2054 ἐπ’
1167 2026 1254 2061 αὗτὸν,
1269 2025 1375 2061 ἐξῆλθεν
1389 2028 1487 2057 ἐκεῖθεν
1501 2030 1536 2062 εἰς
1550 2028 1599 2066 τὴν
1611 2030 1710 2070 ἔρημον
1725 2032 1789 2072 Ζίφ.

1020 2070 1067 2104 Ὡς
1080 2070 1108 2100 δὲ
1121 2071 1231 2107 ἤκουσεν
1245 2074 1259 2101 ὁ
1273 2071 1379 2109 Σαοὺλ,
1393 2073 1501 2113 ἔρχεται
1520 2076 1563 2104 ἐπ’
1584 2076 1671 2106 αὐτόν.
1687 2077 1789 2118 Ἀπαγ-

1018 2117 1155 2156 γελθείσης
1167 2118 1194 2148 δὲ
1207 2118 1299 2158 ἐφόδου
1313 2120 1448 2158 πολεμίων
1463 2121 1560 2159 μεταξὺ
1577 2122 1681 2152 διώκειν
1695 2125 1790 2162 αὐτὸν,

1018 2164 1158 2203 ἀναχωρεῖ.
1179 2158 1247 2193 Εἶτα
1265 2163 1414 2194 ἐπανελθὼν
1435 2166 1465 2194 ἐκ
1478 2167 1532 2194 τῶν
1544 2166 1678 2205 πολεμίων
1687 2190 1696 2204 ,
1708 2169 1789 2198 πάλιν

1017 2209 1095 2238 αὐτὸν
1110 2208 1246 2246 ἐπεζήτει,
1258 2209 1304 2238 καὶ
1317 2209 1466 2250 εἰσέρχεται
1480 2213 1517 2244 εἷς
1532 2211 1563 2241 τὸ
1576 2213 1715 2251 σπήλαιον,
1727 2214 1789 2244 ἔνθα

1015 2254 1100 2284 Δαυὶδ
1110 2255 1238 2291 ἐκάθητο,
1249 2257 1294 2284 καὶ
1309 2257 1367 2294 μετ’
1384 2258 1463 2286 αὐτοῦ
1483 2257 1575 2298 ἄνδρες
1587 2258 1721 2299 ἐσώτεροι.
1733 2261 1788 2290 Καὶ

1013 2300 1120 2330 πάντων
1143 2301 1396 2340 παρακελευομένων
1421 2304 1522 2333 ἀνελεῖν
1543 2303 1588 2334 τὸν
1611 2305 1701 2340 Σαοὺλ
1709 2327 1717 2341 ,
1739 2307 1787 2336 οὐκ

1013 2346 1122 2382 ἐπείσθη
1133 2367 1141 2381 ,
1161 2346 1221 2375 οὔτε
1235 2351 1288 2380 τοῖς
1310 2347 1478 2387 βουλομένοις
1491 2349 1684 2390 συνεχώρησεν.
1697 2351 1744 2385 Ὡς
1758 2352 1786 2381 δὲ

214 2402 354 2432 concessit.
371 2403 412 2432 Ut
422 2408 513 2430 autem
535 2400 620 2431 exivit
641 2399 688 2429 ille
712 2410 746 2428 ex
758 2400 898 2439 spelunca,
913 2402 958 2432 hic
974 2400 993 2423 C
1012 2392 1118 2440 ἐξῆλθεν
1133 2393 1230 2426 ἐκεῖνος
1249 2394 1279 2421 ἐκ
1292 2396 1338 2422 τοῦ
1360 2394 1491 2429 σπηλαίου
1502 2417 1510 2432 ,
1531 2395 1728 2432 ἐπηκολούθησε
1740 2399 1785 2426 καὶ

212 2449 292 2478 etiam
312 2454 441 2488 sequutus
457 2453 507 2484 est,
526 2453 551 2476 et
572 2446 691 2475 clamans
709 2445 745 2474 ad
768 2445 859 2482 illum,
871 2446 957 2486 ipsius

212 2495 358 2534 nequitiam
371 2501 396 2524 et
407 2493 539 2534 justitiam
559 2502 636 2522 suam
656 2492 766 2522 Saulem
785 2491 889 2522 docuit.
905 2494 956 2523 Ille

212 2552 276 2571 vero
294 2541 456 2581 lacrymatus
474 2545 522 2568 est.
539 2539 618 2568 Tunc
640 2545 765 2567 mortuus
777 2545 816 2568 est
833 2539 953 2568 Samuel.

242 2640 251 2650 θ
271 2638 339 2663 tho-223„
355 2635 390 2655 est
409 2629 518 2663 alicujus
536 2634 638 2654 mortem
654 2628 804 2655 machinari.

1012 2441 1100 2475 οὗτος,
1115 2438 1160 2468 καὶ
1176 2438 1275 2478 βοήσας
1286 2439 1350 2479 πρὸς
1363 2439 1440 2469 αὐτὸν
1449 2462 1457 2476 ,
1471 2440 1521 2476 τήν
1534 2453 1563 2470 τε
1577 2441 1676 2471 ἐκείνου
1689 2443 1784 2472 κακίαν

1011 2489 1056 2518 καὶ
1069 2489 1118 2524 τὴν
1133 2490 1212 2518 αὐτοῦ
1228 2488 1394 2525 δικαιοσύνην
1408 2490 1528 2520 ἐδίδασκε
1541 2490 1586 2520 τὸν
1600 2492 1698 2522 Σαούλ.
1709 2493 1743 2522 Ὁ
1755 2494 1783 2523 δὲ

1010 2540 1147 2579 ἐδάκρυσε.
1163 2540 1232 2569 Τότε
1247 2541 1359 2570 ἀπέθανε
1369 2541 1508 2579 Σαμουῆλ.
1522 2541 1641 2580 Πέμπει,
1653 2543 1724 2583 δῶρα
1738 2544 1781 2573 τὸν

1054 2638 1064 2649 ι·
1082 2629 1128 2655 Ain
1141 2629 1261 2663 ὁδαλλὰμ.
