1890 2826
788 180 958 205 ΜοΝιτυΜ.
1580 163 1652 211 509

675 407 1081 471 MONITUM

225 561 290 598 AD
314 561 409 597 SEX
434 558 660 597 HOMILIAS
686 557 938 596 SEVERIANI
962 557 1026 593 DE
1050 557 1206 594 MUNDI
1231 555 1517 592 CREATIONE.

130 701 161 730 In
176 700 308 731 Vaticano
325 698 425 729 Codice
443 708 520 729 num.
535 698 625 735 1500,
637 697 719 736 inque
732 696 794 726 aliis
814 695 962 726 codicibus
982 695 1024 725 hae
1047 696 1187 726 conciones
1210 695 1324 725 Joannis
1346 694 1532 735 Chrysostomi
1552 695 1659 724 nominc

92 753 264 787 comparent3
279 745 308 775 id
320 745 478 776 curantibus
487 743 619 780 librariis,
635 750 665 773 ut
675 750 794 783 quaestus
814 753 893 772 causa
906 749 1006 781 quanto
1022 742 1103 783 plura
1118 749 1224 783 possent
1237 741 1425 783 chrysostomi
1442 742 1550 771 nomine
1562 742 1659 771 inscri-

90 793 194 823 berent.
209 795 244 823 At
263 804 320 824 esse
337 792 476 824 Seven-iani
489 792 609 832 episcopi
621 791 788 821 Gabalorum
803 797 906 820 constat
924 803 931 819 z
948 790 1030 829 idque
1047 790 1199 820 luculenter
1217 790 1335 819 declarat
1348 792 1458 821 Cosmas
1471 789 1617 830 AEgyptius
1633 790 1659 818 in

90 833 283 882 Topographia
294 852 341 870 sua
351 840 504 871 Christiana
517 850 531 868 a
544 838 622 869 nobis
633 838 705 869 edita
723 848 793 868 anno
807 839 900 876 1706,
915 838 961 868 ubi
975 849 1004 878 p.
1017 839 1089 875 520,
1099 844 1242 878 postquam
1257 837 1404 878 Theophili
1420 837 1596 867 Alexandrini
1608 838 1660 867 ali-

90 893 155 925 quot
169 886 228 916 loca
245 897 279 916 ex
288 885 420 926 Epistolis
433 885 571 915 festalibus
592 886 727 922 attulerat,
739 883 775 914 ad
792 885 970 914 Severianum
985 884 1154 914 Gabalorum
1172 883 1278 921 transit,
1292 894 1372 922 quem
1390 883 1536 923 Theophili
1551 883 1659 923 συμμύ-

91 943 156 967 στην
170 938 248 962 vocat
260 945 266 961 :
278 932 324 962 καὶ
337 934 428 961 τοῦτον
441 930 468 960 δὲ
482 930 718 971 παραδραμόντες,
731 930 776 960 ἐπὶ
788 930 833 960 τὸν
847 932 906 960 κατ’
919 932 1004 960 ἐκεῖνο
1017 933 1109 970 καιροῦ
1128 929 1286 969 συμμύστην
1298 929 1342 959 τὸν
1353 931 1400 965 τῆς
1412 929 1542 959 Γαὸάλων
1554 929 1661 959 ἐπίσκο-

90 988 139 1006 πον
153 977 324 1017 Σευηριανὸν,
334 976 469 1016 τέταρτον,
485 976 796 1017 μετέλθωμεν,“μᾶρτυρα
810 977 903 1016 σχεδὸν
917 976 991 1016 πάσῃ
1003 978 1036 1016 τῇ
1050 975 1168 1016 ἡμετέρᾳ
1182 977 1320 1016 συγγραφῇ
1333 989 1338 1005 :
1354 976 1384 1005 V
1380 986 1461 1005 erum
1474 977 1529 1005 hoc
1543 977 1660 1006 dimisso

92 1022 103 1061 (
119 1022 293 1062 Theophila)
307 1023 348 1052 ad
367 1022 460 1051 alium
471 1024 527 1062 ipsi
544 1022 689 1063 equalem
701 1028 730 1051 et
741 1027 950 1060 symmystam,
968 1021 1151 1051 Gabalorum
1163 1021 1275 1050 scilicet
1286 1023 1449 1060 episcopum
1459 1021 1659 1057 Severianum,

90 1078 227 1110 quartum
244 1079 380 1106 numero,
396 1076 587 1099 transeamus.
601 1068 673 1098 Hinc
689 1068 776 1097 multa
795 1068 927 1107 longaque
944 1068 1091 1107 fragmenta
1114 1067 1198 1107 hujus
1213 1067 1301 1107 operis
1314 1068 1348 1097 ad
1360 1067 1474 1097 verbum
1498 1068 1589 1103 refert,
1601 1079 1661 1106 qua,¹

90 1126 139 1146 nos
150 1115 207 1146 suis
221 1115 287 1145 locis
305 1114 470 1145 contulimus
484 1125 546 1144 cum
560 1121 635 1144 textu
649 1121 752 1144 nostro.
771 1115 866 1153 ltaque
877 1113 1010 1143 orationes
1026 1113 1165 1144 Severiani
1179 1113 1236 1143 sine
1249 1113 1334 1143 dubio
1348 1121 1420 1144 sunt.
1435 1115 1477 1144 De
1490 1114 1533 1143 his
1546 1114 1661 1144 audien-

91 1161 144 1192 dus
165 1161 283 1192 Savilius
297 1161 325 1191 in
339 1161 410 1190 notis
420 1171 450 1201 p.
463 1160 534 1198 871,
548 1160 597 1190 ubi
619 1159 653 1190 de
666 1159 835 1199 quibusdam
859 1159 1028 1189 orationibus
1047 1159 1082 1188 ab
1093 1170 1122 1188 se
1144 1170 1206 1188 cum
1228 1160 1414 1200 Chrysostomi
1432 1160 1560 1201 operibus
1581 1159 1662 1190 editis

91 1218 171 1247 agens
183 1207 223 1237 sic
241 1207 300 1245 ait:
314 1219 329 1235 α
340 1207 427 1237 Hasce
448 1217 544 1237 nov.
564 1207 698 1236 orationes
718 1213 857 1246 sequentes
870 1206 931 1236 ideo
945 1206 1044 1247 adjeci,
1058 1206 1122 1245 quia
1134 1206 1162 1235 in
1182 1207 1355 1237 bibliothecis
1374 1207 1473 1247 passim
1492 1207 1662 1247 reperiantur

92 1253 144 1282 sub
158 1253 265 1282 nomine
278 1252 474 1293 Chrysostomi,
489 1263 551 1282 cum
573 1259 662 1282 tamen
683 1252 770 1292 ipsius
789 1262 843 1281 non
856 1252 910 1281 sint
922 1259 964 1287 ;et
976 1251 1005 1281 in
1016 1251 1078 1281 aliis
1098 1252 1306 1282 correctioribus
1326 1252 1405 1282 libris
1418 1252 1480 1281 aliis
1494 1252 1660 1290 auctoribus,

89 1296 172 1340 idque
186 1310 260 1336 vere,
273 1299 470 1329 adscribantur.
485 1300 527 1328 De
543 1298 587 1328 his
598 1309 646 1328 sex
664 1298 831 1328 orationibus
842 1298 895 1327 alia
910 1298 991 1327 etiam
1010 1298 1078 1328 ratio
1091 1297 1155 1336 suit,
1169 1298 1243 1337 quod
1257 1308 1310 1327 non
1322 1298 1370 1327 abs
1381 1310 1410 1328 re
1421 1305 1544 1339 putarem
1557 1305 1662 1327 exstare

89 1347 200 1386 publice
211 1352 415 1375 monumentum
432 1344 591 1384 eloquentiae
609 1345 700 1375 ferreae
715 1344 791 1373 illius
803 1344 898 1381 aetatis,
913 1355 974 1383 quae
988 1351 1075 1373 tamen
1090 1354 1153 1373 cum
1166 1351 1257 1374 nostro
1269 1355 1353 1374 aureo
1367 1344 1480 1374 flumine
1491 1344 1596 1385 judicio
1610 1356 1661 1374 au-

90 1393 163 1423 rium
173 1393 231 1433 ejus
241 1391 333 1422 saeculi
354 1390 532 1432 comparanda
553 1390 702 1422 videretur.
717 1392 788 1422 Nota
806 1390 878 1420 enim
890 1390 1001 1421 Joannis
1020 1391 1105 1421 nostri
1119 1397 1145 1420 et
1160 1391 1300 1422 Severiani
1313 1390 1435 1421 rivalitas
1447 1402 1480 1421 ex
1494 1391 1605 1421 historia
1617 1402 1660 1421 ec-

91 1439 247 1476 clesiastica,
258 1444 320 1468 nota
330 1437 512 1478 Imperatricis
525 1437 662 1467 Eudoxiae
675 1448 727 1478 pro
739 1436 886 1468 Severiano
899 1443 990 1466 contra
1003 1438 1134 1468 ,loannem
1148 1436 1247 1467 studia.
1261 1449 1276 1465 ν

129 1487 220 1523 Quam
233 1491 311 1515 vocat
334 1484 454 1514 Savilius
466 1484 646 1522 eloquentiam
666 1484 790 1520 ferream,
800 1494 849 1523 ego
863 1490 935 1513 certe
947 1484 1076 1524 φλυαρίαν
1090 1483 1219 1521 dixerim,
1235 1492 1261 1514 et
1271 1485 1471 1524 loquacitatem;
1485 1494 1547 1513 nam
1561 1483 1608 1513 ubi
1621 1484 1660 1513 sa-

92 1530 218 1560 cundiam
228 1530 289 1561 vult
298 1529 434 1566 exhibere,
442 1529 480 1558 ibi
489 1528 580 1558 futilia
593 1528 716 1568 loquitur
727 1540 733 1556 :
744 1540 835 1558 rerum
847 1529 1013 1559 naturalium
1024 1529 1243 1570 perquisitionem
1253 1531 1413 1571 plerumque
1421 1529 1585 1570 aggred-itur,
1592 1530 1661 1559 etad

92 1587 220 1606 nauseam
232 1586 316 1615 usque
328 1575 462 1616 explorat,
477 1574 679 1614 suoque‘more,
693 1575 824 1605 nimirum
837 1577 935 1616 inepte,
952 1574 1076 1605 edisserit
1091 1586 1097 1603 :
1113 1575 1249 1606 auditores
1263 1584 1395 1617 autemvea
1406 1577 1440 1607 de
1450 1589 1530 1607 causa
1543 1589 1661 1617 conque-

93 1630 146 1652 stos
160 1623 285 1662 objurgat
295 1621 407 1656 acriter;
423 1622 460 1650 ita
473 1620 508 1650 de
518 1620 631 1658 mundo,
644 1632 725 1661 quem
741 1621 888 1651 rotundum
901 1632 958 1651 esse
967 1629 1057 1662 negat,
1071 1622 1105 1652 de
1118 1623 1190 1662 igne,
1205 1623 1240 1652 de
1252 1634 1333 1662 aqua,
1348 1624 1411 1664 plus
1423 1636 1505 1664 quam
1518 1625 1582 1654 satis
1595 1632 1663 1654 essct

93 1668 158 1708 agit.
181 1668 214 1697 In
238 1667 319 1696 rebus
332 1666 410 1696 seriis
431 1666 576 1706 aliquando
595 1674 724 1708 nugatur,
735 1674 766 1697 ut
787 1678 850 1697 cum
871 1667 934 1697 inde
954 1668 1051 1708 probat
1068 1668 1204 1698 Adamum
1217 1669 1344 1700 habuisse
1363 1670 1491 1711 spiritum
1501 1671 1659 1712 prophetize,

93 1714 167 1753 quod
187 1714 298 1751 dixerit,
311 1714 378 1743 Hoc
398 1724 477 1743 nunc
498 1724 530 1743 os
551 1725 588 1744 ex
600 1716 711 1744 ossibus
730 1716 811 1750 meis,
821 1721 872 1745 etc.
888 1716 957 1745 Nam
967 1715 1114 1754 quomodo,
1127 1715 1228 1755 inquit,
1243 1717 1311 1746 scire
1321 1723 1425 1757 poterat
1437 1727 1465 1746 se
1477 1727 1537 1746 ossa
1549 1717 1659 1755 habere,

96 1761 144 1799 qui
156 1771 212 1790 ossa
222 1771 271 1790 sua
282 1770 421 1799 nunquam
431 1760 546 1798 viderat,
560 1760 613 1790 nisi
633 1761 760 1801 spiritum
781 1761 930 1802 propheti-'e
942 1761 1099 1791 habuisset?
1110 1763 1175 1792 Haec
1187 1761 1216 1791 in
1229 1762 1348 1803 oratione
1359 1763 1463 1802 quinta.
1479 1763 1661 1793 Tolerabilius

94 1807 206 1837 sortasse
226 1813 276 1842 est,
298 1806 347 1836 etsi
362 1807 439 1847 parvi
450 1807 541 1848 pretii,
551 1807 580 1838 id
593 1807 666 1847 quod
681 1808 710 1838 in
731 1807 823 1838 eadem
835 1808 954 1838 oratione
966 1809 1021 1838 ait:
1032 1808 1093 1838 ideo
1106 1810 1211 1838 ΑΔΑΜ
1224 1818 1319 1838 nomeu
1333 1809 1490 1850 impositum
1503 1820 1559 1840 esse
1571 1810 1660 1850 primo

92 1853 207 1890 homini,
220 1853 283 1892 quia
295 1853 346 1883 hoc
360 1853 469 1883 nomine
481 1860 597 1893 quatuor
611 1854 720 1884 climata
733 1864 782 1894 per
792 1853 893 1894 primas
913 1854 1004 1884 literas
1017 1854 1184 1894 designatur,
1197 1866 1225 1892 α,
1243 1855 1370 1893 ἀνατολὴ,
1388 1855 1411 1892 ὸ,
1421 1855 1502 1892 δύσις,
1514 1868 1540 1892 α,
1552 1856 1658 1896 ἄρκτος,

93 1911 123 1937 μ,
146 1898 314 1938 μεσημὸρία,
328 1899 435 1936 oriens,
453 1899 597 1937 occidens,
613 1901 781 1940 septentriO,
793 1900 937 1937 meridies,
956 1910 1009 1930 non
1020 1900 1162 1930 advertens
1182 1900 1233 1929 hoc
1254 1910 1349 1930 nomen
1364 1901 1493 1931 Hebraice
1508 1901 1554 1932 vel
1571 1901 1656 1931 Chal-

91 1945 167 1975 da'i'ce
189 1945 345 1985 impositum
365 1944 470 1975 Adamo
482 1945 575 1983 fuisse,
593 1946 694 1985 quibus
714 1946 815 1986 linguis
835 1946 889 1976 ista
908 1945 1047 1976 climatum
1069 1946 1230 1986 significatio
1250 1957 1299 1986 per
1308 1947 1410 1986 primas
1431 1947 1522 1976 literas
1541 1957 1594 1976 non
1613 1948 1656 1976 in-

92 1992 210 2028 dicatur,
223 1998 303 2030 atque
315 1990 382 2021 adeo
393 2001 468 2029 casu,
482 2002 535 2021 non
546 1991 670 2030 consilio,
681 1993 781 2022 factum
798 1992 864 2021 utin
878 1993 974 2023 Graeco
987 1994 1094 2023 nomine
1107 1999 1222 2032 quatuor
1242 1993 1382 2022 climatum
1399 1993 1494 2034 primae
1507 1993 1590 2023 literae
1608 1992 1656 2022 de-

92 2037 329 2077 prehenderentur.

134 2083 238 2113 Habitae
251 2091 313 2114 sunt
325 2085 366 2113 bae
379 2085 513 2115 orationes
528 2085 555 2114 in
569 2085 791 2126 Quadragesima,
808 2093 838 2116 ut
852 2096 905 2115 non
923 2086 1005 2116 semel
1016 2086 1043 2116 in
1063 2086 1149 2127 prima
1168 2086 1257 2117 innuit
1273 2087 1444 2118 Severianus.
1460 2088 1563 2117 Harum
1577 2085 1657 2115 inter-

94 2130 268 2169 pretationem
283 2131 405 2161 Latinam
418 2141 515 2161 novam
529 2131 693 2172 paravimus.

1666 422 1701 442 :135
