1904 2840
622 177 656 198 ΙΝ

121 247 148 271 et
160 240 318 272 Judaeorum
327 238 465 269 doctores:
477 237 539 268 ideo
551 237 658 267 addidit
669 237 761 267 dicens
776 250 784 267 ι
802 239 859 277 Qui
878 242 898 265 Δ
912 239 971 278 ejus
980 239 1119 268 conveniat
1130 249 1193 268 cum
1207 238 1367 278 scripturis,
1378 248 1459 270 verus
1475 246 1515 270 est
1523 240 1655 271 Christia-

839 278 845 283 '
914 287 965 307 nus
983 278 1026 307 :si
1042 285 1131 307 autem
1149 288 1202 307 non
1224 285 1263 307 est
1284 278 1512 316 quemadmodum
1530 281 1656 310 Christus

914 317 1062 352 mandavit,
1075 318 1159 347 falsus
1177 324 1226 347 est.
1241 318 1286 347 Sic
1306 318 1378 347 enim
1401 325 1427 348 et
1449 320 1577 357 Joannes,
1593 330 1655 350 cum

123 283 246 310 veniunt
253 280 296 308 ad
304 289 360 308 vos
372 279 404 308 in
414 279 595 307 vestimentis
609 279 716 307 ovium.
729 279 861 315 Quamvis

57 330 115 350 xciv
122 327 148 349 et
159 319 194 348 de
205 320 224 349 J
226 318 326 348 udaieis
338 317 450 359 quidem
462 317 536 347 falsis
549 317 676 357 apostolis
688 324 713 346 et
722 317 862 363 prophetis

0 883 109 906 lamma.

121 359 171 389 ista
183 358 315 399 praedieit,
326 365 413 388 tamen
424 357 459 387 de
471 357 528 387 illis
540 357 673 394 Judaicis,
681 368 729 396 qut
741 367 768 386 m
781 357 861 387 Chri-

121 405 190 428 stum
207 397 317 437 quidem
339 398 445 427 fuerant
467 397 597 427 credituri
621 407 655 426 ex
669 397 722 435 eis,
736 407 860 436 perversa

120 445 210 467 autem
222 438 360 476 loquentes
373 436 521 466 secundum
540 436 735 475 suggestionem
749 436 860 476 maligni

120 478 242 517 spiritus,
257 477 292 506 ad
305 478 503 517 corruptionem
523 476 738 506 Christianorum
756 476 861 504 fuerant

120 516 312 556 loquuturi‚de
321 517 420 556 quibus
429 513 556 546 cavendis
566 516 594 544 in
605 516 678 549 omni
689 526 704 544 e
723 515 800 546 istola
811 525 860 544 sua

121 556 235 594 sollicite
255 563 345 585 monet
366 556 504 596 apostolus
519 569 525 585 z
542 565 658 594 quorum
720 555 730 584 i
751 561 813 584 sunt
834 561 860 584 et

120 595 237 625 haeretici
250 595 341 625 modo.
355 597 429 626 Oves
442 595 514 625 enim
531 595 639 635 proprie
652 594 797 624 Christiani
810 593 857 624 di-

119 642 218 664 cuntur
240 647 247 664 ε
270 635 458 665 vestimentum
484 642 573 664 autem
598 634 670 664 ovile
692 641 734 664 est
758 634 859 674 species

118 674 340 704 Christianitatis.
355 675 442 705 Vides
454 674 519 714 quia
532 674 567 703 de
579 673 710 704 haereticis
722 673 858 704 Christia-

118 714 162 743 nis
184 714 310 753 loquatur
332 714 458 744 Christus
479 712 632 754 fugiendis,
651 714 700 752 qui
713 723 728 742 a
743 713 810 742 soris
830 714 858 742 in

118 754 250 783 schemate
261 753 408 784 Christiani
418 753 556 790 videntur,
566 753 602 782 ab
611 754 683 782 intus
693 759 783 782 autem
796 763 859 782 con-

118 793 241 823 fessionis
253 793 408 823 efficacitate
438 793 543 823 entiles.
553 793 588 822 Et
599 792 645 822 isti
658 791 744 821 multo
754 792 859 833 pericu-

119 832 230 862 losiores
243 840 306 862 sunt
319 843 401 872 quam
413 832 422 861 i
447 833 457 862 i
470 831 579 863 Judaici
595 843 602 860 :
616 832 680 870 quia
693 832 735 861 illi
748 831 857 871 quidem

119 872 208 912 rejecti
223 873 258 902 ab
270 872 411 912 apostolis,
425 872 448 910 ’1-
462 879 488 902 et
501 871 595 908 notati,
609 878 684 900 extra
697 879 858 901 conventum

118 912 334 941 Christianorum
358 911 463 941 erratici
487 910 669 951 vagabantur,
691 911 808 940 haeretici
832 918 859 941 et

117 951 212 980 furtim
224 950 354 991 quosdam
368 952 576 992 cornimpebant
589 950 725 986 incautos;
752 951 795 980 isti
810 962 859 980 au-

77 1021 84 1025 ,
118 997 172 1020 tem
190 991 267 1030 quasi
288 991 391 1020 fundati
405 991 569 1025 Christiani,
596 996 622 1019 et
642 990 776 1020 Ecclesias
798 1001 860 1019 suas

4 2346 18 2374 γ
27 2345 56 2367 ιι.
67 2353 109 2375 pa-

117 1029 254 1060 habentes.
264 1031 299 1060 Et
311 1030 380 1076 quid
393 1029 453 1060 dico
461 1030 475 1059 Ρ
488 1029 622 1060 Ecclesias
635 1029 715 1058 etiam
729 1037 857 1069 regentes,

117 1069 207 1109 palam
226 1081 288 1100 cum
307 1071 429 1099 libertate
450 1070 621 1103 subvertunt,
637 1075 664 1098 et
675 1069 714 1098 sic
726 1069 862 1109 multipli-

117 1110 169 1138 cati
182 1117 245 1139 sunt
266 1120 299 1138 ex
312 1109 430 1144 diverso,
443 1116 474 1138 ut
486 1108 632 1139 Christiani
645 1108 706 1147 vagi
720 1110 810 1148 potius
817 1109 862 1139 vi-

118 1147 232 1178 deantur
239 1160 320 1188 quam
326 1149 379 1178 illi.
392 1149 428 1178 Et
435 1148 570 1187 quomodo
578 1158 631 1177 non
640 1147 693 1176 sint
702 1148 858 1187 periculosi,

118 1195 165 1216 aut
175 1188 310 1226 quomodo
323 1187 451 1218 suadeant
461 1187 576 1216 multis?
587 1188 622 1217 Et
636 1197 669 1216 ne
683 1187 772 1216 adhuc
787 1187 860 1217 dicat

118 1226 269 1264 haereticus,
282 1228 346 1266 quia
354 1228 389 1256 de
401 1227 474 1257 veris
486 1226 647 1256 Christianis
658 1226 813 1256 doctoribus
823 1227 860 1256 lo-

118 1267 220 1304 quitur,
231 1267 277 1306 qui
287 1266 433 1297 Christiani
442 1266 551 1305 quidem
561 1273 634 1303 sunt,
642 1272 731 1295 tamen
742 1274 861 1306 peccato-

117 1316 161 1335 res
170 1314 242 1336 sunt.
253 1307 349 1336 Omnis
358 1307 430 1335 enim
440 1306 619 1342 Christianus,
632 1306 679 1344 qui
693 1306 757 1335 facit
765 1316 858 1346 pecm-

118 1352 188 1383 tum,
200 1346 285 1375 falsus
305 1346 406 1375 dicitur
423 1346 592 1376 Christianus
608 1357 614 1373 :
632 1351 658 1374 et
672 1355 734 1375 vere
749 1345 859 1384 quidem

117 1391 157 1414 est
171 1397 178 1414 :
194 1385 258 1424 quia
283 1385 450 1415 Christianus
471 1385 523 1424 ⁴qui
548 1385 614 1414 facit
637 1391 784 1424 peccatum,
811 1395 859 1414 nec

116 1425 228 1464 poeuitet
240 1424 275 1454 de
286 1431 404 1464 peccato,
414 1425 498 1454 salsus
511 1431 549 1454 est
562 1424 740 1454 Christianus.
757 1425 858 1453 Tamen

119 1470 150 1492 ut
159 1464 236 1500 scias,
245 1465 309 1503 quia
321 1474 374 1494 non
385 1463 419 1493 de
431 1464 590 1494 Christianis
604 1463 798 1503 peccatoribus,
809 1464 857 1493 sed

118 1503 153 1532 de
166 1503 296 1533 haereticis
309 1504 465 1533 doctoribus
475 1503 601 1542 loquatur
612 1514 618 1530 :
634 1513 687 1531 non
698 1509 802 1531 tantum
814 1503 859 1531 di—

118 1542 170 1577 xit,
183 1544 241 1610 {1:11-
248 1545 372 1572 veniunt
386 1542 426 1571 ad
434 1553 487 1572 vos
501 1545 534 1571 in
543 1543 726 1571 vestimentis
737 1543 834 1570 ovium
847 1553 855 1569 .·

119 1581 167 1610 sed
180 1592 195 1610 a
235 1581 296 1618 fidit,
309 1582 358 1610 Ab
369 1584 448 1611 intus
462 1588 559 1610 autem
570 1588 637 1610 sunt
653 1581 715 1620 lupi
726 1590 854 1619 rapaces.

120 1621 266 1650 Christiani
283 1621 356 1650 enim
368 1620 500 1656 doctores,
512 1620 561 1650 etsi
575 1621 674 1649 fuerint
696 1626 856 1659 peccatores,

120 1660 190 1689 servi
213 1659 322 1699 quidem
342 1660 430 1689 carnis
450 1660 588 1697 dicuntur,
603 1659 668 1698 quia
688 1660 833 1688 vincuntur
842 1670 857 1688 a

119 1710 208 1735 carne,
214 1707 301 1729 tamen
314 1700 482 1739 propositum
489 1709 540 1728 non
548 1699 646 1728 habent
655 1698 767 1738 perdere
778 1699 860 1728 Chri-

119 1739 228 1774 stianos,
241 1746 268 1769 et
286 1739 347 1768 ideo
358 1749 411 1768 non
424 1739 552 1768 dicuntur
566 1739 626 1778 lupi
639 1748 756 1778 rapaces.
770 1737 858 1768 Vides

119 1789 195 1818 ergo,
205 1779 268 1818 quia
277 1779 414 1808 manifeste
423 1778 457 1808 de
467 1778 598 1808 haereticis
608 1777 762 1808 doctoribus
772 1777 855 1814 dicat,

119 1819 167 1857 qui
182 1829 214 1848 eo
234 1818 370 1860 proposito
383 1819 517 1847 schemata
532 1817 747 1848 Christianorum
765 1827 856 1846 susce-

118 1866 226 1899 pei-unt,
239 1858 398 1899 providente
408 1857 527 1892 diabolo,
542 1863 572 1886 ut
585 1857 751 1886 Christianos
763 1857 856 1895 iniquo

118 1899 281 1930 seductionis
292 1908 382 1927 morsu
394 1897 533 1927 dilanient.
549 1898 589 1926 De
602 1896 728 1935 qualibus
739 1896 811 1936 lupis
821 1896 857 1925 ad

101 1957 107 1964 ·
119 1939 251 1979 Ephesios
262 1938 368 1968 dicebat
387 1937 523 1978 apostolus
539 1947 547 1964 ε
562 1936 627 1965 Scio
639 1938 709 1975 quia
719 1943 783 1974 post
797 1937 855 1965 dis-

118 1989 229 2009 cessum
252 1988 347 2008 meum
361 1979 523 2008 introibunt
536 1976 598 2014 lupi
619 1985 719 2015 graves
743 1978 775 2004 in
789 1986 854 2011 vos,

119 2028 179 2047 non
187 2024 339 2058 parcentes
348 2019 428 2058 gregi
431 2024 468 2053 ,et
479 2027 516 2045 ex
523 2017 676 2054 vobisipsis
687 2016 784 2044 exient
794 2025 855 2054 per-

120 2068 201 2088 versa
214 2060 376 2098 loquentes,
391 2063 424 2086 ut
444 2056 593 2085 abducant
613 2055 769 2091 discipulos
790 2062 855 2093 post

117 2107 158 2126 se.
175 2098 247 2128 Audi
268 2107 342 2135 ergo,
356 2097 403 2136 qui
423 2095 518 2125 doctus
531 2095 566 2123 ab
581 2094 722 2130 haereticis‚
737 2100 814 2132 putas
829 2101 854 2124 te

116 2134 253 2167 eruditum
265 2150 272 2166 ε
287 2144 314 2166 et
325 2137 358 2166 ba
380 2137 474 2165 timus
483 2135 517 2164 ab
529 2134 578 2169 eis,
592 2140 671 2173 putas
683 2140 708 2162 tc
721 2133 855 2163 Christia-

118 2187 182 2206 num
192 2177 300 2205 factum.
316 2177 352 2206 Vi
375 2187 400 2211 e,
415 2175 536 2204 doctores
550 2173 668 2202 haeretici
680 2172 746 2211 quid
758 2172 851 2202 dicun-

116 2223 161 2245 tur
171 2227 186 2244 a
193 2215 320 2246 Christo?
332 2216 515 2244 Devoratores.
536 2213 565 2243 Si
577 2222 641 2251 ergo
651 2211 773 2241 cruditus
784 2223 811 2241 es
820 2213 855 2241 ab

116 2255 260 2291 haereticis,
274 2265 301 2284 ra
325 2261 366 2283 tus
377 2263 415 2288 es,
429 2262 482 2281 non
496 2251 630 2286 eruditus,
645 2261 696 2279 non
710 2258 809 2290 pastus.
824 2252 853 2280 Si

117 2294 264 2335 baptizatus
286 2304 302 2322 a
340 2293 378 2322 eis
394 2302 432 2327 es,
445 2291 587 2320 devoratus
599 2300 638 2324 es,
653 2299 704 2318 non
725 2290 852 2319 salvatus.

116 2335 186 2364 Nam
197 2334 325 2373 luporum
340 2331 468 2361 devorare
482 2335 532 2365 est,
546 2339 599 2358 non
614 2329 636 2367 †
650 2328 764 2359 salvare.
780 2329 856 2366 Quid

117 2384 181 2413 ergo
191 2373 249 2402 at?
263 2374 312 2402 16.
337 2372 385 2400 Ex
403 2370 549 2409 fructibus
570 2378 668 2397 eorum
679 2378 712 2396 co
733 2371 856 2398 noscetis

118 2422 176 2441 eos.
186 2413 301 2442 Fructus
314 2411 385 2440 enim
395 2406 515 2438 'hominis
523 2414 562 2437 est
570 2407 697 2436 confessio
730 2407 772 2437 dei
784 2408 854 2447 ejus,

117 2457 144 2480 et
154 2461 234 2491 opera
248 2449 454 2480 conversationis
469 2447 564 2487 ipsius.
578 2446 606 2476 Si
620 2456 684 2486 ergo
694 2446 794 2476 videris
806 2447 854 2476 ho-

118 2490 217 2519 minem
230 2489 422 2526 Christianum,
432 2489 520 2517 statim
531 2485 678 2524 considera,
688 2486 711 2516 si
725 2487 861 2521 confessio,

684 175 891 199 MATTuAEtJM.
922 176 1042 200 thMlL.
1069 177 1142 200 XIX.
1251 191 1264 202 ι

912 356 948 386 de
969 357 1100 386 haereticis
1121 358 1270 397 scripsisset
1291 357 1443 397 epistolam,
1458 369 1512 388 non
1530 359 1611 395 dixit,
1624 360 1655 390 Si

913 396 975 435 quis
982 397 1085 425 venerit
1094 397 1128 426 ad
1139 407 1186 426 vos
1197 406 1248 426 non
1260 397 1360 426 habens
1372 407 1468 427 nomen
1480 399 1594 435 Christi,
1607 406 1655 429 nec

1583 167 1655 215 829

914 446 963 465 ave
973 436 998 465 ei
1011 435 1134 465 dixeritis
1146 448 1152 463 τ
1165 436 1222 473 sed,
1234 436 1265 465 Si
1276 439 1342 476 quis
1354 447 1414 466 non
1425 438 1558 468 attulerit
1569 441 1761 469 istam-adeun.
1769 452 1806 470 10.

914 475 1088 504 doctrinam.
1111 475 1247 506 Indicium
1268 476 1476 506 Christianitatis
1489 488 1542 507 non
1556 478 1591 507 ad
1605 489 1655 508 no—

913 525 974 543 men
996 514 1100 544 Christi
1121 515 1223 550 retulit,
1238 514 1286 544 sed
1307 514 1343 544 ad
1362 516 1552 546 consessionem
1568 530 1576 547 ε
1593 519 1656 556 quia

913 563 967 582 non
980 564 1077 583 nomen
1101 555 1190 583 solum
1203 554 1306 584 Christi
1323 555 1508 585 Christianum
1519 557 1594 594 facit,
1610 558 1657 588 sed

913 593 994 622 etiam
1001 594 1099 622 veritas
1109 594 1211 624 Christi
1223 604 1229 621 :
1241 594 1305 632 quia
1315 594 1341 622 in
1353 595 1459 624 nomine
1466 594 1567 626 Christi
1575 597 1657 627 multi

913 633 1063 668 ambulant,
1079 633 1107 662 in
1120 633 1234 663 veritate
1255 640 1343 662 autem
1364 634 1422 674 ejus
1444 636 1535 675 pauci.
1552 636 1656 667 Deinde

913 672 985 702 vide.
998 672 1139 712 Numquid
1159 672 1219 703 ovis
1231 673 1328 713 lupum
1346 675 1515 713 persequitur
1534 675 1655 714 aliquan-

912 711 969 741 do?
983 713 1054 749 Non,
1069 712 1116 742 sed
1130 713 1157 741 lu
1181 723 1212 741 us
1224 723 1312 742 ovem.
1328 714 1374 743 Sic
1387 714 1459 743 enim
1471 721 1497 743 et
1515 716 1581 744 Ca'in
1595 726 1657 755 per-

1161 724 1182 788 Γ,
1197 762 1250 781 non
1261 753 1328 782 Abel
1336 754 1412 782 Ca'in.
1428 754 1474 784 Sic
1485 754 1582 784 Ismae'l
1594 765 1657 794 per-

913 798 1041 830 sequutus
1055 798 1094 821 est
1114 793 1198 828 Isaac,
1215 802 1266 821 non
1281 793 1354 822 Isaac
1365 793 1470 823 Ismakfl.
1488 795 1532 823 Sic
1543 801 1571 823 et
1582 795 1656 824 Esaii

876 840 894 863 Β
913 831 1011 864 Jacob,
1032 841 1084 860 non
1110 832 1193 861 Jacob
1207 832 1291 861 Esaii.
1313 831 1401 862 Judaei
1425 833 1563 863 Christum
1572 855 1580 868 ‚
1601 844 1655 863 non

913 870 1036 899 Christus
1049 872 1066 901 J
1069 871 1158 900 udaeos
1173 873 1183 897 ε’
1193 871 1310 900 haeretici
1321 872 1497 908 Christianos,
1511 883 1565 902 non
1578 873 1658 903 Chri-

913 910 991 938 stiani
1006 910 1152 940 haereticos.
1171 911 1244 950 Ergo
1257 912 1307 940 Ex
1323 912 1478 952 fructibus
1495 923 1594 941 eorum
1608 923 1656 942 co-

913 955 1056 988 gnoscetis
1080 961 1143 979 eos.
1171 950 1199 980 Si
1225 950 1286 989 quis
1310 951 1406 991 lupum
1428 952 1562 991 cooperiat
1586 953 1656 992 pelle

914 989 1005 1024 ovina,
1017 989 1154 1028 quomodo
1167 1000 1310 1028 cognoscas
1323 990 1413 1026 illum,
1425 992 1476 1021 nisi
1490 998 1536 1020 aut
1548 1003 1596 1032 per
1608 1003 1656 1021 vo-

914 1038 983 1063 cem,
997 1035 1044 1058 aut
1057 1040 1105 1069 per
1121 1030 1229 1059 actum?
1247 1030 1315 1059 Ovis
1330 1031 1455 1060 inclinata
1466 1031 1592 1061 deorsum
1606 1032 1655 1061 ba-

914 1067 962 1104 lat,
975 1068 1056 1108 lupus
1067 1070 1093 1097 in
1105 1080 1164 1098 aera
1177 1070 1308 1099 com-ertit
1321 1077 1402 1110 caput
1410 1081 1490 1100 suum
1504 1078 1595 1100 contra
1605 1082 1656 1101 cae-

1198 1109 1254 1146 Qui
1268 1119 1331 1149 ergo
1345 1110 1491 1139 secundum
1505 1112 1593 1140 Deum
1605 1122 1655 1141 vo-

915 1157 972 1176 cem
984 1147 1146 1177 humilitatis
1166 1155 1192 1177 et
1206 1149 1378 1178 confessionis
1397 1150 1505 1186 emittit,
1521 1151 1581 1179 ovis
1594 1157 1633 1180 est
1646 1163 1654 1179 :

914 1187 961 1224 qui
973 1197 1037 1216 vero
1051 1187 1180 1217 adversus
1194 1188 1331 1218 veritatem
1346 1190 1462 1229 turpiter
1480 1189 1656 1229 blasphemiis

913 758 1041 790 sequutus
1050 759 1089 781 est
1101 753 1159 782 Abe

914 1106 983 1143 lum,
999 1115 1024 1137 et
1037 1108 1076 1137 sic
1090 1109 1186 1138 ululat.

916 1226 1003 1255 ululat
1015 1234 1107 1256 contra
1122 1228 1219 1261 Deum,
1234 1227 1315 1267 lupus
1336 1236 1375 1258 est
1389 1241 1396 1257 :
1412 1235 1481 1258 sicut
1500 1229 1567 1258 dicit
1591 1241 1653 1269 pro-

913 1265 994 1305 pheta
1007 1266 1041 1295 de
1062 1267 1135 1296 illis:
1151 1268 1341 1306 Iniquitatem
1357 1270 1388 1296 in
1410 1269 1526 1298 excelso
1542 1269 1658 1309 loquuti
1666 1275 1804 1307 Psal.72,8.

912 1311 992 1339 sunt.
1000 1313 1158 1344 posuerunt
1167 1307 1314 1336 imcoelum
1328 1318 1359 1336 os
1369 1318 1465 1337 suum.
1478 1309 1546 1338 Ovis
1560 1308 1655 1338 herbas
1664 1314 1688 1338 9·

1539 1358 1598 1377 uem
1611 1359 1654 1378 vi-

912 1383 985 1413 deris
997 1395 1060 1424 ergo
1071 1385 1106 1414 de
1119 1386 1202 1426 pratis
1219 1386 1420 1426 Scripturarum
1433 1349 1536 1417 herba?
1544 1387 1654 1417 floridas

876 1433 895 1456 c
910 1424 1020 1463 justitiae
1043 1425 1221 1464 colligentem,
1231 1426 1291 1454 ovis
1303 1433 1342 1455 est
1357 1438 1363 1455 ι
1387 1437 1467 1465 quem
1490 1427 1591 1457 videris
1604 1438 1656 1456 au-

912 1470 965 1492 tem
979 1463 1006 1492 in
1021 1466 1149 1503 sanguine
1158 1465 1372 1504 persequutionis
1385 1466 1556 1504 gaudentem,
1572 1466 1657 1507 lupus

911 1509 961 1531 est.
987 1503 1084 1532 Adhuc
1108 1510 1197 1532 autem
1222 1503 1360 1533 considera
1374 1508 1385 1521 ⁸
1397 1515 1430 1533 an
1450 1506 1574 1542 virtutes,
1588 1517 1656 1544 quas

910 1541 983 1576 facit,
997 1542 1077 1571 utiles
1089 1542 1142 1571 sint
1155 1553 1188 1571 an
1203 1542 1322 1572 inutiles.
1337 1543 1427 1572 Utiles
1440 1551 1513 1581 sunt,
1529 1555 1588 1582 quae
1602 1546 1657 1574 mi-

891 1580 1034 1616 ,rabiliter
1047 1581 1126 1617 fiunt,
1142 1588 1167 1610 et
1187 1581 1223 1610 ad
1244 1581 1356 1611 salutem
1375 1583 1520 1622 proficiunt
1535 1594 1543 1610 ε
1559 1591 1654 1623 utputa

912 1619 1033 1649 infirmos
1045 1630 1149 1657 sanare,
1158 1627 1184 1649 et
1196 1621 1248 1649 alia
1262 1621 1429 1661 hujusmodi,
1439 1633 1498 1661 quae
1505 1623 1567 1652 fecit
1574 1624 1654 1653 Chri-

911 1665 978 1688 stus.
995 1660 1095 1689 Vacuae
1110 1667 1199 1689 autem
1213 1667 1285 1697 sunt,
1300 1671 1360 1699 quae
1378 1661 1581 1692 admirationem
1595 1663 1654 1702 qui-

911 1697 972 1727 dem
987 1699 1088 1728 faciunt
1100 1699 1265 1735 videntibus,
1281 1700 1424 1730 utilitatem
1437 1709 1526 1731 autem
1539 1702 1654 1732 afferunt

913 1345 1066 1381 manducat,
1080 1346 1162 1386 lupus
1183 1346 1310 1376 carnibus
1331 1346 1488 1377 delectatur.

911 1738 1016 1807 nullapir
1027 1745 1138 1806 :Iptputa
1151 1739 1242 1768 volare
1256 1750 1303 1779 per
1316 1750 1415 1776 aerem,
1431 1741 1500 1771 sicul
1519 1749 1544 1771 et
1556 1743 1653 1772 Domi-

910 1787 975 1806 num
1010 1788 1032 1806 ia
1054 1788 1070 1806 o

1083 1789 1114 1807 us
1126 1778 1284 1808 hortabatur
1300 1790 1305 1806 :
1323 1779 1344 1817 †
1356 1787 1456 1810 statuas
1464 1781 1550 1810 facere
1562 1781 1654 1811 ambu-

1696 1789 1710 1816 †
1719 1789 1806 1812 alata·

910 1816 966 1846 lare
981 1829 987 1845 :
1001 1824 1047 1846 aut
1070 1818 1236 1847 commisceri
1258 1819 1382 1856 flammae,
1397 1827 1423 1849 et
1441 1830 1493 1849 non
1506 1821 1628 1851 comburi
1643 1834 1650 1850 :
1662 1827 1727 1843 ΜΗ
1735 1829 1807 1851 super

911 1863 936 1885 et
949 1856 1001 1885 alia
1025 1857 1115 1895 qualia
1135 1857 1228 1887 Simon
1243 1859 1311 1888 fecit.
1327 1859 1398 1888 Nam
1422 1860 1500 1899 plena
1524 1871 1604 1901 opera
1617 1872 1651 1891 ex

1659 1855 1754 1882 pinnam

1662 1883 1742 1914 templi
1752 1891 1803 1904 am-

910 1897 967 1925 Deo
977 1903 1049 1931 sunt,
1057 1896 1122 1934 quia
1134 1897 1227 1942 etipse
1240 1905 1280 1927 est
1287 1898 1383 1938 plenus
1399 1911 1406 1928 t
1421 1910 1505 1929 vacua
1519 1907 1607 1929 autem
1617 1911 1651 1930 ex
1661 1916 1751 1941 butam,
1759 1919 1802 1936 etc.

910 1935 1029 1971 diabolo,
1046 1937 1115 1964 sicut
1128 1943 1155 1965 et
1168 1947 1226 1976 ipse
1243 1944 1282 1967 est
1302 1948 1403 1967 vacuus
1426 1946 1452 1968 et
1471 1950 1565 1969 vanus.
1581 1940 1651 1970 Nam

909 1975 971 2014 quia
993 1975 1116 2013 quaedam
1137 1975 1270 2006 mirabilia
1290 1977 1360 2006 fiunt
1384 1988 1418 2007 ex
1439 1980 1514 2016 Deo,
1529 1978 1651 2018 quaedam

873 2021 893 2044 D
910 2025 944 2044 ex
955 2014 1074 2050 diabolo,
1089 2014 1251 2046 demonstrat
1264 2017 1438 2047 Nicodemus.
1449 2019 1508 2048 Non
1522 2019 1593 2048 enim
1605 2018 1650 2048 di—

910 2055 1054 2088 xit,Nemo
1067 2054 1130 2083 facit
1141 2055 1225 2094 signa,
1237 2056 1290 2086 nisi
1304 2058 1340 2086 sit
1349 2058 1424 2087 Deus
1438 2068 1500 2087 cum
1514 2058 1563 2087 illo
1574 2069 1581 2087 τ
1592 2058 1650 2094 sed,

909 2095 1001 2122 Nemo
1024 2094 1098 2132 facit
1116 2095 1177 2123 hoec
1189 2096 1284 2135 signa,
1301 2106 1367 2135 quoe
1387 2103 1418 2126 tu
1433 2098 1528 2138 sacis,
1545 2099 1600 2127 nisi
1614 2100 1650 2127 sit
1660 2106 1729 2129 Joan.
1741 2106 1764 2129 3.
1777 2114 1800 2129 2.

911 2134 991 2162 Deus
1005 2128 1071 2162 c'um
1082 2133 1148 2162 illo.
1162 2135 1199 2164 Et
1216 2142 1279 2165 tunc
1290 2135 1399 2174 quidem
1413 2147 1448 2165 ex
1468 2138 1519 2167 hoc
1533 2137 1591 2166 solo
1605 2148 1650 2167 co-

909 2173 1104 2212 gnoscebantur
1115 2173 1176 2203 falsi
1189 2175 1326 2215 propheta:
1339 2182 1365 2204 et
1385 2176 1455 2211 veri,
1470 2177 1492 2206 si
1516 2176 1593 2206 utilia
1605 2184 1652 2206 aut

909 2212 1015 2240 inutilia
1029 2212 1143 2242 facerent
1154 2213 1239 2252 signa.
1254 2215 1330 2244 Nunc
1342 2222 1442 2251 autem,
1452 2216 1515 2254 quia
1531 2217 1652 2245 futurum

909 2258 959 2287 est,
974 2258 1004 2280 ut
1016 2253 1095 2281 etiam
1109 2262 1143 2282 ex
1156 2260 1231 2292 parte
1237 2253 1306 2283 bona
1317 2254 1500 2283 faciendorum
1514 2255 1651 2293 signorum

909 2290 1018 2320 diabolo
1031 2290 1110 2320 detur
1122 2299 1248 2332 potestas,
1258 2293 1338 2323 etiam
1352 2293 1427 2322 aliud
1439 2304 1557 2332 quaerere
1568 2293 1650 2322 dehe-

909 2340 970 2359 mus
986 2341 992 2358 :
1009 2330 1031 2359 si
1054 2332 1232 2361 necessarium
1253 2340 1292 2362 est
1314 2332 1459 2361 secundum
1475 2339 1591 2371 tempus,
1605 2338 1651 2360 aut

909 2379 961 2399 non
975 2376 1014 2399 est
1027 2371 1214 2400 necessarium.
1230 2372 1259 2401 Si
1284 2371 1355 2400 enim
1369 2371 1503 2399 mirabilia
1526 2371 1651 2400 Christus

910 2416 1018 2449 propter
1029 2409 1256 2439 confirmationem
1279 2409 1428 2438 infidelium
1449 2409 1577 2444 faciebat,
1598 2419 1652 2438 non

908 2456 1018 2488 propter
1029 2449 1101 2489 ipsos
1115 2459 1182 2488 quos
1193 2450 1301 2478 sanabat
1314 2460 1322 2487 ς
1336 2449 1407 2488 ipsos
1418 2449 1489 2477 enim
1502 2448 1529 2476 in
1539 2448 1593 2477 fide
1604 2459 1650 2478 sa—

910 2498 972 2518 nare
986 2495 1099 2529 poterat,
1115 2498 1167 2518 non
1182 2489 1210 2518 in
1232 2488 1307 2527 signo
1320 2499 1327 2516 ε
1342 2487 1512 2517 manifestum
1525 2494 1576 2526 est,
1589 2488 1652 2527 quia

151 2589 161 2600 n
178 2581 219 2606 Sic
227 2581 295 2606 VJ)⁴
304 2580 372 2606 min
384 2581 472 2606 vitium
483 2588 532 2612 proe
543 2587 567 2603 sc
580 2578 691 2604 ferebant
699 2579 853 2611 [omittentes
863 2580 919 2612 an].
