1890 2826
216 180 285 225 584

213 263 246 281 ne
257 252 317 291 quis
330 261 372 281 mc
385 250 503 280 audaciae
517 251 629 292 incuset.
643 249 766 279 solemus
782 247 871 278 dicere
887 257 953 287 pec-

214 299 347 335 cantibus,
362 291 553 328 comminantes
571 302 602 325 ut
613 300 803 325 convertantur
821 305 829 322 ε
845 292 953 323 Faciam

215 353 245 374 ut
255 346 342 375 discas
356 343 570 384 resipiscentiam.
582 342 691 381 Ergone
704 340 752 380 qui
771 340 810 369 sic
822 336 953 378 loquitur,

216 392 283 420 lianc
304 389 475 430 disciplinam
496 388 563 418 dicit
586 397 643 417 esse
661 385 820 417 scientiam?
837 384 954 415 Scientia

214 437 296 476 igitur
318 447 353 466 ex
373 435 555 465 calamitatum
572 432 736 474 experientia
748 430 880 472 procedit.
895 431 953 460 Do-

214 485 271 513 cuit
279 494 340 512 eum
356 489 385 512 ut
397 482 520 518 disceret,
531 487 596 520 quot
614 479 693 513 malis
704 489 733 509 se
745 489 793 519 per
807 484 954 517 transgresa

215 530 317 559 sionem
338 528 522 569 implicuisset.
819 541 821 543 r

256 577 283 605 5.
306 576 433 604 Animum
453 573 537 613 igitur
556 572 700 612 diligenter
721 569 831 601 adhibe.
847 571 954 607 Quam-

216 633 295 661 quam
314 621 385 650 enim
406 621 483 660 prius
500 619 633 656 diximus,
657 617 807 658 argumenti
833 615 902 645 ratio
925 625 957 645 eo

916 186 1098 210 SEVEnlANt

1007 249 1060 276 τῶν
1071 250 1222 288 συμφορῶν.
1234 248 1405 280 Ἐπαίδευσεν
1418 250 1495 280 αὐτὸν
1506 252 1613 291 γνῶναι,
1625 250 1714 284 πόσοις
1725 261 1777 279 κα-

1009 298 1063 327 κοῖς
1075 295 1232 335 συνεζεύχθη
1244 295 1376 336 παραὸάς.

1049 572 1170 613 Πρόσεχε
1184 574 1269 603 τοίνυν
1281 574 1349 613 μετὰ
1361 574 1505 616 capientem.
1515 576 1548 605 Εἰ
1561 574 1613 616 γὰρ
1621 574 1667 605 καὶ
1678 574 1780 615 εἴρηται

1010 618 1113 658 πρῴην,
1125 620 1184 648 ἀλλ’
1204 622 1221 655 ἡ
1233 620 1356 654 ὑπόθεσις
1369 621 1441 651 ἕλκει
1455 621 1499 651 τὸν
1513 621 1600 661 λόγον.
1611 621 1647 651 ‘O
1661 621 1783 655 δεδαηαὸς

216 669 362 698 orationem
381 666 501 697 deducit.
518 666 649 696 Omnium
663 664 775 704 largitor
785 664 860 693 Deus
881 662 953 693 invi·
973 668 991 691 C
1010 664 1043 693 τὰ
1055 665 1143 694 πάντα
1155 666 1223 700 Θεὸς
1238 666 1347 707 ἀόρατος
1360 663 1406 704 ἧν·
1419 670 1435 697 ὃ
1446 667 1538 698 >nebu
1558 667 1632 708 παρὰ
1649 670 1696 697 τοῦ
1709 668 1781 697 Θεοῦ

217 715 304 745 sibilis
331 720 386 743 erat
393 725 402 751 ;
422 713 469 753 qui
493 724 508 742 a
529 713 587 742 Deo
613 710 704 740 omnia
733 715 885 749 acceperat,
906 708 958 738 sub

217 767 354 801 aspectum
380 759 501 789 cadebat.
527 757 583 795 Qui
604 762 755 796 acceperat,
775 755 863 786 oculis
882 761 957 795 pate-

217 809 279 844 bat;
293 807 340 846 qui
350 805 469 842 dederat,
477 814 529 834 non
537 803 693 844 apparebat.
703 802 784 832 Solus
792 807 848 831 erat
853 801 935 830 homo
949 813 956 829 :

217 855 296 883 bruta
328 850 472 881 animantia
501 850 572 880 eima
600 849 680 878 illum
707 853 792 878 erant.
817 847 958 878 Neminem

217 900 331 930 habebat
357 898 522 938 oppositum.
547 895 680 936 Imposuit
696 896 770 924 Deus
794 894 891 934 legem,
917 904 959 923 ar-

217 948 309 976 borem
330 945 358 973 in
381 943 486 979 medio,
502 952 562 981 quae
585 940 832 977 commonefaceret,
851 949 885 968 ne
907 939 959 969 sub

217 992 355 1022 dominatu
374 1000 402 1019 se
423 989 544 1029 positum
565 997 622 1017 csse
643 986 856 1016 oblivisceretur.
872 985 959 1016 Verbi

218 1040 313 1080 gratia,
333 1036 464 1067 circuibat
481 1033 585 1064 fruct'us
605 1033 751 1073 decerpens
776 1042 839 1061 cum
861 1042 957 1062 uxore.

218 1085 366 1115 Accedebat
381 1082 415 1112 ad
430 1081 553 1111 arborem
569 1092 576 1109 ι
596 1079 713 1115 dicebat,
727 1079 769 1109 Ne
790 1078 859 1108 hanc
879 1078 960 1108 arbo-

216 1143 271 1161 rem
285 1139 440 1170 tangamus,
453 1128 487 1157 de
500 1127 548 1156 illa
566 1136 682 1165 namque
699 1132 859 1166 praeeeptum
883 1124 959 1154 dedit

1011 710 1044 740 τὰ
1057 711 1144 741 πάντα
1154 712 1284 752 ὁρώμενος
1297 710 1339 750 ἦν.
1353 715 1388 744 Ὁ
1398 715 1487 745 λαῧὼν
1497 714 1626 755 ἐφαίνετο,
1636 716 1650 744 ὁ
1661 714 1782 748 δεδωκὼς

1010 758 1058 785 οὐκ
1071 757 1202 797 ἐφαίνετο.
1223 759 1309 793 Μόνος
1326 756 1359 797 ἦν
1372 763 1387 790 ὁ
1400 761 1536 801 ἄνθρωπος
1546 772 1553 779 ·
1571 760 1606 790 τὰ
1624 759 1708 800 ἄλογα
1721 759 1783 800 περὶ

1011 802 1097 832 αὐτόν.
1113 803 1191 833 Κατὰ
1204 806 1322 845 κεφαλῆς
1335 806 1428 836 οὐδένα
1445 802 1527 846 εἶχεν.
1548 806 1665 843 Ἔθηκεν
1683 806 1756 846 αὐτῷ
1767 807 1783 835 ὁ

1009 848 1080 883 Θεὸς
1093 849 1187 890 νόμον,
1207 851 1237 880 τὸ
1250 851 1354 892 δένδρον
1373 854 1410 886 εἰς
1427 853 1577 892 ὑπόμνησιν
1596 853 1623 882 ἐν
1637 851 1783 893 μέσῳ,ἶνα

1012 895 1049 935 μὴ
1062 895 1130 936 λάθῃ
1143 897 1233 927 λαθὼν
1247 898 1296 935 τὴν
1315 899 1480 928 δεσποτείαν.
1498 895 1577 935 Οἶσν,
1594 899 1700 938 περιῄει
1717 910 1781 938 τρυ-

1010 942 1065 980 γῶν
1077 941 1139 976 τοὺς
1150 943 1270 983 καρποὺς
1281 944 1350 983 μετὰ
1365 945 1556 984 τῆς,γυναικός.
1569 944 1734 981 Ἐπλησίαζε
1743 945 1783 984 τῷ

1011 986 1123 1027 δένδρῳ·
1135 987 1219 1028 ἔλεγε,
1231 989 1268 1028 μὴ
1283 989 1412 1030 ἁψώμεθα
1421 993 1467 1020 τοῦ
1479 990 1584 1031 δένδρου
1598 990 1692 1020 τούτου
1701 1002 1708 1009 ·
1721 990 1783 1031 περὶ

1009 1032 1061 1073 γὰρ
1075 1034 1154 1063 αὐτοῦ
1167 1035 1345 1075 παρήγγειλεν
1357 1038 1372 1066 ὁ
1384 1036 1463 1070 Θιός.
1477 1037 1531 1066 Καὶ
1549 1032 1582 1072 ἧν
1598 1037 1630 1066 τὸ
1648 1033 1782 1077 δρώμενον

1009 1078 1157 1115 ὑπόμνησις
1165 1082 1212 1109 τοῦ
1227 1081 1340 1121 ἀοράτου
1350 1093 1357 1100 ·
1371 1078 1414 1111 οἶα
1426 1082 1527 1122 γίνεται
1539 1082 1585 1112 καὶ
1598 1085 1653 1112 νῦν.
1667 1082 1782 1118 Ἐννόη·

1009 1136 1054 1154 σον
1074 1125 1151 1155 πόσοι
1169 1126 1235 1156 εἰσὶν
1256 1126 1382 1167 ἄρχοντες
1396 1128 1447 1158 ἀνὰ
1465 1133 1554 1159 πᾶσαν
1575 1128 1626 1165 τὴν
1647 1130 1708 1168 γῆν.
1728 1129 1799 1159 Καὶ’

216 1181 300 1208 Deus.
315 1178 435 1215 Eratque
452 1174 480 1204 id
492 1173 567 1213 quod
579 1172 734 1209 videbatur,
748 1172 808 1211 ejus
826 1171 873 1211 qui
886 1171 957 1201 invi·
973 1176 992 1200 D
1009 1170 1100 1208 ἐπειδὴ
1123 1171 1246 1211 βασιλεὺς
1259 1178 1340 1203 πᾶσιν
1361 1173 1391 1203 οὗ
1412 1174 1542 1214 πάρεστι,
1556 1175 1595 1204 δεῖ
1614 1177 1783 1214 παραστῆναι

216 1225 304 1254 sibilis
317 1230 372 1252 erat
383 1221 595 1257 monimentum3
610 1218 639 1248 id
651 1217 724 1257 quod
738 1218 818 1247 etiam
830 1227 903 1247 nunc
914 1228 958 1248 ac-

216 1270 293 1299 cidit.
306 1269 400 1308 Cogita
424 1276 506 1306 quam
525 1265 605 1295 multi
618 1274 667 1304 per
684 1263 842 1294 universum
863 1263 957 1294 orbem

216 1315 331 1355 praesecti
340 1315 404 1344 sint.
417 1312 490 1350 Quia
502 1318 591 1340 autem
605 1311 755 1350 Imperator
767 1320 821 1339 non
831 1310 958 1339 omnibus

216 1363 300 1399 adest,
316 1361 419 1391 neccsse
431 1366 471 1389 est
483 1357 655 1398 Imperatoris
666 1356 782 1396 effigiem
794 1356 958 1386 intribuna-

217 1409 299 1445 libus,
317 1408 344 1436 in
366 1406 442 1439 soris,
459 1406 486 1434 in
504 1403 629 1441 coetibus,
645 1404 672 1432 in
696 1402 808 1432 theatris
825 1402 958 1433 exhiheri.

218 1456 249 1485 ln
263 1454 335 1484 omni
349 1463 413 1493 ergo
427 1453 497 1486 loco,
509 1451 536 1480 in
556 1460 610 1489 quo
631 1449 736 1489 negotia
753 1455 848 1479 tractat
861 1449 956 1490 praefe-

103 1506 123 1533 ιιχ
157 1507 208 1535 ¹¹¹}'⁵
218 1508 275 1530 ctus
288 1500 404 1539 effigiem
418 1509 474 1528 esse
488 1502 604 1537 oportet,
617 1502 648 1524 ut
660 1505 721 1534 quae
734 1495 803 1524 flunt
813 1495 958 1525 auctorita-

69 1537 173 1584 ”iffl‘ffi-'J
185 1539 206 1551 ’Π
218 1556 270 1578 tem
290 1547 414 1576 habeant.
436 1546 585 1584 Imperator
606 1541 727 1581 quidem,
750 1548 841 1582 utpote
863 1542 957 1581 homo,

218 1594 319 1633 ubique
333 1602 448 1633 praesens
462 1601 518 1620 esse
532 1599 585 1618 non
600 1595 687 1629 potest
701 1601 708 1617 ι
723 1589 798 1618 Deus
815 1599 881 1618 vero
898 1599 959 1618 rur-

217 1651 273 1678 sus,
290 1647 319 1669 ut
339 1641 413 1669 Deus
433 1644 483 1671 est,
495 1636 573 1666 nullo
594 1634 674 1665 modo
690 1641 776 1675 potest
789 1635 824 1664 ab
836 1635 959 1665 homini-
974 1641 992 1664 Ε

216 1687 267 1716 bus
288 1683 478 1716 videri.Dcdit
498 1683 621 1712 arborem
640 1680 748 1720 imperii
766 1681 957 1719 characterem,

216 1733 263 1771 qui
273 1732 404 1761 Adamum
411 1729 656 1763 commonefaceret,
663 1726 795 1767 accepisse
802 1738 830 1756 se
837 1728 959 1758 omnium

217 1778 393 1807 dominatum.
411 1778 531 1814 Agnosce
541 1784 604 1803 cum
617 1772 665 1811 qui
678 1773 728 1802 tibi
741 1779 898 1812 potestatem
911 1774 959 1804 de-

218 1825 269 1854 dit.
282 1825 318 1853 Et
336 1830 366 1852 ut
380 1822 468 1851 discas
480 1819 615 1860 quomodo
629 1820 710 1848 arbor
722 1819 795 1859 ipsos
808 1830 959 1850 commone-

219 1871 314 1900 faceret
322 1892 329 1905 ‚
350 1878 412 1897 cum
427 1876 535 1906 serpens
554 1865 695 1895 mulierem
716 1864 839 1904 decipere
859 1867 958 1901 voluit,

187 1927 207 1941 τι.
220 1915 290 1944 dixit
305 1914 347 1943 illi
362 1924 368 1940 :
384 1914 444 1942 Cur
454 1912 528 1940 dixit
538 1912 623 1940 vobis
636 1911 716 1939 Deus
727 1921 763 1938 ne
774 1912 960 1942 comederetis

220 1971 256 1989 ex
266 1963 345 1989 omni
357 1960 437 1998 ligno
445 1960 458 1985 Ρ
468 1956 569 1986 Mulier
580 1966 634 1985 non
647 1955 732 1985 oblita
744 1963 800 1985 erat
813 1957 890 1997 legis,
906 1959 961 1988 imo

220 2007 300 2035 etiam
320 2003 496 2044 ignorantiam
507 2001 629 2041 corrigit,
643 2007 669 2030 et
686 2001 724 2030 ait
739 2012 747 2028 :
763 2003 824 2031 Non
840 2003 878 2032 ita
890 2003 963 2035 dixit

1009 1215 1054 1245 τὸν
1067 1220 1226 1258 χαρακτῆρα
1237 1222 1284 1248 τοῦ
1298 1219 1428 1259 βασιλέως
1441 1221 1469 1250 ἐν
1484 1220 1671 1261 δικαστηρίοις,
1685 1222 1713 1250 ἐν
1721 1221 1783 1260 ἀγο-

1012 1267 1077 1302 ραῖς,
1088 1263 1116 1292 ἐν
1128 1263 1273 1304 συλλόγοις,
1287 1267 1315 1295 ἐν
1329 1265 1456 1306 θεάτροις.
1477 1266 1526 1296 Ἐν
1539 1267 1619 1296 παντὶ
1633 1261 1678 1296 οὖν
1691 1265 1781 1306 τόπῳ,

1010 1309 1037 1337 ἐν
1050 1303 1073 1348 ᾧ
1086 1309 1197 1350 πράττει
1208 1310 1308 1351 ἄρχων,
1330 1312 1369 1341 δεῖ
1381 1316 1520 1352 παρεῖναι,
1534 1313 1577 1342 ἵνα
1591 1313 1736 1352 βεὸαιῶται
1748 1311 1783 1342 τὰ

1009 1355 1144 1394 γινόμενα,
1158 1356 1193 1387 Ὁ
1207 1358 1331 1397 βασιλεὺς
1342 1359 1392 1398 μὲν
1401 1356 1445 1389 οὖν
1456 1363 1581 1400 παρεῖναι
1589 1362 1737 1400 πανταχοῦ,
1747 1361 1784 1392 ὣς

1010 1400 1161 1441 ἄνθρωπος,
1175 1404 1204 1433 οὗ
1217 1403 1325 1434 δύναται
1334 1416 1342 1423 ·
1355 1405 1426 1435 Θεὸν
1439 1405 1467 1435 δὲ
1485 1406 1567 1436 πάλιν
1580 1405 1734 1446 φαίνεσθαι,
1746 1406 1783 1439 ὣς

1011 1447 1079 1476 Θεὸν
1088 1469 1096 1483 ,
1115 1449 1277 1489 ἀνθρώποις,
1298 1450 1434 1482 ἀδύνατον.
1452 1451 1559 1482 Δέδωκε
1571 1452 1603 1482 τὸ
1616 1451 1720 1492 δένδρον
1731 1463 1782 1492 χα-

1012 1495 1132 1534 ρακτῆρα
1143 1497 1191 1531 τῆς
1206 1497 1357 1535 βασιλείας,
1375 1497 1524 1537 ὑπόμνησιν
1538 1498 1616 1539 φέρον
1629 1500 1668 1538 τῷ
1681 1497 1764 1537 Ἀδὰμ
1773 1519 1783 1533 ,

1011 1539 1051 1568 ὅτι
1063 1541 1169 1570 πάντων
1189 1541 1268 1571 nass
1286 1542 1335 1579 τὴν
1353 1544 1518 1575 δεσποτείαν.
1534 1545 1620 1575 Γνῶθι
1633 1544 1679 1574 τὸν
1699 1545 1782 1575 8⁸81»-
1798 1549 1803 1551 '

1010 1585 1077 1615 κότα
1088 1586 1138 1623 τὴν
1152 1587 1278 1622 ἐξουσίαν.
1290 1589 1344 1619 Καὶ
1357 1589 1401 1618 ἵνα
1414 1590 1500 1630 μάθῃς
1511 1591 1568 1624 πῶς
1581 1590 1783 1630 ὑπεμίμνησκεν

1012 1631 1105 1666 αὐτοὺς
1117 1633 1147 1662 τὸ
1159 1633 1263 1673 δένδρον
1272 1645 1279 1652 ·
1288 1633 1332 1664 ὅτε
1340 1636 1356 1664 ὁ
1367 1635 1426 1676 ὄφις
1444 1635 1575 1674 ἠθέλησεν
1585 1637 1724 1672 ἀπατῆσαι
1732 1636 1784 1673 τὴν

1011 1684 1136 1718 γυναῖκα,
1149 1674 1223 1709 εἶπεν
1236 1682 1303 1721 αὐτῇ
1312 1693 1318 1699 ·
1330 1681 1384 1711 Διὰ
1395 1682 1423 1712 τί
1434 1678 1506 1712 εἶπεν
1523 1685 1538 1713 ὅ
1549 1683 1619 1717 Θεὸς
1640 1682 1678 1723 μὴ
1691 1687 1783 1724 φαγεῖν

1012 1727 1080 1764 ὑμᾶς
1099 1725 1153 1755 ἀπὸ
1171 1726 1269 1762 παντὸς
1285 1727 1376 1764 ξύλου;
1391 1728 1427 1758 Ἡ
1439 1726 1506 1768 γυνὴ
1525 1729 1574 1759 οὐκ
1594 1728 1785 1759 ἐπελανθάνετο

1011 1774 1057 1801 τοῦ
1071 1772 1161 1811 νόμου,
1176 1773 1245 1803 ἀλλὰ
1256 1773 1301 1803 καὶ
1316 1775 1463 1815 διορθοῦται
1475 1774 1524 1812 τὴν
1539 1775 1657 1815 ἄγνοιαν,
1672 1775 1719 1805 καί
1728 1787 1783 1816 φη-

1013 1830 1054 1847 σιν
1065 1830 1071 1836 ·
1084 1819 1132 1848 οὔκ
1147 1813 1219 1848 εἶπεν
1229 1821 1243 1849 ὁ
1257 1820 1325 1854 Θεὸς
1341 1820 1439 1857 οὕτως,
1451 1822 1510 1851 ἀλλ’
1530 1821 1584 1851 ἀπὸ
1595 1821 1694 1856 παντὸς
1707 1821 1784 1856 ξύλου

1013 1864 1172 1904 φαγώμεθα·
1187 1865 1240 1894 ἀπὸ
1254 1865 1282 1895 δὲ
1302 1869 1348 1896 τοῦ
1369 1866 1446 1901 ξύλου
1459 1866 1570 1903 τούτου,
1584 1862 1657 1897 εἶπεν
1669 1869 1684 1896 ὁ
1699 1867 1785 1903 Θεὸς,

1014 1909 1051 1948 μὴ
1065 1910 1167 1950 φάγητε
1183 1911 1229 1939 ἀπ’
1244 1913 1334 1948 αὐτοῦ,
1347 1912 1414 1951 μηδὲ
1426 1912 1528 1952 ἅψασθε
1537 1914 1627 1942 αὐτοῦ.
1638 1912 1727 1942 Βλέπε
1735 1912 1784 1949 τὴν

1014 1955 1161 1995 ἀκρίὸειαν.
1177 1955 1212 1986 Ὁ
1231 1957 1300 1990 Θεὸς
1319 1959 1368 1987 οὐκ
1385 1954 1443 1987 eim
1453 1970 1460 1977 ·
1472 1958 1510 1997 μὴ
1525 1959 1637 1998 ἅψησθι.
1648 1958 1719 1988 Οὐδὲ
1732 1958 1785 1998 γὰρ

1013 2002 1089 2041 ἔφερε
1117 2002 1235 2031 κίνδυνον
1260 2002 1291 2032 τὸ
1316 2003 1433 2042 ἅψασθαι
1442 2015 1450 2022 ·
1474 2005 1534 2034 ἀλλ’
1559 2005 1653 2034 ἐκεῖνοι
1679 2003 1784 2034 σύνεσιν

220 2054 305 2089 Deus,
320 2051 367 2081 sed
377 2061 411 2080 ex
420 2049 493 2079 omni
506 2049 579 2087 ligno
598 2048 779 2084 comcdimus3
790 2048 825 2079 de
839 2049 891 2080 hoc
909 2061 960 2080 au-
967 2069 1002 2089 501
1014 2047 1118 2087 ἔχοντες
1130 2047 1229 2084 θεϊκὴν,
1240 2050 1294 2077 τῶν
1304 2050 1404 2078 λοιπῶν
1413 2049 1598 2086 ἀπολαύοντες,
1608 2049 1709 2090 ὥρισαν
1718 2052 1783 2090 παρ’

221 2105 275 2129 tem
287 2100 360 2139 ligno
373 2097 444 2127 dixit
456 2097 542 2131 Deus,
555 2105 588 2124 ne
609 2094 777 2124 comederitis
794 2106 828 2125 ex
843 2096 902 2134 illo,
917 2108 961 2127 ne-
975 2098 995 2120 Α
1014 2095 1132 2127 ἑαυτοῖς·
1155 2089 1228 2123 εἶπεν
1245 2096 1259 2123 ὁ
1281 2094 1366 2130 Θεὸς,
1380 2095 1419 2134 μὴ
1439 2095 1569 2135 γεύσησθε
1591 2098 1639 2125 τοῦ
1661 2096 1784 2136 δένδρον’

222 2156 275 2184 que
283 2143 397 2184 tangatis
410 2140 591 2182 ipsumNide
602 2141 806 2170 accurationem.
819 2143 893 2172 Deus
907 2153 960 2174 non

221 2192 293 2221 dixit
309 2203 315 2219 :
331 2192 372 2220 Ne
394 2187 519 2226 tangatis.
538 2186 654 2215 Nullum
668 2186 770 2227 quippe
780 2188 875 2218 eratin
888 2196 960 2220 tactu

222 2237 371 2278 periculum
388 2247 396 2264 ι
412 2233 459 2263 sed
469 2232 523 2270 illi,
536 2232 583 2271 qui
594 2231 688 2262 divina
700 2232 805 2272 praediti
818 2234 961 2274 prudentia

222 2290 307 2321 erant,
320 2280 432 2320 reliquis
451 2280 578 2315 fruentes,
594 2277 624 2308 id
644 2278 718 2319 apud
740 2290 768 2309 se
788 2286 936 2311 statuerunt
952 2294 960 2310 :

222 2331 294 2360 dixit
306 2331 381 2359 Deus
392 2338 425 2357 ne
438 2326 473 2356 de
484 2326 582 2355 arbore
595 2332 733 2365 gustemus
740 2338 750 2366 ;
765 2337 813 2357 nos
826 2337 859 2357 ne
869 2335 961 2369 tanga-

222 2385 282 2405 mus
303 2372 424 2413 quidem.
445 2371 532 2400 Tanta
550 2369 658 2399 mulieri
674 2380 738 2400 cura
761 2378 817 2400 erat
836 2374 961 2403 servandi

222 2419 272 2449 Dei
285 2422 457 2459 praeceptum.
467 2414 535 2444 Erat
544 2413 627 2453 igitur
639 2413 721 2443 arbor
727 2414 755 2443 in
764 2415 853 2445 medio
862 2418 959 2456 posita,

174 2492 181 2497 .
221 2474 273 2502 qua
296 2471 404 2502 serpens
423 2458 531 2488 seduxit
547 2468 601 2487 eos.
617 2459 686 2488 Rem
705 2458 769 2488 audi
788 2460 957 2500 stupendam.

220 2509 293 2537 Usus
315 2506 489 2534 instrumento
502 2508 541 2531 est
557 2501 592 2531 ad
605 2502 737 2540 fraudem,
752 2514 782 2533 re
801 2514 896 2545 nempe
909 2506 959 2535 ho-

218 2551 284 2580 mini
305 2549 394 2578 insita.
409 2549 483 2576 Deus
502 2546 574 2575 enim
594 2545 727 2575 hominem
749 2547 877 2586 formans,
895 2559 957 2581 cum

215 2600 318 2638 reliqua
333 2596 451 2631 scicntia,
468 2594 545 2624 ctiam
561 2593 723 2624 desiderium
739 2596 789 2625 Dei
809 2597 950 2631 indiderat.

1013 2141 1091 2178 ἡμεῖς
1109 2139 1138 2169 δὲ
1152 2139 1220 2178 μηδὲ
1241 2140 1370 2180 ἁψόμεθα.
1385 2142 1517 2172 Τοσοῦτον
1536 2142 1616 2181 ἔμελε
1634 2144 1666 2182 τῇ
1679 2142 1785 2183 γυναικὶ

1013 2187 1128 2225 τηρῆσαι
1141 2188 1187 2215 τοῦ
1207 2187 1277 2216 Θεοῦ
1294 2186 1343 2223 τὴν
1364 2187 1481 2224 ἐντολήν.
1504 2183 1560 2218 ’Ἦν
1577 2184 1622 2218 οὗν
1636 2188 1666 2218 τὸ
1679 2189 1785 2229 δένδρον

1014 2233 1042 2261 ἐν
1064 2231 1138 2272 μέσῳ
1160 2232 1297 2271 κείμενον,
1320 2235 1356 2266 εἷς
1379 2233 1393 2263 ὃ
1413 2233 1550 2270 ἠπάτησεν
1574 2234 1675 2269 αὐτούς,
1700 2235 1784 2265 Ξένον

1014 2278 1092 2307 ἄκουε
1105 2283 1228 2318 πρᾶγμα.
1243 2278 1397 2319 Ἐχρήσατο
1409 2280 1512 2321 ὀργάνῳ
1526 2280 1591 2321 πρὸς
1601 2281 1650 2318 τὴν
1662 2282 1785 2319 ἀπάτην,

1014 2324 1153 2364 πράγματι
1166 2325 1390 2366 ἐμπεφυτευμένῳ
1402 2329 1442 2367 τῷ
1453 2326 1593 2368 ἀνθρώπῳ.
1605 2327 1643 2358 ‘0
1650 2327 1703 2368 γὰρ
1714 2327 1785 2361 Θεὸς

1014 2370 1138 2401 πλάττων
1155 2371 1200 2401 τὸν
1222 2372 1376 2413 ἄνθρωπον,
1400 2373 1469 2413 μετὰ
1491 2377 1540 2410 τῆς
1562 2374 1644 2410 ἄλλης
1662 2373 1785 2413 γνώσεως

1013 2417 1134 2453 ἐνέθηκεν
1155 2419 1227 2459 αὐτῷ
1249 2419 1295 2449 καὶ
1317 2420 1396 2450 πόθον
1416 2422 1497 2451 Θεοῦ.
1518 2420 1597 2451 Ἐπεὶ
1610 2416 1654 2450 οὖν
1669 2416 1736 2451 εἶδεν
1756 2423 1784 2451 ἐν

1013 2465 1100 2498 αὐτοῖς
1112 2464 1156 2494 τὸν
1178 2465 1278 2506 πυρσὸν
1299 2469 1345 2495 τοῦ
1367 2467 1463 2504 πόθου,
1476 2467 1564 2506 λέγει·
1587 2468 1609 2496 Γ
1609 2466 1734 2502 ενῆσεσθε
1747 2470 1790 2501 ὡς·

1012 2509 1073 2538 θεοί.
1088 2511 1143 2540 Νῦν
1155 2533 1163 2547 ,
1182 2513 1218 2544 ὡς
1233 2512 1381 2552 ἄνθρωποι,
1404 2514 1434 2542 οὐ
1455 2512 1564 2542 δύνασθε
1588 2509 1653 2542 εἶναι
1669 2513 1783 2543 πάντοτε

1011 2555 1079 2604 μετὰ
1099 2558 1181 2586 Θεοῦ.
1202 2557 1267 2588 Ἐὰν
1286 2559 1397 2597 γένησθε
1411 2561 1447 2592 ὡς
1460 2558 1529 2595 θεοὶ,
1544 2558 1656 2589 πάντοτε
1671 2559 1782 2598 μέλλετε

1010 2605 1075 2631 εἶναι
1091 2606 1148 2641 μετ’
1165 2605 1252 2635 αὐτοῦ.
1266 2607 1306 2636 Οὔ
1326 2606 1377 2646 γὰρ
1393 2601 1464 2636 εἶπεν
1482 2606 1569 2639 αὐτοῖς
1579 2618 1585 2625 ·
1599 2605 1645 2636 ἐὰν
1665 2605 1783 2646 φάγητε,
