1890 2826
787 226 956 249 MONiTUM.
1586 212 1656 260 469

674 438 1081 501 MONITUM

427 591 496 626 AD
530 588 811 626 HOMILIAM
849 589 917 624 DE
957 587 1341 625 LEGISLATORE.

135 718 178 748 Ad
191 719 260 748 hauc
286 717 425 747 homiliam
445 717 503 746 liaec
524 722 598 745 notat
611 715 731 746 Savilius
745 725 752 741 τ
770 727 785 742 α
796 715 871 744 Hanc
897 713 1043 743 orationem
1056 713 1152 743 damus
1165 724 1199 743 ex
1212 713 1340 743 Editione
1359 715 1490 750 Romana,
1507 714 1659 754 castigatam

93 771 120 793 et
133 764 234 803 aliquot
248 763 361 804 pagellis
374 773 408 792 ex
418 764 474 792 Ms.
486 763 607 791 Caesareo
621 766 726 789 auctam
740 770 748 787 .-
764 769 824 798 quat
837 769 910 797 sane,
922 759 1023 798 absque
1035 759 1132 803 Photio
1146 766 1224 796 esset,
1240 759 1309 789 inter
1320 760 1550 800 ἀμφιὸαλλόμενα,
1564 770 1661 798 quam-

94 810 137 839 vis
149 821 184 839 ex
197 809 333 840 veteribus
346 809 461 849 alicujus
474 808 557 843 fuisse
569 806 704 843 videatur,
718 806 802 836 locari
815 805 963 835 debuisset.
975 807 1071 845 Neque
1081 816 1145 837 vero
1159 806 1226 835 tanti
1239 813 1279 835 est
1290 807 1363 847 apud
1376 818 1418 836 me
1432 807 1575 836 auctoritas
1589 806 1660 835 Pho—

94 856 134 891 tii,
157 855 205 895 qui
221 856 276 885 alia
295 855 418 894 quaedam
433 865 485 884 non
500 854 606 894 optimae
627 859 695 882 1101ae
709 852 820 892 recepit,
832 859 863 881 ut
885 852 954 881 inter
965 851 1077 891 γνησίας
1090 851 1276 892 ἀναμφιὸόλως
1290 852 1515 882 annumerandam
1527 862 1658 881 censeam.

95 903 165 931 Nam
177 901 278 941 primo,
291 901 380 941 stylus
402 907 442 930 est
459 911 474 930 a
488 899 675 940 Chrysostomi
698 898 848 928 charactere
868 897 984 926 alienus.
1009 897 1146 935 Secundo,
1158 904 1214 927 tota
1233 904 1315 926 scatet
1328 897 1472 937 allegoriis,
1486 907 1552 935 quas
1565 897 1663 925 Noster

94 947 159 984 fere,
173 946 224 975 nisi
234 946 340 976 veniam
349 946 489 986 praefatus,
505 955 558 974 non
572 945 640 974 solet
649 944 805 974 admiscere.
817 943 922 979 Tertio,
934 942 1008 982 quod
1021 943 1142 983 Ignatius
1156 943 1315 972 nominatim
1324 943 1431 980 citetur,
1445 943 1517 982 quod
1530 942 1595 972 huic
1608 943 1662 971 No-

94 998 150 1021 stro
160 991 285 1020 insolens.
299 992 448 1028 Postremo,
459 997 514 1020 tota
527 990 681 1020 intentionis
692 989 760 1019 ratio
773 996 799 1018 ct
812 989 896 1018 saltus
910 988 1000 1028 potius
1010 999 1091 1027 quam
1104 990 1232 1018 transitus
1246 989 1281 1018 ab
1292 999 1344 1018 una
1357 989 1425 1018 rein
1433 989 1525 1026 aliam,
1541 995 1662 1018 nostrum

95 1037 300 1078 χρυσοῤῥήμανα
307 1041 360 1067 non
368 1037 485 1077 sapiunt.
500 1037 536 1066 Et
547 1044 617 1066 certe
625 1037 651 1065 in
665 1036 756 1066 decem
764 1035 806 1064 his
816 1035 935 1064 homiliis
947 1046 961 1062 »
972 1035 1106 1074 (loquitur
1116 1035 1236 1066 Savilius
1243 1035 1278 1065 de
1284 1035 1376 1065 decem
1388 1036 1517 1072 homiliis,
1527 1032 1592 1074 quas
1601 1045 1671 1064 cum,

94 1084 144 1112 hac
154 1084 240 1113 Tomo
247 1084 267 1113 6
275 1093 327 1112 una
336 1083 403 1112 serie
414 1082 518 1123 posuit)
528 1095 540 1107 α
549 1092 564 1110 a
575 1081 640 1111 viris
648 1080 732 1110 doctis
741 1082 832 1110 Romae
840 1079 928 1117 editis,
942 1079 991 1110 vix
998 1079 1058 1109 duae
1069 1086 1141 1116 suut,
1155 1090 1292 1110 summum
1299 1087 1351 1110 tres
1361 1081 1475 1120 γνήσιαι.
1485 1081 1570 1111 Paulo
1576 1088 1663 1110 tamen

97 1130 140 1159 illi
150 1130 267 1168 felicius,
282 1140 364 1168 quam
377 1129 422 1158 alii
437 1130 567 1163 fecerunt,
585 1128 658 1167 iique
671 1127 726 1158 viri
740 1126 899 1164 doctissimi,
916 1126 962 1166 qui
976 1127 1054 1156 nobis
1068 1137 1103 1156 ex
1118 1126 1210 1156 decem
1221 1127 1266 1157 vel
1275 1127 1417 1157 duodecim
1427 1128 1475 1158 vix
1489 1138 1569 1157 unam
1581 1127 1663 1157 dede-

96 1184 159 1206 runt
172 1176 295 1216 γνησίαν.
312 1177 370 1206 Hoc
383 1175 454 1205 idem
469 1183 556 1205 tamen
574 1175 610 1205 de
623 1175 703 1205 unico
716 1174 867 1214 legislatore
884 1170 1071 1214 argumentum
1083 1176 1111 1203 in
1131 1175 1265 1214 germanis
1278 1175 1336 1214 ejus
1347 1174 1454 1215 scriptis
1476 1186 1546 1215 saepe
1559 1175 1666 1215 egregie

95 1222 244 1262 γυμνασθὲν
255 1222 400 1262 reperitur,
413 1222 460 1251 hic
467 1229 538 1251 certe
551 1221 612 1259 vix,
627 1220 708 1260 idque
717 1221 814 1260 frigide
827 1221 978 1260 attingitur.
992 1221 1097 1260 Scripta
1110 1220 1219 1251 videtur
1229 1220 1286 1250 haec
1299 1221 1396 1257 oratio,
1410 1228 1441 1250 ut
1453 1232 1486 1251 ex
1500 1222 1606 1262 epilogo
1619 1232 1666 1261 pa-

96 1275 144 1304 tet,
159 1266 332 1297 difficillimis
342 1267 498 1307 reipublicae
517 1266 694 1307 temporibus,
711 1273 736 1296 et
750 1266 951 1296 imminentibus
964 1266 1049 1296 exitio
1065 1266 1212 1296 Orientalis
1226 1266 1338 1306 Imperii
1350 1266 1474 1297 barbaris
1496 1267 1661 1302 nationibus,

96 1314 170 1353 quod
189 1313 216 1343 in
236 1321 354 1354 tempora
368 1314 554 1353 Chrysostomi
579 1313 628 1344 vix
640 1313 772 1352 quadrare
782 1313 899 1343 videtur.
917 1325 932 1340 n
948 1314 989 1342 De
1000 1313 1050 1342 hac
1065 1323 1146 1352 porro
1157 1312 1269 1342 homilia
1282 1312 1370 1352 deque
1382 1314 1453 1351 aliis,
1468 1324 1526 1353 quae
1540 1314 1666 1354 Chryso-

96 1360 175 1389 stomi
187 1370 282 1389 nomen
296 1359 451 1400 prael'erunt,
462 1358 591 1398 illiusque
602 1359 698 1399 γνήσια
709 1369 762 1388 non
782 1366 853 1393 sunt,
864 1359 921 1387 haec
930 1358 1011 1387 habet
1018 1359 1119 1388 Fronto
1132 1359 1256 1395 Ducaeus,
1276 1369 1334 1397 quae
1343 1359 1466 1398 prooemii
1475 1360 1534 1389 loco
1545 1360 1665 1399 praemit-

96 1414 190 1437 tuntur
201 1407 329 1437 Notis'ad
341 1413 447 1437 sextum
458 1407 586 1445 Tomum,
601 1406 648 1446 qui
668 1407 767 1447 Spuria
780 1407 869 1436 omnia
891 1405 1021 1436 continet.

530 1514 570 1542 IN
582 1513 786 1544 SERMONES
800 1513 830 1543 S.
843 1513 945 1543 JOAN.
961 1513 1224 1543 CHRYSOSTOMI

215 1603 253 1633 de
270 1603 391 1633 diversis
412 1605 562 1643 utriusque
579 1604 755 1632 Testamenti
768 1603 840 1632 locis
850 1604 938 1632 Notae
949 1604 1110 1632 Frontonis
1125 1603 1231 1632 Ducaei
1242 1603 1306 1632 Soc.
1322 1605 1393 1633 Jesu
1409 1605 1544 1644 theologi.

140 1707 154 1721 α
168 1693 250 1731 Quod
262 1694 297 1724 ab
317 1694 378 1728 aliis
391 1705 504 1735 operum
526 1700 680 1724 sanctorum
697 1695 808 1723 Patrum
820 1693 969 1723 editoribus
984 1692 1132 1722 factitatum
1145 1699 1195 1731 est,
1211 1700 1242 1721 ut
1254 1692 1320 1722 dum
1339 1704 1433 1723 eorum
1445 1694 1530 1724 libros
1542 1706 1556 1723 c
1570 1696 1665 1725 Graeco

96 1745 241 1776 verterent,
255 1739 300 1769 vel
312 1739 422 1768 Latinos
440 1739 621 1776 emendarent,
642 1749 710 1778 quos
724 1746 754 1768 ut
770 1739 904 1779 legitimos
916 1749 1009 1768 eorum
1029 1738 1109 1767 soetus
1123 1738 1310 1778 agnoscebant,
1321 1750 1401 1769 suum
1416 1751 1522 1779 quoque
1529 1740 1665 1780 judicium

98 1784 246 1824 proferrent
259 1785 293 1815 de
307 1785 341 1815 iis
354 1796 421 1824 quos
434 1786 468 1815 oh
484 1786 547 1826 styli
568 1785 830 1822 dissimilitudinem,
842 1786 886 1815 vel
898 1785 1025 1814 doctrinae
1040 1784 1232 1822 diversitatem,
1248 1795 1340 1815 eorum
1353 1785 1510 1826 dignitatem
1525 1798 1555 1816 ac
1569 1788 1665 1817 samam

98 1840 150 1859 non
164 1831 294 1861 sustinere
307 1838 453 1866 censerent,
473 1842 588 1870 quorum
601 1831 707 1860 nomina
722 1842 776 1870 prae
787 1842 815 1861 se
826 1831 945 1860 serebant
961 1843 967 1859 ι
984 1830 1014 1859 id
1026 1829 1094 1858 mihi
1106 1830 1136 1859 S.
1151 1830 1262 1860 Joannis
1275 1830 1459 1871 Chrysostomi
1470 1832 1667 1862 lucubrationes

97 1875 125 1904 in
136 1875 223 1905 lucem
233 1875 320 1905 edenti
329 1876 529 1906 concedendum
541 1876 633 1906 nullus
641 1877 737 1917 opinor
745 1878 834 1917 justus
846 1887 937 1905 rerum
950 1876 1093 1905 aestimator
1103 1875 1220 1916 negabit.
1234 1877 1303 1905 Nam
1310 1884 1336 1906 et
1344 1884 1419 1906 antea
1427 1878 1444 1907 J
1446 1877 1528 1907 ustini
1539 1880 1667 1919 Martyris

97 1922 182 1952 libros
205 1922 323 1953 vidimus
335 1934 350 1952 a
364 1923 503 1953 Joachimo
518 1924 641 1953 Perionio
660 1931 685 1953 et
693 1923 867 1963 Sigismundo
882 1923 1005 1958 Gelenio⁷
1019 1929 1045 1951 et
1057 1922 1196 1951 Athanasii
1209 1933 1224 1951 a
1239 1924 1317 1952 Petro
1327 1924 1434 1953 Nannio
1459 1935 1549 1955 versos
1558 1925 1585 1954 in
1599 1926 1667 1956 duas

97 1968 191 1998 classes
202 1968 342 1998 distinctos
355 1981 361 1998 :
373 1977 399 1999 et
408 1970 563 2010 Hieronymi
580 1977 658 2008 atquc
671 1970 814 2009 Augustini
828 1979 907 2009 opera
920 1980 936 1997 a
948 1968 1071 1997 Mariano
1083 1967 1206 1997 Victorio
1220 1975 1246 1997 et
1264 1968 1478 1998 Lovaniensibus
1489 1970 1620 2010 theologis
1628 1971 1666 2000 sic

96 2015 246 2051 emendata,
261 2023 291 2045 ut
313 2016 394 2045 simul
407 2026 547 2045 censuram
561 2027 637 2046 suam
664 2016 851 2056 adjungerent,
873 2027 926 2055 qua
940 2016 1065 2045 lectorem
1078 2014 1113 2044 de
1126 2014 1160 2044 iis
1173 2026 1232 2054 quae
1245 2015 1361 2054 genuina
1374 2023 1459 2053 erant,
1473 2028 1586 2056 quaeque
1599 2018 1666 2047 salso

98 2062 154 2091 illis
167 2062 306 2103 inscripta,
321 2063 433 2093 seorsim
443 2070 589 2093 monetent.
604 2063 758 2100 Quinetiam
774 2063 809 2093 de
826 2064 877 2093 hoc
889 2064 948 2103 ipso
959 2063 1150 2102 Chrysostomo
1162 2072 1215 2091 non
1227 2061 1361 2092 dubitavit
1374 2063 1444 2093 idem
1456 2071 1579 2104 praestare
1590 2065 1665 2094 Pho·⁴

97 2106 152 2136 tius
166 2107 193 2136 in
203 2107 369 2138 Bibliotheca
382 2119 441 2144 sua,
452 2119 515 2137 cum
528 2109 562 2138 de
570 2109 629 2148 ejus
643 2109 760 2139 Homilia
773 2109 800 2137 in
814 2108 1017 2138 decollationem
1028 2109 1058 2138 S.
1069 2107 1180 2138 Joannis
1192 2107 1318 2148 Baptistae
1332 2108 1368 2138 ita
1380 2109 1488 2149 scripsit
1502 2121 1565 2150 pag.
1581 2111 1639 2140 852
1658 2124 1664 2139 ;

98 2152 272 2192 ἐπιγράφεται
293 2153 341 2192 μὲν
354 2155 399 2182 τοῦ
415 2153 604 2193 Χρυσοστόμου
616 2166 623 2172 ·
640 2155 688 2183 οὐκ
701 2154 760 2192 ἐμοὶ
775 2155 845 2183 δοκεῖ
860 2154 896 2183 δέ.
909 2155 972 2187 Τοῖς
983 2154 1034 2193 γὰρ
1048 2153 1214 2192 ἐνθυμήμασι
1225 2153 1270 2182 καὶ
1283 2154 1362 2195 πείρᾳ
1376 2158 1423 2191 τῆς
1436 2159 1540 2196 γραφῆς
1556 2156 1623 2185 πολὺ
1639 2158 1668 2186 τὸ

98 2198 180 2231 ἐνδεὲς
193 2199 246 2226 τῶν
268 2198 355 2227 ἄλλων
369 2199 448 2228 αὐτοῦ
461 2199 547 2238 λόγων
568 2199 719 2240 διαφέρεται
732 2213 738 2229 z
756 2201 828 2229 Haec
849 2203 942 2228 oratio
958 2200 1158 2236 chrysostomi
1172 2202 1287 2228 nomine
1301 2202 1471 2231 inscribitur·
1477 2215 1489 2237 ,·
1503 2210 1668 2231 nontamen

98 2244 170 2272 mihi
180 2245 243 2283 ejus
262 2253 323 2273 esse
332 2244 461 2273 videtur.
476 2244 668 2285 Argumentis
690 2248 768 2275 enim
779 2246 923 2284 modoque
934 2245 1080 2273 scribendi
1096 2245 1221 2274 multum
1237 2255 1256 2274 a
1268 2246 1390 2286 reliquis
1410 2248 1472 2286 ejus
1489 2249 1668 2277 orationihus

98 2290 299 2329 distinguitur.
313 2289 390 2319 Idem
402 2298 427 2320 et
444 2290 478 2320 de
492 2291 568 2320 tertia
582 2291 704 2331 ejusdem
716 2292 867 2332 argumenti
891 2292 942 2321 sert
951 2291 1098 2331 judicium.
1117 2291 1198 2321 Extat
1211 2298 1337 2331 practerea
1350 2291 1377 2320 in
1394 2295 1549 2331 Augustana
1564 2294 1667 2323 Biblio-

102 2335 178 2365 theca
193 2335 304 2364 Graecus
319 2336 462 2376 catalogus
473 2347 584 2377 operum
599 2337 710 2367 Joannis
723 2337 909 2377 Chrysostomi
922 2337 949 2366 in
964 2337 1064 2367 Codice
1084 2336 1266 2376 manuscripto
1286 2344 1424 2373 exaratus,
1438 2348 1518 2375 quem
1531 2338 1596 2366 olim
1616 2349 1668 2367 no-

99 2381 144 2410 bis
156 2380 365 2412 communicavit
379 2393 407 2412 v.
423 2393 447 2412 c.
462 2384 571 2412 Marcus
585 2383 715 2413 velserus
727 2382 872 2418 1)uumvir‚
894 2389 1035 2421 antequam
1054 2382 1081 2411 in
1095 2382 1191 2422 Anglia
1205 2385 1278 2421 typis
1289 2381 1479 2418 excuderetur,
1493 2382 1544 2411 hoc
1558 2384 1669 2421 praelixo
1685 2396 1718 2416 40¹

99 2426 191 2463 titulo,
209 2427 234 2455 οἱ
248 2427 351 2462 ἀληθῶς
364 2430 410 2457 τοῦ
423 2427 611 2468 Χρυσοστόμου
626 2428 729 2467 γνήσιοι
742 2427 824 2467 λόγοι·
838 2429 863 2457 οἱ
884 2427 911 2457 δὲ
922 2427 1021 2458 τούτων
1041 2427 1135 2461 ἔξωθεν
1148 2427 1251 2467 ψευδεῖς
1265 2449 1271 2455 .
1284 2428 1356 2465 Quce
1381 2437 1452 2455 vere
1462 2433 1529 2455 sunt
1542 2427 1670 2464 Chryso-

100 2475 187 2503 stomi
195 2476 328 2513 genut'noe
340 2477 502 2513 orationes;
513 2486 577 2515 quae
595 2486 667 2504 vero
685 2482 769 2504 extra
784 2477 855 2504 istas
874 2478 1067 2515 reperiuntur,
1080 2475 1170 2514 salsae
1182 2480 1261 2504 sunt.
1277 2473 1330 2503 Sed
1345 2483 1397 2502 non
1414 2473 1447 2501 de
1459 2473 1570 2512 integris
1584 2482 1669 2505 tamen

101 2517 306 2549 Commentariis
316 2521 361 2550 vel
372 2521 406 2550 de
420 2522 576 2551 tractatibus
586 2521 765 2561 amplioribus
779 2522 936 2551 sententiam
953 2521 1016 2550 tulit
1030 2528 1123 2550 auctor
1136 2521 1218 2560 hujus
1232 2519 1366 2557 catalogi,
1381 2518 1473 2557 quales
1484 2527 1546 2549 sunt
1559 2521 1587 2549 in
1602 2523 1670 2553 Mat-

101 2565 210 2601 thaeum‚
224 2573 251 2594 et
263 2567 404 2605 Joannem,
417 2568 459 2598 vel
469 2568 502 2597 dc
515 2567 670 2596 Sacerdotio
683 2574 708 2597 et
718 2575 808 2598 contra
822 2569 839 2598 J
842 2567 931 2599 udaeos
941 2568 1016 2606 libri,
1031 2578 1126 2597 verum
1140 2567 1173 2595 de
1184 2565 1361 2596 Sei-monibus
1375 2564 1432 2593 sive
1440 2565 1567 2595 Homiliis
1578 2567 1671 2609 singu-

102 2611 218 2649 laribus,
234 2622 292 2650 quae
307 2623 390 2642 unum
406 2621 451 2643 aut
464 2614 577 2643 alterum
591 2614 736 2654 Scripturoe
749 2614 836 2644 locum
850 2621 997 2654 exponunt,
1016 2615 1119 2644 Horum
1133 2612 1288 2652 exemplum
1303 2617 1429 2649 sequutus
1443 2610 1486 2639 vir
1498 2610 1673 2679 goetissimus

244 2662 318 2680 τυΜ.
344 2663 386 2681 vi.
1524 2662 1533 2680 1
