1904 2840
22 1885 98 1903 .2.¹2.

15 1978 22 1986 .
31 1971 53 1985 v.
63 1961 98 1986 16.

33 2033 72 2057 ³3.

639 236 672 259 IN
701 235 908 264 MATTHAEUM.
937 237 1057 261 nomn.
1084 236 1183 261 XXIV.

110 301 250 343 per'n'ttit.
265 299 362 331 Oratio
383 309 448 330 vero
466 298 677 345 discipulorum,
692 305 718 328 et
730 299 849 328 excitan-
866 301 886 325 Δ

109 342 177 372 tium
186 340 344 377 Domirmm,
354 346 381 370 et
390 339 526 369 auxilium
537 338 752 379 implorantium,
767 345 798 369 ut
810 338 850 367 li-

107 381 276 417 mmmm,
295 390 388 420 preces
399 385 553 409 sanctorum
564 377 686 408 omnium
700 378 849 408 ostendun—

108 427 164 456 tnr,
175 420 226 459 qni
242 426 302 450 orta
320 425 474 459 tempestate
486 417 713 458 persequutionis,
724 417 849 448 saviente

108 459 219 490 diabolo
231 466 257 489 et
270 459 372 499 angelis
389 459 459 504 ejus,
473 458 569 488 devota
583 456 649 494 fide,
665 468 697 487 ac
703 457 764 498 jugi
785 467 832 487 ota

109 499 190 535 tione,
198 499 352 540 patientiam
361 498 470 533 Domini
477 497 553 528 velut
565 496 600 526 de
612 507 707 527 somno
718 497 846 533 excitant,

109 546 140 569 ut
147 538 337 569 misericordia
345 548 401 567 suae
412 537 516 567 auxilio
564 548 578 566 r
590 537 713 566 timorem
723 537 847 566 humanae

108 578 272 608 infirmitatis
276 577 507 618 periclitantibuss
546 577 638 606 venire
643 575 784 616 dignetur:
792 586 847 615 quo

107 618 250 659 increpatis
273 617 376 654 ventis,
400 616 547 646 immundis
568 616 670 646 scilicet
693 615 845 656 spiritibus,

107 658 155 697 qni
166 664 287 687 auctores
297 664 360 686 sunt
371 656 596 697 persequutionis,
605 662 632 685 et
640 655 760 695 mitigata
772 656 847 684 omni

107 697 198 728 saemli
208 703 372 737 tempestate,
379 695 527 726 Ecclesiam
535 706 612 725 suam
624 695 652 724 in
661 705 726 735 pace
735 701 761 724 et
770 701 846 724 tran-

107 737 241 777 quillitate
264 736 396 766 restituat.
413 736 446 765 In
468 734 644 764 admiratione
668 745 733 765 vero
753 745 846 764 eorum

106 775 267 845 33³3:ss
279 774 846 853 affeffiffissffifflfflss?

441 835 451 850 ,
832 830 847 836 -

105 863 170 886 nna
183 862 209 885 et
221 854 290 884 fides
300 861 404 884 ostensa
413 860 462 890 est,
469 854 518 892 qui
530 853 559 882 iu
568 853 687 883 Ecclesia
695 853 844 889 constituti,

105 896 185 935 prius
207 893 374 923 orationihus
392 892 539 923 Dominum
563 893 727 929 excitantes,
742 892 844 922 reddita
861 900 879 923 B

104 934 158 964 sibi
238 956 247 971 ‚
259 942 322 964 vene
339 933 487 963 Dominum
497 943 528 962 ae
540 931 705 967 defensorem
719 932 846 962 Ecclesiae

105 984 160 1004 snae
169 944 249 1003 ffiaeF
249 973 328 1002 ilium
341 972 509 1002 confitentur.
520 971 603 1010 Quod
615 972 714 1001 factum
721 972 810 1001 statim
817 972 846 1002 in

104 1013 178 1044 Actis
196 1013 390 1053 apostolorum,
401 1018 461 1052 post
485 1011 600 1042 Herodis
612 1011 846 1051 persequutionem

103 1060 130 1083 et
139 1051 308 1089 ludaeorum,
323 1063 339 1081 a
351 1051 448 1081 sanctis
470 1061 520 1091 pro
537 1050 660 1081 Ecclesia
676 1051 846 1090 recognosci-

103 1103 175 1123 mus.
189 1091 304 1122 Undeet
316 1091 444 1130 quamvis
458 1090 623 1120 infestatione
637 1089 740 1119 inimici
753 1091 846 1120 Eccle-

103 1132 154 1168 sia,
168 1131 213 1162 vel
232 1130 324 1160 saeeuli
338 1136 492 1170 tempestate
504 1129 619 1166 laboret,
633 1129 775 1168 quibusvis
788 1136 846 1159 ten·

104 1171 235 1201 tationum
255 1170 391 1215 fluctibns·
406 1169 546 1209 pulsetur,
565 1169 659 1198 nausra
679 1169 735 1198 'um
760 1169 847 1199 facere

105 1216 268 1290 {¹33⁹ssss
281 1220 354 1278 :3:1¹2
359 1208 844 1288 issssss'ss‘ssissffffierssss'ss:

105 1289 160 1318 culi
170 1288 389 1329 persequutiones
396 1287 458 1328 plus
483 1287 557 1317 loriae
564 1298 595 1317 ac
600 1287 710 1317 virtutis
718 1288 844 1326 acquirit,

105 1328 173 1358 dum
194 1328 222 1358 in
236 1328 290 1357 fide
301 1327 379 1357 firma
396 1327 444 1356 eti
485 1327 618 1356 issolubili
704 1334 775 1356 anet.
789 1328 845 1357 Na-

105 1368 256 1407 vigatenim
262 1367 390 1397 instructa
398 1366 462 1396 fidei
469 1366 605 1435 ffibzrnac
636 1376 663 1402 o,
670 1366 742 1395 felici
750 1376 843 1404 cursu,

105 1418 154 1447 per
176 1407 260 1446 liujus
272 1405 364 1436 saeculi
381 1410 464 1441 mare,
548 1415 579 1435 ns
598 1406 688 1435 Deum
705 1405 846 1445 guberna-

105 1453 200 1484 torem,
214 1445 323 1486 angelos
347 1445 475 1484 remiges,
490 1451 600 1485 portans
611 1444 707 1475 choros
723 1445 845 1475 omnium

105 1493 256 1516 sauctorum
265 1508 276 1522 ,
299 1491 386 1515 erecta
403 1484 431 1513 iu
450 1484 538 1514 medio
556 1484 615 1523 ipsa
637 1484 749 1514 salutari
765 1485 845 1514 arbo·
859 1487 878 1510 C

106 1536 136 1555 ne
151 1525 249 1559 crucis,
269 1525 295 1554 in
314 1534 368 1570 qua
390 1524 553 1563 evangelice
574 1523 639 1553 fidei
658 1523 718 1553 vela
731 1534 843 1568 suspen-

105 1564 186 1601 deus,¹
193 1564 274 1593 flante
284 1563 389 1603 Spiritu
399 1569 500 1600 sancto,
515 1562 551 1592 ad
570 1569 678 1602 portum
688 1562 806 1602 paradisi
819 1570 846 1592 et

106 1603 274 1633 securitatem
284 1602 383 1640 quietis
394 1608 498 1631 aeternae
505 1601 659 1631 deducitur.
674 1602 709 1630 Et
719 1602 776 1631 haec
788 1602 846 1640 qui-

105 1642 169 1672 dem
182 1642 270 1678 navis,
283 1641 407 1680 quamvis
419 1651 467 1680 per
480 1641 531 1671 hoc
540 1647 645 1680 tempus
656 1640 728 1676 vitae,
740 1651 789 1680 per
798 1641 846 1670 has

106 1682 262 1711 tentationes
278 1680 371 1710 saeculi
384 1680 492 1719 naviget
506 1693 515 1710 ε
530 1689 584 1709 non
601 1686 640 1709 est
657 1686 743 1708 tamen
755 1680 846 1709 saecuti

106 1721 195 1758 navis,
207 1719 256 1750 sed
268 1719 331 1750 Dei.
340 1720 390 1749 Est
400 1719 472 1749 enim
482 1726 509 1749 et
523 1719 576 1748 alia
587 1718 680 1749 saeculi
691 1719 777 1755 navis,
791 1729 845 1749 non

107 1761 158 1790 Dei
171 1772 179 1790 ι
195 1760 224 1789 id
234 1766 284 1795 est,
293 1759 416 1788 collectio
426 1759 622 1795 haereticorum,
631 1768 690 1797 quae
701 1757 752 1787 sibi
764 1758 846 1798 hujus

107 1809 204 1829 nornen
226 1798 353 1829 Ecclesiae
365 1797 496 1828 vindicat.
513 1797 664 1828 Adversum
682 1807 764 1836 quam
774 1797 847 1827 diem

106 1838 204 1880 judieii
216 1839 339 1868 futurum
352 1837 445 1868 Esaias
454 1837 593 1867 manifeste
605 1836 723 1866 declarat
734 1836 845 1866 dicens:

111 1879 194 1916 Dies,
203 1878 302 1917 inquit,
310 1878 432 1907 Domini
441 1877 571 1907 Sabaoth
583 1877 723 1905 adversus
733 1886 849 1906 omnem

110 1919 348 1949 contumeliosum
357 1923 386 1946 ct
398 1918 562 1956 superbum.
575 1916 611 1946 Et
622 1922 682 1955 post
693 1915 848 1954 aliquantu-

110 1958 168 1988 lum
180 1957 219 1987 ait
233 1968 240 1985 :
256 1958 299 1987 Et
311 1957 450 1987 adversus
463 1966 578 1986 omnem
589 1965 694 1984 navem
705 1956 806 1991 maris,
822 1955 851 1985 id

110 2004 161 2035 est,
175 2007 281 2026 omnem
292 1995 439 2026 Ecclesiam
452 1995 649 2025 haeoetieorum.
663 1995 704 2024 De
717 2005 771 2034 qua
783 1995 851 2025 alibi

111 2037 184 2067 idem
196 2036 290 2066 Esaias
297 2036 390 2065 retulit
405 2046 413 2063 =
430 2036 549 2074 Dirupti
557 2041 637 2071 sunt,
652 2033 749 2072 inquit,
755 2035 852 2075 funes

1577 225 1641 270 84.

1081 372 1213 402 Homilia
1226 373 1303 402 xxiv.
1318 382 1355 401 ex
1370 382 1435 413 cap.
1448 383 1479 402 x.

942 456 991 486 16.
1017 457 1057 486 In
1077 456 1132 485 illo
1146 462 1272 496 temporo
1285 457 1361 486 darie
1381 458 1469 487 lesus
1494 457 1645 497 discipulis
1686 457 1796 480 ”wlff

899 495 958 524 suis
976 507 984 524 τ
999 496 1078 526 Ecce
1090 506 1143 536 ego
1161 498 1245 525 mitto
1261 506 1316 526 vos
1329 498 1405 526 sicut
1418 507 1485 526 oves
1505 500 1537 527 in
1551 499 1644 528 medio
1654 494 1701 527 ΡΨ.
1719 496 1742 519 9·
1761 494 1796 543 ἐξ

900 535 1044 574 luporum,
1063 542 1089 565 et
1101 535 1216 574 reliqua.
1232 536 1319 565 Omne
1336 536 1438 565 malum
1450 559 1458 573 ,
1480 537 1555 576 quod
1571 539 1643 568 acci·
1653 525 1742 577 axum
1755 532 1760 543 ⁴
1771 529 1781 542 ε

898 574 940 603 dit
950 585 984 604 ex
997 575 1145 614 insperato,
1160 574 1241 604 nimis
1250 581 1290 604 est
1303 584 1384 614 grave
1394 575 1484 614 :quod
1496 584 1584 607 autem
1594 588 1641 608 ex·

899 621 1032 653 spectatur
1055 620 1198 653 antequam
1213 613 1327 651 accidat,
1340 622 1484 661 postquam
1504 617 1641 654 acciderit,

898 653 986 683 levius
1007 653 1152 684 invenitur.
1169 653 1233 683 Ideo
1254 664 1381 694 praescius
1394 655 1528 685 Dominus
1535 657 1641 687 sutura-

898 703 959 722 rum
966 693 1217 732 persequutionum,
1226 700 1370 733 praemonet
1377 694 1522 734 apostolos,
1530 695 1621 726 dicens
1633 708 1642 725 τ

897 734 977 762 Ecce
994 743 1046 773 ego
1061 735 1144 762 mitto
1160 742 1216 762 vos
1227 734 1303 763 sicut
1322 744 1389 763 oves
1402 735 1435 764 in
1449 735 1543 764 medio
1559 736 1641 775 lupo-

897 782 961 802 rum
973 783 980 800 :
996 779 1026 802 ut
1040 783 1102 802 cum
1112 772 1264 813 periculum
1276 772 1347 802 illud
1358 775 1486 809 evenerit,
1500 784 1552 804 non
1564 777 1641 814 quasi

897 822 997 843 novum
1009 813 1220 852 perhorrescant,
1232 811 1279 841 sed
1293 819 1429 858 tamquam
1440 814 1578 854 cognitum
1587 815 1641 844 for-

897 851 977 881 tiores
990 853 1136 898 excipiant.
1149 853 1227 881 Ecce
1242 862 1304 892 ego,
1315 862 1362 891 qui
1386 861 1538 883 mensurata
1553 856 1639 894 spatia

897 891 1022 921 constitui
1032 892 1087 921 diei
1100 898 1127 921 et
1138 891 1221 929 nocti,
1236 898 1263 921 et
1275 902 1422 930 numquam
1435 893 1518 922 altera
1532 894 1560 922 in
1573 894 1638 924 alte-

897 931 953 960 rius
974 938 1080 971 tempus
1104 938 1237 962 contemta
1249 930 1405 960 definitione
1430 932 1635 972 transgreditur.

897 971 967 1000 Ecce
977 981 1038 1010 ege,
1053 971 1100 1010 qui
1110 970 1250 1001 turbidum
1261 981 1344 1007 mare,
1358 971 1436 1009 quasi
1447 972 1530 1001 feram
1545 983 1636 1008 cavea,

896 1011 935 1039 sic
948 1010 976 1039 in
992 1021 1040 1039 sua
1052 1011 1142 1040 littora
1155 1010 1251 1045 clausi,
1268 1016 1293 1039 et
1322 1010 1379 1039 uasi
1399 1010 1583 1041 indissolubili
1595 1023 1639 1041 ca-
1690 1036 1699 1041 ,

896 1056 957 1079 tena
970 1056 1102 1118 praeegpto
1112 1050 1207 1089 ligavi.
1223 1049 1288 1079 ldeo
1323 1049 1384 1086 ixit,
1398 1052 1426 1080 E
1429 1060 1477 1080 cce
1490 1062 1542 1091 ego
1557 1054 1639 1082 mitto

896 1099 950 1119 vos
964 1102 972 1118 x
990 1096 1020 1118 ut
1062 1100 1107 1118 um
1122 1089 1249 1119 mittentis
1263 1095 1377 1129 potestas
1389 1090 1582 1129 consideratur,
1595 1102 1640 1131 pe-

896 1129 976 1159 riculi
995 1128 1152 1169 magnitudo
1165 1139 1217 1158 non
1230 1128 1365 1167 timeatur.
1386 1129 1465 1159 Sicut
1484 1141 1562 1160 oves.
1577 1132 1639 1161 Non

895 1168 1018 1198 humanae
1038 1176 1139 1198 naturae
1152 1168 1314 1198 heneficium
1334 1168 1413 1204 tollo,
1428 1169 1476 1199 sed
1494 1170 1576 1200 ovilis
1589 1181 1637 1211 pa-

894 1208 993 1238 tientiae
1005 1218 1074 1248 opus
1085 1208 1204 1248 injungo.
1217 1209 1279 1238 Non
1289 1206 1462 1247 indignentur
1474 1210 1545 1239 servi
1558 1220 1638 1240 voca-

896 1248 992 1278 bulum
1001 1248 1060 1278 ovis
1066 1248 1201 1288 accipere,
1216 1258 1279 1277 cum
1300 1247 1385 1277 sciant
1398 1249 1546 1278 Dominum
1558 1259 1638 1279 suum

895 1297 992 1317 nomen
1004 1287 1066 1327 agni
1077 1294 1205 1327 portasse.
1223 1287 1302 1316 Ecce
1313 1297 1409 1327 agnus
1421 1289 1489 1324 Dei,
1501 1299 1568 1318 ecce
1586 1292 1789 1329 quiloan.1,zq.

897 1327 974 1356 tollit
988 1334 1110 1367 peccata
1124 1327 1235 1356 mundi.
1251 1326 1288 1356 Et
1302 1326 1449 1387 quomodo,
1465 1327 1564 1367 inquit,
1577 1339 1638 1368 pro·
1766 1326 1770 1330 ”

896 1366 1029 1404 ficiemus,
1047 1377 1111 1396 oves
1123 1372 1214 1395 contra
1227 1365 1320 1405 lupos.
1346 1366 1448 1396 Ovium
1461 1368 1638 1398 mansuetudo

896 1415 950 1435 non
973 1412 1061 1447 potest
1082 1405 1203 1435 resistere
1220 1405 1348 1445 luporum
1364 1405 1527 1436 crudelitati.
1544 1409 1637 1448 Lupo-

895 1456 957 1475 rum
971 1445 1115 1475 crudelitas
1127 1445 1262 1475 mitescere
1270 1444 1364 1482 nescit,
1372 1445 1425 1474 nisi
1438 1446 1522 1485 gratia
1534 1446 1638 1478 Christi

895 1485 992 1515 faceret
1005 1484 1080 1523 quod
1099 1485 1158 1524 ipsa
1171 1490 1266 1513 natura
1286 1483 1345 1513 fieri
1363 1491 1451 1523 negat.
1466 1487 1526 1515 Non
1549 1494 1638 1517 vestra

896 1524 994 1560 virtus,
1007 1531 1055 1553 aut
1064 1523 1172 1553 solertia
1185 1523 1341 1559 aestimatur,
1356 1530 1403 1552 aut
1415 1523 1541 1554 laudatur
1551 1525 1578 1554 in
1589 1537 1638 1556 vo—

896 1563 940 1592 bis
955 1575 962 1592 2
979 1562 1027 1592 sed
1039 1561 1156 1591 nominis
1167 1561 1220 1591 mei
1278 1568 1345 1591 estas
1354 1562 1531 1601 intelligatur,
1545 1571 1574 1593 ut
1581 1565 1635 1603 glo-

897 1602 1016 1631 rificetur
1024 1612 1073 1641 per
1081 1611 1138 1637 vos,
1149 1601 1212 1639 quia
1237 1600 1322 1630 ortior
1331 1607 1370 1630 est
1383 1601 1469 1641 gloria
1481 1602 1544 1639 Dei,
1556 1614 1638 1642 quam

898 1651 988 1670 rerum
998 1647 1104 1670 natura.
1118 1639 1198 1669 Sicut
1212 1650 1289 1669 oves.
1299 1641 1368 1670 Cum
1377 1641 1506 1680 coeperint
1519 1653 1567 1673 vos
1577 1643 1638 1684 lupi

897 1680 1034 1716 vellicare,
1045 1680 1128 1709 nolite
1139 1679 1272 1715 resistere,
1286 1685 1332 1708 aut
1344 1680 1498 1718 vociferare,
1514 1682 1635 1720 scientes,

899 1720 962 1758 quia
972 1719 1024 1748 nisi
1038 1729 1088 1749 vos
1104 1718 1211 1758 spoliati
1222 1718 1337 1755 fueritis,
1349 1719 1396 1748 alii
1409 1730 1461 1749 non
1473 1721 1634 1751 vestientur:

899 1759 929 1788 id
945 1765 994 1795 est,
1008 1758 1062 1787 nisi
1083 1769 1131 1790 vos
1148 1757 1248 1787 mortui
1261 1757 1379 1795 fueritis,
1391 1758 1438 1788 alii
1460 1769 1512 1789 non
1533 1760 1636 1791 vivent.

899 1800 955 1828 Nee
968 1797 1084 1828 timeatis
1097 1797 1166 1827 hanc
1178 1797 1375 1827 vellicationem
1388 1806 1553 1843 praesentem.
1568 1801 1637 1830 Cum

899 1838 971 1867 enim
984 1844 1046 1867 aetas
1059 1836 1260 1867 resurrectionis
1270 1836 1419 1875 advencnt,
1433 1838 1487 1868 alia
1496 1850 1578 1880 super
1590 1850 1638 1870 vos

900 1878 962 1906 lana
973 1876 1179 1906 immortalitatis
1191 1883 1322 1906 nascetur.
1333 1877 1470 1913 Quamdiu
1479 1886 1568 1908 autem
1578 1890 1640 1919 pro-

901 1923 960 1957 pter
975 1916 1171 1956 instigationem
1183 1915 1286 1945 diaboli
1299 1923 1390 1955 gentes
1435 1918 1641 1948 rmanserintlu-

901 1957 942 1997 pi,
960 1956 1072 1986 dorsum
1085 1955 1140 1985 illis
1158 1962 1283 2001 praestate
1304 1956 1339 1985 ad
1359 1956 1401 1987 vel
1416 1956 1562 1987 icandum:
1578 1969 1640 1988 cum

902 2003 991 2025 autem
998 2006 1047 2036 per
1056 1996 1210 2035 patientiam
1222 2001 1336 2025 vestram
1344 1995 1404 2036 lupi
1418 1996 1460 2025 illi
1473 1997 1534 2027 sacti
1544 1998 1642 2027 fuerint

902 2035 975 2074 agni,
991 2035 1106 2075 praebetc
1119 2034 1186 2071 illis,
1200 2041 1336 2074 tamquam
1356 2046 1431 2073 oves,
1446 2036 1487 2065 lac
1500 2037 1639 2066 doctrinae.

113 2080 166 2113 tui,
180 2086 247 2117 quoe
260 2085 320 2104 non
340 2075 439 2105 valuit
458 2077 546 2104 arbor·
557 2081 620 2110 ma,
637 2073 852 2103 inclinaverunt
867 2079 887 2103 D
903 2074 1076 2105 Manifestum
1085 2073 1194 2113 quidem
1201 2074 1326 2120 esu-quia
1337 2085 1400 2105 oves
1408 2075 1525 2115 appellat
1532 2083 1643 2116 propter
1652 2097 1690 2114 CV.

113 2116 186 2146 vela
202 2121 265 2152 tua,
279 2122 309 2145 et
330 2125 391 2144 non
413 2115 561 2144 laxabant
578 2113 649 2142 vela
671 2119 734 2143 tua.
749 2114 853 2143 Navem

114 2165 179 2186 vero
198 2154 267 2184 hane
280 2155 363 2184 maris
374 2164 430 2184 esse
443 2154 525 2190 dixit,
560 2152 604 2183 uia
626 2153 785 2192 hujusmodi
798 2154 852 2183 Ec-

115 2194 195 2224 clesia
207 2203 261 2223 non
273 2194 323 2223 Dei
344 2201 395 2230 est,
410 2193 459 2223 sed
479 2203 549 2223 saecu
562 2193 583 2230 i,
597 2202 656 2231 quae
673 2192 736 2222 licet
756 2193 855 2222 habere

115 2233 144 2262 in
165 2243 195 2262 se
233 2231 430 2262 raedieationem
450 2231 591 2262 dominicae
610 2231 699 2260 crucis
719 2231 853 2268 videatur,

116 2243 264 2302 invalidgm
275 2278 363 2300 tamen
374 2272 443 2300 hanc
455 2271 577 2300 arborem
585 2271 644 2311 ejus
650 2270 767 2300 ostendit
775 2281 782 2298 z
791 2271 856 2309 quia

116 2311 166 2341 ubi
183 2321 237 2340 non
256 2317 296 2340 est
317 2310 416 2340 veritas
437 2309 512 2346 fidei,
523 2309 630 2339 infirma
649 2310 736 2339 crucis
748 2310 858 2340 assertio

116 2357 167 2381 est.
179 2349 260 2382 Unde
274 2349 400 2379 inclinata
412 2356 438 2379 et
455 2349 543 2378 laxata
555 2348 614 2378 vela
623 2349 682 2388 ejus
695 2355 758 2378 suut
771 2356 858 2379 osten-

118 2401 158 2427 sa,
164 2400 225 2429 quai
239 2389 316 2419 nullo
328 2389 394 2418 flatu
405 2389 489 2418 sancti
510 2387 628 2427 Spiritus
641 2386 807 2427 duigumur.
823 2388 860 2418 Et

120 2429 180 2459 ideo
189 2428 347 2470 hujusmodi
363 2429 449 2464 navis,
463 2428 515 2457 hoc
536 2433 575 2456 est
587 2425 707 2456 Ecclesia
720 2427 859 2457 haeretieo-

121 2478 194 2505 rum,
208 2468 307 2498 amisso
319 2478 389 2498 verae
408 2467 471 2497 fidei
487 2465 679 2507 gubernaculo,
693 2465 861 2497 dominanti-

122 2508 174 2536 bus
183 2506 304 2536 adversis
311 2507 461 2547 spiritibus,
471 2506 498 2535 in
506 2505 675 2545 naufragium
685 2506 778 2535 mortis
788 2513 863 2536 aeter-

123 2556 164 2575 nae
176 2545 351 2586 demergitur,
365 2557 424 2586 quae
437 2544 580 2586 gubernari
593 2555 608 2573 a
627 2543 735 2575 Christo
747 2546 863 2575 Domino

124 2596 176 2614 non
199 2592 328 2621 meretur,
341 2586 387 2624 qui
407 2584 612 2616 estbenedictus
624 2583 651 2613 in
670 2585 766 2615 saeeula
779 2596 863 2615 saecu-¹

126 2625 226 2654 lorum.
241 2626 336 2654 Amen.

903 2113 1134 2143 mansuetudinem
1149 2124 1156 2141 =
1171 2123 1225 2142 non
1243 2120 1365 2144 timentes
1382 2122 1471 2144 autem
1485 2117 1584 2152 Deum,
1598 2116 1643 2145 lu-

904 2164 954 2194 pos
977 2160 1086 2193 propter
1110 2152 1307 2183 crudelitatem.
1328 2153 1383 2184 Sed
1405 2154 1457 2184 hoc
1481 2155 1621 2184 videamus
1635 2177 1643 2191 ,

905 2203 987 2232 quare
1001 2193 1066 2222 istos
1077 2191 1186 2231 quidem
1205 2192 1276 2222 dixit
1292 2193 1371 2231 quasi
1382 2204 1446 2224 oves
1462 2205 1468 2222 ε
1483 2194 1544 2223 illos
1557 2201 1646 2223 autem

906 2242 959 2262 non
973 2232 1049 2270 quasi
1060 2231 1233 2272 lupos‚sedlu
1271 2242 1292 2262 s.
1300 2233 1329 2263 Si
1335 2233 1407 2262 enim
1417 2233 1600 2273 istos‘propter
1607 2243 1646 2262 so-

907 2272 961 2301 lam
969 2280 1076 2301 causam
1088 2243 1300 2301 manstietuciiiiis
1309 2282 1373 2301 oves
1386 2272 1509 2310 dixisset,
1521 2272 1647 2310 quoniam

908 2317 1002 2340 natura
1016 2310 1126 2349 quidem
1142 2311 1264 2341 homines
1285 2317 1370 2347 erant,
1385 2311 1589 2341 mansuetudine
1601 2321 1648 2338 au-

909 2357 964 2380 tem
984 2360 1058 2387 oves,
1073 2350 1166 2389 utique
1185 2357 1212 2380 et
1236 2350 1299 2379 illos
1319 2351 1396 2388 quasi
1413 2350 1490 2388 lupos
1514 2349 1648 2378 dixisset:

911 2389 1037 2428 quoniam
1048 2396 1076 2419 et
1098 2390 1151 2426 illi,
1167 2390 1217 2419 etsi
1231 2388 1388 2419 crudelitate
1400 2388 1478 2426 qnasi
1492 2387 1552 2427 lupi
1564 2394 1649 2423 crant,

911 2436 998 2458 tamen
1020 2435 1115 2458 natura
1130 2429 1254 2458 similiter
1267 2427 1389 2457 homines
1407 2433 1491 2455 erant.
1509 2429 1577 2456 Puto
1589 2437 1653 2465 ergo

913 2468 962 2498 ista
982 2468 1085 2498 ratione
1099 2469 1165 2497 istos
1202 2467 1292 2496 uidem
1304 2466 1381 2504 quasi
1394 2475 1457 2495 oves
1476 2465 1574 2500 dictos,
1592 2465 1655 2494 illos

913 2514 1002 2536 autem
1017 2517 1070 2536 non
1092 2507 1169 2546 quasi
1200 2516 1279 2546 upos,
1299 2504 1347 2534 sed
1367 2504 1402 2533 ad
1422 2504 1534 2549 plenum
1555 2505 1653 2544 lupos:

916 2546 1042 2585 quoniam
1058 2546 1138 2575 homo
1150 2545 1211 2581 Dei,
1224 2544 1347 2582 quamvis
1360 2544 1441 2572 suerit
1458 2543 1556 2580 bonus,
1570 2550 1656 2573 tamen

917 2596 1022 2625 semper
1036 2585 1116 2614 habet
1131 2584 1157 2612 in
1179 2594 1206 2612 se
1230 2582 1335 2620 aliquid
1358 2582 1421 2610 mali
1439 2582 1586 2611 secundum
1600 2594 1657 2612 mr-

920 2635 989 2658 ncm,
1004 2624 1079 2662 quasi
1090 2625 1169 2652 homo
1184 2629 1226 2651 :et
1238 2622 1296 2651 ovis
1309 2621 1416 2659 quidem
1429 2621 1539 2657 dicius,
1553 2629 1662 2661 propter
