1904 2840
171 1269 248 1285 axxm

107 1894 208 1917 Rhama.

108 2368 182 2391 Eccli.
194 2369 233 2392 35.

107 2406 147 2422 21.

249 182 318 231 764

828 188 913 214 OPUS
929 183 1176 216 jMPERFssc'ruM

250 254 473 296 promissionibus
495 259 558 284 sunt
575 253 688 295 placati;
704 252 766 283 ideo
782 251 818 282 ad
829 262 872 282 me
889 251 989 282 reversi
1005 253 1025 277 Α
1041 261 1103 280 rum
1112 248 1227 279 ostendit
1242 261 1248 279 :
1264 247 1339 288 quod
1357 252 1446 279 autem
1464 247 1547 286 dixit,
1565 248 1715 286 Ululatus,
1725 259 1786 280 ma-

249 306 301 324 non
323 301 394 324 sunt.
416 295 486 324 Nam
507 304 556 323 rex
575 291 710 332 quidquid
728 293 858 322 adversus
877 301 991 329 regnum

250 345 329 364 suum
351 333 497 374 putaverit,
519 340 607 362 totum
628 343 721 364 verum
740 331 861 361 aestimat.
878 330 992 359 Animus

249 375 309 413 ejus
328 384 433 413 semper
455 379 594 412 suspectus
616 379 664 407 est,
686 371 762 411 regni
781 371 838 400 nelo
856 369 990 438 repletus;

249 414 317 442 dum
330 413 420 442 omnia
433 413 522 448 timet,
537 412 628 441 omnia
647 411 808 451 suspicatur.
824 409 888 439 Faei
901 420 916 438 e
932 418 993 438 cre-

249 453 292 482 dit
308 452 445 491 quidquid
457 452 538 481 fuerit
556 451 717 492 suspicatus.
731 451 808 481 Sicut
823 449 867 479 vir
887 449 909 477 si
929 447 995 477 velet

252 503 377 528 uxorem,
386 499 432 521 aut
444 502 513 521 uxor
523 491 626 527 virum,
637 501 744 520 omnem
755 489 920 519 auditionem
933 494 994 516 tur-

250 542 313 571 pem
331 531 418 561 credit
434 531 469 560 de
489 531 538 560 illo
555 543 561 560 :
575 530 624 560 etsi
638 540 691 559 non
711 531 745 559 sit
763 528 866 559 auditio
878 527 937 596 ipsa
954 526 997 556 di-

251 581 314 611 gna,
325 578 351 600 et
360 570 455 600 idonea
468 577 498 600 ut
507 569 642 607 credatur,
656 576 744 599 tamen
757 568 840 598 fidem
852 578 886 596 au
908 566 997 596 itionis

250 611 324 640 zelus
338 609 516 640 commendat.
530 609 595 639 Ideo
607 620 636 638 er
654 619 670 638 o
683 608 794 638 forsitan
812 607 875 637 talia
891 605 998 636 dicebat

252 649 326 690 apud
338 661 366 680 se
379 662 387 679 τ
400 650 469 687 Quis
484 656 524 679 est
536 659 604 690 puer
621 649 630 677 i
654 659 680 686 e,
691 648 738 687 qui
752 654 895 686 antequam
906 655 997 675 nasca-

252 697 297 719 tur
319 689 348 718 in
369 695 451 724 terra,
460 689 518 729 jam
535 695 646 729 apparet
667 688 694 717 in
717 687 802 717 caelo?
820 685 942 717 Necdum
958 695 997 714 se-

253 729 344 768 ipsum
362 728 487 763 ostendit,
498 735 523 758 et
535 728 593 768 jam
614 739 707 757 omnes
721 727 800 756 illum
813 731 946 765 quoerunt.
961 725 997 754 Et

253 768 369 797 necdum
382 775 516 797 terrenum
525 767 659 813 populum
671 767 762 802 hahet,
777 773 804 795 et
819 767 875 806 jam
893 764 997 793 militiae

254 807 370 837 caelestes
379 808 517 837 stellarum
526 807 567 836 illi
579 806 740 836 ministrant.
756 806 826 843 Quis
838 811 877 835 est
884 804 942 840 ille,
948 804 997 843 qui

1043 297 1114 319 trum
1128 288 1260 328 signifieat
1282 287 1439 318 lamentum.
1461 287 1606 318 Plorabant
1626 289 1698 321 enim
1768 306 1785 312 -

1042 329 1120 365 vuli,
1141 328 1204 367 quia
1226 327 1417 368 separabantur
1437 338 1454 357 a
1474 327 1607 357 matribus
1623 339 1630 356 ι
1646 328 1720 358 ulula
1741 335 1787 358 ant

1044 375 1152 404 matres,
1162 368 1225 406 quia
1237 366 1427 397 desolabantur
1439 378 1454 396 a
1467 367 1544 403 filiis,
1556 373 1582 396 et
1595 368 1672 406 quasi
1682 367 1786 397 viscera

1045 418 1136 436 earum
1145 407 1336 451 separabantur
1343 406 1379 436 ab
1386 406 1435 436 eis.
1445 407 1482 436 Et
1489 413 1545 436 erat
1554 405 1647 436 videre
1656 408 1787 447 majorem

1046 446 1167 476 dolorem
1181 456 1209 475 1n
1223 446 1354 475 matribus
1369 445 1577 483 remanentibus,
1591 456 1673 485 quam
1684 446 1713 476 in
1720 455 1786 486 par-

1046 486 1120 516 vulis
1130 485 1316 515 morientibus.
1326 485 1437 514 Parvuli
1446 484 1517 514 enim
1526 495 1610 514 unum
1619 485 1788 525 patiebantur

1048 524 1179 561 dolorem,
1199 526 1264 564 quia
1285 524 1477 564 separabantur
1495 534 1512 553 a
1532 524 1674 562 matribus,
1688 531 1715 554 et
1727 534 1788 554 non

1047 566 1112 603 quia
1125 565 1293 594 ducebantur
1313 563 1349 593 ad
1366 562 1488 593 mortem.
1505 564 1561 593 Nec
1578 563 1650 594 enim
1670 564 1790 595 sciebant

1047 604 1137 635 adhuc
1154 604 1247 634 monis
1263 604 1400 638 timorem,
1412 605 1514 633 Matres
1528 610 1619 633 autem
1630 603 1787 644 duplicem5

1048 655 1132 673 unum
1146 643 1267 682 quidem,
1284 642 1358 682 quod
1374 641 1503 673 videbant
1520 643 1649 682 parvulos
1666 654 1730 673 suos
1742 643 1790 673 in-

1047 684 1133 714 terfici
1148 696 1156 713 =
1171 684 1295 719 alterum,
1311 682 1384 722 quod
1402 682 1410 711 i
1431 693 1466 712 sae
1484 681 1675 712 desolabantur
1685 693 1701 711 a
1711 683 1788 713 filiis.

1046 724 1078 752 In
1090 723 1211 762 parvulis
1224 734 1296 752 mors
1309 733 1402 752 eorum
1440 729 1497 751 eata
1518 721 1599 750 finem
1611 721 1725 752 faciebat
1736 722 1790 752 do-

1046 762 1113 792 loris
1127 775 1134 791 :
1147 764 1175 792 in
1199 762 1331 792 matribus
1351 769 1441 792 autem
1457 761 1638 807 parvulorum
1662 762 1790 792 memoria

1047 813 1151 843 semper
1162 802 1294 842 reparatio
1307 809 1364 831 erat
1375 801 1486 831 doloris.
1497 802 1561 832 Post
1570 800 1628 830 haee
1640 808 1730 831 autem
1741 801 1789 832 di-

254 854 396 886 antequam
415 857 521 876 mecum
539 853 651 887 pugnet,
664 847 721 886 jam
737 856 780 874 me
801 844 885 874 vincit
902 856 908 872 :
924 850 997 873 ante-
1013 849 1031 873 B
1048 852 1128 880 gnam
1147 852 1253 882 poenam
1270 841 1391 871 Herodes
1414 841 1540 880 suscepit.
1556 841 1626 870 Nam
1642 841 1714 871 filios
1727 851 1791 871 suos

254 897 334 925 quam
355 887 455 923 vincat,
474 893 567 926 regnat
583 892 746 924 :antequam
768 891 868 923 regnet,
879 885 935 924 jam
953 882 1000 913 do·

254 926 392 955 minatur?
418 925 494 963 Quid
524 932 603 971 putas
630 925 750 954 facturus
776 930 817 953 est
842 923 889 952 ille
917 922 998 952 homo

230 997 239 1006 ⁸
255 966 283 994 in
307 976 390 1006 regno
411 976 488 1002 meo,
514 976 538 995 si
560 964 694 994 creverit?
718 964 778 1002 Ego
803 970 829 992 et
849 962 919 992 dona
945 962 998 991 ho-

255 1004 375 1034 minibus
394 1015 457 1044 spar
476 1015 507 1040 o,
528 1011 555 1034 et
568 1004 690 1044 gladium
733 1010 790 1032 orto
805 1014 813 1032 ε
831 1009 861 1032 ut
882 1002 929 1041 qui
946 1012 999 1031 non

255 1045 343 1081 timet,
368 1045 413 1075 vel
432 1016 605 1084 diligamqui
628 1054 681 1073 non
723 1043 804 1081 iligit,
825 1042 870 1071 vel
896 1042 996 1071 timeat.

259 1084 310 1113 Ille
332 1095 379 1113 nec
405 1084 539 1124 populum
560 1083 657 1120 babet,
683 1093 731 1112 nec
754 1081 865 1111 divitias
893 1091 1000 1120 congre-

258 1123 331 1161 gavit
351 1136 357 1152 ι
379 1130 405 1153 et
418 1123 553 1162 quomodo
575 1123 633 1151 sine
654 1133 721 1152 auro
734 1121 874 1161 diligitur,
894 1127 920 1150 et
942 1121 999 1150 sine

256 1164 328 1192 ferro
342 1163 468 1192 timetur?
481 1163 526 1192 Sic
537 1162 609 1191 misit
618 1169 644 1191 et
661 1161 792 1191 interfecit
799 1171 891 1190 omnes
900 1171 1000 1200 parvu-

258 1202 310 1238 los,
322 1209 352 1231 ut
362 1212 447 1230 unum
459 1201 591 1231 inveniret
605 1203 630 1230 in
642 1201 777 1230 omnibus.
789 1199 843 1230 Sed
853 1210 902 1231 nec
916 1210 1000 1229 unum

259 1241 361 1271 invenit
379 1241 406 1269 in
429 1241 570 1275 omnibus,
589 1247 614 1269 et
634 1240 759 1269 omnibus
775 1240 857 1268 vitam
876 1247 1001 1269 aeternam

258 1280 379 1325 praestitit
391 1286 501 1320 propter
514 1289 609 1308 unum.
622 1281 683 1318 Ipse
694 1290 722 1308 se
733 1279 826 1307 fallere
841 1279 938 1314 voluit,
953 1279 1002 1317 qui

258 1327 327 1349 mter
343 1319 464 1349 homines
481 1320 569 1348 Deum
590 1318 724 1357 quaerebat
741 1325 837 1347 tenere.
858 1318 932 1354 Quid
947 1318 1002 1356 agit

258 1359 390 1389 insensata
405 1359 445 1387 ira
458 1365 516 1394 tua,
532 1357 671 1387 Herodes?
685 1357 716 1387 Si
734 1367 787 1385 non
806 1356 893 1386 credis
911 1357 1002 1387 verbis

258 1410 318 1438 quae
340 1398 412 1438 magi
430 1397 559 1442 dix-erunt
580 1396 614 1426 de
633 1407 694 1436 rege
713 1397 822 1431 futuro,
843 1407 926 1435 quare
945 1396 1002 1424 sine

1048 887 1102 910 tres
1113 881 1254 915 interfecit,
1269 888 1295 910 et
1305 891 1358 910 non
1372 880 1522 910 interfectos
1531 880 1564 909 ab
1576 880 1630 909 alio
1642 880 1713 911 vidit
1722 881 1791 911 occi-

1049 919 1090 957 di,
1104 928 1133 950 ut
1144 931 1177 950 ne
1189 921 1233 950 vel
1253 927 1389 960 paternam
1410 930 1493 965 super
1513 919 1575 949 illos
1595 920 1721 964 pietatem
1743 920 1791 950 de-

1050 967 1210 990 monstraret
1229 962 1258 989 in
1276 960 1367 998 luetu3
1383 959 1431 989 sed
1444 969 1502 999 ipse
1514 958 1624 996 occidit,
1639 966 1669 988 ut
1680 967 1706 989 et
1718 960 1791 990 filios

1049 999 1184 1039 perderet,
1199 1006 1226 1029 et
1241 999 1276 1028 de
1294 1006 1379 1028 morte
1397 1009 1492 1028 eorum
1507 999 1607 1028 crimen
1628 999 1788 1038 acquireret.

1049 1039 1162 1070 Viscera
1185 1049 1234 1077 sua
1250 1039 1369 1068 laniabat
1379 1038 1408 1067 in
1420 1038 1497 1073 filiis,
1508 1045 1535 1068 et
1552 1037 1674 1067 dolorem
1696 1049 1790 1068 eorum

1049 1088 1102 1108 non
1121 1079 1213 1108 sensit.
1237 1079 1278 1108 Ut
1298 1077 1525 1117 quemadmodum
1548 1077 1655 1117 parvuli
1677 1085 1790 1108 mortem

1050 1129 1126 1147 suam
1140 1129 1192 1149 non
1203 1124 1343 1147 senserunt
1362 1124 1472 1157 propter
1490 1117 1642 1153 infantiam,
1655 1116 1694 1146 sic
1704 1124 1732 1147 et
1742 1117 1790 1147 ille

1049 1157 1170 1187 dolorem
1182 1158 1315 1188 viseerum
1327 1167 1438 1187 suorum
1453 1167 1505 1186 non
1518 1156 1599 1186 sensit
1618 1163 1728 1196 propter
1746 1157 1791 1186 ina

1050 1198 1162 1227 sauiam.
1177 1197 1281 1227 Deinde
1290 1196 1347 1237 ipse
1358 1197 1452 1226 multis
1461 1195 1601 1226 doloribus
1609 1195 1793 1236 apprehensus

1050 1244 1099 1274 est,
1109 1238 1178 1266 sicut
1188 1237 1267 1266 refert
1276 1236 1399 1272 historia,
1410 1247 1492 1275 quam
1504 1236 1616 1276 longum
1625 1242 1664 1271 est
1671 1242 1792 1266 narrare.

1051 1278 1125 1313 Quot
1138 1277 1210 1306 enim
1223 1276 1342 1306 membra
1360 1275 1480 1316 corporis
1501 1275 1626 1312 habebat,
1640 1281 1677 1304 tot
1688 1274 1792 1304 dolori-

1051 1316 1103 1344 bus
1115 1316 1298 1355 torquebatur.
1309 1316 1346 1345 Et
1355 1315 1418 1354 quia
1431 1315 1585 1344 multotiens
1595 1315 1663 1343 mori
1676 1313 1736 1344 non*
1743 1325 1792 1355 po-

1051 1361 1133 1391 terat,
1153 1355 1201 1394 qui
1222 1355 1321 1384 multos
1342 1354 1475 1384 occiderat
1496 1354 1626 1390 infantes,
1669 1360 1792 1394 ropterea

1052 1394 1171 1423 vindicta
1191 1393 1364 1423 morientium
1381 1393 1562 1433 plurimorum
1582 1393 1610 1421 in
1661 1393 1755 1422 urimis
1765 1393 1791 1424 ei

258 1449 338 1468 causa
358 1448 458 1467 insanis
476 1447 504 1466 1n
523 1436 640 1477 pueros?
651 1437 673 1465 si
691 1442 779 1465 autem
797 1436 885 1465 eredis
906 1445 1001 1465 verum
1016 1442 1035 1465 c
1050 1433 1191 1463 doloribus
1204 1432 1375 1463 reddebatur.
1387 1433 1455 1462 Item
1468 1431 1576 1471 quando
1587 1431 1617 1462 vi
1638 1432 1659 1461 it
1669 1442 1698 1461 se
1708 1443 1792 1472 prope

258 1488 315 1507 esse
326 1477 399 1517 quod
412 1477 515 1506 dictum
526 1482 565 1505 est
579 1475 613 1505 de
626 1486 710 1521 puero
720 1482 746 1505 et
757 1475 792 1504 de
802 1475 890 1512 stella,
904 1476 1002 1507 iterum

258 1517 331 1553 dico,
344 1527 428 1555 quare
451 1516 508 1546 sine
529 1526 607 1545 causa
627 1515 727 1544 insanis
746 1515 773 1543 in
783 1515 903 1554 pueros?
920 1525 1000 1543 num-

258 1556 328 1595 quid
339 1563 413 1596 potes
423 1563 453 1585 tu
467 1562 571 1584 mutare
589 1554 745 1584 sententiam
756 1554 819 1590 Dei,
833 1561 879 1583 aut
892 1553 1004 1594 perdere

258 1596 349 1631 illum,
363 1597 531 1634 quemDeus
544 1594 683 1623 defendit?
697 1593 750 1623 Sed
768 1593 835 1632 quid
853 1594 967 1629 mirum,
979 1593 1003 1622 si

258 1635 378 1665 Herodes
396 1635 476 1664 homo
498 1634 608 1673 iniquus
627 1634 740 1678 putabat
757 1644 785 1662 se
806 1644 883 1672 posse
900 1639 1004 1662 mutare

258 1675 400 1704 eonsilium
415 1674 484 1704 Dei?
497 1675 558 1713 Ipse
571 1673 688 1712 denique
703 1673 914 1712 sapientissimus
927 1672 1003 1703 Salo-

259 1725 334 1750 mon,
349 1725 412 1744 cum
427 1720 536 1754 propter
546 1720 683 1753 peccatum
695 1723 774 1741 suum
787 1712 904 1741 audisset
915 1723 931 1741 a
943 1723 1003 1752 pro—

259 1754 348 1794 phetis
360 1754 520 1784 Hieroboam
529 1764 557 1782 re
576 1763 618 1781 em
631 1752 764 1788 futurum,
777 1754 868 1792 posuit
880 1751 1003 1792 persequi

259 1805 333 1829 eum,
348 1800 444 1833 putans
457 1803 534 1832 posse
541 1792 561 1821 il
575 1803 619 1820 um
630 1791 752 1831 perdere,
767 1802 847 1830 quem
857 1793 929 1821 Deus
944 1801 1003 1830 pro-

259 1833 335 1862 ducit
350 1845 356 1862 =
375 1833 438 1871 quia
450 1832 522 1861 zelus
545 1842 636 1871 sapere
657 1831 750 1865 nescit,
763 1838 788 1860 et
802 1831 840 1860 ira
854 1841 907 1860 non
918 1838 1004 1871 potest

258 1873 358 1902 habere
365 1872 518 1901 consilium.
531 1871 579 1900 18.
595 1871 625 1899 7
621 1881 659 1899 ox
667 1871 699 1899 in
709 1871 825 1899 Rhama
836 1871 940 1900 audita
948 1876 1001 1899 est.

259 1912 366 1941 Rhama
378 1911 473 1941 civitas
486 1916 542 1939 erat
554 1909 629 1946 Saiil,
646 1909 711 1939 Saiil
723 1917 810 1938 autem
820 1917 876 1939 erat
886 1909 920 1939 de
929 1910 1004 1940 tribu

260 1951 411 1991 Benjamin,
421 1949 561 1990 Benjamin
574 1959 638 1978 vero
649 1949 723 1977 filius
732 1956 788 1978 erat
798 1949 911 1986 Rachel,
926 1950 1003 1989 cujus

260 1997 462 2019 monumentum
475 1995 531 2018 erat
542 1988 621 2027 juxta
635 1988 801 2022 Bethlehem,
817 1989 863 2018 ubi
874 1989 930 2018 haec
942 1999 1004 2027 age-

260 2029 358 2058 bantur
371 2029 451 2058 mala.
470 2027 604 2064 Quoniam
614 2038 677 2067 ergo
690 2028 718 2056 in
730 2028 884 2057 Bethlehem
898 2029 1000 2057 interfi-

260 2068 399 2098 ciebantur
412 2067 531 2107 parvuli,
544 2067 592 2095 ubi
605 2074 661 2096 erat
674 2074 875 2096 monumentum
886 2068 999 2104 Rachel,

260 2107 322 2137 ideo
332 2107 434 2136 Rachel
444 2106 623 2136 introducitur
636 2106 755 2146 plorans.
770 2107 901 2143 Quamvis
912 2114 1001 2136 autem

260 2147 365 2176 Rhama
377 2157 429 2175 non
440 2152 509 2175 esset
520 2156 603 2185 prope
612 2146 778 2181 Bethlehem,
790 2153 877 2175 tamen
887 2146 998 2183 dicitur,

262 2187 293 2215 V
288 2198 326 2215 oa:
336 2188 367 2214 in
378 2187 495 2215 Rhama
507 2186 610 2214 audita
620 2191 661 2214 est
675 2197 685 2213 .-
696 2185 822 2223 quoniam
830 2186 933 2214 Rhama
943 2187 999 2215 He-

260 2225 348 2255 bra'ice
362 2226 549 2270 interpretatur
560 2224 706 2253 excelsum.
721 2225 784 2253 Ideo
798 2225 880 2261 dixit,
894 2226 960 2255 Vox
972 2225 1000 2254 in

261 2266 365 2295 excelso
378 2264 470 2293 audita
478 2270 518 2293 est
529 2276 535 2292 :
546 2263 671 2302 quoniam
680 2263 714 2292 de
724 2271 807 2293 morte
820 2264 999 2294 innocentium

261 2305 417 2334 mittebatur
429 2304 464 2333 ud
475 2303 581 2340 eaelum‚
598 2303 658 2332 ideo
670 2303 829 2332 audiebatur
843 2304 869 2332 in
882 2304 996 2333 excelso.

261 2344 306 2374 Sic
318 2345 390 2374 enim
408 2344 446 2372 ait
465 2343 590 2373 Salomon
607 2354 613 2370 :
631 2343 696 2371 Voa·
715 2345 850 2381 pauperis
867 2350 1001 2381 penetrat

263 2386 363 2420 nubes,
376 2390 405 2412 et
419 2393 478 2412 non
489 2382 623 2418 discedit,
641 2382 733 2411 donec
755 2383 903 2411 audiatur.
917 2382 962 2412 Sic
975 2390 1001 2412 et

259 2434 364 2463 pauper
372 2446 380 2461 ‚
401 2421 508 2462 quando
533 2420 688 2452 violentiam
714 2421 814 2460 patitur
837 2432 852 2450 a
874 2429 979 2461 potente
990 2444 998 2459 ,

258 2463 361 2492 etiamsi
381 2473 434 2491 non
447 2469 486 2491 est
498 2471 580 2490 ausus
601 2461 758 2497 vociferare,
773 2459 819 2489 sed
834 2461 943 2490 latenter
958 2461 998 2490 la-

257 2509 405 2542 crymatur,
416 2502 510 2531 tacitus
523 2500 624 2530 elamor
636 2501 695 2539 ejus
710 2500 735 2529 in
751 2500 855 2528 excelso
869 2500 996 2529 auditur:

257 2542 319 2579 quia
332 2551 384 2570 non
396 2551 508 2580 magnus
519 2540 620 2570 clamor
639 2539 765 2569 velociter
777 2549 792 2568 a
807 2540 863 2569 Deo
876 2539 997 2577 auditur,

257 2581 304 2610 sed
316 2581 415 2621 justus.
431 2579 512 2618 Quod
524 2579 571 2618 ait,
587 2579 737 2618 Ploratus,
756 2578 848 2608 fletum
868 2579 999 2618 parvulo-

1051 1480 1176 1509 mortem,
1188 1473 1274 1502 sciens
1284 1472 1349 1512 quia
1361 1472 1471 1501 odibilis
1484 1478 1540 1501 erat
1549 1470 1623 1511 apud
1634 1481 1726 1500 omnes
1738 1473 1791 1502 Ju-

1051 1512 1135 1550 daeos,
1147 1519 1173 1542 et
1186 1512 1250 1552 quia
1262 1522 1334 1541 mors
1346 1511 1421 1541 illius
1432 1510 1525 1540 multis
1539 1510 1668 1550 gaudium
1681 1518 1737 1540 erat
1748 1511 1792 1541 fa-

1051 1560 1138 1587 ctura,
1154 1551 1325 1591 congregavit
1337 1561 1428 1580 omnes
1439 1550 1575 1590 principes
1589 1550 1606 1580 J
1609 1549 1756 1586 udaeorum,
1765 1558 1792 1580 et

1047 1592 1139 1632 jussit,
1153 1598 1183 1621 ut
1193 1591 1322 1631 cumipse
1335 1597 1457 1620 mortuus
1467 1589 1571 1625 fuisset,
1584 1599 1675 1618 omnes
1687 1589 1792 1620 oecide-

1051 1638 1154 1666 rentur,
1167 1631 1235 1661 utin
1249 1637 1335 1660 morte
1346 1629 1406 1669 ejus
1418 1639 1509 1659 omnes
1519 1629 1639 1658 civitates
1649 1628 1790 1668 lugerent:

1052 1671 1100 1700 etsi
1114 1681 1166 1700 non
1182 1677 1290 1711 propter
1299 1680 1418 1699 amorem
1428 1669 1514 1704 illius,
1527 1668 1570 1698 vel
1579 1668 1674 1706 saltem
1682 1676 1793 1709 propter

1051 1721 1132 1740 suum
1154 1710 1285 1740 dolorem.
1304 1710 1339 1739 Et
1357 1709 1409 1738 hoc
1425 1708 1537 1739 consilio
1552 1707 1604 1737 Dei
1621 1707 1721 1737 sactum
1740 1715 1790 1738 este

1052 1749 1168 1787 Quando
1179 1750 1251 1779 enim
1262 1749 1335 1794 magi
1348 1748 1573 1778 annuntiaverunt
1585 1746 1620 1776 de
1632 1747 1708 1776 stella
1722 1747 1792 1787 regis

1050 1789 1147 1826 futuri,
1163 1800 1254 1818 omnes
1273 1789 1407 1829 principes
1428 1793 1617 1817 consenserunt
1636 1786 1749 1824 Herodi,
1763 1794 1793 1822 ut

1050 1829 1198 1868 requireret
1207 1839 1323 1868 puerum
1334 1835 1360 1857 et
1373 1827 1515 1857 occideret.
1526 1827 1583 1856 Hoc
1591 1825 1666 1855 unde
1674 1825 1793 1856 seimus?

1051 1870 1173 1899 Primum
1186 1868 1250 1907 quia
1262 1868 1330 1897 dicit
1342 1867 1481 1907 Scriptura
1496 1878 1503 1895 :
1522 1867 1664 1896 Turbatus
1679 1872 1723 1895 est
1735 1867 1793 1895 He-

1051 1910 1147 1945 rodes,
1167 1915 1195 1937 et
1219 1909 1312 1937 omnis
1332 1909 1435 1937 civitas
1454 1916 1521 1935 cum
1536 1906 1599 1935 illo.
1617 1904 1720 1934 Deinde
1733 1904 1792 1944 ipsa

1051 1948 1133 1978 verba
1143 1947 1231 1987 angeli
1245 1947 1296 1977 hoe
1311 1946 1504 1982 demonstrant,
1517 1944 1632 1975 dicentis
1648 1956 1654 1973 :
1669 1945 1719 1974 ao.
1732 1945 1792 1974 Ac-

1052 1990 1114 2027 cipe
1125 1997 1247 2026 puerum
1269 1994 1298 2016 et
1316 1993 1437 2023 matrem
1459 1987 1532 2025 ejus,
1554 1991 1581 2014 el
1604 1990 1746 2013 revertere
1759 1986 1792 2012 in

1017 2038 1036 2061 ι)
1052 2033 1159 2056 terram
1178 2027 1260 2056 Juda
1273 2038 1281 2054 .-
1299 2026 1433 2066 defuncti
1445 2031 1513 2054 sunt
1525 2026 1603 2053 enim
1613 2025 1666 2063 qui
1677 2033 1791 2062 quoere-

1052 2068 1123 2095 bant
1135 2067 1264 2094 animam
1273 2068 1367 2104 pueri.
1379 2065 1440 2093 Non
1451 2063 1533 2098 dixit,
1543 2064 1671 2092 Mortuus
1680 2069 1730 2098 est,
1742 2062 1792 2100 qui

1050 2105 1202 2145 requirebat
1211 2104 1326 2134 animam
1335 2103 1413 2144 pueri
1422 2114 1429 2131 :
1441 2103 1498 2139 sed,
1509 2101 1612 2132 Mortui
1620 2107 1683 2130 sunt
1690 2111 1791 2138 omnes,

1049 2146 1097 2184 qui
1107 2144 1278 2184 requirebant
1288 2144 1404 2173 animam
1411 2142 1499 2182 pueri.
1511 2143 1559 2172 19.
1575 2141 1724 2178 Defuncto
1734 2142 1793 2170 He-

1050 2186 1130 2222 rode,
1149 2194 1214 2213 ecce
1229 2184 1349 2223 angelus
1363 2183 1486 2212 Domini
1493 2183 1628 2221 apparuit
1641 2181 1672 2209 in
1684 2181 1793 2210 somnis

1050 2225 1159 2263 Joseph
1173 2225 1205 2252 in
1222 2224 1363 2263 AEgypto‚
1379 2224 1429 2253 20.
1451 2222 1550 2251 dicens
1564 2232 1575 2249 .-
1589 2221 1702 2259 Accipe
1722 2227 1792 2259 pue-

1051 2275 1126 2300 rum,
1140 2269 1168 2292 et
1181 2271 1301 2292 matrem
1315 2264 1386 2302 ejus.
1404 2261 1490 2292 Vides
1499 2261 1564 2300 quia
1574 2261 1637 2290 Jose
1656 2260 1675 2288 h
1688 2269 1741 2288 non
1756 2257 1791 2288 ad

1051 2303 1207 2344 conjugium
1222 2302 1319 2332 Mariae
1341 2309 1399 2332 erat
1419 2301 1530 2336 electus,
1550 2299 1598 2329 sed
1616 2310 1631 2328 a
1669 2298 1790 2328 ministe-

1052 2343 1124 2372 rium
1142 2343 1222 2383 ejus?
1235 2343 1324 2373 Eunte
1343 2349 1433 2371 autem
1449 2340 1496 2369 illa
1509 2339 1536 2368 in
1550 2339 1700 2378 AEgyptum
1712 2344 1737 2366 et
1749 2347 1791 2366 rea

1052 2382 1161 2418 deunte,
1173 2383 1225 2412 nisi
1242 2382 1399 2421 desponsata
1418 2380 1460 2409 illi
1479 2379 1584 2414 fuisset,
1598 2377 1659 2416 quis
1671 2376 1792 2421 ministe-

1052 2423 1125 2451 rium
1137 2423 1162 2451 ei
1171 2429 1249 2451 tantae
1259 2420 1420 2450 necessitatis
1430 2417 1571 2458 impleret?
1585 2418 1655 2447 Nam
1664 2416 1792 2484 insprima

1052 2461 1162 2500 quidem
1182 2462 1249 2491 facie
1271 2461 1362 2490 Maria
1381 2468 1495 2499 puerum
1514 2456 1667 2492 nutriebat,
1708 2454 1792 2495 oseph

1051 2501 1235 2530 conservabat.
1242 2502 1347 2530 Revera
1356 2506 1444 2528 autem
1449 2507 1517 2537 puer
1523 2502 1634 2525 matrem
1645 2494 1790 2531 nutriebat,

1052 2547 1078 2568 et
1091 2541 1191 2579 Joseph
1212 2540 1357 2569 tutabatur.
1371 2538 1436 2568 Ideo
1449 2546 1502 2566 non
1521 2535 1599 2572 dicit,
1621 2535 1719 2574 Accipe
1737 2544 1794 2563 ma·

1051 2586 1130 2617 trem,
1141 2586 1166 2608 et
1180 2589 1296 2618 puerum
1317 2579 1375 2619 ejus
1391 2589 1398 2607 :
1413 2575 1473 2614 sed,
1487 2575 1599 2615 Accipe
1619 2583 1751 2614 puerum,
1764 2578 1793 2602 et
1823 2585 1826 2588 ·
