1890 2826
599 171 733 194 CONTRA
760 170 930 202 THE-ATRA,
960 171 1036 195 ETC.
1066 172 1190 196 SERMO.

113 233 160 263 νὸνμ
169 228 201 269 ἧν
215 235 232 268 ἡ
247 232 330 268 σκηνὴ
350 236 404 265 τοῖς
418 231 550 261 ὁδεύουσιν
567 232 734 271 οἰκητήριον,
749 232 798 282 μία
813 232 882 261 πάν-

112 285 164 301 των
179 272 256 306 ξένων
271 272 380 311 ἄφθονος
393 272 480 307 ἑστία,
490 270 578 305 πάσης
588 273 636 306 τῆς
648 273 803 309 οἷκουμενης
812 283 882 300 παν-

112 313 213 351 δοχεῖον
227 311 348 350 ἄμισθον,
356 312 404 340 οὐκ
418 310 444 340 ἔν
460 309 623 350 παραβύστῳ
637 310 804 350 κειμένη,’ίνα
815 310 882 350 λάθῃ

110 351 141 380 τὸ
160 350 191 380 κέ
208 351 250 383 δος
268 352 316 386 τῆς
332 350 519 384 ἀναπαύσεως,
536 351 594 379 ἀλλ’
613 351 640 379 ἐν
663 350 754 390 ἐρήμω
777 350 833 389 μὲν,
854 351 882 379 ἐν

111 391 163 429 ὁδῷ
216 389 295 428 μέση,
306 390 351 419 καὶ
365 392 444 430 κοινῷ
458 389 550 430 σγεδὸν
563 390 650 426 πάσης
666 392 714 426 τῆς
732 380 882 420 hulmont-

1607 161 1676 210 657

936 232 1027 261 mitem
1042 234 1172 262 effecisti?
1186 234 1242 263 Hoc
1255 233 1456 263 tabernaculum
1470 244 1611 264 commune
1622 242 1678 264 emt

935 271 1084 301 viatoribus
1098 272 1278 309 domicilium,
1294 284 1377 302 unum
1389 274 1541 313 hospitibus
1551 275 1678 303 omnibus

936 310 1040 340 lautum
1069 312 1224 342 convivium
1252 325 1258 341 ε
1288 313 1371 342 totius
1393 312 1468 342 orbis
1491 313 1678 353 pandocheunt

935 349 992 379 sine
1005 351 1126 381 mercede
1140 364 1146 380 ι
1161 362 1214 380 non
1235 351 1262 380 in
1276 360 1376 382 remoto
1395 352 1456 382 loco
1470 353 1551 381 situm
1561 375 1568 389 ‚
1585 360 1615 382 ut
1632 364 1677 382 re-

935 389 1008 427 quiei
1022 390 1129 420 lucrum
1142 391 1246 428 lateret,
1268 391 1316 420 sed
1329 392 1356 421 in
1371 391 1475 421 deserto
1487 391 1598 430 quidem
1608 415 1615 428 ‚
1629 393 1676 422 sed

111 441 157 465 νης
178 422 320 470 ἀφετηρίῳ.
345 429 458 464 Ηῦλίζου
484 425 511 460 δὲ
536 429 568 459 σὺ
590 429 751 470 πανημέριος
775 430 826 459 ὑπὸ
847 431 923 466 tissi
935 429 1023 458 media
1038 429 1065 458 in
1079 430 1135 465 via,
1150 437 1176 459 et
1190 441 1273 471 prope
1286 431 1422 460 communi
1436 431 1517 461 totius
1530 431 1677 461 Palaestinae

110 469 186 509 δρυΐ,
208 470 302 509 ἀγαθὸς
322 474 377 502 τοῖς
397 469 516 499 ὁδεύουσι
538 470 744 510 προφαινόμενος
762 462 880 499 ἀναπαύ-

110 520 177 542 σεως
194 509 312 548 ἄγγελος.
326 508 415 549 Ὦφθη
435 520 476 538 σοι
490 510 619 549 Χριστὸς,
633 504 656 538 ὦ
676 509 821 548 θαυμάσιε,
834 511 879 539 ὑπ’

110 548 228 587 ἀγγέλων
243 548 463 589 δορυφορούμενος
480 549 538 585 δύο,
552 549 596 578 καὶ
609 548 718 589 γέγονας
738 549 782 578 διὰ
804 550 881 589 φιλο-

111 587 194 621 ξενίας
207 588 253 618 καὶ
269 590 337 628 Θεῷ
344 589 389 618 καὶ
404 588 524 628 ἀγγέλοις
544 588 700 628 δμόσκηνος.
710 584 748 618 Ὦ
763 588 881 629 μακαρία

109 627 210 663 σκηνὴ,
225 630 242 663 ἡ
257 628 327 657 Θεὸν
346 630 405 667 μετ’
427 628 545 667 ἀγγέλων
565 630 598 657 δι’
615 628 764 667 οἰκονομίαν
786 628 880 668 χωρή-

109 675 191 696 ’σασα.
206 667 295 707 Ὠφθη
310 679 353 696 σοι
365 668 479 707 Χριστὸς
492 669 519 697 ἓν
533 668 670 708 ἀνθρώπου
684 667 818 707 σχήματι,
833 670 881 703 τῆς

109 706 182 739 θείας
195 708 274 736 αὐτοῦ
290 707 335 736 καὶ
349 707 480 748 σωτηρίου
494 707 636 747 ἐπιδημίας
653 708 825 748 παραφαίνων
839 718 881 737 σοι

109 745 144 774 τὰ
158 746 300 786 μυστήρια·
311 747 382 785 ὅμως
395 749 443 776 οὐκ
455 747 532 776 ἔλαθέ
545 759 574 776 σε
586 750 633 776 τοῦ
647 747 776 787 παρόντος
787 750 803 783 ἡ
819 747 880 781 δόξα

111 785 154 814 διὰ
166 785 197 814 τὸ
208 786 326 815 δουλικὸν
341 788 442 836 σχῆμα.
455 781 534 837 {sil-f<
548 789 599 826 γὰρ
611 786 759 827 ὀφθαλμοὺς
773 787 879 823 ἄλλους,

109 821 147 858 οἷς
167 826 304 862 Δεσπότης
320 828 482 866 γνωριζεται.
513 827 638 864 Επέγνως
649 829 786 866 τοιγαροῦν
802 827 880 866 μεσί-

110 876 158 899 την
178 866 264 902 Θεοῦ,
278 866 321 894 τὸν
341 866 368 894 ἐν
388 865 462 905 μέσῳ
481 865 527 895 δύο
547 866 620 900 ζώων
633 866 803 906 γνωρίζεσθαι
818 866 880 905 ’μέλ-

109 905 188 933 λοντα
200 904 272 934 Υῑόν.
284 904 422 943 Θαυμάζω
436 903 485 943 μέν
495 916 552 942 σου,
565 905 688 945 μακάριε,
698 905 746 941 τὴν
758 905 819 946 περὶ
826 909 878 935 τῶν

109 943 240 982 φανέντων
253 944 370 980 σπουδήν
379 956 386 962 ·
403 945 459 979 ἐξὸν
472 945 525 984 γὰρ
544 945 665 978 ἐπιτάξαι
679 945 819 985 θεράποντι
833 946 878 975 καὶ

107 984 248 1022 πληρῶσαι
260 983 309 1019 τὴν
322 983 414 1024 χρείαν
423 985 618 1024 προστάγματι,
626 985 737 1025 ἔδραμες
743 984 775 1014 σὺ
785 987 821 1018 εἷς
832 985 879 1019 τὰς

109 1022 172 1061 βόας
186 1023 343 1062 πρεσὸύτης,
356 1024 499 1063 ἀκμάζοντι
513 1024 586 1053 πόθω
597 1025 708 1054 παλαιὸν
722 1026 760 1054 σῶ
814 1037 878 1060 στη-

109 1061 194 1099 ρίζων.
223 1062 374 1092 Ἔκοινώνει
397 1063 424 1092 δέ
449 1075 491 1093 σοι
513 1054 654 1103 προθύμως
675 1065 728 1093 τῶν
753 1036 836 1103 §gi-iv
860 1067 876 1100 ἡ

107 1101 231 1141 σύζυγος,
250 1102 296 1131 καὶ
317 1103 412 1138 πλήθει
434 1103 539 1142 ἀζύμων
561 1103 578 1132 ἄ
595 1115 647 1132 των
669 1104 810 1143 ἐστεφάνου
829 1103 877 1140 τὴν

107 1141 253 1179 τράπεζαν·
280 1143 309 1171 οὔ
337 1142 388 1181 γὰρ
412 1142 530 1181 ἀνέμεινε
562 1115 611 1178 τςν
639 1143 755 1181 ζύμωσιν
780 1145 798 1179 ἡ
830 1145 878 1179 τῆς

107 1180 251 1218 φιλοξενίας
264 1182 374 1217 σπουδή.
389 1181 482 1211 Πάντα
496 1183 524 1211 δὲ
537 1178 569 1218 ἦν
583 1182 664 1222 ‹ydem›
678 1183 723 1212 καὶ
737 1182 877 1222 σεὸάσμα-

107 1230 151 1252 τος
169 1219 202 1248 τὰ
220 1220 403 1259 πραττόμενα,
416 1223 467 1271 οὐχ
483 1224 519 1254 ὡς
535 1222 630 1262 ἄνδρας
649 1222 802 1258 ξενίζοντος,
817 1223 877 1252 ἀλλ’

107 1261 142 1291 ὡς
161 1260 224 1299 Θεῷ
237 1260 328 1289 θυσίαν
349 1272 449 1301 προσφε
467 1273 548 1299 οντος.
561 1262 647 1295 Καλός
669 1273 730 1297 σου,
747 1262 877 1302 μακάριε,

108 1298 151 1327 διὰ
173 1302 257 1328 ταῦτα
275 1301 323 1334 τῆς
343 1300 445 1339 φιλοξεν
457 1313 488 1334 ας
505 1303 520 1330 ὁ
539 1302 655 1341 καρπὸς,
674 1301 742 1338 καλὴ
763 1302 808 1331 καὶ
829 1305 877 1338 τῆς

107 1337 238 1376 φιλοθείας
250 1341 268 1374 ἠ
283 1339 394 1377 ἄμοιὸή.
406 1340 504 1370 Δύεται
517 1340 568 1380 γὰρ
581 1341 655 1381 παρὰ
667 1341 755 1374 πάσας
768 1341 876 1375 ἐλπίδας

107 1377 210 1417 μήτρας
228 1378 420 1418 ἐστειρωμένης
437 1379 536 1419 δεσμὰ,
559 1381 604 1409 καὶ
627 1380 706 1420 νεκρὰ
727 1381 875 1421 πρεσὸύτου

107 1417 175 1455 μέλη
197 1417 262 1457 πρὸς
281 1416 373 1448 τέκνου
393 1419 502 1458 γνησίου
524 1419 621 1460 σπόρον
643 1422 729 1456 ἀνθεῖ,
744 1421 788 1449 καὶ
809 1421 874 1461 δέγῃ

105 1456 178 1496 παρὰ
194 1460 347 1497 μονογενοῦς
359 1459 430 1488 Θεοῦ
449 1459 510 1498 περὶ
524 1462 678 1498 μονογενοῦς
691 1462 747 1489 υἱοῦ
763 1455 874 1500 εὐαγγέ-

105 1496 162 1525 λια.
178 1496 254 1525 Κατὰ
266 1497 310 1526 τὸν
326 1497 417 1537 καιρὸν
435 1498 500 1538 γὰρ,
512 1498 594 1538 φησὶ,
607 1502 698 1528 τοῦτον
716 1499 873 1538 ἐλεύσομαι,

105 1535 150 1564 καὶ
167 1535 241 1564 ἔσται
255 1538 288 1575 τῇ
305 1535 397 1576 Σάρρᾳ
414 1537 478 1570 υἱός.
494 1539 558 1571 Πῶς
571 1550 617 1567 σου
634 1539 694 1567 κατ’
709 1538 783 1572 ἀξίαν
798 1540 874 1568 ἐπαι-

105 1574 172 1603 νέσω
191 1574 240 1610 τὴν
259 1575 514 1612 πίστιν,πανόλὸιε;
530 1579 571 1606 Οὐ
591 1577 643 1616 γὰρ
663 1578 792 1616 διεκρίθης
810 1578 874 1618 πρὸς

104 1613 153 1648 τὴν
167 1613 326 1653 ὑπόσχεσιν,
339 1614 398 1644 οὐδὲ
412 1615 473 1655 περὶ
486 1616 643 1655 ἐπαγγελίαν
658 1615 801 1655 ἐχώλανας,
815 1617 874 1646 οὐδὲ

105 1652 265 1688 κατενόησας
282 1653 313 1682 τὸ
334 1655 427 1683 ἑαυτοῦ
449 1657 527 1693 σῶμα
546 1655 746 1694 νενεκρωμένον,
765 1658 874 1685 ἑκατον-
889 1663 907 1687 C

105 1691 199 1727 ταετής
213 1703 263 1720 που
275 1692 410 1732 ὑπάρχων,
425 1694 482 1723 οὐδὲ
495 1694 646 1734 ἀπέὸλεψας
656 1697 693 1728 εἰς
705 1695 754 1730 τὴν
767 1695 874 1735 στείρω-

106 1740 148 1759 σιν
157 1733 206 1766 τῆς
217 1731 319 1772 μήτρας
330 1732 443 1772 Σάρρας,
453 1734 511 1762 ἀλλ’
524 1734 720 1772 ἐνεδυναμώθης
731 1737 764 1774 τῇ
776 1734 873 1770 πίστει,

106 1769 181 1803 εἰδὼς
198 1770 238 1800 ὅτι
258 1770 272 1799 ὃ
293 1771 455 1810 ἐπήγγελται
477 1775 491 1801 ὁ
513 1773 597 1808 Θεὸς,
618 1773 725 1807 δυνατός
749 1775 805 1803 ἐστι
829 1775 874 1803 καὶ

105 1810 254 1849 πληρῶσαι.
265 1812 306 1840 Οὐ
320 1811 371 1850 γὰρ
385 1812 500 1841 δουλεύει
511 1811 612 1849 φύσεως
622 1813 732 1843 πάθεσιν
746 1815 760 1842 ὁ
773 1813 874 1853 φύσεως

106 1849 276 1888 δημιουργὸς,
294 1850 335 1880 ὅτι
353 1852 403 1890 οὐχ
419 1851 555 1881 ὖπόκειται
576 1852 677 1891 φύσεως
691 1853 791 1893 ἀνάγκῃ
806 1854 874 1887 Θεὸς

106 1889 133 1917 ἐν
146 1885 184 1921 οἷς
194 1889 344 1928 ἐργάζεται,
355 1890 441 1925 πάσης
454 1890 555 1931 φύσεως
568 1891 622 1921 ὓπά
639 1904 694 1932 χιον
707 1893 873 1932 δημιουργός·

106 1929 241 1958 ἀκολουθεῖ
256 1929 283 1959 δὲ
303 1929 368 1969 πρὸς
389 1935 441 1959 πᾶν
461 1926 527 1963 εἶδος
547 1943 614 1970 μετα
646 1933 695 1966 λῆς
708 1935 725 1968 ἡ
746 1931 821 1972 φύσις
835 1935 873 1973 τῷ

106 1967 233 2008 ἐλευθέρῳ
250 1972 296 1998 τοῦ
319 1970 493 2004 πεποιηκότος
508 1972 645 2009 θελήματι.
660 1973 807 2012 Τοιγαροῦν
826 1974 874 2002 οὒκ

106 2007 233 2047 ἕψεύσθης
246 2010 298 2037 τῶν
311 2009 434 2043 ἐλπίδων,
450 2009 572 2050 μακάριε,
583 2012 643 2047 ἀλλ’
655 2011 769 2051 ὀνομάζῃ
783 2011 873 2052 πατὴρ
886 2019 888 2021 ’

107 2047 134 2075 ἕν
155 2047 303 2087 προθεσμίᾳ
324 2051 401 2088 ῥητῇ,
421 2050 447 2077 ἐν
469 2049 560 2084 ἡλικία
581 2056 669 2090 νεκρᾷ.
692 2050 746 2080 Καὶ
768 2054 871 2090 πρῶτον

108 2086 213 2124 βλέπεις
226 2088 256 2116 ἐκ
270 2087 376 2127 Σάῤῥας
388 2088 498 2127 καρπὸν,
513 2080 557 2117 καί
577 2090 716 2128 θαυμάζεις
729 2093 785 2124 πῶς
796 2092 872 2131 ἐπιῤ-

107 2124 195 2163 ῥέουσι
214 2127 277 2165 παρ’
290 2127 398 2159 ἐλπίδας
411 2130 443 2166 τῇ
461 2129 624 2169 γεγηρσκυίᾳ
642 2132 688 2158 τοῦ
702 2130 832 2168 γάλακτος
845 2133 872 2159 αἱ

106 2164 200 2202 πηγαὶ,
211 2165 255 2193 καὶ
269 2168 326 2202 μετ’
338 2166 423 2204 ὀλίγον
435 2168 632 2207 προοψελλίζεις
644 2171 682 2208 τῷ
694 2169 773 2209 τόκῳ,
783 2171 872 2199 καλεῖν

106 2204 207 2243 πατέρα
221 2204 350 2233 διδάσκων
363 2205 394 2234 τὸ
405 2205 518 2244 γένημα,
530 2210 628 2243 ταύτην
648 2210 727 2237 αἰτῶν
741 2209 814 2248 παρὰ
827 2212 872 2239 τοῦ

105 2242 196 2272 τέκνου
215 2243 263 2278 τὴν
278 2245 381 2278 κλῆσιν,
397 2245 431 2279 ἣν
448 2245 617 2284 προλαὸοῦσα
631 2247 665 2276 δι’
684 2248 842 2286 ἐπαγγελίας
855 2251 871 2284 ἡ

105 2282 183 2322 χάρις
196 2283 322 2322 ἐκύρωσε.
338 2284 400 2316 Πῶς
416 2283 450 2311 τὰ
464 2284 531 2322 μετὰ
547 2286 632 2314 ταῦτά
650 2297 697 2315 σου
712 2286 873 2326 διηγήσομαι

106 2322 314 2361 κατορθώματα,
326 2322 469 2360 θαυμάσιες
482 2325 539 2356 πῶς
557 2325 661 2363 ὑψηλήν
681 2336 727 2354 σου
740 2325 786 2354 καὶ
799 2338 873 2366 περι-

106 2360 202 2395 ὅόητον
215 2362 357 2400 ἀπαγγελῶ
368 2361 473 2397 πίστιν;
487 2362 572 2402 Ὑπὲρ
585 2364 673 2393 πίστιν
687 2367 704 2400 ἡ
717 2364 804 2398 πίστις
816 2377 872 2400 σου,

106 2400 171 2439 ὑπὲρ
186 2400 267 2436 ἀκοὴν
281 2407 369 2430 πᾶσαν
382 2403 399 2436 ἡ
414 2400 479 2440 πρὸς
497 2401 566 2431 Θεόν
585 2413 631 2431 σου
646 2404 808 2438 καθοσίωσις.
823 2406 848 2434 Τ
850 2405 871 2439 ίς

106 2438 157 2477 γὰρ
176 2439 310 2469 πιστεύσει
323 2440 398 2476 ποτὲ,
413 2441 453 2470 ὅτι
467 2441 556 2480 πατὴρ
569 2443 663 2471 οἰκεῖον
676 2443 766 2472 τέκνον
781 2445 870 2474 θυσίαν

106 2478 220 2515 προσήνι
256 2491 268 2507 ε
288 2479 399 2518 γνησίως
420 2482 457 2519 τῷ
474 2482 550 2520 Θεῷ;
564 2481 645 2530 Τάζα
660 2483 734 2520 μόνοι
750 2483 871 2513 πιστεύοἠ

106 2527 153 2554 μεν
167 2519 191 2546 οἱ
204 2530 224 2555 μ
262 2518 394 2557 γεγονότες
411 2519 538 2558 πατέρες,
553 2522 577 2549 οἱ
595 2532 691 2550 τεκνων
706 2523 818 2562 στοργὴν
833 2523 869 2562 μὴ

106 2556 284 2595 δεδιδαγμένοι
297 2557 370 2597 παρὰ
384 2560 429 2593 τῆς
450 2559 560 2598 φύσεως.
575 2559 678 2590 ‘llus-tto
690 2561 716 2591 δὲ
731 2564 783 2592 τῶν
797 2565 869 2602 εἴρη-

897 467 915 489 Α
934 468 1092 498 diversorio.
1106 471 1150 499 Tu
1164 470 1215 499 sub
1226 481 1327 508 quercu
1336 477 1418 499 totam
1431 470 1502 500 diem
1512 471 1677 511 transigebas

933 507 1019 537 bonus
1033 509 1183 538 viatoribus
1197 509 1298 548 requiei
1311 510 1444 549 capiendae
1461 510 1580 539 nuntius.
1593 511 1678 541 Visus

932 554 972 576 est
985 548 1036 577 tibi
1059 548 1199 584 Christus,
1215 559 1231 577 o
1242 549 1285 578 vir
1298 548 1466 587 admirande,
1481 560 1496 578 a
1509 549 1618 579 duobus
1629 560 1677 578 an—

932 587 1000 625 gelis
1015 587 1180 627 stipatus,‚et
1196 594 1304 628 propter
1324 588 1530 627 hospitalitatem
1550 589 1636 619 factus
1649 599 1677 618 es

931 633 958 655 et
971 626 1021 655 Dei
1036 634 1060 656 et
1083 627 1239 666 angelorum
1253 627 1461 656 contubernalis.
1476 629 1500 657 Ο
1514 628 1621 658 beatum
1635 636 1675 658 ta-

931 665 1117 703 bernaculum,
1132 666 1206 705 quod
1220 668 1306 696 Deum
1320 677 1382 696 cum
1395 677 1428 695 an
1448 667 1497 696 elis
1510 678 1558 707 per
1571 678 1676 697 oecono-

931 705 1013 734 miam
1034 705 1157 746 excepit!
1178 707 1263 737 Visus
1282 713 1322 735 est
1341 706 1393 735 tibi
1413 708 1434 736 C
1456 707 1538 735 ristus
1560 707 1677 736 hominis

932 745 1015 774 forma
1035 745 1124 775 divini
1141 746 1184 774 sui
1205 752 1231 775 et
1253 746 1379 774 salutaris
1400 745 1532 775 adventus
1551 747 1677 786 mysteria

931 785 1071 815 enuntians
1085 798 1092 814 ε
1105 792 1219 814 attamen
1233 785 1369 825 praesentis
1381 785 1494 824 gloriam
1508 795 1675 824 nequaquam

931 830 957 852 te
973 825 1009 853 ob
1019 825 1144 855 servilem
1156 825 1270 853 formam
1281 825 1369 854 latuit.
1387 824 1510 854 Habebas
1524 825 1594 854 enim
1608 826 1676 855 alios

931 864 1024 893 oculos
1037 865 1135 902 quibus
1148 864 1280 893 Dominus
1294 864 1473 903 cognoscitur.
1488 865 1609 894 Noveras
1621 865 1675 904 igi-

931 909 977 931 tur
990 904 1164 933 mediatorem
1175 903 1226 932 Dei
1239 903 1352 939 Filium,
1362 903 1408 942 qui
1419 904 1446 932 in
1461 903 1549 933 medio
1557 904 1674 934 duorum

930 941 1087 972 animalium
1102 943 1274 983 appariturus
1291 950 1358 972 erat.
1374 943 1461 972 Miror
1474 950 1544 973 certe
1558 950 1642 981 tuam,
1658 955 1675 973 o

932 981 973 1010 vir
981 982 1067 1019 beate,
1079 993 1140 1020 erga
1151 993 1194 1012 eos
1204 982 1250 1020 qui
1261 982 1308 1011 tihi
1320 982 1480 1012 adstiterunt
1490 982 1672 1022 diligentiam:

931 1027 1035 1060 poteras
1044 1023 1114 1051 enim
1122 1021 1218 1061 jubere
1226 1022 1337 1057 famulo,
1350 1028 1376 1050 et
1385 1022 1462 1061 jussu
1475 1022 1595 1052 officium
1625 1034 1673 1052 rae-

930 1067 1000 1089 stare
1008 1072 1016 1098 ;
1031 1061 1177 1090 cucurristi
1189 1068 1219 1090 tu
1231 1065 1312 1090 senex
1325 1061 1359 1090 ad
1371 1061 1466 1099 hoves,
1481 1061 1584 1092 ardenti
1618 1064 1673 1092 esi-

929 1099 1005 1129 derio
1017 1101 1102 1130 senile
1113 1111 1211 1140 corpus
1225 1100 1348 1130 fulciens.
1363 1101 1484 1140 Operum
1497 1111 1605 1131 consors
1617 1102 1673 1131 ala-

929 1139 982 1168 cris
992 1146 1048 1169 erat
1058 1150 1138 1177 uxor,
1152 1147 1178 1169 et
1189 1150 1289 1180 panum
1302 1150 1457 1179 azymorum
1466 1141 1543 1180 copia
1555 1151 1672 1171 mensam

929 1179 1071 1209 coronabat
1097 1192 1103 1208 :
1131 1189 1216 1218 neque
1235 1179 1307 1208 enim
1332 1180 1557 1209 fermentationem
1573 1191 1672 1221 exspe—

929 1218 1010 1247 ctavit
1018 1218 1210 1259 hospitalitatis
1218 1218 1349 1247 studium.
1361 1219 1549 1259 Omniaporro
1560 1220 1672 1265 ageban-

927 1264 974 1287 tur
985 1269 1047 1287 cum
1070 1258 1167 1287 timore
1188 1265 1213 1287 et
1236 1258 1419 1294 veneratione,
1432 1269 1485 1288 non
1498 1269 1586 1297 quasi
1598 1259 1672 1289 viros

926 1307 992 1326 exce
1012 1297 1073 1327 isset
1100 1297 1229 1337 hospitio,
1255 1297 1303 1327 sed
1328 1297 1405 1336 quasi
1428 1300 1485 1328 Deo
1509 1299 1670 1328 sacrificium

926 1308 1075 1366 obtulisset.
1098 1337 1162 1366 Ideo
1184 1337 1330 1377 praeelarus
1345 1344 1395 1374 est,
1410 1347 1427 1366 o
1447 1337 1492 1367 vir
1512 1337 1598 1375 beate,
1618 1345 1671 1368 turc

927 1375 1117 1415 hospitalitatis
1130 1377 1242 1412 fructus,
1255 1377 1384 1416 praeclara
1394 1377 1494 1406 amoris
1507 1387 1571 1417 erga
1582 1379 1671 1407 Deum

926 1425 1036 1445 merces.
1052 1416 1201 1446 Solvuntur
1214 1416 1287 1445 enim
1299 1423 1397 1456 praeter
1409 1427 1515 1445 omnem
1529 1427 1603 1456 spem
1616 1424 1670 1447 stc-

926 1454 984 1484 rilis
998 1455 1089 1485 vulvae
1100 1455 1218 1491 vincula,
1230 1462 1404 1494 emor-tuaque
1416 1456 1489 1485 senis
1501 1457 1622 1486 membra
1635 1458 1670 1486 ad

925 1494 1044 1532 germani
1059 1494 1110 1523 filii
1121 1504 1211 1524 semen
1225 1495 1337 1530 florent,
1359 1502 1385 1523 et
1402 1495 1438 1524 ab
1457 1495 1595 1534 unigenito
1612 1497 1669 1526 Deo

894 1031 912 1054 l}

925 1533 1054 1577 unigeniti
1066 1533 1117 1562 filii
1130 1533 1254 1562 nuntium
1268 1533 1378 1601 accipis.
1396 1534 1482 1563 Circa
1494 1535 1549 1563 hoc
1558 1541 1669 1574 tempus
1681 1544 1816 1568 «tensam.

925 1572 1023 1610 inquit,
1046 1574 1177 1607 veniam,
1202 1579 1231 1601 et
1252 1574 1306 1601 erit
1337 1583 1396 1602 aroe
1408 1573 1507 1613 filius.
1520 1574 1667 1610 Quomodo

925 1617 997 1639 tuam
1008 1621 1059 1651 pro
1073 1611 1168 1640 merito
1178 1611 1295 1640 laudabo
1304 1611 1397 1648 fidem,
1409 1612 1584 1642 obeatissime
1594 1614 1665 1643 ?Ne-

924 1660 977 1688 que
990 1650 1062 1679 enim
1077 1650 1146 1679 circa
1170 1650 1373 1690 promissionem
1395 1650 1557 1687 disseruisti,
1579 1663 1665 1692 neque

923 1690 993 1718 circa
1012 1689 1232 1729 pollicitationem
1250 1689 1418 1725 claudicasti,
1441 1701 1526 1729 neque
1545 1692 1667 1731 cogitasti

924 1739 1022 1768 corpus
1035 1735 1112 1757 tuum
1132 1735 1294 1764 emortuum,
1319 1739 1381 1758 cum
1401 1730 1566 1760 centenarius
1582 1741 1666 1772 prope

923 1777 1008 1797 esses:
1018 1778 1102 1806 neque
1114 1768 1254 1808 respexisti
1266 1768 1293 1796 in
1305 1768 1472 1799 sterilitatem
1483 1770 1572 1800 vulvae
1581 1772 1664 1805 Sarae;

923 1806 971 1836 sed
981 1807 1165 1837 corroboratus
1179 1818 1206 1837 es
1216 1807 1281 1843 fide,
1294 1807 1380 1837 sciens
1395 1809 1480 1839 Deum
1494 1820 1553 1848 quae
1567 1810 1667 1850 promi-

924 1847 959 1875 sit
978 1846 1089 1886 implere
1101 1857 1189 1886 posse.
1205 1848 1298 1886 Neque
1311 1847 1382 1876 enim
1402 1855 1503 1878 naturae
1513 1849 1666 1879 affectioni-

924 1886 975 1915 bus
988 1887 1070 1916 servit
1090 1893 1191 1916 natum
1205 1887 1324 1923 Creator,
1346 1886 1410 1924 quia
1429 1894 1529 1917 naturae
1552 1889 1666 1918 necessi—

924 1925 971 1954 tati
980 1935 1032 1954 non
1042 1925 1161 1965 subjacet
1170 1927 1244 1955 Deus
1257 1926 1283 1955 in
1294 1927 1420 1965 operibus
1427 1927 1495 1964 suis,
1508 1939 1570 1959 eum
1579 1928 1666 1958 omnis

924 1971 1026 1994 naturae
1052 1965 1087 1994 sit
1110 1965 1205 2011 Opifex
1225 1977 1232 1994 ι
1256 1965 1377 2004 sequitur
1401 1973 1491 1996 autem
1515 1974 1609 1997 natura
1631 1967 1666 1997 ad

924 2015 1030 2033 omnem
1045 2005 1198 2034 mutationis
1222 2005 1336 2044 speciem
1351 2005 1463 2034 liberam
1486 2007 1602 2047 Opificis
1615 2018 1667 2037 vo-

924 2044 1063 2073 luntatem.
1082 2045 1173 2082 Itaque
1186 2054 1238 2073 non
1252 2055 1321 2084 aspe
1334 2044 1425 2084 lapsus
1439 2055 1478 2083 es,
1494 2056 1511 2075 o
1527 2047 1570 2076 vir
1581 2047 1666 2083 beate,

925 2082 970 2112 sed
983 2090 1057 2122 pater·
1070 2083 1096 2113 in
1111 2083 1252 2113 constituto
1266 2090 1394 2123 tempore,
1410 2091 1436 2113 et
1448 2085 1475 2114 in
1489 2093 1608 2115 emortua
1622 2097 1666 2115 se-

925 2129 1029 2152 nectute
1041 2122 1157 2155 vocaris,
1165 2125 1203 2153 Ac
1214 2125 1318 2163 primus
1328 2123 1404 2153 vides
1417 2135 1450 2153 ex
1458 2125 1523 2155 Sara
1535 2126 1664 2161 fructum,

925 2173 955 2190 ac
975 2162 1080 2191 miraris
1099 2162 1233 2200 quomodo
1258 2163 1354 2192 vetulae
1376 2170 1470 2202 praeter
1493 2175 1568 2204 spem
1589 2165 1666 2193 lactis

926 2202 1009 2230 sontes
1019 2208 1140 2230 emanent
1155 2213 1162 2230 :
1178 2202 1312 2242 pauloque
1334 2209 1424 2241 postea
1438 2213 1500 2232 cum
1514 2204 1589 2243 prole
1604 2204 1665 2232 bal-

890 2255 909 2278 D
926 2240 1016 2274 butis.
1030 2241 1172 2279 {iliumque
1192 2241 1272 2271 doces
1294 2249 1320 2270 te
1341 2252 1436 2271 vocare
1462 2249 1563 2281 patrem
1575 2265 1583 2279 ,
1597 2243 1666 2271 hanc

926 2279 1063 2319 postulans
1071 2291 1087 2309 a
1101 2280 1159 2309 filio
1170 2281 1387 2321 appellationem,
1397 2292 1478 2319 quam
1491 2281 1567 2320 prius
1581 2282 1665 2320 gratia

925 2329 974 2359 per
992 2319 1194 2359 promissionem
1214 2320 1375 2350 firmaverat.
1391 2320 1533 2356 Quomodo
1556 2330 1586 2348 ea
1607 2330 1666 2357 quae

924 2359 1086 2397 subsequuta
1108 2365 1170 2388 sunt
1193 2366 1263 2398 gesta
1288 2359 1413 2391 narrabo,
1426 2359 1469 2387 vir
1489 2358 1665 2387 admirande?

925 2398 1059 2436 quomodo
1071 2399 1203 2427 excelsam
1219 2405 1290 2427 tuam
1310 2404 1335 2426 ct
1349 2397 1506 2425 celebratam
1521 2397 1601 2425 fidem
1615 2408 1665 2426 an·-

925 2438 1072 2467 nuntiabo?
1086 2439 1175 2477 Supra
1190 2437 1270 2466 fidem
1283 2443 1322 2465 est
1336 2436 1401 2464 fides
1416 2443 1476 2471 tun,
1493 2446 1574 2474 supra
1592 2437 1666 2465 audi-

918 2483 980 2506 tum
999 2487 1105 2506 omnem
1117 2483 1206 2506 sancta
1221 2476 1268 2504 illa
1282 2482 1326 2507 tua
1342 2485 1403 2513 erga
1418 2476 1503 2503 Deum
1516 2476 1664 2513 obsequen-

923 2520 968 2549 tia.
982 2521 1051 2557 Quis
1058 2521 1129 2550 enim
1143 2519 1232 2548 credet
1244 2528 1368 2556 umquam
1381 2539 1388 2553 ‚
1404 2517 1477 2555 quod
1491 2525 1564 2557 pater
1578 2518 1664 2548 filium

923 2575 1002 2594 suum
1015 2564 1042 2593 in
1054 2564 1167 2593 hostiam
1182 2563 1282 2591 sincere
1293 2563 1348 2590 Deo
1361 2560 1510 2590 obtulerit?
1525 2562 1604 2591 Forte
1617 2572 1665 2591 nos
