1890 2826
57 1491 80 1513 3.
89 1490 147 1519 Reg.
158 1497 196 1514 22.

59 2155 127 2177 llehr.
144 2161 180 2180 Π.

205 188 276 222 630

203 258 337 289 custodito
350 256 441 287 Helias
453 265 537 284 curru
555 254 634 294 igneo
653 254 681 284 in
700 254 796 284 caelum
809 261 850 284 est
861 259 948 284 trans-

202 299 283 335 latus,
308 307 356 337 per
374 306 453 335 quem
468 295 548 325 ovina
561 294 642 335 pellis
662 294 734 362 repia
748 304 870 334 purpura
886 303 948 333 pre-

201 338 296 368 tiosior
313 336 407 367 evasit.
422 336 492 365 Cum
503 334 638 375 jejunium
651 333 680 363 in
705 344 753 363 acu
770 333 864 364 Daniel
877 333 947 362 eole-

203 384 254 415 ret,
269 376 426 406 immanium
446 375 562 404 ferarum
583 384 631 403 ora
650 373 798 410 obturavit,
816 379 843 402 et
860 372 895 402 ab
912 372 947 402 iis
964 379 984 404 c
1000 372 1112 412 Ἰσραὴλ
1136 371 1207 406 ἄξιος
1234 371 1383 411 ἀνεδείχθη.
1406 371 1541 408 Νηστείαν
1562 384 1597 402 κα

203 417 304 446 illaesus
327 415 403 445 exiit.
429 414 567 454 Jejnnium
594 412 739 453 amplexati
766 419 820 442 tres
849 412 926 453 pueri
936 434 944 449 ,

203 456 328 498 septuplo
346 454 432 494 magis
444 463 580 483 accensam
593 454 726 483 fornacem
747 453 944 488 exstinxerunt,

203 504 229 526 et
244 497 330 536 ignem
351 495 494 524 effecerunt
514 493 592 532 quasi
606 492 731 534 spiritum
745 492 814 522 roris
831 491 945 522 sibilan-

204 543 268 565 tem.
284 534 424 565 Je'unium
437 533 580 573 amplexus
599 534 727 569 Joannes,
741 531 828 571 major
841 532 868 560 in
882 542 946 572 pro·-

204 575 292 615 phctis
308 546 460 603 declaratus
473 579 523 610 est,
539 580 565 602 et
578 573 727 602 Dominum
741 571 832 612 gloriae
845 571 873 601 in
887 572 947 602 Jor-

203 615 271 644 dane
280 614 313 643 ba
335 613 415 643 tizarc
427 612 536 642 meruit.
547 611 655 651 Ecquid
666 611 811 653 prophetas
826 611 946 652 etjustos

200 655 230 684 in
261 665 288 683 m
325 654 381 682 ium
406 652 513 692 profero
527 654 541 681 1²
566 651 706 692 Jejunium
738 651 863 681 Christus
889 651 899 679 i

203 694 355 733 amplexus,
370 693 473 722 hostem
486 691 594 733 dejecit,
605 697 631 720 et
643 701 693 720 nos
705 691 763 731 ejus
783 660 947 736 ιῑοιιῑοιιιριίἒἶ

203 741 273 763 tores
300 743 357 762 csse
389 731 515 770 dignatus
543 738 592 760 est.
618 732 791 771 Quapropter
811 730 947 770 jejumum

204 772 393 813 suscipiamus,
407 771 515 801 -donum
536 770 700 811 pretiosum,
723 776 846 800 sanetum
863 771 946 799 cime—

203 813 283 850 lium,
297 810 416 841 veritatis
437 810 623 847 simulacrum,
638 809 743 850 pietatis
756 815 848 850 caput,
863 809 948 854 spiri-

204 852 284 881 tualis
302 851 431 881 doctrinae
455 849 627 886 advocatum,
651 849 734 879 animi
756 848 948 894 aegritudinum

932 191 1065 216 spuma·

1001 253 1115 283 ἔπαθον·
1130 252 1258 292 γνώρισον
1273 252 1318 281 καὶ
1336 251 1396 286 τοὺς
1429 251 1574 286 υλάξαντας
1594 253 1694 290 αὐτὴν,
1713 253 1770 288 οἵας

1001 294 1082 332 τιμῆς
1093 292 1138 322 καὶ
1146 292 1255 332 χάριτος
1265 291 1383 331 ἐγένοντο
1394 292 1411 321 ἄ
1428 304 1470 322 ιοι.
1482 292 1616 328 Νηστείαν
1626 293 1771 333 καρπωσά-

1002 344 1078 371 μενος
1100 334 1216 368 Μωῦσῆς
1237 331 1317 371 νόμον
1338 331 1461 367 ἐδέξατο,
1480 332 1526 361 καὶ
1549 332 1706 372 δημαγωγὸς
1723 335 1770 363 τοῦ

999 411 1127 448 ιμΗλιοὺ,
1143 412 1176 440 δι’
1191 411 1309 461 ἅρματος
1327 410 1436 451 πυρίνου
1458 412 1495 445 εἰς
1516 413 1594 451 οὔραν
1610 423 1624 442 ν
1675 372 1772 453 &Kaloi

1000 452 1034 481 δι’
1049 448 1079 481 οὗ
1093 451 1138 481 καὶ
1151 454 1169 487 ἡ
1182 462 1312 490 παντιμος
1335 449 1447 489 μηλωτὴ
1463 450 1530 491 ὑπὲρ
1548 451 1689 491 βασιλικὴν
1705 464 1771 492 πορ-

999 491 1095 531 φυρίδα
1119 490 1265 530 τιμιωτέρα
1287 490 1373 519 ἅνεδεί
1394 492 1437 525 θη.
1463 490 1599 526 Νηστείαν
1624 492 1652 520 ἐν
1678 491 1771 521 λάκκω

999 531 1102 567 Δανιὴλ
1115 531 1294 581 κτησάμενος,
1307 529 1342 560 τὰ
1377 541 1440 569 γρια
1452 530 1532 570 θηρία
1545 530 1683 571 φιμώσας,
1696 521 1770 565 ἀλῶ·-

999 570 1080 607 6ητος
1099 573 1147 607 τῆς
1164 581 1263 600 τουτων
1283 571 1363 609 βορᾶς
1382 568 1482 609 γε’γσνε.
1501 570 1635 607 Νηστείαν
1657 572 1681 600 οἱ
1702 575 1772 611 τρεῖς

999 611 1091 644 παῖδες
1107 609 1333 650 ἀγκαλισάμενοι,
1353 610 1401 646 τὴν
1422 609 1534 649 κάμινον
1553 609 1602 646 τὴν
1616 610 1770 651 ἐξαφθεῑσαν

1000 650 1188 683 ἑπταπλασίως
1207 649 1387 686 κατέσὸησαν,
1402 649 1448 678 καὶ
1467 648 1499 678 τὸ
1520 653 1574 690 πῦρ
1591 649 1719 686 ἐποίησαν
1734 651 1771 684 ὣς

999 693 1105 729 πνεῦμα
1128 690 1220 730 δρόσου
1246 689 1404 728 διασυρίζον.
1428 689 1563 724 Νηστείαν
1585 689 1694 721 ἀσπασᾶ
1744 701 1772 724 ος

1000 729 1124 767 Ἰωάννης
1133 751 1141 765 ,
1155 729 1251 769 μείζων
1266 729 1292 758 ἐν
1306 741 1327 758 π
1378 728 1455 764 ήταις
1469 726 1647 769 ἀνηγορεύθη,
1662 742 1698 760 κα
1726 729 1770 759 τὸν

1001 769 1041 799 Κύ
1061 780 1098 799 ιον
1110 772 1159 805 τῆς
1169 769 1244 806 δόξης
1253 780 1322 804 κατη
1339 768 1403 805 ιώθη
1419 767 1547 808 βαπτίσαι
1554 770 1583 798 ἐν
1592 771 1632 810 τῷ
1641 769 1771 810 Ἰορδάνῃ,

1001 781 1059 839 Kai
1067 809 1094 838 τί
1107 808 1244 850 προφήτας
1260 808 1306 838 καὶ
1319 808 1434 842 δικαίους
1455 809 1492 842 εἷς
1506 808 1586 847 μέσον
1599 809 1771 850 παρεισάγω;

1001 849 1136 885 Νηστείαν
1156 849 1201 879 καὶ
1216 850 1230 877 ὁ
1249 848 1363 888 Χριστὸς
1385 849 1589 887 ἀσπασάμενος,
1611 849 1656 879 τὸν
1678 849 1771 890 ἐχθρὸν

204 892 328 929 exitium,
343 890 445 936 peccati
457 889 675 926 destructionem,
690 895 815 928 nequitiae
827 887 949 919 adversa·
965 896 985 919 n
1000 889 1132 918 κατέὸαλε
1141 910 1149 925 ,
1169 888 1214 918 καὶ
1233 890 1305 927 ἡμᾶς
1315 887 1449 928 θεωρητὰς
1463 890 1543 918 αὐτοῦ
1556 888 1677 928 γενέσθαι
1687 900 1772 924 κατη-

204 932 287 969 rium,
310 929 460 970 virginitati
478 929 562 969 gloria
581 928 692 968 aequale,
707 927 861 967 daemonum
874 927 950 956 exci-

203 971 292 1008 dium,
305 969 408 1000 diaboli
418 969 636 1009 increpationem,
645 967 782 998 idolorum
789 967 950 996 destructio-

203 1021 275 1047 nem,
296 1009 481 1040 Ecclesiarum
493 1008 628 1045 decorem,
642 1009 839 1048 Imperatorum
852 1006 947 1045 robur,

205 1049 372 1080 sacerdotum
399 1055 594 1084 ornamentum,
616 1047 740 1078 virorum
765 1045 947 1087 prudentiam,

204 1090 351 1119 mulierum
363 1088 575 1128 temperantiam,
586 1087 728 1116 infantium
742 1086 947 1121 institutionem,

205 1139 343 1159 servorum
355 1127 550 1166 liberationem,
565 1137 719 1167 pauperum
727 1126 944 1156 consolationem.

205 1169 275 1205 Quis
297 1168 431 1214 jejunium
454 1167 596 1207 amplexus
622 1176 675 1195 non
699 1165 813 1206 gloriam
836 1165 950 1205 adeptus

206 1208 265 1236 est?
280 1218 340 1246 quis
364 1207 423 1246 ipso
444 1213 548 1236 servato
573 1215 627 1234 non
641 1216 754 1245 magnus
768 1205 873 1235 evasit?
888 1205 951 1244 quis

206 1247 265 1275 e'us
278 1247 382 1286 legibus
395 1245 518 1275 addictus
532 1255 584 1274 non
599 1245 693 1273 beatus
707 1244 796 1274 dictus
809 1244 875 1273 fuit?
888 1244 950 1283 quis

207 1257 280 1315 illud
301 1285 442 1325 amplexus
463 1284 621 1313 tentationes
641 1293 694 1312 non
714 1282 871 1323 superavit?
888 1284 950 1321 quis

206 1326 266 1365 ejus
277 1325 375 1354 auditis
389 1323 611 1364 promissionibus
622 1332 675 1352 non
684 1322 764 1353 modo
775 1322 848 1362 apud
858 1322 948 1351 homi-

152 1391 154 1394 .
207 1375 254 1394 nes
264 1365 421 1399 honoratus,
431 1363 476 1392 sed
489 1363 569 1392 etiam
577 1373 592 1391 a
603 1364 654 1392 Dei
664 1362 703 1391 ira
714 1361 950 1401 indignationeque

200 1411 315 1444 ‚ereptus
325 1410 364 1434 est
371 1403 385 1432 ἰ’
396 1404 491 1433 Nonne
502 1402 595 1432 Achab
605 1402 654 1431 illo
667 1408 788 1431 armatus
795 1412 810 1430 a
817 1400 949 1431 divinitus

208 1444 328 1473 immissa
338 1445 377 1473 ira
389 1449 499 1482 ereptus
510 1442 570 1471 est?
581 1441 643 1478 Ille,
656 1441 778 1481 inquam,
794 1440 840 1479 qui
852 1440 950 1470 avibus

208 1490 234 1513 et
242 1483 306 1513 feris
315 1483 343 1512 in
354 1493 442 1513 escam
457 1481 535 1511 datus
546 1487 594 1518 est,
604 1487 631 1510 et
639 1483 677 1510 In
692 1482 775 1520 cujus
795 1480 948 1520 sanguine,

208 1524 372 1552 meretrices
383 1523 572 1558 lavabuntur,
581 1530 631 1561 per
642 1519 772 1560 'ejunium
779 1526 844 1549 tunc
851 1530 866 1548 a
875 1529 950 1549 mor·

207 1563 242 1592 tis
256 1562 377 1602 periculo
389 1567 499 1601 ereptus
513 1567 563 1598 est,
578 1571 615 1599 qu
821 1559 827 1564 '

207 1603 267 1642 ipso
276 1602 408 1642 propheta
413 1599 531 1631 validius
541 1599 673 1642 apparuit.
680 1600 776 1629 Nonne
785 1598 838 1628 hoc
846 1605 951 1628 servato

207 1642 346 1679 Ninivitae,
361 1648 417 1670 tam
437 1639 558 1670 homines
580 1650 662 1679 quam
679 1639 812 1679 jumenta,
827 1648 844 1667 a
865 1637 951 1668 tridui

208 1681 413 1711 comminatione
422 1679 507 1720 erepti
520 1686 592 1716 sunt,
608 1690 639 1709 ac
652 1679 728 1715 Jonae
739 1678 878 1718 prophetae
890 1687 950 1707 ver-

207 1722 274 1750 bum
297 1731 377 1761 opere
396 1729 514 1750 vacuum
537 1718 641 1749 evasit?
660 1719 755 1748 Nonne
774 1717 826 1747 hoc
844 1724 951 1748 servato

207 1761 344 1801 prophetae
370 1760 424 1790 Dei
441 1758 630 1804 omnipotentis
642 1757 911 1797 contemplationibus
924 1763 950 1787 et

207 1800 359 1830 visionibus
372 1799 449 1839 digni
463 1798 550 1828 habiti
563 1798 647 1834 fuere,
662 1803 742 1836 atque
757 1797 860 1833 futura,
875 1796 951 1827 velut

208 1839 347 1879 praesentia
357 1862 365 1875 ‚
379 1837 561 1879 praeviderunt
588 1844 668 1876 atque
696 1835 833 1866 vaticinati
860 1843 922 1865 sunt
934 1836 949 1865 Ρ

57 1885 123 1907 Psal.
136 1883 197 1915 184.
208 1881 303 1909 Nonne
316 1878 443 1918 apostolis
461 1877 511 1906 illo
524 1876 643 1912 armatis,
657 1878 696 1905 In
714 1885 828 1905 omnem
843 1882 950 1905 terram

208 1920 299 1949 exivit
307 1928 395 1948 sonus
403 1927 513 1954 eorum,
523 1918 589 1945 etin
596 1916 672 1955 fines
682 1917 759 1944 orbis
766 1921 848 1945 terroe
855 1917 950 1944 verba

207 1968 307 1988 eorum
318 1961 331 1986 P
346 1959 441 1987 Nonne
456 1962 483 1985 et
502 1966 559 1985 mar
590 1965 632 1984 res
646 1955 695 1984 illo
713 1954 823 1992 muniti,
839 1954 948 1995 templa,

208 2008 276 2034 aras,
283 1997 406 2027 nidorem
417 1995 552 2026 idolorum
583 1995 727 2032 e'ecerunt‚
739 2000 765 2024 et
770 2001 948 2040 *tyrannorum
957 2014 993 2034 ω
1001 1997 1210 2037 παντοκράτορος
1221 1996 1329 2037 μέτοχοι
1340 1997 1478 2037 γεγόνασι,
1489 1997 1534 2027 καὶ
1545 1997 1580 2027 τὰ

1001 927 1087 962 ξίωσε.
1097 928 1146 958 Διὸ
1157 928 1257 963 ταύτην
1273 927 1461 967 ὑποδεξώμεθα
1470 950 1477 964 ,
1491 927 1522 957 τὸ
1532 927 1620 966 τίμιον
1634 929 1726 969 δῶρον,
1741 929 1773 958 τὸ

1000 967 1074 1007 ἅγιον
1087 968 1235 1007 κειμήλιον,
1249 967 1279 997 τὸ
1292 970 1340 1003 τῆς
1353 966 1476 1003 ἀληθείας
1488 966 1619 1006 ἴνδαλμα,
1635 970 1684 1003 ἧς
1696 969 1771 998 εὗσε-

1001 1007 1074 1041 ὅείας
1087 1007 1117 1037 τὸ
1131 1007 1282 1048 κεφάλαιον,
1294 1007 1339 1036 τὸν
1346 1009 1394 1043 τῆς
1407 1009 1588 1046 πνευματικῆς
1601 1008 1772 1041 διδασκαλίας

1001 1047 1156 1087 συνήγορον,
1174 1049 1228 1077 τῶν
1240 1048 1332 1076 παθῶν
1352 1046 1401 1083 τὴν
1420 1046 1557 1087 νέκρωσιν,
1577 1049 1626 1083 τῆς
1641 1047 1772 1087 ἁμαρτίας

1000 1086 1049 1123 τὴν
1064 1087 1205 1127 ἀναίρεσιν,
1219 1088 1267 1122 τῆς
1280 1086 1374 1120 κακίας
1387 1086 1432 1116 τὸν
1446 1086 1599 1122 ἀντίπαλον,
1613 1089 1662 1122 τῆς
1673 1089 1772 1128 παρθε-

1000 1126 1058 1160 νίας
1077 1127 1127 1163 τὴν
1147 1126 1280 1166 ὁμόδοξον,
1297 1128 1350 1156 τῶν
1371 1125 1502 1165 δαιμόνων
1521 1126 1571 1162 τὴν
1589 1126 1773 1168 ἀφανίστριαν,

1001 1169 1047 1196 τοῦ
1063 1166 1186 1196 διαὸόλου
1201 1165 1249 1202 τὴν
1263 1165 1435 1205 ἀποτίμησιν,
1456 1167 1510 1195 τῶν
1529 1165 1646 1196 εἷδιῖιλων
1658 1166 1708 1203 τὴν
1720 1179 1771 1196 κα-

1002 1205 1127 1246 θαίρεσιν,
1141 1208 1194 1235 τῶν
1205 1206 1374 1241 Ἐκκλησιῶν
1387 1205 1437 1242 τὴν
1450 1205 1618 1246 εὐπρέπειαν,
1626 1207 1679 1235 τῶν
1692 1207 1772 1246 βασι-

1001 1245 1069 1275 λέων
1087 1246 1118 1275 τὸ
1131 1245 1242 1286 κράτος,
1258 1248 1311 1275 τῶν
1324 1245 1415 1284 ἱερέων
1430 1245 1462 1274 τὸ
1481 1246 1707 1285 ἐγκαλλώπισμα,
1719 1248 1773 1276 τῶν

979 1291 981 1295 ’
1002 1286 1103 1325 ἀνδρῶν
1115 1284 1164 1321 τὴν
1175 1285 1312 1324 φρόνησιν,
1323 1286 1375 1314 τῶν
1386 1287 1519 1324 γυναικῶν
1527 1285 1576 1322 τὴν
1591 1285 1772 1360 expedio-qv,

1590 1337 1603 1353 ν

1002 1326 1055 1353 τῶν
1067 1324 1168 1360 νηπίων
1183 1323 1232 1360 τὴν
1243 1324 1489 1364 παιδαγωγίαν,τῶν
1504 1325 1589 1354 δούλω
1647 1337 1661 1354 ν
1674 1326 1772 1365 ’ἀνάῤ-

1002 1365 1092 1403 ῥυσιν,
1113 1365 1164 1393 τῶν
1179 1365 1294 1403 πτωχῶν
1320 1363 1368 1399 τὴν
1387 1363 1568 1403 παραμυθίαν.
1584 1364 1634 1398 Τίς
1649 1364 1771 1399 νηστείαν

1004 1403 1191 1441 ἀσπασάμενος
1210 1404 1257 1432 οὒκ
1278 1402 1468 1439 ἐδοξάσθη;τίς
1483 1402 1583 1439 ταύτην
1596 1403 1710 1444 φυλάξας
1724 1405 1773 1434 οὐκ

1001 1443 1166 1482 ἐμεγαλύνθη
1174 1454 1183 1479 ;
1194 1442 1234 1475 τίς
1250 1442 1311 1475 τοὺς
1325 1441 1437 1481 θεσμοὺς
1450 1444 1532 1478 αὔτ’ῆς
1545 1443 1712 1483 συντηρήσας
1724 1447 1772 1474 οὐκ

1002 1481 1183 1522 ἕμακαρίσθη;
1211 1481 1251 1515 τίς
1276 1482 1441 1521 κτησάμενος
1464 1482 1563 1519 ταύτην
1589 1484 1639 1513 οὐκ
1666 1483 1772 1520 ἐνίκησε

1000 1521 1177 1561 πειρασμούς;
1187 1521 1227 1555 τίς
1236 1521 1350 1555 ἀκούσας
1360 1521 1459 1557 ταύτης
1469 1521 1517 1556 τὰς
1527 1523 1685 1563 ὑποσχέσεις
1693 1545 1701 1559 ,
1711 1524 1771 1564 οὗχὶ

665 1570 728 1589 sane
742 1559 876 1599 jejumum
891 1566 948 1588 tum
966 1573 986 1597 E
1002 1561 1076 1601 παρὰ
1095 1561 1240 1601 ἀνθρώποις
1260 1561 1374 1601 ἐτιμήθη
1397 1561 1485 1600 μόνον,
1505 1561 1574 1591 ἀλλὰ
1594 1562 1639 1592 καὶ
1657 1564 1705 1598 τῆς
1724 1567 1771 1593 τοῦ

1001 1602 1072 1630 Θεοῦ
1079 1603 1158 1641 ὀργῆς
1166 1601 1211 1630 καὶ
1219 1601 1423 1640 ἀγανακτήσεως
1429 1601 1474 1637 ἑξη
1478 1601 1566 1643 ρπάγη
1574 1613 1582 1638 ;
1591 1601 1662 1642 Οὗχὶ
1670 1602 1772 1642 Ἀχσὰὸ

1000 1640 1100 1676 ταύτην
1114 1641 1291 1680 ὁπλισάμενος
1313 1640 1440 1677 θεηλάτου
1455 1643 1470 1671 ὃ
1504 1643 1536 1675 ’ς
1549 1641 1679 1682 ἓῤῥύσθης
1696 1642 1742 1672 καὶ
1757 1645 1772 1673 ὁ

1000 1684 1056 1722 'ro-{q
1068 1680 1166 1720 ὀρνέοις
1188 1682 1224 1714 εἷς
1242 1682 1341 1720 βρῶσιν
1360 1681 1442 1715 δοθεὶς
1461 1653 1574 1715 >tw-mic
1593 1681 1706 1722 θηρίοις,
1726 1682 1772 1712 καὶ

1001 1721 1042 1749 Οὖ
1059 1721 1086 1749 ἐν
1104 1722 1142 1760 τῷ
1162 1719 1271 1759 αἵματι,
1290 1720 1380 1760 φησὶν,
1400 1722 1427 1750 αἱ
1444 1721 1540 1761 πόρναι
1559 1721 1718 1757 λούσσνται,
1736 1722 1770 1751 δι’

1002 1760 1083 1796 αὐτῆς
1104 1759 1246 1799 ἀπηλλάγη
1260 1763 1307 1789 τοῦ
1321 1762 1460 1790 omnmo&
1478 1761 1616 1798 κινδύνους
1637 1761 1683 1790 καὶ
1705 1761 1772 1802 ὑπὲρ

1001 1799 1140 1840 προφήτην
1160 1799 1326 1840 δυνατωτέρα
1339 1799 1445 1840 ἐδείχθη
1455 1801 1546 1840 ;οῦχὶ
1559 1800 1659 1837 ταύτην
1677 1801 1701 1830 οῖ
1719 1802 1772 1832 Νι-

1001 1843 1102 1868 νευῑται
1121 1838 1297 1880 φυλάξαντες,
1320 1839 1453 1879 ἄνθρωποι
1476 1839 1522 1869 καὶ
1545 1840 1580 1869 τὰ
1598 1840 1700 1876 κτήνη,
1723 1843 1771 1876 τῆς

1000 1878 1270 1958 ’τιίἶῖἕῖἳᾜξπῗέῗῖ
1289 1879 1559 1948 ἄζῗὲπῗῖῗτῖᾛαῖ
1573 1882 1622 1948 ἷὲῗ
1635 1879 1771 1959 πῗοφῆζξῗ

1001 1969 1093 1991 σαντες
1117 1960 1142 1988 οἱ
1161 1930 1314 1998 Ιέιιροφῆιτειίἵ,
1335 1930 1449 1998 θεέιριῶν
1459 1941 1516 1987 ’καὶ
1529 1931 1673 2037 &mg-{34}
1685 1931 1771 1990 τἒεοῧ

1659 2009 1722 2027 οντα
1736 2000 1772 2032 ὡς

207 2037 324 2066 furorem
339 2036 418 2066 nihili
431 2035 571 2065 fecerunt?
612 2044 680 2063 onne
693 2041 846 2079 saum-ejus
859 2043 950 2064 amore
967 2042 986 2065 Δ
1002 2038 1133 2066 ἐνεστῶτα
1147 2036 1350 2077 προεθεώρησαν
1367 2037 1412 2066 καὶ
1429 2035 1570 2066 ἐθέσπισαν
1578 2050 1587 2074 3
1601 2038 1673 2078 Οὐχὶ
1687 2037 1733 2067 καὶ
1746 2040 1771 2068 οἱ

170 2109 172 2111 ,
206 2075 294 2114 dueti,
309 2075 442 2105 mundum
456 2081 482 2104 et
495 2074 631 2104 mundana
641 2073 732 2103 omnia
741 2074 916 2113 reliquerunt,
923 2080 950 2103 et

208 2116 236 2145 in
246 2115 370 2151 desertis,
382 2114 530 2150 montibus,
543 2113 682 2153 speluncis
699 2119 725 2142 et
739 2113 860 2144 cavernis
872 2120 950 2142 terrae

207 2154 355 2185 secundum
361 2154 513 2195 apostolum
518 2153 634 2184 Paulum
641 2152 799 2189 habitantes,
808 2151 949 2182 diabolum

207 2201 233 2224 et
244 2196 302 2236 ejus
313 2194 445 2224 exercitus
456 2203 546 2223 eoram
555 2193 657 2233 positos
666 2192 864 2232 profligarunt?
873 2193 950 2222 Hane

205 2241 233 2264 et
245 2245 292 2265 nos
305 2244 441 2267 servemus
448 2233 599 2263 animarum
608 2231 841 2272 tranquillitatem,
853 2242 949 2272 eorpo-

205 2285 267 2304 rum
290 2273 450 2304 medicinam
458 2296 467 2310 ,
482 2272 674 2313 cogitationum
709 2282 782 2301 aeem
789 2294 800 2308 ,
819 2271 948 2312 concupi—

205 2314 367 2344 scentiarum
377 2313 591 2349 exstinctionem,
603 2322 663 2351 quae
683 2322 699 2341 a
735 2311 830 2341 alienis
843 2310 949 2342 divitiis

204 2353 340 2394 rapiendis
351 2353 458 2389 avertit,
473 2362 533 2391 quae
544 2351 679 2392 orphanos
693 2350 755 2380 laedi
767 2361 821 2380 nou
833 2351 947 2391 patitur,

203 2403 263 2432 quae
275 2393 369 2423 viduis
381 2393 485 2422 luctum
496 2391 531 2421 ob
544 2391 643 2421 damna
655 2401 709 2421 non
724 2390 811 2429 affert,
826 2401 888 2430 quae
899 2400 951 2421 nos

203 2437 377 2467 saecularibus
386 2436 459 2466 curis
469 2435 593 2466 distineri
603 2445 658 2466 non
670 2434 743 2472 sinit,
750 2445 811 2474 quae
822 2434 945 2465 mortali-

1001 2077 1143 2106 ἀπόστολοι
1169 2076 1268 2113 ταύτην
1295 2076 1482 2116 ὁπλισάμενοι,
1509 2077 1654 2117 Πανταχοῦ
1680 2077 1770 2118 κύκλῳ

1000 2117 1048 2151 τ’ἠς
1060 2118 1110 2156 γῆς
1123 2115 1261 2156 διέδραμεν
1274 2117 1289 2145 ὁ
1305 2116 1416 2156 φθόγγος
1431 2117 1527 2152 αὒτῶν,
1541 2116 1586 2146 καὶ
1609 2119 1646 2150 εἰς
1663 2117 1698 2147 τὰ
1717 2117 1770 2146 πέ-

1001 2167 1068 2196 ρατα
1081 2158 1128 2192 τῆς
1141 2155 1296 2195 οἰκουμένης
1307 2155 1342 2185 τὰ
1357 2155 1464 2196 ῥήματα
1477 2157 1581 2192 αὖτῶη
1601 2157 1641 2186 Οὔ
1661 2156 1672 2186 *t
1686 2156 1732 2187 καὶ
1746 2158 1771 2187 οῖ
1825 2158 1835 2161 ”

1001 2195 1178 2268 ¹13²ssssssssss
1179 2195 1244 2265 ⁶233
1257 2194 1771 2275 ἷῖῗιελίνᾶσῖἷῗέὲᾉέἷοῖἱῗῖὸνβῗυᾞς

999 2277 1053 2304 τῶν
1072 2275 1205 2315 τυράννων
1225 2277 1261 2308 εἷς
1283 2275 1356 2304 οὐδὲν
1376 2258 1549 2315 ἐλογίσαντοξ
1563 2276 1635 2317 Οὐχὶ
1657 2277 1682 2306 οἱ
1702 2248 1771 2305 ὅσιοί

999 2314 1098 2351 ταύτην
1124 2314 1303 2352 ποθήσαντες,
1321 2315 1366 2344 τὸν
1386 2315 1486 2355 κόσμον
1504 2315 1549 2344 καὶ
1570 2315 1605 2345 τὰ
1627 2316 1655 2345 ἐν
1676 2314 1769 2383 zoe-21⁴5

999 2355 1142 2384 κατέλιπον
1162 2354 1285 2391 ἅπαντα,
1307 2354 1352 2384 καὶ
1368 2356 1400 2392 ιιέν
1421 2355 1543 2395 ἐρημίαις
1564 2355 1611 2384 καὶ
1630 2354 1704 2394 ὄρεσι
1723 2366 1758 2384 κα

999 2394 1138 2431 σπηλαίοις
1151 2394 1196 2423 καὶ
1205 2398 1264 2428 ταῖς
1276 2395 1353 2428 ὀπαῖς
1364 2396 1412 2431 τῆς
1422 2397 1472 2434 γῆς
1483 2393 1552 2424 κατὰ
1565 2394 1610 2424 τὸν
1622 2393 1769 2424 ἀπόστολον

997 2434 1106 2464 Παῦλον
1135 2433 1305 2470 οἰκήσαντες,
1336 2433 1549 2474 enormi-'pom
1574 2433 1618 2464 τὸν
1647 2433 1768 2463 διάὸολον

234 2539 248 2558 ¹²
265 2538 359 2571 [Savil.
379 2542 550 2572 κολπωσάμινος
560 2546 612 2566 uo»-
624 2544 651 2565 et
667 2525 839 2572 κολπωσάμενος
853 2536 962 2571 13³.]Sic
1010 2538 1130 2570 occurrit,
1140 2543 1166 2563 et
1174 2536 1207 2563 ab
1218 2537 1355 2563 Athanasio
1366 2537 1548 2572 frequentatur.

201 2586 287 2603 omnes
297 2588 303 2601 .-
313 2577 367 2604 haec
376 2586 436 2605 vero
447 2577 523 2603 lectio
533 2586 563 2603 ex
571 2576 678 2604 Hebraeo
689 2576 799 2604 deducta
811 2576 871 2605 alibi
882 2577 960 2603 etiam

1042 2585 1054 2598 t
1069 2577 1147 2608 Savil.
1161 2580 1241 2610 δέησιν,
1254 2577 1317 2603 nlius
1328 2582 1409 2605 ἄνεσιν.
