1890 2826
93 1043 158 1063 lhmae.
179 1043 213 1064 28⁴

94 1106 160 1125 Dent.
178 1112 215 1133 29.

92 1167 159 1188 ΙΙοὰι·Ι
181 1173 215 1189 12.

91 1229 159 1249 [lent.
177 1235 214 1257 29.

92 1291 159 1312 [lent.
176 1291 214 1313 30.

93 1328 169 1342 11.12.

91 1515 157 1535 Dent.
179 1515 218 1536 30.

88 1979 155 1999 Dent.
173 1978 209 1999 32.

255 134 325 182 596

218 228 220 231 .
252 207 338 244 deque
358 217 410 235 non
428 205 584 246 accipiendo
603 206 714 236 foenore.
731 207 792 236 Non
813 205 993 235 cunctandum

603 144 632 167 S·
653 144 788 168 JOANMS
811 144 993 168 CHRYSOST.
1022 145 1178 183 Auenti-:lu
1205 144 1468 169 CONSTANTINOP-

1052 206 1120 242 σίαν,
1135 207 1180 236 καὶ
1194 207 1255 247 περὶ
1275 207 1371 247 ἑτέρων
1395 210 1543 247 νομοθετεῖ,
1564 207 1609 237 καὶ
1632 208 1693 248 περὶ
1711 210 1756 237 τοῦ
1780 207 1817 247 μὴ

251 265 307 283 csse
318 253 352 283 ad
363 253 499 283 reddenda
513 260 583 289 vota;
597 252 644 283 sed
658 252 729 292 quod
741 254 801 292 quis
814 253 929 290 voverit,
942 260 993 282 sta·
1012 257 1032 281 E
1050 252 1141 282 λαὸεῖν
1164 253 1249 283 τόκον.
1274 254 1342 294 Περὶ
1361 256 1407 283 τοῦ
1428 253 1465 293 μὴ
1488 252 1616 294 χρονίζειν
1637 255 1664 283 ἐν
1684 257 1742 287 ταῖς
1765 256 1818 283 τῶν

251 302 299 330 tim
322 301 417 331 solvat.
433 302 473 330 De
487 300 598 329 muliere
616 310 676 339 quae
697 299 798 340 accepit
809 300 935 329 libellum
950 311 991 329 re-

251 347 340 387 pudii,
360 346 394 376 de
407 346 578 386 pignoribus,
590 345 625 375 de
637 346 719 382 furto,
733 346 767 375 de
781 345 902 375 mercede
920 356 992 374 mer-

250 393 360 429 cenarii,
384 392 418 421 de
440 392 558 432 pupi110,
582 391 616 421 de
641 391 734 429 vidua,
756 391 791 422 de
811 391 994 430 relinquendis

250 439 332 478 spicis
344 445 369 468 et
380 438 440 468 uvis
451 449 501 478 pro
513 437 687 478 pauperibus.
701 437 753 468 Hic
763 438 844 478 jacet,
855 437 930 476 quod
940 444 993 466 non

249 484 344 513 debeat
355 494 403 524 pro
418 483 557 522 iniquitate
564 483 654 522 aliqua
664 483 806 524 plusquam
817 483 993 523 quadraginta

1050 299 1134 338 εὐχῶν
1147 299 1301 329 ἀποδόσεσι·
1324 300 1382 329 ἀλλ’
1399 299 1463 340 ὅπερ
1475 299 1506 328 ἄν
1519 311 1559 333 τις
1579 299 1686 335 εὔξηται
1695 323 1703 336 ,
1725 299 1819 333 εὐθέως

1048 346 1194 375 ἀποτελεῖν.
1214 345 1282 385 Περὶ
1302 347 1349 381 τῆς
1373 346 1494 385 γυναικὸς
1506 347 1554 381 τῆς
1566 345 1753 384 λαμὸανούσης
1775 348 1818 385 βι-

1048 390 1120 420 ὅλίον
1135 393 1311 430 ἀποστασίου,
1326 392 1386 432 περὶ
1400 392 1540 432 ἐνεχύρων,
1553 392 1615 432 περὶ
1629 393 1741 429 κλοπῆς,
1755 392 1818 432 περὶ

1047 439 1141 474 μισθοῦ
1160 441 1309 477 μισθωτοῦ,
1330 438 1391 479 περὶ
1407 440 1536 479 ὀρφανοῦ,
1554 438 1615 479 περὶ
1638 438 1741 478 χήρας,
1755 438 1817 478 περὶ

1047 485 1092 511 τοῦ
1105 485 1316 523 καταλιμπάνειν
1328 486 1515 524 σταχυολογεῖν
1538 484 1584 514 καὶ
1598 485 1749 524 ραγολογεῖν
1763 487 1817 516 τοῖς

249 531 342 570 plagas
359 531 420 569 quis
433 530 569 570 accipere:
583 530 623 559 De
636 540 688 560 non
705 530 841 570 alligando
856 540 901 559 ore
914 529 993 559 bovis
1003 551 1039 570 33⁸
1047 529 1166 566 πένησιν.
1193 532 1325 560 Ἐνταῦθα
1348 535 1435 560 κεῖται
1454 531 1516 570 περὶ
1533 533 1579 559 τοῦ
1599 530 1636 569 μὴ
1659 531 1714 559 δεῖν
1737 528 1817 559 πλέον

248 577 407 613 triturantis,
424 576 459 606 de
467 575 620 605 suscitando
633 576 733 606 semine
745 576 821 606 fratri
834 576 882 615 qui
894 575 989 605 defun·
1012 580 1031 602 A
1046 576 1244 616 τεσσαράκοντα
1255 577 1400 616 λαμὸάνειν
1411 577 1456 606 τὸν
1470 576 1661 616 ἐγκαλούμενον
1682 575 1744 616 περὶ
1758 576 1817 605 ἀδι-

249 631 315 659 ctus,
330 624 363 652 ab
377 634 408 652 eo
421 623 469 662 qui
480 629 615 663 superstes
627 629 683 652 est:
696 630 721 652 et
735 622 803 662 quid
815 632 944 663 passurus
959 622 994 652 sit

247 671 293 708 qui
303 670 418 699 noluerit
424 669 563 699 suscitare.
572 669 613 698 De
619 668 798 708 ponderibus,
806 668 841 698 de
848 669 990 699 mensuris.

248 718 286 745 De
297 715 498 745 exterminando
507 716 640 746 Amaleco.
655 717 696 746 De
705 715 844 756 primitiis,
857 715 892 745 de
901 716 993 746 huma-

246 762 326 791 nitate
339 772 401 802 erga
416 761 512 791 viduas
528 769 553 791 et
569 762 700 802 pupillos.
716 763 787 792 Hinc
797 761 908 790 demum
923 761 991 791 inci-

245 809 323 847 piunt
343 808 543 838 maledictiones
556 815 583 838 et
595 808 806 846 benedictiones3
822 807 877 836 illae
895 808 990 837 inobe-

225 848 228 851 ¹
243 855 391 891 dienfibus,
407 856 447 884 hae
461 855 717 895 obtemperantibus.
735 856 912 894 Longumque
923 855 990 884 texit

243 912 391 932 sermonem
410 901 444 930 de
463 901 542 930 malis
560 901 634 941 ipsos
646 901 792 931 invasuris.
807 901 866 930 Hoc
881 901 991 940 contigit

242 948 293 977 sub
303 949 422 989 Assyriis
432 955 458 978 et
469 948 639 988 Babyloniis.
654 947 730 977 Illud
741 953 841 983 autem,
853 947 927 985 quod
938 948 990 977 filii

242 1005 347 1034 quoque
361 995 415 1024 sint
431 994 599 1031 comedendi,
618 994 646 1023 in
663 993 850 1023 obsidionibus
866 993 987 1033 contigit.

242 1042 282 1069 De
295 1042 353 1080 ipso
362 1051 469 1079 quoque
479 1040 588 1070 Christo
596 1040 642 1069 hic
652 1039 784 1069 meminit.
798 1040 875 1075 Erit,
889 1039 987 1078 inquit,

244 1089 307 1115 vita
325 1093 376 1116 tua
392 1087 522 1125 pendens
541 1093 610 1116 ante
632 1086 732 1116 oculos
753 1092 828 1115 tuos.
853 1085 904 1115 Hic
919 1086 991 1126 jacet
1009 1085 1026 1108 Β

244 1130 313 1159 illud
324 1143 331 1158 .-
343 1131 389 1160 Ne
401 1141 460 1170 qua
473 1131 560 1160 radix
571 1131 791 1165 amaritudinis,
804 1129 877 1168 quod
890 1130 990 1159 Paulus

243 1184 433 1207 commemorat
447 1179 473 1205 in
488 1177 610 1217 Epistola
623 1177 658 1206 ad
672 1177 809 1206 Hebraeos.
825 1176 877 1206 Hic
891 1176 989 1216 legitur

242 1224 313 1253 illud
329 1237 334 1253 z
352 1225 475 1254 Occulta
497 1225 621 1253 Domino
643 1224 718 1260 Deo,
736 1223 895 1263 manifesta
915 1234 988 1252 vero

242 1270 324 1299 vobis
338 1277 366 1300 et
367 1271 444 1311 filiis
455 1272 572 1306 vestris,
587 1270 664 1308 Quia
678 1270 850 1298 mandatum
863 1270 935 1307 ejus,
949 1269 989 1298 in-

242 1318 311 1356 quit,
328 1328 387 1346 non
403 1319 457 1346 erit
468 1317 602 1346 sublime.
621 1317 690 1345 Non
707 1318 739 1345 ιἠ,
751 1315 833 1351 caelo,
848 1322 881 1344 ut
893 1317 986 1353 dicas,

90 1377 154 1399 Itum.
169 1377 230 1400 ωδ,
245 1367 315 1404 Quis
325 1366 461 1395 ascendet
469 1366 499 1393 in
508 1365 631 1394 caelum?
644 1374 737 1404 neque
748 1363 826 1392 ultra
836 1374 926 1399 mare,
937 1364 989 1392 sed

239 1422 328 1451 prope
346 1418 373 1440 te
388 1412 510 1440 verbum
525 1417 579 1448 est,
593 1411 625 1438 in
642 1419 691 1438 ore
709 1416 769 1439 tuo.
786 1409 849 1438 Haec
862 1408 896 1438 de
907 1409 988 1448 legali

242 1458 364 1487 mandato
372 1457 454 1494 dicta,
464 1456 499 1486 ad
506 1456 587 1486 fidem
594 1456 622 1485 in
634 1455 777 1485 Christum
785 1455 866 1485 traxit
873 1456 983 1485 Paulus.

246 1506 340 1534 Testes
350 1514 424 1534 voco
437 1505 533 1540 vobis,
549 1502 650 1542 inquit.
664 1503 767 1533 caelum
779 1509 807 1531 et
825 1509 942 1539 terram,
956 1510 989 1532 ut

240 1552 369 1590 diligatis
381 1551 486 1579 Deum⁴
501 1550 527 1578 T
529 1559 580 1578 unc
590 1555 668 1578 vocat
679 1549 772 1578 Jesum
787 1548 878 1576 filium
900 1549 986 1585 Nave,

239 1604 264 1626 et
281 1597 359 1636 jubet
375 1596 473 1625 ducere
490 1595 635 1635 populum,
651 1604 699 1623 nec
719 1594 808 1623 hostes
829 1594 985 1631 formidare,

1046 623 1105 656 κίας
1119 622 1197 655 τινός.
1213 622 1268 652 Καὶ
1281 622 1342 662 περὶ
1355 625 1400 652 τοῦ
1416 622 1454 661 μὴ
1477 625 1572 663 φιμοῦν
1597 625 1658 662 βοῦν
1680 623 1816 658 ἀλοῶντα,

1045 669 1090 698 καὶ
1112 668 1172 708 περὶ
1193 671 1238 697 τοῦ
1253 669 1361 708 ἐγείρειν
1376 668 1483 708 σπέρμα
1506 669 1544 708 τῷ
1566 670 1689 698 τεθνεῶτι
1710 668 1816 707 ἀδελφῷ

1044 714 1089 745 τὸν
1109 715 1326 754 ὑπολειπόμενον,
1346 714 1391 744 καὶ
1411 714 1438 744 τί
1457 714 1578 744 πείσεται
1590 716 1613 744 εἴ
1634 714 1671 753 μὴ
1697 713 1817 754 βούλοιτο

1045 763 1155 803 ἐγεῖραι.
1170 762 1239 802 Περὶ
1254 763 1388 801 σταθμῶν,
1407 761 1469 801 περὶ
1489 761 1603 801 μέτρων.
1616 760 1684 801 Περὶ
1697 763 1743 790 τοῦ
1757 759 1816 794 ἐξο-

1045 809 1184 848 λοθρεῦσαι
1200 808 1244 837 τὸν
1260 807 1389 847 Ἀμαλήκ.
1411 806 1481 847 Περὶ
1497 809 1635 847 ἀπαρχῶν,
1649 806 1711 847 περὶ
1724 807 1815 846 φιλαν-

1044 854 1160 894 θρωπίας
1172 857 1220 891 τῆς
1229 856 1265 888 εἷς
1278 854 1362 894 χήρας
1372 853 1418 883 καὶ
1430 853 1564 894 ὀρφανούς.
1577 853 1713 883 Ἐντεῦθεν
1723 852 1815 882 λοιπὸν

1043 901 1071 929 αἱ
1085 901 1199 941 κατάραι
1213 900 1258 930 καὶ
1270 900 1401 938 εὐλογίαι,
1418 902 1445 929 αἱ
1458 899 1505 938 μὲν
1525 897 1729 940 παρακούουσιν,
1744 900 1772 928 αἱ
1787 898 1815 928 δὲ

1043 945 1217 985 πειθομένοις.
1234 946 1289 976 Καὶ
1311 946 1412 986 μακρὸν
1434 946 1566 975 ἀποτείνει
1588 945 1665 984 λόγον
1678 945 1740 985 περὶ
1761 947 1814 975 τῶν

1045 991 1194 1029 μελλόντων
1209 992 1301 1025 αὐτοὺς
1316 992 1483 1032 διαδέχεσθαι
1502 993 1601 1021 κακῶν.
1616 992 1703 1021 Τοῦτο
1716 991 1813 1027 συνέὸη

1044 1037 1088 1067 ἐπὶ
1109 1038 1250 1078 Ἀσσυρίων
1273 1038 1317 1068 καὶ
1339 1038 1525 1068 Βαδυλωνίων.
1549 1038 1589 1068 Τὸ
1613 1038 1640 1068 δὲ
1661 1037 1720 1072 τοὺς
1744 1037 1814 1071 υἱοὺς

1044 1088 1145 1124 φαγεῖν,
1160 1085 1187 1113 ἐν
1200 1084 1363 1124 πολιορκίαις
1389 1084 1475 1120 ἔξέὸη.
1501 1083 1555 1114 Καὶ
1577 1085 1656 1114 αὐτοῦ
1680 1083 1814 1123 μέμνηται

1043 1132 1155 1160 ἐνταῦθα
1167 1131 1228 1171 περὶ
1242 1133 1287 1160 τοῦ
1301 1131 1427 1171 Χριστοῦ.
1441 1130 1555 1166 Ἔσται,
1570 1130 1659 1171 φησὶν,
1672 1132 1690 1166 ἡ
1701 1130 1755 1166 ζωή
1766 1142 1813 1160 σου

1043 1176 1197 1215 κρεμαμένη
1222 1177 1274 1216 πρὸ
1296 1178 1438 1217 ὀφθαλμῶν
1464 1188 1521 1206 σου.
1551 1177 1683 1206 Ἐνταῦθα
1709 1180 1812 1213 κεῖται,

1042 1221 1131 1257 Μήτις
1147 1222 1205 1262 ῥίζα
1227 1222 1349 1262 πικρίας,
1366 1219 1396 1252 οῧ
1410 1222 1455 1252 καὶ
1468 1224 1482 1252 ὁ
1493 1222 1600 1255 Παῦλος
1619 1222 1811 1262 ἐμνημόνευσεν

1042 1268 1069 1296 ἐν
1084 1270 1116 1307 τῇ
1137 1267 1202 1308 πρὸς
1216 1268 1368 1308 Ἕὸραίους.
1382 1269 1515 1298 Ἐνταῦθα
1526 1272 1612 1298 κεῖται
1621 1289 1630 1303 ,
1643 1267 1688 1298 Τὰ
1706 1268 1812 1308 κρυπτὰ

1042 1313 1132 1353 Κυρίῳ
1148 1316 1186 1353 τῷ
1204 1315 1281 1354 Θεῷ,
1299 1314 1333 1343 τὰ
1348 1314 1376 1344 δὲ
1390 1314 1488 1354 φανερὰ
1507 1316 1569 1352 ὑμῖν
1583 1314 1629 1343 καὶ
1642 1318 1696 1347 τοῖς
1713 1313 1813 1348 τέκνοις

1041 1360 1124 1398 ὑμῶν,
1136 1359 1202 1389 “On
1213 1362 1230 1395 ἠ
1245 1359 1337 1395 ἐντολὴ
1356 1361 1449 1397 αὐτοῦ,
1464 1360 1553 1400 φησὶν,
1564 1361 1628 1389 ὀὐκ
1642 1360 1716 1390 ἔσται
1728 1359 1811 1400 ὑπέρ-

1040 1417 1124 1444 ογκος.
1137 1407 1196 1435 Οὐκ
1209 1407 1236 1434 ἐν
1250 1407 1289 1445 τῷ
1303 1406 1405 1446 οὐρανῷ
1413 1428 1421 1442 ,
1436 1405 1478 1435 ἵνα
1494 1406 1569 1443 εἴπῃς
1578 1428 1585 1441 ,
1596 1405 1636 1439 τίς
1649 1405 1812 1442 ἀναὸήσεται

1039 1453 1076 1486 εἷς
1099 1451 1143 1480 τὸν
1167 1452 1275 1491 οὐρανόν
1281 1465 1290 1489 ;
1314 1451 1372 1482 οὐδὲ
1398 1452 1481 1492 πέραν
1505 1454 1553 1488 τῆς
1576 1451 1724 1489 θαλάσσης,
1750 1453 1810 1482 ἀλλ’

1039 1498 1116 1538 ἐγγύς
1128 1511 1174 1528 σου
1185 1499 1216 1527 τὸ
1230 1498 1304 1538 ῥῆμά
1316 1500 1387 1528 ἐστιν
1409 1499 1436 1527 ἐν
1455 1500 1493 1539 τῷ
1515 1498 1628 1537 στόματί
1641 1510 1700 1527 σου.
1716 1499 1811 1527 Ταῦτα

1038 1545 1100 1585 περὶ
1111 1547 1157 1581 τῆς
1174 1547 1283 1584 νομικῆς
1301 1546 1407 1581 ἐντολῆς
1427 1544 1554 1584 εἰρημένα
1573 1544 1691 1574 εἵλκυσεν
1713 1545 1749 1577 εἷς
1761 1543 1809 1580 τὴν

1038 1590 1126 1620 πίστιν
1151 1590 1199 1627 τὴν
1225 1592 1261 1624 εἷς
1284 1590 1400 1631 Χριστὸν
1414 1593 1428 1620 ὁ
1447 1591 1563 1624 Παῦλος.
1589 1586 1810 1630 Διαμαρτύρομαι

238 1653 300 1672 cum
319 1644 407 1671 Deum
420 1641 535 1670 habeant
549 1640 748 1669 auxiliatorem.
763 1639 943 1679 Praecipitque
958 1647 987 1670 ut
1004 1642 1021 1666 C
1038 1638 1110 1675 ὑμῖν,
1130 1637 1194 1677 φησὶ
1204 1660 1211 1673 ,
1226 1637 1271 1666 τὸν
1285 1637 1394 1676 οὐρανὸν
1415 1636 1461 1666 καὶ
1475 1636 1524 1672 τὴν
1537 1638 1599 1676 γῆν,
1618 1635 1689 1666 ὥστε
1703 1638 1809 1676 ἀγαπᾷν

238 1691 264 1718 in
288 1688 452 1728 scenopegiis
468 1687 518 1716 toti
540 1687 643 1727 populo
660 1686 705 1716 lex
726 1686 841 1725 legatur.
862 1686 987 1716 Praedicit

237 1736 327 1776 Moysi
335 1737 418 1772 Deus,
428 1741 488 1775 post
495 1735 518 1774 ej
522 1745 553 1763 us
559 1741 671 1762 mortem
677 1733 810 1773 populum
817 1732 899 1762 idolis
906 1735 987 1764 servi-

236 1791 328 1812 turum
342 1780 542 1822 etpunicndum
554 1781 622 1809 fore.
636 1780 714 1816 Esto,
723 1779 821 1818 inquit,
836 1780 887 1808 hoc
898 1781 981 1810 canti-

237 1842 308 1868 cum,
316 1830 390 1869 quod
396 1836 486 1858 contra
493 1828 565 1868 ipsos
573 1827 754 1857 testimonium
761 1828 837 1857 ferat.
847 1829 907 1857 Non
913 1828 985 1858 enim

237 1887 365 1915 umquam
383 1877 441 1915 ejus
463 1874 668 1903 obliviscentur.
691 1874 727 1902 Et
747 1873 855 1913 scripsit
875 1875 984 1914 Moyses

237 1923 379 1960 canticum,
395 1928 421 1950 et
435 1920 562 1961 praedixit
574 1919 613 1949 eis
626 1918 697 1958 quod
713 1919 805 1958 inique
819 1919 873 1949 sint
884 1921 981 1951 acturi.

238 1969 288 1998 Hic
302 1969 401 2008 legitur
417 1980 423 1996 z
439 1968 499 2003 Ipsi
514 1977 559 1995 me
570 1966 610 1994 ad
622 1965 838 1995 aemulationem
846 1977 985 2006 provoca—

241 2021 342 2044 verunt
361 2016 393 2042 in
414 2024 473 2042 non
493 2013 568 2049 Deo,
590 2018 618 2040 et
636 2022 688 2051 ego
707 2013 747 2040 ad
765 2013 982 2043 cumulationem

235 2064 399 2101 provocabo
422 2069 469 2088 eos
489 2061 521 2087 in
545 2069 603 2087 non
627 2064 721 2098 gente.
742 2058 859 2088 Jubetur
872 2062 982 2101 Moyses

237 2106 376 2137 ascendere
394 2107 422 2134 in
440 2111 555 2134 montem
577 2104 698 2140 Abarim,
720 2105 768 2143 qui
789 2105 868 2135 etiam
887 2106 981 2136 Nabhs

1037 1682 1082 1711 τὸν
1101 1682 1179 1712 Θεόν.
1200 1683 1270 1712 Τότε
1292 1684 1367 1712 καλεῖ
1389 1682 1434 1712 τὸν
1453 1682 1556 1718 Ἰησοῦν
1588 1682 1632 1712 τὸν
1653 1683 1744 1718 Ναυῆ,
1764 1681 1809 1712 καὶ

1036 1728 1186 1758 ἐντέλλεται
1197 1732 1317 1769 ἡγεῖσθαι
1330 1732 1376 1758 τοῦ
1390 1730 1455 1759 λαοῦ
1465 1751 1473 1765 ,
1489 1728 1534 1758 καὶ
1549 1728 1585 1767 μὴ
1601 1728 1737 1769 medaea:
1748 1727 1808 1762 τοὺς

1036 1775 1191 1813 πολεμίους,
1206 1775 1275 1805 Θεὸν
1287 1774 1394 1815 ἔχοντας
1409 1774 1512 1812 βοηθόν.
1527 1775 1581 1804 Καὶ
1592 1779 1725 1815 παραινεῖ,
1738 1773 1808 1804 ὥστε

1036 1822 1063 1851 ἐν
1075 1826 1132 1855 ταῖς
1147 1821 1338 1861 σκηνοπηγίαις
1350 1821 1429 1851 παντὶ
1440 1823 1479 1861 τῷ
1489 1822 1547 1861 λαῷ
1560 1820 1604 1850 τὸν
1619 1820 1699 1860 νόμον
1718 1823 1808 1861 ἀναγι-

1036 1867 1191 1897 νώσκεσθαι.
1215 1867 1347 1908 Προλέγει
1369 1870 1408 1908 τῷ
1428 1869 1531 1907 Μωϋσῇ
1547 1869 1561 1896 ὃ
1574 1867 1658 1904 Θεὸς,
1683 1866 1724 1896 ὅτι
1739 1866 1806 1906 μετὰ

1035 1913 1144 1943 θάνατον
1159 1917 1237 1943 αὐτοῦ
1252 1917 1266 1944 ὁ
1281 1914 1342 1947 λαὸς
1357 1913 1593 1953 εἶδωλολατρήσει,
1618 1913 1663 1942 καὶ
1677 1913 1807 1949 κολασθή-

1035 1960 1217 1990 σεται.Ἔστω
1225 1956 1279 1994 οῧν,
1290 1959 1378 2000 φησὶν,
1390 1961 1407 1995 ἡ
1420 1959 1475 2000 ᾠδὴ
1487 1959 1553 1994 αὕτη
1565 1961 1806 1999 καταμαρτυροῦσα

1035 2007 1131 2036 αὐτῶν.
1155 2008 1195 2036 Οὐ
1211 2006 1261 2046 γάρ
1282 2018 1347 2036 ποτε
1367 2006 1492 2042 λήσονται
1514 2007 1605 2042 αὐτῆς.
1633 2005 1686 2035 Καὶ
1708 2005 1806 2046 ἔγραψε

1034 2053 1153 2087 Μωϋσῆς
1165 2051 1213 2088 τὴν
1228 2052 1308 2092 ᾠδὴν,
1321 2052 1365 2082 καὶ
1378 2056 1503 2092 προεῖπεν
1515 2052 1602 2084 αὐτοῖς
1612 2074 1620 2088 ,
1645 2051 1686 2080 ὅτι
1707 2052 1806 2090 ἀνομή-

1034 2110 1132 2127 σουσιν.
1148 2098 1280 2127 Ἐνταῦθα
1293 2102 1378 2128 κεῖται
1388 2109 1395 2116 ·
1417 2097 1499 2126 Αὐτοὶ
1512 2097 1704 2137 παρεζήλωσάν
1715 2109 1747 2136 με
1761 2099 1804 2126 ἐπ’

237 2153 390 2188 vocabatur,
402 2159 428 2181 et
441 2150 533 2181 videre
546 2156 643 2179 terram
658 2150 852 2189 promissionis3
864 2159 890 2181 et
903 2161 980 2192 post·
998 2152 1018 2175 D
1033 2145 1062 2173 Οὐ
1076 2145 1155 2184 Θεῷ,
1177 2143 1250 2183 κάγὼ
1271 2143 1457 2184 παραζηλώσω
1477 2143 1571 2177 αὐτοὺς
1589 2144 1630 2172 ἐπ’
1656 2145 1704 2172 Θῦκ
1728 2143 1803 2173 gost*-

235 2211 315 2239 quam
329 2198 449 2239 singulas
462 2198 550 2227 tribus
567 2195 758 2233 benedixisset,
777 2205 901 2228 mortuus
915 2207 954 2229 est
971 2212 978 2228 ε

235 2256 365 2285 nemoque
390 2244 465 2274 novit
486 2243 642 2284 sepulcrum
664 2243 722 2282 ejus
747 2243 782 2271 ad
803 2243 872 2273 hanc
896 2256 980 2284 usque

1033 2190 1177 2219 Κελεύεται
1187 2192 1305 2225 Μωϋσῆς
1319 2191 1436 2219 ἀνελθεῖν
1446 2189 1501 2223 ”sig
1514 2190 1544 2219 τὸ
1555 2190 1613 2230 ὄρος
1623 2189 1654 2219 τὸ
1667 2189 1803 2229 Ἀὸαρεὶμ,

1032 2235 1046 2264 ὃ
1058 2235 1102 2265 καὶ
1116 2236 1205 2266 Negat
1225 2235 1345 2276 ἐλέγετο,
1359 2236 1405 2265 καὶ
1425 2237 1488 2265 ἰδεῖν
1502 2235 1550 2272 τὴν
1565 2239 1613 2275 γῆν
1628 2235 1802 2275 ἐπαγγελίας·

1032 2281 1076 2310 καὶ
1097 2281 1241 2321 εὐλογήσας
1263 2281 1378 2317 ἑκάστην
1392 2282 1486 2322 φυλὴν,
1504 2282 1677 2318 ἐτελεύτησε·
1697 2281 1742 2311 καὶ
1756 2283 1804 2310 οὐκ

129 2300 224 2321 samari-
234 2293 318 2323 diem.
338 2293 398 2322 Huc
416 2291 543 2320 desinunt
560 2290 679 2329 quinque
698 2289 762 2318 libri
782 2291 897 2330 Moysis,
912 2303 979 2330 quos
1041 2322 1057 2330 υ

1033 2328 1098 2357 εἶδεν
1110 2328 1193 2361 οὐδεὶς
1205 2328 1254 2364 τὴν
1267 2328 1353 2368 ταφὴν
1367 2330 1445 2358 αὐτοῦ
1458 2329 1507 2362 ἕως
1517 2331 1565 2364 τῆς
1578 2328 1679 2368 ἡμέρας
1691 2326 1800 2363 ταύτης.

82 2332 126 2352 ΗΜ
167 2330 224 2352 ⁵⁰¹⁰⁵
234 2340 304 2369 solos
315 2344 472 2378 acceperunt
484 2336 701 2374 admiseruntque
714 2335 861 2365 Samaritae.

82 2369 179 2422 stiffi?
193 2393 223 2413 li-
1034 2378 1163 2409 Ἐνταῦθα
1175 2372 1363 2414 ἐτελειώθησαν
1377 2378 1411 2407 τὰ
1424 2377 1502 2407 πέντε
1517 2378 1606 2418 βιὸλία
1619 2377 1769 2414 Μωϋσέως,
1785 2377 1803 2406 ἃ

81 2424 223 2477 ἶίᾞῃῖἶῖηήῐ·
1032 2428 1100 2466 μόνα
1114 2429 1233 2463 ἐδέξαντο
1244 2431 1268 2459 οἳ
1279 2430 1442 2469 Σαμαρῖται.

265 2529 275 2540 ³
295 2521 352 2548 Haec
365 2518 492 2544 adduntur
505 2526 535 2542 ex
545 2526 600 2550 cap.
615 2518 656 2549 30,
668 2526 693 2542 v.
709 2517 748 2541 Η.
1040 2520 1066 2543 ἱη
1076 2525 1183 2544 montem
1195 2520 1279 2546 Nebo.
1290 2521 1360 2545 Lxx
1370 2523 1456 2552 Ναθαῦ,
1470 2528 1544 2552 quem
1555 2527 1606 2544 esse
1617 2525 1721 2544 censent
1730 2528 1799 2544 eum-

267 2562 277 2580 θ’
294 2564 328 2590 Εἰ,-
337 2564 361 2586 rb
370 2562 419 2595 ὅρος
432 2557 589 2592 τὸᾸδαρεὶμβ
598 2561 634 2583 καὶ
645 2555 864 2587 NaGuz'.Hebr-7:2
884 2546 989 2588 'ln-¹7&
1039 2557 1097 2584 dem
1115 2558 1158 2591 qui
1170 2560 1270 2584 Aoni-im
1289 2560 1340 2585 sive
1351 2558 1453 2584 Abarim
1466 2559 1491 2583 in
1500 2557 1565 2583 libro
1577 2559 1744 2583 Numeromm
1755 2567 1799 2584 vo-
