1890 2826
761 161 806 183 DE
831 160 1087 184 MELCHISEDECO
1094 176 1102 183 .

147 224 258 265 εἴρηται.
272 224 308 254 Οἱ
322 223 370 263 μὲν
383 222 435 263 γὰρ
449 222 576 263 αἱρετικοὶ
589 221 648 251 οὔτε
667 224 744 251 τοῦτο
759 221 914 261 βούλονται·

146 269 193 300 καὶ
204 269 255 310 γὰρ
274 269 319 299 καὶ
329 269 432 306 ἐκείνην
446 270 698 309 πολυπραγμονοῦσι
711 267 757 296 καὶ
770 267 913 308 περιεργά-

146 317 233 350 ζονται
241 328 247 334 ·
262 317 286 345 οἱ
298 315 326 345 δὲ
339 314 529 355 ἐπιεικέστεροι
542 314 642 344 τούτων
655 313 758 349 ἐκείνην
771 313 818 353 μὲν
828 325 913 354 παρα-

145 364 277 402 χωροῦσι,
298 361 360 402 περὶ
378 360 406 391 δὲ
424 360 522 396 ταύτης
540 359 614 391 κάτω
627 359 778 399 νομίζουσιν
794 361 914 400 εἰρῆσθαι

1643 151 1705 184 511

969 222 1136 261 generatione
1145 222 1248 252 dictum
1257 233 1323 253 esse.
1336 223 1458 253 Haerctici
1470 233 1551 263 porro
1562 233 1647 262 neque
1659 223 1711 253 hoc

968 268 1076 299 volunt:
1090 280 1152 298 nam
1161 269 1269 299 etillam
1277 270 1381 299 curiose
1389 269 1530 308 inquirunt
1543 281 1573 299 ac
1587 276 1710 299 scrutan-

966 320 1029 351 tur,
1044 315 1232 345 moderatiores
1250 322 1338 345 autem
1359 326 1392 344 ex
1412 315 1486 352 illis,
1503 315 1551 344 illa
1570 326 1709 351 concessa,

966 359 1000 389 de
1015 360 1064 390 hac
1077 368 1179 391 terrena
1190 361 1244 391 dici
1257 368 1350 401 putant
1361 361 1441 397 illud,
1452 361 1520 390 Sine
1529 361 1712 401 genealogia.

145 407 192 443 τὸ,
208 407 432 447 Ἀγενεαλόγητος.
445 407 578 446 Δείξωμεν
592 401 636 436 οὖν
651 405 692 435 ὅτι
704 406 766 446 περὶ
789 405 914 445 ἑκατέρας
922 423 958 442 25⁸
966 406 1146 436 Ostendamus
1159 418 1222 448 ergo
1237 407 1272 437 de
1290 415 1403 446 utraque
1416 408 1583 447 generatione
1600 408 1651 436 hoc
1666 406 1709 436 di-

146 455 194 489 τῆς
207 453 352 493 γεννήσεως
372 456 450 483 τοῦτο
471 454 579 486 Παῦλος
614 447 682 489 εἶπε,
706 452 752 482 καὶ
777 451 840 492 περὶ
867 453 915 487 τῆς
930 451 948 474 Α
967 453 1038 481 xisse
1057 453 1187 490 Paulum,
1203 454 1236 483 de
1255 464 1369 494 superna
1382 464 1493 493 nempe,
1508 460 1534 483 et
1547 452 1581 482 de
1594 460 1707 483 terrena.
1751 466 1861 493 quomodo

967 499 1036 528 Nam
1054 506 1080 528 et
1093 499 1141 529 illa
1159 500 1296 530 tremenda
1307 523 1314 536 ‚
1329 507 1355 530 et
1371 501 1428 530 haec
1449 499 1596 529 admodum
1615 510 1709 529 arcana
1720 498 1776 548 {1¹¹3
1785 503 1861 523 §⁰⁰⁸³-

146 500 201 530 ἄνω
210 523 218 537 ,
239 499 285 530 καὶ
299 500 361 541 περὶ
373 502 423 536 τῆς
441 499 526 530 κάτω.
541 499 596 529 Καὶ
609 498 660 539 γὰρ
674 498 784 534 κάκείνη
799 497 895 538 φρικτὴ
906 520 914 534 ,

146 546 192 576 καὶ
204 546 272 582 αὕτη
286 546 485 586 μυστικωτάτη.
496 545 549 576 Διὰ
559 548 638 575 τοῦτο
648 544 694 575 καὶ
702 544 815 578 Ἡσαΐας
826 543 915 584 φησίν·

146 592 205 629 Τὴν
218 593 309 632 γενεὰν
322 594 401 622 αὐτοῦ
415 592 455 626 τίς
470 591 641 632 διηγήσεται;
656 590 736 621 Ἀλλὰ
759 590 821 630 περὶ
844 590 915 619 ἐκεί-

145 649 205 674 νης,
219 637 308 678 φησὶν,
320 633 393 668 εἶπεν
403 639 451 674 τῆς
465 638 530 667 ἄνω.
541 637 577 667 Τί
586 632 631 666 οὖν
641 639 750 677 ἐροῦμεν
764 638 802 676 τῷ
814 637 915 676 Παύλῳ

146 684 297 725 ἀμφοτέρας
319 685 420 715 εἰπόντι
437 684 486 718 τὰς
505 684 655 724 γεννήσεις,
668 684 715 713 καὶ
729 683 788 713 τότε
812 684 915 722 ἐπαγα-

144 730 504 771 γόντιτὸ,Ἀγενεαλόγητος;
516 730 575 760 Ἵνα
588 730 626 770 μὴ
641 730 720 769 μόνον
734 730 795 758 κατ’
810 728 912 766 ἐκείνην

146 776 196 812 τὴν
208 771 338 816 γέννησιν,
361 778 419 807 καθ’
437 777 469 813 ἢν
483 777 596 817 ἀμήτωρ
609 776 691 812 ἐστὶν,
705 775 775 805 ἀλλὰ
788 775 832 806 καὶ
846 774 916 805 κατὰ

147 822 257 860 ταύτην,
268 825 327 853 καθ’
343 823 375 859 ἣν
390 823 501 864 ἀπάτωρ
516 822 586 859 ἐστὶ,
605 823 654 859 τὴν
667 822 741 853 κάτω
751 822 837 862 λέγω,
853 824 917 861 ἀγε-

146 869 304 908 νεαλόγητον
314 865 381 899 εἶναι
389 869 534 910 πιστεύσῃς
543 881 549 888 ·
559 869 603 899 διὰ
613 872 691 899 τοῦτο
705 869 840 909 ἀμφότερα
855 868 916 905 θεὶς,

146 914 207 945 τότε
215 910 297 951 εἶπεν,
308 915 534 955 Ἀγενεαλόγητος.
549 915 602 945 Καὶ
614 915 667 955 γὰρ
677 915 723 945 καὶ
734 914 802 950 αὕτη
813 917 830 950 ἡ
843 914 917 944 κάτω

146 961 348 998 ἂκατᾶληπτος,
357 961 400 991 ἵνα
411 962 477 1002 πρὸς
486 962 588 997 ἐκείνην
603 961 670 1000 μηδὲ
684 960 842 1001 παρακύψαι
854 962 917 990 τολ-

146 1007 284 1046 μήσωμεν.
298 1009 333 1038 Εἰ
340 1007 392 1048 γὰρ
405 1007 439 1037 τὰ
453 1007 586 1047 προαύλια
598 1010 644 1036 τοῦ
658 1010 722 1036 ναοῦ
734 1006 803 1035 οὕτω
817 1006 916 1046 φοὸερὰ
932 1008 951 1031 Β

146 1054 192 1083 καὶ
203 1053 350 1094 ἀπρόσιτα,
364 1054 430 1094 πρὸς
441 1054 475 1083 τὰ
489 1054 574 1083 ἄδυτα
584 1053 624 1087 τίς
638 1054 765 1083 εἰσελθεῖν
778 1052 918 1092 ἐπιχειρή-

146 1111 202 1136 σει;
223 1100 290 1129 Ὅτι
311 1100 437 1139 ἐγεννήθη
461 1099 534 1139 παρὰ
552 1103 598 1129 τοῦ
612 1099 718 1139 Πατρὸς
742 1094 800 1128 οἶδα
809 1121 817 1135 ,
839 1098 869 1127 τὸ
889 1098 916 1127 δὲ

147 1146 218 1180 πῶς,
231 1146 280 1174 οὐκ
299 1140 367 1174 οἶδα.
392 1145 456 1175 Ὅτι
470 1145 566 1184 ἐτέχθη
580 1144 632 1174 ὑπὸ
646 1147 693 1180 τῆς
707 1144 838 1184 παρθένου
859 1144 918 1173 ἐπί-

147 1203 264 1231 σταμαι,
276 1191 321 1221 τὸν
336 1191 364 1221 δὲ
377 1191 473 1232 τρόπον
494 1192 553 1221 οὐδὲ
575 1193 688 1221 ἰνταῧθα
710 1190 917 1229 καταλαμὲάνω.

147 1236 281 1277 ‘Eum-{pu
292 1237 344 1278 γὰρ
355 1239 373 1273 ἡ
388 1237 508 1277 γέννησις
520 1236 706 1276 ὡμολόγηται,
727 1236 773 1267 καὶ
794 1236 919 1276 ἑκατέρας

148 1284 163 1312 ὁ
175 1282 271 1324 τρόπος
284 1283 431 1323 σεσίγηται.
443 1284 497 1313 Καὶ
507 1283 571 1323 ὅπερ
586 1285 697 1312 ἐνταῦθα
708 1283 753 1312 ἐπὶ
763 1285 812 1318 τῆς
823 1282 918 1322 παρθέ-

148 1340 192 1358 νου
202 1351 210 1366 ,
225 1330 274 1358 οὐκ
287 1328 361 1362 εἰδὼς
378 1331 436 1363 πῶς
448 1330 479 1359 ἐκ
492 1331 540 1365 τῆς
556 1329 684 1369 παρθένου
699 1329 823 1368 ἐγεννήθη
833 1351 841 1364 ,
855 1330 918 1367 ὁμο-

147 1375 218 1414 λογῶ
238 1374 279 1404 ὅτι
301 1375 440 1415 ἱγεννήθη,
461 1375 508 1405 καὶ
521 1377 569 1405 οὒκ
583 1376 682 1414 ἄναιρῶ
696 1375 727 1404 τὸ
739 1379 852 1416 πρᾶγμα
872 1374 917 1404 διὰ

148 1421 198 1457 τὴν
220 1421 340 1461 ἄγνοιαν·
357 1421 426 1451 οὕτω
439 1421 484 1451 καὶ
503 1420 535 1451 σὺ
549 1421 660 1457 ποίησον
675 1421 719 1451 ἐπὶ
731 1424 777 1451 τοῦ
794 1421 899 1461 Πατρὸς
910 1445 918 1456 ,

148 1468 172 1496 εἰ
193 1467 239 1496 καὶ
260 1469 308 1496 οὐκ
327 1462 398 1501 οἶδας
422 1469 480 1501 πῶς
499 1467 624 1507 ἐγεννήθη
635 1490 642 1504 ,
665 1467 838 1506 ὁμολόγησον.
861 1467 918 1497 Κᾶν

148 1513 211 1553 εἴπῃ
225 1525 268 1543 σοι
279 1515 293 1542 ὁ
306 1513 451 1553 αἱρετικός·
465 1516 523 1546 πῶς
539 1513 663 1552 ἐγεννήθη
677 1514 709 1542 ἐκ
723 1515 768 1542 τοῦ
785 1512 891 1553 Πατρὸς
904 1515 918 1542 ὁ

148 1558 228 1595 Υἱός;
241 1559 414 1589 κατάσπασον
433 1560 512 1588 αὐτοῦ
527 1558 558 1588 τὸ
572 1559 697 1599 φρύαγμα
721 1560 757 1592 εἷς
779 1558 826 1594 τὴν
851 1560 917 1598 γῆν,

149 1605 195 1633 καὶ
209 1604 266 1634 εἰπὲ
277 1605 343 1641 πρὸς
354 1600 449 1635 αὐτόν·
462 1604 594 1641 κατάὸηθι
613 1606 643 1634 ἐκ
661 1606 714 1634 τῶν
732 1607 858 1644 οὐρανῶν,
873 1605 917 1634 καὶ

150 1649 232 1684 δεῖξον
244 1652 301 1684 πῶς
314 1650 439 1690 ἐγεννήθη
451 1652 482 1679 ἐκ
494 1651 542 1686 τῆς
554 1650 683 1690 παρθένου
691 1673 700 1687 ,
714 1650 760 1680 καὶ
773 1651 832 1680 τότε
845 1652 917 1680 ἐκεῖ·

150 1708 183 1725 να
205 1696 263 1736 ὅρα.
282 1696 409 1735 Κάταο-χε
436 1697 514 1725 αὐτὸν
536 1696 581 1726 καὶ
603 1695 773 1735 περίστησον,
792 1695 829 1734 μὴ
851 1698 919 1735 ἀφῇς

151 1742 339 1777 ἆποπηδῆσαι,
361 1741 429 1780 μηδὲ
452 1743 625 1782 ἀναχωρῆσαι
647 1743 683 1775 εἷς
704 1741 748 1771 τὸν
762 1741 917 1781 λαὸύρινθον

150 1789 203 1816 τῶν
214 1787 357 1827 λογισμῶν,
382 1786 450 1816 ἀλλὰ
463 1787 582 1827 κάτασχε
600 1786 645 1816 καὶ
667 1786 818 1823 ἇπόπνιξον,
833 1786 870 1825 μὴ
884 1789 917 1827 τῇ

150 1832 238 1872 χειρὶ,
253 1832 322 1862 ἀλλὰ
335 1834 374 1872 τῷ
388 1832 497 1872 ῥήματι.
510 1832 558 1869 Μὴ
572 1832 658 1872 δώσ-ῃς
677 1833 749 1872 αὐτῷ
767 1832 917 1869 διαστολὴν,

150 1878 196 1908 καὶ
220 1878 334 1918 διαφύγῃ
361 1880 396 1912 ὥς
420 1877 553 1918 βούλεται.
580 1877 699 1908 Ἐκεῖθεν
729 1877 780 1918 γὰρ
809 1876 917 1918 θόρυὸον

151 1925 290 1963 ἐμποιοῦσι
309 1929 363 1959 τοῖς
386 1924 592 1964 διαλεγομένοις,
616 1925 707 1960 ἐπειδὴ
730 1926 808 1963 ἡμεῖς
830 1926 918 1958 αὐτοῖς

151 1970 352 2010 ἀκολουθοῦμέν,
365 1969 410 2000 καὶ
421 1971 469 2000 οὐκ
478 1970 616 2010 ἀπάγομιν
628 1969 679 1999 ὕπὸ
693 1969 751 2004 τοὺς
762 1970 856 2010 νόμους
865 1972 917 1999 τῶν

150 2014 225 2045 θείων
239 2016 361 2056 Γραφῶν.
375 2015 486 2056 Περίθες
497 2016 583 2045 τοίνυν
598 2017 670 2056 αὐτῷ
683 2015 809 2045 πάντοθεν
819 2015 917 2056 τειχίον

151 2061 199 2094 τὰς
211 2061 264 2091 ἀπὸ
276 2063 329 2091 τῶν
347 2062 460 2102 Γραφῶν
475 2061 634 2102 μαρτυρίας,
649 2061 694 2091 καὶ
708 2061 766 2091 οὐδὲ
779 2066 860 2102 χᾶναι
874 2063 916 2091 δυ·
934 2068 954 2091 Ι)

152 2107 268 2143 νήσεται.
281 2107 348 2137 Εἰπὲ
357 2128 364 2142 ,
378 2109 434 2140 πῶς
445 2108 569 2147 ἐγεννήθη
591 2109 622 2137 ἐκ
641 2109 688 2144 τῆς
701 2108 829 2147 παρθένου
839 2121 848 2145 3
861 2110 919 2138 Οὐκ

153 2153 300 2193 ἀφίσταμαί
314 2165 360 2183 σου
369 2177 377 2191 ,
387 2154 447 2184 οῦδὲ
459 2155 600 2194 ἀναχωρῶ.
617 2155 686 2185 Ἀλλ’
700 2156 749 2185 οὐκ
760 2155 790 2184 ἂν
805 2154 862 2195 ἔχοι
875 2155 918 2184 τὸν

152 2199 249 2239 τρόπον
261 2202 325 2239 ἡμῖν
337 2201 430 2237 εἰπεῖν,
453 2200 502 2230 κᾶν
517 2201 598 2241 μυρία
611 2203 754 2242 φιλονεικῇ-
768 2201 854 2232 Ὅταν
868 2197 919 2242 γὰρ

153 2247 168 2275 ὁ
180 2244 248 2279 Θεὸς
265 2245 425 2284 ἀποκλείσῃ,
437 2246 477 2280 τίς
495 2246 584 2286 ἀνοίξῃ
605 2247 711 2283 λοιπόν;
733 2247 809 2287 Μόνῃ
823 2250 857 2284 τῇ
872 2248 919 2278 πί-

154 2303 212 2321 στει
223 2291 257 2320 τὰ
269 2293 379 2320 τοιαῦτα
389 2291 552 2331 παράδεκτα.
563 2293 598 2323 Εἰ
610 2293 636 2322 δὲ
651 2295 699 2323 οὐκ
710 2293 741 2322 ἂν
754 2293 824 2333 ἔχοις
833 2315 841 2329 ,
852 2293 920 2324 ἀλλὰ

153 2336 295 2377 λογισμοὺς
308 2334 439 2372 ἐπιζητεῖς
448 2359 456 2373 ,
471 2338 522 2378 ἐρῶ
534 2338 598 2378 πρὸς
610 2339 653 2374 σὲ,
665 2340 679 2369 ὃ
692 2339 756 2380 πρὸς
769 2339 920 2379 Νικόδημον

153 2386 168 2412 ὁ
190 2383 303 2422 Χριστός
325 2394 403 2422 φησιν
415 2395 421 2402 ·
437 2384 471 2413 Εἰ
482 2383 516 2413 τὰ
529 2384 632 2423 ἐπίγεια
653 2380 725 2414 εἶπον
749 2387 819 2424 ὑμῖν,
833 2386 877 2415 καὶ
891 2387 920 2416 οὗ

153 2428 306 2464 πιστεύετε,
320 2431 393 2463 πῶς,
405 2430 450 2458 ἐὰν
463 2429 497 2459 τὰ
511 2430 653 2469 ἐπουράνια
668 2430 747 2467 εἴπω,
768 2431 920 2469 πιστεύετε;

154 2476 223 2516 Περὶ
232 2478 280 2512 τῆς
290 2477 321 2506 ἐκ
331 2475 460 2516 παρθένου
471 2476 616 2516 γεννήσεως
627 2473 710 2513 εἷπον,
724 2477 769 2507 καὶ
779 2478 827 2507 οὐκ
841 2473 921 2515 οἶδας,

156 2521 215 2551 οὐδὲ
234 2526 316 2561 χᾶναι
337 2523 452 2562 τολμᾷς,
475 2522 520 2551 καὶ
533 2521 583 2558 τὴν
604 2522 724 2563 οὐράνιον
747 2523 922 2564 περιεργάζῃ;

966 551 1015 574 est.
1041 546 1214 586 Quapropter
1230 547 1312 576 Isaias
1330 547 1368 575 ait
1383 558 1390 575 ε
1409 547 1635 576 Gener-ationem
1648 547 1710 586 ejus

967 594 1034 631 quis
1043 595 1216 622 enarrabit?
1229 595 1352 631 Verum,
1368 594 1473 632 inquies
1483 616 1491 630 ‚
1506 592 1540 622 de
1553 592 1651 623 caelesti
1663 592 1712 621 illa

966 640 1022 680 agit
1033 640 1174 681 propbeta,
1191 641 1266 678 Quid
1282 651 1346 681 ergo
1363 640 1484 670 dicemus
1501 640 1535 669 de
1554 640 1649 676 Paulo,
1665 641 1713 678 qui

967 693 1109 726 postquam
1138 687 1206 716 duas
1236 687 1418 726 generationes
1443 694 1712 721 commemoraverat,

966 732 1038 762 illud
1051 733 1195 774 subjunxit
1207 745 1213 762 x
1229 733 1299 762 Sine
1310 733 1503 773 genealogia?
1516 733 1556 762 Ut
1566 742 1619 761 non
1634 731 1713 761 modo

967 778 1115 808 secundum
1132 778 1217 808 ‘illam
1239 779 1452 818 generationem,
1472 789 1526 817 qua
1548 777 1606 807 sine
1629 784 1712 807 matre

967 832 1034 863 erat,
1048 824 1094 855 scd
1105 826 1186 855 etiam
1198 825 1345 856 secundum
1356 826 1425 855 hanc
1438 832 1581 861 terrenam,
1593 834 1646 862 qua
1656 824 1712 852 sine

969 878 1044 911 patre
1059 879 1114 901 erat
1123 894 1132 909 ,
1148 872 1228 902 illum
1248 871 1305 900 sine
1323 870 1477 911 genealogia
1494 880 1550 899 esse
1568 869 1689 899 crederes
1703 882 1709 897 ε

967 917 1029 947 ideo
1047 929 1110 948 cum
1130 918 1222 947 ambas
1234 918 1366 958 posuisset
1376 939 1384 953 ‚
1399 924 1463 946 tunc
1476 916 1564 953 dixit,
1583 916 1652 945 Sine
1664 926 1712 955 ge-

970 965 1116 1003 nealogia.
1137 963 1246 993 Etenim
1274 964 1331 992 haec
1356 970 1460 992 terrena
1482 962 1712 1002 incomprehensi-

969 1010 1033 1039 bilis
1048 1016 1101 1046 est,
1118 1016 1147 1038 ut
1160 1009 1290 1038 caelestem
1311 1008 1388 1037 illam
1408 1019 1442 1037 ne
1458 1007 1569 1047 quidem
1582 1008 1713 1048 inspicere

969 1056 1125 1085 audeamus.
1140 1057 1209 1088 Nam
1220 1056 1243 1084 si
1259 1055 1394 1085 vestibula
1406 1055 1500 1095 templi
1522 1055 1559 1084 ita
1577 1055 1714 1085 tremenda

970 1109 996 1132 et
1008 1102 1139 1132 inaccessa
1160 1101 1297 1139 erant‚ad
1320 1101 1401 1141 adyta
1424 1101 1485 1140 quis
1504 1101 1610 1141 ingredi
1632 1112 1713 1131 ausus

969 1149 1055 1179 esset?
1067 1149 1150 1186 Quod
1169 1159 1185 1177 a
1202 1149 1281 1178 Patre
1305 1148 1409 1188 genitus
1427 1148 1463 1177 sit
1481 1148 1563 1184 novi,
1578 1147 1713 1186 quomodo

969 1202 1057 1224 autem
1068 1194 1167 1224 nescio.
1180 1194 1262 1232 Quod
1275 1205 1290 1223 a
1305 1193 1409 1232 virgine
1422 1200 1500 1223 natus
1514 1193 1549 1223 sit
1563 1193 1638 1231 novi,
1650 1204 1713 1223 mo-

969 1240 1035 1270 dum
1050 1247 1137 1270 autem
1151 1250 1237 1279 neque
1250 1240 1296 1269 hic
1307 1239 1395 1279 capio.
1406 1240 1528 1278 Utraque
1538 1239 1671 1279 generatio
1685 1239 1712 1268 in

970 1287 1090 1316 confesso
1103 1293 1159 1323 est,
1171 1293 1197 1316 et
1209 1286 1349 1324 utriusque
1362 1285 1459 1315 modus
1473 1292 1581 1314 tacetur.
1595 1286 1632 1315 Et
1644 1286 1713 1315 sicut

970 1332 1016 1361 hic
1033 1331 1068 1362 de
1082 1332 1199 1372 virgine,
1211 1331 1335 1371 ignorans
1349 1330 1485 1370 quomodo
1497 1341 1533 1360 ex
1549 1330 1656 1370 virgine
1668 1341 1714 1360 na-

969 1385 1013 1408 tus
1023 1379 1068 1416 sit,
1075 1379 1165 1419 ipsum
1173 1388 1230 1408 esse
1240 1385 1332 1407 natum
1339 1378 1477 1413 confiteor,
1487 1388 1572 1416 neque
1580 1387 1637 1406 rem
1645 1378 1713 1407 tollo

970 1432 1080 1466 propter
1092 1424 1284 1466 ignorantiam:
1298 1424 1335 1453 ita
1348 1431 1374 1453 et
1393 1430 1424 1452 tu
1440 1423 1482 1453 fac
1502 1423 1536 1452 de
1557 1425 1651 1461 Patre,
1664 1424 1713 1453 etsi

970 1483 1024 1502 non
1037 1472 1145 1503 noveris
1155 1471 1290 1511 quomodo
1302 1471 1405 1510 genitus
1416 1470 1451 1499 sit
1461 1471 1495 1499 ab
1506 1481 1537 1500 eo
1548 1472 1570 1500 F
1572 1470 1714 1508 ilius,con-

970 1518 1046 1548 fitere
1060 1525 1159 1548 tamen.
1174 1518 1204 1547 si
1221 1517 1321 1546 dixerit
1333 1517 1385 1545 tibi
1403 1516 1556 1553 hacreticus,
1570 1516 1713 1554 Quomodo

970 1565 1075 1603 genitus
1086 1571 1125 1593 est
1137 1574 1173 1593 ex
1185 1565 1264 1593 Patre
1278 1563 1367 1593 Filius
1375 1563 1455 1602 ?ejus
1464 1563 1562 1592 fastum
1573 1563 1601 1591 in
1614 1570 1713 1592 terram

970 1609 1102 1650 deprime,
1115 1616 1141 1639 et
1150 1610 1195 1639 dic
1206 1609 1248 1639 illi
1262 1608 1415 1638 :Descende
1426 1608 1460 1637 de
1470 1609 1555 1645 caelis,
1566 1615 1591 1638 et
1604 1609 1712 1638 ostende

969 1655 1105 1695 quomodo
1115 1663 1193 1684 natus
1206 1666 1240 1684 ex
1252 1655 1367 1694 virgine,
1380 1662 1406 1684 et
1417 1662 1482 1684 tunc
1493 1655 1528 1684 ad
1539 1656 1586 1684 illa
1598 1656 1709 1695 respice.

969 1702 1066 1731 Detine
1079 1701 1180 1741 ipsum,
1195 1707 1222 1730 et
1234 1700 1376 1737 conclude,
1391 1710 1424 1729 ne
1437 1701 1508 1730 sinas
1519 1701 1635 1738 resilire,
1644 1709 1670 1731 et
1683 1701 1712 1731 in

969 1747 1154 1787 labyrinthum
1176 1746 1377 1776 ratiociniorum
1391 1746 1506 1785 regredi,
1522 1746 1569 1776 sed
1582 1746 1672 1776 detine
1687 1755 1713 1777 et

970 1794 1082 1830 suffoca,
1095 1803 1148 1822 non
1163 1802 1255 1828 manu,
1265 1791 1312 1821 sed
1323 1792 1417 1821 verbo.
1431 1793 1472 1821 Ne
1485 1791 1532 1821 des
1545 1792 1588 1821 illi
1604 1792 1715 1822 dilatio-

971 1850 1031 1869 nem
1049 1846 1079 1868 ut
1096 1838 1206 1878 effugiat
1224 1849 1278 1877 quo
1293 1838 1371 1867 velit.
1390 1837 1460 1867 Hinc
1480 1838 1551 1867 enim
1564 1839 1711 1869 tumultum

969 1886 1086 1916 excitant
1103 1885 1173 1915 inter
1191 1884 1397 1925 disputandum,
1413 1884 1477 1922 quia
1501 1893 1550 1914 nos
1574 1885 1713 1924 sequimur

970 1933 1032 1962 illos
1042 1955 1050 1970 ,
1065 1942 1151 1971 neque
1164 1931 1324 1961 abducimus
1342 1941 1386 1959 eos
1404 1930 1455 1959 sub
1473 1931 1545 1970 leges
1558 1930 1711 1961 divinarum

970 1979 1181 2019 Scripturarum.
1195 1979 1310 2007 Murum
1325 1977 1377 2017 ipsi
1396 1976 1515 2015 undique
1529 1977 1711 2018 circumpone,

970 2025 1119 2055 testimonia
1141 2024 1360 2064 Scripturarum‚
1378 2034 1408 2052 ac
1428 2033 1460 2052 ne
1481 2023 1582 2053 hiscere
1602 2025 1713 2063 quidem

971 2071 1077 2112 poterit.
1093 2071 1155 2108 Dic,
1165 2070 1301 2110 quomodo
1316 2077 1394 2099 natus
1409 2076 1450 2100 est
1463 2080 1497 2099 ex
1511 2070 1638 2109 virgine?
1652 2074 1711 2101 Non

971 2117 1085 2158 gradum
1101 2127 1213 2152 remen,
1229 2126 1282 2145 non
1303 2116 1409 2145 recedo.
1423 2117 1528 2147 Verum
1546 2127 1598 2146 non
1617 2118 1715 2157 poterit

971 2164 1049 2193 nobis
1062 2163 1174 2193 modurn
1186 2173 1320 2198 enarrare,
1332 2163 1381 2192 etsi
1397 2162 1543 2192 sexcenties
1558 2163 1584 2192 id
1607 2171 1714 2194 conten-

971 2211 1027 2241 dat.
1043 2212 1113 2241 Cum
1128 2210 1200 2240 enim
1211 2211 1285 2239 Deus
1299 2209 1455 2245 occluserit,
1470 2210 1531 2248 quis
1548 2218 1637 2250 postea
1654 2223 1715 2252 ape-

972 2256 1040 2287 riat?
1055 2258 1118 2287 Haec
1131 2257 1187 2286 sola
1200 2262 1311 2296 possunt
1324 2255 1378 2285 fide
1393 2255 1506 2295 percipi.
1524 2256 1552 2285 Si
1571 2267 1651 2295 porro
1670 2268 1715 2286 ne-

972 2313 1064 2342 queas,
1079 2302 1126 2332 sed
1143 2301 1282 2332 ratiocinia
1293 2311 1397 2340 quaeras
1406 2324 1413 2337 ‚
1426 2301 1454 2330 id
1468 2301 1518 2330 tihi
1529 2301 1630 2337 dicam,
1642 2302 1714 2340 quod

972 2349 1096 2379 Christus
1117 2348 1265 2379 Nicodemo
1279 2359 1286 2376 ε
1302 2348 1332 2377 Si
1351 2354 1467 2377 terrena
1487 2348 1549 2375 dixi
1572 2348 1671 2383 vobis,
1687 2355 1714 2377 et

975 2406 1034 2424 non
1048 2396 1176 2431 creditis,
1193 2394 1337 2434 quomodo
1347 2395 1372 2422 si
1391 2394 1492 2421 dixero
1505 2392 1640 2429 caelestia,
1653 2404 1715 2422 cre-

974 2440 1049 2469 detis
1059 2442 1072 2468 ‚³
1084 2441 1124 2469 De
1137 2445 1196 2468 ortu
1211 2449 1246 2467 ex
1261 2438 1365 2477 virgine
1383 2436 1453 2472 dixi,
1468 2442 1494 2464 et
1507 2446 1559 2464 non
1575 2436 1717 2477 intelligis,

975 2494 1023 2513 nec
1038 2483 1141 2513 hiscere
1159 2482 1241 2512 audes
1251 2504 1259 2520 ,
1274 2489 1299 2510 et
1312 2488 1399 2510 tamen
1412 2489 1553 2518 supernam
1568 2482 1716 2518 generatio-

975 2538 1037 2557 nem
1057 2527 1161 2556 curiose
1181 2526 1315 2566 exploras.
1330 2526 1415 2561 Atque
1432 2522 1534 2551 utinam
1553 2523 1647 2552 caelum
1661 2532 1720 2554 tan-

156 2567 210 2597 Καὶ
224 2568 275 2598 εἴθε
290 2568 338 2607 μὲν
356 2569 400 2598 τὸν
415 2568 522 2609 οὐρανὸν
537 2568 625 2607 μόνον,
641 2569 708 2599 ἀλλὰ
729 2569 774 2599 καὶ
797 2570 842 2600 τὸν
867 2572 920 2600 Δε-
939 2579 957 2602 Ε
977 2568 1033 2601 tum
1044 2581 1051 2604 3
1064 2570 1110 2601 sed
1125 2577 1153 2599 tu
1169 2570 1249 2599 etiam
1267 2568 1391 2598 caelorum
1406 2566 1552 2596 Dominum
1564 2567 1667 2598 curiose
1683 2569 1719 2599 ri-

1537 2617 1585 2636 21.

1780 230 1862 251 Conna

1722 261 1847 283 Anomoeos.

1763 433 1862 454 Christus

1730 535 1756 555 *g
1781 542 1786 547 .

1724 558 1780 580 lsai.
1791 557 1859 579 53,8‚

1726 2357 1791 2377 Joan.
1800 2356 1822 2376 Jl.
1830 2361 1866 2376 ι’).
