1884 2820
685 174 719 197 m
747 172 878 205 ιεΑιΑΜ,
917 172 996 196 ομ».
1023 172 1048 195 1.
1636 159 1656 193 3

91 242 123 272 τὸ
143 241 274 280 ποίμνιον,
295 238 322 268 τί
335 237 463 273 ἐποίησαν
473 247 482 273 ;
496 235 617 266 Γενέσθω
635 237 654 271 ἡ
669 234 729 275 χείρ
749 245 796 264 σου
815 235 858 263 ἐπ’

89 287 163 326 ἐμοὶ,
177 285 222 315 καὶ
235 286 262 315 ἐν
274 287 312 324 τῷ
325 283 390 324 οἴκῳ
403 286 450 312 τοῦ
463 281 562 322 πατρός
574 292 633 320 μου.
646 280 700 310 Καὶ
714 279 835 320 Ἆὸραὰμ
845 280 860 309 ὁ

91 331 257 372 πατριάρχης
265 330 356 371 πόῤῥω
363 331 417 359 τῶν
426 331 516 358 κακῶν
525 326 702 364 {mahemet
710 326 782 356 οὐδὲν
791 325 860 365 ἔχων

91 378 176 408 κοινὸν
185 378 250 418 πρὸς
259 378 293 407 τὰ
301 380 312 394 ⁶
321 374 527 415 καταληψόμενα
535 378 595 407 τοὺς
603 375 630 403 ἐν
640 372 769 412 Σοδόμοις
779 372 859 410 κακὰ,

913 233 967 263 Dei
991 243 1110 268 cernens,
1122 232 1150 262 in
1163 242 1191 262 se
1212 231 1359 263 vindictam
1381 231 1523 263 revocabat
1542 230 1654 262 dicens:

911 280 977 320 Ego
987 285 1088 319 pastor
1098 279 1232 318 peccavi,
1249 284 1278 307 et
1289 288 1342 318 ego
1351 285 1453 318 pastor
1465 278 1575 308 malum
1591 288 1656 318 per-

909 327 1041 366 petravi:
1056 332 1085 355 et
1096 327 1156 363 isti,
1171 327 1223 365 qui
1234 335 1305 366 grex
1320 331 1399 361 sunt,
1414 325 1488 365 quid
1488 325 1632 365 fecerunt
1645 327 1659 353 P

911 373 983 401 Fiat
1005 381 1111 401 manus
1135 378 1187 400 rua
1204 381 1291 412 super
1303 381 1360 407 me,
1373 377 1401 399 et
1427 371 1545 400 domum
1565 373 1659 410 patris

91 427 127 459 ὡς
147 426 175 454 ἐν
198 425 286 458 αὐτοῖς
305 423 394 463 μέσοις
416 426 470 455 τοῖς
494 422 585 454 δεινοῖς
605 419 777 459 ἐμὸεὸηκὼς,
790 418 860 448 οὕτω
876 425 895 448 1)
912 421 980 446 mei.
991 417 1129 447 Abraham
1142 428 1206 447 vero
1220 417 1384 458 patriarcha,
1404 427 1468 446 cum
1481 417 1577 457 procul
1591 424 1659 447 esset

88 470 236 511 παρεκάλει
253 469 298 499 καὶ
315 467 402 498 ἐδέετο
418 470 464 497 τοῦ
485 468 568 503 Θεοῦ,
583 466 630 495 καὶ
641 466 695 495 οὐδ’
710 465 742 495 ἃν
756 464 860 501 ἀπέστη

90 515 179 545 πάντα
203 517 286 546 ποιῶν
308 514 353 545 καὶ
376 514 470 554 λέγων,
488 512 557 542 ὥστε
575 513 654 542 λῦσαι
675 511 720 541 τὸν
744 511 859 551 χαλεπὸν

89 561 249 602 ἐμπρησμὸν
263 563 371 596 ἐκεῖνον,
392 561 416 590 εἶ
430 559 467 599 μὴ
479 561 494 588 ὁ
507 559 575 592 Θεὸς
589 558 667 588 αὐτὸν
679 558 753 598 ἀφεὶς
771 558 861 593 ἀπῆλ-

88 612 144 639 θεν.
155 610 191 639 Οἱ
205 610 233 639 δὲ
246 610 274 638 ἐν
287 611 320 649 τῇ
336 609 421 647 Καινῇ
435 606 480 636 καὶ
493 606 599 646 μείζονα
613 605 783 639 ἀπεδείξαντο
797 604 861 634 ταύ-

91 667 139 691 της
162 654 212 691 τὴν
236 654 346 695 ἀρετὴν,
373 653 420 682 ἅτε
443 652 489 683 καὶ
512 651 630 686 πλείονος
653 650 861 684 ἀπολελαυκότες

88 702 215 741 χάριτος,
234 701 280 730 καὶ
299 700 365 740 πρὸς
386 698 538 739 μακρότερα
551 697 691 734 κληθέντες
704 696 860 735 σκάμματα.

92 747 146 777 Διὰ
158 750 236 776 τοῦτο
248 747 293 776 καὶ
306 746 408 786 Πέτρος
422 744 523 775 ἀκούων
537 746 582 773 τοῦ
594 745 710 784 Χριστοῦ
726 745 862 781 λέγοντος,

92 793 134 823 ὅτι
146 797 201 826 τοῖς
218 794 360 822 πλουτοῦσι
378 789 564 826 δυσκολωτᾶτη
583 792 600 826 ἢ
616 789 681 830 πρὸς
694 789 738 818 τὸν
752 788 861 828 οὐρανὸν

94 839 206 874 εἴσοδος,
220 838 321 878 ἠγωνία
336 837 381 868 καὶ
395 837 505 878 ἔτρεμε,
519 836 565 876 καὶ
575 837 669 865 πεῦσιν
682 837 801 876 προσῆγε
813 834 861 864 λέ-

89 897 158 924 γων·
171 885 221 918 Τίς
240 885 292 925 ἄρα
305 883 412 914 δύναται
427 885 560 918 σωθῆναι;
578 882 664 911 καίτοι
681 893 712 921 γε
726 881 792 921 ὑπὲρ
809 883 861 910 τῶν

92 933 150 961 καθ’
168 931 260 960 ἑαυτὸν
277 932 379 970 θαῤῥῶν
393 929 566 970 πραγμάτων.
586 929 627 958 Οὔ
648 927 699 968 γὰρ
717 926 748 956 τὸ
761 928 862 956 ἑαυτῶν

911 474 926 493 a
934 463 1024 501 malis,
1035 470 1060 493 et
1068 463 1138 493 nihil
1146 474 1287 493 commune
1294 463 1405 493 haberet
1414 473 1477 492 cum
1483 462 1601 503 pernicie
1610 463 1659 492 illa

910 509 1063 540 Sodomitas
1083 510 1219 547 invasura,
1234 509 1311 549 quasi
1325 509 1423 549 ipsein
1436 508 1533 538 mediis
1546 509 1659 538 calami-

910 556 1010 586 tatibus
1024 556 1191 593 consisteret,
1203 557 1240 586 ita
1263 558 1352 586 Deum
1365 555 1527 596 precabatur
1537 562 1563 585 et
1574 566 1658 595 roga-

910 603 968 640 bat,
992 613 1080 642 neque
1097 603 1180 632 finem
1192 603 1312 633 facturus
1323 609 1379 632 erat
1388 601 1561 642 supplicandi
1575 609 1606 631 ut
1614 602 1658 631 di-

911 662 975 680 rum
988 650 1144 681 incendium
1158 658 1300 689 averteret,
1323 650 1375 680 nisi
1388 652 1463 680 Dens
1484 650 1533 680 illo
1547 650 1660 681 dimisso

911 697 1030 727 abiisset.
1043 697 1136 728 Sancti
1161 708 1243 738 porro
1266 697 1338 728 Novi
1354 697 1518 726 Taetamenti
1532 697 1661 736 majorem

911 744 1060 774 exhibuere
1076 744 1218 782 virtutem,
1233 751 1325 785 utpote
1346 743 1442 784 majori
1457 742 1541 783 gratia
1555 743 1659 781 donati,

911 797 938 819 et
950 789 986 819 ad
1002 789 1174 820 diuturniora
1197 790 1344 820 certamina
1361 790 1459 820 vocati.
1486 789 1551 819 Ideo
1565 791 1662 819 Petrus

911 836 1051 866 Christum
1075 836 1187 866 audiens
1206 837 1356 871 dicentem,
1370 836 1505 867 divitibus
1526 836 1662 866 difficilli-

912 894 988 912 mum
1007 893 1064 912 esse
1078 884 1206 913 caelorum
1219 884 1380 924 ingressum,
1401 884 1549 922 angebatur
1560 890 1588 912 et
1607 890 1662 912 tre-

912 929 1012 966 mebat,
1022 936 1102 968 atque
1119 930 1156 959 ita
1165 930 1320 960 *sciscitatus
1329 937 1368 959 est
1381 942 1388 958 :
1404 931 1475 969 Quis
1489 940 1555 970 ergo
1567 936 1663 969 potest

91 978 241 1013 ἐσκόπουν,
269 977 337 1007 ἀλλὰ
360 978 408 1012 τῆς
436 975 588 1014 οἰκουμένης
619 974 777 1015 ἐφρόντιζον.
808 974 861 1004 Καὶ
878 981 895 1004 f.
913 976 1044 1005 salvari?
1067 976 1171 1005 etiamsi
1189 976 1260 1005 circa
1276 987 1319 1005 res
1340 986 1402 1005 suas
1423 975 1578 1006 confideret.
1594 977 1656 1006 Non

93 1025 198 1057 Παῦλος
224 1023 252 1053 δὲ
275 1022 330 1052 '¹81'
351 1022 418 1052 ὅλων
440 1024 518 1051 τοῦτο
539 1023 605 1060 ἡμῖν
627 1020 789 1050 ἐνδείκνυται
808 1022 861 1049 τῶν

92 1071 238 1100 ἐπιστολῶν
249 1082 256 1089 ·
275 1069 303 1102 ὃς
320 1069 379 1098 οὐδὲ
398 1068 442 1098 τὸν
457 1068 570 1108 Χριστὸν
586 1068 649 1096 ἰδεῖν
663 1067 791 1106 ἠνέσχετο
811 1066 863 1105 πρὸ

92 1118 140 1152 τῆς
156 1119 208 1146 τῶν
221 1116 365 1155 ἀνθρώπων
378 1114 509 1154 σωτηρίας
519 1112 612 1150 ,οὕτω
630 1112 729 1151 λέγων·
743 1112 783 1141 Τὸ
797 1114 863 1141 ἀνα-

92 1164 186 1198 λῦσαι,
197 1162 242 1193 καὶ
256 1161 302 1191 σὺν
316 1162 424 1202 Χριστῷ
438 1156 514 1196 εἶναι,
528 1164 659 1200 κρεῖσσον,
672 1159 703 1188 τὸ
716 1158 743 1188 δὲ
756 1160 863 1198 ἐπιμεῖ-

91 1220 135 1238 ναι
155 1210 189 1247 τῇ
209 1207 287 1247 σαρκὶ
307 1205 510 1246 ἀναγκαιότερον
526 1206 559 1235 δι’
580 1207 656 1243 ὑμᾶς.
678 1205 803 1234 Τοιοῦτον
818 1204 863 1234 καὶ

92 1249 166 1287 οὗτος
191 1255 256 1292 ἡμῖν
280 1253 398 1292 διατηρεῖ
420 1250 465 1279 τὸν
485 1252 645 1290 χαρακτῆρα
667 1251 681 1278 ὁ
705 1249 861 1290 προφήτης,

91 1299 137 1328 καὶ
161 1299 245 1338 λέγων
270 1298 318 1331 τὰς
341 1296 485 1337 ἀποφάσεις
508 1298 554 1325 τοῦ
573 1297 644 1325 Θεοῦ
668 1295 736 1334 μετὰ
759 1296 860 1331 πολλῆς
879 1312 891 1331 ³

913 1022 986 1050 enim
1004 1021 1039 1051 de
1052 1022 1135 1051 rebus
1149 1021 1217 1058 suis,
1236 1021 1285 1051 sed
1307 1021 1342 1051 de
1355 1022 1420 1051 orbe
1439 1021 1548 1052 solliciti
1566 1029 1656 1052 erant.

914 1067 1015 1096 Paulus
1028 1074 1099 1097 certe
1112 1078 1161 1107 per
1173 1077 1264 1097 omnes
1285 1068 1421 1108 Epistolas
1430 1078 1493 1097 suas
1504 1067 1574 1098 illud
1587 1068 1663 1097 indi-

913 1120 955 1142 cat
972 1123 978 1141 ε
992 1113 1039 1152 qui
1053 1113 1132 1153 prius
1156 1113 1272 1143 habebat
1284 1113 1426 1143 hominum
1444 1114 1569 1151 salutem,
1581 1125 1662 1153 quam

913 1158 1052 1189 Christum
1080 1159 1183 1196 videre,
1207 1160 1244 1189 ita
1257 1159 1349 1189 dicens
1370 1172 1378 1188 ι
1396 1161 1526 1197 Βεεοὶνί,
1541 1167 1570 1190 et
1595 1170 1662 1190 cum

915 1206 1030 1235 Christo
1065 1217 1137 1244 esse,
1157 1207 1261 1238 melius
1282 1213 1336 1242 est,
1359 1217 1478 1236 manere
1498 1215 1598 1247 quiem
1629 1212 1662 1239 in

911 1262 999 1282 carne
1022 1254 1114 1293 magis
1135 1255 1329 1284 necessarium
1349 1261 1466 1294 propter
1476 1265 1540 1284 vos.
1566 1256 1661 1286 Talem

911 1298 988 1328 uobis
1008 1306 1097 1329 servat
1115 1299 1232 1329 sormam
1256 1299 1302 1329 hic
1316 1300 1465 1341 propheta:
1486 1301 1536 1330 Dei
1547 1312 1662 1342 namque

92 1347 140 1381 τῆς
151 1344 301 1386 παῤῥησίας
310 1366 318 1381 ,
333 1343 378 1373 καὶ
395 1343 525 1381 ἐπιτιμῶν
538 1346 593 1375 τοῖς
605 1341 801 1381 ἁμαρτάνουσι,
815 1341 860 1371 καὶ
877 1340 896 1363 Α
910 1346 1052 1376 sententias
1072 1357 1134 1376 cum
1156 1357 1253 1386 magna
1265 1346 1365 1376 fiducia
1376 1348 1478 1387 profert
1489 1371 1498 1384 ,
1510 1356 1661 1388 peccatores

90 1391 253 1431 παρακαλῶν
269 1389 348 1419 αὖτὸν
362 1390 477 1429 συνεχῶς
495 1387 541 1418 καὶ
555 1387 598 1416 διὰ
618 1389 728 1427 μακρῶν
747 1389 799 1416 τῶν
813 1387 861 1416 λό-

90 1448 144 1476 γων
161 1435 367 1476 παροξυνόμενον
380 1436 439 1464 κατ’
462 1435 548 1463 αὐτῶν
559 1444 566 1452 ·
588 1433 634 1463 καὶ
652 1436 729 1462 τοῦτο
743 1433 862 1472 μάλιστα

91 1481 155 1522 πρὸς
174 1483 212 1522 τῷ
232 1481 303 1511 τέλει
322 1483 370 1516 τῆς
382 1479 545 1519 προφητείας
559 1479 629 1508 ἐστὶν
651 1480 724 1514 ἰδεῖν,
737 1479 819 1513 ’τέως
833 1479 861 1509 δὲ

92 1529 178 1557 αὐτῶν
190 1529 330 1567 ἀναγκαῖον
342 1526 468 1567 ἄρξασθαι
480 1527 532 1555 τῶν
543 1525 699 1565 προοιμίων.

377 1618 518 1647 ΚΕΦΑΛ.
537 1616 570 1646 α’.

284 1703 413 1744 “Ὀρασις,
427 1704 459 1739 ἢν
474 1699 540 1733 εἶδεν
554 1703 676 1737 Ἡσαΐας.

131 1797 246 1837 Ὅρασιν
271 1798 346 1826 καλεῖ
363 1795 415 1836 ,τὴν
439 1796 610 1836 προφητείαν,
629 1795 646 1831 ἢ
666 1796 710 1826 διὰ
727 1796 757 1826 τὸ
777 1797 864 1826 πολλὰ

910 1391 1040 1432 increpat,
1057 1392 1203 1432 ipsumque
1218 1399 1311 1422 contra
1325 1392 1388 1422 illos
1400 1401 1589 1434 exasperatum
1602 1395 1662 1424 lon·

911 1439 953 1479 gis
977 1439 1133 1479 frequenter
1153 1439 1322 1469 sermonibus
1343 1440 1450 1480 placat;
1471 1441 1544 1480 quod
1557 1442 1586 1471 in
1609 1442 1662 1472 fine

910 1486 1028 1516 maxime
1044 1486 1191 1526 prophetiae
1204 1485 1298 1516 videre
1315 1493 1362 1515 est·
1377 1487 1497 1517 Tandem
1508 1487 1598 1528 ipsum
1612 1488 1663 1518 ad-

912 1531 1027 1562 eundem
1041 1539 1082 1562 est
1098 1532 1247 1573 prophetiae
1267 1532 1420 1563 exordium.

1212 1626 1335 1656 CAPUT
1351 1626 1374 1655 Ι.

1097 1705 1187 1741 Visio,
1201 1716 1282 1744 quam
1295 1706 1366 1736 vidit
1386 1706 1480 1736 Isaias.

954 1797 982 1825 1.
1007 1795 1149 1826 Visionem
1163 1803 1241 1827 vocat
1255 1797 1435 1837 prophetiam,
1450 1798 1495 1828 vel
1508 1799 1547 1829 sic
1569 1799 1660 1838 loqui-

92 1845 144 1873 τῶν
159 1842 343 1882 ἐκδησομένων
363 1842 406 1871 ἐπ’
429 1843 510 1877 αὐτῆς
529 1844 592 1882 ὁρᾷν
612 1844 659 1878 τῆς
676 1842 777 1882 ὄψεως·
799 1844 835 1876 ὡς
850 1845 863 1872 ὁ
879 1854 897 1876 B
913 1847 968 1877 tur,
994 1841 1068 1880 quod
1081 1842 1166 1871 multa
1189 1853 1282 1871 eorum
1301 1853 1360 1882 quae
1380 1850 1508 1874 eventura
1521 1853 1598 1875 erant
1609 1846 1660 1875 sub

92 1888 212 1928 Μιχαίας
231 1883 283 1918 ε’ἶδε
300 1888 344 1918 τὸν
363 1887 427 1917 λαὸν
448 1887 613 1927 ἐσπαρμένον
626 1899 633 1906 ·
647 1887 692 1917 καὶ
707 1890 721 1917 ὁ
734 1887 863 1924 Ἰεζεκιὴλ

91 1934 140 1970 τὴν
157 1933 342 1974 αἰχμαλωσίαν
357 1932 401 1963 καὶ
415 1932 463 1969 τὴν
481 1933 648 1972 παρανομίαν
662 1936 714 1963 τῶν
730 1932 775 1962 τὸν
788 1933 863 1969 ἥλιον

91 1979 304 2020 προσκυνούντων
315 1979 360 2009 καὶ
371 1978 415 2008 τὸν
422 1978 567 2018 Θαμούζην
578 1991 584 1998 ·
594 1979 612 2015 ἢ
625 1979 668 2008 διὰ
677 1979 707 2008 τὸ
718 1979 766 2016 τὴν
779 1979 861 2015 ἀκοὴν

92 2027 145 2055 τῶν
163 2028 305 2066 προφητῶν
329 2025 376 2062 τὴν
400 2027 431 2055 ἐκ
453 2028 498 2055 τοῦ
519 2027 590 2055 Θεοῦ
611 2025 753 2065 γενομένην
774 2027 862 2059 αὐτοῖς

94 2071 176 2111 μηδὲν
192 2072 300 2102 ἔλαττον
314 2072 384 2111 ἔχειν
400 2074 448 2108 τῆς
463 2072 562 2112 ὄψεως,
578 2072 637 2101 ἀλλ’
651 2071 747 2111 ὁμοίως
758 2073 862 2111 πληρο-

94 2122 191 2158 φορεῖν,
203 2118 268 2159 ὅπερ
281 2119 308 2147 ἐν
322 2122 376 2151 τοῖς
389 2120 522 2157 βιωτικοῖς
535 2119 582 2147 οὐκ
598 2118 645 2148 ἔνι.
657 2117 722 2147 ’Ότι
736 2117 787 2157 γὰρ
802 2118 861 2147 ἑτέ-

127 2228 139 2240 “
154 2220 216 2255 Reg-
228 2224 403 2256 καταληψόμενοι
414 2228 468 2251 τοῖς.

128 2259 140 2274 ⁴
156 2262 187 2286 Δι’
198 2263 259 2292 ὅλον,
269 2266 317 2285 etc.
325 2260 367 2285 sic
376 2261 462 2285 eratin
472 2260 540 2292 prius
549 2258 640 2285 Editis.
648 2260 678 2284 In
686 2258 754 2284 hunc
767 2259 850 2284 locum

98 2298 150 2324 boec
168 2304 240 2324 notat
257 2298 371 2325 Saviliuae.
384 2306 452 2326 «τῶν
468 2302 599 2326 ἐπιστολῶν.
618 2299 784 2324 Doctissimus
794 2298 850 2325 Boi-

96 2338 159 2370 siun,
170 2341 206 2365 ini
214 2345 259 2364 τῶν
270 2341 396 2365 ἐπιστολῶν.
407 2337 509 2364 ΑΙΙεηιιι
518 2346 548 2363 ex
560 2339 718 2372 conjectura,
730 2341 758 2365 δι’
772 2342 829 2365 ὅλων
842 2351 847 2366 :

96 2376 232 2403 videndum
245 2383 328 2402 tamen
345 2386 377 2403 an
392 2379 443 2411 regi
453 2377 532 2410 possit
543 2387 557 2402 a
570 2381 598 2404 δι’
617 2381 669 2404 ὅλου
678 2377 848 2411 praecedente,

96 2425 125 2442 en
137 2417 338 2448 constructione,
347 2425 396 2450 qua
407 2416 514 2442 dicimus
525 2422 642 2451 πανταχοῦ
655 2421 741 2447 πόλεως
748 2438 754 2450 ,
765 2429 853 2445 nawa-

95 2460 138 2490 χοῦ
147 2462 185 2488 γῆς
197 2465 203 2479 z
217 2461 242 2480 et
251 2455 446 2489 Chryroatomun
457 2457 510 2488 ipse
521 2455 612 2483 Psalm.
626 2458 668 2487 46,
682 2461 798 2491 πανταχοῦ
808 2465 852 2484 τῶν

97 2498 231 2525 ἐπιστολῶν,
242 2493 274 2519 de
292 2494 330 2519 hia
343 2495 402 2527 ipsi·
417 2493 528 2528 loquens.
540 2505 552 2520 »a
564 2495 621 2520 Non
639 2494 755 2528 displicet
768 2498 853 2530 conje-

98 2539 169 2559 ctura
184 2532 269 2559 Savilii
284 2546 290 2560 ;
308 2533 376 2559 malo
396 2539 481 2560 tamen
499 2533 632 2560 lectionem
652 2541 764 2569 mutare,
777 2543 803 2562 et
822 2540 850 2564 δι’

99 2576 157 2600 ὅλων
165 2572 244 2606 legere
254 2586 259 2606 ¹»
273 2574 324 2598 imo
335 2574 370 2598 sic
382 2572 470 2606 legitur
482 2572 508 2599 in
519 2574 648 2601 anarico.

912 1894 1020 1927 aspectu
1046 1887 1175 1917 haberet:
1191 1888 1422 1927 quemadmodum
1441 1890 1569 1920 Michaeas
1589 1891 1659 1922 vidit

916 1933 1050 1973 populum
1063 1933 1216 1974 dispersum
1233 1947 1239 1964 :
1254 1942 1280 1964 et
1291 1935 1414 1965 Ezechiel
1430 1936 1610 1977 captivitatem
1629 1950 1659 1968 ac

912 1979 1160 2019 praevaricationem
1181 1991 1275 2010 eorum
1289 1981 1335 2020 qui
1358 1982 1442 2011 solem
1455 1990 1482 2012 et
1494 1983 1659 2014 Thamuzem

911 2025 1059 2055 adorabant
1073 2039 1079 2055 ε
1094 2026 1138 2056 vel
1157 2027 1221 2066 quia
1235 2027 1266 2057 id
1275 2027 1349 2067 quod
1363 2029 1501 2069 prophetae
1514 2041 1529 2059 a
1546 2032 1602 2060 Deo
1614 2042 1660 2061 au-

911 2072 1030 2110 diebant,
1045 2073 1104 2114 ipso
1121 2085 1212 2103 rerum
1225 2081 1368 2115 conspectu
1382 2075 1452 2105 nihil
1472 2077 1562 2106 minus
1575 2077 1661 2107 habe-

911 2125 962 2156 ret,
977 2118 1024 2148 sed
1035 2119 1146 2159 perinde
1166 2119 1247 2150 fidem
1268 2121 1376 2159 faceret,
1391 2132 1467 2152 secus
1480 2133 1562 2162 quam
1576 2123 1604 2152 in
1617 2134 1660 2153 re-

932 2229 943 2242 ·
960 2226 1019 2252 Tio:
1029 2225 1053 2249 δὲ
1065 2226 1139 2250 αὐτῶν
1150 2228 1270 2257 ἀναγκαῖον
1281 2228 1392 2260 ἄρξασθαι
1404 2233 1449 2252 τῶν
1460 2231 1592 2261 προοιμίων.
1600 2228 1660 2253 Hoec

898 2263 1003 2294 pessime
1017 2268 1126 2287 verterat
1133 2262 1283 2288 Tilmannus
1295 2264 1372 2290 :Non
1385 2265 1475 2290 inutile
1477 2265 1563 2299 fierit
1571 2266 1659 2292 hacte-

898 2310 947 2326 nus
957 2303 1073 2326 sumsisse
1093 2308 1184 2327 nostae
1204 2305 1370 2328 enarrationis
1387 2305 1516 2329 exordium
1537 2307 1570 2330 ab
1591 2306 1659 2332 hisce

896 2343 1023 2374 pmoemiis
1034 2351 1042 2365 :
1054 2350 1111 2366 cum
1124 2342 1159 2366 sic
1175 2343 1394 2375 interpretandum
1406 2345 1439 2368 sit
1451 2356 1455 2370 :
1475 2344 1592 2376 Interim,
1605 2346 1657 2378 vel,

899 2380 998 2405 tandem
1009 2382 1089 2414 ipsum
1100 2380 1244 2406 adeundum
1253 2387 1288 2406 est
1306 2382 1446 2416 prophetice
1459 2384 1605 2416 exordium5
1616 2391 1660 2409 aut

901 2419 962 2452 quid
971 2419 1060 2444 simile.

934 2457 1008 2483 Nulla
1020 2467 1096 2491 porro
1106 2460 1217 2491 capitum
1227 2458 1357 2485 distinctio
1366 2459 1472 2484 habetur
1485 2461 1510 2485 in
1522 2461 1600 2494 Regio
1609 2463 1658 2487 Co-

900 2497 965 2522 dice.
973 2498 1030 2522 Imo
1045 2499 1070 2522 in
1081 2497 1205 2523 veteribus
1212 2499 1270 2524 Mss.
1280 2498 1353 2531 longe
1361 2498 1473 2524 diversus
1483 2505 1536 2524 erat
1546 2503 1657 2533 capitum

900 2536 964 2562 ordo
973 2558 979 2569 ‚
993 2542 1021 2561 ut
1034 2535 1119 2562 videas
1138 2538 1163 2573 in
1175 2536 1331 2562 Bibliotheca
1348 2543 1434 2562 nostra
1449 2537 1616 2572 Coisliniana,
1627 2540 1659 2565 dc

899 2575 969 2601 libris
983 2575 1093 2601 Biblicis.

1666 244 1688 259 2.
1699 236 1806 265 Rogat.

1669 274 1705 299 ¹7-

1671 937 1811 962 Luc.18.26.

1670 1168 1757 1197 Philip.
1776 1175 1796 1189 Ι.

1671 1199 1709 1222 23.
1729 1198 1767 1229 24.

1667 1900 1689 1922 3.
1701 1901 1758 1928 Περ.
1770 1908 1808 1923 22.

1667 1938 1751 1985 issisti.
1772 1964 1796 1987 8.

1672 1993 1708 2024 14.
