1890 2826
804 191 972 213 ΜοΝιΤυΜ.
1600 182 1643 225 47
1657 194 1663 212 ι

149 257 281 287 Hactenus
305 255 404 284 Fronto
427 254 541 283 Ducaeus
555 251 589 281 de
611 251 710 292 spuriis
734 251 917 291 chrysostomi
931 251 1069 291 operibus,
1085 262 1144 290 qua¹
1168 252 1194 281 in
1216 259 1289 282 sexto
1312 253 1397 282 Tomo
1415 254 1516 292 posuit,
1534 254 1559 282 in
1571 253 1670 292 quibus

107 312 200 344 agmen
213 301 290 331 ducit
300 301 356 330 haec
367 294 402 329 de
415 298 567 339 legislatore
575 296 687 327 homilia
701 309 706 325 :
719 297 888 335 Tomumqnc
897 296 977 325 illum
989 296 1134 327 absolvunt
1146 297 1333 336 ἀπανοίσματα
1344 308 1390 327 seu
1406 297 1560 338 Florilegia‚
1571 309 1631 337 quae
1645 299 1671 327 iu

106 350 159 378 tine
172 349 285 390 hujusce
304 346 384 376 Tomi
403 345 550 375 edentur*.
562 345 602 375 Ut
614 343 735 384 spuriam
758 343 923 372 arbitremur
936 342 1049 372 suadent
1063 343 1111 372 illa
1135 344 1224 373 omnia
1237 354 1296 383 quae
1320 343 1441 374 Savilius
1454 354 1535 384 supra
1550 345 1670 383 notavit;

105 394 170 435 styli
180 393 324 424 diversitas
334 398 416 428 tanta,
431 398 461 421 ut
473 391 529 420 sola
543 389 626 430 possit
637 398 686 418 nos
699 388 734 418 ad
754 388 888 418 calculum
908 395 999 417 contra
1010 388 1148 418 ferendum
1162 388 1312 429 deducere;
1327 391 1518 431 allegoriarum
1537 402 1602 421 usus
1617 392 1672 421 fre-

104 452 202 481 quens,
213 447 306 471 contra
315 450 418 469 morem
429 437 613 479 chrysostomi
626 436 763 475 agn-'atius
776 437 884 476 Martyr
896 435 1012 474 allatus3
1025 434 1098 474 quod
1111 446 1244 475 nusquam
1258 437 1332 477 apud
1346 438 1569 478 Chrysostomum
1580 438 1673 468 videre

109 496 158 518 cst.
172 488 208 518 Et
219 497 285 518 vero
298 484 415 515 insolens
425 491 464 514 est
477 483 550 525 apud
561 484 784 523 chrysostomum
795 483 845 513 SS.
858 489 957 523 patres,
968 482 1016 521 qui
1028 490 1229 522 praecesserunt,
1242 484 1269 512 in
1280 483 1400 513 medium
1411 484 1569 514 nominatim
1579 484 1674 514 allatos

112 534 214 564 videre.
231 533 319 564 Series
333 531 466 569 intricata,
482 537 574 561 contra
594 529 777 570 chrysostomi
790 539 907 560 morem;
920 528 967 567 qui
981 528 1058 567 quasi
1072 529 1158 557 amnis
1179 528 1236 558 sine
1258 529 1369 559 salebris
1383 540 1488 570 semper
1498 537 1598 560 manat.
1613 531 1674 560 Hoec

105 586 263 619 argumenta
274 579 411 608 confutare
422 578 519 607 frustra
534 583 645 606 conatur
658 577 805 605 Pearsonus
817 574 853 604 de
862 575 968 614 Ignatio
980 573 1056 604 Edit.
1072 574 1272 604 Cantabriensis
1283 575 1366 605 Tom.
1376 578 1404 612 1,
1417 587 1480 616 pag.
1489 578 1547 606 159
1561 583 1587 606 et
1598 587 1674 616 seqq.

107 626 226 655 Felicius
239 625 337 654 refellit
352 623 423 653 illud
443 622 520 652 aliud
533 622 607 662 quod
627 622 720 663 adjicit
733 622 862 657 savinus,
878 632 974 662 nempe
986 622 1057 650 hano
1078 620 1224 650 orationem
1245 622 1340 651 factam
1353 633 1409 652 esse
1422 622 1578 652 imminente
1593 622 1675 651 exitio

106 671 214 711 imperii
227 669 528 710 Constantinopolitani,
543 675 569 698 et
582 668 753 699 difficillimis
776 668 935 708 reipublicae
952 666 1129 708 temporibus.
1151 667 1220 696 Nam
1234 667 1364 697 fateamur
1378 678 1483 698 necesse
1493 674 1532 697 est
1550 668 1608 697 haec
1621 678 1676 697 esse

104 716 276 746 obscuritatis
288 716 378 756 plena,
387 715 489 754 vixque
502 715 565 745 hinc
580 725 659 756 posse
671 721 761 744 notam
776 714 820 744 vel
835 714 1018 753 γνησιόιητος,
1028 713 1072 743 vel
1087 712 1187 746 νοθείας
1200 713 1270 742 erui.
1286 713 1340 744 Sed
1358 714 1412 743 alia
1425 725 1485 753 quae
1498 715 1676 755 praemisimus

107 764 170 793 satis
178 773 312 804 superque
323 769 385 792 sunt
395 761 430 791 ad
440 762 585 801 homiliam
597 762 790 802 Chrysostomo
801 754 1018 800 abjudicandamss
1028 761 1098 790 Nam
1111 759 1184 798 quod
1198 760 1311 789 Photius
1321 771 1379 790 eam
1392 771 1441 800 pro
1451 761 1565 801 genuina
1576 761 1677 790 habuc-

58 840 62 841 ι
108 810 156 847 rit,
170 811 200 840 id
212 821 267 840 non
279 820 407 849 magnum
421 809 557 848 negotium
570 809 686 846 facessit,
698 808 916 848 quandoquidem
931 809 978 838 ille
997 818 1050 837 nou
1063 818 1149 848 pauca
1167 807 1220 836 alia
1233 808 1325 847 spuria
1345 819 1395 847 pro
1406 808 1478 837 veris
1491 807 1597 837 hahuit.
1614 809 1677 837 Alio

107 855 170 884 item
182 865 234 885 non
245 854 397 895 spernendo
421 861 577 894 argumento
599 854 658 894 ejus
671 853 813 893 γνησιότης
836 854 1021 894 impugnatur,
1037 852 1110 892 quod
1133 852 1263 882 nimirum
1287 854 1368 893 paulo
1379 861 1439 883 ante
1458 853 1537 883 finem
1558 854 1674 887 dicatur.

107 901 203 941 ἔχομεν
222 900 271 937 τὴν
285 901 425 931 δέσποιναν
439 902 516 940 ἡμῶν
530 900 579 937 τὴν
593 900 714 930 θεοτόκον
727 900 776 936 τὴν
789 900 865 939 ἁγίαν
883 900 1051 940 ἀειπαρθένον
1066 899 1173 939 Μαρίαν
1187 911 1194 927 :
1208 901 1359 930 Habemus
1375 901 1535 929 Dominam
1547 907 1675 930 nostram

109 947 269 987 Deipnram
288 955 422 977 sanctam
449 957 559 986 semper
582 947 727 986 virginem
749 946 892 983 Mariam,
908 957 967 986 quae
988 947 1068 975 etiam
1090 952 1259 985 repetuntur.
1275 945 1351 975 Licet
1370 947 1444 976 enim
1454 947 1484 976 b.
1499 946 1576 986 virgo
1587 947 1675 976 Maria

107 1004 214 1034 semper
225 995 252 1023 in
263 994 382 1024 Ecclesia
396 1004 459 1024 cum
474 994 584 1022 honoris
598 993 792 1032 significatione
804 999 1011 1022 commemorata
1023 992 1103 1021 fuerit
1115 1014 1122 1027 ‚
1139 1001 1191 1020 non
1212 991 1334 1021 solebant
1347 993 1430 1022 sancti
1448 994 1502 1023 PP.
1515 994 1676 1033 praesertim-

106 1051 160 1079 que
171 1041 392 1080 chrysostomus,
405 1039 464 1069 haeo
477 1039 516 1068 sic
529 1038 709 1078 conglobatim
721 1038 827 1072 afferre,
840 1038 914 1076 qnod
927 1048 1005 1067 nemo
1018 1037 1066 1076 qui
1077 1037 1127 1067 SS.
1144 1038 1198 1066 PP.
1213 1037 1365 1076 primorum
1383 1038 1503 1077 quinque
1517 1038 1677 1067 saeculorum

108 1085 202 1125 legerit
214 1085 316 1115 inficias
330 1084 391 1114 ibit.
401 1084 484 1113 Aliud
494 1083 614 1112 adfertur
626 1090 813 1123 argumentum
822 1094 856 1113 ex
867 1083 1040 1121 sequentibus
1054 1082 1143 1113 verbis
1157 1081 1310 1112 desumtum
1323 1095 1329 1111 ι
1344 1084 1485 1113 Dicamus
1497 1091 1524 1113 et
1536 1094 1587 1113 nos
1599 1085 1678 1113 Pau-

109 1133 150 1169 lo,
162 1131 405 1171 quemadmodum
413 1135 442 1157 et
450 1131 538 1168 prisci
547 1129 594 1158 illi
603 1141 613 1158 .·
626 1130 698 1159 Cum
710 1131 742 1158 in
756 1130 961 1158 Macedoniam
972 1130 1184 1168 pertransieris,
1196 1131 1279 1159 nobis
1291 1130 1446 1159 auxiliare.
1457 1130 1528 1160 Hinc
1541 1130 1677 1170 arguitur,

111 1178 249 1216 inquiunt,
262 1187 324 1206 eum
336 1176 385 1215 qui
400 1175 455 1205 haec
468 1176 686 1212 concionabatur,
698 1175 724 1204 in
737 1175 896 1205 Macedonia
908 1175 999 1204 fuisse.
1013 1176 1117 1204 Verum
1132 1174 1221 1204 nescio
1231 1186 1264 1204 an
1276 1175 1418 1216 quidpiam
1429 1175 1492 1205 inde
1504 1176 1563 1205 erui
1577 1177 1676 1216 possit;

109 1224 223 1254 libenter
236 1223 308 1254 enim
322 1222 430 1253 credam
444 1222 490 1251 hic
499 1221 689 1252 *Macedoniam
701 1222 777 1262 poni,
793 1222 857 1260 quia
869 1222 896 1250 in
910 1222 1051 1262 Scriptura
1069 1221 1201 1259 habetur;
1216 1221 1263 1251 sed
1276 1229 1391 1251 mentem
1418 1222 1555 1262 scriptoris
1568 1233 1635 1259 esse,
1650 1223 1678 1252 in

108 1270 205 1309 quavis
216 1271 324 1310 regione
336 1269 375 1299 sic
385 1268 550 1309 precandum
562 1279 629 1298 esse.
649 1270 733 1298 Certe
753 1278 805 1297 non
820 1268 1005 1298 Macedoniam
1019 1267 1117 1301 solum,
1131 1267 1178 1296 sed
1191 1274 1277 1297 totum
1298 1269 1446 1309 Imperium
1463 1276 1528 1298 tunc
1540 1269 1677 1309 periclita-

110 1323 169 1346 tum
182 1327 238 1346 esse
248 1316 295 1346 hic
307 1315 424 1355 scriptor
435 1314 533 1344 innuit.
546 1315 604 1344 Sub
615 1313 709 1355 judice
723 1313 758 1343 lis
772 1320 838 1343 esto.

150 1363 197 1393 Ex
206 1362 250 1392 his
263 1372 328 1392 vero
340 1372 400 1400 quae
410 1360 532 1390 diximus
543 1360 628 1400 liquet
641 1361 710 1390 hanc
723 1361 878 1390 concionem
888 1368 949 1400 post
962 1361 1087 1400 quintum
1100 1361 1229 1390 saeculum
1242 1361 1361 1390 habitam
1373 1362 1462 1390 fuisse.
1480 1362 1600 1401 Tempus
1610 1362 1677 1390 assi-

107 1418 188 1447 gnare
200 1408 311 1448 quidam
322 1414 385 1438 sunt
395 1407 493 1437 eonati.
508 1408 657 1437 Cotelerius
670 1414 748 1448 putat
762 1407 835 1437 hunc
857 1408 1015 1448 scriptorem
1035 1407 1230 1447 chrysostomo
1249 1414 1325 1437 :etate
1338 1419 1441 1448 parem,
1457 1407 1530 1447 quod
1551 1418 1603 1437 non
1618 1418 1677 1438 crc-

107 1453 281 1484 diderim.1n
293 1454 411 1484 decursu
421 1454 490 1483 forte
503 1453 646 1494 quidpiam
656 1453 691 1483 ad
701 1460 803 1483 aetatem
815 1453 1022 1494 consignandam
1035 1452 1276 1493 deprehendemus.
1290 1453 1402 1483 Interim
1411 1453 1521 1483 Usserio
1532 1453 1558 1482 in
1574 1460 1677 1483 aetatem

111 1500 257 1530 Justiniani
270 1502 424 1530 concionem
438 1500 561 1530 referenti
574 1499 735 1540 adstipulari
747 1500 849 1529 malim.

150 1546 398 1587 Interpretationem
412 1546 507 1576 Jaoobi
525 1545 634 1575 Beureri
648 1546 743 1575 multis
756 1546 783 1574 in
795 1546 860 1575 locis
874 1546 1088 1575 emendavimus.

149 1637 161 1649 ⁸
180 1637 189 1669 [
200 1638 232 1662 At
242 1635 299 1662 vide
310 1636 407 1661 Praetat.
422 1636 492 1669 hujus
503 1638 588 1668 Tomi,
601 1637 614 1670 §
630 1639 654 1662 3.
677 1636 732 1670 fixa]

139 1814 149 1826 ¹
172 1811 234 1840 ΕΙΣ
254 1811 326 1847 To,
347 1811 414 1840 ΟΤΙ
435 1810 603 1839 ΠΑΛΑΙΑΣ
625 1810 688 1839 ΚΑΙ
710 1810 853 1839 ΚΑΙΝΗΣ
887 1807 962 1857 “ffi'll
981 1810 1104 1839 N-UM
1148 1812 1176 1839 Ε
1193 1812 1218 1840 Τ
1259 1813 1287 1840 Ε
1306 1813 1382 1842 UM
1400 1813 1517 1842 DEM
1551 1813 1678 1843 ESSE

109 1855 243 1891 Διαθήκης
263 1851 300 1889 εἷς
317 1858 332 1885 ὁ
354 1855 512 1894 νομοθέτης·
533 1856 579 1885 καὶ
601 1857 637 1888 εἷς
659 1855 691 1884 τὸ
714 1855 811 1893 ἔνδυμα
833 1858 878 1884 τοῦ
933 1855 1279 1895 legislatoremetVeteris
1287 1865 1316 1887 et
1326 1859 1401 1888 Novi
1415 1861 1678 1896 Testamenti;item

297 1901 399 1941 ἱερέως·
419 1901 464 1931 καὶ
477 1902 538 1941 περὶ
552 1901 700 1940 μετανοίας.
947 1904 984 1931 de
991 1909 1072 1932 veste
1085 1904 1261 1934 sacerdotali
1276 1917 1284 1933 .·
1301 1912 1415 1935 necnon
1429 1906 1465 1935 de
1474 1909 1655 1945 poenitentia.

149 1995 206 2029 Τῆς
228 1995 344 2034 Χριστοῦ
358 1994 493 2033 βασιλείας
506 1994 537 2023 τὸ
556 1994 706 2034 εὐαγγέλιον
720 1994 879 2034 κηρύττουσι
971 1995 1057 2035 Regni
1071 1996 1171 2026 Christi
1188 1996 1357 2035 evangelium
1366 1996 1508 2036 prophetae
1520 1997 1676 2037 praedicant,

108 2041 258 2079 προφῆται,
275 2038 448 2079 ἑρμηνεύουσι
462 2040 489 2069 δὲ
499 2041 523 2069 οἱ
533 2042 581 2075 τῆς
594 2040 653 2074 νέας
663 2040 772 2081 χάριτος
785 2039 797 2056 ¹³
809 2042 878 2076 ὕπη-
932 2041 1047 2071 ministri
1075 2052 1141 2072 vero
1154 2051 1230 2072 novae
1252 2042 1343 2081 gratiae
1357 2042 1427 2071 illud
1441 2042 1529 2082 ipsum
1548 2043 1677 2083 interprc'-

109 2084 198 2125 ρὲται,
215 2085 338 2126 δέχονται
355 2086 383 2116 δὲ
397 2088 422 2116 οἱ
435 2088 481 2116 τοῦ
495 2086 564 2116 θείου
587 2086 665 2126 λόγου
685 2087 813 2127 ἀκροαταὶ
834 2087 879 2116 καὶ
930 2094 1030 2123 tantur,
1046 2087 1146 2117 divinae
1166 2094 1255 2117 autem
1275 2087 1404 2117 doctrinae
1417 2087 1565 2126 auditores,
1580 2096 1677 2118 amato-

108 2131 218 2171 ἐρασταὶ
243 2131 290 2161 καὶ
315 2131 462 2161 ἐπαινέται.
486 2133 545 2162 Οὐκ
567 2132 637 2162 ἔστιν
659 2134 820 2173 ἐντρυφῆσαι
841 2136 879 2173 τῷ
930 2145 982 2171 res,
998 2141 1076 2173 atque
1088 2133 1252 2171 laudatores,
1267 2133 1394 2174 idipsum
1405 2134 1677 2174 amplectuntur.Ne-

108 2176 179 2216 λόγῳ
192 2177 240 2211 τῆς
254 2176 392 2213 ἀληθείας,
408 2177 446 2215 μὴ
460 2178 578 2217 διψῶντα
591 2178 635 2207 τὸν
650 2178 727 2217 λόγον
740 2180 788 2214 τῆς
807 2179 878 2208 διδα-
930 2191 982 2219 que
992 2180 1064 2209 enim
1076 2180 1136 2210 fieri
1146 2186 1232 2220 potest
1251 2187 1279 2209 ut
1291 2180 1352 2219 quis
1362 2190 1484 2209 sermone
1496 2181 1616 2210 veritatis
1626 2181 1674 2210 ob-

109 2221 228 2254 σκαλίας.
253 2222 307 2251 Καὶ
329 2221 420 2262 ὥσπερ
436 2223 484 2251 οὐκ
501 2222 558 2252 ἔστι
578 2223 615 2262 μὴ
630 2224 747 2263 διψῶντα
759 2224 805 2254 καὶ
819 2236 878 2254 πει·
895 2233 912 2255 Β
931 2227 1051 2263 leotetur,
1065 2226 1112 2265 qui
1127 2225 1256 2255 doctrinm
1278 2235 1426 2255 sermonem
1444 2236 1496 2254 non
1518 2226 1674 2255 avidissime

108 2269 194 2296 νῶν-τα
213 2267 296 2302 ἡδέως
318 2268 467 2297 ἀπολαῦσαι
492 2271 609 2308 τροφῆς,
634 2269 716 2303 οὕτως
739 2271 787 2299 οὐκ
809 2269 879 2299 ἔστιν
911 2269 913 2271 ’
931 2279 1047 2313 expetat.
1059 2271 1384 2310 Quemadmodumenim,
1398 2272 1420 2301 si
1433 2273 1494 2310 quis
1504 2283 1590 2310 neque
1603 2272 1674 2301 sitiat

108 2313 268 2353 ἐντρυφῆσαι
291 2312 362 2352 λόγῳ
383 2312 522 2350 ἀληθείας,
546 2313 584 2352 μὴ
603 2315 720 2354 διψῶντα
740 2318 785 2345 τοῦ
806 2315 880 2354 ἁγίου
931 2318 1134 2357 nequeesuriat,
1146 2318 1291 2347 nullamex
1305 2317 1366 2346 cibo
1380 2324 1498 2357 potuque
1511 2318 1674 2357 voluptatem

110 2359 264 2398 Πνῑύματος
283 2359 332 2394 Τὴν
354 2358 536 2388 διδασκαλίαν·
561 2359 610 2389 Διό
633 2372 713 2400 φησιν
733 2364 747 2390 ὃ
766 2361 862 2402 Σωτήρ
875 2374 881 2380 ·
933 2365 1003 2405 capit
1017 2378 1023 2394 ε
1035 2365 1074 2394 sic
1081 2364 1200 2394 veritatis
1212 2364 1294 2394 verbo
1302 2374 1379 2393 nemo
1386 2364 1544 2400 delectatur,
1557 2364 1604 2402 qui
1612 2364 1674 2403 Spi-

110 2404 246 2444 Μακάριοι
259 2407 283 2434 οἱ
295 2407 436 2438 πεινῶντες
448 2405 493 2434 καὶ
508 2406 633 2445 διψῶντες
645 2406 694 2442 τὴν
706 2407 882 2444 δικαιοσύνην,
934 2411 1002 2441 ritus
1020 2411 1104 2441 sancti
1125 2410 1274 2440 doctrinam
1288 2420 1340 2438 non
1354 2410 1419 2439 sitit.
1443 2410 1535 2447 Itaque
1548 2410 1674 2439 servator

111 2449 151 2479 ὅτι
175 2451 249 2480 αὐτοὶ
274 2450 510 2491 χορτασθήσονται·
534 2450 569 2481 Ἡ
594 2451 693 2487 ἀληθὴς
714 2454 766 2482 τῶν
791 2455 883 2493 ψυχῶν
934 2457 1147 2496 ait:Beat1'qui
1156 2458 1285 2485 esuriunt
1294 2456 1428 2484 etsitiunt
1432 2456 1588 2494 justitiam,
1602 2466 1674 2495 quo·
1688 2461 1787 2484 Mauh.5
1799 2462 1821 2483 6.

111 2498 194 2538 τροφὴ
208 2519 217 2534 ,
243 2502 260 2534 ἡ
281 2499 382 2535 ἀληθὴς
403 2501 454 2528 τῶν
486 2499 599 2529 εὖσεὸῶν
621 2501 722 2540 τρυφὴ,
744 2503 758 2530 ὁ
785 2502 885 2538 ἀληθὴς
938 2505 1015 2532 niam
1036 2504 1090 2542 ipsi
1103 2503 1298 2531 satiabuntur.
1312 2501 1401 2530 Verus
1421 2500 1571 2529 animarum
1585 2500 1675 2537 cibus}

156 2595 166 2606 ·
183 2588 284 2614 collata
297 2599 353 2615 cum
366 2589 502 2615 Codicibus
514 2591 595 2623 Regiis
607 2592 679 2623 ⁴965,
694 2594 754 2618 4974
768 2599 793 2619 et
805 2595 878 2619 2343.
964 2596 976 2614 ¹¹
997 2595 1117 2628 ΐπηρέται,
1134 2602 1195 2618 unus
1207 2594 1389 2626 Reghnopr‘zwz-
1491 2627 1506 2655 3

1516 2637 1522 2655 ι
1534 2651 1538 2655 .
