1904 2840
98 509 157 533 Ibid.
175 517 194 530 v.
214 508 237 530 3.

102 707 155 727 Gen.
168 706 191 734 4.
204 712 227 735 9.

249 209 318 243 700

248 271 359 298 adsum.
374 268 446 297 Num
466 277 496 296 ea
507 265 541 296 de
554 275 633 295 causa
643 264 773 296 exivisti?
787 274 819 293 au
829 264 880 294 hoc

965 202 1095 227 SPURIA·

930 270 986 294 stu·
996 282 1032 303 5⁹4
1042 264 1125 300 τήσας
1139 264 1187 301 τὴν
1199 266 1244 294 ὑπ’
1255 265 1375 304 οὖρανὸν,
1383 265 1503 305 πάρειμι.
1517 266 1564 299 Εἰς
1579 268 1656 296 τοῦτο
1667 266 1718 307 γὰρ
1731 265 1809 302 ἐξῆλ-

247 309 328 337 lasti?
346 317 432 336 nonne
446 313 476 335 tu
489 305 583 335 dixisti
595 316 600 331 ι
613 306 655 334 Da
670 304 737 334 mihi
748 315 778 333 ea
791 313 852 348 quae
861 304 896 334 Jo
924 313 987 343 pos-
1005 310 1023 333 Α
1042 306 1100 340 θες;
1114 306 1191 333 τοῦτο
1204 304 1323 343 ᾔτησας,
1336 306 1365 334 οὗ
1380 305 1412 334 σὺ
1427 301 1511 341 εἶπας,
1525 305 1599 339 ἔκδος
1618 317 1663 344 μοι
1674 305 1707 335 τὰ
1724 306 1811 346 ὑπάρ-

247 347 335 377 5ἰάοῑέ)
350 358 399 376 cur
421 352 552 375 certamen
571 351 645 374 taces
654 367 661 380 ,
683 351 713 373 ut
733 345 843 373 victoris
864 352 990 372 coronam
1042 354 1124 383 χοντα
1137 346 1182 372 τοῦ
1195 343 1326 379 Ἰώ6;διὰ
1338 344 1364 373 τί
1379 345 1504 385 κρύπτεις
1516 345 1561 374 τὸν
1574 347 1674 384 ἀγῶνα,
1684 345 1728 374 ἵνα
1741 347 1812 385 ἀφα-

248 387 370 416 auferas?
383 386 434 415 Dic
456 394 599 419 certamen,
612 383 764 418 maledicte,
778 392 858 411 narra
877 382 988 418 luctam,

1042 382 1115 422 νίσῃς
1132 382 1176 412 τὸν
1195 382 1322 423 στέφανον
1334 386 1382 419 τῆς
1395 384 1483 420 νίκης;
1497 384 1565 414 Εἰπὲ
1579 385 1622 414 τὸν
1641 386 1746 424 ἀγῶνα,
1762 397 1813 414 κα-

249 434 278 455 ut
299 425 426 466 praedices
449 425 597 454 victoriam.
613 422 666 453 Sed
689 422 762 461 quod
787 432 837 467 per
859 421 991 453 invidiam
1043 422 1184 462 τηραμένε,
1193 422 1250 451 εἷπὲ
1264 423 1309 452 καὶ
1322 423 1370 459 τὴν
1381 423 1479 460 πάλην,
1487 424 1531 453 ἵνα
1541 423 1655 464 κηρύξῃς
1666 423 1715 460 τὴν
1729 424 1813 461 νίκην.

248 466 373 495 diabolus
389 463 543 500 occultavit,
556 462 584 492 id
600 463 627 492 in
640 461 886 492 honoremextmiae
899 461 991 501 philo-

249 505 350 544 sophioe
362 504 478 534 celebrat
491 503 611 532 omnium
623 501 764 532 Dominus.
778 501 887 530 Animo
901 503 994 539 inten-

251 552 296 574 tus
302 545 396 585 suisti
412 549 517 572 contra
528 542 675 581 famulum
688 543 802 570 meum?
815 539 896 578 Quod
909 546 938 569 tu
949 550 994 570 ce-

250 585 300 621 las,
313 594 361 624 ego
377 583 466 623 palam
485 578 562 611 facio.
578 583 654 622 Saepe
668 591 781 620 namque
794 582 867 610 Deus
881 580 995 610 interro-

251 631 305 663 gat,
319 633 373 653 non
383 630 413 652 ut
426 622 522 658 discat,
537 621 585 651 sed
597 628 727 650 uteorum
739 619 785 657 qui
798 620 994 659 interrogantur

251 665 420 703 propositum
438 661 570 702 exploret,
587 671 651 690 num
669 660 783 699 ingenue
794 660 935 688 fateantur.
950 658 995 688 Sic

252 705 367 733 Ca'inum
378 701 562 740 interrogavit,
574 699 639 730 ‘Ubi
651 706 694 729 est
704 698 786 728 Abel
789 699 893 739 frater
908 705 974 728 tuus
982 701 996 726 Ρ

253 742 370 773 Volebat
382 752 443 771 eum
457 740 504 780 qui
522 740 608 770 scelus
621 745 818 780 perpetraverat
837 738 879 768 sni
891 748 998 767 accusa-

253 789 337 811 torem
351 781 518 815 constituere‚
531 787 562 809 ut
579 779 621 808 sui
633 777 798 808 accusatione
808 777 928 807 criminis
941 788 998 806 ma-

254 820 422 861 gnitudinem
439 820 581 849 minueret.
596 817 727 857 Quisquis
741 817 813 846 enim
825 817 998 862 semetipsum

254 867 371 897 accusat,
382 859 484 900 judicis
497 859 565 888 iram
575 856 933 897 mitigat.Quemadmodum
946 857 997 895 lgi-
1012 864 1030 887 Β
1047 858 1173 887 δικαστοῦ
1195 857 1244 894 τὴν
1265 859 1456 898 ἄγανακτησιν.

254 907 300 930 tur
313 907 377 929 tunc
391 898 571 938 interrogabat
581 898 647 927 Ca'in
653 907 709 933 um,
728 897 785 925 Ubi
794 902 836 925 est
845 895 926 924 Abel
926 895 997 941 fra-

256 946 300 968 ter
311 946 376 969 tuus
384 941 397 967 Ρ
406 939 453 968 ille
462 948 527 968 vero
538 944 634 977 putans
642 935 874 974 interrogationem
882 945 914 964 ex
926 945 998 975 igno-

257 979 341 1008 rantia
352 977 498 1018 proficisci,
512 975 658 1017 respondit,
670 976 775 1005 Nescio
787 986 798 1003 .·
814 985 882 1004 num
902 981 998 1003 custos

249 1020 359 1060 fratris
371 1019 429 1046 mei
441 1027 505 1046 sum
528 1027 581 1054 ego
590 1019 603 1044 Ρ
614 1022 640 1045 et
651 1026 713 1045 cum
727 1014 810 1043 animi
830 1014 997 1054 propositum

111 1063 171 1085 lbid.
184 1068 247 1085 vso.
259 1057 423 1098 exploravit,
438 1064 503 1086 tunc
521 1056 624 1086 facinus
645 1053 783 1094 redarguit
802 1052 894 1084 dicens
910 1066 918 1083 ε
935 1054 1000 1082 Vox

116 1537 166 1557 Job.
183 1542 201 1558 ι.
215 1535 238 1558 53.

116 1912 166 1946 10⁶2
180 1931 202 1946 2.
219 1929 255 1948 ιο.

120 2043 180 2064 Ibid.
191 2041 239 2064 v.3.

115 2401 173 2422 Ibid.
187 2408 207 2422 v.
216 2401 238 2428 4.

259 1099 412 1137 sanguinis
417 1097 528 1137 fratris
542 1098 584 1125 tui
605 1095 718 1124 clamat
739 1094 780 1122 ad
793 1103 838 1122 me
851 1094 888 1122 de
899 1100 976 1123 terra
990 1105 997 1121 :

260 1138 296 1166 ita
309 1138 342 1171 si,
358 1143 496 1176 postquam
508 1132 783 1174 interrogavit,videat
795 1143 848 1162 non
865 1134 1000 1170 fatentem,

261 1184 324 1205 tunc
334 1175 512 1205 facinorosum
524 1174 753 1213 redarguit.Nunc
765 1183 872 1211 quoque.
885 1171 1000 1202 ubidia-

262 1216 356 1244 bolum
378 1214 607 1250 sciscitatus,non
629 1212 709 1241 discit
728 1212 761 1240 ab
782 1222 814 1240 eo
834 1212 924 1251 ipsum
946 1222 1003 1240 esse

263 1253 482 1289 victum,cladem
496 1253 553 1292 ejus
567 1251 748 1292 ipsetraducit
761 1251 1002 1291 celebratquejusti

263 1293 414 1323 victoriam.
430 1293 594 1322 Attendisti
615 1297 709 1320 mente
724 1297 775 1319 tua
788 1300 874 1330 super
889 1301 1002 1320 servum

263 1343 360 1362 meum
373 1333 443 1369 Job,
458 1332 537 1371 quod
551 1341 610 1360 non
630 1332 668 1359 sit
688 1331 716 1359 ei
725 1330 828 1358 similis
848 1339 934 1369 super
945 1336 1004 1359 ter-

264 1382 339 1407 ram,
350 1373 547 1409 innocensque
560 1377 591 1399 ut
603 1371 662 1408 ipse
670 1372 683 1397 Ρ
694 1369 746 1399 Hic
754 1391 761 1405 ,
775 1378 874 1407 quaeso,
884 1369 1004 1398 animum

263 1411 407 1450 diligenter
428 1410 538 1447 adhibe,
553 1420 638 1448 neque
657 1415 843 1449 praetercurras
857 1409 939 1437 verba
961 1408 1004 1437 di-

264 1451 390 1480 vinarum
403 1449 615 1489 Scripturarum.
629 1450 661 1478 In
683 1447 770 1488 primo
787 1448 939 1477 testimonio
952 1458 1005 1476 non

265 1490 365 1519 dicitur
387 1491 547 1518 Innocens.-
571 1487 618 1517 sed
644 1488 672 1516 in
695 1486 812 1516 secundo
835 1486 947 1516 dicitur.
974 1488 1005 1516 In

266 1529 354 1569 primo
376 1528 482 1558 dicebat
508 1529 583 1557 Deus
605 1540 611 1556 :
641 1527 794 1565 Numquid
816 1528 1008 1556 considerasti

266 1575 362 1597 mente
375 1575 428 1598 tua
440 1577 554 1609 servunt
567 1576 662 1595 meum
684 1566 754 1602 Job,
765 1567 844 1606 quod
858 1576 917 1594 non
934 1568 972 1595 sit
981 1569 1008 1595 ei

267 1609 371 1637 similis
399 1617 486 1646 super
508 1613 615 1636 terram
626 1628 633 1642 ,
657 1607 708 1634 vir·
734 1606 1007 1644 irreprehensibilis,

262 1650 370 1686 justus,
383 1657 487 1683 verax,
503 1647 652 1675 abstinens
671 1646 707 1673 ab
726 1646 805 1673 omni
818 1654 849 1674 re
862 1645 952 1674 mala.
968 1645 1007 1675 ll-

266 1687 326 1724 lud,
342 1689 498 1722 Innocens,
521 1685 560 1714 ibi
582 1694 635 1713 non
657 1683 772 1719 addidit,
788 1691 850 1724 post
868 1684 1009 1714 victoriam

267 1734 355 1755 autem
376 1733 455 1764 atque
469 1731 599 1755 certamen
619 1723 711 1763 adjicit
731 1723 756 1752 ci
769 1723 846 1762 quasi
870 1735 1006 1760 coronam,

266 1765 374 1795 laudem
388 1765 488 1794 scilicet
501 1764 560 1803 ejus
573 1762 762 1793 certaminibus
773 1773 926 1793 consonam.
938 1764 1010 1801 Quia

265 1805 336 1834 enim
347 1811 470 1833 sexcenta
483 1813 577 1844 passus
597 1802 679 1838 mala,
695 1802 848 1832 innocenter
869 1803 1010 1832 calamita—

265 1852 319 1873 tem
342 1844 415 1880 tulit,
430 1854 478 1872 nec
500 1842 689 1881 blasphemum
711 1841 778 1880 quid
802 1849 893 1871 contra
913 1843 1010 1872 Domi-

265 1894 331 1912 num
344 1882 425 1918 dixit,
439 1882 486 1912 sed
503 1882 574 1911 bono
586 1880 676 1909 animo
698 1881 786 1910 omnia
809 1881 971 1921 dijudicavit
983 1889 1010 1911 et

266 1923 337 1952 dixit
352 1934 359 1950 ε
380 1922 411 1950 Si
427 1924 505 1951 bona
525 1922 701 1959 suscepimus
715 1921 752 1949 de
771 1931 860 1949 manu
875 1922 1007 1958 Domini,

267 1963 348 1990 mala
374 1971 434 1990 non
456 1961 683 1990 sustinebimus?
707 1959 771 1998 quia
796 1960 826 1988 id
853 1961 1009 1990 innocentiae

265 2002 380 2031 verbum
392 2007 457 2036 erat,
470 1998 625 2029 innocentiae
637 1998 690 2038 ipsi
701 2009 825 2028 coronam
833 2000 925 2037 nectit,
936 2001 1009 2038 quod

266 2051 361 2079 nempe
383 2049 435 2068 non
449 2046 515 2068 esset
528 2038 571 2068 vir
582 2038 707 2067 innocens
725 2045 755 2066 ut
770 2038 835 2078 ipse.
856 2040 899 2068 Tu
912 2046 1008 2068 autem

266 2089 319 2108 cur
337 2080 439 2108 dixisti
454 2084 485 2107 ut
510 2077 659 2117 perderem
676 2077 842 2117 facultates
863 2080 926 2118 ejus
932 2079 1008 2119 sru-

265 2121 348 2148 stra?
359 2120 397 2147 Ac
410 2117 433 2146 si
446 2117 556 2152 diceret,
573 2117 684 2145 Frustra
700 2117 757 2156 ejus
769 2117 923 2147 substantiae
937 2118 1007 2147 invi-

265 2158 351 2187 disti?
365 2156 465 2186 Dixisti
477 2178 484 2191 ,
508 2157 598 2186 virum
612 2155 787 2195 pecuniarum
801 2167 879 2186 causa
902 2157 947 2197 pie
960 2158 1006 2187 vi—

265 2207 327 2228 vere
333 2208 343 2235 3
360 2196 476 2225 nudatus
501 2202 541 2225 est
559 2194 745 2229 facultatibus,
761 2206 808 2224 nec
829 2197 945 2226 nudatus
967 2204 1006 2226 est

265 2236 387 2268 veritate,
402 2236 447 2264 Tu
460 2245 533 2269 vero,
545 2234 662 2270 diabole,
677 2234 777 2263 frustra
790 2234 884 2264 dixisti
898 2243 928 2264 ut
942 2247 1003 2276 per-

264 2276 357 2305 derem
369 2274 506 2304 facultates
518 2275 587 2314 ejus.
602 2274 662 2302 Non
677 2272 831 2303 destituitur
843 2275 943 2304 malitia
956 2286 1004 2305 sua

286 2315 407 2344 ravitate.
422 2313 528 2343 Invenit
548 2322 642 2342 rursus
654 2312 738 2341 alium
752 2313 873 2348 modum,
887 2325 941 2352 quo
959 2326 1002 2344 ar-

265 2326 417 2384 Eitrabatur
424 2360 453 2382 se
464 2363 541 2392 posse
550 2352 604 2381 viri
616 2351 742 2381 virtutem
753 2352 922 2391 exstinguere
938 2366 944 2382 :
960 2354 1000 2383 di-

266 2395 302 2423 cit
315 2395 404 2431 itaque
421 2393 478 2422 Deo
494 2404 501 2420 :
515 2391 629 2420 Pellem
647 2401 700 2430 pro
715 2391 804 2430 pelle,
826 2398 854 2419 et
878 2399 984 2422 cuncta
995 2416 1003 2431 ,

267 2445 331 2473 quae
344 2434 431 2462 habet
446 2433 543 2468 homo,
558 2431 640 2459 dabit
650 2440 703 2469 pro
721 2432 821 2458 anima
834 2441 897 2460 sua.
916 2432 1004 2470 Nihil,

267 2472 366 2511 inquit,
377 2481 514 2511 magnum,
530 2470 553 2499 si
571 2469 748 2510 possessiones
761 2469 879 2509 perdidit
895 2483 903 2498 .·
918 2471 1007 2500 liben-

267 2518 307 2540 ter
317 2511 405 2540 omnia
419 2510 533 2550 sprevit,
548 2517 579 2539 ut
592 2509 709 2549 seipsum
720 2515 846 2538 servaret.
861 2510 914 2539 Sed
927 2510 951 2539 si
964 2511 1007 2540 vis

268 2551 356 2589 ipsum
369 2550 494 2590 probare,
509 2549 619 2578 Carnes
631 2550 691 2587 ejus
705 2554 793 2588 tange
806 2560 814 2576 .·
830 2554 907 2578 certe
918 2550 1007 2589 inja-

270 2592 341 2619 ciem
356 2590 504 2619 benedicet
528 2589 589 2618 tibi.
607 2587 692 2625 Illud,
715 2588 882 2626 Benedicat,
910 2588 954 2618 hic
970 2589 1006 2618 si-

1026 2240 1045 2262 t)

1045 463 1115 512 ’AJN
1134 462 1148 491 ὃ
1166 461 1262 502 ἔκρυψε
1284 465 1385 513 φθονιῖιν
1405 465 1418 492 ὁ
1439 463 1569 512 διάδολρς,
1583 465 1692 502 ἀνυμνεῑ
1705 466 1738 503 τῇ
1753 465 1814 493 ἐνα-

1047 501 1816 582 Ξῗξίίξῖἕῖοἷίῖὰδτέἑαέἶῖἔτῗσῗᾙῗ;Ἶὸωἶζέτῖ-ῗεῖςῖ

1046 580 1098 620 ἐγὼ
1112 580 1242 620 γνωρίζει).
1255 582 1363 622 Ἐρωτᾷ
1376 581 1428 622 γὰρ
1441 584 1455 611 ὁ
1473 581 1541 615 Θεὸς
1558 581 1699 618 πολλάκις,
1711 583 1762 622 οὐχ
1773 581 1818 611 ἶνα

1047 620 1133 659 μάθῃ,
1145 621 1204 649 ἀλλ’
1219 621 1262 650 ἵνα
1277 622 1330 650 τῶν
1350 621 1525 661 ἐρωτωμένων
1543 621 1667 661 γυμνάσῃ
1687 621 1735 657 τὴν
1749 622 1817 662 πρό-

1048 662 1128 696 θεσιν,
1150 661 1174 689 εἰ
1194 660 1363 699 εὐγνωμόνως
1382 662 1565 700 ὁμολογοῦσιν.
1582 661 1676 694 Οὕτως
1694 661 1819 700 ἠρώτησε

1048 699 1092 728 τὸν
1106 698 1184 736 Κάϊν,
1193 701 1249 729 Ποῦ
1263 700 1343 730 ’Aegl
1355 703 1369 730 ὁ
1383 700 1494 741 ἀδελφός
1507 712 1568 738 ceu,
1577 700 1733 736 Ἦὸουλήθη
1740 700 1820 730 αὐτὸν

1048 738 1092 768 τὸν
1108 738 1140 768 τὸ
1150 739 1230 768 κακὸν
1243 739 1380 779 δράσαντα
1390 740 1440 770 κᾶν
1452 739 1599 780 κατήγορον
1609 741 1702 769 ἑαυτοῦ
1717 741 1822 778 στῆναι,

1048 777 1092 807 ἵνα
1109 781 1126 814 ἢ
1148 780 1227 808 αὐτοῦ
1249 779 1396 819 κατηγορία
1409 779 1532 819 ἀμβλύνῃ
1551 780 1581 809 τὸ
1596 778 1704 819 μέγεθος
1716 783 1762 809 τοῦ
1773 781 1820 820 ἐγ-

1048 818 1192 857 κλήματος.
1209 819 1268 852 Πᾶς
1289 819 1341 859 γὰρ
1362 821 1455 848 ἑαυτοῦ
1473 818 1756 860 κατηγορῶνπραῦνει
1772 821 1819 849 τοῦ

1342 859 1349 869 ’
1471 858 1579 899 Ὥσπερ
1599 854 1643 888 οὖν
1655 858 1715 888 τότε
1728 857 1821 899 ἠρώτα

1049 896 1093 926 τὸν
1107 897 1186 934 Κάῖν,
1199 898 1256 927 Ποῦ
1267 897 1347 928 Ἀὃελ
1360 900 1374 927 ὁ
1387 897 1498 938 ἀδελφός
1509 909 1569 934 σονς
1581 900 1596 928 ὁ
1608 898 1636 928 δὲ
1649 898 1759 937 νομίσας
1770 897 1821 934 τὴν

1050 935 1178 976 ἐρώτησιν
1192 937 1245 966 ἀπὸ
1255 937 1360 977 ἀγνοίας
1373 933 1449 975 εἶναι,
1455 938 1536 977 λέγει,
1545 939 1605 967 Οὐκ
1618 933 1676 968 οἶδα
1685 950 1692 957 ·
1708 937 1745 977 μὴ
1765 937 1821 978 φύ-

1049 975 1097 1009 λαξ
1119 978 1165 1005 τοῦ
1190 977 1301 1017 ἀδελφοῦ
1323 977 1373 1016 μού
1395 979 1465 1017 εἰμι;
1481 977 1526 1008 καὶ
1546 978 1589 1007 ὅτε
1610 977 1751 1017 ἐδοκίμασε
1771 977 1821 1013 τὴν

1050 1027 1071 1044 π
1103 1017 1182 1052 θεσιν,
1190 1016 1250 1045 τότε
1263 1016 1356 1056 ἤλεγξε
1371 1017 1419 1054 τὴν
1433 1020 1553 1057 ἄνοσιουρ
1573 1017 1614 1046 ίαν
1624 1017 1718 1056 λέγων·
1735 1016 1820 1053 Φωνὴ

1051 1067 1068 1084 α
1081 1066 1164 1093 ματος
1182 1058 1229 1085 τοῦ
1251 1057 1364 1096 ἀδελφοῦ
1384 1068 1430 1086 σου
1452 1059 1502 1097 βοᾷ
1515 1069 1536 1086 π
1601 1069 1635 1095 με
1654 1058 1685 1086 ἐκ
1698 1059 1746 1092 τῆς
1758 1058 1820 1096 γῆς·

1052 1094 1134 1127 οὕτως
1146 1095 1191 1125 ἐὰν
1206 1096 1341 1135 &ponticone
1354 1095 1400 1136 ἴδῃ
1419 1098 1636 1135 ἀγνωμονοῦντα,
1649 1096 1754 1164 ἐλεΞρ-ει
1770 1108 1821 1125 κα-

1052 1138 1222 1174 κουργοῦντα.
1241 1135 1293 1164 Καὶ
1306 1137 1352 1165 νῦν
1371 1136 1462 1171 ἐπειδὴ
1477 1137 1581 1176 ἐρωτῶν
1594 1135 1639 1165 τὸν
1658 1136 1682 1165 δι
1719 1136 1778 1165 ολον
1792 1136 1822 1165 οὗ

1054 1174 1179 1213 μανθάνει
1198 1176 1262 1215 παρ’
1286 1177 1366 1205 αὐτοῦ
1383 1175 1431 1211 τὴν
1452 1172 1544 1212 ἧτταν,
1558 1175 1591 1211 ἣν
1609 1174 1726 1210 ὑγιέα-ιη,
1746 1174 1823 1207 aior&

1054 1213 1202 1250 στηλιτεύει
1212 1216 1291 1243 αὐτοῦ
1313 1215 1363 1250 τὴν
1375 1211 1467 1251 ἧτταν,
1481 1215 1527 1245 καὶ
1540 1216 1648 1254 ἄνυμνεῖ
1662 1217 1707 1244 τοῦ
1721 1213 1825 1243 δικαίου

1054 1252 1102 1289 τὴν
1118 1253 1201 1290 νίκην.
1215 1254 1367 1294 Προσέσχες
1385 1257 1418 1295 τῇ
1433 1254 1533 1294 διανοίᾳ
1547 1265 1593 1284 σου
1605 1254 1674 1284 κατὰ
1687 1256 1733 1283 τοῦ
1744 1253 1823 1294 θερά-

1055 1293 1148 1326 ποντός
1167 1304 1217 1332 μου
1231 1293 1303 1328 Ἰὼὸ,
1318 1293 1358 1323 ὅτι
1372 1295 1420 1323 οὒκ
1433 1294 1490 1324 ἔστι
1503 1295 1562 1323 κατ’
1577 1294 1654 1324 αὐτὸν
1669 1293 1766 1326 ἄκακος
1779 1292 1824 1322 ἐπὶ

1054 1333 1102 1366 τῆς
1119 1334 1180 1370 γῆς;
1196 1333 1328 1362 Ἐνταῦθα
1341 1333 1455 1373 πρόσεχε
1470 1333 1594 1373 ἄκριὸὦς,
1608 1334 1764 1373 παρακαλῶ,
1778 1331 1825 1362 καὶ

1056 1370 1093 1410 μὴ
1108 1372 1243 1411 παρέρχου,
1260 1371 1295 1400 τὰ
1309 1372 1415 1412 ῥήματα
1428 1375 1481 1402 τῶν
1496 1372 1571 1402 θείων
1591 1374 1716 1412 Γραφῶν.
1728 1372 1776 1402 Ἔν
1789 1374 1824 1408 τῆ

1055 1410 1148 1450 πρώτῃ
1166 1411 1298 1451 μαρτυρίᾳ
1310 1413 1426 1450 οὐδαμοῦ
1439 1412 1535 1452 ἐλέχθη
1550 1412 1589 1448 τὸ,
1598 1411 1718 1447 Ἄκακος,
1725 1411 1785 1441 ἀλλ’
1796 1405 1825 1440 ἐν

1057 1452 1089 1489 τῇ
1100 1450 1220 1491 δευτέρα,
1232 1450 1279 1480 Ἐν
1292 1454 1326 1491 τῇ
1336 1450 1429 1491 πρώτῃ
1441 1451 1529 1491 ἔλεγεν
1547 1453 1561 1480 ὁ
1579 1450 1657 1485 Θεός·
1671 1451 1825 1491 Προσέσχες

1058 1492 1091 1529 τῇ
1110 1489 1212 1530 διανοίᾳ
1233 1502 1278 1520 σου
1299 1490 1368 1520 κατὰ
1389 1494 1435 1520 τοῦ
1454 1491 1611 1531 θεράποντάς
1631 1501 1680 1530 μου
1695 1490 1774 1526 mlh,
1789 1490 1832 1519 ὅτι

1059 1534 1107 1563 οὐκ
1120 1533 1176 1563 ἔστι
1190 1534 1250 1564 κατ’
1258 1534 1336 1564 αὐτὸν
1347 1534 1391 1565 ἐπὶ
1402 1537 1449 1571 τῆς
1459 1537 1519 1574 γῆς,
1532 1535 1668 1575 ἄνθρωπος
1681 1534 1830 1574 ἄμεμπτος,

1060 1578 1174 1612 δίκαιος,
1192 1578 1327 1615 ἀληθινὸς,
1344 1579 1507 1619 ἀπεχόμενος
1528 1578 1581 1609 ἀπὸ
1600 1578 1697 1612 παντὸς
1715 1581 1831 1619 πονηροῦ

1059 1621 1225 1661 πράγματος.
1236 1622 1285 1659 Τὸ,
1298 1621 1422 1658 Ἄκακος,
1434 1624 1489 1652 ἐκεῖ
1504 1624 1534 1653 οὗ
1548 1622 1706 1663 προσέθηκε·
1722 1622 1789 1662 μετὰ
1803 1621 1831 1652 δὲ

1060 1665 1107 1702 τὴν
1121 1665 1196 1702 νίκην
1218 1666 1264 1696 καὶ
1283 1666 1328 1696 τὸν
1351 1668 1440 1706 ἀγῶνα
1460 1667 1631 1707 προστίθησιν
1650 1668 1722 1707 αὐτῷ
1741 1666 1833 1706 ὥσπερ

1061 1709 1187 1750 στέφανον
1199 1710 1247 1746 τὴν
1267 1710 1397 1751 εὐφημίαν
1416 1711 1577 1752 συνᾴδουσαν
1591 1712 1669 1741 αὐτοῦ
1685 1714 1740 1744 τοῖς
1758 1713 1832 1750 ἀγω-

1059 1754 1193 1793 νίσμασιν.
1208 1754 1320 1790 Ἐπειδὴ
1333 1755 1384 1795 γὰρ
1397 1755 1481 1796 μυρία
1493 1755 1606 1796 πάσχων
1619 1754 1724 1788 ἀκάκως
1736 1754 1830 1794 ἤνεγκε

1060 1797 1108 1834 τὴν
1122 1799 1268 1839 συμφορὰν,
1283 1799 1320 1838 μὴ
1337 1799 1533 1840 βλασφημήσας
1543 1800 1612 1830 κατὰ
1623 1802 1670 1835 τοῦ
1684 1798 1832 1834 Δεσπότσυ,

1061 1842 1121 1871 ἀλλ’
1135 1842 1277 1881 ἀγαθότητι
1289 1843 1378 1883 κρίνας
1391 1843 1425 1873 τὰ
1439 1844 1542 1880 πάντα,
1555 1843 1601 1874 καὶ
1614 1843 1739 1884 εἰρηκώς·
1753 1844 1786 1872 Εἰ
1797 1842 1832 1872 τὰ

1062 1885 1146 1925 ἀγαθὰ
1158 1886 1300 1926 ἐδεξάμεθα
1311 1889 1342 1917 ἐκ
1352 1888 1439 1928 χειρὸς
1454 1887 1560 1929 Κυρίου,
1569 1887 1602 1918 τὰ
1613 1887 1683 1917 κακὰ
1694 1889 1744 1927 οὐχ
1757 1886 1832 1916 ὑποί-

1061 1941 1154 1968 σομεν;
1170 1929 1260 1966 ἐπειδὴ
1281 1931 1392 1965 ἀκακίας
1411 1927 1444 1967 ἧν
1465 1932 1496 1961 τὸ
1519 1933 1606 1972 ῥῆμα,
1620 1930 1730 1964 ἀκακίας
1751 1932 1830 1959 αὐτοῦ

1061 1973 1154 2003 πλέκει
1176 1974 1220 2004 τὸν
1235 1974 1377 2014 στέφανον,
1391 1975 1432 2004 ὅτι
1452 1977 1511 2005 Οὔκ
1531 1976 1588 2005 ἔστι
1610 1978 1662 2004 τῶν
1680 1976 1740 2004 κατ’
1754 1973 1833 2004 αὔτὸν

1062 2019 1197 2059 ἄνθρωπος
1218 2020 1324 2053 ἄκακος.
1339 2021 1378 2050 Σὺ
1401 2021 1430 2051 δὲ
1453 2022 1494 2051 διὰ
1512 2020 1538 2050 τί
1558 2016 1633 2054 εἶπας
1649 2019 1777 2050 ἀπολέσαι
1798 2019 1833 2049 τὰ

1061 2062 1214 2103 ὑπάρχοντα
1229 2065 1307 2093 αὐτοῦ
1331 2063 1374 2093 διὰ
1393 2067 1483 2101 κενῆςς
1496 2065 1554 2094 ἀντὶ
1576 2067 1633 2100 τοῦ,
1646 2064 1733 2102 μάτην
1753 2063 1833 2092 αὐτοῦ

1060 2109 1094 2146 τῇ
1117 2107 1255 2148 περιουσίᾳ
1275 2108 1432 2148 ἐφθόνησας
1444 2105 1525 2142 Εἷπες
1540 2108 1671 2148 προφάσει
1691 2109 1743 2136 τῶν
1765 2118 1834 2147 χρη-

1063 2151 1154 2190 μάτων
1167 2152 1283 2182 εὔσεὸεῑν
1296 2152 1341 2181 τὸν
1354 2152 1436 2192 ἄνδρα
1445 2152 1598 2192 -ἐγυμνώθη
1613 2153 1666 2181 τῶν
1680 2151 1833 2190 κτημάτων,

1061 2195 1107 2224 καὶ
1124 2196 1171 2224 οὐκ
1193 2195 1334 2234 ἐγυμνώθη
1355 2198 1402 2231 τῆς
1424 2196 1558 2232 ἀληθείας.
1579 2195 1619 2226 Σὺ
1640 2191 1695 2231 οῧν,
1709 2194 1832 2230 διάὸολε,

1062 2234 1133 2272 εἶπες
1147 2239 1275 2269 ἀπολέσαι
1288 2239 1322 2269 τὰ
1343 2240 1497 2280 ὑπάρχοντα
1512 2242 1590 2270 αὐτοῦ
1613 2239 1656 2269 διὰ
1673 2240 1759 2275 κενῆς.
1774 2239 1834 2268 Οὔκ

1063 2283 1155 2323 ἀπορεῖ
1167 2285 1184 2319 ἡ
1198 2283 1279 2313 κακία
1292 2286 1340 2319 τῆς
1358 2286 1453 2320 ἑαυτῆς
1465 2284 1599 2325 πονηρίας.
1615 2282 1740 2322 Εὑρίοκει
1753 2281 1833 2310 πάλιν

1063 2327 1184 2357 ὑπόνοιαν
1203 2329 1285 2365 ἄλλην
1307 2328 1453 2368 δυναμένην
1467 2328 1559 2358 σὸέσαι
1573 2331 1618 2357 τοῦ
1641 2325 1762 2366 ἐναρέτου
1784 2326 1832 2362 τὴν

1061 2371 1194 2411 ἀνδρείαν.
1211 2372 1290 2412 Λέγει
1303 2368 1347 2401 οῧν
1363 2375 1401 2412 τῷ
1414 2374 1476 2412 Θεῷ
1486 2384 1493 2391 ·
1507 2371 1600 2411 Δέρμα
1613 2369 1679 2410 ὑπὲρ
1695 2369 1832 2410 δέρματος,

1060 2415 1103 2443 καὶ
1118 2415 1214 2452 πάντα,
1228 2418 1277 2445 ὅσα
1290 2415 1346 2456 ἔχει
1358 2416 1503 2456 ἄνθρωπος,
1515 2414 1594 2444 δώσει
1607 2413 1673 2453 ὑπὲρ
1685 2415 1732 2448 τῆς
1742 2414 1834 2453 ψυχῆς

1065 2459 1154 2487 αὐτοῦ.
1175 2458 1274 2495 Οὐδὲν,
1291 2459 1370 2499 φησὶ,
1398 2459 1480 2498 μέγα,
1505 2460 1528 2488 εἰ
1551 2457 1671 2487 ἀπώλεσε
1697 2457 1833 2496 κτήματα·

1061 2501 1144 2536 ἡδέως
1158 2502 1264 2531 πάντων
1283 2503 1486 2543 κατεφρόνησεν,
1500 2502 1543 2531 ἵνα
1556 2501 1647 2531 ἑαυτὸν
1661 2501 1745 2541 σώσῃ.
1761 2501 1831 2530 Ἀλλ’

1061 2546 1083 2573 εἷ
1098 2545 1187 2583 βούλει
1200 2547 1342 2585 δοκιμάσαι
1354 2546 1442 2583 αὐτὸν,
1457 2547 1520 2575 Τῶν
1533 2548 1638 2585 σαρκῶν
1659 2547 1737 2575 αὐτοῦ
1752 2545 1830 2584 ἅψαι·

1060 2584 1080 2624 ἧ
1099 2589 1150 2626 μὴν
1171 2591 1207 2623 εἷς
1222 2591 1362 2630 πρόσωπόν
1382 2603 1411 2620 σε
1431 2589 1580 2629 εὖλογήσει.
1599 2589 1656 2626 Τὸ,
1671 2589 1831 2628 Εὖλογήσει,
