1904 2840
129 852 176 880 qui.

133 1188 156 1235 ὲ.
172 1182 233 1203 Tim.
249 1180 273 1204 5.

279 149 351 194 884

883 154 967 176 orus
995 144 1239 176 lMPFRFECTUM

276 221 358 250 colles
368 219 468 250 videris
474 217 623 254 obscurari,
631 216 693 255 quis
705 215 811 245 dubitat
824 215 890 255 quin
898 215 955 255 jam
967 225 1022 244 nox
1040 218 1060 241 Α
1077 221 1109 243 ut
1122 225 1170 243 nec
1183 214 1293 255 patiaris
1308 213 1497 248 fraudemmec
1511 214 1601 244 facias.
1615 214 1645 244 Si
1658 221 1748 244 autem
1759 225 1821 255 pas-

277 261 336 289 est?
359 259 403 289 Sic
424 258 543 298 primum
564 256 592 286 in
611 255 786 286 saecularibus
802 262 828 285 et
850 255 926 284 la'icis
941 255 1022 284 Chri-

276 299 368 328 stianis
388 297 481 337 incipit
504 296 649 337 praevalere
672 295 820 325 obscuritas
875 302 1019 324 ecatorum.

276 340 355 368 Nunc
369 344 457 366 autem
479 335 586 375 quando
596 335 654 375 jam
674 335 762 371 vides,
778 306 874 373 (Ῑυοεὶκ
874 333 1022 363 sacerdotes

275 378 376 417 positos
385 377 411 406 in
426 387 531 405 summo
543 372 642 405 vertice
653 374 834 414 spiritualium
848 373 1023 413 dignitatum,

276 419 322 456 qui
341 423 442 445 montes
463 422 489 444 et
506 415 588 445 colles
601 414 739 450 dicuntur,
751 413 958 454 apprehenderit
971 412 1023 441 ini-

276 458 364 495 quitas
376 455 514 484 tenebrosa
526 468 532 484 z
544 454 678 493 quomodo
686 453 826 483 dubitetur
836 453 899 491 quia
910 452 971 481 finis
983 459 1022 481 est

276 495 389 524 mundi?
405 496 480 524 Item
494 496 565 524 exiit
579 496 657 523 circa
671 495 799 529 tertiam,
812 499 841 521 et
856 493 934 521 vidit
947 492 1023 520 alios

277 542 388 564 stantes
399 536 431 563 in
440 535 507 571 foro
520 536 636 564 otiosos.
645 532 795 563 Videamus
803 532 849 570 qui
861 538 924 560 sunt
932 531 1021 560 otiosi.

276 575 336 604 Non
358 580 528 614 peccatores:
542 573 585 603 illi
605 572 677 602 enim
697 572 796 601 mortui
817 571 957 608 dicuntur,
970 581 1023 599 non

277 614 366 643 otiosi.
378 613 454 644 Sicut
468 613 540 642 enim
550 612 650 643 surdus
663 611 737 650 apud
751 613 838 641 Deum
852 610 962 646 dicitur,
975 609 1023 648 qui

278 663 330 683 non
351 653 427 682 audit
448 663 507 692 quae
522 654 571 682 Dei
589 658 662 688 sunt,
673 651 720 680 sed
734 661 794 690 qua:
813 650 916 680 diaboli
932 661 939 678 ε
955 649 1024 678 sicut

278 703 363 722 caecus
375 692 488 729 dicitur,
503 692 549 732 qui
563 702 616 721 non
626 691 800 731 corporaliter
813 700 897 719 caecus
911 696 961 724 est,
976 688 1024 718 sed

278 743 327 772 per
347 732 423 772 cujus
446 732 538 761 oculos
559 731 685 761 diabolus
703 731 788 767 videt,
803 737 829 759 et
849 740 901 758 non
924 730 997 758 Deus
1014 740 1021 756 :

279 773 318 802 sic
331 772 378 812 qui
397 771 507 801 diaholo
529 773 608 807 vivit,
631 777 752 800 mortuus
773 776 812 798 est
831 767 906 808 apud
925 769 1023 797 Deum.

279 859 331 881 tur.
348 853 426 888 Puta,
441 851 463 879 si
477 851 577 880 alienas
591 861 631 879 res
645 849 728 886 tollis,
744 859 796 877 non
809 858 836 878 es
850 847 962 884 otiosus,
977 846 1024 876 sed

280 898 413 920 mortuns.
429 890 458 920 si
476 897 564 919 antem
583 890 669 919 aliena
692 888 802 927 quidem
823 897 876 916 non
891 886 974 922 tollis,
984 892 1025 915 ta-

280 941 340 960 men
353 941 400 960 nec
411 930 446 959 de
457 930 509 959 tuis
522 930 601 959 rebus
611 928 802 969 impotentibus
813 926 872 962 das,
882 933 946 955 tunc
956 925 1025 954 otio-

280 981 325 999 sus
345 981 382 1000 es.
404 971 474 999 Nam
487 969 550 1008 quia
568 969 655 999 aliena
669 978 722 997 non
744 967 828 1003 tollis,
844 976 896 995 non
915 964 1025 1004 quidem

279 1020 384 1049 peccas,
407 1016 495 1038 tamen
521 1019 570 1038 nec
587 1008 720 1048 justitiam
743 1018 791 1036 nec
814 1004 1025 1035 misericordiam

280 1049 409 1088 operaris.
426 1050 477 1079 Vis
491 1059 541 1078 non
556 1059 612 1077 esse
625 1046 747 1077 otiosus?
765 1047 820 1076 Nec
832 1045 919 1074 aliena
934 1044 1024 1079 tollas,

281 1095 307 1118 et
320 1088 353 1117 de
368 1088 421 1118 tuis
434 1088 492 1126 des,
505 1095 530 1118 et
550 1095 673 1128 operatus
690 1098 717 1116 es
734 1086 762 1115 in
774 1087 852 1115 vinea
867 1083 987 1120 Domini,
1001 1090 1027 1113 et

283 1128 390 1157 coluisti
403 1127 593 1157 misericordiae
608 1127 698 1156 vitem.
710 1125 865 1160 Inebriaris,
881 1125 908 1153 in
922 1123 1028 1152 deliciis

284 1178 322 1204 es,
339 1178 391 1197 non
411 1178 438 1196 es
459 1169 558 1197 otiosus
576 1179 582 1195 :
606 1167 665 1203 sed⁷
679 1166 749 1195 sicut
767 1166 804 1194 ait
822 1163 969 1204 apostolus,
984 1163 1028 1192 vi-

284 1217 349 1236 vens
371 1215 493 1237 mortuus
512 1216 550 1235 es.
566 1206 595 1236 Si
611 1212 699 1234 autem
719 1211 869 1234 mensurate
883 1202 1028 1232 manducas

285 1253 311 1275 et
322 1246 406 1283 bibis,
423 1256 475 1275 non
489 1245 598 1285 quidem
612 1255 715 1284 peccas,
731 1244 794 1282 quia
809 1254 862 1272 non
873 1243 943 1271 male
955 1252 1028 1271 man-

286 1285 383 1321 ducas;
399 1292 486 1314 tamen
500 1284 601 1314 otiosus
611 1295 648 1320 es,
665 1283 727 1322 quia
743 1283 843 1311 nullam
855 1281 951 1321 jejunii
965 1292 1028 1320 ope-

286 1325 355 1354 raris
377 1325 468 1354 vitem.
485 1324 537 1355 Vis
558 1334 620 1362 ergo
643 1333 694 1351 non
708 1332 764 1351 esse
777 1321 898 1350 otiosus?
919 1321 1027 1359 Jejuna,

287 1371 313 1393 et
321 1363 395 1402 quod
401 1363 609 1393 manducaturus
616 1363 704 1391 fueras
714 1361 824 1397 diurno,
834 1360 868 1389 da
878 1359 1028 1399 impotenti,

288 1411 314 1433 et
326 1403 433 1433 coluisti
442 1402 539 1443 jejunii
554 1402 645 1431 vitem.
662 1402 729 1430 Item
744 1400 894 1435 fornicaris,
909 1405 1031 1428 mortuus

289 1454 327 1481 es,
343 1453 396 1472 non
405 1443 516 1472 otiosus.
528 1442 557 1472 Si
568 1448 656 1470 autem
668 1448 741 1470 tuam
750 1440 832 1469 habes
843 1449 966 1474 uxorem,
977 1448 1030 1466 non

289 1482 400 1521 quidem
421 1493 524 1523 peccas,
539 1491 587 1510 nec
608 1488 695 1509 tamen
710 1479 837 1508 castitatis
849 1478 967 1518 operaris
985 1478 1031 1507 vi-

289 1529 352 1552 tem.
372 1522 475 1561 Visque
489 1531 544 1550 esse
558 1530 610 1549 non
629 1519 750 1549 otiosus?
764 1518 827 1548 Sine
841 1528 924 1547 uxore
942 1527 981 1553 es,
998 1527 1031 1545 ne

290 1561 425 1600 quaesieris
448 1571 571 1590 uxorem.
589 1561 619 1590 Si
634 1559 717 1588 vidua
739 1568 777 1594 es,
798 1557 854 1586 noli
872 1557 984 1586 transire
997 1555 1032 1584 ad

290 1601 419 1631 secundas
430 1607 456 1630 et
469 1600 560 1629 tertias
574 1599 692 1639 nuptias,
705 1605 731 1627 et
745 1604 851 1637 operata
869 1607 896 1626 es
907 1596 1033 1625 eastitatis

291 1642 383 1672 vitem.
399 1640 452 1671 Sed
467 1640 535 1669 forte
548 1639 627 1675 dicis,
642 1638 706 1668 Sine
725 1647 810 1666 uxore
829 1647 886 1666 esse
899 1646 952 1664 non
966 1645 1032 1675 pos-

291 1692 361 1710 sum.
377 1679 495 1710 Ostendo
507 1679 568 1715 tibi,
582 1685 612 1707 ut
626 1688 736 1707 uxorem
749 1676 857 1712 habeas,
869 1682 895 1704 et
906 1675 1033 1704 castitatis

291 1721 373 1750 vitem
386 1720 467 1749 colas.
486 1719 596 1748 Abstine
608 1725 634 1747 te
645 1729 660 1747 a
675 1722 847 1750 menstruata,
861 1715 962 1744 abstine
975 1721 1002 1743 te
1019 1725 1034 1743 a

291 1766 452 1800 praegnante,
467 1758 593 1788 erubesce
605 1758 692 1786 facere
705 1755 779 1795 quod
789 1755 914 1784 animalia
928 1765 980 1783 non
993 1754 1033 1783 fa-

291 1801 375 1829 ciunt.
393 1800 478 1829 Omne
491 1797 590 1826 animal
604 1795 783 1836 conceptionis
803 1806 856 1823 suze
878 1801 965 1824 servat
983 1794 1036 1822 ho—

292 1850 383 1869 norem
405 1845 430 1867 ct
448 1845 573 1877 tempus:
591 1837 671 1866 homo
685 1842 773 1864 autem
793 1834 865 1863 solus
879 1833 1034 1863 contemnit.

210 1889 281 1905 cxnvi
293 1878 407 1916 Quando
422 1877 479 1906 dies
500 1878 581 1906 festus
595 1883 644 1912 est,
657 1882 703 1904 aut
723 1874 780 1903 dies
791 1874 900 1914 jejunii,
915 1884 991 1903 serva
1006 1880 1035 1902 ut

146 1921 282 1951 1.Cor.7.5.

293 1919 404 1958 impleas
427 1916 604 1957 apostolicum
625 1921 786 1955 praeceptum
805 1925 811 1941 :
827 1914 931 1943 Nolite
942 1914 1034 1952 stau-

293 1959 364 1987 dare
376 1958 510 1991 invicem,
526 1956 671 1996 nisisorte
684 1965 719 1982 ex
734 1963 886 1989 consensu,
903 1959 935 1981 ut
949 1963 1036 1981 vace-

295 2000 331 2027 tis
346 1998 507 2036 jejunio-et
526 1996 662 2024 orationi.
678 1994 745 2023 Item
763 1993 785 2021 si
799 1992 903 2022 invides
918 1992 1034 2029 meliori,

294 2043 418 2066 mortuus
437 2046 474 2070 es,
494 2045 547 2063 non
569 2034 687 2063 otiosus:
704 2034 727 2062 si
744 2040 832 2065 autem
855 2042 901 2061 nec
922 2031 1035 2068 invides,

295 2087 343 2105 nec
363 2074 524 2114 congaudes,
541 2074 642 2103 otiosus
657 2084 694 2102 es.
713 2073 773 2101 Non
795 2071 883 2100 solum
898 2082 962 2111 ergo
984 2081 1037 2100 non

295 2115 427 2151 invideas,
438 2113 485 2143 sed
498 2113 578 2142 etiam
596 2111 760 2151 congaudeas
781 2111 896 2147 meliori,
910 2118 937 2140 et
955 2112 1039 2140 bene-

295 2154 417 2185 volentiae
439 2153 519 2184 vitem
545 2152 621 2182 colis.
641 2154 679 2180 In
695 2152 781 2191 foro.
802 2151 904 2179 Forum
926 2158 964 2180 est
989 2151 1038 2179 iste

297 2194 425 2230 mundus,
439 2192 486 2221 ubi
498 2193 587 2221 omnia
599 2191 701 2221 venalia
717 2198 786 2220 sunt.
801 2190 878 2219 Sicut
892 2190 963 2219 enim
975 2200 1038 2230 pro-

297 2234 387 2275 prium
409 2232 527 2268 estfori,
548 2238 577 2261 ut
600 2230 689 2260 omnia
713 2230 769 2258 illic
781 2229 993 2267 venumdentur,
1014 2236 1040 2259 et

297 2280 428 2309 emantur,
439 2278 466 2301 et
483 2270 598 2301 invicem
617 2281 644 2299 se
657 2270 865 2299 circumveniant
885 2277 1001 2299 ementes
1015 2276 1040 2298 et

297 2312 441 2343 vendentes
457 2323 464 2340 ι
480 2310 519 2340 sic
532 2311 560 2340 in
575 2311 625 2339 hoc
643 2308 745 2338 mundo
758 2318 848 2337 omnes
862 2309 1001 2338 vendendo
1015 2316 1043 2338 et

298 2352 411 2382 emendo
422 2350 529 2387 vivunt,
544 2357 570 2379 et
584 2349 699 2379 invicem
710 2348 762 2377 sibi
775 2348 897 2377 fraudem
909 2348 1041 2386 facientes,

300 2392 384 2421 vitam
406 2401 483 2420 suam
508 2396 668 2419 sustentant.
687 2389 760 2417 Inter
782 2394 893 2417 emtores
917 2395 1004 2417 autem
1018 2396 1044 2418 ct

299 2431 451 2461 venditores
474 2429 564 2470 accipe
578 2429 628 2458 tibi
647 2438 738 2457 omnes
757 2427 867 2457 divitias
886 2434 911 2456 et
929 2427 1043 2456 honores

301 2471 392 2500 saeculi
404 2471 495 2509 hujus,
512 2479 570 2508 quae
582 2475 608 2498 et
619 2469 683 2508 ipsae
697 2467 873 2496 nihilominus
887 2473 912 2495 et
927 2467 1045 2495 vendun—

301 2517 345 2539 tur
365 2517 390 2539 et
403 2516 538 2545 emuntur,
552 2516 578 2538 et
591 2508 677 2537 omnis
697 2514 813 2546 qumstus
825 2517 916 2535 eorum
937 2506 964 2534 in
977 2517 1045 2536 ven—

301 2549 402 2579 ditione
412 2560 458 2579 seu
471 2549 631 2578 mercatione
642 2547 772 2577 consistit.
783 2547 859 2586 Fuge
873 2556 934 2585 ergo
948 2546 1045 2582 sorum,

1075 264 1122 283 sus
1134 254 1228 290 fueris,
1244 254 1302 293 ipsa
1316 264 1358 283 res
1375 261 1401 283 te
1413 254 1550 293 compellit
1563 261 1588 283 et
1600 255 1695 284 facere.
1711 256 1780 284 Nam
1797 255 1820 284 si

1076 293 1204 334 injuriam
1223 303 1318 333 passus
1337 294 1427 330 fueris,
1441 294 1464 323 si
1478 294 1582 323 nocitus
1602 295 1696 330 fueris,
1709 294 1821 324 difficile

1076 339 1133 369 est,
1147 339 1176 361 ut
1195 339 1221 361 et
1242 339 1271 361 tu
1285 332 1436 362 adinvicem
1453 343 1506 362 non
1527 344 1631 362 noceas.
1647 335 1737 363 Prima
1757 344 1821 374 ergo

1079 372 1138 401 lans
1159 378 1197 400 est
1218 371 1381 408 Christiano,
1395 372 1513 401 alienum
1530 383 1586 402 csse
1605 384 1619 402 a
1632 374 1701 411 foro,
1716 374 1819 403 nullam

1076 422 1184 440 cansam
1205 411 1304 440 habere
1324 422 1386 441 cum
1411 411 1479 449 illo,
1500 412 1570 441 sicut
1590 412 1627 442 ait
1651 414 1788 453 apostolus
1811 425 1818 441 :

1076 452 1157 490 Rogo
1171 457 1269 480 autem
1285 461 1349 488 vos,
1363 452 1491 480 studium
1505 452 1612 480 habere
1622 454 1726 491 quietis
1741 459 1769 482 et
1780 454 1819 482 si-

1078 491 1172 528 lentii,
1185 501 1221 519 ac
1233 492 1340 530 negotii
1348 493 1458 530 proprii
1468 491 1616 531 operando
1625 494 1759 521 manibus
1767 503 1820 522 ve-

1076 532 1144 564 stris
1159 543 1165 558 :
1181 537 1208 559 et
1220 530 1331 559 nullius
1339 536 1469 559 vestrum
1479 531 1656 560 desiderium
1667 534 1705 561 sit
1718 532 1760 561 ad
1773 542 1822 561 eos

1077 570 1215 610 quisoris
1237 576 1315 598 sunt.
1337 569 1367 599 Si
1380 570 1452 599 enim
1466 570 1494 599 in
1516 571 1574 600 foro
1594 571 1781 611 permanseris,
1797 578 1823 601 et

1076 609 1148 647 quod
1163 609 1255 646 habes,
1269 609 1365 649 perdes
1383 621 1390 637 :
1407 609 1430 638 si
1449 616 1537 639 autem
1550 610 1578 639 in
1600 610 1677 640 vinea
1694 611 1822 640 assiduus

1076 649 1170 685 fueris,
1185 655 1211 677 ct
1222 649 1293 687 quod
1308 659 1361 677 nou
1375 649 1468 686 habes,
1483 650 1615 688 acquires.
1633 653 1708 679 Item
1722 653 1822 680 exiens

1077 690 1154 717 circa
1174 693 1287 717 sextam
1302 696 1337 718 *et
1355 699 1474 717 nonam.
1487 689 1552 719 Ideo
1569 690 1661 729 junxit
1681 697 1782 719 sextam
1795 697 1823 719 et

1077 738 1184 764 nonam,
1198 729 1262 766 quia
1284 728 1310 757 in
1325 735 1399 757 sexta
1414 735 1439 757 et
1452 734 1520 765 non'a
1536 729 1704 768 generatione
1717 730 1823 759 vocavit

1077 768 1094 797 J
1097 767 1197 804 udaeos,
1213 774 1239 797 et
1249 767 1427 806 frequentavit
1439 779 1502 797 cum
1514 768 1671 798 hominibus
1681 768 1823 809 disponere

179 819 269 841 otiosus
280 812 348 849 Quis
361 819 400 841 est
419 821 483 850 ergo
500 811 620 840 otiosus?
635 810 689 847 Qui
708 820 775 849 opus
794 809 843 838 Dei
865 818 919 837 non
933 817 1024 847 opera·
1041 814 1059 837 Β
1078 813 1242 851 testamenta,
1253 807 1329 846 quasi
1343 807 1453 836 definito
1463 808 1557 837 salutis
1567 809 1688 837 omnium
1702 815 1823 849 tempore

1079 846 1085 853 ι

1074 857 1131 914 iam
1156 853 1363 886 propinquante.
1386 847 1455 875 Nam
1474 853 1534 886 post
1557 849 1615 877 Noe
1634 848 1669 877 ad
1690 849 1823 878 neminem

1089 886 1193 924 egimus
1214 887 1302 915 Deum
1323 886 1466 924 loquutum
1479 886 1572 921 fuisse,
1585 887 1637 916 nisi
1657 887 1775 928 primum
1787 887 1823 916 ad

1079 925 1227 961 Abraham,
1242 931 1303 965 post
1321 936 1384 954 eum
1397 926 1534 955 confestim
1548 926 1583 955 ad
1598 927 1671 956 Isaac
1687 935 1713 957 et
1725 927 1821 957 Jacob.

1079 964 1184 994 Deinde
1194 974 1246 993 non
1257 971 1317 1005 post
1324 964 1440 994 multum
1447 966 1575 1005 temporis
1584 965 1619 994 ad
1629 968 1733 1003 Mosen,
1743 968 1788 996 cui
1797 973 1825 996 et

1079 1004 1166 1044 legem
1174 1003 1259 1033 dedit.
1273 1005 1339 1033 Post
1348 1014 1410 1033 eum
1423 1004 1459 1033 ad
1472 1006 1565 1034 Jesum
1578 1006 1662 1035 Nave.
1679 1007 1824 1036 Transacto

1080 1050 1168 1073 autem
1182 1053 1235 1072 non
1252 1043 1338 1073 multo
1351 1050 1412 1112 post
1432 1050 1564 1084 tempore,
1579 1044 1614 1074 ad
1627 1046 1778 1075 Samuelem
1798 1052 1825 1075 et

1080 1083 1181 1120 David,
1195 1083 1259 1113 etin
1272 1083 1350 1123 singu
1364 1084 1387 1112 is
1401 1083 1554 1124 quibusque
1562 1085 1776 1124 generationibus
1789 1085 1826 1114 ad

1081 1123 1180 1152 multos
1194 1124 1346 1167 prophetas,
1363 1133 1424 1152 cnm
1437 1123 1552 1167 singulis
1565 1130 1718 1154 testamenta
1731 1123 1824 1165 dispo-

1084 1173 1160 1192 nens.
1173 1164 1250 1192 Sicut
1263 1163 1334 1192 enim
1347 1163 1408 1202 quis
1420 1162 1447 1191 iu
1459 1162 1554 1192 itinere
1566 1164 1789 1200 constitutus‚aut
1796 1164 1824 1194 in

1082 1213 1162 1242 opere
1175 1202 1303 1242 quodam,
1313 1209 1373 1232 ante
1385 1209 1487 1231 sextam
1502 1203 1612 1242 quidem
1622 1214 1675 1232 non
1686 1210 1823 1244 operatur,

1082 1248 1128 1270 aut
1141 1242 1272 1276 ambulat,
1284 1242 1369 1271 sciens
1382 1242 1445 1280 quia
1458 1242 1553 1282 longus
1565 1242 1589 1272 ei
1600 1243 1690 1273 adhuc
1703 1249 1825 1282 superest

1082 1281 1140 1310 dics
1161 1293 1167 1309 :
1190 1288 1320 1311 transacta
1339 1288 1427 1310 autem
1445 1288 1531 1319 sexta,
1554 1293 1616 1311 cum
1640 1283 1755 1323 coeperit‘
1769 1279 1826 1312 esse

1082 1327 1185 1357 octava,
1204 1327 1251 1349 ant
1271 1331 1350 1357 nona,
1372 1320 1468 1360 incipit
1487 1332 1536 1360 pro
1571 1322 1674 1351 rantius
1695 1332 1782 1362 agere,
1795 1328 1827 1351 ut

1083 1370 1151 1398 opus
1171 1370 1253 1388 suum
1272 1360 1315 1389 vel
1330 1361 1381 1388 iter
1393 1366 1512 1399 tempore
1546 1361 1638 1390 efinito
1659 1362 1801 1391 concludat
1816 1373 1823 1390 ε

1048 1410 1066 1433 c
1083 1399 1121 1428 sic
1143 1406 1168 1428 et
1181 1400 1254 1428 Deus
1268 1409 1352 1437 usque
1369 1398 1405 1427 ad
1419 1399 1566 1437 Abraham,
1581 1401 1628 1439 qui
1640 1401 1693 1430 fuit
1706 1401 1734 1429 in
1753 1407 1825 1430 sexta

1083 1438 1160 1474 hora,
1174 1440 1247 1468 venit
1265 1438 1300 1467 ad
1312 1438 1434 1467 homines
1453 1438 1596 1479 disponere
1616 1446 1800 1469 testamentum
1818 1452 1825 1468 :

1083 1485 1143 1517 post
1162 1478 1299 1506 Abraham
1319 1484 1407 1507 autem
1421 1488 1506 1517 usque
1519 1479 1553 1508 ad
1571 1480 1828 1519 transmigrationem

1083 1518 1235 1555 frequenter
1250 1527 1407 1557 properam,
1423 1524 1453 1546 ut
1463 1517 1608 1547 adventum
1621 1530 1702 1548 sunm
1714 1519 1742 1548 in
1757 1520 1829 1549 hunc

1084 1556 1232 1593 mundum,
1255 1563 1281 1585 et
1299 1558 1467 1586 vocationem
1488 1559 1607 1596 gentium
1630 1558 1742 1588 definito
1762 1566 1830 1588 tem-

1084 1607 1149 1636 pore
1173 1603 1381 1632 consummaret,
1404 1597 1481 1635 quasi
1503 1608 1612 1637 vespere
1631 1598 1688 1638 jam
1715 1599 1831 1639 propin-

1084 1643 1193 1674 quante.
1209 1637 1284 1665 Item
1297 1637 1369 1665 exiit
1382 1638 1461 1665 circa
1474 1637 1577 1666 horam
1595 1639 1791 1674 undecimam,
1803 1644 1833 1667 et

1087 1676 1185 1704 dixit:
1208 1676 1286 1714 Quid
1309 1676 1357 1704 hic
1379 1677 1463 1705 statis
1485 1683 1549 1706 tota
1568 1678 1616 1706 die
1638 1680 1746 1707 otiosi?
1757 1677 1831 1709 Vide

1087 1716 1150 1754 quia
1165 1715 1265 1753 ubique
1287 1715 1386 1744 otiosos
1399 1722 1484 1751 vocat,
1497 1726 1551 1745 non
1571 1724 1732 1756 peccatores.
1744 1717 1831 1747 Deni-

1835 471 1843 486 1
1849 481 1854 486 .
1865 465 1904 487 ΤῘΙ(

1834 501 1904 519 10.—

1087 1766 1139 1794 que
1153 1754 1301 1790 considera,
1317 1765 1411 1785 servus
1424 1755 1472 1784 ille
1485 1756 1532 1794 qui
1547 1764 1683 1796 acceperat
1693 1767 1709 1786 a
1722 1756 1832 1787 domino
1841 1762 1904 1784 Luc-¹

1088 1805 1137 1824 suo
1163 1804 1241 1823 unam
1264 1805 1369 1832 mnam,
1393 1801 1422 1824 ut
1443 1796 1510 1834 quid
1532 1795 1650 1831 audivit,
1670 1797 1758 1826 Serve
1781 1808 1833 1826 ne-

1089 1836 1201 1874 quam?
1221 1841 1251 1863 ut
1270 1833 1337 1872 qnid
1359 1834 1458 1864 missus
1484 1842 1523 1871 est
1545 1835 1574 1864 in
1597 1836 1741 1865 tenebras?
1760 1837 1834 1873 Quia

1089 1873 1207 1914 perdidit
1220 1884 1310 1903 mnam
1323 1874 1418 1903 suam?
1432 1875 1555 1913 antquia
1575 1874 1646 1904 nihil
1661 1883 1700 1904 est
1714 1876 1834 1905 lucratus

1089 1913 1123 1942 de
1132 1924 1161 1943 ea
1168 1913 1182 1942 ἱ)
1191 1913 1253 1943 Sine
1266 1913 1351 1943 dubio
1361 1914 1423 1952 quia
1433 1914 1501 1943 nihil
1514 1914 1634 1944 lucratus
1641 1923 1680 1944 est
1687 1914 1721 1944 de
1728 1926 1769 1944 ea.
1777 1916 1833 1952 Qui

1089 1960 1177 1982 autem
1201 1960 1302 1992 peccat,
1317 1953 1407 1992 perdit
1430 1953 1542 1993 gratiam
1564 1965 1643 1992 quam
1667 1955 1779 1995 accepit.
1803 1955 1834 1985 Si

1090 2004 1153 2032 ergo
1168 1992 1214 2021 ille
1230 2003 1283 2021 non
1296 2000 1336 2022 est
1347 1993 1466 2032 impunis
1487 1993 1515 2022 in
1529 1993 1574 2022 die
1582 1994 1691 2033 judicii,
1705 1995 1751 2033 qui
1765 1995 1835 2024 otio·-

1091 2043 1138 2061 sus
1160 2032 1231 2061 stetit
1244 2032 1272 2060 in
1293 2033 1361 2068 soro,
1375 2039 1400 2061 et
1419 2032 1523 2061 nullam
1537 2033 1695 2072 injustitiam
1708 2041 1836 2073 operatus

1092 2079 1130 2101 est
1153 2083 1158 2099 :
1185 2071 1253 2109 quid
1274 2072 1354 2100 saciet
1368 2072 1394 2100 in
1417 2071 1461 2100 die
1479 2072 1578 2110 judicii
1599 2072 1646 2110 qui
1667 2074 1787 2112 peccavit
1810 2080 1837 2102 ct

1093 2122 1181 2141 mnam
1204 2122 1281 2140 suam
1300 2110 1438 2150 perdidit?
1456 2111 1536 2149 Quid
1549 2112 1596 2140 hic
1609 2114 1694 2141 stalis
1713 2118 1775 2141 tota
1789 2113 1837 2141 die

1093 2153 1177 2181 otiosi
1186 2149 1202 2178 Ρ
1215 2153 1255 2179 An
1271 2150 1387 2187 nescitis,
1399 2150 1462 2188 quia
1475 2151 1523 2189 qui
1536 2161 1588 2179 non
1603 2158 1729 2191 operatur
1743 2152 1771 2180 in
1786 2152 1838 2181 hoc

1093 2190 1201 2226 saeculo,
1216 2200 1269 2218 non
1283 2189 1426 2219 manducat
1442 2190 1469 2218 in
1485 2190 1554 2219 illo?
1568 2191 1604 2220 Et
1617 2191 1664 2229 qui
1684 2191 1746 2220 aliis
1759 2201 1839 2220 man-

1093 2230 1254 2260 ducantibus
1267 2236 1293 2258 et
1311 2229 1466 2258 bibentibus
1479 2230 1507 2258 in
1521 2230 1572 2259 hoc
1589 2230 1686 2260 saeculo
1699 2237 1837 2271 operatur,

1095 2271 1123 2299 in
1133 2269 1180 2299 illo
1195 2269 1292 2299 saeculo
1306 2269 1367 2298 aliis
1373 2269 1556 2308 jejunantibus
1569 2270 1627 2309 ipse
1637 2270 1838 2310 nonjejunabit‚

1096 2309 1144 2340 sed
1164 2310 1301 2338 recumbet
1318 2319 1379 2338 cum
1403 2310 1549 2345 Abraham,
1562 2316 1588 2338 et
1611 2309 1785 2339 manducabit
1805 2309 1840 2338 de

1097 2348 1210 2394 prandio
1222 2350 1294 2378 vitae.
1303 2348 1359 2385 Qui
1374 2355 1463 2377 autem
1473 2348 1595 2378 hic-aliis
1605 2349 1778 2388 operantibus
1790 2355 1841 2378 stat
1852 2347 1854 2350 ”

1098 2396 1208 2423 otiosus,
1228 2388 1290 2417 aliis
1303 2388 1520 2417 recumbentibus
1539 2388 1566 2416 in
1591 2388 1640 2417 illo
1662 2388 1760 2417 saeculo
1783 2388 1841 2428 ipse

1099 2428 1251 2468 expelletur
1270 2428 1352 2457 foras.
1370 2428 1433 2457 Dies
1447 2428 1519 2456 euim
1534 2427 1594 2464 iste,
1609 2426 1667 2456 dies
1678 2427 1841 2468 operationis

1101 2475 1139 2497 est
1157 2480 1162 2496 :
1179 2467 1236 2496 dies
1250 2474 1339 2496 autem
1357 2467 1414 2504 ille,
1428 2467 1475 2506 qui
1488 2466 1620 2505 sequitur,
1635 2466 1693 2497 dies
1714 2474 1754 2496 est
1766 2467 1843 2496 feria-

1101 2518 1172 2537 rum.
1190 2508 1235 2536 At
1255 2507 1300 2535 illi
1321 2508 1459 2536 dixerunt
1480 2517 1489 2534 :
1504 2507 1597 2536 Nemo
1617 2517 1670 2536 nos
1691 2507 1843 2536 conduxit.

1102 2549 1169 2583 Qua:
1190 2554 1228 2576 est
1250 2546 1391 2576 conductio
1410 2552 1510 2584 nostra,
1533 2553 1558 2575 et
1579 2557 1644 2585 qna>
1661 2545 1845 2576 conductionis
