1890 2826
263 132 332 167 503
595 142 624 165 S.
652 141 790 166 JoANNts
816 141 999 166 CHRYSOST.
1028 143 1182 166 ARCRIEP.
1211 144 1479 169 CONSTANTINOP-

110 217 179 238 Jmm.
197 222 233 239 10,
261 205 318 234 haec
342 203 484 244 subjunxit
498 216 504 231 ι
531 204 595 243 Ego
614 209 643 232 et
664 204 756 233 Pater
778 214 870 233 unum
894 214 1002 234 sumus.
1057 206 1102 235 καὶ
1113 208 1127 235 ὁ
1138 207 1234 247 Πατὴρ
1245 206 1272 236 ἕν
1283 208 1372 244 ἐσμεν.
1390 209 1484 237 Ταῦτα
1495 203 1540 237 οὖν
1554 208 1658 237 ἅπαντα
1669 207 1767 242 εἰδότες
1779 207 1824 237 καὶ

111 247 149 269 3⁰·
262 252 325 282 Haec
337 250 422 290 igitur
432 249 532 287 omnia,
551 260 611 288 qua:
626 249 697 279 dicta
708 257 782 288 sunt,
793 250 905 280 scientes
917 257 944 280 et
964 250 1004 279 in·
1055 252 1277 287 ἀποσυλλέξαντες
1299 253 1333 282 τὰ
1354 253 1480 293 εἰρημένα
1491 275 1501 290 ,
1523 254 1751 294 ἂποστρεφώμεθα
1770 255 1824 284 τῶν

261 297 422 336 telligentes‚
432 306 586 326 aversemur
600 296 787 326 haereticorum
808 303 903 333 coetus,
916 303 1006 327 rectae-
1055 299 1193 338 αἱρετικῶν
1207 298 1266 332 τοὺς
1278 299 1418 338 συλλόγους
1427 322 1435 336 ,
1447 298 1572 339 ἐχώμεθα
1590 299 1619 329 δὲ
1638 301 1764 336 διηνεκῶς
1777 302 1826 336 τῆς

260 354 314 382 que
327 342 391 372 fidei
405 349 533 382 perpetuo
543 342 1003 383 haereamus,etaccuratamparem-
1053 345 1132 383 ὀρθῆς
1144 344 1271 380 πίστεως,
1291 345 1335 374 καὶ
1354 345 1410 384 βίον
1431 345 1529 385 ἀκριὸἥ
1550 345 1595 375 καὶ
1615 345 1750 376 πολιτείαν
1771 351 1826 379 τοῖς

261 400 315 428 que
332 388 460 419 doctrinae
477 388 560 418 vitam
575 388 758 426 instituamus,
771 395 801 419 ut
822 389 914 419 sutura
933 389 1005 419 bona
1055 391 1182 429 δόγμασιν
1195 391 1256 429 ἴσην
1269 390 1459 430 ἐπιδειξώμεθα
1469 414 1477 428 ,
1491 390 1535 420 ἵνα
1545 393 1597 421 τῶν
1609 391 1758 430 μελλόντων
1769 392 1824 422 ἐπι-

261 445 471 474 consequamur,
497 433 583 474 gratia
608 441 635 464 et
654 435 870 465 miserationibus
892 436 1004 466 Domini
1019 446 1038 469 c
1054 436 1178 476 τύχωμεν
1192 438 1306 476 ἀγαθῶν,
1323 438 1414 478 χάριτι
1433 437 1480 467 καὶ
1498 439 1643 477 οἰκτιρμοῖς
1656 440 1702 467 τοῦ
1724 437 1824 478 Κυρίου

261 482 346 511 nostri
364 482 429 511 Jesu
445 480 559 517 Christi,
572 481 617 510 cui
635 481 721 521 gloria
731 487 759 511 et
769 481 927 522 imperium,
951 492 1005 511 una
1054 484 1131 521 ἡμῶν
1154 482 1243 518 Ἰησοῦ
1262 484 1396 523 Χριστοῦ,
1415 478 1438 523 ᾧ
1461 485 1479 518 ἡ
1502 482 1581 519 δόξα,
1602 482 1648 513 καὶ
1664 483 1696 513 τὸ
1710 482 1825 524 κράτος,

261 537 324 556 cum
337 528 414 556 Patre
427 533 454 555 et
473 526 577 566 Spiritu
596 534 700 564 sancto,
724 534 830 558 nuncet
842 538 957 568 semper,
978 534 1004 557 et
1055 527 1112 567 ἅμα
1123 530 1162 568 τῷ
1174 528 1264 568 nupt
1274 528 1321 558 καὶ
1335 530 1374 569 τῷ
1384 529 1453 569 ἁγίῳ
1470 528 1619 567 Πνεύματι,
1639 531 1684 559 νῦν
1701 528 1748 558 καὶ
1767 528 1825 564 ἀεὶ,

261 573 289 601 in
302 573 399 602 saecula
412 573 582 613 saeculorum.
594 573 693 604 Amen.
1055 573 1101 603 καὶ
1114 575 1152 607 εἷς
1162 573 1222 608 τοὺς
1233 575 1329 608 αἰῶνας
1341 576 1394 604 τῶν
1406 574 1517 604 αἰώνων.
1532 574 1626 614 Ἀμήν.

845 779 1254 843 MONITUM

633 933 698 970 AD
722 930 963 968 HOMILIAM
988 931 1052 968 DE
1076 931 1451 969 MEDCHISEDECO.

300 1065 376 1094 Hanc
390 1068 496 1102 quoque
510 1061 650 1092 homiliam
661 1060 732 1091 eruit
742 1057 946 1089 laudatissimus
955 1058 998 1089 vir
1011 1058 1112 1089 Ericus
1124 1058 1266 1089 Benzelius
1277 1070 1312 1089 ex
1322 1059 1470 1091 Codicibus
1483 1060 1651 1103 Angfieanis,
1666 1070 1693 1094 ct
1705 1064 1824 1105 Upsaliae

261 1111 357 1141 edidit.
372 1112 423 1141 Est
442 1117 542 1147 autem,
557 1108 631 1148 quod
646 1114 748 1149 spectat
766 1108 826 1148 ejus
844 1113 948 1147 partem
966 1116 1021 1135 non
1041 1105 1193 1143 minimam,
1208 1106 1367 1147 praecedenti
1381 1118 1435 1138 non
1448 1107 1600 1139 dissimilis.
1614 1110 1691 1141 Licet
1708 1110 1779 1141 enim
1792 1111 1827 1141 de

259 1157 468 1193 Melchisedeco,
481 1163 511 1186 ut
522 1156 573 1186 fert
588 1154 727 1195 inscriptio
735 1176 742 1190 ‚
755 1160 861 1194 agatur,
874 1164 926 1183 non
943 1153 1054 1182 minima
1074 1160 1162 1195 tamen
1179 1164 1242 1194 pars
1258 1152 1378 1183 homilias
1391 1161 1483 1185 contra
1496 1158 1639 1187 Anomoeos
1658 1164 1709 1188 cst.
1722 1157 1827 1188 Deinde

260 1214 324 1233 vero
337 1210 428 1233 contra
438 1201 670 1232 Melchisedecitas
679 1199 844 1240 disputatur,
858 1199 906 1238 qui
917 1198 1042 1228 dicebant
1055 1198 1282 1229 Melchisedecum
1301 1210 1357 1230 esse
1370 1199 1443 1230 Filio
1455 1202 1584 1241 majorem
1590 1213 1600 1241 3
1615 1201 1663 1232 alii
1676 1210 1765 1233 autem
1776 1214 1827 1244 pu-

259 1250 351 1280 tabant
361 1261 419 1280 esse
429 1249 563 1290 Spiritum
581 1254 703 1277 sanctum
710 1258 718 1284 ;
731 1253 761 1275 ut
772 1245 850 1275 docet
860 1246 941 1275 etiam
953 1245 1126 1286 Epiphanius
1138 1246 1238 1276 Haeresi
1251 1248 1291 1277 46
1300 1269 1309 1285 ‚
1325 1247 1363 1277 al.
1379 1247 1430 1285 55,
1445 1247 1519 1287 quod
1532 1248 1560 1278 in
1572 1250 1643 1280 notis
1655 1249 1772 1280 dicimus
1784 1251 1827 1280 in-

258 1296 309 1327 fra.
325 1298 397 1327 Cave
411 1303 501 1326 autem
514 1301 591 1335 putes
608 1293 677 1323 hanc
690 1292 718 1322 in
731 1290 961 1322 Melchisedecum
977 1291 1118 1322 homiliam
1128 1303 1186 1321 eam
1198 1303 1266 1330 esse,
1281 1304 1365 1334 quam
1378 1301 1567 1325 commemorat
1578 1295 1785 1336 Chrysostomus
1798 1298 1826 1327 in

258 1343 378 1374 Humilia
390 1343 418 1372 in
431 1339 569 1371 Psalmum
582 1340 632 1377 41,
646 1348 706 1378 quae
719 1337 788 1366 inter
798 1336 987 1377 Expositiones
1000 1337 1028 1366 in
1040 1336 1160 1366 Psalmos
1170 1349 1253 1378 supra
1267 1349 1316 1368 suo
1327 1338 1421 1369 ordine
1432 1340 1505 1370 edita
1513 1341 1577 1371 fuit.
1588 1343 1659 1372 Nam
1673 1350 1703 1373 ut
1715 1343 1754 1373 ibi
1765 1343 1827 1384 plu-

258 1390 335 1419 ribus
348 1393 582 1423 commonstrantur,
597 1396 628 1416 ea
641 1386 719 1425 cujus
732 1384 772 1413 ibi
784 1383 885 1413 mentio
895 1383 1020 1420 habetur,
1034 1390 1074 1412 est
1087 1385 1200 1424 septima
1221 1392 1313 1415 contra
1326 1385 1447 1416 Judaeos.

299 1438 360 1474 Quo
374 1443 493 1476 tempore
505 1435 575 1464 hanc
587 1432 687 1462 dixerit
699 1432 908 1472 chrysostomus
917 1454 924 1468 ‚
936 1431 1013 1460 nullo
1027 1442 1172 1471 possumus
1189 1432 1289 1462 indicio
1309 1433 1424 1473 assequi.
1437 1434 1516 1464 Nihil
1529 1435 1601 1464 enim
1611 1435 1657 1465 hic
1671 1444 1824 1477 comparet,

257 1495 292 1513 ex
305 1493 359 1522 quo
373 1488 463 1511 notam
476 1478 541 1509 anni
551 1488 644 1508 eruere
656 1477 801 1518 possimus.
814 1476 998 1516 Similiterque
1011 1478 1146 1507 incertum
1160 1477 1271 1508 videtur
1284 1479 1466 1510 Antiochiaene
1484 1490 1518 1510 an
1536 1482 1766 1523 Constantinopoli
1777 1483 1827 1512 ha-

257 1529 313 1559 bita
325 1528 423 1558 fuerit:
437 1525 545 1556 credere
558 1524 653 1554 malim
665 1523 814 1554 Antiochiae
832 1522 932 1553 dictam
940 1545 948 1559 ,
961 1522 1025 1562 quia
1037 1522 1076 1552 ibi
1088 1523 1280 1563 frequentiores
1295 1524 1369 1555 suere
1384 1532 1476 1556 contra
1486 1523 1630 1556 Anomoeos‘
1642 1527 1824 1558 velitationes.

395 1722 629 1754 EJUSDEM
648 1718 868 1750 HOMILIA
1332 1721 1410 1751 ΤΟΥ
1427 1722 1558 1753 ΑΥΤΟΥ

488 1817 525 1846 de
545 1814 769 1845 Melchisedeco.
1300 1813 1349 1845 Εἷς
1359 1813 1404 1842 τὸν
1413 1815 1589 1853 Μελχισεδέκ.

298 1915 309 1941 1
320 1935 327 1941 .
350 1909 533 1952 Apostolicam
541 1907 622 1937 hodie
642 1906 720 1936 vobis
732 1916 850 1935 mensam
869 1915 1004 1946 apponere
1098 1903 1288 1940 Ἀποστολικὴν
1309 1905 1371 1940 ὑμῖν
1389 1905 1505 1945 σήμερον
1525 1906 1655 1946 βούλομαι
1672 1912 1828 1949 παραθεῖναι

257 1959 330 1995 volo,
347 1964 372 1987 ct
382 1956 417 1986 ad
427 1955 540 1995 pelagus
559 1954 634 1984 vocis
656 1952 731 1981 illius
742 1953 779 1980 D.
802 1951 881 1981 Pauli
903 1962 1004 1981 sermo-
1056 1949 1199 1990 τράπεζαν,
1222 1950 1268 1979 καὶ
1289 1950 1354 1990 πρὸς
1368 1950 1399 1979 τὸ
1413 1950 1528 1990 πέλαγος
1547 1954 1596 1989 τῆς
1617 1953 1725 1984 Παύλου
1740 1958 1827 1995 φωνῆς

255 2016 318 2034 nem
328 2002 469 2033 extendere
480 2011 556 2041 paro.
572 1999 625 2030 Sed
643 1997 712 2038 quid
730 1997 847 2027 faciam?
861 1998 954 2027 Haereo
968 1997 1004 2026 ti-
1057 1996 1184 2025 διατεῖναι
1196 1995 1240 2025 τὸν
1251 1995 1328 2035 λόγον
1341 1997 1587 2037 παρασκευάζομαι.
1603 1999 1681 2030 Ἀλλὰ
1693 2000 1720 2029 τί
1732 2002 1827 2040 πάθω,

256 2060 367 2089 meoque
389 2059 422 2078 ne
444 2058 460 2077 a
480 2053 561 2087 portu
583 2045 716 2075 solventes
736 2050 763 2073 et
783 2042 818 2072 ad
838 2042 1003 2083 profundum
1057 2041 1147 2071 Ὀκνῶ
1169 2041 1214 2071 καὶ
1233 2041 1338 2071 δέδοικα
1359 2042 1462 2081 μήποτε
1484 2042 1528 2072 τὸν
1548 2043 1644 2083 λιμένα
1667 2044 1828 2083 ἐξελθόντες,

255 2095 462 2137 apostolicarum
491 2091 682 2129 sententiarum
716 2089 863 2130 progressi,
887 2088 1002 2128 caligine
1011 2110 1047 2130 2⁶6
1057 2088 1102 2118 καὶ
1116 2087 1181 2128 πρὸς
1193 2087 1223 2117 τὸ
1237 2087 1316 2127 βάθος
1335 2088 1546 2125 καταντήσαντες
1567 2091 1621 2120 τῶν
1644 2092 1826 2124 &mmmm

258 2142 446 2182 corripiamur.
467 2146 497 2168 ut
517 2138 583 2168 solet
593 2136 716 2167 accidere
737 2142 877 2165 vectorum
890 2134 1003 2175 imperi·
1021 2141 1040 2163 Α
1058 2133 1197 2173 νοημάτων
1209 2133 1405 2177 ἰλιγγιάσωμεν,
1417 2134 1482 2175 ὅπερ
1493 2135 1642 2176 πάσχουσιν
1655 2139 1680 2167 οἱ
1691 2140 1744 2168 τῶν
1754 2141 1827 2169 πλω-

255 2189 381 2219 fioribus.
393 2187 439 2218 Illi
451 2195 566 2224 natuque
577 2190 719 2224 postquam
730 2181 823 2211 relicta
838 2180 1001 2218 continente,
1057 2178 1143 2218 τήρων
1157 2180 1262 2214 ἀηθεῖς.’
1271 2179 1325 2208 Καὶ
1336 2179 1386 2219 γὰρ
1400 2181 1494 2210 ἐκεῖνοι
1505 2181 1610 2211 ἐπειδὰν
1621 2182 1669 2220 τὴν
1683 2185 1732 2223 γῆν
1745 2185 1826 2225 ἀφέν-

254 2236 289 2264 ab
303 2241 414 2272 utraque
435 2231 511 2262 navis
525 2236 599 2270 parte
614 2228 725 2269 pelagus
739 2225 867 2263 viderint,
881 2225 1002 2264 nihilque
1057 2237 1114 2261 τες,
1129 2224 1156 2259 ἐξ
1167 2223 1292 2265 ἑκατέρου
1305 2225 1399 2265 μέρους
1411 2228 1459 2262 τῆς
1469 2227 1530 2263 νηὸς
1542 2227 1656 2268 πέλαγος
1669 2229 1769 2268 ἴδωσιν,
1781 2231 1827 2261 καὶ

252 2282 328 2311 aliud
346 2291 427 2320 quam
450 2285 563 2319 pontum
586 2283 612 2305 et
634 2275 741 2311 caelum,
766 2272 898 2312 vertigine
918 2272 1002 2301 corri-
1057 2271 1130 2301 οὐδὲν
1144 2271 1231 2311 ἕτερον
1245 2271 1263 2308 ἢ
1276 2271 1406 2301 θάλατταν
1427 2273 1472 2302 καὶ
1486 2273 1604 2313 οὐρανὸν,
1615 2275 1764 2316 σκοτοδινίᾳ
1777 2288 1826 2306 κα-

252 2329 376 2370 piuntur,
390 2338 420 2356 ac
430 2325 520 2356 navim
532 2334 595 2354 cum
617 2321 685 2351 mari
700 2321 727 2349 in
749 2319 842 2349 orbem
861 2318 930 2348 verti
951 2329 1003 2358 pu-
1057 2318 1179 2358 τέχονται
1188 2340 1197 2355 ,
1215 2317 1260 2347 καὶ
1281 2318 1467 2358 περιφέρεσθαι
1480 2322 1568 2354 αὐτοῖς
1581 2321 1612 2351 τὸ
1626 2322 1717 2350 πλοῖον
1737 2322 1828 2363 κόχλῳ

252 2382 318 2405 tant.
335 2375 437 2405 Verum
451 2381 503 2401 non
521 2381 555 2400 ex
568 2368 660 2399 maris*
670 2373 777 2402 natura,
799 2364 845 2394 sed
865 2374 900 2393 ex
924 2364 1001 2394 navi·
1057 2364 1190 2403 νομίζουσι
1214 2363 1281 2403 μετὰ
1298 2366 1345 2400 τῆς
1368 2366 1507 2402 θαλάττης.
1534 2366 1603 2396 Ἀλλ’
1629 2368 1659 2396 οὗ
1683 2367 1757 2407 παρὰ
1777 2368 1828 2404 τὴν

253 2422 374 2452 ‘vantium
386 2419 520 2460 imperitia
543 2416 686 2456 vertigines
697 2413 832 2443 oriuntur.
863 2412 917 2441 Alii
929 2412 1001 2441 enim
1057 2411 1134 2450 φύσιν
1147 2412 1194 2446 τῆς
1214 2410 1360 2448 θαλάττης,
1382 2412 1451 2441 ἀλλὰ
1471 2412 1545 2451 παρὰ
1564 2407 1754 2453 τὴν’ἀπειρίαν
1773 2417 1826 2445 τῶν

253 2445 350 2505 haum,
368 2467 449 2496 nudis
469 2463 628 2506 corporibus
641 2472 696 2491 sese
719 2459 869 2500 praecipites
882 2458 946 2488 dant
971 2458 997 2487 in
1056 2457 1190 2487 πλούντων
1202 2458 1226 2487 οἱ
1237 2457 1334 2496 ἴλιγγοι
1352 2457 1475 2497 γίνονται.
1489 2458 1594 2498 Ἓτεροι
1613 2454 1675 2489 “οῧ’ν
1694 2461 1746 2490 τῶν
1765 2473 1826 2490 vau-

287 2569 295 2578 :¹-
314 2562 355 2585 032
372 2558 412 2583 hic
429 2567 474 2591 pro
492 2561 535 2591 γάρ
552 2552 734 2587 accipiendum,
752 2557 780 2576 ut
794 2550 929 2576 sexcenties
944 2549 1004 2574 alibi
1027 2548 1094 2582 apud
1111 2548 1321 2582 Chrysostomum
1334 2550 1370 2576 οὖν
1382 2555 1406 2575 et
1420 2554 1471 2583 γοῦν
1483 2558 1541 2575 nam
1553 2549 1591 2577 vel
1601 2552 1666 2575 enim
1675 2551 1822 2584 significam,
