<?xml version="1.0" encoding="UTF-8"?>
<!DOCTYPE html PUBLIC "-//W3C//DTD XHTML 1.0 Transitional//EN"
    "http://www.w3.org/TR/xhtml1/DTD/xhtml1-transitional.dtd">
<html xmlns="http://www.w3.org/1999/xhtml" xml:lang="en" lang="en">
 <head>
  <title>
</title>
<meta http-equiv="Content-Type" content="text/html;charset=utf-8" />
  <meta name='ocr-system' content='tesseract 3.04.00' />
  <meta name='ocr-capabilities' content='ocr_page ocr_carea ocr_par ocr_line ocrx_word'/>
</head>
<body>
  <div class='ocr_page' id='page_1' title='image "./operaomniaquaeex06johnuoft_0897.png"; bbox 0 0 1904 2840; ppageno 0'>
   <div class='ocr_carea' id='block_1_1' title="bbox 158 299 901 854">
    <p class='ocr_par' dir='ltr' id='par_1_1' title="bbox 158 299 901 854">
     <span class='ocr_line' id='line_1_1' title="bbox 158 299 898 344; baseline -0.008 -10"><span class='ocrx_word' id='word_1_1' title='bbox 158 307 200 334; x_wconf 77' lang='lat' dir='ltr'><strong>Et</strong></span> <span class='ocrx_word' id='word_1_2' title='bbox 213 314 303 344; x_wconf 85' lang='lat' dir='ltr'><strong>usque</strong></span> <span class='ocrx_word' id='word_1_3' title='bbox 316 303 357 332; x_wconf 82' lang='lat' dir='ltr'><strong>ad</strong></span> <span class='ocrx_word' id='word_1_4' title='bbox 368 308 514 332; x_wconf 78' lang='lat' dir='ltr'><strong><em>senectam</em></strong></span> <span class='ocrx_word' id='word_1_5' title='bbox 525 307 553 331; x_wconf 82' lang='lat' dir='ltr'><strong>et</strong></span> <span class='ocrx_word' id='word_1_6' title='bbox 563 303 686 336; x_wconf 79' lang='lat' dir='ltr'><strong>senium,</strong></span> <span class='ocrx_word' id='word_1_7' title='bbox 698 301 790 336; x_wconf 86' lang='lat' dir='ltr'><strong>Deus,</strong></span> <span class='ocrx_word' id='word_1_8' title='bbox 802 310 837 329; x_wconf 88' lang='lat' dir='ltr'><strong>ne</strong></span> <span class='ocrx_word' id='word_1_9' title='bbox 849 299 898 328; x_wconf 84' lang='lat' dir='ltr'><strong>de-</strong></span> 
     </span>
     <span class='ocr_line' id='line_1_2' title="bbox 159 341 898 383; baseline -0.007 -10"><span class='ocrx_word' id='word_1_10' title='bbox 159 344 309 383; x_wconf 85' lang='lat' dir='ltr'><strong>relinquas</strong></span> <span class='ocrx_word' id='word_1_11' title='bbox 317 353 370 378; x_wconf 81' lang='lat' dir='ltr'><strong>me,</strong></span> <span class='ocrx_word' id='word_1_12' title='bbox 376 343 469 371; x_wconf 77' lang='lat' dir='ltr'><strong>‹lonec</strong></span> <span class='ocrx_word' id='word_1_13' title='bbox 477 342 650 370; x_wconf 79' lang='lat' dir='ltr'><strong>annuntiem</strong></span> <span class='ocrx_word' id='word_1_14' title='bbox 658 341 807 370; x_wconf 80' lang='lat' dir='ltr'><strong><em>brachium</em></strong></span> <span class='ocrx_word' id='word_1_15' title='bbox 818 345 898 368; x_wconf 84' lang='lat' dir='ltr'><strong>tuum</strong></span> 
     </span>
     <span class='ocr_line' id='line_1_3' title="bbox 159 378 899 426; baseline -0.008 -13"><span class='ocrx_word' id='word_1_16' title='bbox 159 384 339 423; x_wconf 77' lang='lat' dir='ltr'><strong>generau&#39;oru&#39;</strong></span> <span class='ocrx_word' id='word_1_17' title='bbox 349 384 427 411; x_wconf 88' lang='lat' dir='ltr'><strong>omni</strong></span> <span class='ocrx_word' id='word_1_18' title='bbox 437 392 503 426; x_wconf 85' lang='lat' dir='ltr'><strong>quoe</strong></span> <span class='ocrx_word' id='word_1_19' title='bbox 512 387 639 413; x_wconf 76' lang='lat' dir='ltr'><strong>ventura</strong></span> <span class='ocrx_word' id='word_1_20' title='bbox 649 387 691 410; x_wconf 86' lang='lat' dir='ltr'><strong>est</strong></span> <span class='ocrx_word' id='word_1_21' title='bbox 701 393 710 408; x_wconf 93' lang='lat'><strong>.·</strong></span> <span class='ocrx_word' id='word_1_22' title='bbox 718 378 791 418; x_wconf 88' lang='lat' dir='ltr'><strong>quod</strong></span> <span class='ocrx_word' id='word_1_23' title='bbox 801 379 899 408; x_wconf 84' lang='lat' dir='ltr'><strong>factum</strong></span> 
     </span>
     <span class='ocr_line' id='line_1_4' title="bbox 159 419 901 462; baseline -0.007 -10"><span class='ocrx_word' id='word_1_24' title='bbox 159 430 199 453; x_wconf 87' lang='lat' dir='ltr'><strong>est</strong></span> <span class='ocrx_word' id='word_1_25' title='bbox 210 422 238 451; x_wconf 86' lang='lat' dir='ltr'><strong>in</strong></span> <span class='ocrx_word' id='word_1_26' title='bbox 253 429 371 462; x_wconf 82' lang='lat' dir='ltr'><strong>tempore</strong></span> <span class='ocrx_word' id='word_1_27' title='bbox 383 421 501 455; x_wconf 79' lang='lat' dir='ltr'><strong>Christi,</strong></span> <span class='ocrx_word' id='word_1_28' title='bbox 513 419 620 459; x_wconf 88' lang='lat' dir='ltr'><strong>quando</strong></span> <span class='ocrx_word' id='word_1_29' title='bbox 633 420 681 459; x_wconf 88' lang='lat' dir='ltr'><strong>qui</strong></span> <span class='ocrx_word' id='word_1_30' title='bbox 702 419 778 458; x_wconf 81' lang='lat' dir='ltr'>digni</span> <span class='ocrx_word' id='word_1_31' title='bbox 791 419 901 462; x_wconf 77' lang='lat' dir='ltr'><strong>fuerunt</strong></span> 
     </span>
     <span class='ocr_line' id='line_1_5' title="bbox 159 457 899 495; baseline -0.008 -3"><span class='ocrx_word' id='word_1_32' title='bbox 159 473 195 492; x_wconf 81' lang='lat' dir='ltr'><strong>ex</strong></span> <span class='ocrx_word' id='word_1_33' title='bbox 216 462 255 491; x_wconf 85' lang='lat' dir='ltr'><strong>eis</strong></span> <span class='ocrx_word' id='word_1_34' title='bbox 279 461 386 491; x_wconf 82' lang='lat' dir='ltr'><strong>credere</strong></span> <span class='ocrx_word' id='word_1_35' title='bbox 407 461 436 489; x_wconf 89' lang='lat' dir='ltr'><strong>in</strong></span> <span class='ocrx_word' id='word_1_36' title='bbox 460 460 609 495; x_wconf 83' lang='lat' dir='ltr'>Christum,</span> <span class='ocrx_word' id='word_1_37' title='bbox 623 458 764 488; x_wconf 85' lang='lat' dir='ltr'>brachium</span> <span class='ocrx_word' id='word_1_38' title='bbox 789 457 899 487; x_wconf 81' lang='lat' dir='ltr'><strong>Domini</strong></span> 
     </span>
     <span class='ocr_line' id='line_1_6' title="bbox 159 497 900 538; baseline -0.008 -6"><span class='ocrx_word' id='word_1_39' title='bbox 159 501 387 531; x_wconf 85' lang='lat' dir='ltr'><strong>annuntiaverunt</strong></span> <span class='ocrx_word' id='word_1_40' title='bbox 403 500 478 529; x_wconf 88' lang='lat' dir='ltr'><strong>omni</strong></span> <span class='ocrx_word' id='word_1_41' title='bbox 499 498 661 538; x_wconf 86' lang='lat' dir='ltr'><strong>generationi</strong></span> <span class='ocrx_word' id='word_1_42' title='bbox 681 497 811 538; x_wconf 84' lang='lat' dir='ltr'><strong>gentium,</strong></span> <span class='ocrx_word' id='word_1_43' title='bbox 826 503 900 537; x_wconf 86' lang='lat' dir='ltr'><strong>post—</strong></span> 
     </span>
     <span class='ocr_line' id='line_1_7' title="bbox 159 538 899 576; baseline -0.008 -5"><span class='ocrx_word' id='word_1_44' title='bbox 159 541 270 571; x_wconf 88' lang='lat' dir='ltr'><strong>modum</strong></span> <span class='ocrx_word' id='word_1_45' title='bbox 286 539 403 570; x_wconf 80' lang='lat' dir='ltr'><strong>credenti</strong></span> <span class='ocrx_word' id='word_1_46' title='bbox 417 539 445 568; x_wconf 90' lang='lat' dir='ltr'><strong>in</strong></span> <span class='ocrx_word' id='word_1_47' title='bbox 458 538 576 568; x_wconf 87' lang='lat' dir='ltr'><strong>Christo.</strong></span> <span class='ocrx_word' id='word_1_48' title='bbox 588 539 676 575; x_wconf 86' lang='lat' dir='ltr'><strong>Quam</strong></span> <span class='ocrx_word' id='word_1_49' title='bbox 689 547 840 576; x_wconf 86' lang='lat' dir='ltr'><strong>congruum</strong></span> <span class='ocrx_word' id='word_1_50' title='bbox 850 547 899 565; x_wconf 89' lang='lat' dir='ltr'><strong>au-</strong></span> 
     </span>
     <span class='ocr_line' id='line_1_8' title="bbox 158 575 899 621; baseline -0.009 -10"><span class='ocrx_word' id='word_1_51' title='bbox 158 588 212 611; x_wconf 88' lang='lat' dir='ltr'><strong>tem</strong></span> <span class='ocrx_word' id='word_1_52' title='bbox 225 580 343 621; x_wconf 86' lang='lat' dir='ltr'><strong>populus</strong></span> <span class='ocrx_word' id='word_1_53' title='bbox 366 579 413 608; x_wconf 87' lang='lat' dir='ltr'><strong>ille</strong></span> <span class='ocrx_word' id='word_1_54' title='bbox 426 579 444 608; x_wconf 86' lang='lat' dir='ltr'>J</span> <span class='ocrx_word' id='word_1_55' title='bbox 447 577 559 607; x_wconf 86' lang='lat' dir='ltr'><strong>uda&#39;icus</strong></span> <span class='ocrx_word' id='word_1_56' title='bbox 579 577 654 607; x_wconf 82' lang='lat' dir='ltr'><strong>dedit</strong></span> <span class='ocrx_word' id='word_1_57' title='bbox 667 586 838 617; x_wconf 87' lang='lat' dir='ltr'><strong>responsum,</strong></span> <span class='ocrx_word' id='word_1_58' title='bbox 851 575 899 614; x_wconf 92' lang='lat' dir='ltr'><strong>qui</strong></span> 
     </span>
     <span class='ocr_line' id='line_1_9' title="bbox 158 616 897 657; baseline -0.008 -7"><span class='ocrx_word' id='word_1_59' title='bbox 158 627 246 650; x_wconf 80' lang='lat' dir='ltr'><strong>tamen</strong></span> <span class='ocrx_word' id='word_1_60' title='bbox 259 619 339 649; x_wconf 82' lang='lat' dir='ltr'><strong>corde</strong></span> <span class='ocrx_word' id='word_1_61' title='bbox 352 628 500 657; x_wconf 79' lang='lat' dir='ltr'><strong>numquam</strong></span> <span class='ocrx_word' id='word_1_62' title='bbox 511 616 646 654; x_wconf 84' lang='lat' dir='ltr'><strong>credebat,</strong></span> <span class='ocrx_word' id='word_1_63' title='bbox 656 627 760 656; x_wconf 82' lang='lat' dir='ltr'>semper</span> <span class='ocrx_word' id='word_1_64' title='bbox 768 626 814 645; x_wconf 84' lang='lat' dir='ltr'><strong>ore</strong></span> <span class='ocrx_word' id='word_1_65' title='bbox 823 625 897 644; x_wconf 89' lang='lat' dir='ltr'><strong>com-</strong></span> 
     </span>
     <span class='ocr_line' id='line_1_10' title="bbox 159 656 896 695; baseline -0.008 -5"><span class='ocrx_word' id='word_1_66' title='bbox 159 660 302 689; x_wconf 85' lang='lat' dir='ltr'><strong>mendabat</strong></span> <span class='ocrx_word' id='word_1_67' title='bbox 314 669 343 688; x_wconf 85' lang='lat' dir='ltr'><strong>se</strong></span> <span class='ocrx_word' id='word_1_68' title='bbox 355 658 447 687; x_wconf 87' lang='lat' dir='ltr'><strong>dicens</strong></span> <span class='ocrx_word' id='word_1_69' title='bbox 460 669 467 685; x_wconf 89' lang='lat'><strong>:</strong></span> <span class='ocrx_word' id='word_1_70' title='bbox 481 658 552 686; x_wconf 77' lang='lat' dir='ltr'><strong>Haec</strong></span> <span class='ocrx_word' id='word_1_71' title='bbox 581 658 679 686; x_wconf 85' lang='lat' dir='ltr'><strong>omnia</strong></span> <span class='ocrx_word' id='word_1_72' title='bbox 692 656 807 686; x_wconf 72' lang='lat' dir='ltr'><strong>servavi</strong></span> <span class='ocrx_word' id='word_1_73' title='bbox 817 665 837 684; x_wconf 79' lang='lat' dir='ltr'><em>a</em></span> <span class='ocrx_word' id='word_1_74' title='bbox 846 656 896 695; x_wconf 84' lang='lat' dir='ltr'><strong>ju-</strong></span> 
     </span>
     <span class='ocr_line' id='line_1_11' title="bbox 162 695 900 734; baseline -0.008 -5"><span class='ocrx_word' id='word_1_75' title='bbox 162 706 278 729; x_wconf 79' lang='lat' dir='ltr'><strong>ventute</strong></span> <span class='ocrx_word' id='word_1_76' title='bbox 303 708 379 727; x_wconf 87' lang='lat' dir='ltr'><strong>mea.</strong></span> <span class='ocrx_word' id='word_1_77' title='bbox 395 696 477 734; x_wconf 88' lang='lat' dir='ltr'><strong>Quod</strong></span> <span class='ocrx_word' id='word_1_78' title='bbox 501 706 554 725; x_wconf 90' lang='lat' dir='ltr'><strong>non</strong></span> <span class='ocrx_word' id='word_1_79' title='bbox 581 703 638 726; x_wconf 86' lang='lat' dir='ltr'><strong>erat</strong></span> <span class='ocrx_word' id='word_1_80' title='bbox 661 706 765 726; x_wconf 86' lang='lat' dir='ltr'><strong>verum.</strong></span> <span class='ocrx_word' id='word_1_81' title='bbox 780 695 848 724; x_wconf 87' lang='lat' dir='ltr'><strong>Nam</strong></span> <span class='ocrx_word' id='word_1_82' title='bbox 872 701 900 723; x_wconf 89' lang='lat' dir='ltr'><strong>et</strong></span> 
     </span>
     <span class='ocr_line' id='line_1_12' title="bbox 159 734 900 780; baseline -0.008 -12"><span class='ocrx_word' id='word_1_83' title='bbox 159 738 303 778; x_wconf 86' lang='lat' dir='ltr'><strong>prophetas</strong></span> <span class='ocrx_word' id='word_1_84' title='bbox 315 736 425 772; x_wconf 77' lang='lat' dir='ltr'><strong>occidit,</strong></span> <span class='ocrx_word' id='word_1_85' title='bbox 439 746 554 780; x_wconf 84' lang='lat' dir='ltr'><strong>cumque</strong></span> <span class='ocrx_word' id='word_1_86' title='bbox 569 735 650 765; x_wconf 86' lang='lat' dir='ltr'><strong>idolis</strong></span> <span class='ocrx_word' id='word_1_87' title='bbox 667 745 772 774; x_wconf 86' lang='lat' dir='ltr'><strong>semper</strong></span> <span class='ocrx_word' id='word_1_88' title='bbox 791 734 900 763; x_wconf 86' lang='lat' dir='ltr'><strong>adulte-</strong></span> 
     </span>
     <span class='ocr_line' id='line_1_13' title="bbox 159 774 900 818; baseline -0.007 -11"><span class='ocrx_word' id='word_1_89' title='bbox 159 785 232 807; x_wconf 86' lang='lat' dir='ltr'><strong>ratus</strong></span> <span class='ocrx_word' id='word_1_90' title='bbox 243 785 293 814; x_wconf 90' lang='lat' dir='ltr'><strong>est,</strong></span> <span class='ocrx_word' id='word_1_91' title='bbox 305 784 331 806; x_wconf 90' lang='lat' dir='ltr'><strong>et</strong></span> <span class='ocrx_word' id='word_1_92' title='bbox 343 777 447 806; x_wconf 82' lang='lat' dir='ltr'><strong>furtum</strong></span> <span class='ocrx_word' id='word_1_93' title='bbox 457 774 576 806; x_wconf 81' lang='lat' dir='ltr'><strong>veritatis</strong></span> <span class='ocrx_word' id='word_1_94' title='bbox 584 774 784 814; x_wconf 86' lang='lat' dir='ltr'><strong>Scripturarum</strong></span> <span class='ocrx_word' id='word_1_95' title='bbox 795 784 900 818; x_wconf 80' lang='lat' dir='ltr'><strong>semper</strong></span> 
     </span>
     <span class='ocr_line' id='line_1_14' title="bbox 159 813 897 854; baseline -0.009 -6"><span class='ocrx_word' id='word_1_96' title='bbox 159 818 303 854; x_wconf 85' lang='lat' dir='ltr'><strong>commisit,</strong></span> <span class='ocrx_word' id='word_1_97' title='bbox 317 817 388 846; x_wconf 90' lang='lat' dir='ltr'><strong>sicut</strong></span> <span class='ocrx_word' id='word_1_98' title='bbox 413 815 492 844; x_wconf 89' lang='lat' dir='ltr'><strong>etiam</strong></span> <span class='ocrx_word' id='word_1_99' title='bbox 515 815 647 844; x_wconf 84' lang='lat' dir='ltr'><strong>Dominus</strong></span> <span class='ocrx_word' id='word_1_100' title='bbox 670 813 737 843; x_wconf 82' lang='lat' dir='ltr'><strong>dicit</strong></span> <span class='ocrx_word' id='word_1_101' title='bbox 758 813 792 843; x_wconf 88' lang='lat' dir='ltr'><strong>de</strong></span> <span class='ocrx_word' id='word_1_102' title='bbox 817 813 874 842; x_wconf 82' lang='lat' dir='ltr'><strong>ilhs</strong></span> <span class='ocrx_word' id='word_1_103' title='bbox 890 825 897 841; x_wconf 89' lang='lat'><strong>:</strong></span> 
     </span>
    </p>
   </div>
   <div class='ocr_carea' id='block_1_2' title="bbox 0 891 48 2840">
    <p class='ocr_par' dir='ltr' id='par_1_2' title="bbox 0 891 48 2840">
     <span class='ocr_line' id='line_1_15' title="bbox 0 891 48 2840; baseline 0 0"><span class='ocrx_word' id='word_1_104' title='bbox 0 891 48 2840; x_wconf 95' lang='lat' dir='ltr'><strong>     </strong></span> 
     </span>
    </p>
   </div>
   <div class='ocr_carea' id='block_1_3' title="bbox 42 892 902 1445">
    <p class='ocr_par' dir='ltr' id='par_1_3' title="bbox 42 892 901 1016">
     <span class='ocr_line' id='line_1_16' title="bbox 162 892 901 926; baseline -0.007 -1"><span class='ocrx_word' id='word_1_105' title='bbox 162 898 348 926; x_wconf 74' lang='lat' dir='ltr'><strong>traditionem</strong></span> <span class='ocrx_word' id='word_1_106' title='bbox 367 899 507 924; x_wconf 81' lang='lat' dir='ltr'><strong>vestram.</strong></span> <span class='ocrx_word' id='word_1_107' title='bbox 522 893 559 923; x_wconf 89' lang='lat' dir='ltr'><strong>Et</strong></span> <span class='ocrx_word' id='word_1_108' title='bbox 579 893 645 922; x_wconf 83' lang='lat' dir='ltr'><strong>falsa</strong></span> <span class='ocrx_word' id='word_1_109' title='bbox 666 892 815 922; x_wconf 86' lang='lat' dir='ltr'><strong>testimonia</strong></span> <span class='ocrx_word' id='word_1_110' title='bbox 851 892 901 921; x_wconf 78' lang='lat' dir='ltr'><strong>ixit</strong></span> 
     </span>
     <span class='ocr_line' id='line_1_17' title="bbox 160 931 900 974; baseline -0.008 -8"><span class='ocrx_word' id='word_1_111' title='bbox 160 937 188 966; x_wconf 89' lang='lat' dir='ltr'><strong>in</strong></span> <span class='ocrx_word' id='word_1_112' title='bbox 201 935 413 966; x_wconf 80' lang='lat' dir='ltr'><strong>interfectoribus</strong></span> <span class='ocrx_word' id='word_1_113' title='bbox 426 932 617 974; x_wconf 83' lang='lat' dir='ltr'><strong>prophetarum</strong></span> <span class='ocrx_word' id='word_1_114' title='bbox 625 956 633 968; x_wconf 95' lang='lat'><strong>,</strong></span> <span class='ocrx_word' id='word_1_115' title='bbox 648 932 765 962; x_wconf 82' lang='lat' dir='ltr'><strong>maxime</strong></span> <span class='ocrx_word' id='word_1_116' title='bbox 778 931 805 960; x_wconf 89' lang='lat' dir='ltr'><strong>in</strong></span> <span class='ocrx_word' id='word_1_117' title='bbox 821 931 900 960; x_wconf 87' lang='lat' dir='ltr'><strong>Esai-</strong></span> 
     </span>
     <span class='ocr_line' id='line_1_18' title="bbox 42 970 900 1016; baseline -0.009 -9"><span class='ocrx_word' id='word_1_118' title='bbox 42 977 75 996; x_wconf 60' lang='grc' dir='ltr'><strong>ω’·</strong></span> <span class='ocrx_word' id='word_1_119' title='bbox 91 979 149 997; x_wconf 87' lang='lat'>¹·¹⁰·</span> <span class='ocrx_word' id='word_1_120' title='bbox 159 987 214 1013; x_wconf 82' lang='lat' dir='ltr'><strong>am,</strong></span> <span class='ocrx_word' id='word_1_121' title='bbox 228 976 302 1016; x_wconf 85' lang='lat' dir='ltr'><strong>apud</strong></span> <span class='ocrx_word' id='word_1_122' title='bbox 315 985 406 1014; x_wconf 86' lang='lat' dir='ltr'><strong>regem</strong></span> <span class='ocrx_word' id='word_1_123' title='bbox 419 975 570 1006; x_wconf 80' lang='lat' dir='ltr'>Manassen,</span> <span class='ocrx_word' id='word_1_124' title='bbox 585 972 676 1001; x_wconf 86' lang='lat' dir='ltr'><strong>dicens</strong></span> <span class='ocrx_word' id='word_1_125' title='bbox 690 983 697 1000; x_wconf 73' lang='grc' dir='ltr'><strong><em>ε</em></strong></span> <span class='ocrx_word' id='word_1_126' title='bbox 712 971 782 1008; x_wconf 87' lang='lat' dir='ltr'><strong>Quia</strong></span> <span class='ocrx_word' id='word_1_127' title='bbox 797 970 900 1010; x_wconf 89' lang='lat' dir='ltr'><strong>princi-</strong></span> 
     </span>
    </p>

    <p class='ocr_par' dir='ltr' id='par_1_4' title="bbox 158 1010 902 1445">
     <span class='ocr_line' id='line_1_19' title="bbox 219 1010 901 1051; baseline -0.012 -5"><span class='ocrx_word' id='word_1_128' title='bbox 219 1022 320 1046; x_wconf 83' lang='lat' dir='ltr'><strong>vestros</strong></span> <span class='ocrx_word' id='word_1_129' title='bbox 331 1013 482 1045; x_wconf 80' lang='lat' dir='ltr'><strong>Sodomitas</strong></span> <span class='ocrx_word' id='word_1_130' title='bbox 494 1011 623 1051; x_wconf 84' lang='lat' dir='ltr'><strong>appellat,</strong></span> <span class='ocrx_word' id='word_1_131' title='bbox 634 1018 660 1040; x_wconf 89' lang='lat' dir='ltr'><strong>et</strong></span> <span class='ocrx_word' id='word_1_132' title='bbox 672 1010 803 1051; x_wconf 88' lang='lat' dir='ltr'><strong>populum</strong></span> <span class='ocrx_word' id='word_1_133' title='bbox 814 1011 901 1049; x_wconf 61' lang='lat' dir='ltr'><strong>Israe-</strong></span> 
     </span>
     <span class='ocr_line' id='line_1_20' title="bbox 171 1049 901 1086; baseline -0.01 -2"><span class='ocrx_word' id='word_1_134' title='bbox 171 1055 265 1085; x_wconf 91' lang='lat' dir='ltr'><strong>iticum</strong></span> <span class='ocrx_word' id='word_1_135' title='bbox 290 1052 495 1086; x_wconf 77' lang='lat' dir='ltr'><strong>Gomorrhaeos3</strong></span> <span class='ocrx_word' id='word_1_136' title='bbox 521 1051 669 1080; x_wconf 85' lang='lat' dir='ltr'><strong>Dominum</strong></span> <span class='ocrx_word' id='word_1_137' title='bbox 696 1049 813 1080; x_wconf 81' lang='lat' dir='ltr'>Sabaoth</span> <span class='ocrx_word' id='word_1_138' title='bbox 835 1052 846 1065; x_wconf 76' lang='lat'>⁸</span> <span class='ocrx_word' id='word_1_139' title='bbox 872 1060 901 1078; x_wconf 90' lang='lat' dir='ltr'><strong>se</strong></span> 
     </span>
     <span class='ocr_line' id='line_1_21' title="bbox 159 1088 902 1133; baseline -0.009 -9"><span class='ocrx_word' id='word_1_140' title='bbox 159 1093 260 1124; x_wconf 81' lang='lat' dir='ltr'><strong>vidisse</strong></span> <span class='ocrx_word' id='word_1_141' title='bbox 270 1093 454 1133; x_wconf 81' lang='lat' dir='ltr'><strong>blasphemat,</strong></span> <span class='ocrx_word' id='word_1_142' title='bbox 469 1101 532 1120; x_wconf 89' lang='lat' dir='ltr'><strong>cum</strong></span> <span class='ocrx_word' id='word_1_143' title='bbox 549 1089 621 1119; x_wconf 85' lang='lat' dir='ltr'><strong>dicat</strong></span> <span class='ocrx_word' id='word_1_144' title='bbox 641 1091 713 1121; x_wconf 86' lang='lat' dir='ltr'><strong>Deus</strong></span> <span class='ocrx_word' id='word_1_145' title='bbox 727 1100 734 1118; x_wconf 90' lang='lat'>=</span> <span class='ocrx_word' id='word_1_146' title='bbox 750 1088 842 1118; x_wconf 80' lang='lat' dir='ltr'><strong>Nemo</strong></span> <span class='ocrx_word' id='word_1_147' title='bbox 855 1089 902 1117; x_wconf 72' lang='lat' dir='ltr'><strong>‘vi-</strong></span> 
     </span>
     <span class='ocr_line' id='line_1_22' title="bbox 160 1127 902 1196; baseline -0.008 -33"><span class='ocrx_word' id='word_1_148' title='bbox 160 1134 238 1163; x_wconf 79' lang='lat' dir='ltr'><strong>debit</strong></span> <span class='ocrx_word' id='word_1_149' title='bbox 243 1135 359 1175; x_wconf 86' lang='lat' dir='ltr'><strong>faciem</strong></span> <span class='ocrx_word' id='word_1_150' title='bbox 373 1142 468 1160; x_wconf 83' lang='lat' dir='ltr'><strong>meam</strong></span> <span class='ocrx_word' id='word_1_151' title='bbox 478 1153 485 1166; x_wconf 96' lang='lat'><strong>,</strong></span> <span class='ocrx_word' id='word_1_152' title='bbox 501 1137 530 1159; x_wconf 84' lang='lat' dir='ltr'><strong>et</strong></span> <span class='ocrx_word' id='word_1_153' title='bbox 548 1131 643 1159; x_wconf 81' lang='lat' dir='ltr'><strong>vivet.</strong></span> <span class='ocrx_word' id='word_1_154' title='bbox 658 1131 770 1196; x_wconf 72' lang='lat' dir='ltr'><strong>Propter</strong></span> <span class='ocrx_word' id='word_1_155' title='bbox 789 1127 863 1167; x_wconf 84' lang='lat' dir='ltr'><strong>quod</strong></span> <span class='ocrx_word' id='word_1_156' title='bbox 875 1134 902 1157; x_wconf 89' lang='lat' dir='ltr'><strong>et</strong></span> 
     </span>
     <span class='ocr_line' id='line_1_23' title="bbox 158 1167 901 1211; baseline -0.008 -8"><span class='ocrx_word' id='word_1_157' title='bbox 158 1181 275 1203; x_wconf 86' lang='lat' dir='ltr'><strong>serratus</strong></span> <span class='ocrx_word' id='word_1_158' title='bbox 287 1179 327 1202; x_wconf 84' lang='lat' dir='ltr'><strong>est</strong></span> <span class='ocrx_word' id='word_1_159' title='bbox 339 1172 428 1211; x_wconf 87' lang='lat' dir='ltr'><strong>lignea</strong></span> <span class='ocrx_word' id='word_1_160' title='bbox 441 1180 524 1199; x_wconf 88' lang='lat' dir='ltr'><strong>serra.</strong></span> <span class='ocrx_word' id='word_1_161' title='bbox 534 1169 587 1199; x_wconf 86' lang='lat' dir='ltr'><strong>Sed</strong></span> <span class='ocrx_word' id='word_1_162' title='bbox 596 1169 684 1198; x_wconf 81' lang='lat' dir='ltr'><strong>omnia</strong></span> <span class='ocrx_word' id='word_1_163' title='bbox 694 1168 714 1197; x_wconf 86' lang='lat' dir='ltr'><strong>il</strong></span> <span class='ocrx_word' id='word_1_164' title='bbox 726 1179 741 1197; x_wconf 81' lang='lat' dir='ltr'><strong>a</strong></span> <span class='ocrx_word' id='word_1_165' title='bbox 751 1167 901 1208; x_wconf 66' lang='lat' dir='ltr'><strong>specialiter</strong></span> 
     </span>
     <span class='ocr_line' id='line_1_24' title="bbox 159 1208 900 1247; baseline -0.009 -5"><span class='ocrx_word' id='word_1_166' title='bbox 159 1213 317 1242; x_wconf 70' lang='lat' dir='ltr'><strong>convincere</strong></span> <span class='ocrx_word' id='word_1_167' title='bbox 329 1210 453 1241; x_wconf 83' lang='lat' dir='ltr'><strong>Christus</strong></span> <span class='ocrx_word' id='word_1_168' title='bbox 467 1209 601 1245; x_wconf 87' lang='lat' dir='ltr'><strong>omittens,</strong></span> <span class='ocrx_word' id='word_1_169' title='bbox 616 1208 694 1247; x_wconf 88' lang='lat' dir='ltr'><strong>quasi</strong></span> <span class='ocrx_word' id='word_1_170' title='bbox 717 1218 752 1237; x_wconf 84' lang='lat' dir='ltr'><strong>ex</strong></span> <span class='ocrx_word' id='word_1_171' title='bbox 771 1208 832 1236; x_wconf 88' lang='lat' dir='ltr'><strong>aliis</strong></span> <span class='ocrx_word' id='word_1_172' title='bbox 854 1218 900 1236; x_wconf 92' lang='lat' dir='ltr'><strong>ar-</strong></span> 
     </span>
     <span class='ocr_line' id='line_1_25' title="bbox 159 1246 901 1290; baseline -0.007 -9"><span class='ocrx_word' id='word_1_173' title='bbox 159 1252 292 1290; x_wconf 82' lang='lat' dir='ltr'><strong>gumentis</strong></span> <span class='ocrx_word' id='word_1_174' title='bbox 306 1251 366 1281; x_wconf 88' lang='lat' dir='ltr'><strong>vult</strong></span> <span class='ocrx_word' id='word_1_175' title='bbox 376 1249 508 1290; x_wconf 88' lang='lat' dir='ltr'><strong>populum</strong></span> <span class='ocrx_word' id='word_1_176' title='bbox 521 1248 667 1278; x_wconf 84' lang='lat' dir='ltr'><strong>Juda&#39;icum</strong></span> <span class='ocrx_word' id='word_1_177' title='bbox 681 1246 818 1276; x_wconf 81' lang='lat' dir='ltr'><strong>ostendere</strong></span> <span class='ocrx_word' id='word_1_178' title='bbox 832 1247 901 1276; x_wconf 87' lang='lat' dir='ltr'><strong>nihil</strong></span> 
     </span>
     <span class='ocr_line' id='line_1_26' title="bbox 159 1287 901 1328; baseline -0.007 -8"><span class='ocrx_word' id='word_1_179' title='bbox 159 1290 257 1320; x_wconf 87' lang='lat' dir='ltr'><strong>horum</strong></span> <span class='ocrx_word' id='word_1_180' title='bbox 272 1294 399 1328; x_wconf 85' lang='lat' dir='ltr'><strong>umquam</strong></span> <span class='ocrx_word' id='word_1_181' title='bbox 413 1288 540 1323; x_wconf 75' lang='lat' dir='ltr'><strong>servasse,</strong></span> <span class='ocrx_word' id='word_1_182' title='bbox 556 1287 665 1319; x_wconf 79' lang='lat' dir='ltr'><strong>dicens:</strong></span> <span class='ocrx_word' id='word_1_183' title='bbox 683 1289 716 1316; x_wconf 65' lang='lat' dir='ltr'><strong>at</strong></span> <span class='ocrx_word' id='word_1_184' title='bbox 727 1287 901 1326; x_wconf 82' lang='lat' dir='ltr'><strong>.Respond1‘t</strong></span> 
     </span>
     <span class='ocr_line' id='line_1_27' title="bbox 158 1327 900 1362; baseline -0.009 -1"><span class='ocrx_word' id='word_1_185' title='bbox 158 1332 246 1362; x_wconf 84' lang='lat' dir='ltr'><strong>Jesus</strong></span> <span class='ocrx_word' id='word_1_186' title='bbox 258 1342 266 1359; x_wconf 86' lang='lat'>:</span> <span class='ocrx_word' id='word_1_187' title='bbox 279 1330 390 1359; x_wconf 78' lang='lat' dir='ltr'><strong>Adhuc</strong></span> <span class='ocrx_word' id='word_1_188' title='bbox 399 1330 452 1358; x_wconf 78' lang='lat' dir='ltr'><strong>tibi</strong></span> <span class='ocrx_word' id='word_1_189' title='bbox 463 1333 551 1357; x_wconf 79' lang='lat' dir='ltr'><strong>restat</strong></span> <span class='ocrx_word' id='word_1_190' title='bbox 562 1337 661 1356; x_wconf 85' lang='lat' dir='ltr'><strong>unum.</strong></span> <span class='ocrx_word' id='word_1_191' title='bbox 671 1327 754 1355; x_wconf 77' lang='lat' dir='ltr'><strong>Vade</strong></span> <span class='ocrx_word' id='word_1_192' title='bbox 765 1333 793 1355; x_wconf 87' lang='lat' dir='ltr'><strong>et</strong></span> <span class='ocrx_word' id='word_1_193' title='bbox 804 1327 900 1355; x_wconf 78' lang='lat' dir='ltr'><strong>vende</strong></span> 
     </span>
     <span class='ocr_line' id='line_1_28' title="bbox 159 1366 900 1407; baseline -0.009 -7"><span class='ocrx_word' id='word_1_194' title='bbox 159 1372 260 1399; x_wconf 84' lang='lat' dir='ltr'><strong>omnia</strong></span> <span class='ocrx_word' id='word_1_195' title='bbox 273 1376 335 1404; x_wconf 79' lang='lat' dir='ltr'><strong>tua,</strong></span> <span class='ocrx_word' id='word_1_196' title='bbox 349 1374 378 1398; x_wconf 82' lang='lat' dir='ltr'><strong>et</strong></span> <span class='ocrx_word' id='word_1_197' title='bbox 399 1368 439 1396; x_wconf 84' lang='lat' dir='ltr'><strong>da</strong></span> <span class='ocrx_word' id='word_1_198' title='bbox 450 1368 636 1407; x_wconf 83' lang='lat' dir='ltr'><strong>pauperibus,</strong></span> <span class='ocrx_word' id='word_1_199' title='bbox 652 1373 679 1394; x_wconf 83' lang='grc' dir='ltr'><strong>ει</strong></span> <span class='ocrx_word' id='word_1_200' title='bbox 692 1366 812 1395; x_wconf 80' lang='lat' dir='ltr'><strong><em>habebis</em></strong></span> <span class='ocrx_word' id='word_1_201' title='bbox 834 1366 900 1394; x_wconf 79' lang='lat' dir='ltr'><strong>the-</strong></span> 
     </span>
     <span class='ocr_line' id='line_1_29' title="bbox 158 1404 898 1445; baseline -0.008 -6"><span class='ocrx_word' id='word_1_202' title='bbox 158 1419 277 1439; x_wconf 82' lang='lat' dir='ltr'><strong>saurum</strong></span> <span class='ocrx_word' id='word_1_203' title='bbox 290 1410 322 1436; x_wconf 82' lang='lat' dir='ltr'><strong>in</strong></span> <span class='ocrx_word' id='word_1_204' title='bbox 335 1407 416 1444; x_wconf 81' lang='lat' dir='ltr'><strong>coelo,</strong></span> <span class='ocrx_word' id='word_1_205' title='bbox 431 1414 458 1436; x_wconf 80' lang='lat' dir='ltr'><strong>et</strong></span> <span class='ocrx_word' id='word_1_206' title='bbox 471 1407 553 1441; x_wconf 76' lang='lat' dir='ltr'><strong>veni,</strong></span> <span class='ocrx_word' id='word_1_207' title='bbox 569 1416 688 1445; x_wconf 81' lang='lat' dir='ltr'><strong><em>sequere</em></strong></span> <span class='ocrx_word' id='word_1_208' title='bbox 701 1415 754 1434; x_wconf 86' lang='lat' dir='ltr'><strong>me.</strong></span> <span class='ocrx_word' id='word_1_209' title='bbox 767 1407 805 1434; x_wconf 81' lang='lat' dir='ltr'><strong>Ac</strong></span> <span class='ocrx_word' id='word_1_210' title='bbox 818 1405 845 1434; x_wconf 84' lang='lat' dir='ltr'><strong>si</strong></span> <span class='ocrx_word' id='word_1_211' title='bbox 854 1404 898 1434; x_wconf 89' lang='lat' dir='ltr'><strong>di-</strong></span> 
     </span>
    </p>
   </div>
   <div class='ocr_carea' id='block_1_4' title="bbox 49 1097 133 1121">
    <p class='ocr_par' dir='ltr' id='par_1_5' title="bbox 49 1097 133 1121">
     <span class='ocr_line' id='line_1_30' title="bbox 49 1097 133 1121; baseline 0 -2"><span class='ocrx_word' id='word_1_212' title='bbox 49 1098 86 1119; x_wconf 81' lang='lat' dir='ltr'><strong>od.</strong></span> <span class='ocrx_word' id='word_1_213' title='bbox 93 1097 133 1121; x_wconf 80' lang='lat'><strong>33.</strong></span> 
     </span>
    </p>
   </div>
   <div class='ocr_carea' id='block_1_5' title="bbox 27 1484 901 2545">
    <p class='ocr_par' dir='ltr' id='par_1_6' title="bbox 28 1484 901 2074">
     <span class='ocr_line' id='line_1_31' title="bbox 157 1484 898 1528; baseline -0.009 -10"><span class='ocrx_word' id='word_1_214' title='bbox 157 1488 261 1528; x_wconf 79' lang='lat' dir='ltr'><strong>accipio</strong></span> <span class='ocrx_word' id='word_1_215' title='bbox 273 1488 330 1517; x_wconf 86' lang='lat' dir='ltr'><strong>haec</strong></span> <span class='ocrx_word' id='word_1_216' title='bbox 343 1486 420 1525; x_wconf 83' lang='lat' dir='ltr'>quasi</span> <span class='ocrx_word' id='word_1_217' title='bbox 432 1496 506 1515; x_wconf 82' lang='lat' dir='ltr'><strong>vera.</strong></span> <span class='ocrx_word' id='word_1_218' title='bbox 518 1485 549 1514; x_wconf 92' lang='lat' dir='ltr'><strong>Si</strong></span> <span class='ocrx_word' id='word_1_219' title='bbox 563 1495 626 1523; x_wconf 88' lang='lat' dir='ltr'><strong>ergo</strong></span> <span class='ocrx_word' id='word_1_220' title='bbox 640 1484 728 1513; x_wconf 91' lang='lat' dir='ltr'><strong>omnia</strong></span> <span class='ocrx_word' id='word_1_221' title='bbox 743 1484 792 1512; x_wconf 85' lang='lat' dir='ltr'><strong>ista</strong></span> <span class='ocrx_word' id='word_1_222' title='bbox 807 1494 898 1513; x_wconf 84' lang='lat' dir='ltr'><strong>serva-</strong></span> 
     </span>
     <span class='ocr_line' id='line_1_32' title="bbox 158 1523 899 1565; baseline -0.009 -8"><span class='ocrx_word' id='word_1_223' title='bbox 158 1527 192 1556; x_wconf 85' lang='lat' dir='ltr'><strong>sti</strong></span> <span class='ocrx_word' id='word_1_224' title='bbox 206 1528 372 1565; x_wconf 83' lang='lat' dir='ltr'><strong>ajuveutute</strong></span> <span class='ocrx_word' id='word_1_225' title='bbox 394 1532 458 1560; x_wconf 86' lang='lat' dir='ltr'><strong>tua,</strong></span> <span class='ocrx_word' id='word_1_226' title='bbox 473 1531 503 1553; x_wconf 88' lang='lat' dir='ltr'><strong>ut</strong></span> <span class='ocrx_word' id='word_1_227' title='bbox 525 1524 574 1553; x_wconf 83' lang='lat' dir='ltr'><strong>fias</strong></span> <span class='ocrx_word' id='word_1_228' title='bbox 598 1523 746 1562; x_wconf 73' lang='lat' dir='ltr'><strong>perfectus,</strong></span> <span class='ocrx_word' id='word_1_229' title='bbox 761 1523 846 1550; x_wconf 80' lang='lat' dir='ltr'><strong>Vade</strong></span> <span class='ocrx_word' id='word_1_230' title='bbox 871 1529 899 1551; x_wconf 86' lang='lat' dir='ltr'><strong>et</strong></span> 
     </span>
     <span class='ocr_line' id='line_1_33' title="bbox 159 1561 900 1603; baseline -0.008 -8"><span class='ocrx_word' id='word_1_231' title='bbox 159 1567 255 1595; x_wconf 76' lang='lat' dir='ltr'><strong>vende</strong></span> <span class='ocrx_word' id='word_1_232' title='bbox 273 1565 371 1594; x_wconf 78' lang='lat' dir='ltr'><strong>omnia</strong></span> <span class='ocrx_word' id='word_1_233' title='bbox 384 1575 448 1603; x_wconf 82' lang='lat' dir='ltr'><strong>quae</strong></span> <span class='ocrx_word' id='word_1_234' title='bbox 462 1564 562 1599; x_wconf 81' lang='lat' dir='ltr'><strong>habes,</strong></span> <span class='ocrx_word' id='word_1_235' title='bbox 575 1569 602 1591; x_wconf 84' lang='lat' dir='ltr'><strong>et</strong></span> <span class='ocrx_word' id='word_1_236' title='bbox 616 1563 655 1591; x_wconf 79' lang='lat' dir='ltr'><strong>cla</strong></span> <span class='ocrx_word' id='word_1_237' title='bbox 671 1561 856 1600; x_wconf 85' lang='lat' dir='ltr'><strong>pauperibus,</strong></span> <span class='ocrx_word' id='word_1_238' title='bbox 872 1568 900 1590; x_wconf 84' lang='lat' dir='ltr'><strong>et</strong></span> 
     </span>
     <span class='ocr_line' id='line_1_34' title="bbox 159 1601 900 1640; baseline -0.007 -6"><span class='ocrx_word' id='word_1_239' title='bbox 159 1605 278 1634; x_wconf 79' lang='lat' dir='ltr'><strong>habebis</strong></span> <span class='ocrx_word' id='word_1_240' title='bbox 301 1605 469 1633; x_wconf 70' lang='lat' dir='ltr'><strong>thesaurum</strong></span> <span class='ocrx_word' id='word_1_241' title='bbox 491 1604 522 1630; x_wconf 87' lang='lat' dir='ltr'><strong>in</strong></span> <span class='ocrx_word' id='word_1_242' title='bbox 541 1601 624 1636; x_wconf 69' lang='lat' dir='ltr'><strong>ezelo,</strong></span> <span class='ocrx_word' id='word_1_243' title='bbox 639 1605 667 1629; x_wconf 83' lang='lat' dir='ltr'><strong>et</strong></span> <span class='ocrx_word' id='word_1_244' title='bbox 680 1602 763 1636; x_wconf 84' lang='lat' dir='ltr'><strong>veni,</strong></span> <span class='ocrx_word' id='word_1_245' title='bbox 781 1611 900 1640; x_wconf 83' lang='lat' dir='ltr'><strong><em>sequere</em></strong></span> 
     </span>
     <span class='ocr_line' id='line_1_35' title="bbox 160 1638 900 1682; baseline -0.005 -9"><span class='ocrx_word' id='word_1_246' title='bbox 160 1654 215 1673; x_wconf 88' lang='lat' dir='ltr'><strong>me.</strong></span> <span class='ocrx_word' id='word_1_247' title='bbox 229 1645 295 1681; x_wconf 81' lang='lat' dir='ltr'><strong>Quae</strong></span> <span class='ocrx_word' id='word_1_248' title='bbox 308 1649 370 1672; x_wconf 83' lang='lat' dir='ltr'><strong>sunt</strong></span> <span class='ocrx_word' id='word_1_249' title='bbox 382 1653 443 1681; x_wconf 79' lang='lat' dir='ltr'><strong>quae</strong></span> <span class='ocrx_word' id='word_1_250' title='bbox 452 1641 605 1682; x_wconf 74' lang='lat' dir='ltr'><strong>possidebat</strong></span> <span class='ocrx_word' id='word_1_251' title='bbox 617 1641 634 1670; x_wconf 90' lang='lat' dir='ltr'><strong>J</strong></span> <span class='ocrx_word' id='word_1_252' title='bbox 638 1638 747 1668; x_wconf 84' lang='lat' dir='ltr'><strong>uda&#39;icus</strong></span> <span class='ocrx_word' id='word_1_253' title='bbox 762 1640 900 1679; x_wconf 74' lang='lat' dir='ltr'><strong>populus?</strong></span> 
     </span>
     <span class='ocr_line' id='line_1_36' title="bbox 44 1679 901 1722; baseline -0.005 -10"><span class='ocrx_word' id='word_1_254' title='bbox 44 1680 314 1722; x_wconf 73' lang='lat' dir='ltr'><strong>c-14-17-1‘11t0quod</strong></span> <span class='ocrx_word' id='word_1_255' title='bbox 327 1682 374 1711; x_wconf 87' lang='lat' dir='ltr'><strong>illa</strong></span> <span class='ocrx_word' id='word_1_256' title='bbox 395 1692 454 1721; x_wconf 86' lang='lat' dir='ltr'><strong>quae</strong></span> <span class='ocrx_word' id='word_1_257' title='bbox 476 1680 543 1710; x_wconf 87' lang='lat' dir='ltr'><strong>dicit</strong></span> <span class='ocrx_word' id='word_1_258' title='bbox 566 1681 652 1710; x_wconf 87' lang='lat' dir='ltr'><strong>Lucas</strong></span> <span class='ocrx_word' id='word_1_259' title='bbox 666 1679 716 1708; x_wconf 92' lang='lat' dir='ltr'><strong>hoc</strong></span> <span class='ocrx_word' id='word_1_260' title='bbox 736 1679 901 1708; x_wconf 79' lang='lat' dir='ltr'><strong>modo:Ad</strong></span> 
     </span>
     <span class='ocr_line' id='line_1_37' title="bbox 39 1718 898 1752; baseline -0.006 1"><span class='ocrx_word' id='word_1_261' title='bbox 39 1718 79 1736; x_wconf 82' lang='lat'><strong>²⁰¹</strong></span> <span class='ocrx_word' id='word_1_262' title='bbox 160 1724 263 1752; x_wconf 86' lang='lat' dir='ltr'><strong>horam</strong></span> <span class='ocrx_word' id='word_1_263' title='bbox 282 1728 379 1751; x_wconf 83' lang='lat' dir='ltr'><strong>autem</strong></span> <span class='ocrx_word' id='word_1_264' title='bbox 401 1731 489 1750; x_wconf 85' lang='lat' dir='ltr'><strong>coenoe</strong></span> <span class='ocrx_word' id='word_1_265' title='bbox 511 1720 588 1748; x_wconf 79' lang='lat' dir='ltr'><strong>misit</strong></span> <span class='ocrx_word' id='word_1_266' title='bbox 609 1720 749 1748; x_wconf 76' lang='lat' dir='ltr'><strong>invitatos</strong></span> <span class='ocrx_word' id='word_1_267' title='bbox 768 1729 875 1748; x_wconf 79' lang='lat' dir='ltr'><strong>vocare</strong></span> <span class='ocrx_word' id='word_1_268' title='bbox 890 1732 898 1748; x_wconf 84' lang='lat'><strong>.-</strong></span> 
     </span>
     <span class='ocr_line' id='line_1_38' title="bbox 158 1756 899 1798; baseline -0.004 -7"><span class='ocrx_word' id='word_1_269' title='bbox 158 1763 207 1791; x_wconf 84' lang='lat' dir='ltr'><strong>illi</strong></span> <span class='ocrx_word' id='word_1_270' title='bbox 217 1769 314 1791; x_wconf 79' lang='lat' dir='ltr'><strong>autem</strong></span> <span class='ocrx_word' id='word_1_271' title='bbox 327 1765 542 1794; x_wconf 77' lang='lat' dir='ltr'><strong>recusaverunt,</strong></span> <span class='ocrx_word' id='word_1_272' title='bbox 552 1765 580 1787; x_wconf 86' lang='lat' dir='ltr'><strong>et</strong></span> <span class='ocrx_word' id='word_1_273' title='bbox 592 1768 668 1787; x_wconf 85' lang='lat' dir='ltr'><strong>unus</strong></span> <span class='ocrx_word' id='word_1_274' title='bbox 679 1759 754 1798; x_wconf 79' lang='lat' dir='ltr'><strong>dixit</strong></span> <span class='ocrx_word' id='word_1_275' title='bbox 766 1768 775 1785; x_wconf 93' lang='grc'><strong>.·</strong></span> <span class='ocrx_word' id='word_1_276' title='bbox 788 1756 899 1788; x_wconf 82' lang='lat' dir='ltr'><strong>Villam</strong></span> 
     </span>
     <span class='ocr_line' id='line_1_39' title="bbox 158 1798 900 1838; baseline -0.005 -7"><span class='ocrx_word' id='word_1_277' title='bbox 158 1803 230 1838; x_wconf 84' lang='lat' dir='ltr'><strong>emi,</strong></span> <span class='ocrx_word' id='word_1_278' title='bbox 246 1808 275 1830; x_wconf 88' lang='lat' dir='ltr'><strong>et</strong></span> <span class='ocrx_word' id='word_1_279' title='bbox 294 1801 375 1830; x_wconf 86' lang='lat' dir='ltr'><strong>vado</strong></span> <span class='ocrx_word' id='word_1_280' title='bbox 398 1800 499 1829; x_wconf 79' lang='lat' dir='ltr'><strong>videre</strong></span> <span class='ocrx_word' id='word_1_281' title='bbox 523 1798 607 1827; x_wconf 86' lang='lat' dir='ltr'><strong>illam</strong></span> <span class='ocrx_word' id='word_1_282' title='bbox 614 1809 628 1834; x_wconf 87' lang='lat'><strong>‚·</strong></span> <span class='ocrx_word' id='word_1_283' title='bbox 640 1803 670 1837; x_wconf 77' lang='lat' dir='ltr'><strong>et</strong></span> <span class='ocrx_word' id='word_1_284' title='bbox 693 1798 770 1826; x_wconf 84' lang='lat' dir='ltr'><strong>alius</strong></span> <span class='ocrx_word' id='word_1_285' title='bbox 788 1809 797 1825; x_wconf 90' lang='grc'><strong>.·</strong></span> <span class='ocrx_word' id='word_1_286' title='bbox 819 1799 900 1837; x_wconf 80' lang='lat' dir='ltr'><strong>Juga</strong></span> 
     </span>
     <span class='ocr_line' id='line_1_40' title="bbox 159 1837 900 1880; baseline -0.007 -10"><span class='ocrx_word' id='word_1_287' title='bbox 159 1842 245 1870; x_wconf 87' lang='lat' dir='ltr'><strong>boum</strong></span> <span class='ocrx_word' id='word_1_288' title='bbox 259 1842 315 1870; x_wconf 85' lang='lat' dir='ltr'><strong>emi</strong></span> <span class='ocrx_word' id='word_1_289' title='bbox 328 1841 468 1880; x_wconf 82' lang='lat' dir='ltr'><strong>quinque,</strong></span> <span class='ocrx_word' id='word_1_290' title='bbox 477 1844 506 1867; x_wconf 86' lang='lat' dir='ltr'><strong>et</strong></span> <span class='ocrx_word' id='word_1_291' title='bbox 520 1838 600 1867; x_wconf 78' lang='lat' dir='ltr'><strong>vado</strong></span> <span class='ocrx_word' id='word_1_292' title='bbox 617 1838 742 1875; x_wconf 82' lang='lat' dir='ltr'><strong>probare</strong></span> <span class='ocrx_word' id='word_1_293' title='bbox 754 1847 789 1866; x_wconf 85' lang='lat' dir='ltr'><strong>ea</strong></span> <span class='ocrx_word' id='word_1_294' title='bbox 797 1850 808 1872; x_wconf 90' lang='lat'><em>;</em></span> <span class='ocrx_word' id='word_1_295' title='bbox 822 1837 900 1866; x_wconf 82' lang='lat' dir='ltr'><strong>alius</strong></span> 
     </span>
     <span class='ocr_line' id='line_1_41' title="bbox 158 1877 899 1915; baseline -0.007 -5"><span class='ocrx_word' id='word_1_296' title='bbox 158 1888 254 1910; x_wconf 80' lang='lat' dir='ltr'><strong>autem</strong></span> <span class='ocrx_word' id='word_1_297' title='bbox 269 1891 279 1909; x_wconf 87' lang='lat'><strong>.-</strong></span> <span class='ocrx_word' id='word_1_298' title='bbox 297 1880 424 1909; x_wconf 77' lang='lat' dir='ltr'><strong>Uxorem</strong></span> <span class='ocrx_word' id='word_1_299' title='bbox 446 1879 519 1907; x_wconf 76' lang='lat' dir='ltr'><strong>duxi</strong></span> <span class='ocrx_word' id='word_1_300' title='bbox 526 1900 534 1914; x_wconf 88' lang='lat'><strong>,</strong></span> <span class='ocrx_word' id='word_1_301' title='bbox 555 1883 584 1906; x_wconf 79' lang='lat' dir='ltr'><strong>et</strong></span> <span class='ocrx_word' id='word_1_302' title='bbox 609 1877 674 1905; x_wconf 82' lang='lat' dir='ltr'><strong>ideo</strong></span> <span class='ocrx_word' id='word_1_303' title='bbox 700 1887 759 1906; x_wconf 83' lang='lat' dir='ltr'><strong>non</strong></span> <span class='ocrx_word' id='word_1_304' title='bbox 780 1886 899 1915; x_wconf 86' lang='lat' dir='ltr'><strong>possum</strong></span> 
     </span>
     <span class='ocr_line' id='line_1_42' title="bbox 28 1915 898 1956; baseline -0.006 -7"><span class='ocrx_word' id='word_1_305' title='bbox 28 1922 56 1945; x_wconf 79' lang='lat' dir='ltr'><strong>ln</strong></span> <span class='ocrx_word' id='word_1_306' title='bbox 67 1923 149 1945; x_wconf 75' lang='lat' dir='ltr'><strong>Lucam</strong></span> <span class='ocrx_word' id='word_1_307' title='bbox 160 1922 269 1949; x_wconf 83' lang='lat' dir='ltr'><strong>venire.</strong></span> <span class='ocrx_word' id='word_1_308' title='bbox 283 1921 406 1955; x_wconf 90' lang='lat' dir='ltr'><strong>Quorum</strong></span> <span class='ocrx_word' id='word_1_309' title='bbox 420 1918 539 1947; x_wconf 89' lang='lat' dir='ltr'><strong>omnium</strong></span> <span class='ocrx_word' id='word_1_310' title='bbox 555 1915 736 1956; x_wconf 74' lang='lat' dir='ltr'><strong>interpretatio</strong></span> <span class='ocrx_word' id='word_1_311' title='bbox 749 1916 898 1956; x_wconf 87' lang='lat' dir='ltr'><strong>spiritualis</strong></span> 
     </span>
     <span class='ocr_line' id='line_1_43' title="bbox 38 1955 898 1998; baseline -0.005 -10"><span class='ocrx_word' id='word_1_312' title='bbox 38 1955 94 1991; x_wconf 62' lang='lat'><strong>‚⁵⁹⁵³.‘</strong></span> <span class='ocrx_word' id='word_1_313' title='bbox 109 1962 150 1976; x_wconf 79' lang='lat'><strong>²¹¹·</strong></span> <span class='ocrx_word' id='word_1_314' title='bbox 158 1959 226 1989; x_wconf 85' lang='lat' dir='ltr'><strong>facta</strong></span> <span class='ocrx_word' id='word_1_315' title='bbox 237 1965 276 1988; x_wconf 82' lang='lat' dir='ltr'><strong>est</strong></span> <span class='ocrx_word' id='word_1_316' title='bbox 293 1959 320 1988; x_wconf 90' lang='lat' dir='ltr'><strong>in</strong></span> <span class='ocrx_word' id='word_1_317' title='bbox 343 1958 453 1998; x_wconf 86' lang='lat' dir='ltr'><strong>proprio</strong></span> <span class='ocrx_word' id='word_1_318' title='bbox 473 1957 542 1986; x_wconf 87' lang='lat' dir='ltr'><strong>loco.</strong></span> <span class='ocrx_word' id='word_1_319' title='bbox 556 1956 607 1986; x_wconf 91' lang='lat' dir='ltr'><strong>Hic</strong></span> <span class='ocrx_word' id='word_1_320' title='bbox 617 1962 705 1984; x_wconf 90' lang='lat' dir='ltr'><strong>autem</strong></span> <span class='ocrx_word' id='word_1_321' title='bbox 718 1955 770 1985; x_wconf 90' lang='lat' dir='ltr'><strong>boc</strong></span> <span class='ocrx_word' id='word_1_322' title='bbox 783 1955 898 1985; x_wconf 86' lang='lat' dir='ltr'><strong>dicimus</strong></span> 
     </span>
     <span class='ocr_line' id='line_1_44' title="bbox 44 1986 895 2037; baseline -0.005 -9"><span class='ocrx_word' id='word_1_323' title='bbox 44 1993 55 2006; x_wconf 63' lang='lat'>¹</span> <span class='ocrx_word' id='word_1_324' title='bbox 66 1986 109 2007; x_wconf 55' lang='lat'>&#39;¹¹⁶&#39;</span> <span class='ocrx_word' id='word_1_325' title='bbox 158 2005 272 2033; x_wconf 84' lang='lat' dir='ltr'><strong>tantum,</strong></span> <span class='ocrx_word' id='word_1_326' title='bbox 289 1998 352 2037; x_wconf 83' lang='lat' dir='ltr'><strong>quia</strong></span> <span class='ocrx_word' id='word_1_327' title='bbox 362 2007 396 2028; x_wconf 78' lang='lat' dir='ltr'><strong>&#39;ex</strong></span> <span class='ocrx_word' id='word_1_328' title='bbox 426 1997 506 2026; x_wconf 79' lang='lat' dir='ltr'><strong>uibus</strong></span> <span class='ocrx_word' id='word_1_329' title='bbox 526 1995 613 2024; x_wconf 90' lang='lat' dir='ltr'><strong>causis</strong></span> <span class='ocrx_word' id='word_1_330' title='bbox 627 1994 684 2024; x_wconf 90' lang='lat' dir='ltr'><strong>illic</strong></span> <span class='ocrx_word' id='word_1_331' title='bbox 698 2002 834 2034; x_wconf 89' lang='lat' dir='ltr'><strong>ponuntur</strong></span> <span class='ocrx_word' id='word_1_332' title='bbox 845 1996 895 2025; x_wconf 84' lang='lat' dir='ltr'><strong>Ju-</strong></span> 
     </span>
     <span class='ocr_line' id='line_1_45' title="bbox 109 2008 896 2074; baseline -0.003 -9"><span class='ocrx_word' id='word_1_333' title='bbox 109 2063 111 2065; x_wconf 92' lang='lat'>.</span> <span class='ocrx_word' id='word_1_334' title='bbox 156 2037 208 2067; x_wconf 82' lang='lat' dir='ltr'><strong>daei</strong></span> <span class='ocrx_word' id='word_1_335' title='bbox 217 2048 270 2067; x_wconf 90' lang='lat' dir='ltr'><strong>nou</strong></span> <span class='ocrx_word' id='word_1_336' title='bbox 280 2038 383 2067; x_wconf 85' lang='lat' dir='ltr'><strong>venisse</strong></span> <span class='ocrx_word' id='word_1_337' title='bbox 392 2008 428 2065; x_wconf 63' lang='lat' dir='ltr'><strong>ad</strong></span> <span class='ocrx_word' id='word_1_338' title='bbox 434 2035 620 2070; x_wconf 86' lang='lat' dir='ltr'><strong>Christum,ex</strong></span> <span class='ocrx_word' id='word_1_339' title='bbox 631 2034 696 2074; x_wconf 85' lang='lat' dir='ltr'><strong>ipsis</strong></span> <span class='ocrx_word' id='word_1_340' title='bbox 707 2034 793 2063; x_wconf 87' lang='lat' dir='ltr'><strong>causis</strong></span> <span class='ocrx_word' id='word_1_341' title='bbox 803 2045 896 2064; x_wconf 87' lang='lat' dir='ltr'><strong>carna-</strong></span> 
     </span>
    </p>

    <p class='ocr_par' dir='ltr' id='par_1_7' title="bbox 27 2073 896 2545">
     <span class='ocr_line' id='line_1_46' title="bbox 156 2073 896 2141; baseline -0.004 -36"><span class='ocrx_word' id='word_1_342' title='bbox 156 2077 229 2106; x_wconf 78' lang='lat' dir='ltr'><strong>libus</strong></span> <span class='ocrx_word' id='word_1_343' title='bbox 243 2085 269 2107; x_wconf 82' lang='lat' dir='ltr'><strong>et</strong></span> <span class='ocrx_word' id='word_1_344' title='bbox 287 2077 398 2106; x_wconf 82' lang='lat' dir='ltr'><strong>terrenis</strong></span> <span class='ocrx_word' id='word_1_345' title='bbox 417 2075 578 2113; x_wconf 80' lang='lat' dir='ltr'><strong>intelligitur</strong></span> <span class='ocrx_word' id='word_1_346' title='bbox 591 2073 711 2141; x_wconf 68' lang='lat' dir='ltr'><strong>populus</strong></span> <span class='ocrx_word' id='word_1_347' title='bbox 729 2074 864 2103; x_wconf 83' lang='lat' dir='ltr'><strong><em>recessisse</em></strong></span> <span class='ocrx_word' id='word_1_348' title='bbox 880 2085 896 2103; x_wconf 84' lang='lat' dir='ltr'><strong>a</strong></span> 
     </span>
     <span class='ocr_line' id='line_1_47' title="bbox 27 2113 895 2152; baseline -0.006 -5"><span class='ocrx_word' id='word_1_349' title='bbox 27 2119 144 2142; x_wconf 61' lang='lat' dir='ltr'><strong>almamm.</strong></span> <span class='ocrx_word' id='word_1_350' title='bbox 158 2117 297 2146; x_wconf 81' lang='lat' dir='ltr'><strong>Christo.*</strong></span> <span class='ocrx_word' id='word_1_351' title='bbox 305 2117 421 2145; x_wconf 83' lang='lat' dir='ltr'><strong>Tantum</strong></span> <span class='ocrx_word' id='word_1_352' title='bbox 430 2114 580 2144; x_wconf 78' lang='lat' dir='ltr'><strong>differentia</strong></span> <span class='ocrx_word' id='word_1_353' title='bbox 589 2124 617 2143; x_wconf 87' lang='lat' dir='ltr'><strong>m</strong></span> <span class='ocrx_word' id='word_1_354' title='bbox 647 2123 678 2142; x_wconf 88' lang='lat' dir='ltr'><strong>oc</strong></span> <span class='ocrx_word' id='word_1_355' title='bbox 693 2120 743 2149; x_wconf 83' lang='lat' dir='ltr'><strong>est,</strong></span> <span class='ocrx_word' id='word_1_356' title='bbox 751 2113 825 2152; x_wconf 88' lang='lat' dir='ltr'><strong>quod</strong></span> <span class='ocrx_word' id='word_1_357' title='bbox 831 2113 895 2145; x_wconf 79' lang='lat' dir='ltr'><strong>‚illic</strong></span> 
     </span>
     <span class='ocr_line' id='line_1_48' title="bbox 156 2152 894 2195; baseline -0.008 -9"><span class='ocrx_word' id='word_1_358' title='bbox 156 2155 245 2187; x_wconf 85' lang='lat' dir='ltr'><strong>Judaei</strong></span> <span class='ocrx_word' id='word_1_359' title='bbox 260 2162 395 2195; x_wconf 78' lang='lat' dir='ltr'><strong>ponuntur</strong></span> <span class='ocrx_word' id='word_1_360' title='bbox 409 2165 461 2183; x_wconf 89' lang='lat' dir='ltr'><strong>non</strong></span> <span class='ocrx_word' id='word_1_361' title='bbox 477 2153 581 2183; x_wconf 78' lang='lat' dir='ltr'><strong>venisse</strong></span> <span class='ocrx_word' id='word_1_362' title='bbox 600 2152 635 2182; x_wconf 85' lang='lat' dir='ltr'><strong>ad</strong></span> <span class='ocrx_word' id='word_1_363' title='bbox 653 2152 791 2181; x_wconf 87' lang='lat' dir='ltr'><strong>Christum</strong></span> <span class='ocrx_word' id='word_1_364' title='bbox 810 2164 818 2181; x_wconf 71' lang='grc' dir='ltr'><em>τ</em></span> <span class='ocrx_word' id='word_1_365' title='bbox 832 2153 894 2191; x_wconf 84' lang='lat' dir='ltr'><strong>quia</strong></span> 
     </span>
     <span class='ocr_line' id='line_1_49' title="bbox 156 2192 895 2231; baseline -0.004 -8"><span class='ocrx_word' id='word_1_366' title='bbox 156 2204 245 2223; x_wconf 89' lang='lat' dir='ltr'><strong>amore</strong></span> <span class='ocrx_word' id='word_1_367' title='bbox 253 2193 400 2224; x_wconf 80' lang='lat' dir='ltr'><strong>carnalium</strong></span> <span class='ocrx_word' id='word_1_368' title='bbox 412 2203 501 2222; x_wconf 88' lang='lat' dir='ltr'><strong>rerum</strong></span> <span class='ocrx_word' id='word_1_369' title='bbox 508 2200 532 2222; x_wconf 81' lang='lat' dir='ltr'><strong>et</strong></span> <span class='ocrx_word' id='word_1_370' title='bbox 540 2200 702 2222; x_wconf 84' lang='lat' dir='ltr'><strong>terrenarum</strong></span> <span class='ocrx_word' id='word_1_371' title='bbox 712 2192 895 2231; x_wconf 82' lang='lat' dir='ltr'><strong>occupati,nee</strong></span> 
     </span>
     <span class='ocr_line' id='line_1_50' title="bbox 156 2229 896 2274; baseline -0.004 -11"><span class='ocrx_word' id='word_1_372' title='bbox 156 2239 357 2274; x_wconf 87' lang='lat' dir='ltr'><strong>permanserunt</strong></span> <span class='ocrx_word' id='word_1_373' title='bbox 365 2233 392 2261; x_wconf 92' lang='lat' dir='ltr'><strong>in</strong></span> <span class='ocrx_word' id='word_1_374' title='bbox 399 2232 514 2267; x_wconf 83' lang='lat' dir='ltr'><strong>Christo,</strong></span> <span class='ocrx_word' id='word_1_375' title='bbox 520 2241 568 2260; x_wconf 79' lang='lat' dir='ltr'><strong>nec</strong></span> <span class='ocrx_word' id='word_1_376' title='bbox 574 2229 808 2260; x_wconf 84' lang='lat' dir='ltr'><strong>consideraverunt</strong></span> <span class='ocrx_word' id='word_1_377' title='bbox 815 2241 896 2270; x_wconf 85' lang='lat' dir='ltr'><strong>opera</strong></span> 
     </span>
     <span class='ocr_line' id='line_1_51' title="bbox 155 2269 893 2312; baseline -0.004 -10"><span class='ocrx_word' id='word_1_378' title='bbox 155 2274 278 2312; x_wconf 70' lang='lat' dir='ltr'><strong>cjus,nec</strong></span> <span class='ocrx_word' id='word_1_379' title='bbox 287 2271 430 2300; x_wconf 81' lang='lat' dir='ltr'><strong>audierunt</strong></span> <span class='ocrx_word' id='word_1_380' title='bbox 442 2281 470 2300; x_wconf 88' lang='lat' dir='ltr'><strong>sa</strong></span> <span class='ocrx_word' id='word_1_381' title='bbox 490 2271 598 2300; x_wconf 89' lang='lat' dir='ltr'><strong>ieutiam</strong></span> <span class='ocrx_word' id='word_1_382' title='bbox 610 2269 667 2309; x_wconf 82' lang='lat' dir='ltr'><strong>ejus</strong></span> <span class='ocrx_word' id='word_1_383' title='bbox 677 2282 683 2297; x_wconf 74' lang='grc' dir='ltr'><em>τ</em></span> <span class='ocrx_word' id='word_1_384' title='bbox 693 2276 832 2309; x_wconf 85' lang='lat' dir='ltr'><strong>propterea</strong></span> <span class='ocrx_word' id='word_1_385' title='bbox 842 2280 893 2299; x_wconf 89' lang='lat' dir='ltr'><strong>non</strong></span> 
     </span>
     <span class='ocr_line' id='line_1_52' title="bbox 155 2309 894 2351; baseline -0.004 -10"><span class='ocrx_word' id='word_1_386' title='bbox 155 2317 337 2351; x_wconf 86' lang='lat' dir='ltr'><strong>cognoverunt</strong></span> <span class='ocrx_word' id='word_1_387' title='bbox 355 2321 416 2339; x_wconf 88' lang='lat' dir='ltr'><strong>eum</strong></span> <span class='ocrx_word' id='word_1_388' title='bbox 434 2310 466 2339; x_wconf 88' lang='lat' dir='ltr'><strong>Fi</strong></span> <span class='ocrx_word' id='word_1_389' title='bbox 480 2310 536 2338; x_wconf 91' lang='lat' dir='ltr'><strong>ium</strong></span> <span class='ocrx_word' id='word_1_390' title='bbox 557 2309 625 2343; x_wconf 88' lang='lat' dir='ltr'><strong>Dei,</strong></span> <span class='ocrx_word' id='word_1_391' title='bbox 639 2318 688 2337; x_wconf 86' lang='lat' dir='ltr'><strong>nec</strong></span> <span class='ocrx_word' id='word_1_392' title='bbox 709 2315 838 2338; x_wconf 88' lang='lat' dir='ltr'><strong>venerunt</strong></span> <span class='ocrx_word' id='word_1_393' title='bbox 859 2309 894 2338; x_wconf 78' lang='lat' dir='ltr'><strong>ad</strong></span> 
     </span>
     <span class='ocr_line' id='line_1_53' title="bbox 154 2346 892 2388; baseline -0.004 -8"><span class='ocrx_word' id='word_1_394' title='bbox 154 2362 230 2387; x_wconf 86' lang='lat' dir='ltr'><strong>eum;</strong></span> <span class='ocrx_word' id='word_1_395' title='bbox 244 2351 288 2379; x_wconf 91' lang='lat' dir='ltr'><strong>hic</strong></span> <span class='ocrx_word' id='word_1_396' title='bbox 298 2357 385 2379; x_wconf 86' lang='lat' dir='ltr'><strong>autem</strong></span> <span class='ocrx_word' id='word_1_397' title='bbox 395 2349 471 2377; x_wconf 89' lang='lat' dir='ltr'><strong>illum</strong></span> <span class='ocrx_word' id='word_1_398' title='bbox 482 2348 612 2388; x_wconf 88' lang='lat' dir='ltr'><strong>populum</strong></span> <span class='ocrx_word' id='word_1_399' title='bbox 620 2348 637 2377; x_wconf 93' lang='lat' dir='ltr'>J</span> <span class='ocrx_word' id='word_1_400' title='bbox 640 2346 778 2376; x_wconf 80' lang='lat' dir='ltr'><strong>udaeorum</strong></span> <span class='ocrx_word' id='word_1_401' title='bbox 785 2347 892 2377; x_wconf 84' lang='lat' dir='ltr'><strong>demon-</strong></span> 
     </span>
     <span class='ocr_line' id='line_1_54' title="bbox 154 2386 891 2431; baseline -0.004 -12"><span class='ocrx_word' id='word_1_402' title='bbox 154 2397 230 2425; x_wconf 85' lang='lat' dir='ltr'><strong>strat,</strong></span> <span class='ocrx_word' id='word_1_403' title='bbox 243 2390 290 2428; x_wconf 93' lang='lat' dir='ltr'><strong>qui</strong></span> <span class='ocrx_word' id='word_1_404' title='bbox 309 2390 353 2419; x_wconf 86' lang='lat' dir='ltr'><strong>vel</strong></span> <span class='ocrx_word' id='word_1_405' title='bbox 372 2399 407 2417; x_wconf 84' lang='lat' dir='ltr'><strong>ex</strong></span> <span class='ocrx_word' id='word_1_406' title='bbox 421 2387 568 2428; x_wconf 85' lang='lat' dir='ltr'><strong>prophetis,</strong></span> <span class='ocrx_word' id='word_1_407' title='bbox 581 2386 625 2415; x_wconf 89' lang='lat' dir='ltr'><strong>vel</strong></span> <span class='ocrx_word' id='word_1_408' title='bbox 645 2396 679 2415; x_wconf 84' lang='lat' dir='ltr'><strong>ex</strong></span> <span class='ocrx_word' id='word_1_409' title='bbox 696 2387 833 2431; x_wconf 87' lang='lat' dir='ltr'><strong>operibus,</strong></span> <span class='ocrx_word' id='word_1_410' title='bbox 848 2388 891 2417; x_wconf 86' lang='lat' dir='ltr'><strong>vel</strong></span> 
     </span>
     <span class='ocr_line' id='line_1_55' title="bbox 153 2425 893 2469; baseline -0.003 -11"><span class='ocrx_word' id='word_1_411' title='bbox 153 2429 283 2458; x_wconf 83' lang='lat' dir='ltr'><strong>doctrinis</strong></span> <span class='ocrx_word' id='word_1_412' title='bbox 295 2430 353 2469; x_wconf 88' lang='lat' dir='ltr'><strong>ejus</strong></span> <span class='ocrx_word' id='word_1_413' title='bbox 367 2434 549 2467; x_wconf 82' lang='lat' dir='ltr'><strong>cognoverunt</strong></span> <span class='ocrx_word' id='word_1_414' title='bbox 558 2426 660 2455; x_wconf 90' lang='lat' dir='ltr'><strong>Filium</strong></span> <span class='ocrx_word' id='word_1_415' title='bbox 673 2425 743 2455; x_wconf 80' lang='lat' dir='ltr'><strong>Dei:</strong></span> <span class='ocrx_word' id='word_1_416' title='bbox 757 2433 782 2455; x_wconf 87' lang='lat' dir='ltr'><strong>et</strong></span> <span class='ocrx_word' id='word_1_417' title='bbox 795 2436 893 2456; x_wconf 89' lang='lat' dir='ltr'><strong>coucu-</strong></span> 
     </span>
     <span class='ocr_line' id='line_1_56' title="bbox 154 2465 891 2507; baseline -0.001 -11"><span class='ocrx_word' id='word_1_418' title='bbox 154 2468 282 2507; x_wconf 84' lang='lat' dir='ltr'><strong>piscentia</strong></span> <span class='ocrx_word' id='word_1_419' title='bbox 298 2468 434 2496; x_wconf 88' lang='lat' dir='ltr'><strong>lucrorum</strong></span> <span class='ocrx_word' id='word_1_420' title='bbox 452 2466 609 2500; x_wconf 78' lang='lat' dir='ltr'><strong>carnalium,</strong></span> <span class='ocrx_word' id='word_1_421' title='bbox 626 2465 669 2494; x_wconf 88' lang='lat' dir='ltr'><strong>vel</strong></span> <span class='ocrx_word' id='word_1_422' title='bbox 684 2465 816 2494; x_wconf 89' lang='lat' dir='ltr'><strong>bonorum</strong></span> <span class='ocrx_word' id='word_1_423' title='bbox 832 2476 891 2504; x_wconf 79' lang='lat' dir='ltr'><strong>quae</strong></span> 
     </span>
     <span class='ocr_line' id='line_1_57' title="bbox 154 2504 892 2545; baseline -0.001 -9"><span class='ocrx_word' id='word_1_424' title='bbox 154 2507 382 2545; x_wconf 79' lang='lat' dir='ltr'><strong>consequebantur</strong></span> <span class='ocrx_word' id='word_1_425' title='bbox 393 2517 426 2536; x_wconf 89' lang='lat' dir='ltr'><strong>ex</strong></span> <span class='ocrx_word' id='word_1_426' title='bbox 441 2507 496 2545; x_wconf 85' lang='lat' dir='ltr'><strong>lege</strong></span> <span class='ocrx_word' id='word_1_427' title='bbox 508 2504 618 2541; x_wconf 86' lang='lat' dir='ltr'><strong>carnali,</strong></span> <span class='ocrx_word' id='word_1_428' title='bbox 630 2511 739 2544; x_wconf 86' lang='lat' dir='ltr'><strong>propter</strong></span> <span class='ocrx_word' id='word_1_429' title='bbox 752 2505 892 2535; x_wconf 80' lang='lat' dir='ltr'><strong>avaritiam</strong></span> 
     </span>
    </p>
   </div>
   <div class='ocr_carea' id='block_1_6' title="bbox 190 2594 726 2628">
    <p class='ocr_par' dir='ltr' id='par_1_8' title="bbox 190 2594 726 2628">
     <span class='ocr_line' id='line_1_58' title="bbox 190 2594 726 2628; baseline -0.002 -7"><span class='ocrx_word' id='word_1_430' title='bbox 190 2606 198 2615; x_wconf 68' lang='lat'><strong>⁶·</strong></span> <span class='ocrx_word' id='word_1_431' title='bbox 218 2596 297 2621; x_wconf 74' lang='lat' dir='ltr'><strong>tidem</strong></span> <span class='ocrx_word' id='word_1_432' title='bbox 311 2597 336 2622; x_wconf 91' lang='lat' dir='ltr'><strong>in</strong></span> <span class='ocrx_word' id='word_1_433' title='bbox 349 2605 426 2628; x_wconf 70' lang='lat' dir='ltr'><strong>marg.</strong></span> <span class='ocrx_word' id='word_1_434' title='bbox 438 2605 463 2620; x_wconf 77' lang='lat' dir='ltr'><strong>se</strong></span> <span class='ocrx_word' id='word_1_435' title='bbox 479 2596 570 2620; x_wconf 76' lang='lat' dir='ltr'><strong>vidisse</strong></span> <span class='ocrx_word' id='word_1_436' title='bbox 583 2594 726 2626; x_wconf 78' lang='lat' dir='ltr'><strong>confirmat.</strong></span> 
     </span>
    </p>
   </div>
   <div class='ocr_carea' id='block_1_7' title="bbox 626 199 1201 223">
    <p class='ocr_par' dir='ltr' id='par_1_9' title="bbox 626 199 1201 223">
     <span class='ocr_line' id='line_1_59' title="bbox 626 199 1201 223; baseline 0.002 -1"><span class='ocrx_word' id='word_1_437' title='bbox 626 200 658 222; x_wconf 82' lang='lat' dir='ltr'><strong>IN</strong></span> <span class='ocrx_word' id='word_1_438' title='bbox 686 199 902 222; x_wconf 61' lang='lat' dir='ltr'><strong>MATTHAEUM.</strong></span> <span class='ocrx_word' id='word_1_439' title='bbox 931 199 1049 222; x_wconf 76' lang='lat' dir='ltr'><strong>ttoMtL.</strong></span> <span class='ocrx_word' id='word_1_440' title='bbox 1078 200 1201 223; x_wconf 81' lang='lat' dir='ltr'><strong>xxxllt.</strong></span> 
     </span>
    </p>
   </div>
   <div class='ocr_carea' id='block_1_8' title="bbox 1627 193 1695 240">
    <p class='ocr_par' dir='ltr' id='par_1_10' title="bbox 1627 193 1695 240">
     <span class='ocr_line' id='line_1_60' title="bbox 1627 193 1695 240; baseline 0.015 -1"><span class='ocrx_word' id='word_1_441' title='bbox 1627 193 1695 240; x_wconf 81' lang='lat'><strong>877</strong></span> 
     </span>
    </p>
   </div>
   <div class='ocr_carea' id='block_1_9' title="bbox 160 261 1697 302">
    <p class='ocr_par' dir='ltr' id='par_1_11' title="bbox 160 261 1697 302">
     <span class='ocr_line' id='line_1_61' title="bbox 160 261 1697 302; baseline -0.001 -7"><span class='ocrx_word' id='word_1_442' title='bbox 160 266 238 295; x_wconf 81' lang='lat' dir='ltr'><strong>tiabo</strong></span> <span class='ocrx_word' id='word_1_443' title='bbox 249 263 398 294; x_wconf 79' lang='lat' dir='ltr'><strong>mirabilia</strong></span> <span class='ocrx_word' id='word_1_444' title='bbox 408 269 460 293; x_wconf 80' lang='lat' dir='ltr'><strong>tua</strong></span> <span class='ocrx_word' id='word_1_445' title='bbox 469 273 481 291; x_wconf 88' lang='grc'><strong>.·</strong></span> <span class='ocrx_word' id='word_1_446' title='bbox 492 261 566 301; x_wconf 84' lang='lat' dir='ltr'><strong>quod</strong></span> <span class='ocrx_word' id='word_1_447' title='bbox 576 261 651 291; x_wconf 85' lang='lat' dir='ltr'><strong>estin</strong></span> <span class='ocrx_word' id='word_1_448' title='bbox 663 267 782 300; x_wconf 85' lang='lat' dir='ltr'><strong>tempore</strong></span> <span class='ocrx_word' id='word_1_449' title='bbox 791 270 895 300; x_wconf 86' lang='lat' dir='ltr'><strong>regum.</strong></span> <span class='ocrx_word' id='word_1_450' title='bbox 915 263 936 285; x_wconf 79' lang='grc' dir='ltr'><strong>Α</strong></span> <span class='ocrx_word' id='word_1_451' title='bbox 953 268 1116 290; x_wconf 84' lang='lat' dir='ltr'><strong>recesserunt</strong></span> <span class='ocrx_word' id='word_1_452' title='bbox 1129 272 1145 290; x_wconf 88' lang='lat' dir='ltr'><strong>a</strong></span> <span class='ocrx_word' id='word_1_453' title='bbox 1158 261 1267 291; x_wconf 86' lang='lat' dir='ltr'><strong>Christo</strong></span> <span class='ocrx_word' id='word_1_454' title='bbox 1276 284 1283 298; x_wconf 93' lang='lat'><strong>,</strong></span> <span class='ocrx_word' id='word_1_455' title='bbox 1295 271 1349 291; x_wconf 89' lang='lat' dir='ltr'><strong>non</strong></span> <span class='ocrx_word' id='word_1_456' title='bbox 1363 261 1514 302; x_wconf 80' lang='lat' dir='ltr'><strong>ignorantes</strong></span> <span class='ocrx_word' id='word_1_457' title='bbox 1526 261 1697 294; x_wconf 85' lang='lat' dir='ltr'><strong>divinitatem</strong></span> 
     </span>
    </p>
   </div>
   <div class='ocr_carea' id='block_1_10' title="bbox 949 300 1698 855">
    <p class='ocr_par' dir='ltr' id='par_1_12' title="bbox 949 300 1698 855">
     <span class='ocr_line' id='line_1_62' title="bbox 953 300 1693 343; baseline 0.007 -15"><span class='ocrx_word' id='word_1_458' title='bbox 953 300 1011 338; x_wconf 84' lang='lat' dir='ltr'><strong>ejus</strong></span> <span class='ocrx_word' id='word_1_459' title='bbox 1019 322 1027 336; x_wconf 91' lang='lat'>‚</span> <span class='ocrx_word' id='word_1_460' title='bbox 1042 300 1089 329; x_wconf 86' lang='lat' dir='ltr'><strong>sed</strong></span> <span class='ocrx_word' id='word_1_461' title='bbox 1110 311 1163 329; x_wconf 89' lang='lat' dir='ltr'><strong>non</strong></span> <span class='ocrx_word' id='word_1_462' title='bbox 1185 301 1345 330; x_wconf 86' lang='lat' dir='ltr'><strong>sustinentes</strong></span> <span class='ocrx_word' id='word_1_463' title='bbox 1366 312 1456 331; x_wconf 88' lang='lat' dir='ltr'><strong>veram</strong></span> <span class='ocrx_word' id='word_1_464' title='bbox 1475 301 1607 342; x_wconf 85' lang='lat' dir='ltr'><strong>justitiam</strong></span> <span class='ocrx_word' id='word_1_465' title='bbox 1625 303 1693 343; x_wconf 80' lang='lat' dir='ltr'><strong>ej‘us.</strong></span> 
     </span>
     <span class='ocr_line' id='line_1_63' title="bbox 953 339 1694 381; baseline 0.007 -14"><span class='ocrx_word' id='word_1_466' title='bbox 953 339 1021 375; x_wconf 83' lang='lat' dir='ltr'><strong>Quae</strong></span> <span class='ocrx_word' id='word_1_467' title='bbox 1031 346 1094 368; x_wconf 89' lang='lat' dir='ltr'><strong>sunt</strong></span> <span class='ocrx_word' id='word_1_468' title='bbox 1107 351 1170 379; x_wconf 88' lang='lat' dir='ltr'><strong>ergo</strong></span> <span class='ocrx_word' id='word_1_469' title='bbox 1181 340 1250 369; x_wconf 89' lang='lat' dir='ltr'><strong>bona</strong></span> <span class='ocrx_word' id='word_1_470' title='bbox 1262 340 1368 370; x_wconf 80' lang='lat' dir='ltr'><strong>Juda&#39;l&#39;ci</strong></span> <span class='ocrx_word' id='word_1_471' title='bbox 1381 341 1487 381; x_wconf 89' lang='lat' dir='ltr'><strong>populi,</strong></span> <span class='ocrx_word' id='word_1_472' title='bbox 1496 352 1555 380; x_wconf 61' lang='lat' dir='ltr'><strong>quas</strong></span> <span class='ocrx_word' id='word_1_473' title='bbox 1567 343 1694 378; x_wconf 85' lang='lat' dir='ltr'><strong>vendere,</strong></span> 
     </span>
     <span class='ocr_line' id='line_1_64' title="bbox 954 379 1695 420; baseline 0.007 -13"><span class='ocrx_word' id='word_1_474' title='bbox 954 385 980 407; x_wconf 86' lang='lat' dir='ltr'><strong>et</strong></span> <span class='ocrx_word' id='word_1_475' title='bbox 993 379 1158 418; x_wconf 86' lang='lat' dir='ltr'><strong>pauperibus</strong></span> <span class='ocrx_word' id='word_1_476' title='bbox 1173 379 1237 409; x_wconf 86' lang='lat' dir='ltr'><strong>dare</strong></span> <span class='ocrx_word' id='word_1_477' title='bbox 1255 380 1438 410; x_wconf 81' lang='lat' dir='ltr'><strong>mandantur?</strong></span> <span class='ocrx_word' id='word_1_478' title='bbox 1451 381 1571 410; x_wconf 85' lang='lat' dir='ltr'><strong>Primum</strong></span> <span class='ocrx_word' id='word_1_479' title='bbox 1584 382 1695 420; x_wconf 88' lang='lat' dir='ltr'><strong>quidem</strong></span> 
     </span>
     <span class='ocr_line' id='line_1_65' title="bbox 951 418 1695 460; baseline 0.007 -14"><span class='ocrx_word' id='word_1_480' title='bbox 951 418 1053 456; x_wconf 84' lang='lat' dir='ltr'><strong>agnitio</strong></span> <span class='ocrx_word' id='word_1_481' title='bbox 1082 419 1130 448; x_wconf 91' lang='lat' dir='ltr'><strong>Dei</strong></span> <span class='ocrx_word' id='word_1_482' title='bbox 1156 420 1252 456; x_wconf 90' lang='lat' dir='ltr'><strong>unius,</strong></span> <span class='ocrx_word' id='word_1_483' title='bbox 1271 420 1332 456; x_wconf 83' lang='lat' dir='ltr'><strong>lex,</strong></span> <span class='ocrx_word' id='word_1_484' title='bbox 1346 420 1490 460; x_wconf 78' lang='lat' dir='ltr'><strong>templum,</strong></span> <span class='ocrx_word' id='word_1_485' title='bbox 1505 421 1695 459; x_wconf 81' lang='lat' dir='ltr'><strong>sacerdotium,</strong></span> 
     </span>
     <span class='ocr_line' id='line_1_66' title="bbox 952 456 1698 500; baseline 0.007 -15"><span class='ocrx_word' id='word_1_486' title='bbox 952 456 1059 486; x_wconf 86' lang='lat' dir='ltr'><strong>levitica</strong></span> <span class='ocrx_word' id='word_1_487' title='bbox 1073 467 1099 487; x_wconf 89' lang='lat' dir='ltr'><strong>et</strong></span> <span class='ocrx_word' id='word_1_488' title='bbox 1124 458 1232 488; x_wconf 87' lang='lat' dir='ltr'><strong>diversa</strong></span> <span class='ocrx_word' id='word_1_489' title='bbox 1255 470 1349 499; x_wconf 86' lang='lat' dir='ltr'><strong>genera</strong></span> <span class='ocrx_word' id='word_1_490' title='bbox 1369 460 1564 489; x_wconf 82' lang='lat' dir='ltr'><strong>sacrificiorum</strong></span> <span class='ocrx_word' id='word_1_491' title='bbox 1572 483 1580 496; x_wconf 94' lang='lat'><strong>,</strong></span> <span class='ocrx_word' id='word_1_492' title='bbox 1596 461 1698 500; x_wconf 83' lang='lat' dir='ltr'><strong>quibus</strong></span> 
     </span>
     <span class='ocr_line' id='line_1_67' title="bbox 951 497 1695 541; baseline 0.008 -17"><span class='ocrx_word' id='word_1_493' title='bbox 951 497 1075 526; x_wconf 88' lang='lat' dir='ltr'><strong>omnibus</strong></span> <span class='ocrx_word' id='word_1_494' title='bbox 1087 498 1230 527; x_wconf 84' lang='lat' dir='ltr'><strong>carnaliter</strong></span> <span class='ocrx_word' id='word_1_495' title='bbox 1245 505 1333 538; x_wconf 51' lang='lat' dir='ltr'><strong>utens¹</strong></span> <span class='ocrx_word' id='word_1_496' title='bbox 1353 499 1453 538; x_wconf 88' lang='lat' dir='ltr'><strong>opulus</strong></span> <span class='ocrx_word' id='word_1_497' title='bbox 1467 499 1524 535; x_wconf 86' lang='lat' dir='ltr'><strong>ille,</strong></span> <span class='ocrx_word' id='word_1_498' title='bbox 1539 501 1614 538; x_wconf 82' lang='lat' dir='ltr'><strong>quasi</strong></span> <span class='ocrx_word' id='word_1_499' title='bbox 1630 511 1695 541; x_wconf 88' lang='lat' dir='ltr'><strong>pos—</strong></span> 
     </span>
     <span class='ocr_line' id='line_1_68' title="bbox 950 510 1695 577; baseline 0.005 -12"><span class='ocrx_word' id='word_1_500' title='bbox 950 537 1078 566; x_wconf 84' lang='lat' dir='ltr'><strong>sessiones</strong></span> <span class='ocrx_word' id='word_1_501' title='bbox 1093 538 1242 567; x_wconf 85' lang='lat' dir='ltr'><strong>fructiferas</strong></span> <span class='ocrx_word' id='word_1_502' title='bbox 1255 510 1418 577; x_wconf 52' lang='lat' dir='ltr'><strong>possidebat.</strong></span> <span class='ocrx_word' id='word_1_503' title='bbox 1434 539 1501 575; x_wconf 82' lang='lat' dir='ltr'><strong>Quae</strong></span> <span class='ocrx_word' id='word_1_504' title='bbox 1514 546 1644 577; x_wconf 88' lang='lat' dir='ltr'><strong>quantum</strong></span> <span class='ocrx_word' id='word_1_505' title='bbox 1659 540 1695 570; x_wconf 87' lang='lat' dir='ltr'><strong>ad</strong></span> 
     </span>
     <span class='ocr_line' id='line_1_69' title="bbox 950 576 1695 616; baseline 0.007 -13"><span class='ocrx_word' id='word_1_506' title='bbox 950 576 1150 606; x_wconf 71' lang='lat' dir='ltr'><strong>aestimationem</strong></span> <span class='ocrx_word' id='word_1_507' title='bbox 1161 577 1271 615; x_wconf 89' lang='lat' dir='ltr'><strong>quidem</strong></span> <span class='ocrx_word' id='word_1_508' title='bbox 1283 578 1300 607; x_wconf 94' lang='lat' dir='ltr'><strong>J</strong></span> <span class='ocrx_word' id='word_1_509' title='bbox 1303 577 1440 606; x_wconf 82' lang='lat' dir='ltr'><strong>udaeorum</strong></span> <span class='ocrx_word' id='word_1_510' title='bbox 1453 588 1548 616; x_wconf 83' lang='lat' dir='ltr'><strong>magna</strong></span> <span class='ocrx_word' id='word_1_511' title='bbox 1562 579 1695 608; x_wconf 86' lang='lat' dir='ltr'><strong>videban-</strong></span> 
     </span>
     <span class='ocr_line' id='line_1_70' title="bbox 949 616 1695 658; baseline 0.007 -15"><span class='ocrx_word' id='word_1_512' title='bbox 949 621 1006 651; x_wconf 88' lang='lat' dir='ltr'><strong>tur,</strong></span> <span class='ocrx_word' id='word_1_513' title='bbox 1019 623 1044 643; x_wconf 89' lang='lat' dir='ltr'><strong>et</strong></span> <span class='ocrx_word' id='word_1_514' title='bbox 1057 616 1141 645; x_wconf 81' lang='lat' dir='ltr'><strong>multa</strong></span> <span class='ocrx_word' id='word_1_515' title='bbox 1153 628 1159 644; x_wconf 89' lang='lat'>:</span> <span class='ocrx_word' id='word_1_516' title='bbox 1171 623 1302 654; x_wconf 82' lang='lat' dir='ltr'><strong>quantum</strong></span> <span class='ocrx_word' id='word_1_517' title='bbox 1317 624 1406 646; x_wconf 87' lang='lat' dir='ltr'><strong>autem</strong></span> <span class='ocrx_word' id='word_1_518' title='bbox 1416 617 1451 646; x_wconf 90' lang='lat' dir='ltr'><strong>ad</strong></span> <span class='ocrx_word' id='word_1_519' title='bbox 1462 617 1564 647; x_wconf 88' lang='lat' dir='ltr'><strong>Christi</strong></span> <span class='ocrx_word' id='word_1_520' title='bbox 1578 619 1695 658; x_wconf 84' lang='lat' dir='ltr'><strong>promis—</strong></span> 
     </span>
     <span class='ocr_line' id='line_1_71' title="bbox 950 655 1695 695; baseline 0.007 -13"><span class='ocrx_word' id='word_1_521' title='bbox 950 664 990 689; x_wconf 85' lang='lat' dir='ltr'><strong>sa,</strong></span> <span class='ocrx_word' id='word_1_522' title='bbox 1004 665 1101 694; x_wconf 87' lang='lat' dir='ltr'><strong>pauca,</strong></span> <span class='ocrx_word' id='word_1_523' title='bbox 1115 663 1141 683; x_wconf 82' lang='lat' dir='ltr'><strong>et</strong></span> <span class='ocrx_word' id='word_1_524' title='bbox 1153 655 1234 684; x_wconf 86' lang='lat' dir='ltr'><strong>nimis</strong></span> <span class='ocrx_word' id='word_1_525' title='bbox 1246 656 1355 695; x_wconf 84' lang='lat' dir='ltr'><strong>exigua.</strong></span> <span class='ocrx_word' id='word_1_526' title='bbox 1379 658 1446 693; x_wconf 85' lang='lat' dir='ltr'><strong>Quae</strong></span> <span class='ocrx_word' id='word_1_527' title='bbox 1459 657 1549 686; x_wconf 82' lang='lat' dir='ltr'><strong>omnia</strong></span> <span class='ocrx_word' id='word_1_528' title='bbox 1562 658 1695 687; x_wconf 76' lang='lat' dir='ltr'><strong>mandan-</strong></span> 
     </span>
     <span class='ocr_line' id='line_1_72' title="bbox 950 693 1695 740; baseline 0.007 -18"><span class='ocrx_word' id='word_1_529' title='bbox 950 699 995 723; x_wconf 87' lang='lat' dir='ltr'><strong>tur</strong></span> <span class='ocrx_word' id='word_1_530' title='bbox 1005 693 1066 723; x_wconf 85' lang='lat' dir='ltr'><strong>dari</strong></span> <span class='ocrx_word' id='word_1_531' title='bbox 1080 695 1214 734; x_wconf 84' lang='lat' dir='ltr'><strong>gentibus,</strong></span> <span class='ocrx_word' id='word_1_532' title='bbox 1226 695 1380 740; x_wconf 71' lang='lat' dir='ltr'><strong>specialiter</strong></span> <span class='ocrx_word' id='word_1_533' title='bbox 1394 696 1570 736; x_wconf 80' lang='lat' dir='ltr'><strong>pauperibus,</strong></span> <span class='ocrx_word' id='word_1_534' title='bbox 1586 703 1611 726; x_wconf 89' lang='lat' dir='ltr'><strong>et</strong></span> <span class='ocrx_word' id='word_1_535' title='bbox 1625 698 1695 727; x_wconf 88' lang='lat' dir='ltr'><strong>nihil</strong></span> 
     </span>
     <span class='ocr_line' id='line_1_73' title="bbox 950 732 1695 775; baseline 0.005 -13"><span class='ocrx_word' id='word_1_536' title='bbox 950 732 1047 762; x_wconf 89' lang='lat' dir='ltr'><strong>horum</strong></span> <span class='ocrx_word' id='word_1_537' title='bbox 1060 733 1234 771; x_wconf 84' lang='lat' dir='ltr'><strong>habentibus,</strong></span> <span class='ocrx_word' id='word_1_538' title='bbox 1246 745 1273 764; x_wconf 83' lang='grc' dir='ltr'><strong>ιιι</strong></span> <span class='ocrx_word' id='word_1_539' title='bbox 1285 735 1385 773; x_wconf 88' lang='lat' dir='ltr'><strong>quibus</strong></span> <span class='ocrx_word' id='word_1_540' title='bbox 1399 735 1517 775; x_wconf 85' lang='lat' dir='ltr'><strong>populus</strong></span> <span class='ocrx_word' id='word_1_541' title='bbox 1527 736 1575 765; x_wconf 83' lang='lat' dir='ltr'><strong>ille</strong></span> <span class='ocrx_word' id='word_1_542' title='bbox 1586 737 1603 766; x_wconf 92' lang='lat' dir='ltr'>J</span> <span class='ocrx_word' id='word_1_543' title='bbox 1606 736 1695 766; x_wconf 82' lang='lat' dir='ltr'><strong>udaeo-</strong></span> 
     </span>
     <span class='ocr_line' id='line_1_74' title="bbox 951 773 1695 815; baseline 0.005 -14"><span class='ocrx_word' id='word_1_544' title='bbox 951 783 1013 802; x_wconf 89' lang='lat' dir='ltr'><strong>rum</strong></span> <span class='ocrx_word' id='word_1_545' title='bbox 1026 773 1112 802; x_wconf 86' lang='lat' dir='ltr'><strong>suerat</strong></span> <span class='ocrx_word' id='word_1_546' title='bbox 1124 773 1210 803; x_wconf 81' lang='lat' dir='ltr'><strong>dives.</strong></span> <span class='ocrx_word' id='word_1_547' title='bbox 1221 776 1262 804; x_wconf 87' lang='lat' dir='ltr'><strong>De</strong></span> <span class='ocrx_word' id='word_1_548' title='bbox 1272 774 1323 803; x_wconf 93' lang='lat' dir='ltr'><strong>hoc</strong></span> <span class='ocrx_word' id='word_1_549' title='bbox 1334 774 1406 804; x_wconf 90' lang='lat' dir='ltr'><strong>enim</strong></span> <span class='ocrx_word' id='word_1_550' title='bbox 1419 785 1455 815; x_wconf 92' lang='lat' dir='ltr'><strong>po</strong></span> <span class='ocrx_word' id='word_1_551' title='bbox 1477 775 1523 804; x_wconf 90' lang='lat' dir='ltr'><strong>ulo</strong></span> <span class='ocrx_word' id='word_1_552' title='bbox 1535 776 1552 805; x_wconf 92' lang='lat' dir='ltr'>J</span> <span class='ocrx_word' id='word_1_553' title='bbox 1555 775 1695 806; x_wconf 77' lang='lat' dir='ltr'><strong>udaeorum</strong></span> 
     </span>
     <span class='ocr_line' id='line_1_75' title="bbox 949 812 1694 855; baseline 0.005 -14"><span class='ocrx_word' id='word_1_554' title='bbox 949 812 1035 842; x_wconf 88' lang='lat' dir='ltr'><strong>divite</strong></span> <span class='ocrx_word' id='word_1_555' title='bbox 1045 820 1071 842; x_wconf 87' lang='lat' dir='ltr'><strong>et</strong></span> <span class='ocrx_word' id='word_1_556' title='bbox 1083 813 1286 849; x_wconf 86' lang='lat' dir='ltr'><strong>contemnendo,</strong></span> <span class='ocrx_word' id='word_1_557' title='bbox 1296 821 1321 843; x_wconf 90' lang='lat' dir='ltr'><strong>et</strong></span> <span class='ocrx_word' id='word_1_558' title='bbox 1333 813 1367 843; x_wconf 88' lang='lat' dir='ltr'><strong>de</strong></span> <span class='ocrx_word' id='word_1_559' title='bbox 1378 825 1451 854; x_wconf 92' lang='lat' dir='ltr'><strong>popu</strong></span> <span class='ocrx_word' id='word_1_560' title='bbox 1465 824 1480 843; x_wconf 94' lang='lat' dir='ltr'><strong>o</strong></span> <span class='ocrx_word' id='word_1_561' title='bbox 1493 815 1612 854; x_wconf 83' lang='lat' dir='ltr'><strong>gentium</strong></span> <span class='ocrx_word' id='word_1_562' title='bbox 1626 826 1694 855; x_wconf 88' lang='lat' dir='ltr'><strong>pau-</strong></span> 
     </span>
    </p>
   </div>
   <div class='ocr_carea' id='block_1_11' title="bbox 38 852 1843 920">
    <p class='ocr_par' dir='ltr' id='par_1_13' title="bbox 38 852 1843 920">
     <span class='ocr_line' id='line_1_76' title="bbox 38 852 1843 920; baseline 0.003 -42"><span class='ocrx_word' id='word_1_563' title='bbox 38 858 97 880; x_wconf 69' lang='lat' dir='ltr'><strong>uule.</strong></span> <span class='ocrx_word' id='word_1_564' title='bbox 113 857 149 879; x_wconf 81' lang='lat'><strong>15.</strong></span> <span class='ocrx_word' id='word_1_565' title='bbox 165 858 243 896; x_wconf 66' lang='lat' dir='ltr'><strong>Quia</strong></span> <span class='ocrx_word' id='word_1_566' title='bbox 256 859 369 886; x_wconf 72' lang='lat' dir='ltr'><strong>irritum</strong></span> <span class='ocrx_word' id='word_1_567' title='bbox 379 855 500 897; x_wconf 76' lang='lat' dir='ltr'><strong>fecistis</strong></span> <span class='ocrx_word' id='word_1_568' title='bbox 518 854 692 883; x_wconf 79' lang='lat' dir='ltr'><strong>mandatum</strong></span> <span class='ocrx_word' id='word_1_569' title='bbox 710 853 767 881; x_wconf 88' lang='lat' dir='ltr'><strong>Dei</strong></span> <span class='ocrx_word' id='word_1_570' title='bbox 785 860 902 920; x_wconf 49' lang='lat' dir='ltr'><strong>prosiler-</strong></span> <span class='ocrx_word' id='word_1_571' title='bbox 916 860 934 883; x_wconf 82' lang='grc' dir='ltr'><em>Β</em></span> <span class='ocrx_word' id='word_1_572' title='bbox 951 862 1014 891; x_wconf 87' lang='lat' dir='ltr'><strong>pere</strong></span> <span class='ocrx_word' id='word_1_573' title='bbox 1028 859 1054 880; x_wconf 88' lang='lat' dir='ltr'><strong>et</strong></span> <span class='ocrx_word' id='word_1_574' title='bbox 1066 852 1178 882; x_wconf 87' lang='lat' dir='ltr'><strong>ditando</strong></span> <span class='ocrx_word' id='word_1_575' title='bbox 1189 853 1256 882; x_wconf 87' lang='lat' dir='ltr'><strong>dicit</strong></span> <span class='ocrx_word' id='word_1_576' title='bbox 1267 853 1353 882; x_wconf 76' lang='lat' dir='ltr'><strong>Maria</strong></span> <span class='ocrx_word' id='word_1_577' title='bbox 1367 864 1396 882; x_wconf 88' lang='lat' dir='ltr'><strong>m</strong></span> <span class='ocrx_word' id='word_1_578' title='bbox 1409 854 1548 892; x_wconf 87' lang='lat' dir='ltr'><strong>evangelio</strong></span> <span class='ocrx_word' id='word_1_579' title='bbox 1558 866 1564 882; x_wconf 92' lang='lat'>:</span> <span class='ocrx_word' id='word_1_580' title='bbox 1576 856 1693 894; x_wconf 83' lang='lat' dir='ltr'><strong>Paupe-</strong></span> <span class='ocrx_word' id='word_1_581' title='bbox 1703 863 1759 885; x_wconf 82' lang='lat' dir='ltr'><strong>Luc.</strong></span> <span class='ocrx_word' id='word_1_582' title='bbox 1774 869 1793 884; x_wconf 88' lang='lat'><strong>1.</strong></span> <span class='ocrx_word' id='word_1_583' title='bbox 1803 861 1843 884; x_wconf 87' lang='lat'><strong>53.</strong></span> 
     </span>
    </p>
   </div>
   <div class='ocr_carea' id='block_1_12' title="bbox 948 892 1695 1446">
    <p class='ocr_par' dir='ltr' id='par_1_14' title="bbox 948 892 1695 1446">
     <span class='ocr_line' id='line_1_77' title="bbox 950 892 1692 931; baseline 0.005 -12"><span class='ocrx_word' id='word_1_584' title='bbox 950 901 995 920; x_wconf 82' lang='lat' dir='ltr'><strong>res</strong></span> <span class='ocrx_word' id='word_1_585' title='bbox 1008 892 1138 931; x_wconf 66' lang='lat' dir='ltr'><strong>implevit</strong></span> <span class='ocrx_word' id='word_1_586' title='bbox 1160 894 1243 922; x_wconf 85' lang='lat' dir='ltr'><strong>bonis</strong></span> <span class='ocrx_word' id='word_1_587' title='bbox 1253 915 1261 929; x_wconf 93' lang='lat'>‚</span> <span class='ocrx_word' id='word_1_588' title='bbox 1276 899 1305 921; x_wconf 88' lang='lat' dir='ltr'><strong>et</strong></span> <span class='ocrx_word' id='word_1_589' title='bbox 1319 894 1423 922; x_wconf 83' lang='lat' dir='ltr'><strong>divites</strong></span> <span class='ocrx_word' id='word_1_590' title='bbox 1448 894 1555 922; x_wconf 85' lang='lat' dir='ltr'><strong>dimisit</strong></span> <span class='ocrx_word' id='word_1_591' title='bbox 1579 896 1692 924; x_wconf 85' lang='lat' dir='ltr'><strong>inanes.</strong></span> 
     </span>
     <span class='ocr_line' id='line_1_78' title="bbox 951 931 1692 976; baseline 0.005 -17"><span class='ocrx_word' id='word_1_592' title='bbox 951 931 1008 960; x_wconf 82' lang='lat' dir='ltr'><strong>Hoc</strong></span> <span class='ocrx_word' id='word_1_593' title='bbox 1021 941 1084 969; x_wconf 84' lang='lat' dir='ltr'><strong>ergo</strong></span> <span class='ocrx_word' id='word_1_594' title='bbox 1098 931 1165 960; x_wconf 90' lang='lat' dir='ltr'><strong>dicit</strong></span> <span class='ocrx_word' id='word_1_595' title='bbox 1179 932 1311 961; x_wconf 90' lang='lat' dir='ltr'><strong>Dominus</strong></span> <span class='ocrx_word' id='word_1_596' title='bbox 1326 933 1360 961; x_wconf 91' lang='lat' dir='ltr'><strong>ad</strong></span> <span class='ocrx_word' id='word_1_597' title='bbox 1376 933 1509 976; x_wconf 88' lang='lat' dir='ltr'><strong>populum</strong></span> <span class='ocrx_word' id='word_1_598' title='bbox 1522 933 1692 969; x_wconf 85' lang='lat' dir='ltr'><strong>Judaeorum,</strong></span> 
     </span>
     <span class='ocr_line' id='line_1_79' title="bbox 950 969 1693 1011; baseline 0.005 -13"><span class='ocrx_word' id='word_1_599' title='bbox 950 969 1065 999; x_wconf 85' lang='lat' dir='ltr'><strong>suadens</strong></span> <span class='ocrx_word' id='word_1_600' title='bbox 1074 971 1123 1004; x_wconf 81' lang='lat' dir='ltr'><strong>eis.</strong></span> <span class='ocrx_word' id='word_1_601' title='bbox 1134 971 1207 1010; x_wconf 88' lang='lat' dir='ltr'><strong>quod</strong></span> <span class='ocrx_word' id='word_1_602' title='bbox 1220 972 1316 1000; x_wconf 85' lang='lat' dir='ltr'><strong>melius</strong></span> <span class='ocrx_word' id='word_1_603' title='bbox 1327 978 1366 1000; x_wconf 88' lang='lat' dir='ltr'><strong>est</strong></span> <span class='ocrx_word' id='word_1_604' title='bbox 1377 982 1458 1001; x_wconf 89' lang='lat' dir='ltr'><strong>umus</strong></span> <span class='ocrx_word' id='word_1_605' title='bbox 1468 971 1520 1001; x_wconf 86' lang='lat' dir='ltr'><strong>Dei</strong></span> <span class='ocrx_word' id='word_1_606' title='bbox 1532 973 1693 1011; x_wconf 85' lang='lat' dir='ltr'><strong>agnitionem</strong></span> 
     </span>
     <span class='ocr_line' id='line_1_80' title="bbox 949 1009 1693 1052; baseline 0.004 -14"><span class='ocrx_word' id='word_1_607' title='bbox 949 1009 1064 1038; x_wconf 87' lang='lat' dir='ltr'><strong>vendere</strong></span> <span class='ocrx_word' id='word_1_608' title='bbox 1079 1022 1084 1038; x_wconf 93' lang='lat'>:</span> <span class='ocrx_word' id='word_1_609' title='bbox 1103 1010 1191 1047; x_wconf 87' lang='lat' dir='ltr'><strong>Vade,</strong></span> <span class='ocrx_word' id='word_1_610' title='bbox 1207 1018 1233 1040; x_wconf 91' lang='lat' dir='ltr'><strong>et</strong></span> <span class='ocrx_word' id='word_1_611' title='bbox 1251 1010 1327 1040; x_wconf 86' lang='lat' dir='ltr'><strong>trade</strong></span> <span class='ocrx_word' id='word_1_612' title='bbox 1346 1021 1403 1040; x_wconf 87' lang='lat' dir='ltr'><strong>eam</strong></span> <span class='ocrx_word' id='word_1_613' title='bbox 1424 1011 1548 1050; x_wconf 87' lang='lat' dir='ltr'><strong>gentibus</strong></span> <span class='ocrx_word' id='word_1_614' title='bbox 1562 1012 1693 1052; x_wconf 88' lang='lat' dir='ltr'><strong>pauperi-</strong></span> 
     </span>
     <span class='ocr_line' id='line_1_81' title="bbox 949 1048 1695 1091; baseline 0.004 -14"><span class='ocrx_word' id='word_1_615' title='bbox 949 1048 1012 1084; x_wconf 93' lang='lat' dir='ltr'><strong>bus,</strong></span> <span class='ocrx_word' id='word_1_616' title='bbox 1025 1055 1051 1078; x_wconf 91' lang='lat' dir='ltr'><strong>et</strong></span> <span class='ocrx_word' id='word_1_617' title='bbox 1062 1059 1115 1078; x_wconf 92' lang='lat' dir='ltr'><strong>non</strong></span> <span class='ocrx_word' id='word_1_618' title='bbox 1128 1050 1288 1079; x_wconf 86' lang='lat' dir='ltr'><strong>habentibus</strong></span> <span class='ocrx_word' id='word_1_619' title='bbox 1309 1050 1360 1079; x_wconf 92' lang='lat' dir='ltr'><strong>Dei</strong></span> <span class='ocrx_word' id='word_1_620' title='bbox 1373 1051 1454 1080; x_wconf 90' lang='lat' dir='ltr'><strong>unius</strong></span> <span class='ocrx_word' id='word_1_621' title='bbox 1468 1057 1493 1079; x_wconf 86' lang='lat' dir='ltr'><strong>et</strong></span> <span class='ocrx_word' id='word_1_622' title='bbox 1504 1051 1562 1080; x_wconf 85' lang='lat' dir='ltr'><strong>veri</strong></span> <span class='ocrx_word' id='word_1_623' title='bbox 1576 1051 1695 1091; x_wconf 79' lang='lat' dir='ltr'><strong>agnitio-</strong></span> 
     </span>
     <span class='ocr_line' id='line_1_82' title="bbox 950 1089 1695 1130; baseline 0.004 -13"><span class='ocrx_word' id='word_1_624' title='bbox 950 1098 1011 1117; x_wconf 86' lang='lat' dir='ltr'><strong>nem</strong></span> <span class='ocrx_word' id='word_1_625' title='bbox 1022 1099 1030 1125; x_wconf 85' lang='lat'>;</span> <span class='ocrx_word' id='word_1_626' title='bbox 1046 1095 1075 1117; x_wconf 87' lang='lat' dir='ltr'><strong>tu</strong></span> <span class='ocrx_word' id='word_1_627' title='bbox 1089 1096 1176 1118; x_wconf 86' lang='lat' dir='ltr'><strong>autem</strong></span> <span class='ocrx_word' id='word_1_628' title='bbox 1190 1089 1301 1119; x_wconf 83' lang='lat' dir='ltr'><strong>ascende</strong></span> <span class='ocrx_word' id='word_1_629' title='bbox 1314 1089 1350 1118; x_wconf 86' lang='lat' dir='ltr'><strong>ad</strong></span> <span class='ocrx_word' id='word_1_630' title='bbox 1361 1089 1460 1129; x_wconf 86' lang='lat' dir='ltr'><strong>majus,</strong></span> <span class='ocrx_word' id='word_1_631' title='bbox 1471 1089 1534 1119; x_wconf 85' lang='lat' dir='ltr'><strong>veni</strong></span> <span class='ocrx_word' id='word_1_632' title='bbox 1547 1097 1574 1120; x_wconf 91' lang='lat' dir='ltr'><strong>et</strong></span> <span class='ocrx_word' id='word_1_633' title='bbox 1584 1102 1695 1130; x_wconf 82' lang='lat' dir='ltr'><strong>sequere</strong></span> 
     </span>
     <span class='ocr_line' id='line_1_83' title="bbox 949 1127 1694 1169; baseline 0.005 -13"><span class='ocrx_word' id='word_1_634' title='bbox 949 1127 1029 1157; x_wconf 89' lang='lat' dir='ltr'><strong>etiam</strong></span> <span class='ocrx_word' id='word_1_635' title='bbox 1052 1138 1105 1162; x_wconf 85' lang='lat' dir='ltr'><strong>me,</strong></span> <span class='ocrx_word' id='word_1_636' title='bbox 1123 1136 1152 1158; x_wconf 90' lang='lat' dir='ltr'><strong>ut</strong></span> <span class='ocrx_word' id='word_1_637' title='bbox 1176 1139 1318 1168; x_wconf 83' lang='lat' dir='ltr'><strong>cognoscas</strong></span> <span class='ocrx_word' id='word_1_638' title='bbox 1340 1129 1469 1169; x_wconf 84' lang='lat' dir='ltr'><strong>quoniam</strong></span> <span class='ocrx_word' id='word_1_639' title='bbox 1493 1129 1550 1158; x_wconf 89' lang='lat' dir='ltr'><strong>haec</strong></span> <span class='ocrx_word' id='word_1_640' title='bbox 1573 1137 1613 1159; x_wconf 87' lang='lat' dir='ltr'><strong>est</strong></span> <span class='ocrx_word' id='word_1_641' title='bbox 1637 1130 1694 1160; x_wconf 81' lang='lat' dir='ltr'><strong>vita</strong></span> 
     </span>
     <span class='ocr_line' id='line_1_84' title="bbox 950 1169 1695 1207; baseline 0.004 -11"><span class='ocrx_word' id='word_1_642' title='bbox 950 1174 1057 1203; x_wconf 84' lang='lat' dir='ltr'><strong>aeterna,</strong></span> <span class='ocrx_word' id='word_1_643' title='bbox 1071 1178 1228 1207; x_wconf 85' lang='lat' dir='ltr'><strong>cognoscere</strong></span> <span class='ocrx_word' id='word_1_644' title='bbox 1241 1179 1293 1198; x_wconf 90' lang='lat' dir='ltr'><strong>non</strong></span> <span class='ocrx_word' id='word_1_645' title='bbox 1308 1169 1396 1198; x_wconf 87' lang='lat' dir='ltr'><strong>solum</strong></span> <span class='ocrx_word' id='word_1_646' title='bbox 1411 1179 1508 1198; x_wconf 82' lang='lat' dir='ltr'><strong>verum</strong></span> <span class='ocrx_word' id='word_1_647' title='bbox 1531 1170 1630 1206; x_wconf 88' lang='lat' dir='ltr'><strong>Deum,</strong></span> <span class='ocrx_word' id='word_1_648' title='bbox 1647 1170 1695 1199; x_wconf 87' lang='lat' dir='ltr'><strong>sed</strong></span> 
     </span>
     <span class='ocr_line' id='line_1_85' title="bbox 950 1206 1694 1247; baseline 0.005 -12"><span class='ocrx_word' id='word_1_649' title='bbox 950 1206 1029 1236; x_wconf 88' lang='lat' dir='ltr'><strong>etiam</strong></span> <span class='ocrx_word' id='word_1_650' title='bbox 1042 1207 1181 1237; x_wconf 88' lang='lat' dir='ltr'><strong>Christum</strong></span> <span class='ocrx_word' id='word_1_651' title='bbox 1193 1209 1386 1246; x_wconf 89' lang='lat' dir='ltr'><strong>Jesum,quem</strong></span> <span class='ocrx_word' id='word_1_652' title='bbox 1400 1208 1474 1237; x_wconf 88' lang='lat' dir='ltr'><strong>misit</strong></span> <span class='ocrx_word' id='word_1_653' title='bbox 1487 1208 1554 1247; x_wconf 88' lang='lat' dir='ltr'><strong>ipse.</strong></span> <span class='ocrx_word' id='word_1_654' title='bbox 1568 1209 1694 1239; x_wconf 85' lang='lat' dir='ltr'><strong>Possides</strong></span> 
     </span>
     <span class='ocr_line' id='line_1_86' title="bbox 950 1246 1693 1287; baseline 0.005 -13"><span class='ocrx_word' id='word_1_655' title='bbox 950 1247 1080 1286; x_wconf 89' lang='lat' dir='ltr'><strong>templum</strong></span> <span class='ocrx_word' id='word_1_656' title='bbox 1094 1260 1101 1276; x_wconf 93' lang='lat'><strong>:</strong></span> <span class='ocrx_word' id='word_1_657' title='bbox 1118 1246 1193 1276; x_wconf 78' lang='lat' dir='ltr'><strong>trade</strong></span> <span class='ocrx_word' id='word_1_658' title='bbox 1214 1246 1243 1276; x_wconf 90' lang='lat' dir='ltr'><strong>id</strong></span> <span class='ocrx_word' id='word_1_659' title='bbox 1257 1248 1380 1287; x_wconf 87' lang='lat' dir='ltr'><strong>gentibus</strong></span> <span class='ocrx_word' id='word_1_660' title='bbox 1404 1247 1585 1287; x_wconf 84' lang='lat' dir='ltr'><strong>pauperibus,</strong></span> <span class='ocrx_word' id='word_1_661' title='bbox 1602 1255 1627 1277; x_wconf 88' lang='lat' dir='ltr'><strong>et</strong></span> <span class='ocrx_word' id='word_1_662' title='bbox 1640 1259 1693 1278; x_wconf 91' lang='lat' dir='ltr'><strong>non</strong></span> 
     </span>
     <span class='ocr_line' id='line_1_87' title="bbox 950 1285 1694 1326; baseline 0.004 -12"><span class='ocrx_word' id='word_1_663' title='bbox 950 1285 1110 1316; x_wconf 83' lang='lat' dir='ltr'><strong>habentibus</strong></span> <span class='ocrx_word' id='word_1_664' title='bbox 1121 1287 1251 1326; x_wconf 88' lang='lat' dir='ltr'><strong>templum</strong></span> <span class='ocrx_word' id='word_1_665' title='bbox 1263 1287 1325 1323; x_wconf 89' lang='lat' dir='ltr'><strong>Dei,</strong></span> <span class='ocrx_word' id='word_1_666' title='bbox 1338 1294 1364 1316; x_wconf 90' lang='lat' dir='ltr'><strong>et</strong></span> <span class='ocrx_word' id='word_1_667' title='bbox 1375 1287 1402 1316; x_wconf 90' lang='lat' dir='ltr'><strong>in</strong></span> <span class='ocrx_word' id='word_1_668' title='bbox 1416 1287 1510 1326; x_wconf 88' lang='lat' dir='ltr'><strong>primis</strong></span> <span class='ocrx_word' id='word_1_669' title='bbox 1522 1287 1694 1317; x_wconf 83' lang='lat' dir='ltr'><strong>venientibus</strong></span> 
     </span>
     <span class='ocr_line' id='line_1_88' title="bbox 948 1324 1694 1367; baseline 0.005 -14"><span class='ocrx_word' id='word_1_670' title='bbox 948 1324 982 1353; x_wconf 89' lang='lat' dir='ltr'><strong>ad</strong></span> <span class='ocrx_word' id='word_1_671' title='bbox 996 1326 1158 1365; x_wconf 85' lang='lat' dir='ltr'><strong>agnitionem</strong></span> <span class='ocrx_word' id='word_1_672' title='bbox 1171 1326 1232 1362; x_wconf 79' lang='lat' dir='ltr'><strong>Dei,</strong></span> <span class='ocrx_word' id='word_1_673' title='bbox 1245 1332 1271 1355; x_wconf 90' lang='lat' dir='ltr'><strong>et</strong></span> <span class='ocrx_word' id='word_1_674' title='bbox 1282 1326 1352 1362; x_wconf 83' lang='lat' dir='ltr'><strong>veni,</strong></span> <span class='ocrx_word' id='word_1_675' title='bbox 1365 1336 1476 1365; x_wconf 87' lang='lat' dir='ltr'><strong>sequere</strong></span> <span class='ocrx_word' id='word_1_676' title='bbox 1487 1337 1539 1361; x_wconf 88' lang='lat' dir='ltr'><strong>me,</strong></span> <span class='ocrx_word' id='word_1_677' title='bbox 1556 1334 1586 1356; x_wconf 89' lang='lat' dir='ltr'><strong>ut</strong></span> <span class='ocrx_word' id='word_1_678' title='bbox 1599 1327 1694 1367; x_wconf 86' lang='lat' dir='ltr'><strong>etipse</strong></span> 
     </span>
     <span class='ocr_line' id='line_1_89' title="bbox 948 1364 1694 1406; baseline 0.004 -13"><span class='ocrx_word' id='word_1_679' title='bbox 948 1364 1072 1394; x_wconf 85' lang='lat' dir='ltr'><strong>efficiaris</strong></span> <span class='ocrx_word' id='word_1_680' title='bbox 1098 1366 1229 1405; x_wconf 87' lang='lat' dir='ltr'><strong>templum</strong></span> <span class='ocrx_word' id='word_1_681' title='bbox 1255 1366 1316 1395; x_wconf 88' lang='lat' dir='ltr'><strong>Dei.</strong></span> <span class='ocrx_word' id='word_1_682' title='bbox 1330 1367 1400 1395; x_wconf 89' lang='lat' dir='ltr'><strong>Nam</strong></span> <span class='ocrx_word' id='word_1_683' title='bbox 1426 1366 1643 1406; x_wconf 87' lang='lat' dir='ltr'><strong>imperfectorum</strong></span> <span class='ocrx_word' id='word_1_684' title='bbox 1668 1374 1694 1396; x_wconf 89' lang='lat' dir='ltr'><strong>et</strong></span> 
     </span>
     <span class='ocr_line' id='line_1_90' title="bbox 950 1403 1694 1446; baseline 0.004 -14"><span class='ocrx_word' id='word_1_685' title='bbox 950 1403 1137 1444; x_wconf 88' lang='lat' dir='ltr'><strong>incipientium</strong></span> <span class='ocrx_word' id='word_1_686' title='bbox 1150 1412 1200 1441; x_wconf 85' lang='lat' dir='ltr'><strong>cst,</strong></span> <span class='ocrx_word' id='word_1_687' title='bbox 1214 1405 1311 1434; x_wconf 87' lang='lat' dir='ltr'><strong>babere</strong></span> <span class='ocrx_word' id='word_1_688' title='bbox 1324 1405 1455 1445; x_wconf 86' lang='lat' dir='ltr'><strong>templum</strong></span> <span class='ocrx_word' id='word_1_689' title='bbox 1476 1405 1526 1434; x_wconf 91' lang='lat' dir='ltr'><strong>Dei</strong></span> <span class='ocrx_word' id='word_1_690' title='bbox 1541 1416 1548 1433; x_wconf 73' lang='grc' dir='ltr'><strong><em>ε</em></strong></span> <span class='ocrx_word' id='word_1_691' title='bbox 1563 1406 1694 1446; x_wconf 80' lang='lat' dir='ltr'><strong>perfecto-</strong></span> 
     </span>
    </p>
   </div>
   <div class='ocr_carea' id='block_1_13' title="bbox 158 1444 1693 1486">
    <p class='ocr_par' dir='ltr' id='par_1_15' title="bbox 158 1444 1693 1486">
     <span class='ocr_line' id='line_1_91' title="bbox 158 1444 1693 1486; baseline -0.003 -7"><span class='ocrx_word' id='word_1_692' title='bbox 158 1456 200 1479; x_wconf 64' lang='grc' dir='ltr'><strong>σει</strong></span> <span class='ocrx_word' id='word_1_693' title='bbox 212 1461 221 1479; x_wconf 71' lang='grc' dir='ltr'><strong>ι</strong></span> <span class='ocrx_word' id='word_1_694' title='bbox 234 1448 296 1479; x_wconf 87' lang='lat' dir='ltr'><strong>Scio</strong></span> <span class='ocrx_word' id='word_1_695' title='bbox 319 1446 430 1486; x_wconf 89' lang='lat' dir='ltr'><strong>quidem</strong></span> <span class='ocrx_word' id='word_1_696' title='bbox 451 1445 515 1485; x_wconf 87' lang='lat' dir='ltr'><strong>quia</strong></span> <span class='ocrx_word' id='word_1_697' title='bbox 537 1445 663 1475; x_wconf 86' lang='lat' dir='ltr'><strong>mentitus</strong></span> <span class='ocrx_word' id='word_1_698' title='bbox 684 1455 727 1481; x_wconf 88' lang='lat' dir='ltr'><strong>cs,</strong></span> <span class='ocrx_word' id='word_1_699' title='bbox 743 1451 769 1473; x_wconf 83' lang='lat' dir='ltr'><strong>et</strong></span> <span class='ocrx_word' id='word_1_700' title='bbox 793 1444 898 1474; x_wconf 85' lang='lat' dir='ltr'><strong>interim</strong></span> <span class='ocrx_word' id='word_1_701' title='bbox 915 1451 933 1474; x_wconf 92' lang='lat' dir='ltr'>C</span> <span class='ocrx_word' id='word_1_702' title='bbox 950 1454 1011 1472; x_wconf 89' lang='lat' dir='ltr'><strong>rum</strong></span> <span class='ocrx_word' id='word_1_703' title='bbox 1023 1451 1073 1480; x_wconf 85' lang='lat' dir='ltr'><strong>est,</strong></span> <span class='ocrx_word' id='word_1_704' title='bbox 1084 1451 1135 1474; x_wconf 89' lang='lat' dir='ltr'><strong>tem</strong></span> <span class='ocrx_word' id='word_1_705' title='bbox 1157 1445 1214 1473; x_wconf 90' lang='lat' dir='ltr'><strong>lum</strong></span> <span class='ocrx_word' id='word_1_706' title='bbox 1226 1444 1275 1473; x_wconf 89' lang='lat' dir='ltr'><strong>Dei</strong></span> <span class='ocrx_word' id='word_1_707' title='bbox 1290 1455 1355 1473; x_wconf 83' lang='lat' dir='ltr'><strong>esse.</strong></span> <span class='ocrx_word' id='word_1_708' title='bbox 1366 1444 1487 1474; x_wconf 85' lang='lat' dir='ltr'><strong>Possidcs</strong></span> <span class='ocrx_word' id='word_1_709' title='bbox 1498 1444 1584 1483; x_wconf 84' lang='lat' dir='ltr'><strong>legem</strong></span> <span class='ocrx_word' id='word_1_710' title='bbox 1596 1458 1604 1474; x_wconf 73' lang='grc' dir='ltr'><strong>ε</strong></span> <span class='ocrx_word' id='word_1_711' title='bbox 1617 1446 1693 1475; x_wconf 86' lang='lat' dir='ltr'><strong>trade</strong></span> 
     </span>
    </p>
   </div>
   <div class='ocr_carea' id='block_1_14' title="bbox 949 1483 1841 1838">
    <p class='ocr_par' dir='ltr' id='par_1_16' title="bbox 949 1483 1841 1838">
     <span class='ocr_line' id='line_1_92' title="bbox 949 1483 1693 1523; baseline 0.003 -11"><span class='ocrx_word' id='word_1_712' title='bbox 949 1493 1006 1512; x_wconf 88' lang='lat' dir='ltr'><strong>eam</strong></span> <span class='ocrx_word' id='word_1_713' title='bbox 1027 1484 1139 1523; x_wconf 87' lang='lat' dir='ltr'><strong>pauperi</strong></span> <span class='ocrx_word' id='word_1_714' title='bbox 1161 1494 1192 1512; x_wconf 92' lang='lat' dir='ltr'><strong>us</strong></span> <span class='ocrx_word' id='word_1_715' title='bbox 1212 1484 1346 1522; x_wconf 86' lang='lat' dir='ltr'><strong>gentibus,</strong></span> <span class='ocrx_word' id='word_1_716' title='bbox 1361 1490 1387 1512; x_wconf 90' lang='lat' dir='ltr'><strong>et</strong></span> <span class='ocrx_word' id='word_1_717' title='bbox 1406 1493 1458 1512; x_wconf 91' lang='lat' dir='ltr'><strong>non</strong></span> <span class='ocrx_word' id='word_1_718' title='bbox 1478 1483 1693 1514; x_wconf 24' lang='lat' dir='ltr'><strong>habentibussle-</strong></span> 
     </span>
     <span class='ocr_line' id='line_1_93' title="bbox 949 1522 1692 1562; baseline 0.004 -12"><span class='ocrx_word' id='word_1_719' title='bbox 949 1532 1008 1561; x_wconf 82' lang='lat' dir='ltr'><strong>gem</strong></span> <span class='ocrx_word' id='word_1_720' title='bbox 1023 1534 1029 1550; x_wconf 91' lang='lat'>:</span> <span class='ocrx_word' id='word_1_721' title='bbox 1044 1529 1072 1551; x_wconf 89' lang='lat' dir='ltr'><strong>tu</strong></span> <span class='ocrx_word' id='word_1_722' title='bbox 1089 1530 1176 1551; x_wconf 87' lang='lat' dir='ltr'><strong>autem</strong></span> <span class='ocrx_word' id='word_1_723' title='bbox 1190 1522 1251 1552; x_wconf 90' lang='lat' dir='ltr'><strong>veni</strong></span> <span class='ocrx_word' id='word_1_724' title='bbox 1262 1544 1269 1558; x_wconf 91' lang='lat'>‚</span> <span class='ocrx_word' id='word_1_725' title='bbox 1284 1532 1394 1560; x_wconf 87' lang='lat' dir='ltr'><strong>sequere</strong></span> <span class='ocrx_word' id='word_1_726' title='bbox 1413 1533 1466 1558; x_wconf 88' lang='lat' dir='ltr'><strong>me,</strong></span> <span class='ocrx_word' id='word_1_727' title='bbox 1481 1529 1506 1551; x_wconf 90' lang='lat' dir='ltr'><strong>et</strong></span> <span class='ocrx_word' id='word_1_728' title='bbox 1522 1523 1574 1551; x_wconf 89' lang='lat' dir='ltr'><strong>eris</strong></span> <span class='ocrx_word' id='word_1_729' title='bbox 1588 1524 1614 1551; x_wconf 92' lang='lat' dir='ltr'><strong>in</strong></span> <span class='ocrx_word' id='word_1_730' title='bbox 1629 1534 1692 1562; x_wconf 84' lang='lat' dir='ltr'><strong>gra-</strong></span> 
     </span>
     <span class='ocr_line' id='line_1_94' title="bbox 949 1561 1692 1601; baseline 0.004 -12"><span class='ocrx_word' id='word_1_731' title='bbox 949 1561 986 1589; x_wconf 91' lang='lat' dir='ltr'><strong>tia</strong></span> <span class='ocrx_word' id='word_1_732' title='bbox 995 1583 1002 1596; x_wconf 90' lang='lat'><strong>,</strong></span> <span class='ocrx_word' id='word_1_733' title='bbox 1017 1561 1102 1597; x_wconf 85' lang='lat' dir='ltr'><strong>sciens</strong></span> <span class='ocrx_word' id='word_1_734' title='bbox 1126 1561 1189 1600; x_wconf 89' lang='lat' dir='ltr'><strong>quia</strong></span> <span class='ocrx_word' id='word_1_735' title='bbox 1212 1561 1258 1590; x_wconf 78' lang='lat' dir='ltr'><strong>lex</strong></span> <span class='ocrx_word' id='word_1_736' title='bbox 1282 1571 1334 1590; x_wconf 88' lang='lat' dir='ltr'><strong>non</strong></span> <span class='ocrx_word' id='word_1_737' title='bbox 1360 1568 1399 1590; x_wconf 90' lang='lat' dir='ltr'><strong>est</strong></span> <span class='ocrx_word' id='word_1_738' title='bbox 1425 1561 1511 1600; x_wconf 85' lang='lat' dir='ltr'><strong>posita</strong></span> <span class='ocrx_word' id='word_1_739' title='bbox 1532 1562 1629 1601; x_wconf 86' lang='lat' dir='ltr'><strong>justis,</strong></span> <span class='ocrx_word' id='word_1_740' title='bbox 1645 1563 1692 1592; x_wconf 92' lang='lat' dir='ltr'><strong>sed</strong></span> 
     </span>
     <span class='ocr_line' id='line_1_95' title="bbox 949 1600 1692 1640; baseline 0.003 -11"><span class='ocrx_word' id='word_1_741' title='bbox 949 1600 1040 1640; x_wconf 88' lang='lat' dir='ltr'><strong>impiis</strong></span> <span class='ocrx_word' id='word_1_742' title='bbox 1051 1601 1235 1640; x_wconf 87' lang='lat' dir='ltr'><strong>peccatoribus</strong></span> <span class='ocrx_word' id='word_1_743' title='bbox 1248 1613 1255 1629; x_wconf 70' lang='lat' dir='ltr'><em>z</em></span> <span class='ocrx_word' id='word_1_744' title='bbox 1271 1600 1355 1639; x_wconf 86' lang='lat' dir='ltr'><strong>gratia</strong></span> <span class='ocrx_word' id='word_1_745' title='bbox 1369 1607 1458 1629; x_wconf 85' lang='lat' dir='ltr'><strong>autem</strong></span> <span class='ocrx_word' id='word_1_746' title='bbox 1470 1601 1638 1640; x_wconf 76' lang='lat' dir='ltr'><strong>perfectionis</strong></span> <span class='ocrx_word' id='word_1_747' title='bbox 1652 1610 1692 1631; x_wconf 88' lang='lat' dir='ltr'><strong>est</strong></span> 
     </span>
     <span class='ocr_line' id='line_1_96' title="bbox 949 1639 1691 1679; baseline 0.004 -11"><span class='ocrx_word' id='word_1_748' title='bbox 949 1640 1101 1679; x_wconf 85' lang='lat' dir='ltr'><strong>praemium.</strong></span> <span class='ocrx_word' id='word_1_749' title='bbox 1117 1639 1240 1669; x_wconf 88' lang='lat' dir='ltr'><strong>Possides</strong></span> <span class='ocrx_word' id='word_1_750' title='bbox 1262 1640 1328 1678; x_wconf 87' lang='lat' dir='ltr'><strong>legis</strong></span> <span class='ocrx_word' id='word_1_751' title='bbox 1350 1639 1456 1669; x_wconf 83' lang='lat' dir='ltr'><strong>diversa</strong></span> <span class='ocrx_word' id='word_1_752' title='bbox 1481 1640 1624 1670; x_wconf 85' lang='lat' dir='ltr'><strong>mandata:</strong></span> <span class='ocrx_word' id='word_1_753' title='bbox 1643 1649 1691 1671; x_wconf 89' lang='lat' dir='ltr'><strong>ut-</strong></span> 
     </span>
     <span class='ocr_line' id='line_1_97' title="bbox 949 1678 1840 1719; baseline 0.003 -11"><span class='ocrx_word' id='word_1_754' title='bbox 949 1678 1026 1719; x_wconf 71' lang='lat' dir='ltr'><strong>puta&#39;,</strong></span> <span class='ocrx_word' id='word_1_755' title='bbox 1039 1679 1121 1708; x_wconf 88' lang='lat' dir='ltr'><strong>habes</strong></span> <span class='ocrx_word' id='word_1_756' title='bbox 1135 1679 1186 1708; x_wconf 88' lang='lat' dir='ltr'><strong>hoc</strong></span> <span class='ocrx_word' id='word_1_757' title='bbox 1200 1678 1355 1708; x_wconf 89' lang='lat' dir='ltr'><strong>mandatum</strong></span> <span class='ocrx_word' id='word_1_758' title='bbox 1368 1691 1374 1707; x_wconf 73' lang='grc' dir='ltr'><strong>ι</strong></span> <span class='ocrx_word' id='word_1_759' title='bbox 1392 1679 1488 1713; x_wconf 75' lang='lat' dir='ltr'><strong>Audi.</strong></span> <span class='ocrx_word' id='word_1_760' title='bbox 1504 1681 1610 1716; x_wconf 68' lang='lat' dir='ltr'><strong>Israel,</strong></span> <span class='ocrx_word' id='word_1_761' title='bbox 1627 1681 1688 1710; x_wconf 77' lang='lat' dir='ltr'><strong>Do·</strong></span> <span class='ocrx_word' id='word_1_762' title='bbox 1701 1689 1771 1711; x_wconf 73' lang='lat' dir='ltr'><strong>Dent.</strong></span> <span class='ocrx_word' id='word_1_763' title='bbox 1781 1688 1804 1711; x_wconf 88' lang='lat'><strong>6.</strong></span> <span class='ocrx_word' id='word_1_764' title='bbox 1816 1690 1840 1718; x_wconf 68' lang='grc'><strong>4.</strong></span> 
     </span>
     <span class='ocr_line' id='line_1_98' title="bbox 950 1718 1690 1759; baseline 0.003 -12"><span class='ocrx_word' id='word_1_765' title='bbox 950 1720 1045 1748; x_wconf 85' lang='lat' dir='ltr'><strong>minus</strong></span> <span class='ocrx_word' id='word_1_766' title='bbox 1057 1719 1136 1747; x_wconf 83' lang='lat' dir='ltr'><strong>Deus</strong></span> <span class='ocrx_word' id='word_1_767' title='bbox 1147 1725 1223 1754; x_wconf 79' lang='lat' dir='ltr'><strong>tuus,</strong></span> <span class='ocrx_word' id='word_1_768' title='bbox 1234 1719 1314 1747; x_wconf 82' lang='lat' dir='ltr'><strong>Deus</strong></span> <span class='ocrx_word' id='word_1_769' title='bbox 1326 1729 1400 1748; x_wconf 83' lang='lat' dir='ltr'><strong>unus</strong></span> <span class='ocrx_word' id='word_1_770' title='bbox 1415 1725 1457 1747; x_wconf 83' lang='lat' dir='ltr'><strong>est</strong></span> <span class='ocrx_word' id='word_1_771' title='bbox 1471 1730 1478 1747; x_wconf 72' lang='grc' dir='ltr'><strong><em>ε</em></strong></span> <span class='ocrx_word' id='word_1_772' title='bbox 1492 1718 1567 1748; x_wconf 89' lang='lat' dir='ltr'><strong>trade</strong></span> <span class='ocrx_word' id='word_1_773' title='bbox 1580 1731 1609 1748; x_wconf 86' lang='lat' dir='ltr'><strong>ea</strong></span> <span class='ocrx_word' id='word_1_774' title='bbox 1623 1731 1690 1759; x_wconf 87' lang='lat' dir='ltr'><strong>pau-</strong></span> 
     </span>
     <span class='ocr_line' id='line_1_99' title="bbox 950 1758 1687 1797; baseline 0.003 -11"><span class='ocrx_word' id='word_1_775' title='bbox 950 1758 1060 1797; x_wconf 91' lang='lat' dir='ltr'><strong>peribus</strong></span> <span class='ocrx_word' id='word_1_776' title='bbox 1074 1758 1207 1796; x_wconf 79' lang='lat' dir='ltr'><strong>gentibus,</strong></span> <span class='ocrx_word' id='word_1_777' title='bbox 1223 1768 1275 1786; x_wconf 92' lang='lat' dir='ltr'><strong>non</strong></span> <span class='ocrx_word' id='word_1_778' title='bbox 1297 1758 1458 1787; x_wconf 83' lang='lat' dir='ltr'><strong>habentibus</strong></span> <span class='ocrx_word' id='word_1_779' title='bbox 1482 1768 1566 1787; x_wconf 91' lang='lat' dir='ltr'><strong>unum</strong></span> <span class='ocrx_word' id='word_1_780' title='bbox 1590 1760 1687 1788; x_wconf 87' lang='lat' dir='ltr'><strong>Deum.</strong></span> 
     </span>
     <span class='ocr_line' id='line_1_100' title="bbox 951 1797 1841 1838; baseline 0.006 -13"><span class='ocrx_word' id='word_1_781' title='bbox 951 1797 1052 1834; x_wconf 88' lang='lat' dir='ltr'><strong>Habes,</strong></span> <span class='ocrx_word' id='word_1_782' title='bbox 1068 1798 1135 1827; x_wconf 85' lang='lat' dir='ltr'><strong>Non</strong></span> <span class='ocrx_word' id='word_1_783' title='bbox 1138 1798 1237 1838; x_wconf 81' lang='lat' dir='ltr'><strong>facies</strong></span> <span class='ocrx_word' id='word_1_784' title='bbox 1252 1797 1362 1826; x_wconf 78' lang='lat' dir='ltr'><strong>idolum</strong></span> <span class='ocrx_word' id='word_1_785' title='bbox 1377 1810 1385 1826; x_wconf 90' lang='lat'><strong>.·</strong></span> <span class='ocrx_word' id='word_1_786' title='bbox 1402 1797 1476 1827; x_wconf 85' lang='lat' dir='ltr'><strong>trade</strong></span> <span class='ocrx_word' id='word_1_787' title='bbox 1495 1797 1544 1827; x_wconf 89' lang='lat' dir='ltr'><strong>hoc</strong></span> <span class='ocrx_word' id='word_1_788' title='bbox 1563 1799 1841 1838; x_wconf 74' lang='lat' dir='ltr'><strong>pauperi-Levit.26.1.</strong></span> 
     </span>
    </p>
   </div>
   <div class='ocr_carea' id='block_1_15' title="bbox 926 1836 1690 1915">
    <p class='ocr_par' dir='ltr' id='par_1_17' title="bbox 926 1836 1690 1915">
     <span class='ocr_line' id='line_1_101' title="bbox 926 1836 1690 1877; baseline 0.001 -11"><span class='ocrx_word' id='word_1_789' title='bbox 926 1836 1001 1866; x_wconf 82' lang='lat' dir='ltr'><strong>&#39;bus</strong></span> <span class='ocrx_word' id='word_1_790' title='bbox 1025 1837 1162 1876; x_wconf 86' lang='lat' dir='ltr'><strong>gentibus,</strong></span> <span class='ocrx_word' id='word_1_791' title='bbox 1188 1843 1214 1866; x_wconf 88' lang='lat' dir='ltr'><strong>et</strong></span> <span class='ocrx_word' id='word_1_792' title='bbox 1237 1847 1283 1877; x_wconf 87' lang='lat' dir='ltr'><strong>per</strong></span> <span class='ocrx_word' id='word_1_793' title='bbox 1309 1837 1484 1876; x_wconf 79' lang='lat' dir='ltr'><strong>ignorantiam</strong></span> <span class='ocrx_word' id='word_1_794' title='bbox 1509 1837 1582 1866; x_wconf 87' lang='lat' dir='ltr'><strong>idola</strong></span> <span class='ocrx_word' id='word_1_795' title='bbox 1605 1838 1690 1868; x_wconf 87' lang='lat' dir='ltr'><strong>multa</strong></span> 
     </span>
     <span class='ocr_line' id='line_1_102' title="bbox 931 1875 1688 1915; baseline 0.003 -10"><span class='ocrx_word' id='word_1_796' title='bbox 931 1887 934 1889; x_wconf 94' lang='lat'>·</span> <span class='ocrx_word' id='word_1_797' title='bbox 950 1875 1116 1914; x_wconf 83' lang='lat' dir='ltr'><strong>colentibus;</strong></span> <span class='ocrx_word' id='word_1_798' title='bbox 1129 1883 1158 1906; x_wconf 89' lang='lat' dir='ltr'><strong>tu</strong></span> <span class='ocrx_word' id='word_1_799' title='bbox 1172 1883 1260 1905; x_wconf 88' lang='lat' dir='ltr'><strong>autem</strong></span> <span class='ocrx_word' id='word_1_800' title='bbox 1271 1887 1381 1915; x_wconf 83' lang='lat' dir='ltr'><strong>sequere</strong></span> <span class='ocrx_word' id='word_1_801' title='bbox 1393 1887 1443 1912; x_wconf 85' lang='lat' dir='ltr'><strong>me,</strong></span> <span class='ocrx_word' id='word_1_802' title='bbox 1455 1883 1485 1905; x_wconf 92' lang='lat' dir='ltr'><strong>ut</strong></span> <span class='ocrx_word' id='word_1_803' title='bbox 1494 1877 1593 1906; x_wconf 87' lang='lat' dir='ltr'><strong>habeas</strong></span> <span class='ocrx_word' id='word_1_804' title='bbox 1605 1877 1688 1907; x_wconf 86' lang='lat' dir='ltr'><strong>vitam</strong></span> 
     </span>
    </p>
   </div>
   <div class='ocr_carea' id='block_1_16' title="bbox 944 1916 1839 2545">
    <p class='ocr_par' dir='ltr' id='par_1_18' title="bbox 948 1916 1839 1995">
     <span class='ocr_line' id='line_1_103' title="bbox 948 1916 1839 1955; baseline 0 -11"><span class='ocrx_word' id='word_1_805' title='bbox 948 1922 1083 1944; x_wconf 85' lang='lat' dir='ltr'><strong>aeternam.</strong></span> <span class='ocrx_word' id='word_1_806' title='bbox 1096 1917 1158 1946; x_wconf 83' lang='lat' dir='ltr'><strong>Haec</strong></span> <span class='ocrx_word' id='word_1_807' title='bbox 1167 1922 1207 1945; x_wconf 90' lang='lat' dir='ltr'><strong>est</strong></span> <span class='ocrx_word' id='word_1_808' title='bbox 1217 1923 1304 1945; x_wconf 86' lang='lat' dir='ltr'><strong>autem</strong></span> <span class='ocrx_word' id='word_1_809' title='bbox 1315 1916 1370 1945; x_wconf 84' lang='lat' dir='ltr'><strong>vita</strong></span> <span class='ocrx_word' id='word_1_810' title='bbox 1382 1923 1487 1951; x_wconf 76' lang='lat' dir='ltr'><strong>aeterna,</strong></span> <span class='ocrx_word' id='word_1_811' title='bbox 1504 1923 1533 1945; x_wconf 93' lang='lat' dir='ltr'><strong>ut</strong></span> <span class='ocrx_word' id='word_1_812' title='bbox 1546 1926 1688 1955; x_wconf 87' lang='lat' dir='ltr'><strong>cognoscas</strong></span> <span class='ocrx_word' id='word_1_813' title='bbox 1698 1921 1839 1950; x_wconf 69' lang='lat' dir='ltr'><strong>loon-¹73.</strong></span> 
     </span>
     <span class='ocr_line' id='line_1_104' title="bbox 949 1955 1688 1995; baseline 0.003 -12"><span class='ocrx_word' id='word_1_814' title='bbox 949 1965 1032 1984; x_wconf 91' lang='lat' dir='ltr'><strong>unum</strong></span> <span class='ocrx_word' id='word_1_815' title='bbox 1055 1956 1143 1984; x_wconf 88' lang='lat' dir='ltr'><strong>Deum</strong></span> <span class='ocrx_word' id='word_1_816' title='bbox 1166 1966 1270 1991; x_wconf 82' lang='lat' dir='ltr'><strong>verum,</strong></span> <span class='ocrx_word' id='word_1_817' title='bbox 1286 1962 1312 1984; x_wconf 89' lang='lat' dir='ltr'><strong>et</strong></span> <span class='ocrx_word' id='word_1_818' title='bbox 1325 1956 1417 1985; x_wconf 88' lang='lat' dir='ltr'><strong>Jesum</strong></span> <span class='ocrx_word' id='word_1_819' title='bbox 1441 1955 1594 1992; x_wconf 85' lang='lat' dir='ltr'><strong>Christum,</strong></span> <span class='ocrx_word' id='word_1_820' title='bbox 1608 1967 1688 1995; x_wconf 88' lang='lat' dir='ltr'><strong>quem</strong></span> 
     </span>
    </p>

    <p class='ocr_par' dir='ltr' id='par_1_19' title="bbox 948 1994 1823 2074">
     <span class='ocr_line' id='line_1_105' title="bbox 948 1994 1823 2035; baseline 0.001 -12"><span class='ocrx_word' id='word_1_821' title='bbox 948 1994 1031 2023; x_wconf 87' lang='lat' dir='ltr'><strong>misit.</strong></span> <span class='ocrx_word' id='word_1_822' title='bbox 1044 1994 1149 2031; x_wconf 83' lang='lat' dir='ltr'><strong>Habes,</strong></span> <span class='ocrx_word' id='word_1_823' title='bbox 1161 1995 1230 2023; x_wconf 89' lang='lat' dir='ltr'><strong>Non</strong></span> <span class='ocrx_word' id='word_1_824' title='bbox 1250 1995 1363 2024; x_wconf 82' lang='lat' dir='ltr'><strong>occides</strong></span> <span class='ocrx_word' id='word_1_825' title='bbox 1379 1994 1472 2024; x_wconf 77' lang='lat' dir='ltr'><strong>:trade</strong></span> <span class='ocrx_word' id='word_1_826' title='bbox 1492 1995 1544 2024; x_wconf 90' lang='lat' dir='ltr'><strong>hoc</strong></span> <span class='ocrx_word' id='word_1_827' title='bbox 1565 1996 1688 2035; x_wconf 80' lang='lat' dir='ltr'><strong>gentibus</strong></span> <span class='ocrx_word' id='word_1_828' title='bbox 1699 2002 1823 2025; x_wconf 75' lang='lat' dir='ltr'><strong>E.r0‹1.20.</strong></span> 
     </span>
     <span class='ocr_line' id='line_1_106' title="bbox 949 2033 1736 2074; baseline 0.003 -12"><span class='ocrx_word' id='word_1_829' title='bbox 949 2033 1094 2062; x_wconf 82' lang='lat' dir='ltr'><strong>homicidia</strong></span> <span class='ocrx_word' id='word_1_830' title='bbox 1117 2033 1201 2063; x_wconf 89' lang='lat' dir='ltr'><strong>multa</strong></span> <span class='ocrx_word' id='word_1_831' title='bbox 1224 2034 1381 2063; x_wconf 84' lang='lat' dir='ltr'><strong>facientibus</strong></span> <span class='ocrx_word' id='word_1_832' title='bbox 1397 2047 1402 2063; x_wconf 90' lang='lat'>:</span> <span class='ocrx_word' id='word_1_833' title='bbox 1419 2041 1448 2063; x_wconf 93' lang='lat' dir='ltr'><strong>tu</strong></span> <span class='ocrx_word' id='word_1_834' title='bbox 1473 2041 1561 2064; x_wconf 88' lang='lat' dir='ltr'><strong>autem</strong></span> <span class='ocrx_word' id='word_1_835' title='bbox 1579 2045 1688 2074; x_wconf 86' lang='lat' dir='ltr'><strong>sequere</strong></span> <span class='ocrx_word' id='word_1_836' title='bbox 1702 2034 1736 2055; x_wconf 83' lang='lat'><strong>¹3·</strong></span> 
     </span>
    </p>

    <p class='ocr_par' dir='ltr' id='par_1_20' title="bbox 945 2072 1838 2427">
     <span class='ocr_line' id='line_1_107' title="bbox 947 2072 1838 2109; baseline 0.002 -8"><span class='ocrx_word' id='word_1_837' title='bbox 947 2083 999 2109; x_wconf 89' lang='lat' dir='ltr'><strong>me,</strong></span> <span class='ocrx_word' id='word_1_838' title='bbox 1009 2080 1038 2102; x_wconf 89' lang='lat' dir='ltr'><strong>ut</strong></span> <span class='ocrx_word' id='word_1_839' title='bbox 1048 2083 1099 2101; x_wconf 90' lang='lat' dir='ltr'><strong>non</strong></span> <span class='ocrx_word' id='word_1_840' title='bbox 1109 2072 1237 2103; x_wconf 86' lang='lat' dir='ltr'><strong>irascaris.</strong></span> <span class='ocrx_word' id='word_1_841' title='bbox 1254 2074 1353 2107; x_wconf 80' lang='lat' dir='ltr'><strong>Habes.</strong></span> <span class='ocrx_word' id='word_1_842' title='bbox 1361 2075 1405 2103; x_wconf 80' lang='lat' dir='ltr'><strong>Ne</strong></span> <span class='ocrx_word' id='word_1_843' title='bbox 1414 2074 1587 2103; x_wconf 78' lang='lat' dir='ltr'><strong>adultereris</strong></span> <span class='ocrx_word' id='word_1_844' title='bbox 1597 2074 1687 2103; x_wconf 84' lang='lat' dir='ltr'><strong>:trade</strong></span> <span class='ocrx_word' id='word_1_845' title='bbox 1699 2077 1775 2097; x_wconf 60' lang='grc' dir='ltr'><strong>ΕΜΔ·</strong></span> <span class='ocrx_word' id='word_1_846' title='bbox 1799 2083 1838 2098; x_wconf 82' lang='lat'><strong>2⁰·</strong></span> 
     </span>
     <span class='ocr_line' id='line_1_108' title="bbox 946 2107 1837 2157; baseline 0.001 -17"><span class='ocrx_word' id='word_1_847' title='bbox 946 2111 997 2142; x_wconf 91' lang='lat' dir='ltr'><strong>hoc</strong></span> <span class='ocrx_word' id='word_1_848' title='bbox 1012 2112 1135 2151; x_wconf 71' lang='lat' dir='ltr'><strong>gentibus</strong></span> <span class='ocrx_word' id='word_1_849' title='bbox 1146 2112 1266 2149; x_wconf 86' lang='lat' dir='ltr'><strong>lascivis,</strong></span> <span class='ocrx_word' id='word_1_850' title='bbox 1283 2120 1312 2142; x_wconf 90' lang='lat' dir='ltr'><strong>ut</strong></span> <span class='ocrx_word' id='word_1_851' title='bbox 1333 2113 1437 2143; x_wconf 87' lang='lat' dir='ltr'><strong>discant</strong></span> <span class='ocrx_word' id='word_1_852' title='bbox 1451 2124 1502 2142; x_wconf 91' lang='lat' dir='ltr'><strong>non</strong></span> <span class='ocrx_word' id='word_1_853' title='bbox 1516 2114 1663 2143; x_wconf 83' lang='lat' dir='ltr'><strong>adulterari</strong></span> <span class='ocrx_word' id='word_1_854' title='bbox 1679 2126 1685 2142; x_wconf 91' lang='lat'>:</span> <span class='ocrx_word' id='word_1_855' title='bbox 1698 2107 1837 2157; x_wconf 49' lang='lat' dir='ltr'><strong>fflf‘mm&#39;</strong></span> 
     </span>
     <span class='ocr_line' id='line_1_109' title="bbox 946 2144 1770 2192; baseline 0.002 -13"><span class='ocrx_word' id='word_1_856' title='bbox 946 2158 975 2180; x_wconf 90' lang='lat' dir='ltr'><strong>tu</strong></span> <span class='ocrx_word' id='word_1_857' title='bbox 989 2158 1077 2180; x_wconf 88' lang='lat' dir='ltr'><strong>autem</strong></span> <span class='ocrx_word' id='word_1_858' title='bbox 1089 2162 1198 2190; x_wconf 82' lang='lat' dir='ltr'><strong>sequere</strong></span> <span class='ocrx_word' id='word_1_859' title='bbox 1219 2162 1275 2188; x_wconf 89' lang='lat' dir='ltr'><strong>me,</strong></span> <span class='ocrx_word' id='word_1_860' title='bbox 1290 2159 1320 2182; x_wconf 89' lang='lat' dir='ltr'><strong>ut</strong></span> <span class='ocrx_word' id='word_1_861' title='bbox 1332 2163 1365 2182; x_wconf 90' lang='lat' dir='ltr'><strong>ne</strong></span> <span class='ocrx_word' id='word_1_862' title='bbox 1384 2153 1569 2192; x_wconf 81' lang='lat' dir='ltr'><strong>concupiscas.</strong></span> <span class='ocrx_word' id='word_1_863' title='bbox 1587 2153 1684 2187; x_wconf 84' lang='lat' dir='ltr'><strong>Habes,</strong></span> <span class='ocrx_word' id='word_1_864' title='bbox 1715 2153 1720 2157; x_wconf 85' lang='lat'>&#39;</span> <span class='ocrx_word' id='word_1_865' title='bbox 1748 2144 1770 2166; x_wconf 88' lang='lat'><strong>7&#39;</strong></span> 
     </span>
     <span class='ocr_line' id='line_1_110' title="bbox 945 2191 1821 2231; baseline 0 -12"><span class='ocrx_word' id='word_1_866' title='bbox 945 2191 1014 2220; x_wconf 88' lang='lat' dir='ltr'><strong>Non</strong></span> <span class='ocrx_word' id='word_1_867' title='bbox 1025 2193 1187 2230; x_wconf 78' lang='lat' dir='ltr'><strong>perjurabis</strong></span> <span class='ocrx_word' id='word_1_868' title='bbox 1202 2203 1209 2220; x_wconf 89' lang='lat'>:</span> <span class='ocrx_word' id='word_1_869' title='bbox 1226 2191 1300 2221; x_wconf 86' lang='lat' dir='ltr'><strong>trade</strong></span> <span class='ocrx_word' id='word_1_870' title='bbox 1313 2192 1365 2221; x_wconf 91' lang='lat' dir='ltr'><strong>hoc</strong></span> <span class='ocrx_word' id='word_1_871' title='bbox 1383 2192 1522 2231; x_wconf 84' lang='lat' dir='ltr'><strong>gentibus,</strong></span> <span class='ocrx_word' id='word_1_872' title='bbox 1544 2199 1572 2221; x_wconf 88' lang='lat' dir='ltr'><strong>ut</strong></span> <span class='ocrx_word' id='word_1_873' title='bbox 1585 2191 1687 2220; x_wconf 86' lang='lat' dir='ltr'><strong>discant</strong></span> <span class='ocrx_word' id='word_1_874' title='bbox 1696 2193 1767 2213; x_wconf 63' lang='lat' dir='ltr'><strong>Lean.</strong></span> <span class='ocrx_word' id='word_1_875' title='bbox 1785 2198 1821 2222; x_wconf 78' lang='lat'><strong>¹9·</strong></span> 
     </span>
     <span class='ocr_line' id='line_1_111' title="bbox 946 2230 1733 2270; baseline 0 -12"><span class='ocrx_word' id='word_1_876' title='bbox 946 2240 997 2259; x_wconf 91' lang='lat' dir='ltr'><strong>non</strong></span> <span class='ocrx_word' id='word_1_877' title='bbox 1011 2231 1148 2270; x_wconf 87' lang='lat' dir='ltr'><strong>perjurare</strong></span> <span class='ocrx_word' id='word_1_878' title='bbox 1158 2243 1166 2261; x_wconf 73' lang='grc' dir='ltr'><strong>ι</strong></span> <span class='ocrx_word' id='word_1_879' title='bbox 1176 2237 1206 2259; x_wconf 85' lang='grc' dir='ltr'><strong>ιιι</strong></span> <span class='ocrx_word' id='word_1_880' title='bbox 1216 2238 1305 2260; x_wconf 89' lang='lat' dir='ltr'><strong>autem</strong></span> <span class='ocrx_word' id='word_1_881' title='bbox 1316 2242 1423 2270; x_wconf 89' lang='lat' dir='ltr'><strong>sequere</strong></span> <span class='ocrx_word' id='word_1_882' title='bbox 1434 2242 1486 2266; x_wconf 88' lang='lat' dir='ltr'><strong>me,</strong></span> <span class='ocrx_word' id='word_1_883' title='bbox 1500 2238 1528 2259; x_wconf 90' lang='lat' dir='ltr'><strong>ut</strong></span> <span class='ocrx_word' id='word_1_884' title='bbox 1539 2241 1591 2259; x_wconf 93' lang='lat' dir='ltr'><strong>non</strong></span> <span class='ocrx_word' id='word_1_885' title='bbox 1599 2231 1683 2269; x_wconf 86' lang='lat' dir='ltr'><strong>jures.</strong></span> <span class='ocrx_word' id='word_1_886' title='bbox 1699 2230 1733 2245; x_wconf 83' lang='lat'><strong>¹²·</strong></span> 
     </span>
     <span class='ocr_line' id='line_1_112' title="bbox 946 2266 1824 2315; baseline -0.003 -17"><span class='ocrx_word' id='word_1_887' title='bbox 946 2270 1044 2306; x_wconf 80' lang='lat' dir='ltr'><strong>Habes,</strong></span> <span class='ocrx_word' id='word_1_888' title='bbox 1062 2270 1185 2300; x_wconf 82' lang='lat' dir='ltr'><strong>Oculum</strong></span> <span class='ocrx_word' id='word_1_889' title='bbox 1198 2280 1250 2309; x_wconf 85' lang='lat' dir='ltr'><strong>pro</strong></span> <span class='ocrx_word' id='word_1_890' title='bbox 1266 2271 1350 2299; x_wconf 78' lang='lat' dir='ltr'><strong>oculo</strong></span> <span class='ocrx_word' id='word_1_891' title='bbox 1359 2293 1366 2303; x_wconf 90' lang='lat'><strong>,</strong></span> <span class='ocrx_word' id='word_1_892' title='bbox 1381 2271 1497 2298; x_wconf 73' lang='lat' dir='ltr'><strong>dentem</strong></span> <span class='ocrx_word' id='word_1_893' title='bbox 1508 2280 1561 2309; x_wconf 85' lang='lat' dir='ltr'><strong>pro</strong></span> <span class='ocrx_word' id='word_1_894' title='bbox 1576 2270 1660 2312; x_wconf 72' lang='lat' dir='ltr'><strong>dente</strong></span> <span class='ocrx_word' id='word_1_895' title='bbox 1675 2281 1683 2296; x_wconf 92' lang='grc'><strong>.·</strong></span> <span class='ocrx_word' id='word_1_896' title='bbox 1696 2266 1773 2315; x_wconf 55' lang='grc' dir='ltr'><strong>ξῖῡά·</strong></span> <span class='ocrx_word' id='word_1_897' title='bbox 1786 2274 1824 2290; x_wconf 84' lang='lat'><strong>²¹·</strong></span> 
     </span>
     <span class='ocr_line' id='line_1_113' title="bbox 947 2304 1742 2350; baseline -0.003 -13"><span class='ocrx_word' id='word_1_898' title='bbox 947 2308 1020 2338; x_wconf 84' lang='lat' dir='ltr'><strong>trade</strong></span> <span class='ocrx_word' id='word_1_899' title='bbox 1040 2309 1091 2338; x_wconf 92' lang='lat' dir='ltr'><strong>hoc</strong></span> <span class='ocrx_word' id='word_1_900' title='bbox 1114 2310 1253 2349; x_wconf 75' lang='lat' dir='ltr'><strong>gentibus,</strong></span> <span class='ocrx_word' id='word_1_901' title='bbox 1267 2317 1297 2339; x_wconf 88' lang='lat' dir='ltr'><strong>ut</strong></span> <span class='ocrx_word' id='word_1_902' title='bbox 1319 2309 1387 2338; x_wconf 84' lang='lat' dir='ltr'><strong>nihil</strong></span> <span class='ocrx_word' id='word_1_903' title='bbox 1408 2309 1471 2337; x_wconf 88' lang='lat' dir='ltr'><strong>mali</strong></span> <span class='ocrx_word' id='word_1_904' title='bbox 1493 2309 1621 2347; x_wconf 76' lang='lat' dir='ltr'><strong>patientes</strong></span> <span class='ocrx_word' id='word_1_905' title='bbox 1643 2317 1685 2335; x_wconf 83' lang='grc' dir='ltr'><strong>ιιι-</strong></span> <span class='ocrx_word' id='word_1_906' title='bbox 1695 2304 1742 2350; x_wconf 44' lang='grc' dir='ltr'><strong>Εζζὶ</strong></span> 
     </span>
     <span class='ocr_line' id='line_1_114' title="bbox 945 2345 1686 2386; baseline -0.001 -10"><span class='ocrx_word' id='word_1_907' title='bbox 945 2347 1030 2378; x_wconf 80' lang='lat' dir='ltr'><strong>serant</strong></span> <span class='ocrx_word' id='word_1_908' title='bbox 1047 2349 1141 2378; x_wconf 76' lang='lat' dir='ltr'><strong>mala:</strong></span> <span class='ocrx_word' id='word_1_909' title='bbox 1166 2356 1195 2378; x_wconf 91' lang='lat' dir='ltr'><strong>tu</strong></span> <span class='ocrx_word' id='word_1_910' title='bbox 1219 2356 1307 2378; x_wconf 89' lang='lat' dir='ltr'><strong>autem</strong></span> <span class='ocrx_word' id='word_1_911' title='bbox 1326 2358 1434 2386; x_wconf 85' lang='lat' dir='ltr'><strong>sequere</strong></span> <span class='ocrx_word' id='word_1_912' title='bbox 1460 2357 1517 2382; x_wconf 88' lang='lat' dir='ltr'><strong>me,</strong></span> <span class='ocrx_word' id='word_1_913' title='bbox 1542 2353 1570 2375; x_wconf 90' lang='lat' dir='ltr'><strong>ut</strong></span> <span class='ocrx_word' id='word_1_914' title='bbox 1591 2345 1638 2384; x_wconf 88' lang='lat' dir='ltr'><strong>qui</strong></span> <span class='ocrx_word' id='word_1_915' title='bbox 1661 2351 1686 2375; x_wconf 87' lang='lat' dir='ltr'><strong>te</strong></span> 
     </span>
     <span class='ocr_line' id='line_1_115' title="bbox 945 2385 1684 2427; baseline -0.007 -10"><span class='ocrx_word' id='word_1_916' title='bbox 945 2388 1105 2427; x_wconf 82' lang='lat' dir='ltr'><strong>percusserit</strong></span> <span class='ocrx_word' id='word_1_917' title='bbox 1116 2388 1142 2417; x_wconf 93' lang='lat' dir='ltr'><strong>in</strong></span> <span class='ocrx_word' id='word_1_918' title='bbox 1155 2388 1294 2417; x_wconf 80' lang='lat' dir='ltr'><strong>maxillam</strong></span> <span class='ocrx_word' id='word_1_919' title='bbox 1317 2397 1407 2420; x_wconf 88' lang='lat' dir='ltr'><strong>unam,</strong></span> <span class='ocrx_word' id='word_1_920' title='bbox 1419 2386 1536 2425; x_wconf 78' lang='lat' dir='ltr'><strong>praebeas</strong></span> <span class='ocrx_word' id='word_1_921' title='bbox 1550 2385 1590 2413; x_wconf 90' lang='lat' dir='ltr'><strong>illi</strong></span> <span class='ocrx_word' id='word_1_922' title='bbox 1604 2392 1629 2413; x_wconf 86' lang='lat' dir='ltr'><strong>et</strong></span> <span class='ocrx_word' id='word_1_923' title='bbox 1643 2385 1684 2413; x_wconf 93' lang='lat' dir='ltr'><strong>al-</strong></span> 
     </span>
    </p>

    <p class='ocr_par' dir='ltr' id='par_1_21' title="bbox 944 2424 1819 2545">
     <span class='ocr_line' id='line_1_116' title="bbox 945 2424 1819 2464; baseline -0.002 -8"><span class='ocrx_word' id='word_1_924' title='bbox 945 2433 1038 2456; x_wconf 85' lang='lat' dir='ltr'><strong>teram.</strong></span> <span class='ocrx_word' id='word_1_925' title='bbox 1057 2427 1152 2462; x_wconf 83' lang='lat' dir='ltr'><strong>Habcs,</strong></span> <span class='ocrx_word' id='word_1_926' title='bbox 1171 2428 1207 2456; x_wconf 88' lang='lat' dir='ltr'><strong>Ut</strong></span> <span class='ocrx_word' id='word_1_927' title='bbox 1223 2427 1304 2455; x_wconf 75' lang='lat' dir='ltr'><strong>odias</strong></span> <span class='ocrx_word' id='word_1_928' title='bbox 1326 2426 1471 2459; x_wconf 81' lang='lat' dir='ltr'><strong>mimicos,</strong></span> <span class='ocrx_word' id='word_1_929' title='bbox 1486 2430 1512 2453; x_wconf 84' lang='lat' dir='ltr'><strong>et</strong></span> <span class='ocrx_word' id='word_1_930' title='bbox 1527 2430 1560 2452; x_wconf 83' lang='lat' dir='ltr'><strong>ut</strong></span> <span class='ocrx_word' id='word_1_931' title='bbox 1578 2424 1686 2463; x_wconf 84' lang='lat' dir='ltr'><strong>diligas</strong></span> <span class='ocrx_word' id='word_1_932' title='bbox 1695 2431 1767 2453; x_wconf 70' lang='lat' dir='ltr'><strong>levit.</strong></span> <span class='ocrx_word' id='word_1_933' title='bbox 1784 2439 1819 2464; x_wconf 87' lang='lat'><strong>¹9·</strong></span> 
     </span>
     <span class='ocr_line' id='line_1_117' title="bbox 945 2462 1786 2503; baseline -0.005 -8"><span class='ocrx_word' id='word_1_934' title='bbox 945 2468 1055 2495; x_wconf 83' lang='lat' dir='ltr'><strong>amicos</strong></span> <span class='ocrx_word' id='word_1_935' title='bbox 1079 2479 1089 2495; x_wconf 88' lang='lat'><strong>.·</strong></span> <span class='ocrx_word' id='word_1_936' title='bbox 1112 2466 1146 2495; x_wconf 88' lang='lat' dir='ltr'><strong>da</strong></span> <span class='ocrx_word' id='word_1_937' title='bbox 1173 2466 1224 2494; x_wconf 88' lang='lat' dir='ltr'><strong>hoc</strong></span> <span class='ocrx_word' id='word_1_938' title='bbox 1250 2464 1414 2503; x_wconf 85' lang='lat' dir='ltr'><strong>pauperibus</strong></span> <span class='ocrx_word' id='word_1_939' title='bbox 1438 2463 1562 2492; x_wconf 71' lang='lat' dir='ltr'><strong>«ventibus</strong></span> <span class='ocrx_word' id='word_1_940' title='bbox 1586 2462 1686 2501; x_wconf 86' lang='lat' dir='ltr'><strong>absque</strong></span> <span class='ocrx_word' id='word_1_941' title='bbox 1699 2468 1734 2492; x_wconf 88' lang='lat'><strong>¹7·</strong></span> <span class='ocrx_word' id='word_1_942' title='bbox 1751 2462 1786 2485; x_wconf 76' lang='lat'><strong>¹8-</strong></span> 
     </span>
     <span class='ocr_line' id='line_1_118' title="bbox 944 2501 1686 2545; baseline -0.005 -10"><span class='ocrx_word' id='word_1_943' title='bbox 944 2506 1016 2535; x_wconf 89' lang='lat' dir='ltr'><strong>omni</strong></span> <span class='ocrx_word' id='word_1_944' title='bbox 1025 2505 1140 2545; x_wconf 84' lang='lat' dir='ltr'><strong>justitia,</strong></span> <span class='ocrx_word' id='word_1_945' title='bbox 1152 2504 1198 2544; x_wconf 86' lang='lat' dir='ltr'><strong>qui</strong></span> <span class='ocrx_word' id='word_1_946' title='bbox 1213 2514 1260 2533; x_wconf 89' lang='lat' dir='ltr'><strong>uec</strong></span> <span class='ocrx_word' id='word_1_947' title='bbox 1272 2502 1363 2532; x_wconf 77' lang='lat' dir='ltr'><strong>amieis</strong></span> <span class='ocrx_word' id='word_1_948' title='bbox 1375 2501 1431 2531; x_wconf 88' lang='lat' dir='ltr'><strong>suis</strong></span> <span class='ocrx_word' id='word_1_949' title='bbox 1463 2511 1541 2531; x_wconf 85' lang='lat' dir='ltr'><strong>onam</strong></span> <span class='ocrx_word' id='word_1_950' title='bbox 1552 2502 1686 2532; x_wconf 88' lang='lat' dir='ltr'><strong>conscien-</strong></span> 
     </span>
    </p>
   </div>
  </div>
 </body>
</html>
