<?xml version="1.0" encoding="UTF-8"?>
<!DOCTYPE html PUBLIC "-//W3C//DTD XHTML 1.0 Transitional//EN"
    "http://www.w3.org/TR/xhtml1/DTD/xhtml1-transitional.dtd">
<html xmlns="http://www.w3.org/1999/xhtml" xml:lang="en" lang="en">
 <head>
  <title>
</title>
<meta http-equiv="Content-Type" content="text/html;charset=utf-8" />
  <meta name='ocr-system' content='tesseract 3.04.00' />
  <meta name='ocr-capabilities' content='ocr_page ocr_carea ocr_par ocr_line ocrx_word'/>
</head>
<body>
  <div class='ocr_page' id='page_1' title='image "./operaomniaquaeex06johnuoft_0770.png"; bbox 0 0 1904 2840; ppageno 0'>
   <div class='ocr_carea' id='block_1_1' title="bbox 114 620 252 643">
    <p class='ocr_par' dir='ltr' id='par_1_1' title="bbox 114 620 252 643">
     <span class='ocr_line' id='line_1_1' title="bbox 114 620 252 643; baseline -0.007 -2"><span class='ocrx_word' id='word_1_1' title='bbox 114 620 191 641; x_wconf 74' lang='lat' dir='ltr'><strong>Exod.</strong></span> <span class='ocrx_word' id='word_1_2' title='bbox 214 625 252 643; x_wconf 88' lang='lat'><strong>20.</strong></span> 
     </span>
    </p>
   </div>
   <div class='ocr_carea' id='block_1_2' title="bbox 93 859 197 881">
    <p class='ocr_par' dir='ltr' id='par_1_2' title="bbox 93 859 197 881">
     <span class='ocr_line' id='line_1_2' title="bbox 93 859 197 881; baseline 0.01 -1"><span class='ocrx_word' id='word_1_3' title='bbox 93 866 97 868; x_wconf 69' lang='grc'>’</span> <span class='ocrx_word' id='word_1_4' title='bbox 117 859 197 881; x_wconf 72' lang='lat' dir='ltr'><strong>Ozias.</strong></span> 
     </span>
    </p>
   </div>
   <div class='ocr_carea' id='block_1_3' title="bbox 268 184 337 232">
    <p class='ocr_par' dir='ltr' id='par_1_3' title="bbox 268 184 337 232">
     <span class='ocr_line' id='line_1_3' title="bbox 268 184 337 232; baseline -0.029 -12"><span class='ocrx_word' id='word_1_5' title='bbox 268 184 337 232; x_wconf 86' lang='lat'><strong>750</strong></span> 
     </span>
    </p>
   </div>
   <div class='ocr_carea' id='block_1_4' title="bbox 263 253 1904 334">
    <p class='ocr_par' dir='ltr' id='par_1_4' title="bbox 263 253 1904 334">
     <span class='ocr_line' id='line_1_4' title="bbox 263 253 1904 300; baseline 0 -13"><span class='ocrx_word' id='word_1_6' title='bbox 263 258 311 298; x_wconf 87' lang='lat' dir='ltr'><strong>qui</strong></span> <span class='ocrx_word' id='word_1_7' title='bbox 325 257 422 287; x_wconf 87' lang='lat' dir='ltr'><strong>missus</strong></span> <span class='ocrx_word' id='word_1_8' title='bbox 435 261 492 285; x_wconf 85' lang='lat' dir='ltr'><strong>erat</strong></span> <span class='ocrx_word' id='word_1_9' title='bbox 504 254 539 284; x_wconf 87' lang='lat' dir='ltr'><strong>ab</strong></span> <span class='ocrx_word' id='word_1_10' title='bbox 552 253 678 292; x_wconf 70' lang='lat' dir='ltr'><strong>Helisaeo,</strong></span> <span class='ocrx_word' id='word_1_11' title='bbox 694 261 721 284; x_wconf 92' lang='lat' dir='ltr'><strong>et</strong></span> <span class='ocrx_word' id='word_1_12' title='bbox 734 254 835 300; x_wconf 79' lang='lat' dir='ltr'><strong>aceepit</strong></span> <span class='ocrx_word' id='word_1_13' title='bbox 846 255 1006 295; x_wconf 80' lang='lat' dir='ltr'>promissio-</span> <span class='ocrx_word' id='word_1_14' title='bbox 1023 257 1044 282; x_wconf 78' lang='grc' dir='ltr'><strong>Α</strong></span> <span class='ocrx_word' id='word_1_15' title='bbox 1060 254 1146 295; x_wconf 89' lang='lat' dir='ltr'><strong>ipsius</strong></span> <span class='ocrx_word' id='word_1_16' title='bbox 1164 255 1277 291; x_wconf 75' lang='lat' dir='ltr'><strong>Joiadae,</strong></span> <span class='ocrx_word' id='word_1_17' title='bbox 1287 262 1313 285; x_wconf 93' lang='lat' dir='ltr'><strong>et</strong></span> <span class='ocrx_word' id='word_1_18' title='bbox 1325 255 1439 285; x_wconf 82' lang='lat' dir='ltr'>dixisset</span> <span class='ocrx_word' id='word_1_19' title='bbox 1456 255 1482 286; x_wconf 88' lang='lat' dir='ltr'><strong>ei</strong></span> <span class='ocrx_word' id='word_1_20' title='bbox 1496 268 1503 284; x_wconf 89' lang='lat'>:</span> <span class='ocrx_word' id='word_1_21' title='bbox 1523 256 1596 286; x_wconf 84' lang='lat' dir='ltr'><strong>Hoec</strong></span> <span class='ocrx_word' id='word_1_22' title='bbox 1609 257 1681 286; x_wconf 79' lang='lat' dir='ltr'><strong>dicit</strong></span> <span class='ocrx_word' id='word_1_23' title='bbox 1693 257 1800 286; x_wconf 77' lang='lat' dir='ltr'><strong>Domi·</strong></span> <span class='ocrx_word' id='word_1_24' title='bbox 1809 271 1832 287; x_wconf 81' lang='lat'><strong>2.</strong></span> <span class='ocrx_word' id='word_1_25' title='bbox 1847 264 1904 287; x_wconf 79' lang='lat' dir='ltr'><strong>Pan</strong></span> 
     </span>
     <span class='ocr_line' id='line_1_5' title="bbox 1060 295 1899 334; baseline 0 -10"><span class='ocrx_word' id='word_1_26' title='bbox 1060 305 1116 324; x_wconf 86' lang='lat' dir='ltr'><strong>nus</strong></span> <span class='ocrx_word' id='word_1_27' title='bbox 1139 307 1149 323; x_wconf 89' lang='lat'><em>:</em></span> <span class='ocrx_word' id='word_1_28' title='bbox 1170 295 1268 334; x_wconf 84' lang='lat' dir='ltr'><strong><em>Quare</em></strong></span> <span class='ocrx_word' id='word_1_29' title='bbox 1288 297 1443 334; x_wconf 81' lang='lat' dir='ltr'><strong>proeteristi</strong></span> <span class='ocrx_word' id='word_1_30' title='bbox 1460 296 1632 325; x_wconf 78' lang='lat' dir='ltr'><strong>mandatum</strong></span> <span class='ocrx_word' id='word_1_31' title='bbox 1653 296 1774 326; x_wconf 76' lang='lat' dir='ltr'><strong>Domini</strong></span> <span class='ocrx_word' id='word_1_32' title='bbox 1786 295 1849 328; x_wconf 69' lang='lat'><strong>3³24-</strong></span> <span class='ocrx_word' id='word_1_33' title='bbox 1863 301 1899 319; x_wconf 69' lang='grc'><strong>20-</strong></span> 
     </span>
    </p>
   </div>
   <div class='ocr_carea' id='block_1_5' title="bbox 262 294 1008 848">
    <p class='ocr_par' dir='ltr' id='par_1_5' title="bbox 262 294 1008 848">
     <span class='ocr_line' id='line_1_6' title="bbox 263 294 1008 334; baseline -0.001 -8"><span class='ocrx_word' id='word_1_34' title='bbox 263 307 336 334; x_wconf 89' lang='lat' dir='ltr'><strong>nem,</strong></span> <span class='ocrx_word' id='word_1_35' title='bbox 358 302 388 325; x_wconf 92' lang='lat' dir='ltr'><strong>ut</strong></span> <span class='ocrx_word' id='word_1_36' title='bbox 410 306 496 334; x_wconf 86' lang='lat' dir='ltr'><strong>usque</strong></span> <span class='ocrx_word' id='word_1_37' title='bbox 508 294 544 324; x_wconf 86' lang='lat' dir='ltr'><strong>ad</strong></span> <span class='ocrx_word' id='word_1_38' title='bbox 556 301 679 333; x_wconf 80' lang='lat' dir='ltr'><strong>quartam</strong></span> <span class='ocrx_word' id='word_1_39' title='bbox 692 300 888 334; x_wconf 81' lang='lat' dir='ltr'><strong>generationem</strong></span> <span class='ocrx_word' id='word_1_40' title='bbox 900 294 1008 325; x_wconf 75' lang='lat' dir='ltr'><strong>sedeant</strong></span> 
     </span>
     <span class='ocr_line' id='line_1_7' title="bbox 263 333 1007 375; baseline -0.001 -9"><span class='ocrx_word' id='word_1_41' title='bbox 263 337 315 366; x_wconf 83' lang='lat' dir='ltr'><strong>filii</strong></span> <span class='ocrx_word' id='word_1_42' title='bbox 327 335 386 365; x_wconf 79' lang='lat' dir='ltr'><strong>e‘us</strong></span> <span class='ocrx_word' id='word_1_43' title='bbox 407 335 435 364; x_wconf 90' lang='lat' dir='ltr'><strong>in</strong></span> <span class='ocrx_word' id='word_1_44' title='bbox 448 334 511 364; x_wconf 81' lang='lat' dir='ltr'><strong>sede</strong></span> <span class='ocrx_word' id='word_1_45' title='bbox 524 334 600 374; x_wconf 84' lang='lat' dir='ltr'><strong>regni</strong></span> <span class='ocrx_word' id='word_1_46' title='bbox 617 345 700 374; x_wconf 83' lang='lat' dir='ltr'><strong>super</strong></span> <span class='ocrx_word' id='word_1_47' title='bbox 711 333 805 364; x_wconf 68' lang='lat' dir='ltr'><strong>Israel.</strong></span> <span class='ocrx_word' id='word_1_48' title='bbox 818 335 924 371; x_wconf 86' lang='lat' dir='ltr'><strong>Quanta</strong></span> <span class='ocrx_word' id='word_1_49' title='bbox 943 345 1007 375; x_wconf 85' lang='lat' dir='ltr'><strong>ergo</strong></span> 
     </span>
     <span class='ocr_line' id='line_1_8' title="bbox 262 346 1006 413; baseline -0.003 -7"><span class='ocrx_word' id='word_1_50' title='bbox 262 346 413 406; x_wconf 74' lang='lat' dir='ltr'><strong>benedictio</strong></span> <span class='ocrx_word' id='word_1_51' title='bbox 423 375 491 404; x_wconf 81' lang='lat' dir='ltr'><strong>facta</strong></span> <span class='ocrx_word' id='word_1_52' title='bbox 504 381 543 403; x_wconf 90' lang='lat' dir='ltr'><strong>est</strong></span> <span class='ocrx_word' id='word_1_53' title='bbox 556 384 636 413; x_wconf 85' lang='lat' dir='ltr'><strong>super</strong></span> <span class='ocrx_word' id='word_1_54' title='bbox 649 374 731 411; x_wconf 90' lang='lat' dir='ltr'><strong>Jehu,</strong></span> <span class='ocrx_word' id='word_1_55' title='bbox 747 373 795 413; x_wconf 90' lang='lat' dir='ltr'><strong>qui</strong></span> <span class='ocrx_word' id='word_1_56' title='bbox 805 373 952 404; x_wconf 83' lang='lat' dir='ltr'><strong>vindictam</strong></span> <span class='ocrx_word' id='word_1_57' title='bbox 964 375 1006 404; x_wconf 84' lang='lat' dir='ltr'><strong>fe-</strong></span> 
     </span>
     <span class='ocr_line' id='line_1_9' title="bbox 262 413 1007 455; baseline -0.004 -10"><span class='ocrx_word' id='word_1_58' title='bbox 262 422 334 446; x_wconf 84' lang='lat' dir='ltr'>cerat</span> <span class='ocrx_word' id='word_1_59' title='bbox 347 425 426 455; x_wconf 86' lang='lat' dir='ltr'><strong>super</strong></span> <span class='ocrx_word' id='word_1_60' title='bbox 446 413 556 443; x_wconf 88' lang='lat' dir='ltr'><strong>domum</strong></span> <span class='ocrx_word' id='word_1_61' title='bbox 571 413 682 443; x_wconf 85' lang='lat' dir='ltr'>Achab:</span> <span class='ocrx_word' id='word_1_62' title='bbox 699 419 770 443; x_wconf 81' lang='lat' dir='ltr'><strong>tanta</strong></span> <span class='ocrx_word' id='word_1_63' title='bbox 782 413 834 442; x_wconf 87' lang='lat' dir='ltr'><strong>fuit</strong></span> <span class='ocrx_word' id='word_1_64' title='bbox 853 413 1007 444; x_wconf 77' lang='lat' dir='ltr'><strong>maledictio</strong></span> 
     </span>
     <span class='ocr_line' id='line_1_10' title="bbox 262 452 1006 495; baseline -0.003 -10"><span class='ocrx_word' id='word_1_65' title='bbox 262 466 344 495; x_wconf 87' lang='lat' dir='ltr'><strong>super</strong></span> <span class='ocrx_word' id='word_1_66' title='bbox 356 454 467 484; x_wconf 89' lang='lat' dir='ltr'><strong>domum</strong></span> <span class='ocrx_word' id='word_1_67' title='bbox 485 454 578 483; x_wconf 88' lang='lat' dir='ltr'><strong>Joram</strong></span> <span class='ocrx_word' id='word_1_68' title='bbox 592 459 700 493; x_wconf 88' lang='lat' dir='ltr'><strong>propter</strong></span> <span class='ocrx_word' id='word_1_69' title='bbox 714 453 798 482; x_wconf 86' lang='lat' dir='ltr'><strong>filiam</strong></span> <span class='ocrx_word' id='word_1_70' title='bbox 810 452 899 492; x_wconf 76' lang='lat' dir='ltr'><strong>iniqui</strong></span> <span class='ocrx_word' id='word_1_71' title='bbox 912 453 1006 483; x_wconf 85' lang='lat' dir='ltr'><strong>Achab</strong></span> 
     </span>
     <span class='ocr_line' id='line_1_11' title="bbox 262 492 1007 533; baseline -0.004 -9"><span class='ocrx_word' id='word_1_72' title='bbox 262 501 288 524; x_wconf 88' lang='lat' dir='ltr'><strong>et</strong></span> <span class='ocrx_word' id='word_1_73' title='bbox 298 496 316 525; x_wconf 91' lang='lat' dir='ltr'><strong>J</strong></span> <span class='ocrx_word' id='word_1_74' title='bbox 316 493 414 530; x_wconf 86' lang='lat' dir='ltr'><strong>ezabel,</strong></span> <span class='ocrx_word' id='word_1_75' title='bbox 427 500 456 522; x_wconf 85' lang='lat' dir='ltr'><strong>ut</strong></span> <span class='ocrx_word' id='word_1_76' title='bbox 467 504 516 532; x_wconf 85' lang='lat' dir='ltr'><strong>usq</strong></span> <span class='ocrx_word' id='word_1_77' title='bbox 520 503 552 522; x_wconf 91' lang='lat' dir='ltr'><strong>ue</strong></span> <span class='ocrx_word' id='word_1_78' title='bbox 559 492 595 522; x_wconf 84' lang='lat' dir='ltr'><strong>ad</strong></span> <span class='ocrx_word' id='word_1_79' title='bbox 604 498 728 531; x_wconf 82' lang='lat' dir='ltr'><strong>quartam</strong></span> <span class='ocrx_word' id='word_1_80' title='bbox 737 492 932 532; x_wconf 77' lang='lat' dir='ltr'><strong>generationem</strong></span> <span class='ocrx_word' id='word_1_81' title='bbox 938 503 1007 533; x_wconf 79' lang='lat' dir='ltr'><strong>prae-</strong></span> 
     </span>
     <span class='ocr_line' id='line_1_12' title="bbox 263 532 1005 572; baseline -0.004 -8"><span class='ocrx_word' id='word_1_82' title='bbox 263 534 388 564; x_wconf 85' lang='lat' dir='ltr'><strong>cidantur</strong></span> <span class='ocrx_word' id='word_1_83' title='bbox 398 533 450 562; x_wconf 87' lang='lat' dir='ltr'><strong>filii</strong></span> <span class='ocrx_word' id='word_1_84' title='bbox 464 532 522 572; x_wconf 85' lang='lat' dir='ltr'><strong>ejus</strong></span> <span class='ocrx_word' id='word_1_85' title='bbox 532 532 567 561; x_wconf 87' lang='lat' dir='ltr'><strong>de</strong></span> <span class='ocrx_word' id='word_1_86' title='bbox 579 542 691 561; x_wconf 87' lang='lat' dir='ltr'><strong>numero</strong></span> <span class='ocrx_word' id='word_1_87' title='bbox 703 543 809 571; x_wconf 87' lang='lat' dir='ltr'><strong>regum,</strong></span> <span class='ocrx_word' id='word_1_88' title='bbox 823 539 850 561; x_wconf 86' lang='lat' dir='ltr'><strong>et</strong></span> <span class='ocrx_word' id='word_1_89' title='bbox 861 532 900 562; x_wconf 84' lang='lat' dir='ltr'><strong>sic</strong></span> <span class='ocrx_word' id='word_1_90' title='bbox 910 543 1005 572; x_wconf 84' lang='lat' dir='ltr'><strong>pecea-</strong></span> 
     </span>
     <span class='ocr_line' id='line_1_13' title="bbox 262 572 1006 614; baseline -0.003 -11"><span class='ocrx_word' id='word_1_91' title='bbox 262 578 320 603; x_wconf 85' lang='lat' dir='ltr'><strong>tum</strong></span> <span class='ocrx_word' id='word_1_92' title='bbox 334 574 393 614; x_wconf 83' lang='lat' dir='ltr'><strong>ejus</strong></span> <span class='ocrx_word' id='word_1_93' title='bbox 405 572 542 602; x_wconf 84' lang='lat' dir='ltr'><strong>descendit</strong></span> <span class='ocrx_word' id='word_1_94' title='bbox 557 573 583 601; x_wconf 91' lang='lat' dir='ltr'><strong>in</strong></span> <span class='ocrx_word' id='word_1_95' title='bbox 599 572 670 601; x_wconf 85' lang='lat' dir='ltr'><strong>filios</strong></span> <span class='ocrx_word' id='word_1_96' title='bbox 681 572 750 607; x_wconf 87' lang='lat' dir='ltr'><strong>e&#39;us,</strong></span> <span class='ocrx_word' id='word_1_97' title='bbox 761 572 831 601; x_wconf 89' lang='lat' dir='ltr'><strong>sicut</strong></span> <span class='ocrx_word' id='word_1_98' title='bbox 843 572 929 601; x_wconf 87' lang='lat' dir='ltr'><strong>fuerat</strong></span> <span class='ocrx_word' id='word_1_99' title='bbox 939 573 1006 602; x_wconf 90' lang='lat' dir='ltr'><strong>scri-</strong></span> 
     </span>
     <span class='ocr_line' id='line_1_14' title="bbox 263 612 1007 681; baseline 0 -39"><span class='ocrx_word' id='word_1_100' title='bbox 263 620 340 653; x_wconf 87' lang='lat' dir='ltr'><strong>ptum</strong></span> <span class='ocrx_word' id='word_1_101' title='bbox 357 626 364 642; x_wconf 78' lang='lat' dir='ltr'><strong><em>z</em></strong></span> <span class='ocrx_word' id='word_1_102' title='bbox 378 614 508 642; x_wconf 81' lang='lat' dir='ltr'><strong>Peccata</strong></span> <span class='ocrx_word' id='word_1_103' title='bbox 516 618 635 651; x_wconf 84' lang='lat' dir='ltr'><strong>patrum</strong></span> <span class='ocrx_word' id='word_1_104' title='bbox 644 621 675 640; x_wconf 87' lang='lat' dir='ltr'><strong>re</strong></span> <span class='ocrx_word' id='word_1_105' title='bbox 717 622 766 640; x_wconf 89' lang='lat' dir='ltr'><strong>am</strong></span> <span class='ocrx_word' id='word_1_106' title='bbox 779 613 811 640; x_wconf 84' lang='lat' dir='ltr'><strong>in</strong></span> <span class='ocrx_word' id='word_1_107' title='bbox 821 612 901 651; x_wconf 84' lang='lat' dir='ltr'><strong>filios</strong></span> <span class='ocrx_word' id='word_1_108' title='bbox 915 622 1007 681; x_wconf 59' lang='lat' dir='ltr'><strong>usque</strong></span> 
     </span>
     <span class='ocr_line' id='line_1_15' title="bbox 263 651 1006 691; baseline -0.001 -9"><span class='ocrx_word' id='word_1_109' title='bbox 263 655 295 681; x_wconf 87' lang='lat' dir='ltr'><strong>in</strong></span> <span class='ocrx_word' id='word_1_110' title='bbox 317 653 429 682; x_wconf 78' lang='lat' dir='ltr'><strong>tertiam</strong></span> <span class='ocrx_word' id='word_1_111' title='bbox 451 658 479 681; x_wconf 86' lang='lat' dir='ltr'><strong>et</strong></span> <span class='ocrx_word' id='word_1_112' title='bbox 503 658 638 691; x_wconf 81' lang='lat' dir='ltr'><strong>quartam</strong></span> <span class='ocrx_word' id='word_1_113' title='bbox 659 653 889 691; x_wconf 83' lang='lat' dir='ltr'><strong>generationem.</strong></span> <span class='ocrx_word' id='word_1_114' title='bbox 907 651 943 682; x_wconf 92' lang='lat' dir='ltr'><strong>Vi</strong></span> <span class='ocrx_word' id='word_1_115' title='bbox 965 658 1006 681; x_wconf 89' lang='lat' dir='ltr'><strong>ete</strong></span> 
     </span>
     <span class='ocr_line' id='line_1_16' title="bbox 262 690 1007 733; baseline -0.001 -11"><span class='ocrx_word' id='word_1_116' title='bbox 262 702 326 731; x_wconf 86' lang='lat' dir='ltr'><strong>ergo</strong></span> <span class='ocrx_word' id='word_1_117' title='bbox 339 703 386 733; x_wconf 89' lang='lat' dir='ltr'><strong>per</strong></span> <span class='ocrx_word' id='word_1_118' title='bbox 394 693 473 721; x_wconf 89' lang='lat' dir='ltr'><strong>istam</strong></span> <span class='ocrx_word' id='word_1_119' title='bbox 485 690 658 730; x_wconf 77' lang='lat' dir='ltr'><strong>scripturam,</strong></span> <span class='ocrx_word' id='word_1_120' title='bbox 674 701 753 730; x_wconf 91' lang='lat' dir='ltr'><strong>quam</strong></span> <span class='ocrx_word' id='word_1_121' title='bbox 768 690 949 730; x_wconf 83' lang='lat' dir='ltr'><strong>periculosum</strong></span> <span class='ocrx_word' id='word_1_122' title='bbox 967 698 1007 721; x_wconf 86' lang='lat' dir='ltr'><strong>est</strong></span> 
     </span>
     <span class='ocr_line' id='line_1_17' title="bbox 262 730 1003 775; baseline -0.003 -14"><span class='ocrx_word' id='word_1_123' title='bbox 262 732 331 761; x_wconf 90' lang='lat' dir='ltr'><strong>inire</strong></span> <span class='ocrx_word' id='word_1_124' title='bbox 343 731 467 771; x_wconf 87' lang='lat' dir='ltr'><strong>conjugia</strong></span> <span class='ocrx_word' id='word_1_125' title='bbox 480 741 515 759; x_wconf 85' lang='lat' dir='ltr'><strong>ex</strong></span> <span class='ocrx_word' id='word_1_126' title='bbox 527 740 622 770; x_wconf 83' lang='lat' dir='ltr'><strong>genere</strong></span> <span class='ocrx_word' id='word_1_127' title='bbox 634 730 792 775; x_wconf 88' lang='lat' dir='ltr'><strong>impiorum,</strong></span> <span class='ocrx_word' id='word_1_128' title='bbox 808 730 879 759; x_wconf 86' lang='lat' dir='ltr'><strong>sicut</strong></span> <span class='ocrx_word' id='word_1_129' title='bbox 889 731 982 760; x_wconf 89' lang='lat' dir='ltr'><strong>Joram</strong></span> <span class='ocrx_word' id='word_1_130' title='bbox 995 743 1003 759; x_wconf 92' lang='lat'>:</span> 
     </span>
     <span class='ocr_line' id='line_1_18' title="bbox 262 769 1005 811; baseline -0.001 -10"><span class='ocrx_word' id='word_1_131' title='bbox 262 778 289 801; x_wconf 86' lang='lat' dir='ltr'><strong>et</strong></span> <span class='ocrx_word' id='word_1_132' title='bbox 301 781 382 810; x_wconf 87' lang='lat' dir='ltr'><strong>quam</strong></span> <span class='ocrx_word' id='word_1_133' title='bbox 393 770 542 811; x_wconf 89' lang='lat' dir='ltr'><strong>gloriosum</strong></span> <span class='ocrx_word' id='word_1_134' title='bbox 554 777 593 799; x_wconf 87' lang='lat' dir='ltr'><strong>est</strong></span> <span class='ocrx_word' id='word_1_135' title='bbox 603 769 751 800; x_wconf 80' lang='lat' dir='ltr'><strong>vindictam</strong></span> <span class='ocrx_word' id='word_1_136' title='bbox 761 770 789 798; x_wconf 92' lang='lat' dir='ltr'><strong>in</strong></span> <span class='ocrx_word' id='word_1_137' title='bbox 801 770 899 809; x_wconf 86' lang='lat' dir='ltr'><strong>impios</strong></span> <span class='ocrx_word' id='word_1_138' title='bbox 908 770 1005 807; x_wconf 88' lang='lat' dir='ltr'><strong>facere,</strong></span> 
     </span>
     <span class='ocr_line' id='line_1_19' title="bbox 263 809 1007 848; baseline -0.001 -8"><span class='ocrx_word' id='word_1_139' title='bbox 263 811 332 840; x_wconf 81' lang='lat' dir='ltr'><strong>sicut</strong></span> <span class='ocrx_word' id='word_1_140' title='bbox 347 810 409 840; x_wconf 84' lang='lat' dir='ltr'><strong>fecit</strong></span> <span class='ocrx_word' id='word_1_141' title='bbox 424 810 507 840; x_wconf 89' lang='lat' dir='ltr'><strong>Jehu.</strong></span> <span class='ocrx_word' id='word_1_142' title='bbox 522 811 660 846; x_wconf 86' lang='lat' dir='ltr'><strong>Quantum</strong></span> <span class='ocrx_word' id='word_1_143' title='bbox 674 819 738 848; x_wconf 88' lang='lat' dir='ltr'><strong>ergo</strong></span> <span class='ocrx_word' id='word_1_144' title='bbox 748 809 783 838; x_wconf 86' lang='lat' dir='ltr'><strong>ad</strong></span> <span class='ocrx_word' id='word_1_145' title='bbox 796 809 937 838; x_wconf 80' lang='lat' dir='ltr'><strong>historiam</strong></span> <span class='ocrx_word' id='word_1_146' title='bbox 948 810 1007 839; x_wconf 81' lang='lat' dir='ltr'><strong>Re-</strong></span> 
     </span>
    </p>
   </div>
   <div class='ocr_carea' id='block_1_6' title="bbox 263 846 1904 929">
    <p class='ocr_par' dir='ltr' id='par_1_6' title="bbox 263 846 1904 929">
     <span class='ocr_line' id='line_1_20' title="bbox 263 846 1904 891; baseline -0.001 -12"><span class='ocrx_word' id='word_1_147' title='bbox 263 861 379 890; x_wconf 86' lang='lat' dir='ltr'><strong>gnorum</strong></span> <span class='ocrx_word' id='word_1_148' title='bbox 390 849 515 889; x_wconf 86' lang='lat' dir='ltr'><strong>pertinet,</strong></span> <span class='ocrx_word' id='word_1_149' title='bbox 521 849 643 878; x_wconf 84' lang='lat' dir='ltr'><strong>Amazias</strong></span> <span class='ocrx_word' id='word_1_150' title='bbox 652 848 745 888; x_wconf 82' lang='lat' dir='ltr'><strong>genuit</strong></span> <span class='ocrx_word' id='word_1_151' title='bbox 754 849 848 879; x_wconf 89' lang='lat' dir='ltr'><strong>Oziam</strong></span> <span class='ocrx_word' id='word_1_152' title='bbox 858 860 865 877; x_wconf 72' lang='grc' dir='ltr'><strong><em>ε</em></strong></span> <span class='ocrx_word' id='word_1_153' title='bbox 876 856 1006 887; x_wconf 89' lang='lat' dir='ltr'><strong>quantum</strong></span> <span class='ocrx_word' id='word_1_154' title='bbox 1022 853 1042 878; x_wconf 83' lang='lat' dir='ltr'>B</span> <span class='ocrx_word' id='word_1_155' title='bbox 1057 846 1135 877; x_wconf 86' lang='lat' dir='ltr'><strong>Deus</strong></span> <span class='ocrx_word' id='word_1_156' title='bbox 1147 849 1257 879; x_wconf 82' lang='lat' dir='ltr'><strong>Balaam</strong></span> <span class='ocrx_word' id='word_1_157' title='bbox 1270 850 1429 889; x_wconf 78' lang='lat' dir='ltr'><strong>prophetam</strong></span> <span class='ocrx_word' id='word_1_158' title='bbox 1440 849 1573 879; x_wconf 78' lang='lat' dir='ltr'><strong>dicentem</strong></span> <span class='ocrx_word' id='word_1_159' title='bbox 1588 862 1596 878; x_wconf 88' lang='lat'><em>=</em></span> <span class='ocrx_word' id='word_1_160' title='bbox 1609 851 1706 889; x_wconf 86' lang='lat' dir='ltr'><strong>Quare</strong></span> <span class='ocrx_word' id='word_1_161' title='bbox 1720 862 1799 891; x_wconf 85' lang='lat' dir='ltr'><strong>quoe-</strong></span> <span class='ocrx_word' id='word_1_162' title='bbox 1811 861 1834 877; x_wconf 84' lang='lat'><strong>2.</strong></span> <span class='ocrx_word' id='word_1_163' title='bbox 1850 855 1904 876; x_wconf 78' lang='lat' dir='ltr'><strong>Pan</strong></span> 
     </span>
     <span class='ocr_line' id='line_1_21' title="bbox 1058 885 1899 929; baseline 0.005 -13"><span class='ocrx_word' id='word_1_164' title='bbox 1058 888 1122 916; x_wconf 86' lang='lat' dir='ltr'><strong>sisti</strong></span> <span class='ocrx_word' id='word_1_165' title='bbox 1132 888 1212 926; x_wconf 85' lang='lat' dir='ltr'><strong>deos,</strong></span> <span class='ocrx_word' id='word_1_166' title='bbox 1223 891 1274 929; x_wconf 86' lang='lat' dir='ltr'><strong>qui</strong></span> <span class='ocrx_word' id='word_1_167' title='bbox 1286 900 1345 918; x_wconf 85' lang='lat' dir='ltr'><strong>non</strong></span> <span class='ocrx_word' id='word_1_168' title='bbox 1356 889 1553 919; x_wconf 73' lang='lat' dir='ltr'><strong>liberaverunt</strong></span> <span class='ocrx_word' id='word_1_169' title='bbox 1562 890 1704 929; x_wconf 83' lang='lat' dir='ltr'><strong>populum</strong></span> <span class='ocrx_word' id='word_1_170' title='bbox 1716 901 1801 920; x_wconf 86' lang='lat' dir='ltr'><strong>suum</strong></span> <span class='ocrx_word' id='word_1_171' title='bbox 1812 885 1850 908; x_wconf 80' lang='lat'><strong>²⁵·</strong></span> <span class='ocrx_word' id='word_1_172' title='bbox 1865 885 1899 908; x_wconf 83' lang='lat'><strong>¹⁵·</strong></span> 
     </span>
    </p>
   </div>
   <div class='ocr_carea' id='block_1_7' title="bbox 262 887 1009 1127">
    <p class='ocr_par' dir='ltr' id='par_1_7' title="bbox 262 887 1009 1127">
     <span class='ocr_line' id='line_1_22' title="bbox 263 887 1007 926; baseline -0.001 -7"><span class='ocrx_word' id='word_1_173' title='bbox 263 889 298 919; x_wconf 88' lang='lat' dir='ltr'><strong>ad</strong></span> <span class='ocrx_word' id='word_1_174' title='bbox 311 889 480 925; x_wconf 83' lang='lat' dir='ltr'><strong>Matthaeum,</strong></span> <span class='ocrx_word' id='word_1_175' title='bbox 499 889 591 918; x_wconf 85' lang='lat' dir='ltr'><strong>Joram</strong></span> <span class='ocrx_word' id='word_1_176' title='bbox 613 888 705 926; x_wconf 84' lang='lat' dir='ltr'><strong>genuit</strong></span> <span class='ocrx_word' id='word_1_177' title='bbox 716 887 822 917; x_wconf 88' lang='lat' dir='ltr'><strong>Oziam.</strong></span> <span class='ocrx_word' id='word_1_178' title='bbox 836 887 917 918; x_wconf 85' lang='lat' dir='ltr'><strong>Unde</strong></span> <span class='ocrx_word' id='word_1_179' title='bbox 927 888 1007 918; x_wconf 88' lang='lat' dir='ltr'><strong>Ozias</strong></span> 
     </span>
     <span class='ocr_line' id='line_1_23' title="bbox 263 927 1008 969; baseline -0.001 -11"><span class='ocrx_word' id='word_1_180' title='bbox 263 930 451 969; x_wconf 76' lang='lat' dir='ltr'><strong>inter-pietatur</strong></span> <span class='ocrx_word' id='word_1_181' title='bbox 461 928 535 957; x_wconf 87' lang='lat' dir='ltr'><strong>filius</strong></span> <span class='ocrx_word' id='word_1_182' title='bbox 546 927 656 957; x_wconf 89' lang='lat' dir='ltr'><strong>nobilis.</strong></span> <span class='ocrx_word' id='word_1_183' title='bbox 667 929 728 965; x_wconf 84' lang='lat' dir='ltr'><strong>Qua</strong></span> <span class='ocrx_word' id='word_1_184' title='bbox 738 934 828 957; x_wconf 80' lang='lat' dir='ltr'><strong>autem</strong></span> <span class='ocrx_word' id='word_1_185' title='bbox 837 938 916 957; x_wconf 86' lang='lat' dir='ltr'><strong>causa</strong></span> <span class='ocrx_word' id='word_1_186' title='bbox 927 938 1008 958; x_wconf 86' lang='lat' dir='ltr'><strong>voca-</strong></span> 
     </span>
     <span class='ocr_line' id='line_1_24' title="bbox 262 967 1008 1008; baseline -0.003 -10"><span class='ocrx_word' id='word_1_187' title='bbox 262 969 332 999; x_wconf 81' lang='lat' dir='ltr'><strong>verit</strong></span> <span class='ocrx_word' id='word_1_188' title='bbox 338 979 399 998; x_wconf 87' lang='lat' dir='ltr'><strong>eum</strong></span> <span class='ocrx_word' id='word_1_189' title='bbox 408 975 483 1008; x_wconf 88' lang='lat' dir='ltr'><strong>pater</strong></span> <span class='ocrx_word' id='word_1_190' title='bbox 492 967 580 997; x_wconf 87' lang='lat' dir='ltr'><strong>filium</strong></span> <span class='ocrx_word' id='word_1_191' title='bbox 593 967 723 1004; x_wconf 89' lang='lat' dir='ltr'><strong>nobilem,</strong></span> <span class='ocrx_word' id='word_1_192' title='bbox 733 977 786 996; x_wconf 92' lang='lat' dir='ltr'><strong>non</strong></span> <span class='ocrx_word' id='word_1_193' title='bbox 793 967 882 1007; x_wconf 85' lang='lat' dir='ltr'><strong>potuit</strong></span> <span class='ocrx_word' id='word_1_194' title='bbox 890 967 1008 996; x_wconf 86' lang='lat' dir='ltr'><strong>aestima-</strong></span> 
     </span>
     <span class='ocr_line' id='line_1_25' title="bbox 264 1006 1008 1047; baseline 0 -11"><span class='ocrx_word' id='word_1_195' title='bbox 264 1018 303 1044; x_wconf 90' lang='lat' dir='ltr'><strong>re,</strong></span> <span class='ocrx_word' id='word_1_196' title='bbox 315 1009 367 1038; x_wconf 91' lang='lat' dir='ltr'><strong>nisi</strong></span> <span class='ocrx_word' id='word_1_197' title='bbox 379 1009 447 1037; x_wconf 85' lang='lat' dir='ltr'><strong>forte</strong></span> <span class='ocrx_word' id='word_1_198' title='bbox 459 1009 481 1037; x_wconf 91' lang='lat' dir='ltr'><strong>si</strong></span> <span class='ocrx_word' id='word_1_199' title='bbox 495 1007 556 1046; x_wconf 81' lang='lat' dir='ltr'><strong>quis</strong></span> <span class='ocrx_word' id='word_1_200' title='bbox 569 1006 682 1036; x_wconf 84' lang='lat' dir='ltr'><strong>aestimet</strong></span> <span class='ocrx_word' id='word_1_201' title='bbox 692 1017 755 1036; x_wconf 87' lang='lat' dir='ltr'><strong>eum</strong></span> <span class='ocrx_word' id='word_1_202' title='bbox 768 1006 918 1047; x_wconf 90' lang='lat' dir='ltr'><strong>speciosum</strong></span> <span class='ocrx_word' id='word_1_203' title='bbox 926 1007 1008 1036; x_wconf 87' lang='lat' dir='ltr'><strong>fuisse</strong></span> 
     </span>
     <span class='ocr_line' id='line_1_26' title="bbox 264 1046 1009 1086; baseline -0.001 -9"><span class='ocrx_word' id='word_1_204' title='bbox 264 1055 367 1084; x_wconf 88' lang='lat' dir='ltr'><strong>natum,</strong></span> <span class='ocrx_word' id='word_1_205' title='bbox 378 1054 425 1077; x_wconf 89' lang='lat' dir='ltr'><strong>aut</strong></span> <span class='ocrx_word' id='word_1_206' title='bbox 433 1049 500 1077; x_wconf 86' lang='lat' dir='ltr'><strong>forte</strong></span> <span class='ocrx_word' id='word_1_207' title='bbox 511 1046 679 1086; x_wconf 87' lang='lat' dir='ltr'><strong>primitivum</strong></span> <span class='ocrx_word' id='word_1_208' title='bbox 691 1046 774 1075; x_wconf 80' lang='lat' dir='ltr'><strong>fuisse</strong></span> <span class='ocrx_word' id='word_1_209' title='bbox 785 1059 792 1075; x_wconf 76' lang='lat' dir='ltr'><em>z</em></span> <span class='ocrx_word' id='word_1_210' title='bbox 806 1046 934 1083; x_wconf 89' lang='lat' dir='ltr'><strong>quoniam</strong></span> <span class='ocrx_word' id='word_1_211' title='bbox 944 1053 1009 1076; x_wconf 89' lang='lat' dir='ltr'><strong>tunc</strong></span> 
     </span>
     <span class='ocr_line' id='line_1_27' title="bbox 262 1085 1007 1127; baseline -0.003 -11"><span class='ocrx_word' id='word_1_212' title='bbox 262 1087 395 1127; x_wconf 90' lang='lat' dir='ltr'><strong>primitivi</strong></span> <span class='ocrx_word' id='word_1_213' title='bbox 406 1086 481 1127; x_wconf 88' lang='lat' dir='ltr'><strong>apud</strong></span> <span class='ocrx_word' id='word_1_214' title='bbox 491 1087 554 1116; x_wconf 87' lang='lat' dir='ltr'><strong>illos</strong></span> <span class='ocrx_word' id='word_1_215' title='bbox 567 1086 634 1115; x_wconf 85' lang='lat' dir='ltr'><strong>clari</strong></span> <span class='ocrx_word' id='word_1_216' title='bbox 647 1093 673 1115; x_wconf 90' lang='lat' dir='ltr'><strong>et</strong></span> <span class='ocrx_word' id='word_1_217' title='bbox 685 1086 856 1115; x_wconf 85' lang='lat' dir='ltr'><strong>honorabiles</strong></span> <span class='ocrx_word' id='word_1_218' title='bbox 869 1085 1007 1115; x_wconf 83' lang='lat' dir='ltr'><strong>habeban-</strong></span> 
     </span>
    </p>
   </div>
   <div class='ocr_carea' id='block_1_8' title="bbox 197 1116 1007 1164">
    <p class='ocr_par' dir='ltr' id='par_1_8' title="bbox 197 1116 1007 1164">
     <span class='ocr_line' id='line_1_28' title="bbox 197 1116 1007 1164; baseline -0.002 -8"><span class='ocrx_word' id='word_1_219' title='bbox 197 1116 203 1123; x_wconf 76' lang='lat'><strong>-,</strong></span> <span class='ocrx_word' id='word_1_220' title='bbox 232 1154 235 1157; x_wconf 76' lang='grc'><strong><em>,</em></strong></span> <span class='ocrx_word' id='word_1_221' title='bbox 265 1133 309 1156; x_wconf 88' lang='lat' dir='ltr'><strong>tur</strong></span> <span class='ocrx_word' id='word_1_222' title='bbox 318 1139 325 1156; x_wconf 90' lang='lat'>:</span> <span class='ocrx_word' id='word_1_223' title='bbox 334 1134 390 1156; x_wconf 90' lang='lat' dir='ltr'><strong>tum</strong></span> <span class='ocrx_word' id='word_1_224' title='bbox 402 1134 428 1156; x_wconf 91' lang='lat' dir='ltr'><strong>et</strong></span> <span class='ocrx_word' id='word_1_225' title='bbox 436 1125 583 1156; x_wconf 86' lang='lat' dir='ltr'><strong>secundum</strong></span> <span class='ocrx_word' id='word_1_226' title='bbox 591 1126 692 1162; x_wconf 87' lang='lat' dir='ltr'><strong>Deum,</strong></span> <span class='ocrx_word' id='word_1_227' title='bbox 699 1132 830 1164; x_wconf 86' lang='lat' dir='ltr'><strong>quantum</strong></span> <span class='ocrx_word' id='word_1_228' title='bbox 841 1125 875 1154; x_wconf 90' lang='lat' dir='ltr'><strong>ad</strong></span> <span class='ocrx_word' id='word_1_229' title='bbox 883 1125 951 1155; x_wconf 89' lang='lat' dir='ltr'><strong>alios</strong></span> <span class='ocrx_word' id='word_1_230' title='bbox 959 1126 1007 1164; x_wconf 94' lang='lat' dir='ltr'><strong>qui</strong></span> 
     </span>
    </p>
   </div>
   <div class='ocr_carea' id='block_1_9' title="bbox 112 1331 252 1387">
    <p class='ocr_par' dir='ltr' id='par_1_9' title="bbox 112 1331 252 1387">
     <span class='ocr_line' id='line_1_29' title="bbox 115 1331 252 1354; baseline 0 -1"><span class='ocrx_word' id='word_1_231' title='bbox 115 1337 137 1353; x_wconf 82' lang='lat'><strong>2.</strong></span> <span class='ocrx_word' id='word_1_232' title='bbox 164 1331 252 1354; x_wconf 77' lang='lat' dir='ltr'><strong>Paral-</strong></span> 
     </span>
     <span class='ocr_line' id='line_1_30' title="bbox 112 1363 151 1387; baseline -0.026 -3"><span class='ocrx_word' id='word_1_233' title='bbox 112 1363 151 1387; x_wconf 82' lang='grc'><strong>26.</strong></span> 
     </span>
    </p>
   </div>
   <div class='ocr_carea' id='block_1_10' title="bbox 114 2037 239 2060">
    <p class='ocr_par' dir='ltr' id='par_1_10' title="bbox 114 2037 239 2060">
     <span class='ocr_line' id='line_1_31' title="bbox 114 2037 239 2060; baseline 0 -1"><span class='ocrx_word' id='word_1_234' title='bbox 114 2037 239 2060; x_wconf 71' lang='lat' dir='ltr'><strong>Oelmias,</strong></span> 
     </span>
    </p>
   </div>
   <div class='ocr_carea' id='block_1_11' title="bbox 262 1164 1012 1440">
    <p class='ocr_par' dir='ltr' id='par_1_11' title="bbox 262 1164 1012 1440">
     <span class='ocr_line' id='line_1_32' title="bbox 263 1164 1007 1204; baseline -0.001 -9"><span class='ocrx_word' id='word_1_235' title='bbox 263 1176 297 1195; x_wconf 85' lang='lat' dir='ltr'><strong>ex</strong></span> <span class='ocrx_word' id='word_1_236' title='bbox 317 1166 458 1195; x_wconf 87' lang='lat' dir='ltr'><strong>maledicto</strong></span> <span class='ocrx_word' id='word_1_237' title='bbox 480 1164 580 1195; x_wconf 83' lang='lat' dir='ltr'><strong>semine</strong></span> <span class='ocrx_word' id='word_1_238' title='bbox 600 1165 791 1194; x_wconf 86' lang='lat' dir='ltr'><strong>descenderant</strong></span> <span class='ocrx_word' id='word_1_239' title='bbox 809 1175 893 1204; x_wconf 89' lang='lat' dir='ltr'><strong>reges.</strong></span> <span class='ocrx_word' id='word_1_240' title='bbox 917 1165 1007 1194; x_wconf 86' lang='lat' dir='ltr'><strong>Etiam</strong></span> 
     </span>
     <span class='ocr_line' id='line_1_33' title="bbox 262 1204 1007 1243; baseline 0 -9"><span class='ocrx_word' id='word_1_241' title='bbox 262 1205 412 1234; x_wconf 85' lang='lat' dir='ltr'><strong>secundum</strong></span> <span class='ocrx_word' id='word_1_242' title='bbox 422 1207 510 1234; x_wconf 88' lang='lat' dir='ltr'><strong>Deum</strong></span> <span class='ocrx_word' id='word_1_243' title='bbox 521 1204 620 1234; x_wconf 91' lang='lat' dir='ltr'><strong>nobilis</strong></span> <span class='ocrx_word' id='word_1_244' title='bbox 627 1205 689 1240; x_wconf 88' lang='lat' dir='ltr'><strong>fuit,</strong></span> <span class='ocrx_word' id='word_1_245' title='bbox 699 1205 762 1243; x_wconf 91' lang='lat' dir='ltr'><strong>quia</strong></span> <span class='ocrx_word' id='word_1_246' title='bbox 772 1205 833 1234; x_wconf 83' lang='lat' dir='ltr'><strong>fecit</strong></span> <span class='ocrx_word' id='word_1_247' title='bbox 842 1204 921 1234; x_wconf 86' lang='lat' dir='ltr'><strong>Ozias</strong></span> <span class='ocrx_word' id='word_1_248' title='bbox 933 1204 1007 1243; x_wconf 86' lang='lat' dir='ltr'><strong>qnod</strong></span> 
     </span>
     <span class='ocr_line' id='line_1_34' title="bbox 262 1244 1012 1284; baseline 0 -11"><span class='ocrx_word' id='word_1_249' title='bbox 262 1244 393 1284; x_wconf 84' lang='lat' dir='ltr'><strong>placitum</strong></span> <span class='ocrx_word' id='word_1_250' title='bbox 403 1251 461 1273; x_wconf 86' lang='lat' dir='ltr'><strong>erat</strong></span> <span class='ocrx_word' id='word_1_251' title='bbox 478 1246 546 1280; x_wconf 81' lang='lat' dir='ltr'><strong>Deo,</strong></span> <span class='ocrx_word' id='word_1_252' title='bbox 561 1251 587 1273; x_wconf 86' lang='lat' dir='ltr'><strong>et</strong></span> <span class='ocrx_word' id='word_1_253' title='bbox 604 1244 632 1272; x_wconf 90' lang='lat' dir='ltr'><strong>in</strong></span> <span class='ocrx_word' id='word_1_254' title='bbox 646 1244 771 1273; x_wconf 91' lang='lat' dir='ltr'><strong>omnibus</strong></span> <span class='ocrx_word' id='word_1_255' title='bbox 784 1255 800 1272; x_wconf 90' lang='lat' dir='ltr'><strong>a</strong></span> <span class='ocrx_word' id='word_1_256' title='bbox 818 1245 875 1273; x_wconf 85' lang='lat' dir='ltr'><strong>Deo</strong></span> <span class='ocrx_word' id='word_1_257' title='bbox 897 1244 1012 1283; x_wconf 79' lang='lat' dir='ltr'><strong>adjutus</strong></span> 
     </span>
     <span class='ocr_line' id='line_1_35' title="bbox 262 1284 1004 1327; baseline 0 -15"><span class='ocrx_word' id='word_1_258' title='bbox 262 1291 312 1320; x_wconf 87' lang='lat' dir='ltr'><strong>est,</strong></span> <span class='ocrx_word' id='word_1_259' title='bbox 327 1291 437 1323; x_wconf 87' lang='lat' dir='ltr'><strong>propter</strong></span> <span class='ocrx_word' id='word_1_260' title='bbox 451 1284 524 1322; x_wconf 89' lang='lat' dir='ltr'><strong>quod</strong></span> <span class='ocrx_word' id='word_1_261' title='bbox 544 1293 606 1311; x_wconf 86' lang='lat' dir='ltr'><strong>cum</strong></span> <span class='ocrx_word' id='word_1_262' title='bbox 619 1284 713 1312; x_wconf 83' lang='lat' dir='ltr'><strong>fuisset</strong></span> <span class='ocrx_word' id='word_1_263' title='bbox 724 1294 739 1311; x_wconf 89' lang='lat' dir='ltr'><strong>a</strong></span> <span class='ocrx_word' id='word_1_264' title='bbox 753 1284 809 1312; x_wconf 91' lang='lat' dir='ltr'><strong>Deo</strong></span> <span class='ocrx_word' id='word_1_265' title='bbox 821 1290 1004 1327; x_wconf 73' lang='lat' dir='ltr'><strong>prosperatus,</strong></span> 
     </span>
     <span class='ocr_line' id='line_1_36' title="bbox 262 1321 1006 1362; baseline 0 -10"><span class='ocrx_word' id='word_1_266' title='bbox 262 1323 363 1352; x_wconf 84' lang='lat' dir='ltr'><strong>elatum</strong></span> <span class='ocrx_word' id='word_1_267' title='bbox 375 1330 414 1352; x_wconf 86' lang='lat' dir='ltr'><strong>est</strong></span> <span class='ocrx_word' id='word_1_268' title='bbox 424 1333 471 1352; x_wconf 87' lang='lat' dir='ltr'><strong>cor</strong></span> <span class='ocrx_word' id='word_1_269' title='bbox 482 1323 551 1362; x_wconf 86' lang='lat' dir='ltr'><strong>ejus,</strong></span> <span class='ocrx_word' id='word_1_270' title='bbox 565 1329 591 1351; x_wconf 90' lang='lat' dir='ltr'><strong>et</strong></span> <span class='ocrx_word' id='word_1_271' title='bbox 604 1321 719 1361; x_wconf 85' lang='lat' dir='ltr'><strong>dignum</strong></span> <span class='ocrx_word' id='word_1_272' title='bbox 730 1332 758 1351; x_wconf 81' lang='lat' dir='ltr'><strong>se</strong></span> <span class='ocrx_word' id='word_1_273' title='bbox 771 1322 914 1352; x_wconf 79' lang='lat' dir='ltr'><strong>aestimavit</strong></span> <span class='ocrx_word' id='word_1_274' title='bbox 927 1323 1006 1352; x_wconf 88' lang='lat' dir='ltr'><strong>etiam</strong></span> 
     </span>
     <span class='ocr_line' id='line_1_37' title="bbox 262 1362 1006 1406; baseline 0 -15"><span class='ocrx_word' id='word_1_275' title='bbox 262 1362 420 1392; x_wconf 84' lang='lat' dir='ltr'><strong>sacerdotali</strong></span> <span class='ocrx_word' id='word_1_276' title='bbox 434 1362 523 1391; x_wconf 88' lang='lat' dir='ltr'><strong>officio</strong></span> <span class='ocrx_word' id='word_1_277' title='bbox 537 1362 624 1400; x_wconf 87' lang='lat' dir='ltr'><strong>fungi.</strong></span> <span class='ocrx_word' id='word_1_278' title='bbox 636 1362 705 1390; x_wconf 85' lang='lat' dir='ltr'><strong>Nam</strong></span> <span class='ocrx_word' id='word_1_279' title='bbox 717 1371 779 1390; x_wconf 91' lang='lat' dir='ltr'><strong>cum</strong></span> <span class='ocrx_word' id='word_1_280' title='bbox 791 1368 944 1406; x_wconf 78' lang='lat' dir='ltr'><strong>usurpasset</strong></span> <span class='ocrx_word' id='word_1_281' title='bbox 954 1362 1006 1391; x_wconf 91' lang='lat' dir='ltr'><strong>sibi</strong></span> 
     </span>
     <span class='ocr_line' id='line_1_38' title="bbox 263 1401 1006 1440; baseline -0.001 -9"><span class='ocrx_word' id='word_1_282' title='bbox 263 1402 436 1431; x_wconf 85' lang='lat' dir='ltr'><strong>thuribulum</strong></span> <span class='ocrx_word' id='word_1_283' title='bbox 456 1402 553 1430; x_wconf 87' lang='lat' dir='ltr'><strong>inferre</strong></span> <span class='ocrx_word' id='word_1_284' title='bbox 566 1401 596 1430; x_wconf 93' lang='lat' dir='ltr'><strong>in</strong></span> <span class='ocrx_word' id='word_1_285' title='bbox 609 1401 751 1440; x_wconf 87' lang='lat' dir='ltr'><strong>templum,</strong></span> <span class='ocrx_word' id='word_1_286' title='bbox 772 1407 799 1429; x_wconf 91' lang='lat' dir='ltr'><strong>et</strong></span> <span class='ocrx_word' id='word_1_287' title='bbox 811 1407 962 1430; x_wconf 78' lang='lat' dir='ltr'><strong>resisterent</strong></span> <span class='ocrx_word' id='word_1_288' title='bbox 981 1401 1006 1430; x_wconf 86' lang='lat' dir='ltr'><strong>ei</strong></span> 
     </span>
    </p>
   </div>
   <div class='ocr_carea' id='block_1_12' title="bbox 853 191 1198 231">
    <p class='ocr_par' dir='ltr' id='par_1_12' title="bbox 853 191 1198 231">
     <span class='ocr_line' id='line_1_39' title="bbox 853 191 1198 231; baseline 0.006 -15"><span class='ocrx_word' id='word_1_289' title='bbox 853 191 937 231; x_wconf 74' lang='lat' dir='ltr'><strong>OPUS</strong></span> <span class='ocrx_word' id='word_1_290' title='bbox 960 191 1198 218; x_wconf 71' lang='lat' dir='ltr'><strong>IMPERFECTUM</strong></span> 
     </span>
    </p>
   </div>
   <div class='ocr_carea' id='block_1_13' title="bbox 1058 335 1801 534">
    <p class='ocr_par' dir='ltr' id='par_1_13' title="bbox 1058 335 1801 534">
     <span class='ocr_line' id='line_1_40' title="bbox 1058 335 1800 375; baseline 0.004 -12"><span class='ocrx_word' id='word_1_291' title='bbox 1058 335 1129 363; x_wconf 88' lang='lat' dir='ltr'><strong>Non</strong></span> <span class='ocrx_word' id='word_1_292' title='bbox 1139 336 1194 364; x_wconf 85' lang='lat' dir='ltr'><strong>erit</strong></span> <span class='ocrx_word' id='word_1_293' title='bbox 1206 335 1290 364; x_wconf 86' lang='lat' dir='ltr'><strong>vobis</strong></span> <span class='ocrx_word' id='word_1_294' title='bbox 1305 337 1338 364; x_wconf 79' lang='lat' dir='ltr'><strong>in</strong></span> <span class='ocrx_word' id='word_1_295' title='bbox 1346 345 1528 375; x_wconf 83' lang='lat' dir='ltr'><strong>prosperum;</strong></span> <span class='ocrx_word' id='word_1_296' title='bbox 1541 338 1682 374; x_wconf 85' lang='lat' dir='ltr'><strong>quoniam</strong></span> <span class='ocrx_word' id='word_1_297' title='bbox 1695 337 1800 366; x_wconf 71' lang='lat' dir='ltr'><strong>dereli-</strong></span> 
     </span>
     <span class='ocr_line' id='line_1_41' title="bbox 1059 374 1799 415; baseline 0.003 -13"><span class='ocrx_word' id='word_1_298' title='bbox 1059 375 1149 412; x_wconf 82' lang='lat' dir='ltr'><strong>quisti</strong></span> <span class='ocrx_word' id='word_1_299' title='bbox 1170 375 1342 412; x_wconf 78' lang='lat' dir='ltr'><strong>Dominum,</strong></span> <span class='ocrx_word' id='word_1_300' title='bbox 1355 381 1384 404; x_wconf 87' lang='lat' dir='ltr'><strong>et</strong></span> <span class='ocrx_word' id='word_1_301' title='bbox 1396 374 1449 403; x_wconf 89' lang='lat' dir='ltr'><strong>ille</strong></span> <span class='ocrx_word' id='word_1_302' title='bbox 1468 375 1652 415; x_wconf 81' lang='lat' dir='ltr'><strong>derelinquet</strong></span> <span class='ocrx_word' id='word_1_303' title='bbox 1662 386 1718 405; x_wconf 86' lang='lat' dir='ltr'><strong>vos</strong></span> <span class='ocrx_word' id='word_1_304' title='bbox 1733 388 1741 405; x_wconf 89' lang='lat'><strong>:</strong></span> <span class='ocrx_word' id='word_1_305' title='bbox 1756 375 1799 404; x_wconf 90' lang='lat' dir='ltr'><strong>in-</strong></span> 
     </span>
     <span class='ocr_line' id='line_1_42' title="bbox 1058 413 1801 456; baseline 0.005 -15"><span class='ocrx_word' id='word_1_306' title='bbox 1058 421 1233 444; x_wconf 86' lang='lat' dir='ltr'><strong>surrexerunt</strong></span> <span class='ocrx_word' id='word_1_307' title='bbox 1246 414 1275 443; x_wconf 93' lang='lat' dir='ltr'><strong>in</strong></span> <span class='ocrx_word' id='word_1_308' title='bbox 1288 424 1361 451; x_wconf 89' lang='lat' dir='ltr'><strong>eum,</strong></span> <span class='ocrx_word' id='word_1_309' title='bbox 1377 421 1403 443; x_wconf 89' lang='lat' dir='ltr'><strong>et</strong></span> <span class='ocrx_word' id='word_1_310' title='bbox 1413 413 1603 454; x_wconf 85' lang='lat' dir='ltr'><strong>lapidaverunt</strong></span> <span class='ocrx_word' id='word_1_311' title='bbox 1613 426 1675 445; x_wconf 89' lang='lat' dir='ltr'><strong>eum</strong></span> <span class='ocrx_word' id='word_1_312' title='bbox 1686 426 1721 445; x_wconf 80' lang='lat' dir='ltr'><strong>ex</strong></span> <span class='ocrx_word' id='word_1_313' title='bbox 1732 426 1801 456; x_wconf 83' lang='lat' dir='ltr'><strong>prae-</strong></span> 
     </span>
     <span class='ocr_line' id='line_1_43' title="bbox 1060 453 1800 493; baseline 0.004 -11"><span class='ocrx_word' id='word_1_314' title='bbox 1060 459 1137 492; x_wconf 87' lang='lat' dir='ltr'><strong>cepto</strong></span> <span class='ocrx_word' id='word_1_315' title='bbox 1158 453 1229 493; x_wconf 82' lang='lat' dir='ltr'><strong>regis</strong></span> <span class='ocrx_word' id='word_1_316' title='bbox 1252 465 1260 482; x_wconf 71' lang='grc' dir='ltr'><strong><em>ε</em></strong></span> <span class='ocrx_word' id='word_1_317' title='bbox 1283 460 1393 493; x_wconf 84' lang='lat' dir='ltr'><strong>propter</strong></span> <span class='ocrx_word' id='word_1_318' title='bbox 1411 453 1485 492; x_wconf 89' lang='lat' dir='ltr'><strong>quod</strong></span> <span class='ocrx_word' id='word_1_319' title='bbox 1503 461 1530 483; x_wconf 88' lang='lat' dir='ltr'><strong>et</strong></span> <span class='ocrx_word' id='word_1_320' title='bbox 1551 455 1738 485; x_wconf 86' lang='lat' dir='ltr'><strong>convenienter</strong></span> <span class='ocrx_word' id='word_1_321' title='bbox 1749 465 1800 485; x_wconf 93' lang='lat' dir='ltr'><strong>no-</strong></span> 
     </span>
     <span class='ocr_line' id='line_1_44' title="bbox 1058 492 1801 534; baseline 0.004 -13"><span class='ocrx_word' id='word_1_322' title='bbox 1058 502 1119 521; x_wconf 89' lang='lat' dir='ltr'><strong>men</strong></span> <span class='ocrx_word' id='word_1_323' title='bbox 1132 494 1190 533; x_wconf 90' lang='lat' dir='ltr'><strong>ejus</strong></span> <span class='ocrx_word' id='word_1_324' title='bbox 1206 492 1398 534; x_wconf 87' lang='lat' dir='ltr'><strong>interpretatur</strong></span> <span class='ocrx_word' id='word_1_325' title='bbox 1404 493 1533 533; x_wconf 86' lang='lat' dir='ltr'><strong>temporis</strong></span> <span class='ocrx_word' id='word_1_326' title='bbox 1545 493 1724 534; x_wconf 78' lang='lat' dir='ltr'><strong>prolongatio,</strong></span> <span class='ocrx_word' id='word_1_327' title='bbox 1737 495 1801 534; x_wconf 88' lang='lat' dir='ltr'><strong>quia</strong></span> 
     </span>
    </p>
   </div>
   <div class='ocr_carea' id='block_1_14' title="bbox 1058 532 1904 577">
    <p class='ocr_par' dir='ltr' id='par_1_14' title="bbox 1058 532 1904 577">
     <span class='ocr_line' id='line_1_45' title="bbox 1058 532 1904 577; baseline 0.006 -16"><span class='ocrx_word' id='word_1_328' title='bbox 1058 532 1227 577; x_wconf 75' lang='lat' dir='ltr'><strong>prolongatio</strong></span> <span class='ocrx_word' id='word_1_329' title='bbox 1239 533 1368 572; x_wconf 87' lang='lat' dir='ltr'><strong>temporis</strong></span> <span class='ocrx_word' id='word_1_330' title='bbox 1388 535 1502 564; x_wconf 81' lang='lat' dir='ltr'><strong>mutavit</strong></span> <span class='ocrx_word' id='word_1_331' title='bbox 1514 543 1576 562; x_wconf 89' lang='lat' dir='ltr'><strong>eum</strong></span> <span class='ocrx_word' id='word_1_332' title='bbox 1588 534 1618 562; x_wconf 92' lang='lat' dir='ltr'><strong>in</strong></span> <span class='ocrx_word' id='word_1_333' title='bbox 1630 535 1719 575; x_wconf 88' lang='lat' dir='ltr'><strong>pejus.</strong></span> <span class='ocrx_word' id='word_1_334' title='bbox 1733 536 1801 565; x_wconf 87' lang='lat' dir='ltr'><strong>Item</strong></span> <span class='ocrx_word' id='word_1_335' title='bbox 1809 538 1904 562; x_wconf 69' lang='lat' dir='ltr'><strong>Amarea</strong></span> 
     </span>
    </p>
   </div>
   <div class='ocr_carea' id='block_1_15' title="bbox 1057 572 1804 846">
    <p class='ocr_par' dir='ltr' id='par_1_15' title="bbox 1057 572 1804 846">
     <span class='ocr_line' id='line_1_46' title="bbox 1058 572 1801 609; baseline 0.005 -9"><span class='ocrx_word' id='word_1_336' title='bbox 1058 573 1180 602; x_wconf 83' lang='lat' dir='ltr'><strong>Amazias</strong></span> <span class='ocrx_word' id='word_1_337' title='bbox 1217 573 1280 602; x_wconf 81' lang='lat' dir='ltr'><strong>aulo</strong></span> <span class='ocrx_word' id='word_1_338' title='bbox 1292 572 1388 602; x_wconf 86' lang='lat' dir='ltr'><strong>melior</strong></span> <span class='ocrx_word' id='word_1_339' title='bbox 1407 572 1519 609; x_wconf 83' lang='lat' dir='ltr'><strong>exstitit,</strong></span> <span class='ocrx_word' id='word_1_340' title='bbox 1554 584 1617 602; x_wconf 88' lang='lat' dir='ltr'><strong>uam</strong></span> <span class='ocrx_word' id='word_1_341' title='bbox 1633 574 1697 604; x_wconf 85' lang='lat' dir='ltr'><strong>Joas</strong></span> <span class='ocrx_word' id='word_1_342' title='bbox 1712 586 1719 602; x_wconf 90' lang='lat'>:</span> <span class='ocrx_word' id='word_1_343' title='bbox 1738 585 1801 604; x_wconf 89' lang='lat' dir='ltr'><strong>nam</strong></span> 
     </span>
     <span class='ocr_line' id='line_1_47' title="bbox 1059 584 1803 652; baseline 0.007 -13"><span class='ocrx_word' id='word_1_344' title='bbox 1059 611 1180 641; x_wconf 83' lang='lat' dir='ltr'><strong>Amazias</strong></span> <span class='ocrx_word' id='word_1_345' title='bbox 1197 584 1272 641; x_wconf 59' lang='lat' dir='ltr'><strong>Elius</strong></span> <span class='ocrx_word' id='word_1_346' title='bbox 1290 613 1349 652; x_wconf 91' lang='lat' dir='ltr'><strong>ejus</strong></span> <span class='ocrx_word' id='word_1_347' title='bbox 1364 612 1392 641; x_wconf 91' lang='lat' dir='ltr'><strong>in</strong></span> <span class='ocrx_word' id='word_1_348' title='bbox 1409 612 1504 652; x_wconf 90' lang='lat' dir='ltr'><strong>primis</strong></span> <span class='ocrx_word' id='word_1_349' title='bbox 1521 624 1540 652; x_wconf 91' lang='lat' dir='ltr'><strong>p</strong></span> <span class='ocrx_word' id='word_1_350' title='bbox 1569 613 1625 642; x_wconf 86' lang='lat' dir='ltr'><strong>cuit</strong></span> <span class='ocrx_word' id='word_1_351' title='bbox 1644 615 1713 650; x_wconf 92' lang='lat' dir='ltr'><strong>Deo,</strong></span> <span class='ocrx_word' id='word_1_352' title='bbox 1732 614 1803 645; x_wconf 84' lang='lat' dir='ltr'><strong>sicut</strong></span> 
     </span>
     <span class='ocr_line' id='line_1_48' title="bbox 1058 650 1803 691; baseline 0.007 -13"><span class='ocrx_word' id='word_1_353' title='bbox 1058 650 1133 688; x_wconf 87' lang='lat' dir='ltr'><strong>Joas,</strong></span> <span class='ocrx_word' id='word_1_354' title='bbox 1149 651 1198 680; x_wconf 92' lang='lat' dir='ltr'><strong>sed</strong></span> <span class='ocrx_word' id='word_1_355' title='bbox 1244 659 1298 682; x_wconf 89' lang='lat' dir='ltr'><strong>stea</strong></span> <span class='ocrx_word' id='word_1_356' title='bbox 1310 651 1472 691; x_wconf 81' lang='lat' dir='ltr'><strong>malignatus</strong></span> <span class='ocrx_word' id='word_1_357' title='bbox 1482 658 1522 682; x_wconf 89' lang='lat' dir='ltr'><strong>est</strong></span> <span class='ocrx_word' id='word_1_358' title='bbox 1530 652 1599 682; x_wconf 87' lang='lat' dir='ltr'><strong>sicut</strong></span> <span class='ocrx_word' id='word_1_359' title='bbox 1609 653 1673 683; x_wconf 84' lang='lat' dir='ltr'><strong>Joas</strong></span> <span class='ocrx_word' id='word_1_360' title='bbox 1686 665 1694 682; x_wconf 70' lang='grc' dir='ltr'><strong><em>ε</em></strong></span> <span class='ocrx_word' id='word_1_361' title='bbox 1709 663 1803 683; x_wconf 84' lang='lat' dir='ltr'><strong>secun-</strong></span> 
     </span>
     <span class='ocr_line' id='line_1_49' title="bbox 1057 688 1802 732; baseline 0.004 -13"><span class='ocrx_word' id='word_1_362' title='bbox 1057 688 1124 719; x_wconf 87' lang='lat' dir='ltr'><strong>dum</strong></span> <span class='ocrx_word' id='word_1_363' title='bbox 1137 690 1188 720; x_wconf 87' lang='lat' dir='ltr'><strong>hoc</strong></span> <span class='ocrx_word' id='word_1_364' title='bbox 1214 692 1254 721; x_wconf 87' lang='lat' dir='ltr'><strong>uit</strong></span> <span class='ocrx_word' id='word_1_365' title='bbox 1265 691 1360 721; x_wconf 90' lang='lat' dir='ltr'><strong>melior</strong></span> <span class='ocrx_word' id='word_1_366' title='bbox 1376 702 1459 730; x_wconf 88' lang='lat' dir='ltr'><strong>quam</strong></span> <span class='ocrx_word' id='word_1_367' title='bbox 1473 692 1537 722; x_wconf 88' lang='lat' dir='ltr'><strong>Joas</strong></span> <span class='ocrx_word' id='word_1_368' title='bbox 1554 698 1630 732; x_wconf 83' lang='lat' dir='ltr'><strong>pater</strong></span> <span class='ocrx_word' id='word_1_369' title='bbox 1648 703 1723 728; x_wconf 77' lang='lat' dir='ltr'><strong>suuS,</strong></span> <span class='ocrx_word' id='word_1_370' title='bbox 1737 693 1802 732; x_wconf 84' lang='lat' dir='ltr'><strong>quia</strong></span> 
     </span>
     <span class='ocr_line' id='line_1_50' title="bbox 1057 729 1804 771; baseline 0.005 -13"><span class='ocrx_word' id='word_1_371' title='bbox 1057 729 1120 758; x_wconf 88' lang='lat' dir='ltr'><strong>Joas</strong></span> <span class='ocrx_word' id='word_1_372' title='bbox 1140 731 1327 771; x_wconf 82' lang='lat' dir='ltr'><strong>corripientem</strong></span> <span class='ocrx_word' id='word_1_373' title='bbox 1346 741 1375 760; x_wconf 90' lang='lat' dir='ltr'><strong>se</strong></span> <span class='ocrx_word' id='word_1_374' title='bbox 1394 731 1555 770; x_wconf 77' lang='lat' dir='ltr'><strong>prophetam</strong></span> <span class='ocrx_word' id='word_1_375' title='bbox 1568 731 1706 771; x_wconf 87' lang='lat' dir='ltr'><strong>lapidibus</strong></span> <span class='ocrx_word' id='word_1_376' title='bbox 1717 732 1804 762; x_wconf 81' lang='lat' dir='ltr'><strong>inter-</strong></span> 
     </span>
     <span class='ocr_line' id='line_1_51' title="bbox 1057 768 1803 806; baseline 0.005 -8"><span class='ocrx_word' id='word_1_377' title='bbox 1057 768 1130 806; x_wconf 82' lang='lat' dir='ltr'><strong>fecit,</strong></span> <span class='ocrx_word' id='word_1_378' title='bbox 1145 777 1171 799; x_wconf 90' lang='lat' dir='ltr'><strong>et</strong></span> <span class='ocrx_word' id='word_1_379' title='bbox 1194 771 1245 800; x_wconf 84' lang='lat' dir='ltr'><strong>hoc</strong></span> <span class='ocrx_word' id='word_1_380' title='bbox 1258 771 1294 800; x_wconf 90' lang='lat' dir='ltr'><strong>ob</strong></span> <span class='ocrx_word' id='word_1_381' title='bbox 1307 771 1397 800; x_wconf 84' lang='lat' dir='ltr'><strong>filium</strong></span> <span class='ocrx_word' id='word_1_382' title='bbox 1407 770 1510 800; x_wconf 76' lang='lat' dir='ltr'><strong>Joiadae</strong></span> <span class='ocrx_word' id='word_1_383' title='bbox 1522 770 1667 801; x_wconf 86' lang='lat' dir='ltr'><strong>sacerdotis</strong></span> <span class='ocrx_word' id='word_1_384' title='bbox 1726 772 1803 802; x_wconf 75' lang='lat' dir='ltr'><strong>ifica-</strong></span> 
     </span>
     <span class='ocr_line' id='line_1_52' title="bbox 1057 808 1802 846; baseline 0.008 -10"><span class='ocrx_word' id='word_1_385' title='bbox 1057 808 1124 837; x_wconf 90' lang='lat' dir='ltr'><strong>toris</strong></span> <span class='ocrx_word' id='word_1_386' title='bbox 1142 810 1197 839; x_wconf 87' lang='lat' dir='ltr'><strong>sui.</strong></span> <span class='ocrx_word' id='word_1_387' title='bbox 1218 811 1340 840; x_wconf 84' lang='lat' dir='ltr'><strong>Amazias</strong></span> <span class='ocrx_word' id='word_1_388' title='bbox 1352 817 1453 846; x_wconf 83' lang='lat' dir='ltr'><strong>autem,</strong></span> <span class='ocrx_word' id='word_1_389' title='bbox 1466 820 1528 840; x_wconf 90' lang='lat' dir='ltr'><strong>cum</strong></span> <span class='ocrx_word' id='word_1_390' title='bbox 1551 810 1666 840; x_wconf 82' lang='lat' dir='ltr'><strong>misisset</strong></span> <span class='ocrx_word' id='word_1_391' title='bbox 1739 822 1802 842; x_wconf 86' lang='lat' dir='ltr'><strong>enm</strong></span> 
     </span>
    </p>
   </div>
   <div class='ocr_carea' id='block_1_16' title="bbox 1057 926 1803 1403">
    <p class='ocr_par' dir='ltr' id='par_1_16' title="bbox 1057 926 1803 1323">
     <span class='ocr_line' id='line_1_53' title="bbox 1058 926 1801 964; baseline 0.005 -8"><span class='ocrx_word' id='word_1_392' title='bbox 1058 926 1095 955; x_wconf 78' lang='lat' dir='ltr'><strong>de</strong></span> <span class='ocrx_word' id='word_1_393' title='bbox 1116 937 1206 958; x_wconf 84' lang='lat' dir='ltr'><strong>manu</strong></span> <span class='ocrx_word' id='word_1_394' title='bbox 1227 931 1301 958; x_wconf 76' lang='lat' dir='ltr'><strong>tua?</strong></span> <span class='ocrx_word' id='word_1_395' title='bbox 1324 939 1376 958; x_wconf 89' lang='lat' dir='ltr'><strong>non</strong></span> <span class='ocrx_word' id='word_1_396' title='bbox 1397 928 1539 964; x_wconf 84' lang='lat' dir='ltr'><strong>interfecit,</strong></span> <span class='ocrx_word' id='word_1_397' title='bbox 1557 929 1604 958; x_wconf 89' lang='lat' dir='ltr'><strong>sed</strong></span> <span class='ocrx_word' id='word_1_398' title='bbox 1625 930 1801 961; x_wconf 71' lang='lat' dir='ltr'><strong>comminatus</strong></span> 
     </span>
     <span class='ocr_line' id='line_1_54' title="bbox 1057 966 1803 1009; baseline 0.007 -14"><span class='ocrx_word' id='word_1_399' title='bbox 1057 966 1194 1006; x_wconf 84' lang='lat' dir='ltr'><strong>respondit</strong></span> <span class='ocrx_word' id='word_1_400' title='bbox 1207 967 1250 998; x_wconf 89' lang='lat' dir='ltr'><strong>ei:</strong></span> <span class='ocrx_word' id='word_1_401' title='bbox 1265 969 1418 1008; x_wconf 81' lang='lat' dir='ltr'><strong>Numquid</strong></span> <span class='ocrx_word' id='word_1_402' title='bbox 1429 969 1629 998; x_wconf 83' lang='lat' dir='ltr'><strong>consiliarium</strong></span> <span class='ocrx_word' id='word_1_403' title='bbox 1643 971 1716 1009; x_wconf 83' lang='lat' dir='ltr'><strong>regis</strong></span> <span class='ocrx_word' id='word_1_404' title='bbox 1732 971 1803 1000; x_wconf 84' lang='lat' dir='ltr'><strong>dedi</strong></span> 
     </span>
     <span class='ocr_line' id='line_1_55' title="bbox 1059 1007 1800 1052; baseline 0.005 -17"><span class='ocrx_word' id='word_1_405' title='bbox 1059 1009 1109 1034; x_wconf 74' lang='lat' dir='ltr'><strong>te?</strong></span> <span class='ocrx_word' id='word_1_406' title='bbox 1126 1007 1204 1036; x_wconf 77' lang='lat' dir='ltr'><strong>Cave</strong></span> <span class='ocrx_word' id='word_1_407' title='bbox 1218 1009 1272 1036; x_wconf 87' lang='lat' dir='ltr'><strong>tibi</strong></span> <span class='ocrx_word' id='word_1_408' title='bbox 1291 1018 1328 1037; x_wconf 86' lang='lat' dir='ltr'><strong>ne</strong></span> <span class='ocrx_word' id='word_1_409' title='bbox 1336 1007 1515 1052; x_wconf 72' lang='lat' dir='ltr'><strong>flagelleris.</strong></span> <span class='ocrx_word' id='word_1_410' title='bbox 1534 1009 1602 1038; x_wconf 80' lang='lat' dir='ltr'><strong>Item</strong></span> <span class='ocrx_word' id='word_1_411' title='bbox 1625 1009 1705 1038; x_wconf 84' lang='lat' dir='ltr'><strong>Ozias</strong></span> <span class='ocrx_word' id='word_1_412' title='bbox 1725 1010 1800 1040; x_wconf 86' lang='lat' dir='ltr'><strong>filius</strong></span> 
     </span>
     <span class='ocr_line' id='line_1_56' title="bbox 1059 1046 1800 1093; baseline 0.007 -19"><span class='ocrx_word' id='word_1_413' title='bbox 1059 1046 1174 1074; x_wconf 84' lang='lat' dir='ltr'><strong>Amaziae</strong></span> <span class='ocrx_word' id='word_1_414' title='bbox 1187 1046 1284 1076; x_wconf 87' lang='lat' dir='ltr'><strong>melior</strong></span> <span class='ocrx_word' id='word_1_415' title='bbox 1297 1047 1348 1076; x_wconf 81' lang='lat' dir='ltr'><strong>fuit</strong></span> <span class='ocrx_word' id='word_1_416' title='bbox 1369 1047 1494 1076; x_wconf 90' lang='lat' dir='ltr'><strong>omnibus</strong></span> <span class='ocrx_word' id='word_1_417' title='bbox 1513 1047 1570 1076; x_wconf 90' lang='lat' dir='ltr'><strong>illis</strong></span> <span class='ocrx_word' id='word_1_418' title='bbox 1588 1048 1800 1093; x_wconf 59' lang='lat' dir='ltr'><strong>praecedentibus</strong></span> 
     </span>
     <span class='ocr_line' id='line_1_57' title="bbox 1057 1086 1801 1129; baseline 0.005 -15"><span class='ocrx_word' id='word_1_419' title='bbox 1057 1091 1119 1114; x_wconf 85' lang='lat' dir='ltr'><strong>ante</strong></span> <span class='ocrx_word' id='word_1_420' title='bbox 1129 1095 1157 1114; x_wconf 88' lang='lat' dir='ltr'><strong>se</strong></span> <span class='ocrx_word' id='word_1_421' title='bbox 1169 1098 1175 1114; x_wconf 91' lang='lat'><strong>:</strong></span> <span class='ocrx_word' id='word_1_422' title='bbox 1186 1092 1212 1115; x_wconf 91' lang='lat' dir='ltr'><strong>et</strong></span> <span class='ocrx_word' id='word_1_423' title='bbox 1225 1086 1248 1115; x_wconf 93' lang='lat' dir='ltr'><strong>si</strong></span> <span class='ocrx_word' id='word_1_424' title='bbox 1261 1096 1315 1116; x_wconf 89' lang='lat' dir='ltr'><strong>non</strong></span> <span class='ocrx_word' id='word_1_425' title='bbox 1326 1087 1378 1116; x_wconf 81' lang='lat' dir='ltr'><strong>suit</strong></span> <span class='ocrx_word' id='word_1_426' title='bbox 1391 1086 1644 1126; x_wconf 78' lang='lat' dir='ltr'><strong>irreprehensibilis,</strong></span> <span class='ocrx_word' id='word_1_427' title='bbox 1659 1088 1722 1126; x_wconf 82' lang='lat' dir='ltr'><strong>quia</strong></span> <span class='ocrx_word' id='word_1_428' title='bbox 1732 1099 1801 1129; x_wconf 85' lang='lat' dir='ltr'><strong>opus</strong></span> 
     </span>
     <span class='ocr_line' id='line_1_58' title="bbox 1058 1124 1801 1158; baseline 0.007 -5"><span class='ocrx_word' id='word_1_429' title='bbox 1058 1124 1200 1154; x_wconf 73' lang='lat' dir='ltr'><strong>sacerdotii</strong></span> <span class='ocrx_word' id='word_1_430' title='bbox 1213 1126 1355 1156; x_wconf 83' lang='lat' dir='ltr'><strong>affectavit.</strong></span> <span class='ocrx_word' id='word_1_431' title='bbox 1371 1125 1446 1157; x_wconf 86' lang='lat' dir='ltr'><strong>Vide</strong></span> <span class='ocrx_word' id='word_1_432' title='bbox 1459 1136 1531 1155; x_wconf 85' lang='lat' dir='ltr'><strong>nunc</strong></span> <span class='ocrx_word' id='word_1_433' title='bbox 1549 1127 1697 1157; x_wconf 79' lang='lat' dir='ltr'><strong>secundum</strong></span> <span class='ocrx_word' id='word_1_434' title='bbox 1711 1128 1762 1157; x_wconf 82' lang='lat' dir='ltr'><strong>hoc</strong></span> <span class='ocrx_word' id='word_1_435' title='bbox 1774 1135 1801 1158; x_wconf 87' lang='lat' dir='ltr'><strong>et</strong></span> 
     </span>
     <span class='ocr_line' id='line_1_59' title="bbox 1057 1164 1801 1212; baseline 0.005 -20"><span class='ocrx_word' id='word_1_436' title='bbox 1057 1164 1108 1193; x_wconf 88' lang='lat' dir='ltr'><strong>Dei</strong></span> <span class='ocrx_word' id='word_1_437' title='bbox 1118 1164 1255 1204; x_wconf 87' lang='lat' dir='ltr'><strong>judicium</strong></span> <span class='ocrx_word' id='word_1_438' title='bbox 1265 1165 1381 1205; x_wconf 88' lang='lat' dir='ltr'><strong>justum.</strong></span> <span class='ocrx_word' id='word_1_439' title='bbox 1390 1166 1467 1196; x_wconf 89' lang='lat' dir='ltr'><strong>Sicut</strong></span> <span class='ocrx_word' id='word_1_440' title='bbox 1475 1166 1547 1195; x_wconf 90' lang='lat' dir='ltr'><strong>enim</strong></span> <span class='ocrx_word' id='word_1_441' title='bbox 1557 1166 1646 1201; x_wconf 83' lang='lat' dir='ltr'><strong>Ozias,</strong></span> <span class='ocrx_word' id='word_1_442' title='bbox 1659 1167 1801 1212; x_wconf 84' lang='lat' dir='ltr'><strong>prolonga-</strong></span> 
     </span>
     <span class='ocr_line' id='line_1_60' title="bbox 1059 1205 1800 1244; baseline 0.005 -11"><span class='ocrx_word' id='word_1_443' title='bbox 1059 1210 1085 1232; x_wconf 85' lang='lat' dir='ltr'><strong>to</strong></span> <span class='ocrx_word' id='word_1_444' title='bbox 1109 1214 1221 1234; x_wconf 88' lang='lat' dir='ltr'><strong>numero</strong></span> <span class='ocrx_word' id='word_1_445' title='bbox 1240 1206 1457 1244; x_wconf 84' lang='lat' dir='ltr'><strong>generationum,</strong></span> <span class='ocrx_word' id='word_1_446' title='bbox 1476 1205 1566 1235; x_wconf 83' lang='lat' dir='ltr'><strong>minus</strong></span> <span class='ocrx_word' id='word_1_447' title='bbox 1586 1206 1800 1238; x_wconf 80' lang='lat' dir='ltr'><strong>malus-exstitit</strong></span> 
     </span>
     <span class='ocr_line' id='line_1_61' title="bbox 1058 1243 1800 1285; baseline 0.005 -13"><span class='ocrx_word' id='word_1_448' title='bbox 1058 1243 1159 1273; x_wconf 84' lang='lat' dir='ltr'><strong>caeteris</strong></span> <span class='ocrx_word' id='word_1_449' title='bbox 1171 1254 1206 1273; x_wconf 79' lang='lat' dir='ltr'><strong>ex</strong></span> <span class='ocrx_word' id='word_1_450' title='bbox 1218 1245 1388 1283; x_wconf 79' lang='lat' dir='ltr'><strong>generatione</strong></span> <span class='ocrx_word' id='word_1_451' title='bbox 1408 1244 1548 1275; x_wconf 84' lang='lat' dir='ltr'><strong>maledicta</strong></span> <span class='ocrx_word' id='word_1_452' title='bbox 1568 1246 1726 1285; x_wconf 85' lang='lat' dir='ltr'><strong>progenitis,</strong></span> <span class='ocrx_word' id='word_1_453' title='bbox 1746 1257 1800 1276; x_wconf 89' lang='lat' dir='ltr'><strong>non</strong></span> 
     </span>
     <span class='ocr_line' id='line_1_62' title="bbox 1057 1283 1801 1323; baseline 0.007 -12"><span class='ocrx_word' id='word_1_454' title='bbox 1057 1288 1145 1312; x_wconf 89' lang='lat' dir='ltr'><strong>tamen</strong></span> <span class='ocrx_word' id='word_1_455' title='bbox 1159 1283 1292 1322; x_wconf 80' lang='lat' dir='ltr'><strong>perfectus</strong></span> <span class='ocrx_word' id='word_1_456' title='bbox 1304 1284 1357 1313; x_wconf 80' lang='lat' dir='ltr'><strong>fuit</strong></span> <span class='ocrx_word' id='word_1_457' title='bbox 1365 1296 1375 1322; x_wconf 85' lang='lat'>;</span> <span class='ocrx_word' id='word_1_458' title='bbox 1391 1285 1454 1322; x_wconf 83' lang='lat' dir='ltr'><strong>quia</strong></span> <span class='ocrx_word' id='word_1_459' title='bbox 1467 1283 1557 1314; x_wconf 86' lang='lat' dir='ltr'><strong>adhuc</strong></span> <span class='ocrx_word' id='word_1_460' title='bbox 1576 1284 1680 1323; x_wconf 90' lang='lat' dir='ltr'><strong>aliquid</strong></span> <span class='ocrx_word' id='word_1_461' title='bbox 1704 1285 1801 1316; x_wconf 84' lang='lat' dir='ltr'><strong>hahuit</strong></span> 
     </span>
    </p>

    <p class='ocr_par' dir='ltr' id='par_1_17' title="bbox 1057 1322 1801 1403">
     <span class='ocr_line' id='line_1_63' title="bbox 1076 1322 1801 1364; baseline 0.007 -14"><span class='ocrx_word' id='word_1_462' title='bbox 1076 1322 1236 1351; x_wconf 87' lang='lat' dir='ltr'><strong>enerationis</strong></span> <span class='ocrx_word' id='word_1_463' title='bbox 1248 1323 1324 1352; x_wconf 90' lang='lat' dir='ltr'><strong>illius</strong></span> <span class='ocrx_word' id='word_1_464' title='bbox 1336 1336 1343 1352; x_wconf 90' lang='lat'>:</span> <span class='ocrx_word' id='word_1_465' title='bbox 1356 1324 1395 1352; x_wconf 90' lang='lat' dir='ltr'><strong>sic</strong></span> <span class='ocrx_word' id='word_1_466' title='bbox 1405 1331 1432 1353; x_wconf 86' lang='lat' dir='ltr'><strong>et</strong></span> <span class='ocrx_word' id='word_1_467' title='bbox 1443 1325 1518 1353; x_wconf 88' lang='lat' dir='ltr'><strong>Deus</strong></span> <span class='ocrx_word' id='word_1_468' title='bbox 1528 1334 1581 1353; x_wconf 91' lang='lat' dir='ltr'><strong>non</strong></span> <span class='ocrx_word' id='word_1_469' title='bbox 1595 1335 1657 1353; x_wconf 90' lang='lat' dir='ltr'><strong>eum</strong></span> <span class='ocrx_word' id='word_1_470' title='bbox 1665 1325 1801 1364; x_wconf 79' lang='lat' dir='ltr'><strong>praescidit</strong></span> 
     </span>
     <span class='ocr_line' id='line_1_64' title="bbox 1057 1332 1801 1403; baseline 0.008 -14"><span class='ocrx_word' id='word_1_471' title='bbox 1057 1332 1092 1390; x_wconf 59' lang='lat' dir='ltr'><strong>ge</strong></span> <span class='ocrx_word' id='word_1_472' title='bbox 1103 1371 1214 1390; x_wconf 91' lang='lat' dir='ltr'><strong>numero</strong></span> <span class='ocrx_word' id='word_1_473' title='bbox 1228 1372 1334 1401; x_wconf 85' lang='lat' dir='ltr'><strong>regum,</strong></span> <span class='ocrx_word' id='word_1_474' title='bbox 1356 1362 1421 1401; x_wconf 89' lang='lat' dir='ltr'><strong>quia</strong></span> <span class='ocrx_word' id='word_1_475' title='bbox 1439 1363 1503 1392; x_wconf 87' lang='lat' dir='ltr'><strong>fecit</strong></span> <span class='ocrx_word' id='word_1_476' title='bbox 1521 1363 1596 1402; x_wconf 90' lang='lat' dir='ltr'><strong>quod</strong></span> <span class='ocrx_word' id='word_1_477' title='bbox 1619 1364 1748 1403; x_wconf 85' lang='lat' dir='ltr'><strong>placitum</strong></span> <span class='ocrx_word' id='word_1_478' title='bbox 1761 1372 1801 1395; x_wconf 86' lang='lat' dir='ltr'><strong>est</strong></span> 
     </span>
    </p>
   </div>
   <div class='ocr_carea' id='block_1_17' title="bbox 1044 1401 1801 1447">
    <p class='ocr_par' dir='ltr' id='par_1_18' title="bbox 1044 1401 1801 1447">
     <span class='ocr_line' id='line_1_65' title="bbox 1044 1401 1801 1447; baseline 0.005 -18"><span class='ocrx_word' id='word_1_479' title='bbox 1044 1401 1123 1430; x_wconf 78' lang='lat' dir='ltr'><strong>Deo.</strong></span> <span class='ocrx_word' id='word_1_480' title='bbox 1136 1401 1270 1430; x_wconf 85' lang='lat' dir='ltr'><strong>Percussit</strong></span> <span class='ocrx_word' id='word_1_481' title='bbox 1288 1408 1377 1431; x_wconf 83' lang='lat' dir='ltr'><strong>autem</strong></span> <span class='ocrx_word' id='word_1_482' title='bbox 1397 1412 1460 1431; x_wconf 87' lang='lat' dir='ltr'><strong>eum</strong></span> <span class='ocrx_word' id='word_1_483' title='bbox 1483 1402 1556 1441; x_wconf 82' lang='lat' dir='ltr'><strong>lepra</strong></span> <span class='ocrx_word' id='word_1_484' title='bbox 1574 1410 1684 1447; x_wconf 86' lang='lat' dir='ltr'><strong>propter</strong></span> <span class='ocrx_word' id='word_1_485' title='bbox 1693 1403 1801 1443; x_wconf 86' lang='lat' dir='ltr'><strong>jactan-</strong></span> 
     </span>
    </p>
   </div>
   <div class='ocr_carea' id='block_1_18' title="bbox 263 1439 1802 1508">
    <p class='ocr_par' dir='ltr' id='par_1_19' title="bbox 263 1439 1802 1508">
     <span class='ocr_line' id='line_1_66' title="bbox 263 1439 1802 1508; baseline 0.002 -38"><span class='ocrx_word' id='word_1_486' title='bbox 263 1442 315 1470; x_wconf 85' lang='lat' dir='ltr'><strong>filii</strong></span> <span class='ocrx_word' id='word_1_487' title='bbox 334 1443 424 1471; x_wconf 86' lang='lat' dir='ltr'><strong>Aaron</strong></span> <span class='ocrx_word' id='word_1_488' title='bbox 444 1448 470 1470; x_wconf 91' lang='lat' dir='ltr'><strong>et</strong></span> <span class='ocrx_word' id='word_1_489' title='bbox 491 1441 592 1470; x_wconf 81' lang='lat' dir='ltr'><strong>Levitae</strong></span> <span class='ocrx_word' id='word_1_490' title='bbox 605 1462 613 1476; x_wconf 86' lang='lat'><em>‚</em></span> <span class='ocrx_word' id='word_1_491' title='bbox 637 1440 714 1479; x_wconf 90' lang='lat' dir='ltr'><strong>quasi</strong></span> <span class='ocrx_word' id='word_1_492' title='bbox 740 1439 835 1469; x_wconf 85' lang='lat' dir='ltr'><strong>illicita</strong></span> <span class='ocrx_word' id='word_1_493' title='bbox 857 1440 1004 1508; x_wconf 65' lang='lat' dir='ltr'><strong>appetenti,</strong></span> <span class='ocrx_word' id='word_1_494' title='bbox 1023 1446 1042 1470; x_wconf 87' lang='lat' dir='ltr'>c</span> <span class='ocrx_word' id='word_1_495' title='bbox 1057 1439 1123 1468; x_wconf 88' lang='lat' dir='ltr'><strong>tiam</strong></span> <span class='ocrx_word' id='word_1_496' title='bbox 1139 1441 1210 1479; x_wconf 86' lang='lat' dir='ltr'><strong>ejus,</strong></span> <span class='ocrx_word' id='word_1_497' title='bbox 1225 1447 1255 1470; x_wconf 90' lang='lat' dir='ltr'><strong>ut</strong></span> <span class='ocrx_word' id='word_1_498' title='bbox 1268 1440 1343 1470; x_wconf 91' lang='lat' dir='ltr'><strong>domi</strong></span> <span class='ocrx_word' id='word_1_499' title='bbox 1361 1441 1464 1470; x_wconf 81' lang='lat' dir='ltr'><strong>sederet</strong></span> <span class='ocrx_word' id='word_1_500' title='bbox 1484 1453 1491 1469; x_wconf 81' lang='lat' dir='ltr'><strong><em>z</em></strong></span> <span class='ocrx_word' id='word_1_501' title='bbox 1513 1447 1544 1470; x_wconf 90' lang='lat' dir='ltr'><strong>ut</strong></span> <span class='ocrx_word' id='word_1_502' title='bbox 1553 1441 1691 1471; x_wconf 68' lang='lat' dir='ltr'><strong>videretur</strong></span> <span class='ocrx_word' id='word_1_503' title='bbox 1702 1453 1755 1473; x_wconf 90' lang='lat' dir='ltr'><strong>non</strong></span> <span class='ocrx_word' id='word_1_504' title='bbox 1766 1444 1802 1474; x_wconf 91' lang='lat' dir='ltr'><strong>de</strong></span> 
     </span>
    </p>
   </div>
   <div class='ocr_carea' id='block_1_19' title="bbox 262 1479 1011 2311">
    <p class='ocr_par' dir='ltr' id='par_1_20' title="bbox 262 1479 1011 2311">
     <span class='ocr_line' id='line_1_67' title="bbox 262 1479 1003 1519; baseline -0.001 -9"><span class='ocrx_word' id='word_1_505' title='bbox 262 1481 441 1510; x_wconf 86' lang='lat' dir='ltr'><strong>comminatus</strong></span> <span class='ocrx_word' id='word_1_506' title='bbox 453 1487 490 1510; x_wconf 89' lang='lat' dir='ltr'><strong>est</strong></span> <span class='ocrx_word' id='word_1_507' title='bbox 504 1480 553 1515; x_wconf 86' lang='lat' dir='ltr'><strong>eis,</strong></span> <span class='ocrx_word' id='word_1_508' title='bbox 567 1479 644 1519; x_wconf 87' lang='lat' dir='ltr'><strong>quasi</strong></span> <span class='ocrx_word' id='word_1_509' title='bbox 657 1490 705 1508; x_wconf 85' lang='lat' dir='ltr'><strong>rex</strong></span> <span class='ocrx_word' id='word_1_510' title='bbox 721 1486 850 1519; x_wconf 83' lang='lat' dir='ltr'><strong>potestate</strong></span> <span class='ocrx_word' id='word_1_511' title='bbox 860 1490 891 1508; x_wconf 91' lang='lat' dir='ltr'><strong>su</strong></span> <span class='ocrx_word' id='word_1_512' title='bbox 913 1480 1003 1509; x_wconf 82' lang='lat' dir='ltr'><strong>nixus.</strong></span> 
     </span>
     <span class='ocr_line' id='line_1_68' title="bbox 262 1518 1006 1558; baseline -0.001 -8"><span class='ocrx_word' id='word_1_513' title='bbox 262 1521 409 1550; x_wconf 88' lang='lat' dir='ltr'><strong>Confestim</strong></span> <span class='ocrx_word' id='word_1_514' title='bbox 434 1527 523 1549; x_wconf 89' lang='lat' dir='ltr'><strong>autem</strong></span> <span class='ocrx_word' id='word_1_515' title='bbox 545 1521 618 1548; x_wconf 80' lang='lat' dir='ltr'><strong>Deus</strong></span> <span class='ocrx_word' id='word_1_516' title='bbox 637 1518 770 1558; x_wconf 85' lang='lat' dir='ltr'><strong>percussit</strong></span> <span class='ocrx_word' id='word_1_517' title='bbox 787 1529 850 1547; x_wconf 88' lang='lat' dir='ltr'><strong>eum</strong></span> <span class='ocrx_word' id='word_1_518' title='bbox 871 1518 960 1558; x_wconf 91' lang='lat' dir='ltr'><strong>lepra,</strong></span> <span class='ocrx_word' id='word_1_519' title='bbox 980 1526 1006 1549; x_wconf 82' lang='lat' dir='ltr'><strong>et</strong></span> 
     </span>
     <span class='ocr_line' id='line_1_69' title="bbox 263 1557 1005 1599; baseline -0.001 -11"><span class='ocrx_word' id='word_1_520' title='bbox 263 1559 322 1589; x_wconf 85' lang='lat' dir='ltr'><strong>visa</strong></span> <span class='ocrx_word' id='word_1_521' title='bbox 335 1566 374 1588; x_wconf 90' lang='lat' dir='ltr'><strong>est</strong></span> <span class='ocrx_word' id='word_1_522' title='bbox 385 1559 459 1599; x_wconf 85' lang='lat' dir='ltr'><strong>lepra</strong></span> <span class='ocrx_word' id='word_1_523' title='bbox 470 1559 514 1588; x_wconf 84' lang='lat' dir='ltr'><strong>bis</strong></span> <span class='ocrx_word' id='word_1_524' title='bbox 527 1560 555 1587; x_wconf 93' lang='lat' dir='ltr'><strong>in</strong></span> <span class='ocrx_word' id='word_1_525' title='bbox 569 1559 655 1587; x_wconf 85' lang='lat' dir='ltr'><strong>fronte</strong></span> <span class='ocrx_word' id='word_1_526' title='bbox 666 1559 736 1598; x_wconf 91' lang='lat' dir='ltr'><strong>ejus,</strong></span> <span class='ocrx_word' id='word_1_527' title='bbox 751 1564 777 1587; x_wconf 89' lang='lat' dir='ltr'><strong>et</strong></span> <span class='ocrx_word' id='word_1_528' title='bbox 790 1557 910 1587; x_wconf 84' lang='lat' dir='ltr'><strong>exsilivit</strong></span> <span class='ocrx_word' id='word_1_529' title='bbox 921 1558 1005 1596; x_wconf 83' lang='lat' dir='ltr'><strong>foras,</strong></span> 
     </span>
     <span class='ocr_line' id='line_1_70' title="bbox 263 1597 1006 1637; baseline 0 -9"><span class='ocrx_word' id='word_1_530' title='bbox 263 1605 289 1628; x_wconf 82' lang='lat' dir='ltr'><strong>et</strong></span> <span class='ocrx_word' id='word_1_531' title='bbox 302 1599 370 1628; x_wconf 90' lang='lat' dir='ltr'><strong>sedit</strong></span> <span class='ocrx_word' id='word_1_532' title='bbox 380 1598 454 1627; x_wconf 88' lang='lat' dir='ltr'><strong>domi</strong></span> <span class='ocrx_word' id='word_1_533' title='bbox 463 1609 547 1637; x_wconf 88' lang='lat' dir='ltr'><strong>usque</strong></span> <span class='ocrx_word' id='word_1_534' title='bbox 555 1598 589 1627; x_wconf 91' lang='lat' dir='ltr'><strong>ad</strong></span> <span class='ocrx_word' id='word_1_535' title='bbox 601 1604 712 1627; x_wconf 86' lang='lat' dir='ltr'><strong>mortem</strong></span> <span class='ocrx_word' id='word_1_536' title='bbox 724 1608 800 1627; x_wconf 92' lang='lat' dir='ltr'><strong>suam</strong></span> <span class='ocrx_word' id='word_1_537' title='bbox 809 1597 942 1636; x_wconf 90' lang='lat' dir='ltr'><strong>leprosus.</strong></span> <span class='ocrx_word' id='word_1_538' title='bbox 953 1598 1006 1628; x_wconf 88' lang='lat' dir='ltr'><strong>Vi-</strong></span> 
     </span>
     <span class='ocr_line' id='line_1_71' title="bbox 265 1636 1007 1677; baseline -0.001 -10"><span class='ocrx_word' id='word_1_539' title='bbox 265 1639 325 1668; x_wconf 91' lang='lat' dir='ltr'><strong>dete</strong></span> <span class='ocrx_word' id='word_1_540' title='bbox 335 1649 416 1677; x_wconf 89' lang='lat' dir='ltr'><strong>quam</strong></span> <span class='ocrx_word' id='word_1_541' title='bbox 430 1638 557 1667; x_wconf 89' lang='lat' dir='ltr'><strong>illicitum</strong></span> <span class='ocrx_word' id='word_1_542' title='bbox 570 1644 610 1666; x_wconf 88' lang='lat' dir='ltr'><strong>est</strong></span> <span class='ocrx_word' id='word_1_543' title='bbox 624 1647 753 1676; x_wconf 89' lang='lat' dir='ltr'><strong>usurpare</strong></span> <span class='ocrx_word' id='word_1_544' title='bbox 762 1647 830 1677; x_wconf 89' lang='lat' dir='ltr'><strong>opus</strong></span> <span class='ocrx_word' id='word_1_545' title='bbox 841 1636 915 1675; x_wconf 90' lang='lat' dir='ltr'><strong>quod</strong></span> <span class='ocrx_word' id='word_1_546' title='bbox 923 1648 938 1666; x_wconf 89' lang='lat' dir='ltr'><strong>a</strong></span> <span class='ocrx_word' id='word_1_547' title='bbox 951 1638 1007 1666; x_wconf 87' lang='lat' dir='ltr'><strong>Deo</strong></span> 
     </span>
     <span class='ocr_line' id='line_1_72' title="bbox 264 1676 1007 1717; baseline -0.001 -10"><span class='ocrx_word' id='word_1_548' title='bbox 264 1688 317 1707; x_wconf 90' lang='lat' dir='ltr'><strong>non</strong></span> <span class='ocrx_word' id='word_1_549' title='bbox 330 1685 370 1707; x_wconf 90' lang='lat' dir='ltr'><strong>est</strong></span> <span class='ocrx_word' id='word_1_550' title='bbox 381 1678 563 1707; x_wconf 85' lang='lat' dir='ltr'><strong>commissum.</strong></span> <span class='ocrx_word' id='word_1_551' title='bbox 579 1677 667 1714; x_wconf 90' lang='lat' dir='ltr'><strong>Quale</strong></span> <span class='ocrx_word' id='word_1_552' title='bbox 689 1676 753 1706; x_wconf 87' lang='lat' dir='ltr'><strong>facit</strong></span> <span class='ocrx_word' id='word_1_553' title='bbox 773 1683 910 1717; x_wconf 80' lang='lat' dir='ltr'><strong>peccatum</strong></span> <span class='ocrx_word' id='word_1_554' title='bbox 922 1676 1007 1706; x_wconf 86' lang='lat' dir='ltr'><strong>la&#39;icus</strong></span> 
     </span>
     <span class='ocr_line' id='line_1_73' title="bbox 263 1716 1008 1757; baseline -0.001 -10"><span class='ocrx_word' id='word_1_555' title='bbox 263 1728 396 1757; x_wconf 88' lang='lat' dir='ltr'><strong>usurpans</strong></span> <span class='ocrx_word' id='word_1_556' title='bbox 405 1717 458 1747; x_wconf 89' lang='lat' dir='ltr'><strong>sibi</strong></span> <span class='ocrx_word' id='word_1_557' title='bbox 470 1728 539 1757; x_wconf 90' lang='lat' dir='ltr'><strong>opus</strong></span> <span class='ocrx_word' id='word_1_558' title='bbox 548 1716 682 1753; x_wconf 82' lang='lat' dir='ltr'><strong>clericale,</strong></span> <span class='ocrx_word' id='word_1_559' title='bbox 695 1716 748 1745; x_wconf 87' lang='lat' dir='ltr'><strong>tale</strong></span> <span class='ocrx_word' id='word_1_560' title='bbox 760 1716 824 1745; x_wconf 83' lang='lat' dir='ltr'><strong>facit</strong></span> <span class='ocrx_word' id='word_1_561' title='bbox 834 1723 972 1756; x_wconf 85' lang='lat' dir='ltr'><strong>peccatum</strong></span> <span class='ocrx_word' id='word_1_562' title='bbox 982 1723 1008 1746; x_wconf 90' lang='lat' dir='ltr'><strong>et</strong></span> 
     </span>
     <span class='ocr_line' id='line_1_74' title="bbox 264 1755 1005 1797; baseline -0.003 -10"><span class='ocrx_word' id='word_1_563' title='bbox 264 1758 358 1794; x_wconf 88' lang='lat' dir='ltr'><strong>lector,</strong></span> <span class='ocrx_word' id='word_1_564' title='bbox 372 1758 394 1786; x_wconf 93' lang='lat' dir='ltr'><strong>si</strong></span> <span class='ocrx_word' id='word_1_565' title='bbox 414 1757 586 1797; x_wconf 84' lang='lat' dir='ltr'><strong>usurpaverit</strong></span> <span class='ocrx_word' id='word_1_566' title='bbox 605 1767 675 1795; x_wconf 91' lang='lat' dir='ltr'><strong>opus</strong></span> <span class='ocrx_word' id='word_1_567' title='bbox 688 1755 811 1785; x_wconf 88' lang='lat' dir='ltr'><strong>diaconi:</strong></span> <span class='ocrx_word' id='word_1_568' title='bbox 826 1762 852 1784; x_wconf 89' lang='lat' dir='ltr'><strong>et</strong></span> <span class='ocrx_word' id='word_1_569' title='bbox 865 1755 1005 1794; x_wconf 83' lang='lat' dir='ltr'><strong>diaconus,</strong></span> 
     </span>
     <span class='ocr_line' id='line_1_75' title="bbox 264 1794 1008 1837; baseline -0.003 -11"><span class='ocrx_word' id='word_1_570' title='bbox 264 1798 287 1826; x_wconf 91' lang='lat' dir='ltr'><strong>si</strong></span> <span class='ocrx_word' id='word_1_571' title='bbox 308 1796 480 1837; x_wconf 81' lang='lat' dir='ltr'><strong>usurpaverit</strong></span> <span class='ocrx_word' id='word_1_572' title='bbox 498 1796 550 1825; x_wconf 84' lang='lat' dir='ltr'><strong>sibi</strong></span> <span class='ocrx_word' id='word_1_573' title='bbox 567 1794 715 1835; x_wconf 82' lang='lat' dir='ltr'><strong>presbyteri</strong></span> <span class='ocrx_word' id='word_1_574' title='bbox 735 1806 804 1834; x_wconf 89' lang='lat' dir='ltr'><strong>opus</strong></span> <span class='ocrx_word' id='word_1_575' title='bbox 821 1807 827 1823; x_wconf 93' lang='lat'><strong>:</strong></span> <span class='ocrx_word' id='word_1_576' title='bbox 845 1802 871 1824; x_wconf 90' lang='lat' dir='ltr'><strong>et</strong></span> <span class='ocrx_word' id='word_1_577' title='bbox 893 1796 1008 1835; x_wconf 84' lang='lat' dir='ltr'><strong>preshy-</strong></span> 
     </span>
     <span class='ocr_line' id='line_1_76' title="bbox 264 1834 1009 1876; baseline -0.001 -11"><span class='ocrx_word' id='word_1_578' title='bbox 264 1844 316 1872; x_wconf 82' lang='lat' dir='ltr'><strong>ter‚</strong></span> <span class='ocrx_word' id='word_1_579' title='bbox 337 1836 361 1865; x_wconf 91' lang='lat' dir='ltr'><strong>si</strong></span> <span class='ocrx_word' id='word_1_580' title='bbox 386 1836 565 1876; x_wconf 88' lang='lat' dir='ltr'><strong>episcopalem</strong></span> <span class='ocrx_word' id='word_1_581' title='bbox 589 1834 730 1874; x_wconf 87' lang='lat' dir='ltr'><strong>appetierit</strong></span> <span class='ocrx_word' id='word_1_582' title='bbox 747 1841 914 1874; x_wconf 87' lang='lat' dir='ltr'><strong>potestatem.</strong></span> <span class='ocrx_word' id='word_1_583' title='bbox 935 1835 1009 1865; x_wconf 86' lang='lat' dir='ltr'><strong>Vide</strong></span> 
     </span>
     <span class='ocr_line' id='line_1_77' title="bbox 263 1874 1008 1915; baseline -0.003 -10"><span class='ocrx_word' id='word_1_584' title='bbox 263 1875 399 1915; x_wconf 88' lang='lat' dir='ltr'><strong>quomodo</strong></span> <span class='ocrx_word' id='word_1_585' title='bbox 407 1875 555 1905; x_wconf 88' lang='lat' dir='ltr'><strong>secundum</strong></span> <span class='ocrx_word' id='word_1_586' title='bbox 564 1877 638 1912; x_wconf 88' lang='lat' dir='ltr'><strong>quod</strong></span> <span class='ocrx_word' id='word_1_587' title='bbox 653 1874 861 1913; x_wconf 82' lang='lat' dir='ltr'><strong>prolongabatur</strong></span> <span class='ocrx_word' id='word_1_588' title='bbox 875 1875 1008 1913; x_wconf 85' lang='lat' dir='ltr'><strong>generatio</strong></span> 
     </span>
     <span class='ocr_line' id='line_1_78' title="bbox 264 1913 1009 1953; baseline -0.003 -8"><span class='ocrx_word' id='word_1_589' title='bbox 264 1923 322 1945; x_wconf 88' lang='lat' dir='ltr'><strong>orta</strong></span> <span class='ocrx_word' id='word_1_590' title='bbox 338 1914 373 1944; x_wconf 89' lang='lat' dir='ltr'><strong>de</strong></span> <span class='ocrx_word' id='word_1_591' title='bbox 390 1915 438 1944; x_wconf 89' lang='lat' dir='ltr'><strong>illa</strong></span> <span class='ocrx_word' id='word_1_592' title='bbox 449 1914 589 1944; x_wconf 88' lang='lat' dir='ltr'><strong>maledicta</strong></span> <span class='ocrx_word' id='word_1_593' title='bbox 600 1914 714 1949; x_wconf 80' lang='lat' dir='ltr'><strong>familia,</strong></span> <span class='ocrx_word' id='word_1_594' title='bbox 725 1913 763 1942; x_wconf 86' lang='lat' dir='ltr'><strong>sic</strong></span> <span class='ocrx_word' id='word_1_595' title='bbox 768 1913 899 1953; x_wconf 88' lang='lat' dir='ltr'><strong>paulatim</strong></span> <span class='ocrx_word' id='word_1_596' title='bbox 906 1924 954 1953; x_wconf 90' lang='lat' dir='ltr'><strong>per</strong></span> <span class='ocrx_word' id='word_1_597' title='bbox 964 1924 1009 1953; x_wconf 85' lang='lat' dir='ltr'><strong>ge—</strong></span> 
     </span>
     <span class='ocr_line' id='line_1_79' title="bbox 265 1953 1008 1992; baseline -0.001 -9"><span class='ocrx_word' id='word_1_598' title='bbox 265 1954 415 1984; x_wconf 87' lang='lat' dir='ltr'><strong>nerationes</strong></span> <span class='ocrx_word' id='word_1_599' title='bbox 426 1953 596 1983; x_wconf 88' lang='lat' dir='ltr'><strong>muniebatur</strong></span> <span class='ocrx_word' id='word_1_600' title='bbox 607 1953 635 1981; x_wconf 90' lang='lat' dir='ltr'><strong>in</strong></span> <span class='ocrx_word' id='word_1_601' title='bbox 647 1953 684 1982; x_wconf 86' lang='lat' dir='ltr'><strong>eis</strong></span> <span class='ocrx_word' id='word_1_602' title='bbox 697 1953 836 1992; x_wconf 88' lang='lat' dir='ltr'><strong>iniquitas.</strong></span> <span class='ocrx_word' id='word_1_603' title='bbox 852 1954 921 1982; x_wconf 89' lang='lat' dir='ltr'><strong>Ecce</strong></span> <span class='ocrx_word' id='word_1_604' title='bbox 936 1954 1008 1982; x_wconf 92' lang='lat' dir='ltr'><strong>enim</strong></span> 
     </span>
     <span class='ocr_line' id='line_1_80' title="bbox 265 1992 1007 2033; baseline -0.003 -10"><span class='ocrx_word' id='word_1_605' title='bbox 265 1994 396 2024; x_wconf 81' lang='lat' dir='ltr'><strong>ochozias</strong></span> <span class='ocrx_word' id='word_1_606' title='bbox 410 1994 485 2033; x_wconf 87' lang='lat' dir='ltr'><strong>pejor</strong></span> <span class='ocrx_word' id='word_1_607' title='bbox 506 1993 558 2022; x_wconf 82' lang='lat' dir='ltr'><strong>fuit</strong></span> <span class='ocrx_word' id='word_1_608' title='bbox 578 1992 703 2021; x_wconf 90' lang='lat' dir='ltr'><strong>omnibus</strong></span> <span class='ocrx_word' id='word_1_609' title='bbox 736 1999 776 2021; x_wconf 90' lang='lat' dir='ltr'><strong>ost</strong></span> <span class='ocrx_word' id='word_1_610' title='bbox 789 1993 882 2022; x_wconf 87' lang='lat' dir='ltr'><strong>Joram</strong></span> <span class='ocrx_word' id='word_1_611' title='bbox 901 1999 1007 2032; x_wconf 88' lang='lat' dir='ltr'><strong>patrem</strong></span> 
     </span>
     <span class='ocr_line' id='line_1_81' title="bbox 265 2003 1009 2077; baseline -0.001 -15"><span class='ocrx_word' id='word_1_612' title='bbox 265 2044 354 2062; x_wconf 91' lang='lat' dir='ltr'><strong>suum.</strong></span> <span class='ocrx_word' id='word_1_613' title='bbox 373 2033 566 2072; x_wconf 77' lang='lat' dir='ltr'><strong>Interpretatur</strong></span> <span class='ocrx_word' id='word_1_614' title='bbox 576 2038 665 2060; x_wconf 81' lang='lat' dir='ltr'><strong>autem</strong></span> <span class='ocrx_word' id='word_1_615' title='bbox 678 2003 809 2061; x_wconf 67' lang='lat' dir='ltr'><strong>Oeliozias</strong></span> <span class='ocrx_word' id='word_1_616' title='bbox 823 2031 956 2077; x_wconf 85' lang='lat' dir='ltr'><strong>possessio</strong></span> <span class='ocrx_word' id='word_1_617' title='bbox 965 2032 1009 2061; x_wconf 89' lang='lat' dir='ltr'><strong>in—</strong></span> 
     </span>
     <span class='ocr_line' id='line_1_82' title="bbox 265 2071 1008 2110; baseline -0.003 -8"><span class='ocrx_word' id='word_1_618' title='bbox 265 2072 392 2102; x_wconf 87' lang='lat' dir='ltr'><strong>visibilis.</strong></span> <span class='ocrx_word' id='word_1_619' title='bbox 405 2073 511 2101; x_wconf 89' lang='lat' dir='ltr'><strong>Patrem</strong></span> <span class='ocrx_word' id='word_1_620' title='bbox 523 2078 612 2100; x_wconf 83' lang='lat' dir='ltr'><strong>autem</strong></span> <span class='ocrx_word' id='word_1_621' title='bbox 624 2072 682 2110; x_wconf 87' lang='lat' dir='ltr'><strong>ejus</strong></span> <span class='ocrx_word' id='word_1_622' title='bbox 691 2094 700 2106; x_wconf 92' lang='lat'><strong>,</strong></span> <span class='ocrx_word' id='word_1_623' title='bbox 715 2082 777 2100; x_wconf 88' lang='lat' dir='ltr'><strong>cum</strong></span> <span class='ocrx_word' id='word_1_624' title='bbox 791 2072 884 2100; x_wconf 81' lang='lat' dir='ltr'><strong>fuisset</strong></span> <span class='ocrx_word' id='word_1_625' title='bbox 897 2071 1008 2110; x_wconf 91' lang='lat' dir='ltr'><strong>impius,</strong></span> 
     </span>
     <span class='ocr_line' id='line_1_83' title="bbox 265 2110 1009 2151; baseline 0 -11"><span class='ocrx_word' id='word_1_626' title='bbox 265 2122 318 2140; x_wconf 90' lang='lat' dir='ltr'><strong>non</strong></span> <span class='ocrx_word' id='word_1_627' title='bbox 332 2121 475 2151; x_wconf 89' lang='lat' dir='ltr'><strong>possumus</strong></span> <span class='ocrx_word' id='word_1_628' title='bbox 488 2110 618 2150; x_wconf 88' lang='lat' dir='ltr'><strong>suspicari</strong></span> <span class='ocrx_word' id='word_1_629' title='bbox 628 2110 775 2139; x_wconf 87' lang='lat' dir='ltr'><strong>secuudum</strong></span> <span class='ocrx_word' id='word_1_630' title='bbox 789 2112 877 2139; x_wconf 88' lang='lat' dir='ltr'><strong>Deum</strong></span> <span class='ocrx_word' id='word_1_631' title='bbox 889 2111 1009 2151; x_wconf 87' lang='lat' dir='ltr'><strong>posuisse</strong></span> 
     </span>
     <span class='ocr_line' id='line_1_84' title="bbox 265 2150 1010 2189; baseline -0.001 -9"><span class='ocrx_word' id='word_1_632' title='bbox 265 2151 324 2180; x_wconf 86' lang='lat' dir='ltr'><strong>filio</strong></span> <span class='ocrx_word' id='word_1_633' title='bbox 331 2161 379 2180; x_wconf 91' lang='lat' dir='ltr'><strong>suo</strong></span> <span class='ocrx_word' id='word_1_634' title='bbox 390 2151 563 2185; x_wconf 81' lang='lat' dir='ltr'><strong>vocabulum,</strong></span> <span class='ocrx_word' id='word_1_635' title='bbox 573 2150 704 2189; x_wconf 87' lang='lat' dir='ltr'><strong>possessio</strong></span> <span class='ocrx_word' id='word_1_636' title='bbox 711 2150 855 2179; x_wconf 86' lang='lat' dir='ltr'><strong>invisibilis</strong></span> <span class='ocrx_word' id='word_1_637' title='bbox 866 2163 871 2178; x_wconf 92' lang='lat'>:</span> <span class='ocrx_word' id='word_1_638' title='bbox 886 2150 1010 2180; x_wconf 82' lang='lat' dir='ltr'><strong>nisiforte</strong></span> 
     </span>
     <span class='ocr_line' id='line_1_85' title="bbox 265 2189 1010 2227; baseline -0.001 -7"><span class='ocrx_word' id='word_1_639' title='bbox 265 2190 413 2220; x_wconf 89' lang='lat' dir='ltr'><strong>secundum</strong></span> <span class='ocrx_word' id='word_1_640' title='bbox 421 2189 572 2225; x_wconf 88' lang='lat' dir='ltr'><strong>diabolum,</strong></span> <span class='ocrx_word' id='word_1_641' title='bbox 585 2200 601 2217; x_wconf 92' lang='lat' dir='ltr'><strong>a</strong></span> <span class='ocrx_word' id='word_1_642' title='bbox 611 2199 665 2227; x_wconf 90' lang='lat' dir='ltr'><strong>quo</strong></span> <span class='ocrx_word' id='word_1_643' title='bbox 673 2189 797 2218; x_wconf 87' lang='lat' dir='ltr'><strong>seductus</strong></span> <span class='ocrx_word' id='word_1_644' title='bbox 805 2190 887 2219; x_wconf 86' lang='lat' dir='ltr'><strong>variis</strong></span> <span class='ocrx_word' id='word_1_645' title='bbox 895 2190 1010 2219; x_wconf 85' lang='lat' dir='ltr'><strong>fluctua-</strong></span> 
     </span>
     <span class='ocr_line' id='line_1_86' title="bbox 265 2228 1011 2268; baseline -0.001 -9"><span class='ocrx_word' id='word_1_646' title='bbox 265 2230 347 2260; x_wconf 87' lang='lat' dir='ltr'><strong>batur</strong></span> <span class='ocrx_word' id='word_1_647' title='bbox 355 2229 502 2259; x_wconf 82' lang='lat' dir='ltr'><strong>erroribus.</strong></span> <span class='ocrx_word' id='word_1_648' title='bbox 509 2228 597 2267; x_wconf 87' lang='lat' dir='ltr'><strong>Hujus</strong></span> <span class='ocrx_word' id='word_1_649' title='bbox 607 2235 695 2256; x_wconf 88' lang='lat' dir='ltr'><strong>autem</strong></span> <span class='ocrx_word' id='word_1_650' title='bbox 701 2228 775 2257; x_wconf 88' lang='lat' dir='ltr'><strong>filius</strong></span> <span class='ocrx_word' id='word_1_651' title='bbox 784 2229 848 2258; x_wconf 88' lang='lat' dir='ltr'><strong>Joas</strong></span> <span class='ocrx_word' id='word_1_652' title='bbox 852 2229 908 2268; x_wconf 89' lang='lat' dir='ltr'><strong>jam</strong></span> <span class='ocrx_word' id='word_1_653' title='bbox 915 2229 1011 2259; x_wconf 89' lang='lat' dir='ltr'><strong>melior</strong></span> 
     </span>
     <span class='ocr_line' id='line_1_87' title="bbox 266 2267 1011 2311; baseline 0 -13"><span class='ocrx_word' id='word_1_654' title='bbox 266 2270 319 2298; x_wconf 86' lang='lat' dir='ltr'><strong>fuit</strong></span> <span class='ocrx_word' id='word_1_655' title='bbox 325 2280 366 2306; x_wconf 83' lang='lat' dir='ltr'><strong>eo,</strong></span> <span class='ocrx_word' id='word_1_656' title='bbox 375 2268 421 2298; x_wconf 89' lang='lat' dir='ltr'><strong>sed</strong></span> <span class='ocrx_word' id='word_1_657' title='bbox 427 2278 479 2297; x_wconf 91' lang='lat' dir='ltr'><strong>non</strong></span> <span class='ocrx_word' id='word_1_658' title='bbox 486 2267 718 2311; x_wconf 73' lang='lat' dir='ltr'><strong>adplenum-Nam</strong></span> <span class='ocrx_word' id='word_1_659' title='bbox 724 2267 853 2306; x_wconf 89' lang='lat' dir='ltr'><strong>quamdiu</strong></span> <span class='ocrx_word' id='word_1_660' title='bbox 859 2269 929 2299; x_wconf 78' lang='lat' dir='ltr'><strong>vixit</strong></span> <span class='ocrx_word' id='word_1_661' title='bbox 936 2270 951 2298; x_wconf 92' lang='lat' dir='ltr'>J</span> <span class='ocrx_word' id='word_1_662' title='bbox 954 2269 1011 2298; x_wconf 88' lang='lat' dir='ltr'><strong>oia-</strong></span> 
     </span>
    </p>
   </div>
   <div class='ocr_carea' id='block_1_20' title="bbox 239 2307 1010 2347">
    <p class='ocr_par' dir='ltr' id='par_1_21' title="bbox 239 2307 1010 2347">
     <span class='ocr_line' id='line_1_88' title="bbox 239 2307 1010 2347; baseline -0.001 -9"><span class='ocrx_word' id='word_1_663' title='bbox 239 2336 241 2338; x_wconf 84' lang='lat'><em>.</em></span> <span class='ocrx_word' id='word_1_664' title='bbox 265 2308 301 2338; x_wconf 87' lang='lat' dir='ltr'><strong>da</strong></span> <span class='ocrx_word' id='word_1_665' title='bbox 314 2307 501 2346; x_wconf 87' lang='lat' dir='ltr'><strong>sacerdos,qui</strong></span> <span class='ocrx_word' id='word_1_666' title='bbox 509 2313 622 2336; x_wconf 80' lang='lat' dir='ltr'><strong>unxerat</strong></span> <span class='ocrx_word' id='word_1_667' title='bbox 630 2317 691 2335; x_wconf 89' lang='lat' dir='ltr'><strong>eum</strong></span> <span class='ocrx_word' id='word_1_668' title='bbox 698 2317 726 2335; x_wconf 86' lang='lat' dir='ltr'><strong>1n</strong></span> <span class='ocrx_word' id='word_1_669' title='bbox 734 2317 822 2345; x_wconf 83' lang='lat' dir='ltr'><strong>regem</strong></span> <span class='ocrx_word' id='word_1_670' title='bbox 830 2330 837 2343; x_wconf 88' lang='lat'><strong>,</strong></span> <span class='ocrx_word' id='word_1_671' title='bbox 850 2308 930 2337; x_wconf 81' lang='lat' dir='ltr'><strong>valde</strong></span> <span class='ocrx_word' id='word_1_672' title='bbox 942 2319 1010 2347; x_wconf 90' lang='lat' dir='ltr'><strong>pue-</strong></span> 
     </span>
    </p>
   </div>
   <div class='ocr_carea' id='block_1_21' title="bbox 266 2346 1010 2472">
    <p class='ocr_par' dir='ltr' id='par_1_22' title="bbox 266 2346 1010 2472">
     <span class='ocr_line' id='line_1_89' title="bbox 267 2346 1009 2386; baseline -0.005 -8"><span class='ocrx_word' id='word_1_673' title='bbox 267 2359 329 2378; x_wconf 90' lang='lat' dir='ltr'><strong>rum</strong></span> <span class='ocrx_word' id='word_1_674' title='bbox 339 2347 447 2384; x_wconf 75' lang='lat' dir='ltr'><strong>dilexit,</strong></span> <span class='ocrx_word' id='word_1_675' title='bbox 457 2354 483 2376; x_wconf 86' lang='lat' dir='ltr'><strong>et</strong></span> <span class='ocrx_word' id='word_1_676' title='bbox 493 2346 594 2386; x_wconf 87' lang='lat' dir='ltr'><strong>eripuit</strong></span> <span class='ocrx_word' id='word_1_677' title='bbox 604 2356 666 2375; x_wconf 88' lang='lat' dir='ltr'><strong>eum</strong></span> <span class='ocrx_word' id='word_1_678' title='bbox 680 2346 714 2375; x_wconf 92' lang='lat' dir='ltr'><strong>de</strong></span> <span class='ocrx_word' id='word_1_679' title='bbox 725 2346 933 2377; x_wconf 23' lang='lat' dir='ltr'><strong>manussAthaliae</strong></span> <span class='ocrx_word' id='word_1_680' title='bbox 943 2348 1009 2378; x_wconf 79' lang='lat' dir='ltr'><strong>aviae</strong></span> 
     </span>
     <span class='ocr_line' id='line_1_90' title="bbox 266 2386 1010 2427; baseline -0.001 -9"><span class='ocrx_word' id='word_1_681' title='bbox 266 2399 332 2425; x_wconf 84' lang='lat' dir='ltr'><strong>suae,</strong></span> <span class='ocrx_word' id='word_1_682' title='bbox 345 2398 404 2427; x_wconf 82' lang='lat' dir='ltr'><strong>quae</strong></span> <span class='ocrx_word' id='word_1_683' title='bbox 417 2386 548 2416; x_wconf 83' lang='lat' dir='ltr'><strong>occiderat</strong></span> <span class='ocrx_word' id='word_1_684' title='bbox 557 2396 648 2415; x_wconf 90' lang='lat' dir='ltr'><strong>omnes</strong></span> <span class='ocrx_word' id='word_1_685' title='bbox 655 2392 763 2425; x_wconf 86' lang='lat' dir='ltr'><strong>nepotes</strong></span> <span class='ocrx_word' id='word_1_686' title='bbox 770 2395 843 2422; x_wconf 67' lang='lat' dir='ltr'><strong>sum,</strong></span> <span class='ocrx_word' id='word_1_687' title='bbox 851 2393 877 2415; x_wconf 86' lang='lat' dir='ltr'><strong>et</strong></span> <span class='ocrx_word' id='word_1_688' title='bbox 883 2386 940 2426; x_wconf 85' lang='lat' dir='ltr'><strong>ipse</strong></span> <span class='ocrx_word' id='word_1_689' title='bbox 948 2387 1010 2417; x_wconf 84' lang='lat' dir='ltr'><strong>fecit</strong></span> 
     </span>
     <span class='ocr_line' id='line_1_91' title="bbox 266 2427 1009 2472; baseline -0.001 -15"><span class='ocrx_word' id='word_1_690' title='bbox 266 2428 340 2467; x_wconf 89' lang='lat' dir='ltr'><strong>quod</strong></span> <span class='ocrx_word' id='word_1_691' title='bbox 348 2427 477 2472; x_wconf 84' lang='lat' dir='ltr'><strong>placitum</strong></span> <span class='ocrx_word' id='word_1_692' title='bbox 486 2433 542 2455; x_wconf 87' lang='lat' dir='ltr'><strong>erat</strong></span> <span class='ocrx_word' id='word_1_693' title='bbox 553 2427 620 2455; x_wconf 92' lang='lat' dir='ltr'><strong>Deo.</strong></span> <span class='ocrx_word' id='word_1_694' title='bbox 632 2427 775 2464; x_wconf 87' lang='lat' dir='ltr'><strong>Postquam</strong></span> <span class='ocrx_word' id='word_1_695' title='bbox 787 2431 875 2454; x_wconf 81' lang='lat' dir='ltr'><strong>autem</strong></span> <span class='ocrx_word' id='word_1_696' title='bbox 887 2432 1009 2456; x_wconf 82' lang='lat' dir='ltr'><strong>mortuus</strong></span> 
     </span>
    </p>
   </div>
   <div class='ocr_carea' id='block_1_22' title="bbox 224 2465 1008 2505">
    <p class='ocr_par' dir='ltr' id='par_1_23' title="bbox 224 2465 1008 2505">
     <span class='ocr_line' id='line_1_92' title="bbox 224 2465 1008 2505; baseline -0.001 -9"><span class='ocrx_word' id='word_1_697' title='bbox 224 2481 257 2496; x_wconf 79' lang='grc' dir='ltr'><strong>ιι</strong></span> <span class='ocrx_word' id='word_1_698' title='bbox 266 2475 305 2497; x_wconf 85' lang='lat' dir='ltr'><strong>est</strong></span> <span class='ocrx_word' id='word_1_699' title='bbox 317 2467 425 2504; x_wconf 81' lang='lat' dir='ltr'><strong>Jmada,</strong></span> <span class='ocrx_word' id='word_1_700' title='bbox 441 2476 519 2505; x_wconf 90' lang='lat' dir='ltr'><strong>quem</strong></span> <span class='ocrx_word' id='word_1_701' title='bbox 533 2466 600 2495; x_wconf 79' lang='lat' dir='ltr'><strong>forte</strong></span> <span class='ocrx_word' id='word_1_702' title='bbox 611 2465 783 2494; x_wconf 85' lang='lat' dir='ltr'><strong>erubescebat</strong></span> <span class='ocrx_word' id='word_1_703' title='bbox 796 2465 873 2503; x_wconf 87' lang='lat' dir='ltr'><strong>quasi</strong></span> <span class='ocrx_word' id='word_1_704' title='bbox 887 2472 1008 2495; x_wconf 87' lang='lat' dir='ltr'><strong>sanctum</strong></span> 
     </span>
    </p>
   </div>
   <div class='ocr_carea' id='block_1_23' title="bbox 262 2504 1009 2625">
    <p class='ocr_par' dir='ltr' id='par_1_24' title="bbox 262 2504 1009 2625">
     <span class='ocr_line' id='line_1_93' title="bbox 266 2504 1006 2544; baseline -0.004 -8"><span class='ocrx_word' id='word_1_705' title='bbox 266 2507 440 2543; x_wconf 86' lang='lat' dir='ltr'><strong>sacerdotem,</strong></span> <span class='ocrx_word' id='word_1_706' title='bbox 462 2513 488 2535; x_wconf 90' lang='lat' dir='ltr'><strong>et</strong></span> <span class='ocrx_word' id='word_1_707' title='bbox 501 2505 577 2544; x_wconf 85' lang='lat' dir='ltr'><strong>quasi</strong></span> <span class='ocrx_word' id='word_1_708' title='bbox 591 2512 725 2534; x_wconf 89' lang='lat' dir='ltr'><strong>auctorem</strong></span> <span class='ocrx_word' id='word_1_709' title='bbox 738 2504 800 2534; x_wconf 77' lang='lat' dir='ltr'><strong>vitae</strong></span> <span class='ocrx_word' id='word_1_710' title='bbox 812 2514 867 2533; x_wconf 83' lang='lat' dir='ltr'><strong>suae</strong></span> <span class='ocrx_word' id='word_1_711' title='bbox 880 2511 906 2533; x_wconf 88' lang='lat' dir='ltr'><strong>et</strong></span> <span class='ocrx_word' id='word_1_712' title='bbox 919 2505 1006 2543; x_wconf 81' lang='lat' dir='ltr'><strong>regni,</strong></span> 
     </span>
     <span class='ocr_line' id='line_1_94' title="bbox 265 2544 1009 2582; baseline -0.004 -7"><span class='ocrx_word' id='word_1_713' title='bbox 265 2553 384 2576; x_wconf 85' lang='lat' dir='ltr'><strong>mutatus</strong></span> <span class='ocrx_word' id='word_1_714' title='bbox 398 2553 438 2575; x_wconf 88' lang='lat' dir='ltr'><strong>est</strong></span> <span class='ocrx_word' id='word_1_715' title='bbox 455 2553 480 2575; x_wconf 83' lang='lat' dir='ltr'><strong>et</strong></span> <span class='ocrx_word' id='word_1_716' title='bbox 498 2545 560 2575; x_wconf 81' lang='lat' dir='ltr'><strong>fecit</strong></span> <span class='ocrx_word' id='word_1_717' title='bbox 579 2544 682 2574; x_wconf 84' lang='lat' dir='ltr'><strong>malum</strong></span> <span class='ocrx_word' id='word_1_718' title='bbox 696 2550 755 2573; x_wconf 80' lang='lat' dir='ltr'><strong>ante</strong></span> <span class='ocrx_word' id='word_1_719' title='bbox 772 2545 870 2573; x_wconf 89' lang='lat' dir='ltr'><strong>Deum.</strong></span> <span class='ocrx_word' id='word_1_720' title='bbox 886 2544 1009 2582; x_wconf 87' lang='lat' dir='ltr'><strong>Denique</strong></span> 
     </span>
     <span class='ocr_line' id='line_1_95' title="bbox 262 2583 1008 2625; baseline -0.003 -10"><span class='ocrx_word' id='word_1_721' title='bbox 262 2596 327 2615; x_wconf 81' lang='lat' dir='ltr'><strong>cum</strong></span> <span class='ocrx_word' id='word_1_722' title='bbox 351 2585 482 2615; x_wconf 86' lang='lat' dir='ltr'><strong>induisset</strong></span> <span class='ocrx_word' id='word_1_723' title='bbox 499 2584 617 2625; x_wconf 89' lang='lat' dir='ltr'><strong>Spiritus</strong></span> <span class='ocrx_word' id='word_1_724' title='bbox 630 2590 736 2625; x_wconf 60' lang='lat' dir='ltr'><strong>sanetus</strong></span> <span class='ocrx_word' id='word_1_725' title='bbox 749 2583 908 2614; x_wconf 79' lang='lat' dir='ltr'><strong>Zachariam</strong></span> <span class='ocrx_word' id='word_1_726' title='bbox 920 2583 1008 2613; x_wconf 84' lang='lat' dir='ltr'><strong>filium</strong></span> 
     </span>
    </p>
   </div>
   <div class='ocr_carea' id='block_1_24' title="bbox 1058 1478 1801 1520">
    <p class='ocr_par' dir='ltr' id='par_1_25' title="bbox 1058 1478 1801 1520">
     <span class='ocr_line' id='line_1_96' title="bbox 1058 1478 1801 1520; baseline 0.007 -13"><span class='ocrx_word' id='word_1_727' title='bbox 1058 1488 1170 1508; x_wconf 91' lang='lat' dir='ltr'><strong>numero</strong></span> <span class='ocrx_word' id='word_1_728' title='bbox 1180 1480 1355 1519; x_wconf 86' lang='lat' dir='ltr'><strong>generationis</strong></span> <span class='ocrx_word' id='word_1_729' title='bbox 1370 1478 1472 1510; x_wconf 85' lang='lat' dir='ltr'><strong>Christi</strong></span> <span class='ocrx_word' id='word_1_730' title='bbox 1483 1480 1621 1520; x_wconf 85' lang='lat' dir='ltr'><strong>praecisus‚</strong></span> <span class='ocrx_word' id='word_1_731' title='bbox 1636 1482 1683 1511; x_wconf 92' lang='lat' dir='ltr'><strong>sed</strong></span> <span class='ocrx_word' id='word_1_732' title='bbox 1694 1482 1801 1513; x_wconf 83' lang='lat' dir='ltr'><strong>fruitio-</strong></span> 
     </span>
    </p>
   </div>
   <div class='ocr_carea' id='block_1_25' title="bbox 1058 1517 1904 1562">
    <p class='ocr_par' dir='ltr' id='par_1_26' title="bbox 1058 1517 1904 1562">
     <span class='ocr_line' id='line_1_97' title="bbox 1058 1517 1904 1562; baseline 0.006 -15"><span class='ocrx_word' id='word_1_733' title='bbox 1058 1517 1101 1547; x_wconf 90' lang='lat' dir='ltr'><strong>nis</strong></span> <span class='ocrx_word' id='word_1_734' title='bbox 1109 1519 1184 1557; x_wconf 86' lang='lat' dir='ltr'><strong>regni</strong></span> <span class='ocrx_word' id='word_1_735' title='bbox 1196 1529 1231 1548; x_wconf 86' lang='lat' dir='ltr'><strong>ex</strong></span> <span class='ocrx_word' id='word_1_736' title='bbox 1241 1526 1316 1558; x_wconf 85' lang='lat' dir='ltr'><strong>parte</strong></span> <span class='ocrx_word' id='word_1_737' title='bbox 1325 1519 1474 1549; x_wconf 84' lang='lat' dir='ltr'><strong>fraudatus.</strong></span> <span class='ocrx_word' id='word_1_738' title='bbox 1490 1521 1579 1549; x_wconf 82' lang='lat' dir='ltr'><strong>Ozias</strong></span> <span class='ocrx_word' id='word_1_739' title='bbox 1591 1527 1690 1551; x_wconf 84' lang='lat' dir='ltr'><strong>autem</strong></span> <span class='ocrx_word' id='word_1_740' title='bbox 1702 1525 1801 1562; x_wconf 82' lang='lat' dir='ltr'><strong>genuit</strong></span> <span class='ocrx_word' id='word_1_741' title='bbox 1810 1534 1904 1558; x_wconf 57' lang='lat' dir='ltr'><strong>,swam</strong></span> 
     </span>
    </p>
   </div>
   <div class='ocr_carea' id='block_1_26' title="bbox 1058 1558 1803 1759">
    <p class='ocr_par' dir='ltr' id='par_1_27' title="bbox 1058 1558 1803 1759">
     <span class='ocr_line' id='line_1_98' title="bbox 1058 1558 1800 1599; baseline 0.007 -12"><span class='ocrx_word' id='word_1_742' title='bbox 1058 1558 1083 1587; x_wconf 90' lang='lat' dir='ltr'><strong><em>J</em></strong></span> <span class='ocrx_word' id='word_1_743' title='bbox 1082 1559 1203 1587; x_wconf 79' lang='lat' dir='ltr'><strong>oathan.</strong></span> <span class='ocrx_word' id='word_1_744' title='bbox 1231 1559 1347 1589; x_wconf 84' lang='lat' dir='ltr'><strong>Joathan</strong></span> <span class='ocrx_word' id='word_1_745' title='bbox 1370 1559 1562 1599; x_wconf 86' lang='lat' dir='ltr'><strong>interpretatur</strong></span> <span class='ocrx_word' id='word_1_746' title='bbox 1583 1561 1735 1599; x_wconf 80' lang='lat' dir='ltr'><strong>perfectus,</strong></span> <span class='ocrx_word' id='word_1_747' title='bbox 1756 1563 1800 1592; x_wconf 85' lang='lat' dir='ltr'><strong>vel</strong></span> 
     </span>
     <span class='ocr_line' id='line_1_99' title="bbox 1058 1596 1802 1638; baseline 0.007 -12"><span class='ocrx_word' id='word_1_748' title='bbox 1058 1596 1185 1627; x_wconf 89' lang='lat' dir='ltr'><strong>dominus</strong></span> <span class='ocrx_word' id='word_1_749' title='bbox 1199 1597 1397 1628; x_wconf 87' lang='lat' dir='ltr'><strong>immaculatus.</strong></span> <span class='ocrx_word' id='word_1_750' title='bbox 1416 1599 1453 1629; x_wconf 93' lang='lat' dir='ltr'><strong>Et</strong></span> <span class='ocrx_word' id='word_1_751' title='bbox 1470 1609 1533 1629; x_wconf 86' lang='lat' dir='ltr'><strong>vere</strong></span> <span class='ocrx_word' id='word_1_752' title='bbox 1545 1599 1678 1638; x_wconf 84' lang='lat' dir='ltr'><strong>perfectus</strong></span> <span class='ocrx_word' id='word_1_753' title='bbox 1691 1601 1744 1631; x_wconf 83' lang='lat' dir='ltr'><strong>fuit</strong></span> <span class='ocrx_word' id='word_1_754' title='bbox 1755 1601 1802 1632; x_wconf 82' lang='lat' dir='ltr'><strong>hie</strong></span> 
     </span>
     <span class='ocr_line' id='line_1_100' title="bbox 1058 1636 1803 1678; baseline 0.007 -13"><span class='ocrx_word' id='word_1_755' title='bbox 1058 1636 1174 1666; x_wconf 85' lang='lat' dir='ltr'><strong>Joathan</strong></span> <span class='ocrx_word' id='word_1_756' title='bbox 1181 1644 1207 1667; x_wconf 92' lang='lat' dir='ltr'><strong>et</strong></span> <span class='ocrx_word' id='word_1_757' title='bbox 1217 1645 1347 1676; x_wconf 87' lang='lat' dir='ltr'><strong>quantum</strong></span> <span class='ocrx_word' id='word_1_758' title='bbox 1361 1638 1396 1667; x_wconf 86' lang='lat' dir='ltr'><strong>ad</strong></span> <span class='ocrx_word' id='word_1_759' title='bbox 1404 1649 1479 1677; x_wconf 79' lang='lat' dir='ltr'><strong>reges</strong></span> <span class='ocrx_word' id='word_1_760' title='bbox 1490 1649 1517 1667; x_wconf 90' lang='lat' dir='ltr'><strong>se</strong></span> <span class='ocrx_word' id='word_1_761' title='bbox 1527 1638 1706 1678; x_wconf 78' lang='lat' dir='ltr'><strong>praeoedentes</strong></span> <span class='ocrx_word' id='word_1_762' title='bbox 1714 1640 1803 1670; x_wconf 90' lang='lat' dir='ltr'><strong>domi-</strong></span> 
     </span>
     <span class='ocr_line' id='line_1_101' title="bbox 1059 1676 1802 1718; baseline 0.007 -13"><span class='ocrx_word' id='word_1_763' title='bbox 1059 1686 1111 1706; x_wconf 88' lang='lat' dir='ltr'><strong>nus</strong></span> <span class='ocrx_word' id='word_1_764' title='bbox 1130 1676 1330 1714; x_wconf 88' lang='lat' dir='ltr'><strong>immaculatus,</strong></span> <span class='ocrx_word' id='word_1_765' title='bbox 1350 1678 1414 1716; x_wconf 86' lang='lat' dir='ltr'><strong>quia</strong></span> <span class='ocrx_word' id='word_1_766' title='bbox 1432 1679 1495 1707; x_wconf 81' lang='lat' dir='ltr'><strong>fecit</strong></span> <span class='ocrx_word' id='word_1_767' title='bbox 1527 1677 1581 1709; x_wconf 79' lang='lat' dir='ltr'><strong>uod</strong></span> <span class='ocrx_word' id='word_1_768' title='bbox 1599 1679 1727 1718; x_wconf 80' lang='lat' dir='ltr'><strong>placitum</strong></span> <span class='ocrx_word' id='word_1_769' title='bbox 1746 1688 1802 1710; x_wconf 91' lang='lat' dir='ltr'><strong>erat</strong></span> 
     </span>
     <span class='ocr_line' id='line_1_102' title="bbox 1059 1689 1802 1759; baseline 0.008 -15"><span class='ocrx_word' id='word_1_770' title='bbox 1059 1716 1127 1752; x_wconf 89' lang='lat' dir='ltr'><strong>Deo,</strong></span> <span class='ocrx_word' id='word_1_771' title='bbox 1143 1723 1169 1745; x_wconf 89' lang='lat' dir='ltr'><strong>et</strong></span> <span class='ocrx_word' id='word_1_772' title='bbox 1180 1717 1254 1746; x_wconf 86' lang='lat' dir='ltr'><strong>nulla</strong></span> <span class='ocrx_word' id='word_1_773' title='bbox 1265 1717 1437 1757; x_wconf 87' lang='lat' dir='ltr'><strong>reprehensio</strong></span> <span class='ocrx_word' id='word_1_774' title='bbox 1447 1689 1615 1758; x_wconf 48' lang='lat' dir='ltr'><strong>ejusdegitur</strong></span> <span class='ocrx_word' id='word_1_775' title='bbox 1626 1719 1654 1748; x_wconf 91' lang='lat' dir='ltr'><strong>in</strong></span> <span class='ocrx_word' id='word_1_776' title='bbox 1668 1719 1802 1759; x_wconf 85' lang='lat' dir='ltr'><strong>scriptura</strong></span> 
     </span>
    </p>
   </div>
   <div class='ocr_carea' id='block_1_27' title="bbox 1058 1756 1902 1797">
    <p class='ocr_par' dir='ltr' id='par_1_28' title="bbox 1058 1756 1902 1797">
     <span class='ocr_line' id='line_1_103' title="bbox 1058 1756 1902 1797; baseline 0.007 -13"><span class='ocrx_word' id='word_1_777' title='bbox 1058 1756 1225 1795; x_wconf 85' lang='lat' dir='ltr'><strong>Regnorum.</strong></span> <span class='ocrx_word' id='word_1_778' title='bbox 1235 1757 1258 1786; x_wconf 89' lang='lat' dir='ltr'><em>J</em></span> <span class='ocrx_word' id='word_1_779' title='bbox 1257 1758 1370 1786; x_wconf 81' lang='lat' dir='ltr'><strong>oathan</strong></span> <span class='ocrx_word' id='word_1_780' title='bbox 1377 1763 1474 1786; x_wconf 86' lang='lat' dir='ltr'><strong>autem</strong></span> <span class='ocrx_word' id='word_1_781' title='bbox 1480 1759 1578 1797; x_wconf 81' lang='lat' dir='ltr'><strong>genuit</strong></span> <span class='ocrx_word' id='word_1_782' title='bbox 1585 1758 1616 1788; x_wconf 82' lang='lat' dir='ltr'><em>A</em></span> <span class='ocrx_word' id='word_1_783' title='bbox 1617 1759 1702 1788; x_wconf 75' lang='lat' dir='ltr'><strong>chaz.</strong></span> <span class='ocrx_word' id='word_1_784' title='bbox 1712 1759 1802 1792; x_wconf 77' lang='lat' dir='ltr'><strong>Achaz</strong></span> <span class='ocrx_word' id='word_1_785' title='bbox 1812 1768 1902 1792; x_wconf 51' lang='grc' dir='ltr'><em>Δάαι.</em></span> 
     </span>
    </p>
   </div>
   <div class='ocr_carea' id='block_1_28' title="bbox 1059 1795 1805 2033">
    <p class='ocr_par' dir='ltr' id='par_1_29' title="bbox 1059 1795 1805 2033">
     <span class='ocr_line' id='line_1_104' title="bbox 1059 1795 1803 1835; baseline 0.008 -12"><span class='ocrx_word' id='word_1_786' title='bbox 1059 1802 1149 1824; x_wconf 91' lang='lat' dir='ltr'><strong>autem</strong></span> <span class='ocrx_word' id='word_1_787' title='bbox 1169 1795 1239 1825; x_wconf 90' lang='lat' dir='ltr'><strong>inter</strong></span> <span class='ocrx_word' id='word_1_788' title='bbox 1259 1803 1358 1825; x_wconf 84' lang='lat' dir='ltr'><strong>retatur</strong></span> <span class='ocrx_word' id='word_1_789' title='bbox 1383 1797 1581 1826; x_wconf 88' lang='lat' dir='ltr'><strong>firmamentum</strong></span> <span class='ocrx_word' id='word_1_790' title='bbox 1602 1798 1730 1835; x_wconf 88' lang='lat' dir='ltr'><strong>Domini,</strong></span> <span class='ocrx_word' id='word_1_791' title='bbox 1754 1806 1803 1829; x_wconf 79' lang='lat' dir='ltr'><strong>aut</strong></span> 
     </span>
     <span class='ocr_line' id='line_1_105' title="bbox 1060 1833 1803 1868; baseline 0.005 -5"><span class='ocrx_word' id='word_1_792' title='bbox 1060 1833 1159 1864; x_wconf 86' lang='lat' dir='ltr'><strong>virtus.</strong></span> <span class='ocrx_word' id='word_1_793' title='bbox 1177 1836 1238 1865; x_wconf 90' lang='lat' dir='ltr'><strong>Joat</strong></span> <span class='ocrx_word' id='word_1_794' title='bbox 1258 1846 1293 1864; x_wconf 86' lang='lat' dir='ltr'><strong>an</strong></span> <span class='ocrx_word' id='word_1_795' title='bbox 1311 1843 1400 1865; x_wconf 88' lang='lat' dir='ltr'><strong>autem</strong></span> <span class='ocrx_word' id='word_1_796' title='bbox 1417 1847 1479 1866; x_wconf 92' lang='lat' dir='ltr'><strong>cum</strong></span> <span class='ocrx_word' id='word_1_797' title='bbox 1496 1843 1565 1866; x_wconf 81' lang='lat' dir='ltr'><strong>esset</strong></span> <span class='ocrx_word' id='word_1_798' title='bbox 1575 1843 1663 1866; x_wconf 81' lang='lat' dir='ltr'><strong>rectus</strong></span> <span class='ocrx_word' id='word_1_799' title='bbox 1675 1845 1703 1867; x_wconf 91' lang='lat' dir='ltr'><strong>et</strong></span> <span class='ocrx_word' id='word_1_800' title='bbox 1715 1838 1803 1868; x_wconf 84' lang='lat' dir='ltr'><strong>fidelis</strong></span> 
     </span>
     <span class='ocr_line' id='line_1_106' title="bbox 1060 1874 1801 1910; baseline 0.007 -8"><span class='ocrx_word' id='word_1_801' title='bbox 1060 1874 1129 1910; x_wconf 89' lang='lat' dir='ltr'><strong>Deo,</strong></span> <span class='ocrx_word' id='word_1_802' title='bbox 1144 1874 1342 1904; x_wconf 85' lang='lat' dir='ltr'><strong>firmamentum</strong></span> <span class='ocrx_word' id='word_1_803' title='bbox 1354 1886 1433 1905; x_wconf 90' lang='lat' dir='ltr'><strong>suum</strong></span> <span class='ocrx_word' id='word_1_804' title='bbox 1445 1882 1471 1905; x_wconf 93' lang='lat' dir='ltr'><strong>et</strong></span> <span class='ocrx_word' id='word_1_805' title='bbox 1484 1875 1612 1905; x_wconf 87' lang='lat' dir='ltr'><strong>virtutem</strong></span> <span class='ocrx_word' id='word_1_806' title='bbox 1625 1876 1735 1909; x_wconf 84' lang='lat' dir='ltr'><strong>credens</strong></span> <span class='ocrx_word' id='word_1_807' title='bbox 1743 1878 1801 1907; x_wconf 90' lang='lat' dir='ltr'><strong>Do-</strong></span> 
     </span>
     <span class='ocr_line' id='line_1_107' title="bbox 1059 1913 1801 1956; baseline 0.007 -14"><span class='ocrx_word' id='word_1_808' title='bbox 1059 1913 1164 1943; x_wconf 89' lang='lat' dir='ltr'><strong>minum</strong></span> <span class='ocrx_word' id='word_1_809' title='bbox 1175 1924 1243 1950; x_wconf 87' lang='lat' dir='ltr'><strong>esse,</strong></span> <span class='ocrx_word' id='word_1_810' title='bbox 1254 1925 1270 1943; x_wconf 91' lang='lat' dir='ltr'><strong>a</strong></span> <span class='ocrx_word' id='word_1_811' title='bbox 1283 1925 1337 1953; x_wconf 90' lang='lat' dir='ltr'><strong>quo</strong></span> <span class='ocrx_word' id='word_1_812' title='bbox 1349 1922 1375 1944; x_wconf 85' lang='lat' dir='ltr'><strong>ct</strong></span> <span class='ocrx_word' id='word_1_813' title='bbox 1386 1915 1474 1944; x_wconf 82' lang='lat' dir='ltr'><strong>fuerat</strong></span> <span class='ocrx_word' id='word_1_814' title='bbox 1486 1922 1658 1955; x_wconf 86' lang='lat' dir='ltr'><strong>prosperatus</strong></span> <span class='ocrx_word' id='word_1_815' title='bbox 1667 1916 1695 1946; x_wconf 91' lang='lat' dir='ltr'><strong>in</strong></span> <span class='ocrx_word' id='word_1_816' title='bbox 1708 1927 1801 1956; x_wconf 85' lang='lat' dir='ltr'><strong>regno,</strong></span> 
     </span>
     <span class='ocr_line' id='line_1_108' title="bbox 1059 1953 1805 1990; baseline 0.007 -9"><span class='ocrx_word' id='word_1_817' title='bbox 1059 1953 1136 1990; x_wconf 87' lang='lat' dir='ltr'><strong>quasi</strong></span> <span class='ocrx_word' id='word_1_818' title='bbox 1158 1953 1306 1990; x_wconf 86' lang='lat' dir='ltr'><strong>confidens,</strong></span> <span class='ocrx_word' id='word_1_819' title='bbox 1326 1954 1524 1984; x_wconf 88' lang='lat' dir='ltr'><strong>firmamentum</strong></span> <span class='ocrx_word' id='word_1_820' title='bbox 1541 1965 1621 1984; x_wconf 90' lang='lat' dir='ltr'><strong>suum</strong></span> <span class='ocrx_word' id='word_1_821' title='bbox 1634 1962 1661 1984; x_wconf 89' lang='lat' dir='ltr'><strong>et</strong></span> <span class='ocrx_word' id='word_1_822' title='bbox 1675 1957 1805 1986; x_wconf 84' lang='lat' dir='ltr'><strong>virtutem</strong></span> 
     </span>
     <span class='ocr_line' id='line_1_109' title="bbox 1059 1991 1804 2033; baseline 0.007 -13"><span class='ocrx_word' id='word_1_823' title='bbox 1059 1991 1170 2021; x_wconf 82' lang='lat' dir='ltr'><strong>credens</strong></span> <span class='ocrx_word' id='word_1_824' title='bbox 1175 1993 1322 2022; x_wconf 86' lang='lat' dir='ltr'><strong>Dominum</strong></span> <span class='ocrx_word' id='word_1_825' title='bbox 1330 1994 1508 2030; x_wconf 84' lang='lat' dir='ltr'><strong>esse‚vocavit</strong></span> <span class='ocrx_word' id='word_1_826' title='bbox 1517 1994 1605 2024; x_wconf 88' lang='lat' dir='ltr'><strong>filium</strong></span> <span class='ocrx_word' id='word_1_827' title='bbox 1612 2005 1692 2025; x_wconf 89' lang='lat' dir='ltr'><strong>suum</strong></span> <span class='ocrx_word' id='word_1_828' title='bbox 1701 1995 1804 2033; x_wconf 81' lang='lat' dir='ltr'><strong>Achaz,</strong></span> 
     </span>
    </p>
   </div>
   <div class='ocr_carea' id='block_1_29' title="bbox 1025 2031 1805 2070">
    <p class='ocr_par' dir='ltr' id='par_1_30' title="bbox 1025 2031 1805 2070">
     <span class='ocr_line' id='line_1_110' title="bbox 1025 2031 1805 2070; baseline 0.005 -9"><span class='ocrx_word' id='word_1_829' title='bbox 1025 2038 1045 2061; x_wconf 86' lang='lat' dir='ltr'>D</span> <span class='ocrx_word' id='word_1_830' title='bbox 1060 2038 1087 2060; x_wconf 88' lang='lat' dir='ltr'><strong>et</strong></span> <span class='ocrx_word' id='word_1_831' title='bbox 1095 2031 1293 2061; x_wconf 83' lang='lat' dir='ltr'><strong>firmamentum</strong></span> <span class='ocrx_word' id='word_1_832' title='bbox 1306 2033 1427 2070; x_wconf 91' lang='lat' dir='ltr'><strong>Domini,</strong></span> <span class='ocrx_word' id='word_1_833' title='bbox 1443 2034 1485 2063; x_wconf 87' lang='lat' dir='ltr'><strong>vel</strong></span> <span class='ocrx_word' id='word_1_834' title='bbox 1499 2034 1637 2064; x_wconf 89' lang='lat' dir='ltr'><strong>virtutem.</strong></span> <span class='ocrx_word' id='word_1_835' title='bbox 1652 2035 1702 2064; x_wconf 91' lang='lat' dir='ltr'><strong>Ille</strong></span> <span class='ocrx_word' id='word_1_836' title='bbox 1715 2042 1805 2065; x_wconf 89' lang='lat' dir='ltr'><strong>autem</strong></span> 
     </span>
    </p>
   </div>
   <div class='ocr_carea' id='block_1_30' title="bbox 1061 2071 1807 2309">
    <p class='ocr_par' dir='ltr' id='par_1_31' title="bbox 1061 2071 1807 2309">
     <span class='ocr_line' id='line_1_111' title="bbox 1061 2071 1806 2113; baseline 0.007 -14"><span class='ocrx_word' id='word_1_837' title='bbox 1061 2080 1114 2099; x_wconf 90' lang='lat' dir='ltr'><strong>non</strong></span> <span class='ocrx_word' id='word_1_838' title='bbox 1123 2071 1174 2100; x_wconf 82' lang='lat' dir='ltr'><strong>fuit</strong></span> <span class='ocrx_word' id='word_1_839' title='bbox 1181 2071 1377 2101; x_wconf 85' lang='lat' dir='ltr'><strong>firmamentum</strong></span> <span class='ocrx_word' id='word_1_840' title='bbox 1385 2073 1506 2109; x_wconf 88' lang='lat' dir='ltr'><strong>Domini,</strong></span> <span class='ocrx_word' id='word_1_841' title='bbox 1515 2082 1601 2110; x_wconf 88' lang='lat' dir='ltr'><strong>neque</strong></span> <span class='ocrx_word' id='word_1_842' title='bbox 1611 2073 1705 2103; x_wconf 88' lang='lat' dir='ltr'><strong>virtus.</strong></span> <span class='ocrx_word' id='word_1_843' title='bbox 1713 2075 1806 2113; x_wconf 88' lang='lat' dir='ltr'><strong>Neque</strong></span> 
     </span>
     <span class='ocr_line' id='line_1_112' title="bbox 1061 2110 1807 2148; baseline 0.007 -10"><span class='ocrx_word' id='word_1_844' title='bbox 1061 2110 1133 2139; x_wconf 92' lang='lat' dir='ltr'><strong>enim</strong></span> <span class='ocrx_word' id='word_1_845' title='bbox 1144 2110 1264 2140; x_wconf 85' lang='lat' dir='ltr'><strong>firmavit</strong></span> <span class='ocrx_word' id='word_1_846' title='bbox 1276 2121 1338 2139; x_wconf 87' lang='lat' dir='ltr'><strong>eum</strong></span> <span class='ocrx_word' id='word_1_847' title='bbox 1351 2112 1425 2141; x_wconf 91' lang='lat' dir='ltr'><strong>Deus</strong></span> <span class='ocrx_word' id='word_1_848' title='bbox 1438 2112 1467 2141; x_wconf 92' lang='lat' dir='ltr'><strong>in</strong></span> <span class='ocrx_word' id='word_1_849' title='bbox 1480 2112 1563 2148; x_wconf 88' lang='lat' dir='ltr'><strong>bono,</strong></span> <span class='ocrx_word' id='word_1_850' title='bbox 1578 2111 1626 2141; x_wconf 81' lang='lat' dir='ltr'><strong>sed</strong></span> <span class='ocrx_word' id='word_1_851' title='bbox 1638 2112 1764 2143; x_wconf 90' lang='lat' dir='ltr'><strong>diabolus</strong></span> <span class='ocrx_word' id='word_1_852' title='bbox 1778 2114 1807 2143; x_wconf 90' lang='lat' dir='ltr'><strong>in</strong></span> 
     </span>
     <span class='ocr_line' id='line_1_113' title="bbox 1061 2149 1806 2192; baseline 0.007 -14"><span class='ocrx_word' id='word_1_853' title='bbox 1061 2149 1144 2186; x_wconf 84' lang='lat' dir='ltr'><strong>malo,</strong></span> <span class='ocrx_word' id='word_1_854' title='bbox 1153 2149 1201 2188; x_wconf 88' lang='lat' dir='ltr'><strong>qui</strong></span> <span class='ocrx_word' id='word_1_855' title='bbox 1211 2150 1262 2179; x_wconf 83' lang='lat' dir='ltr'><strong>ruit</strong></span> <span class='ocrx_word' id='word_1_856' title='bbox 1272 2149 1399 2180; x_wconf 88' lang='lat' dir='ltr'><strong>dominus</strong></span> <span class='ocrx_word' id='word_1_857' title='bbox 1407 2151 1476 2190; x_wconf 87' lang='lat' dir='ltr'><strong>ejus.</strong></span> <span class='ocrx_word' id='word_1_858' title='bbox 1486 2152 1556 2180; x_wconf 85' lang='lat' dir='ltr'><strong>Nam</strong></span> <span class='ocrx_word' id='word_1_859' title='bbox 1564 2151 1644 2181; x_wconf 87' lang='lat' dir='ltr'><strong>valde</strong></span> <span class='ocrx_word' id='word_1_860' title='bbox 1654 2152 1738 2192; x_wconf 89' lang='lat' dir='ltr'><strong>impie</strong></span> <span class='ocrx_word' id='word_1_861' title='bbox 1749 2164 1806 2192; x_wconf 87' lang='lat' dir='ltr'><strong>ges-</strong></span> 
     </span>
     <span class='ocr_line' id='line_1_114' title="bbox 1061 2189 1807 2231; baseline 0.007 -14"><span class='ocrx_word' id='word_1_862' title='bbox 1061 2189 1095 2217; x_wconf 90' lang='lat' dir='ltr'><strong>sit</strong></span> <span class='ocrx_word' id='word_1_863' title='bbox 1107 2189 1134 2217; x_wconf 93' lang='lat' dir='ltr'><strong>in</strong></span> <span class='ocrx_word' id='word_1_864' title='bbox 1146 2190 1245 2225; x_wconf 90' lang='lat' dir='ltr'><strong>Deum,</strong></span> <span class='ocrx_word' id='word_1_865' title='bbox 1257 2189 1328 2218; x_wconf 87' lang='lat' dir='ltr'><strong>sicut</strong></span> <span class='ocrx_word' id='word_1_866' title='bbox 1337 2197 1449 2219; x_wconf 86' lang='lat' dir='ltr'><strong>testatur</strong></span> <span class='ocrx_word' id='word_1_867' title='bbox 1462 2191 1596 2230; x_wconf 86' lang='lat' dir='ltr'><strong>scriptura</strong></span> <span class='ocrx_word' id='word_1_868' title='bbox 1609 2192 1766 2231; x_wconf 81' lang='lat' dir='ltr'><strong>Regnorum</strong></span> <span class='ocrx_word' id='word_1_869' title='bbox 1780 2200 1807 2222; x_wconf 90' lang='lat' dir='ltr'><strong>et</strong></span> 
     </span>
     <span class='ocr_line' id='line_1_115' title="bbox 1062 2228 1806 2270; baseline 0.007 -13"><span class='ocrx_word' id='word_1_870' title='bbox 1062 2228 1297 2268; x_wconf 84' lang='lat' dir='ltr'><strong>Paralipomenon.</strong></span> <span class='ocrx_word' id='word_1_871' title='bbox 1310 2229 1392 2266; x_wconf 88' lang='lat' dir='ltr'><strong>Quod</strong></span> <span class='ocrx_word' id='word_1_872' title='bbox 1400 2237 1490 2259; x_wconf 83' lang='lat' dir='ltr'><strong>autem</strong></span> <span class='ocrx_word' id='word_1_873' title='bbox 1503 2230 1655 2270; x_wconf 83' lang='lat' dir='ltr'><strong>appellatus</strong></span> <span class='ocrx_word' id='word_1_874' title='bbox 1667 2239 1706 2261; x_wconf 90' lang='lat' dir='ltr'><strong>est</strong></span> <span class='ocrx_word' id='word_1_875' title='bbox 1717 2232 1806 2261; x_wconf 82' lang='lat' dir='ltr'><strong>Achaz</strong></span> 
     </span>
     <span class='ocr_line' id='line_1_116' title="bbox 1062 2268 1806 2309; baseline 0.005 -13"><span class='ocrx_word' id='word_1_876' title='bbox 1062 2268 1259 2297; x_wconf 85' lang='lat' dir='ltr'><strong>firmamentum</strong></span> <span class='ocrx_word' id='word_1_877' title='bbox 1266 2269 1334 2297; x_wconf 91' lang='lat' dir='ltr'><strong>Dom</strong></span> <span class='ocrx_word' id='word_1_878' title='bbox 1339 2269 1433 2304; x_wconf 84' lang='lat' dir='ltr'><strong>ini,vel</strong></span> <span class='ocrx_word' id='word_1_879' title='bbox 1442 2269 1544 2306; x_wconf 86' lang='lat' dir='ltr'><strong>virtus,</strong></span> <span class='ocrx_word' id='word_1_880' title='bbox 1555 2270 1689 2309; x_wconf 85' lang='lat' dir='ltr'><strong>regionem</strong></span> <span class='ocrx_word' id='word_1_881' title='bbox 1696 2271 1806 2309; x_wconf 87' lang='lat' dir='ltr'><strong>quidem</strong></span> 
     </span>
    </p>
   </div>
   <div class='ocr_carea' id='block_1_31' title="bbox 1061 2307 1904 2393">
    <p class='ocr_par' dir='ltr' id='par_1_32' title="bbox 1061 2307 1904 2393">
     <span class='ocr_line' id='line_1_117' title="bbox 1063 2307 1904 2349; baseline 0.004 -13"><span class='ocrx_word' id='word_1_882' title='bbox 1063 2308 1146 2347; x_wconf 85' lang='lat' dir='ltr'><strong>patris</strong></span> <span class='ocrx_word' id='word_1_883' title='bbox 1158 2307 1216 2347; x_wconf 87' lang='lat' dir='ltr'><strong>ejus</strong></span> <span class='ocrx_word' id='word_1_884' title='bbox 1229 2307 1357 2344; x_wconf 84' lang='lat' dir='ltr'><strong>ostendit,</strong></span> <span class='ocrx_word' id='word_1_885' title='bbox 1371 2309 1457 2348; x_wconf 90' lang='lat' dir='ltr'><strong>ipsius</strong></span> <span class='ocrx_word' id='word_1_886' title='bbox 1468 2309 1584 2347; x_wconf 68' lang='lat' dir='ltr'><strong>autem-1·</strong></span> <span class='ocrx_word' id='word_1_887' title='bbox 1594 2309 1733 2346; x_wconf 86' lang='lat' dir='ltr'><strong>duritiam,</strong></span> <span class='ocrx_word' id='word_1_888' title='bbox 1741 2310 1804 2349; x_wconf 86' lang='lat' dir='ltr'><strong>quia</strong></span> <span class='ocrx_word' id='word_1_889' title='bbox 1815 2318 1829 2344; x_wconf 87' lang='lat'><em>†</em></span> <span class='ocrx_word' id='word_1_890' title='bbox 1842 2315 1904 2345; x_wconf 66' lang='lat' dir='ltr'><strong>diff·</strong></span> 
     </span>
     <span class='ocr_line' id='line_1_118' title="bbox 1061 2347 1883 2393; baseline 0.004 -17"><span class='ocrx_word' id='word_1_891' title='bbox 1061 2347 1132 2376; x_wconf 88' lang='lat' dir='ltr'><strong>sicut</strong></span> <span class='ocrx_word' id='word_1_892' title='bbox 1140 2358 1155 2376; x_wconf 86' lang='lat' dir='ltr'><strong>a</strong></span> <span class='ocrx_word' id='word_1_893' title='bbox 1162 2347 1362 2377; x_wconf 86' lang='lat' dir='ltr'><strong>conversatione</strong></span> <span class='ocrx_word' id='word_1_894' title='bbox 1368 2348 1451 2393; x_wconf 77' lang='lat' dir='ltr'><strong>patris</strong></span> <span class='ocrx_word' id='word_1_895' title='bbox 1461 2349 1547 2378; x_wconf 75' lang='lat' dir='ltr'><strong>factus</strong></span> <span class='ocrx_word' id='word_1_896' title='bbox 1559 2355 1599 2378; x_wconf 87' lang='lat' dir='ltr'><strong>est</strong></span> <span class='ocrx_word' id='word_1_897' title='bbox 1610 2349 1700 2388; x_wconf 87' lang='lat' dir='ltr'><strong>longe,</strong></span> <span class='ocrx_word' id='word_1_898' title='bbox 1706 2350 1746 2379; x_wconf 87' lang='lat' dir='ltr'><strong>sic</strong></span> <span class='ocrx_word' id='word_1_899' title='bbox 1755 2356 1782 2379; x_wconf 84' lang='lat' dir='ltr'><strong>et</strong></span> <span class='ocrx_word' id='word_1_900' title='bbox 1789 2360 1805 2378; x_wconf 86' lang='lat' dir='ltr'><strong>a</strong></span> <span class='ocrx_word' id='word_1_901' title='bbox 1816 2351 1883 2371; x_wconf 64' lang='lat'><strong>‘²⁰¹¹‘-</strong></span> 
     </span>
    </p>
   </div>
   <div class='ocr_carea' id='block_1_32' title="bbox 1062 2387 1806 2467">
    <p class='ocr_par' dir='ltr' id='par_1_33' title="bbox 1062 2387 1806 2467">
     <span class='ocr_line' id='line_1_119' title="bbox 1062 2387 1806 2427; baseline 0.005 -11"><span class='ocrx_word' id='word_1_902' title='bbox 1062 2388 1223 2426; x_wconf 84' lang='lat' dir='ltr'><strong>proprietate</strong></span> <span class='ocrx_word' id='word_1_903' title='bbox 1235 2387 1351 2416; x_wconf 90' lang='lat' dir='ltr'><strong>nominis</strong></span> <span class='ocrx_word' id='word_1_904' title='bbox 1363 2398 1406 2418; x_wconf 81' lang='lat' dir='ltr'><strong>sni</strong></span> <span class='ocrx_word' id='word_1_905' title='bbox 1417 2387 1535 2427; x_wconf 87' lang='lat' dir='ltr'><strong>seipsum</strong></span> <span class='ocrx_word' id='word_1_906' title='bbox 1546 2388 1678 2427; x_wconf 65' lang='lat' dir='ltr'><strong>pmcidit,</strong></span> <span class='ocrx_word' id='word_1_907' title='bbox 1691 2389 1743 2419; x_wconf 89' lang='lat' dir='ltr'><strong>nisi</strong></span> <span class='ocrx_word' id='word_1_908' title='bbox 1751 2390 1806 2420; x_wconf 84' lang='lat' dir='ltr'><strong>for-</strong></span> 
     </span>
     <span class='ocr_line' id='line_1_120' title="bbox 1063 2426 1806 2467; baseline 0.005 -12"><span class='ocrx_word' id='word_1_909' title='bbox 1063 2433 1088 2455; x_wconf 89' lang='lat' dir='ltr'><strong>te</strong></span> <span class='ocrx_word' id='word_1_910' title='bbox 1101 2426 1175 2465; x_wconf 87' lang='lat' dir='ltr'><strong>quod</strong></span> <span class='ocrx_word' id='word_1_911' title='bbox 1187 2426 1259 2466; x_wconf 89' lang='lat' dir='ltr'><strong>apud</strong></span> <span class='ocrx_word' id='word_1_912' title='bbox 1273 2427 1381 2456; x_wconf 84' lang='lat' dir='ltr'><strong>Esaiam</strong></span> <span class='ocrx_word' id='word_1_913' title='bbox 1394 2427 1552 2467; x_wconf 85' lang='lat' dir='ltr'><strong>prophetam</strong></span> <span class='ocrx_word' id='word_1_914' title='bbox 1572 2427 1689 2466; x_wconf 89' lang='lat' dir='ltr'><strong>positum</strong></span> <span class='ocrx_word' id='word_1_915' title='bbox 1702 2436 1742 2459; x_wconf 87' lang='lat' dir='ltr'><strong>est</strong></span> <span class='ocrx_word' id='word_1_916' title='bbox 1755 2429 1806 2458; x_wconf 91' lang='lat' dir='ltr'><strong>hoc</strong></span> 
     </span>
    </p>
   </div>
   <div class='ocr_carea' id='block_1_33' title="bbox 1048 2466 1904 2545">
    <p class='ocr_par' dir='ltr' id='par_1_34' title="bbox 1048 2466 1904 2545">
     <span class='ocr_line' id='line_1_121' title="bbox 1048 2466 1904 2510; baseline 0.005 -16"><span class='ocrx_word' id='word_1_917' title='bbox 1048 2498 1050 2500; x_wconf 17' lang='lat' dir='ltr'>v</span> <span class='ocrx_word' id='word_1_918' title='bbox 1062 2466 1144 2496; x_wconf 88' lang='lat' dir='ltr'><strong>modo</strong></span> <span class='ocrx_word' id='word_1_919' title='bbox 1161 2479 1167 2495; x_wconf 92' lang='lat'><strong>:</strong></span> <span class='ocrx_word' id='word_1_920' title='bbox 1195 2468 1237 2495; x_wconf 86' lang='lat' dir='ltr'><strong>Et</strong></span> <span class='ocrx_word' id='word_1_921' title='bbox 1248 2466 1370 2506; x_wconf 85' lang='lat' dir='ltr'><strong>sactum</strong></span> <span class='ocrx_word' id='word_1_922' title='bbox 1389 2473 1431 2496; x_wconf 84' lang='lat' dir='ltr'><strong>est</strong></span> <span class='ocrx_word' id='word_1_923' title='bbox 1451 2469 1483 2495; x_wconf 88' lang='lat' dir='ltr'><strong>in</strong></span> <span class='ocrx_word' id='word_1_924' title='bbox 1503 2467 1605 2495; x_wconf 79' lang='lat' dir='ltr'><strong>diebus</strong></span> <span class='ocrx_word' id='word_1_925' title='bbox 1625 2467 1733 2498; x_wconf 77' lang='lat' dir='ltr'><strong>Achaz</strong></span> <span class='ocrx_word' id='word_1_926' title='bbox 1749 2469 1807 2507; x_wconf 81' lang='lat' dir='ltr'><strong>filii</strong></span> <span class='ocrx_word' id='word_1_927' title='bbox 1816 2480 1881 2502; x_wconf 70' lang='lat' dir='ltr'><strong>Emi.</strong></span> <span class='ocrx_word' id='word_1_928' title='bbox 1892 2486 1904 2510; x_wconf 72' lang='lat'><strong>7</strong></span> 
     </span>
     <span class='ocr_line' id='line_1_122' title="bbox 1061 2506 1871 2545; baseline 0.005 -11"><span class='ocrx_word' id='word_1_929' title='bbox 1061 2506 1085 2534; x_wconf 91' lang='lat' dir='ltr'><em>J</em></span> <span class='ocrx_word' id='word_1_930' title='bbox 1084 2507 1195 2534; x_wconf 82' lang='lat' dir='ltr'><strong>oathan</strong></span> <span class='ocrx_word' id='word_1_931' title='bbox 1205 2508 1279 2545; x_wconf 82' lang='lat' dir='ltr'><strong>regis</strong></span> <span class='ocrx_word' id='word_1_932' title='bbox 1292 2506 1387 2542; x_wconf 84' lang='lat' dir='ltr'><strong>Juda,</strong></span> <span class='ocrx_word' id='word_1_933' title='bbox 1400 2506 1530 2534; x_wconf 84' lang='lat' dir='ltr'><strong>ascendit</strong></span> <span class='ocrx_word' id='word_1_934' title='bbox 1541 2507 1641 2536; x_wconf 86' lang='lat' dir='ltr'><strong>Rasim</strong></span> <span class='ocrx_word' id='word_1_935' title='bbox 1651 2517 1703 2536; x_wconf 70' lang='lat' dir='ltr'><strong>rex</strong></span> <span class='ocrx_word' id='word_1_936' title='bbox 1714 2508 1807 2545; x_wconf 82' lang='lat' dir='ltr'><strong>Syrioe</strong></span> <span class='ocrx_word' id='word_1_937' title='bbox 1816 2517 1871 2540; x_wconf 85' lang='lat'><strong>-7·</strong></span> 
     </span>
    </p>
   </div>
   <div class='ocr_carea' id='block_1_34' title="bbox 1061 2545 1808 2632">
    <p class='ocr_par' dir='ltr' id='par_1_35' title="bbox 1061 2545 1808 2632">
     <span class='ocr_line' id='line_1_123' title="bbox 1062 2545 1807 2584; baseline 0.005 -11"><span class='ocrx_word' id='word_1_938' title='bbox 1062 2551 1090 2573; x_wconf 86' lang='lat' dir='ltr'><strong>et</strong></span> <span class='ocrx_word' id='word_1_939' title='bbox 1102 2546 1219 2574; x_wconf 87' lang='lat' dir='ltr'><strong>Phacee</strong></span> <span class='ocrx_word' id='word_1_940' title='bbox 1230 2546 1312 2584; x_wconf 79' lang='lat' dir='ltr'><strong>silius</strong></span> <span class='ocrx_word' id='word_1_941' title='bbox 1325 2545 1465 2575; x_wconf 83' lang='lat' dir='ltr'><strong>Romelioe</strong></span> <span class='ocrx_word' id='word_1_942' title='bbox 1477 2555 1530 2574; x_wconf 75' lang='lat' dir='ltr'><strong>rex</strong></span> <span class='ocrx_word' id='word_1_943' title='bbox 1546 2547 1642 2576; x_wconf 66' lang='lat' dir='ltr'><strong>Israel</strong></span> <span class='ocrx_word' id='word_1_944' title='bbox 1660 2547 1703 2575; x_wconf 83' lang='lat' dir='ltr'><strong>ad</strong></span> <span class='ocrx_word' id='word_1_945' title='bbox 1722 2548 1807 2577; x_wconf 86' lang='lat' dir='ltr'><strong>Jeru-</strong></span> 
     </span>
     <span class='ocr_line' id='line_1_124' title="bbox 1061 2584 1808 2632; baseline 0.005 -19"><span class='ocrx_word' id='word_1_946' title='bbox 1061 2584 1164 2623; x_wconf 81' lang='lat' dir='ltr'><strong>salem,</strong></span> <span class='ocrx_word' id='word_1_947' title='bbox 1180 2595 1347 2624; x_wconf 75' lang='lat' dir='ltr'><strong>expugnare</strong></span> <span class='ocrx_word' id='word_1_948' title='bbox 1356 2595 1432 2632; x_wconf 63' lang='lat' dir='ltr'><strong>eam,</strong></span> <span class='ocrx_word' id='word_1_949' title='bbox 1449 2591 1476 2615; x_wconf 90' lang='lat' dir='ltr'><strong>et</strong></span> <span class='ocrx_word' id='word_1_950' title='bbox 1495 2595 1554 2615; x_wconf 85' lang='lat' dir='ltr'><strong>non</strong></span> <span class='ocrx_word' id='word_1_951' title='bbox 1567 2592 1723 2625; x_wconf 84' lang='lat' dir='ltr'><strong>potuerunt</strong></span> <span class='ocrx_word' id='word_1_952' title='bbox 1742 2596 1808 2616; x_wconf 84' lang='lat' dir='ltr'><strong>eam</strong></span> 
     </span>
    </p>
   </div>
  </div>
 </body>
</html>
