<?xml version="1.0" encoding="UTF-8"?>
<!DOCTYPE html PUBLIC "-//W3C//DTD XHTML 1.0 Transitional//EN"
    "http://www.w3.org/TR/xhtml1/DTD/xhtml1-transitional.dtd">
<html xmlns="http://www.w3.org/1999/xhtml" xml:lang="en" lang="en">
 <head>
  <title>
</title>
<meta http-equiv="Content-Type" content="text/html;charset=utf-8" />
  <meta name='ocr-system' content='tesseract 3.04.00' />
  <meta name='ocr-capabilities' content='ocr_page ocr_carea ocr_par ocr_line ocrx_word'/>
</head>
<body>
  <div class='ocr_page' id='page_1' title='image "./operaomniaquaeex06johnuoft_0823.png"; bbox 0 0 1904 2840; ppageno 0'>
   <div class='ocr_carea' id='block_1_1' title="bbox 0 1140 87 1168">
    <p class='ocr_par' dir='ltr' id='par_1_1' title="bbox 0 1140 87 1168">
     <span class='ocr_line' id='line_1_1' title="bbox 0 1140 87 1168; baseline 0 -6"><span class='ocrx_word' id='word_1_1' title='bbox 0 1140 87 1168; x_wconf 72' lang='lat' dir='ltr'>sitisse.</span> 
     </span>
    </p>
   </div>
   <div class='ocr_carea' id='block_1_2' title="bbox 81 1050 582 1081">
    <p class='ocr_par' dir='ltr' id='par_1_2' title="bbox 81 1050 582 1081">
     <span class='ocr_line' id='line_1_2' title="bbox 81 1050 582 1081; baseline -0.006 0"><span class='ocrx_word' id='word_1_2' title='bbox 81 1058 278 1081; x_wconf 76' lang='lat' dir='ltr'>,necessitatem</span> <span class='ocrx_word' id='word_1_3' title='bbox 304 1050 421 1080; x_wconf 86' lang='lat' dir='ltr'>hominis</span> <span class='ocrx_word' id='word_1_4' title='bbox 447 1050 582 1080; x_wconf 82' lang='lat' dir='ltr'>violenti:</span> 
     </span>
    </p>
   </div>
   <div class='ocr_carea' id='block_1_3' title="bbox 608 193 1120 218">
    <p class='ocr_par' dir='ltr' id='par_1_3' title="bbox 608 193 1120 218">
     <span class='ocr_line' id='line_1_3' title="bbox 608 193 1120 218; baseline -0.002 0"><span class='ocrx_word' id='word_1_5' title='bbox 608 195 641 218; x_wconf 88' lang='lat' dir='ltr'>IN</span> <span class='ocrx_word' id='word_1_6' title='bbox 667 194 872 218; x_wconf 70' lang='lat' dir='ltr'><strong>MATTHAEUM.</strong></span> <span class='ocrx_word' id='word_1_7' title='bbox 901 193 1018 217; x_wconf 76' lang='lat' dir='ltr'>nomn..</span> <span class='ocrx_word' id='word_1_8' title='bbox 1047 194 1120 217; x_wconf 81' lang='lat' dir='ltr'>xiil.</span> 
     </span>
    </p>
   </div>
   <div class='ocr_carea' id='block_1_4' title="bbox 1562 185 1631 219">
    <p class='ocr_par' dir='ltr' id='par_1_4' title="bbox 1562 185 1631 219">
     <span class='ocr_line' id='line_1_4' title="bbox 1562 185 1631 219; baseline 0 0"><span class='ocrx_word' id='word_1_9' title='bbox 1562 185 1631 219; x_wconf 85' lang='lat'>803</span> 
     </span>
    </p>
   </div>
   <div class='ocr_carea' id='block_1_5' title="bbox 95 255 1634 298">
    <p class='ocr_par' dir='ltr' id='par_1_5' title="bbox 95 255 1634 298">
     <span class='ocr_line' id='line_1_5' title="bbox 95 255 1634 298; baseline -0.002 -8"><span class='ocrx_word' id='word_1_10' title='bbox 95 260 194 291; x_wconf 76' lang='lat' dir='ltr'>stiani?</span> <span class='ocrx_word' id='word_1_11' title='bbox 206 259 298 290; x_wconf 83' lang='lat' dir='ltr'>Facile</span> <span class='ocrx_word' id='word_1_12' title='bbox 311 258 384 289; x_wconf 79' lang='lat' dir='ltr'>enim</span> <span class='ocrx_word' id='word_1_13' title='bbox 395 263 526 298; x_wconf 84' lang='lat' dir='ltr'>spernunt</span> <span class='ocrx_word' id='word_1_14' title='bbox 537 263 640 286; x_wconf 81' lang='lat' dir='ltr'>terrena</span> <span class='ocrx_word' id='word_1_15' title='bbox 661 255 711 295; x_wconf 88' lang='lat' dir='ltr'>qui</span> <span class='ocrx_word' id='word_1_16' title='bbox 721 255 837 285; x_wconf 77' lang='lat' dir='ltr'>caelestia</span> <span class='ocrx_word' id='word_1_17' title='bbox 855 259 875 283; x_wconf 81' lang='grc' dir='ltr'><strong>Δ</strong></span> <span class='ocrx_word' id='word_1_18' title='bbox 890 255 935 284; x_wconf 82' lang='lat' dir='ltr'>tiae</span> <span class='ocrx_word' id='word_1_19' title='bbox 951 261 1048 284; x_wconf 78' lang='lat' dir='ltr'>nostrae</span> <span class='ocrx_word' id='word_1_20' title='bbox 1061 264 1114 284; x_wconf 89' lang='lat' dir='ltr'>non</span> <span class='ocrx_word' id='word_1_21' title='bbox 1128 261 1191 284; x_wconf 90' lang='lat' dir='ltr'>sunt</span> <span class='ocrx_word' id='word_1_22' title='bbox 1205 262 1312 293; x_wconf 82' lang='lat' dir='ltr'>nostrae‚</span> <span class='ocrx_word' id='word_1_23' title='bbox 1331 255 1379 286; x_wconf 88' lang='lat' dir='ltr'>sed</span> <span class='ocrx_word' id='word_1_24' title='bbox 1397 256 1459 286; x_wconf 88' lang='lat' dir='ltr'>Dei.</span> <span class='ocrx_word' id='word_1_25' title='bbox 1477 257 1551 287; x_wconf 80' lang='lat' dir='ltr'>Deus</span> <span class='ocrx_word' id='word_1_26' title='bbox 1562 258 1634 288; x_wconf 87' lang='lat' dir='ltr'>enim</span> 
     </span>
    </p>
   </div>
   <div class='ocr_carea' id='block_1_6' title="bbox 95 295 837 421">
    <p class='ocr_par' dir='ltr' id='par_1_6' title="bbox 95 295 837 421">
     <span class='ocr_line' id='line_1_6' title="bbox 95 295 835 341; baseline -0.009 -11"><span class='ocrx_word' id='word_1_27' title='bbox 95 307 212 341; x_wconf 86' lang='lat' dir='ltr'>sperant.</span> <span class='ocrx_word' id='word_1_28' title='bbox 235 298 291 336; x_wconf 91' lang='lat' dir='ltr'>Qui</span> <span class='ocrx_word' id='word_1_29' title='bbox 309 305 398 327; x_wconf 88' lang='lat' dir='ltr'>autem</span> <span class='ocrx_word' id='word_1_30' title='bbox 418 304 522 327; x_wconf 85' lang='lat' dir='ltr'>terrena</span> <span class='ocrx_word' id='word_1_31' title='bbox 541 306 702 340; x_wconf 73' lang='lat' dir='ltr'>magnopere</span> <span class='ocrx_word' id='word_1_32' title='bbox 715 295 835 334; x_wconf 83' lang='lat' dir='ltr'>comple-</span> 
     </span>
     <span class='ocr_line' id='line_1_7' title="bbox 96 334 837 374; baseline -0.009 -4"><span class='ocrx_word' id='word_1_33' title='bbox 96 346 205 370; x_wconf 86' lang='lat' dir='ltr'>ctuntur</span> <span class='ocrx_word' id='word_1_34' title='bbox 216 339 304 367; x_wconf 84' lang='lat' dir='ltr'>neseio</span> <span class='ocrx_word' id='word_1_35' title='bbox 323 338 346 367; x_wconf 92' lang='lat' dir='ltr'>si</span> <span class='ocrx_word' id='word_1_36' title='bbox 367 337 481 366; x_wconf 84' lang='lat' dir='ltr'>firmiter</span> <span class='ocrx_word' id='word_1_37' title='bbox 500 335 615 365; x_wconf 73' lang='lat' dir='ltr'>caelestia</span> <span class='ocrx_word' id='word_1_38' title='bbox 636 334 750 364; x_wconf 86' lang='lat' dir='ltr'>eredunt</span> <span class='ocrx_word' id='word_1_39' title='bbox 771 345 837 374; x_wconf 88' lang='lat' dir='ltr'>pro-</span> 
     </span>
     <span class='ocr_line' id='line_1_8' title="bbox 96 375 837 421; baseline -0.011 -11"><span class='ocrx_word' id='word_1_40' title='bbox 96 379 186 410; x_wconf 81' lang='lat' dir='ltr'>missa.</span> <span class='ocrx_word' id='word_1_41' title='bbox 206 379 268 408; x_wconf 80' lang='lat' dir='ltr'>Non</span> <span class='ocrx_word' id='word_1_42' title='bbox 279 377 369 407; x_wconf 81' lang='lat' dir='ltr'>solum</span> <span class='ocrx_word' id='word_1_43' title='bbox 382 387 451 421; x_wconf 43' lang='lat' dir='ltr'>ergo.</span> <span class='ocrx_word' id='word_1_44' title='bbox 460 382 571 416; x_wconf 86' lang='lat' dir='ltr'>propter</span> <span class='ocrx_word' id='word_1_45' title='bbox 584 375 720 404; x_wconf 82' lang='lat' dir='ltr'>laesionem</span> <span class='ocrx_word' id='word_1_46' title='bbox 733 375 837 403; x_wconf 86' lang='lat' dir='ltr'>anima-</span> 
     </span>
    </p>
   </div>
   <div class='ocr_carea' id='block_1_7' title="bbox 95 413 863 457">
    <p class='ocr_par' dir='ltr' id='par_1_7' title="bbox 95 413 863 457">
     <span class='ocr_line' id='line_1_9' title="bbox 95 413 863 457; baseline -0.008 -9"><span class='ocrx_word' id='word_1_47' title='bbox 95 429 158 449; x_wconf 86' lang='lat' dir='ltr'>rum</span> <span class='ocrx_word' id='word_1_48' title='bbox 178 424 330 448; x_wconf 87' lang='lat' dir='ltr'>nostrarum</span> <span class='ocrx_word' id='word_1_49' title='bbox 349 422 540 457; x_wconf 80' lang='lat' dir='ltr'>percutientem</span> <span class='ocrx_word' id='word_1_50' title='bbox 553 415 683 444; x_wconf 88' lang='lat' dir='ltr'>sustinere</span> <span class='ocrx_word' id='word_1_51' title='bbox 695 413 836 450; x_wconf 80' lang='lat' dir='ltr'>debemus,</span> <span class='ocrx_word' id='word_1_52' title='bbox 856 430 863 435; x_wconf 61' lang='grc' dir='ltr'><em>ι</em></span> 
     </span>
    </p>
   </div>
   <div class='ocr_carea' id='block_1_8' title="bbox 90 453 842 2587">
    <p class='ocr_par' dir='ltr' id='par_1_8' title="bbox 94 453 842 1997">
     <span class='ocr_line' id='line_1_10' title="bbox 95 453 837 495; baseline -0.007 -7"><span class='ocrx_word' id='word_1_53' title='bbox 95 457 224 488; x_wconf 79' lang='lat' dir='ltr'>auferenti</span> <span class='ocrx_word' id='word_1_54' title='bbox 243 467 303 495; x_wconf 77' lang='lat' dir='ltr'>quae</span> <span class='ocrx_word' id='word_1_55' title='bbox 319 463 409 486; x_wconf 88' lang='lat' dir='ltr'>nostra</span> <span class='ocrx_word' id='word_1_56' title='bbox 427 462 492 485; x_wconf 89' lang='lat' dir='ltr'>sunt</span> <span class='ocrx_word' id='word_1_57' title='bbox 511 465 670 494; x_wconf 87' lang='lat' dir='ltr'>repugnare,</span> <span class='ocrx_word' id='word_1_58' title='bbox 690 453 738 483; x_wconf 86' lang='lat' dir='ltr'>sed</span> <span class='ocrx_word' id='word_1_59' title='bbox 756 454 837 483; x_wconf 87' lang='lat' dir='ltr'>etiam</span> 
     </span>
     <span class='ocr_line' id='line_1_11' title="bbox 96 493 838 539; baseline -0.008 -11"><span class='ocrx_word' id='word_1_60' title='bbox 96 505 205 539; x_wconf 84' lang='lat' dir='ltr'>propter</span> <span class='ocrx_word' id='word_1_61' title='bbox 219 496 470 526; x_wconf 78' lang='lat' dir='ltr'>demonstrationem</span> <span class='ocrx_word' id='word_1_62' title='bbox 489 494 709 524; x_wconf 85' lang='lat' dir='ltr'>indubitabilium</span> <span class='ocrx_word' id='word_1_63' title='bbox 738 493 838 523; x_wconf 87' lang='lat' dir='ltr'>Christi</span> 
     </span>
     <span class='ocr_line' id='line_1_12' title="bbox 96 533 837 579; baseline -0.008 -12"><span class='ocrx_word' id='word_1_64' title='bbox 96 537 304 579; x_wconf 80' lang='lat' dir='ltr'><strong>promissionum</strong></span> <span class='ocrx_word' id='word_1_65' title='bbox 319 549 327 564; x_wconf 86' lang='lat'>=</span> <span class='ocrx_word' id='word_1_66' title='bbox 343 543 372 565; x_wconf 92' lang='lat' dir='ltr'>ut</span> <span class='ocrx_word' id='word_1_67' title='bbox 382 535 430 565; x_wconf 89' lang='lat' dir='ltr'>ille</span> <span class='ocrx_word' id='word_1_68' title='bbox 443 536 490 573; x_wconf 87' lang='lat' dir='ltr'>qui</span> <span class='ocrx_word' id='word_1_69' title='bbox 503 533 603 563; x_wconf 89' lang='lat' dir='ltr'>viderit</span> <span class='ocrx_word' id='word_1_70' title='bbox 614 541 639 563; x_wconf 88' lang='lat' dir='ltr'>te</span> <span class='ocrx_word' id='word_1_71' title='bbox 653 533 765 573; x_wconf 83' lang='lat' dir='ltr'>injurias</span> <span class='ocrx_word' id='word_1_72' title='bbox 774 543 837 572; x_wconf 84' lang='lat' dir='ltr'>pro·</span> 
     </span>
     <span class='ocr_line' id='line_1_13' title="bbox 95 572 838 618; baseline -0.008 -11"><span class='ocrx_word' id='word_1_73' title='bbox 95 578 170 618; x_wconf 81' lang='lat' dir='ltr'>prias</span> <span class='ocrx_word' id='word_1_74' title='bbox 182 576 371 616; x_wconf 77' lang='lat' dir='ltr'>negligentem,</span> <span class='ocrx_word' id='word_1_75' title='bbox 392 582 509 605; x_wconf 87' lang='lat' dir='ltr'>terrenas</span> <span class='ocrx_word' id='word_1_76' title='bbox 526 574 608 612; x_wconf 75' lang='lat' dir='ltr'>etiam</span> <span class='ocrx_word' id='word_1_77' title='bbox 620 583 662 602; x_wconf 89' lang='lat' dir='ltr'>res</span> <span class='ocrx_word' id='word_1_78' title='bbox 673 573 751 612; x_wconf 87' lang='lat' dir='ltr'>quasi</span> <span class='ocrx_word' id='word_1_79' title='bbox 767 572 838 601; x_wconf 86' lang='lat' dir='ltr'>nihil</span> 
     </span>
     <span class='ocr_line' id='line_1_14' title="bbox 96 611 838 658; baseline -0.008 -11"><span class='ocrx_word' id='word_1_80' title='bbox 96 623 274 658; x_wconf 76' lang='lat' dir='ltr'>spernentem,</span> <span class='ocrx_word' id='word_1_81' title='bbox 297 615 439 654; x_wconf 85' lang='lat' dir='ltr'>intelligat,</span> <span class='ocrx_word' id='word_1_82' title='bbox 456 614 519 652; x_wconf 85' lang='lat' dir='ltr'>quia</span> <span class='ocrx_word' id='word_1_83' title='bbox 541 624 605 643; x_wconf 86' lang='lat' dir='ltr'>vere</span> <span class='ocrx_word' id='word_1_84' title='bbox 629 619 668 642; x_wconf 89' lang='lat' dir='ltr'>est</span> <span class='ocrx_word' id='word_1_85' title='bbox 692 611 838 657; x_wconf 71' lang='lat' dir='ltr'>certissima</span> 
     </span>
     <span class='ocr_line' id='line_1_15' title="bbox 94 651 838 697; baseline -0.008 -11"><span class='ocrx_word' id='word_1_86' title='bbox 94 667 156 695; x_wconf 73' lang='lat' dir='ltr'>spes</span> <span class='ocrx_word' id='word_1_87' title='bbox 173 655 387 694; x_wconf 76' lang='lat' dir='ltr'>Christianorum</span> <span class='ocrx_word' id='word_1_88' title='bbox 401 655 429 684; x_wconf 87' lang='lat' dir='ltr'>in</span> <span class='ocrx_word' id='word_1_89' title='bbox 447 653 531 690; x_wconf 55' lang='lat' dir='ltr'>«selis,</span> <span class='ocrx_word' id='word_1_90' title='bbox 552 653 694 697; x_wconf 75' lang='lat' dir='ltr'>pretiosior</span> <span class='ocrx_word' id='word_1_91' title='bbox 712 651 838 696; x_wconf 72' lang='lat' dir='ltr'>omnibus</span> 
     </span>
     <span class='ocr_line' id='line_1_16' title="bbox 97 691 838 733; baseline -0.009 -7"><span class='ocrx_word' id='word_1_92' title='bbox 97 697 179 726; x_wconf 87' lang='lat' dir='ltr'>rebus</span> <span class='ocrx_word' id='word_1_93' title='bbox 198 695 320 731; x_wconf 85' lang='lat' dir='ltr'>terrenis,</span> <span class='ocrx_word' id='word_1_94' title='bbox 335 702 362 724; x_wconf 88' lang='lat' dir='ltr'>et</span> <span class='ocrx_word' id='word_1_95' title='bbox 380 694 434 724; x_wconf 84' lang='lat' dir='ltr'>vita</span> <span class='ocrx_word' id='word_1_96' title='bbox 450 692 598 733; x_wconf 85' lang='lat' dir='ltr'>jucundior</span> <span class='ocrx_word' id='word_1_97' title='bbox 616 702 690 722; x_wconf 82' lang='lat' dir='ltr'>omni</span> <span class='ocrx_word' id='word_1_98' title='bbox 711 691 838 720; x_wconf 66' lang='lat' dir='ltr'>finitione</span> 
     </span>
     <span class='ocr_line' id='line_1_17' title="bbox 96 732 838 771; baseline -0.009 -5"><span class='ocrx_word' id='word_1_99' title='bbox 96 736 159 766; x_wconf 69' lang='lat' dir='ltr'>vive</span> <span class='ocrx_word' id='word_1_100' title='bbox 172 735 250 764; x_wconf 82' lang='lat' dir='ltr'>istius</span> <span class='ocrx_word' id='word_1_101' title='bbox 263 734 388 765; x_wconf 82' lang='lat' dir='ltr'>carnalis.</span> <span class='ocrx_word' id='word_1_102' title='bbox 403 735 437 763; x_wconf 67' lang='lat'>4¹</span> <span class='ocrx_word' id='word_1_103' title='bbox 447 755 454 762; x_wconf 87' lang='lat'><strong>.</strong></span> <span class='ocrx_word' id='word_1_104' title='bbox 468 733 499 762; x_wconf 81' lang='lat' dir='ltr'>Si</span> <span class='ocrx_word' id='word_1_105' title='bbox 534 734 578 762; x_wconf 79' lang='lat' dir='ltr'>uis</span> <span class='ocrx_word' id='word_1_106' title='bbox 597 738 626 761; x_wconf 83' lang='lat' dir='ltr'>te</span> <span class='ocrx_word' id='word_1_107' title='bbox 638 732 838 771; x_wconf 75' lang='lat' dir='ltr'>angariaverit</span> 
     </span>
     <span class='ocr_line' id='line_1_18' title="bbox 98 770 839 814; baseline -0.007 -10"><span class='ocrx_word' id='word_1_108' title='bbox 98 775 180 804; x_wconf 82' lang='lat' dir='ltr'>mille</span> <span class='ocrx_word' id='word_1_109' title='bbox 190 783 302 814; x_wconf 82' lang='lat' dir='ltr'>passus,</span> <span class='ocrx_word' id='word_1_110' title='bbox 315 775 396 803; x_wconf 82' lang='lat' dir='ltr'>vade</span> <span class='ocrx_word' id='word_1_111' title='bbox 403 784 470 803; x_wconf 84' lang='lat' dir='ltr'>cum</span> <span class='ocrx_word' id='word_1_112' title='bbox 483 773 506 801; x_wconf 83' lang='lat' dir='ltr'>il</span> <span class='ocrx_word' id='word_1_113' title='bbox 545 778 574 800; x_wconf 83' lang='lat' dir='ltr'>et</span> <span class='ocrx_word' id='word_1_114' title='bbox 584 772 647 801; x_wconf 82' lang='lat' dir='ltr'>alia</span> <span class='ocrx_word' id='word_1_115' title='bbox 659 772 728 800; x_wconf 83' lang='lat' dir='ltr'>duo.</span> <span class='ocrx_word' id='word_1_116' title='bbox 739 770 778 800; x_wconf 94' lang='lat' dir='ltr'>Ut</span> <span class='ocrx_word' id='word_1_117' title='bbox 791 781 839 810; x_wconf 89' lang='lat' dir='ltr'>pa-</span> 
     </span>
     <span class='ocr_line' id='line_1_19' title="bbox 97 810 838 846; baseline -0.005 -3"><span class='ocrx_word' id='word_1_118' title='bbox 97 814 191 844; x_wconf 88' lang='lat' dir='ltr'>tientia</span> <span class='ocrx_word' id='word_1_119' title='bbox 205 820 250 842; x_wconf 90' lang='lat' dir='ltr'>tua</span> <span class='ocrx_word' id='word_1_120' title='bbox 269 813 359 843; x_wconf 84' lang='lat' dir='ltr'>vincat</span> <span class='ocrx_word' id='word_1_121' title='bbox 372 813 447 843; x_wconf 83' lang='lat' dir='ltr'>illius</span> <span class='ocrx_word' id='word_1_122' title='bbox 467 811 661 846; x_wconf 75' lang='lat' dir='ltr'>crudelitatem,</span> <span class='ocrx_word' id='word_1_123' title='bbox 677 818 703 839; x_wconf 90' lang='lat' dir='ltr'>et</span> <span class='ocrx_word' id='word_1_124' title='bbox 715 810 838 840; x_wconf 83' lang='lat' dir='ltr'>ostendas</span> 
     </span>
     <span class='ocr_line' id='line_1_20' title="bbox 98 850 837 893; baseline -0.005 -10"><span class='ocrx_word' id='word_1_125' title='bbox 98 854 162 893; x_wconf 82' lang='lat' dir='ltr'>quia</span> <span class='ocrx_word' id='word_1_126' title='bbox 182 852 268 892; x_wconf 84' lang='lat' dir='ltr'>major</span> <span class='ocrx_word' id='word_1_127' title='bbox 288 860 328 882; x_wconf 82' lang='lat' dir='ltr'>est</span> <span class='ocrx_word' id='word_1_128' title='bbox 349 852 497 892; x_wconf 76' lang='lat' dir='ltr'>benignitas</span> <span class='ocrx_word' id='word_1_129' title='bbox 515 851 566 880; x_wconf 91' lang='lat' dir='ltr'>Dei</span> <span class='ocrx_word' id='word_1_130' title='bbox 584 850 612 880; x_wconf 90' lang='lat' dir='ltr'>iu</span> <span class='ocrx_word' id='word_1_131' title='bbox 629 850 736 885; x_wconf 74' lang='lat' dir='ltr'>sanctis,</span> <span class='ocrx_word' id='word_1_132' title='bbox 756 861 837 889; x_wconf 86' lang='lat' dir='ltr'>quam</span> 
     </span>
     <span class='ocr_line' id='line_1_21' title="bbox 99 890 838 931; baseline -0.005 -9"><span class='ocrx_word' id='word_1_133' title='bbox 99 893 200 923; x_wconf 86' lang='lat' dir='ltr'>malitia</span> <span class='ocrx_word' id='word_1_134' title='bbox 224 892 326 922; x_wconf 87' lang='lat' dir='ltr'>diaboli</span> <span class='ocrx_word' id='word_1_135' title='bbox 347 893 375 921; x_wconf 92' lang='lat' dir='ltr'>in</span> <span class='ocrx_word' id='word_1_136' title='bbox 397 891 496 931; x_wconf 85' lang='lat' dir='ltr'>iniquis</span> <span class='ocrx_word' id='word_1_137' title='bbox 516 890 681 920; x_wconf 87' lang='lat' dir='ltr'>bominibus.</span> <span class='ocrx_word' id='word_1_138' title='bbox 705 890 736 919; x_wconf 90' lang='lat' dir='ltr'>Si</span> <span class='ocrx_word' id='word_1_139' title='bbox 749 897 838 919; x_wconf 88' lang='lat' dir='ltr'>autem</span> 
     </span>
     <span class='ocr_line' id='line_1_22' title="bbox 98 929 838 971; baseline -0.005 -9"><span class='ocrx_word' id='word_1_140' title='bbox 98 940 202 962; x_wconf 86' lang='lat' dir='ltr'>tantum</span> <span class='ocrx_word' id='word_1_141' title='bbox 213 931 292 961; x_wconf 86' lang='lat' dir='ltr'>vadis</span> <span class='ocrx_word' id='word_1_142' title='bbox 304 938 433 971; x_wconf 81' lang='lat' dir='ltr'>quantum</span> <span class='ocrx_word' id='word_1_143' title='bbox 447 932 495 961; x_wconf 89' lang='lat' dir='ltr'>ille</span> <span class='ocrx_word' id='word_1_144' title='bbox 508 937 533 959; x_wconf 85' lang='lat' dir='ltr'>te</span> <span class='ocrx_word' id='word_1_145' title='bbox 546 930 628 969; x_wconf 78' lang='lat' dir='ltr'>cogit,</span> <span class='ocrx_word' id='word_1_146' title='bbox 645 929 780 969; x_wconf 88' lang='lat' dir='ltr'>quomodo</span> <span class='ocrx_word' id='word_1_147' title='bbox 793 940 838 959; x_wconf 87' lang='lat' dir='ltr'>co-</span> 
     </span>
     <span class='ocr_line' id='line_1_23' title="bbox 98 970 839 1012; baseline -0.004 -11"><span class='ocrx_word' id='word_1_148' title='bbox 98 971 233 1012; x_wconf 85' lang='lat' dir='ltr'>gnosceris</span> <span class='ocrx_word' id='word_1_149' title='bbox 249 981 341 1001; x_wconf 80' lang='lat' dir='ltr'>servus</span> <span class='ocrx_word' id='word_1_150' title='bbox 353 971 402 1001; x_wconf 89' lang='lat' dir='ltr'>Dei</span> <span class='ocrx_word' id='word_1_151' title='bbox 411 971 425 1000; x_wconf 78' lang='lat'>?</span> <span class='ocrx_word' id='word_1_152' title='bbox 439 972 508 1001; x_wconf 89' lang='lat' dir='ltr'>Nam</span> <span class='ocrx_word' id='word_1_153' title='bbox 521 970 549 1000; x_wconf 89' lang='lat' dir='ltr'>in</span> <span class='ocrx_word' id='word_1_154' title='bbox 563 971 715 999; x_wconf 77' lang='lat' dir='ltr'>necessitate</span> <span class='ocrx_word' id='word_1_155' title='bbox 734 970 839 999; x_wconf 81' lang='lat' dir='ltr'>bonitas</span> 
     </span>
     <span class='ocr_line' id='line_1_24' title="bbox 98 1008 841 1056; baseline -0.004 -15"><span class='ocrx_word' id='word_1_156' title='bbox 98 1022 151 1041; x_wconf 87' lang='lat' dir='ltr'>non</span> <span class='ocrx_word' id='word_1_157' title='bbox 170 1017 287 1056; x_wconf 85' lang='lat' dir='ltr'>apparet.</span> <span class='ocrx_word' id='word_1_158' title='bbox 310 1011 392 1048; x_wconf 89' lang='lat' dir='ltr'>Quod</span> <span class='ocrx_word' id='word_1_159' title='bbox 412 1021 476 1051; x_wconf 86' lang='lat' dir='ltr'>ergo</span> <span class='ocrx_word' id='word_1_160' title='bbox 493 1010 565 1049; x_wconf 78' lang='lat' dir='ltr'>cogit</span> <span class='ocrx_word' id='word_1_161' title='bbox 584 1016 620 1042; x_wconf 80' lang='lat' dir='ltr'>te,</span> <span class='ocrx_word' id='word_1_162' title='bbox 643 1008 711 1038; x_wconf 84' lang='lat' dir='ltr'>vade</span> <span class='ocrx_word' id='word_1_163' title='bbox 730 1016 841 1049; x_wconf 88' lang='lat' dir='ltr'>propter</span> 
     </span>
     <span class='ocr_line' id='line_1_25' title="bbox 605 1049 839 1088; baseline 0.004 -11"><span class='ocrx_word' id='word_1_164' title='bbox 605 1049 627 1087; x_wconf 84' lang='lat'>†</span> <span class='ocrx_word' id='word_1_165' title='bbox 637 1049 711 1088; x_wconf 88' lang='lat' dir='ltr'>quod</span> <span class='ocrx_word' id='word_1_166' title='bbox 736 1059 790 1078; x_wconf 87' lang='lat' dir='ltr'>non</span> <span class='ocrx_word' id='word_1_167' title='bbox 814 1055 839 1078; x_wconf 88' lang='lat' dir='ltr'>te</span> 
     </span>
     <span class='ocr_line' id='line_1_26' title="bbox 98 1088 840 1130; baseline -0.004 -9"><span class='ocrx_word' id='word_1_168' title='bbox 98 1102 129 1121; x_wconf 89' lang='lat' dir='ltr'>co</span> <span class='ocrx_word' id='word_1_169' title='bbox 149 1091 178 1127; x_wconf 90' lang='lat' dir='ltr'>it,</span> <span class='ocrx_word' id='word_1_170' title='bbox 189 1089 258 1120; x_wconf 84' lang='lat' dir='ltr'>vade</span> <span class='ocrx_word' id='word_1_171' title='bbox 268 1097 378 1130; x_wconf 87' lang='lat' dir='ltr'>propter</span> <span class='ocrx_word' id='word_1_172' title='bbox 392 1090 504 1130; x_wconf 79' lang='lat' dir='ltr'>gloriam</span> <span class='ocrx_word' id='word_1_173' title='bbox 519 1089 569 1118; x_wconf 89' lang='lat' dir='ltr'>Dei</span> <span class='ocrx_word' id='word_1_174' title='bbox 583 1088 702 1128; x_wconf 84' lang='lat' dir='ltr'>benigni.</span> <span class='ocrx_word' id='word_1_175' title='bbox 716 1089 746 1117; x_wconf 89' lang='lat' dir='ltr'>Si</span> <span class='ocrx_word' id='word_1_176' title='bbox 755 1099 840 1118; x_wconf 89' lang='lat' dir='ltr'>unum</span> 
     </span>
     <span class='ocr_line' id='line_1_27' title="bbox 97 1128 839 1172; baseline -0.004 -12"><span class='ocrx_word' id='word_1_177' title='bbox 97 1141 130 1160; x_wconf 83' lang='lat' dir='ltr'>va</span> <span class='ocrx_word' id='word_1_178' title='bbox 153 1130 186 1166; x_wconf 90' lang='lat' dir='ltr'>is,</span> <span class='ocrx_word' id='word_1_179' title='bbox 198 1136 275 1170; x_wconf 87' lang='lat' dir='ltr'>putat</span> <span class='ocrx_word' id='word_1_180' title='bbox 289 1136 314 1158; x_wconf 87' lang='lat' dir='ltr'>te</span> <span class='ocrx_word' id='word_1_181' title='bbox 324 1130 460 1159; x_wconf 86' lang='lat' dir='ltr'>hominem</span> <span class='ocrx_word' id='word_1_182' title='bbox 473 1128 694 1172; x_wconf 67' lang='lat' dir='ltr'>qualemcumque</span> <span class='ocrx_word' id='word_1_183' title='bbox 707 1128 839 1166; x_wconf 83' lang='lat' dir='ltr'>†fecisse,</span> 
     </span>
     <span class='ocr_line' id='line_1_28' title="bbox 97 1168 841 1209; baseline -0.003 -10"><span class='ocrx_word' id='word_1_184' title='bbox 97 1177 124 1199; x_wconf 87' lang='lat' dir='ltr'>et</span> <span class='ocrx_word' id='word_1_185' title='bbox 137 1180 189 1199; x_wconf 92' lang='lat' dir='ltr'>non</span> <span class='ocrx_word' id='word_1_186' title='bbox 205 1169 325 1209; x_wconf 87' lang='lat' dir='ltr'>poenitet,</span> <span class='ocrx_word' id='word_1_187' title='bbox 340 1170 404 1208; x_wconf 89' lang='lat' dir='ltr'>quia</span> <span class='ocrx_word' id='word_1_188' title='bbox 416 1176 443 1198; x_wconf 89' lang='lat' dir='ltr'>te</span> <span class='ocrx_word' id='word_1_189' title='bbox 456 1168 622 1207; x_wconf 80' lang='lat' dir='ltr'>angariavit:</span> <span class='ocrx_word' id='word_1_190' title='bbox 637 1169 660 1197; x_wconf 90' lang='lat' dir='ltr'>si</span> <span class='ocrx_word' id='word_1_191' title='bbox 673 1175 762 1197; x_wconf 85' lang='lat' dir='ltr'>autem</span> <span class='ocrx_word' id='word_1_192' title='bbox 784 1178 841 1197; x_wconf 87' lang='lat' dir='ltr'>am·</span> 
     </span>
     <span class='ocr_line' id='line_1_29' title="bbox 98 1207 840 1254; baseline -0.001 -16"><span class='ocrx_word' id='word_1_193' title='bbox 98 1209 171 1254; x_wconf 85' lang='lat' dir='ltr'>plius</span> <span class='ocrx_word' id='word_1_194' title='bbox 185 1209 272 1244; x_wconf 78' lang='lat' dir='ltr'>vadis,</span> <span class='ocrx_word' id='word_1_195' title='bbox 286 1208 423 1253; x_wconf 76' lang='lat' dir='ltr'>intelligit,</span> <span class='ocrx_word' id='word_1_196' title='bbox 437 1209 499 1247; x_wconf 87' lang='lat' dir='ltr'>quia</span> <span class='ocrx_word' id='word_1_197' title='bbox 513 1218 607 1237; x_wconf 82' lang='lat' dir='ltr'>servus</span> <span class='ocrx_word' id='word_1_198' title='bbox 619 1218 647 1237; x_wconf 65' lang='lat' dir='ltr'>es</span> <span class='ocrx_word' id='word_1_199' title='bbox 661 1207 724 1244; x_wconf 88' lang='lat' dir='ltr'>Dei,</span> <span class='ocrx_word' id='word_1_200' title='bbox 739 1214 765 1237; x_wconf 91' lang='lat' dir='ltr'>et</span> <span class='ocrx_word' id='word_1_201' title='bbox 779 1207 840 1237; x_wconf 87' lang='lat' dir='ltr'>ideo</span> 
     </span>
     <span class='ocr_line' id='line_1_30' title="bbox 98 1247 842 1288; baseline -0.001 -10"><span class='ocrx_word' id='word_1_202' title='bbox 98 1249 194 1288; x_wconf 81' lang='lat' dir='ltr'>incipit</span> <span class='ocrx_word' id='word_1_203' title='bbox 209 1248 289 1277; x_wconf 89' lang='lat' dir='ltr'>illum</span> <span class='ocrx_word' id='word_1_204' title='bbox 309 1255 449 1288; x_wconf 65' lang='lat' dir='ltr'>paenitere,</span> <span class='ocrx_word' id='word_1_205' title='bbox 464 1248 528 1286; x_wconf 86' lang='lat' dir='ltr'>quia</span> <span class='ocrx_word' id='word_1_206' title='bbox 549 1247 594 1277; x_wconf 87' lang='lat' dir='ltr'>vel</span> <span class='ocrx_word' id='word_1_207' title='bbox 613 1258 698 1276; x_wconf 88' lang='lat' dir='ltr'>unum</span> <span class='ocrx_word' id='word_1_208' title='bbox 715 1254 742 1276; x_wconf 89' lang='lat' dir='ltr'>te</span> <span class='ocrx_word' id='word_1_209' title='bbox 759 1258 842 1287; x_wconf 87' lang='lat' dir='ltr'>anga-</span> 
     </span>
     <span class='ocr_line' id='line_1_31' title="bbox 98 1287 840 1326; baseline 0 -9"><span class='ocrx_word' id='word_1_210' title='bbox 98 1288 198 1326; x_wconf 83' lang='lat' dir='ltr'>riavit;</span> <span class='ocrx_word' id='word_1_211' title='bbox 220 1294 247 1316; x_wconf 91' lang='lat' dir='ltr'>et</span> <span class='ocrx_word' id='word_1_212' title='bbox 267 1287 318 1317; x_wconf 85' lang='lat' dir='ltr'>hoc</span> <span class='ocrx_word' id='word_1_213' title='bbox 338 1295 414 1317; x_wconf 89' lang='lat' dir='ltr'>tuum</span> <span class='ocrx_word' id='word_1_214' title='bbox 435 1287 647 1317; x_wconf 83' lang='lat' dir='ltr'>additamentum</span> <span class='ocrx_word' id='word_1_215' title='bbox 669 1297 722 1315; x_wconf 89' lang='lat' dir='ltr'>non</span> <span class='ocrx_word' id='word_1_216' title='bbox 746 1287 778 1317; x_wconf 81' lang='lat' dir='ltr'>fit</span> <span class='ocrx_word' id='word_1_217' title='bbox 799 1288 840 1317; x_wconf 92' lang='lat' dir='ltr'>illi</span> 
     </span>
     <span class='ocr_line' id='line_1_32' title="bbox 98 1325 839 1367; baseline 0 -10"><span class='ocrx_word' id='word_1_218' title='bbox 98 1327 185 1366; x_wconf 88' lang='lat' dir='ltr'>majus</span> <span class='ocrx_word' id='word_1_219' title='bbox 197 1327 342 1363; x_wconf 85' lang='lat' dir='ltr'>auxilium,</span> <span class='ocrx_word' id='word_1_220' title='bbox 361 1327 410 1356; x_wconf 89' lang='lat' dir='ltr'>sed</span> <span class='ocrx_word' id='word_1_221' title='bbox 425 1338 501 1367; x_wconf 83' lang='lat' dir='ltr'>poena</span> <span class='ocrx_word' id='word_1_222' title='bbox 522 1325 621 1367; x_wconf 85' lang='lat' dir='ltr'>prioris</span> <span class='ocrx_word' id='word_1_223' title='bbox 636 1325 765 1356; x_wconf 85' lang='lat' dir='ltr'>audaciae.</span> <span class='ocrx_word' id='word_1_224' title='bbox 786 1329 839 1357; x_wconf 93' lang='lat' dir='ltr'>De-</span> 
     </span>
     <span class='ocr_line' id='line_1_33' title="bbox 98 1365 839 1405; baseline 0 -9"><span class='ocrx_word' id='word_1_225' title='bbox 98 1366 162 1396; x_wconf 86' lang='lat' dir='ltr'>inde</span> <span class='ocrx_word' id='word_1_226' title='bbox 175 1368 197 1396; x_wconf 84' lang='lat' dir='ltr'>si</span> <span class='ocrx_word' id='word_1_227' title='bbox 211 1367 290 1395; x_wconf 88' lang='lat' dir='ltr'>illum</span> <span class='ocrx_word' id='word_1_228' title='bbox 302 1366 412 1405; x_wconf 86' lang='lat' dir='ltr'>quidem</span> <span class='ocrx_word' id='word_1_229' title='bbox 428 1366 554 1396; x_wconf 84' lang='lat' dir='ltr'>diabolus</span> <span class='ocrx_word' id='word_1_230' title='bbox 567 1366 693 1395; x_wconf 84' lang='lat' dir='ltr'>excitavit</span> <span class='ocrx_word' id='word_1_231' title='bbox 705 1365 741 1397; x_wconf 84' lang='lat' dir='ltr'>ad</span> <span class='ocrx_word' id='word_1_232' title='bbox 753 1372 780 1395; x_wconf 89' lang='lat' dir='ltr'>te</span> <span class='ocrx_word' id='word_1_233' title='bbox 792 1377 839 1396; x_wconf 83' lang='lat' dir='ltr'>an-</span> 
     </span>
     <span class='ocr_line' id='line_1_34' title="bbox 99 1405 840 1445; baseline 0.001 -10"><span class='ocrx_word' id='word_1_234' title='bbox 99 1405 268 1445; x_wconf 85' lang='lat' dir='ltr'>gariandum‚</span> <span class='ocrx_word' id='word_1_235' title='bbox 282 1412 309 1435; x_wconf 83' lang='lat' dir='ltr'>et</span> <span class='ocrx_word' id='word_1_236' title='bbox 320 1413 350 1435; x_wconf 88' lang='lat' dir='ltr'>tu</span> <span class='ocrx_word' id='word_1_237' title='bbox 365 1406 458 1435; x_wconf 83' lang='lat' dir='ltr'>videns</span> <span class='ocrx_word' id='word_1_238' title='bbox 469 1406 519 1435; x_wconf 89' lang='lat' dir='ltr'>tibi</span> <span class='ocrx_word' id='word_1_239' title='bbox 532 1405 661 1443; x_wconf 82' lang='lat' dir='ltr'>injuriam</span> <span class='ocrx_word' id='word_1_240' title='bbox 673 1405 744 1442; x_wconf 86' lang='lat' dir='ltr'>fieri,</span> <span class='ocrx_word' id='word_1_241' title='bbox 757 1413 783 1435; x_wconf 87' lang='lat' dir='ltr'>et</span> <span class='ocrx_word' id='word_1_242' title='bbox 793 1413 840 1436; x_wconf 82' lang='lat' dir='ltr'>aut</span> 
     </span>
     <span class='ocr_line' id='line_1_35' title="bbox 98 1445 839 1482; baseline 0 -8"><span class='ocrx_word' id='word_1_243' title='bbox 98 1445 188 1475; x_wconf 84' lang='lat' dir='ltr'>verbis</span> <span class='ocrx_word' id='word_1_244' title='bbox 201 1445 304 1474; x_wconf 82' lang='lat' dir='ltr'>illicitis</span> <span class='ocrx_word' id='word_1_245' title='bbox 325 1446 501 1482; x_wconf 72' lang='lat' dir='ltr'>contradices,</span> <span class='ocrx_word' id='word_1_246' title='bbox 522 1453 568 1475; x_wconf 86' lang='lat' dir='ltr'>aut</span> <span class='ocrx_word' id='word_1_247' title='bbox 589 1445 664 1474; x_wconf 82' lang='lat' dir='ltr'>factis</span> <span class='ocrx_word' id='word_1_248' title='bbox 686 1455 738 1474; x_wconf 93' lang='lat' dir='ltr'>non</span> <span class='ocrx_word' id='word_1_249' title='bbox 761 1445 839 1475; x_wconf 87' lang='lat' dir='ltr'>bonis</span> 
     </span>
     <span class='ocr_line' id='line_1_36' title="bbox 98 1484 838 1524; baseline 0 -10"><span class='ocrx_word' id='word_1_250' title='bbox 98 1485 222 1515; x_wconf 85' lang='lat' dir='ltr'>resistas:</span> <span class='ocrx_word' id='word_1_251' title='bbox 235 1492 262 1514; x_wconf 90' lang='lat' dir='ltr'>et</span> <span class='ocrx_word' id='word_1_252' title='bbox 273 1485 378 1514; x_wconf 87' lang='lat' dir='ltr'>lucrum</span> <span class='ocrx_word' id='word_1_253' title='bbox 389 1485 547 1517; x_wconf 75' lang='lat' dir='ltr'>sanctitatis.</span> <span class='ocrx_word' id='word_1_254' title='bbox 563 1484 637 1524; x_wconf 87' lang='lat' dir='ltr'>quod</span> <span class='ocrx_word' id='word_1_255' title='bbox 650 1485 743 1514; x_wconf 82' lang='lat' dir='ltr'>multis</span> <span class='ocrx_word' id='word_1_256' title='bbox 760 1485 838 1514; x_wconf 81' lang='lat' dir='ltr'>forsi—</span> 
     </span>
     <span class='ocr_line' id='line_1_37' title="bbox 98 1524 838 1564; baseline -0.001 -10"><span class='ocrx_word' id='word_1_257' title='bbox 98 1530 143 1554; x_wconf 90' lang='lat' dir='ltr'>tan</span> <span class='ocrx_word' id='word_1_258' title='bbox 165 1525 244 1554; x_wconf 86' lang='lat' dir='ltr'>bonis</span> <span class='ocrx_word' id='word_1_259' title='bbox 264 1524 391 1564; x_wconf 87' lang='lat' dir='ltr'>operibns</span> <span class='ocrx_word' id='word_1_260' title='bbox 412 1525 560 1564; x_wconf 83' lang='lat' dir='ltr'>acquisisti,</span> <span class='ocrx_word' id='word_1_261' title='bbox 586 1530 695 1563; x_wconf 86' lang='lat' dir='ltr'>propter</span> <span class='ocrx_word' id='word_1_262' title='bbox 718 1524 838 1553; x_wconf 90' lang='lat' dir='ltr'>dolorem</span> 
     </span>
     <span class='ocr_line' id='line_1_38' title="bbox 98 1562 838 1604; baseline -0.001 -11"><span class='ocrx_word' id='word_1_263' title='bbox 98 1563 235 1594; x_wconf 88' lang='lat' dir='ltr'>modicum</span> <span class='ocrx_word' id='word_1_264' title='bbox 247 1563 347 1603; x_wconf 88' lang='lat' dir='ltr'>perdis.</span> <span class='ocrx_word' id='word_1_265' title='bbox 362 1564 438 1601; x_wconf 89' lang='lat' dir='ltr'>Quid</span> <span class='ocrx_word' id='word_1_266' title='bbox 450 1564 535 1604; x_wconf 81' lang='lat' dir='ltr'>ergo?</span> <span class='ocrx_word' id='word_1_267' title='bbox 549 1565 642 1593; x_wconf 89' lang='lat' dir='ltr'>Unum</span> <span class='ocrx_word' id='word_1_268' title='bbox 654 1562 733 1599; x_wconf 85' lang='lat' dir='ltr'>vade,</span> <span class='ocrx_word' id='word_1_269' title='bbox 754 1570 783 1592; x_wconf 91' lang='lat' dir='ltr'>ut</span> <span class='ocrx_word' id='word_1_270' title='bbox 795 1574 838 1592; x_wconf 87' lang='lat' dir='ltr'>sa·</span> 
     </span>
     <span class='ocr_line' id='line_1_39' title="bbox 100 1602 839 1639; baseline 0.001 -8"><span class='ocrx_word' id='word_1_271' title='bbox 100 1603 214 1632; x_wconf 78' lang='lat' dir='ltr'>tisfacias</span> <span class='ocrx_word' id='word_1_272' title='bbox 228 1603 331 1632; x_wconf 89' lang='lat' dir='ltr'>homini</span> <span class='ocrx_word' id='word_1_273' title='bbox 339 1614 349 1639; x_wconf 91' lang='lat'>;</span> <span class='ocrx_word' id='word_1_274' title='bbox 363 1604 478 1633; x_wconf 80' lang='lat' dir='ltr'>alterum</span> <span class='ocrx_word' id='word_1_275' title='bbox 493 1602 572 1637; x_wconf 80' lang='lat' dir='ltr'>vade,</span> <span class='ocrx_word' id='word_1_276' title='bbox 589 1609 618 1631; x_wconf 92' lang='lat' dir='ltr'>ut</span> <span class='ocrx_word' id='word_1_277' title='bbox 629 1609 654 1630; x_wconf 92' lang='lat' dir='ltr'>te</span> <span class='ocrx_word' id='word_1_278' title='bbox 664 1602 799 1638; x_wconf 85' lang='lat' dir='ltr'>ostendas,</span> <span class='ocrx_word' id='word_1_279' title='bbox 813 1610 839 1632; x_wconf 89' lang='lat' dir='ltr'>et</span> 
     </span>
     <span class='ocr_line' id='line_1_40' title="bbox 98 1641 839 1680; baseline 0 -9"><span class='ocrx_word' id='word_1_280' title='bbox 98 1642 179 1671; x_wconf 89' lang='lat' dir='ltr'>illum</span> <span class='ocrx_word' id='word_1_281' title='bbox 192 1642 321 1679; x_wconf 51' lang='lat' dir='ltr'>castigem</span> <span class='ocrx_word' id='word_1_282' title='bbox 335 1643 455 1677; x_wconf 85' lang='lat' dir='ltr'>tertium,</span> <span class='ocrx_word' id='word_1_283' title='bbox 472 1649 501 1671; x_wconf 91' lang='lat' dir='ltr'>ut</span> <span class='ocrx_word' id='word_1_284' title='bbox 514 1642 653 1670; x_wconf 87' lang='lat' dir='ltr'>diabolum</span> <span class='ocrx_word' id='word_1_285' title='bbox 671 1641 839 1680; x_wconf 81' lang='lat' dir='ltr'>superabun-</span> 
     </span>
     <span class='ocr_line' id='line_1_41' title="bbox 98 1680 838 1711; baseline 0 -1"><span class='ocrx_word' id='word_1_286' title='bbox 98 1681 191 1711; x_wconf 87' lang='lat' dir='ltr'>danter</span> <span class='ocrx_word' id='word_1_287' title='bbox 205 1680 361 1710; x_wconf 79' lang='lat' dir='ltr'>confundas.</span> <span class='ocrx_word' id='word_1_288' title='bbox 379 1681 483 1711; x_wconf 85' lang='lat' dir='ltr'>Deinde</span> <span class='ocrx_word' id='word_1_289' title='bbox 495 1682 551 1710; x_wconf 79' lang='lat' dir='ltr'>haec</span> <span class='ocrx_word' id='word_1_290' title='bbox 565 1681 653 1709; x_wconf 88' lang='lat' dir='ltr'>omnia</span> <span class='ocrx_word' id='word_1_291' title='bbox 667 1680 791 1710; x_wconf 88' lang='lat' dir='ltr'>mandata</span> <span class='ocrx_word' id='word_1_292' title='bbox 810 1682 838 1710; x_wconf 87' lang='lat' dir='ltr'>in</span> 
     </span>
     <span class='ocr_line' id='line_1_42' title="bbox 98 1719 839 1765; baseline 0.003 -17"><span class='ocrx_word' id='word_1_293' title='bbox 98 1720 224 1765; x_wconf 86' lang='lat' dir='ltr'>pauperis</span> <span class='ocrx_word' id='word_1_294' title='bbox 237 1730 349 1760; x_wconf 85' lang='lat' dir='ltr'>persona</span> <span class='ocrx_word' id='word_1_295' title='bbox 367 1721 528 1750; x_wconf 76' lang='lat' dir='ltr'>conveniunt</span> <span class='ocrx_word' id='word_1_296' title='bbox 540 1733 546 1748; x_wconf 92' lang='lat'>:</span> <span class='ocrx_word' id='word_1_297' title='bbox 560 1719 666 1749; x_wconf 83' lang='lat' dir='ltr'>dentem</span> <span class='ocrx_word' id='word_1_298' title='bbox 684 1727 772 1750; x_wconf 84' lang='lat' dir='ltr'>autem</span> <span class='ocrx_word' id='word_1_299' title='bbox 793 1720 839 1750; x_wconf 90' lang='lat' dir='ltr'>bo-</span> 
     </span>
     <span class='ocr_line' id='line_1_43' title="bbox 98 1759 837 1800; baseline 0.003 -12"><span class='ocrx_word' id='word_1_300' title='bbox 98 1761 178 1789; x_wconf 81' lang='lat' dir='ltr'>minis</span> <span class='ocrx_word' id='word_1_301' title='bbox 188 1759 282 1789; x_wconf 76' lang='lat' dir='ltr'>divitis</span> <span class='ocrx_word' id='word_1_302' title='bbox 295 1760 442 1800; x_wconf 83' lang='lat' dir='ltr'>etpotentis</span> <span class='ocrx_word' id='word_1_303' title='bbox 455 1761 516 1799; x_wconf 83' lang='lat' dir='ltr'>quis</span> <span class='ocrx_word' id='word_1_304' title='bbox 529 1760 652 1789; x_wconf 79' lang='lat' dir='ltr'>excutit?</span> <span class='ocrx_word' id='word_1_305' title='bbox 664 1760 775 1789; x_wconf 88' lang='lat' dir='ltr'>Utinam</span> <span class='ocrx_word' id='word_1_306' title='bbox 790 1760 837 1790; x_wconf 89' lang='lat' dir='ltr'>ille</span> 
     </span>
     <span class='ocr_line' id='line_1_44' title="bbox 97 1799 837 1839; baseline 0.001 -11"><span class='ocrx_word' id='word_1_307' title='bbox 97 1799 207 1828; x_wconf 83' lang='lat' dir='ltr'>alterius</span> <span class='ocrx_word' id='word_1_308' title='bbox 220 1810 272 1829; x_wconf 90' lang='lat' dir='ltr'>non</span> <span class='ocrx_word' id='word_1_309' title='bbox 285 1806 429 1837; x_wconf 73' lang='lat' dir='ltr'>excuteret.</span> <span class='ocrx_word' id='word_1_310' title='bbox 444 1800 576 1829; x_wconf 90' lang='lat' dir='ltr'>Tunicam</span> <span class='ocrx_word' id='word_1_311' title='bbox 589 1799 682 1829; x_wconf 83' lang='lat' dir='ltr'>divitis</span> <span class='ocrx_word' id='word_1_312' title='bbox 699 1805 725 1828; x_wconf 91' lang='lat' dir='ltr'>et</span> <span class='ocrx_word' id='word_1_313' title='bbox 745 1806 837 1839; x_wconf 85' lang='lat' dir='ltr'>poten-</span> 
     </span>
     <span class='ocr_line' id='line_1_45' title="bbox 97 1837 837 1878; baseline 0.003 -11"><span class='ocrx_word' id='word_1_314' title='bbox 97 1838 132 1868; x_wconf 83' lang='lat' dir='ltr'>tis</span> <span class='ocrx_word' id='word_1_315' title='bbox 153 1849 201 1878; x_wconf 88' lang='lat' dir='ltr'>per</span> <span class='ocrx_word' id='word_1_316' title='bbox 221 1838 383 1868; x_wconf 88' lang='lat' dir='ltr'>calumniam</span> <span class='ocrx_word' id='word_1_317' title='bbox 404 1839 465 1878; x_wconf 84' lang='lat' dir='ltr'>quis</span> <span class='ocrx_word' id='word_1_318' title='bbox 485 1845 567 1868; x_wconf 87' lang='lat' dir='ltr'>tentat</span> <span class='ocrx_word' id='word_1_319' title='bbox 586 1837 707 1868; x_wconf 80' lang='lat' dir='ltr'>auferre?</span> <span class='ocrx_word' id='word_1_320' title='bbox 727 1839 837 1869; x_wconf 89' lang='lat' dir='ltr'>Utinam</span> 
     </span>
     <span class='ocr_line' id='line_1_46' title="bbox 96 1877 837 1918; baseline 0.001 -11"><span class='ocrx_word' id='word_1_321' title='bbox 96 1877 144 1907; x_wconf 89' lang='lat' dir='ltr'>ille</span> <span class='ocrx_word' id='word_1_322' title='bbox 157 1888 204 1918; x_wconf 88' lang='lat' dir='ltr'>per</span> <span class='ocrx_word' id='word_1_323' title='bbox 217 1878 378 1908; x_wconf 90' lang='lat' dir='ltr'>calumniam</span> <span class='ocrx_word' id='word_1_324' title='bbox 392 1879 502 1908; x_wconf 87' lang='lat' dir='ltr'>alterius</span> <span class='ocrx_word' id='word_1_325' title='bbox 516 1889 568 1907; x_wconf 93' lang='lat' dir='ltr'>non</span> <span class='ocrx_word' id='word_1_326' title='bbox 582 1879 707 1909; x_wconf 84' lang='lat' dir='ltr'>auferret.</span> <span class='ocrx_word' id='word_1_327' title='bbox 719 1878 837 1908; x_wconf 88' lang='lat' dir='ltr'>Divitem</span> 
     </span>
     <span class='ocr_line' id='line_1_47' title="bbox 96 1918 836 1959; baseline 0.003 -13"><span class='ocrx_word' id='word_1_328' title='bbox 96 1923 122 1946; x_wconf 87' lang='lat' dir='ltr'>et</span> <span class='ocrx_word' id='word_1_329' title='bbox 146 1924 279 1958; x_wconf 87' lang='lat' dir='ltr'>potentem</span> <span class='ocrx_word' id='word_1_330' title='bbox 293 1918 355 1957; x_wconf 89' lang='lat' dir='ltr'>quis</span> <span class='ocrx_word' id='word_1_331' title='bbox 370 1918 511 1959; x_wconf 76' lang='lat' dir='ltr'>angariat?</span> <span class='ocrx_word' id='word_1_332' title='bbox 525 1918 637 1948; x_wconf 87' lang='lat' dir='ltr'>Utinam</span> <span class='ocrx_word' id='word_1_333' title='bbox 655 1918 702 1948; x_wconf 93' lang='lat' dir='ltr'>ille</span> <span class='ocrx_word' id='word_1_334' title='bbox 722 1918 836 1948; x_wconf 76' lang='lat' dir='ltr'>alterum</span> 
     </span>
     <span class='ocr_line' id='line_1_48' title="bbox 96 1957 836 1997; baseline 0.004 -12"><span class='ocrx_word' id='word_1_335' title='bbox 96 1966 148 1986; x_wconf 90' lang='lat' dir='ltr'>non</span> <span class='ocrx_word' id='word_1_336' title='bbox 169 1967 202 1986; x_wconf 90' lang='lat' dir='ltr'>an</span> <span class='ocrx_word' id='word_1_337' title='bbox 221 1957 327 1987; x_wconf 86' lang='lat' dir='ltr'>ariaret.</span> <span class='ocrx_word' id='word_1_338' title='bbox 344 1958 416 1997; x_wconf 83' lang='lat' dir='ltr'>Ergo</span> <span class='ocrx_word' id='word_1_339' title='bbox 434 1958 510 1987; x_wconf 77' lang='lat' dir='ltr'>dives</span> <span class='ocrx_word' id='word_1_340' title='bbox 528 1958 709 1987; x_wconf 85' lang='lat' dir='ltr'>infructuosus</span> <span class='ocrx_word' id='word_1_341' title='bbox 729 1959 836 1988; x_wconf 69' lang='lat' dir='ltr'>est.‘Et</span> 
     </span>
    </p>

    <p class='ocr_par' dir='ltr' id='par_1_9' title="bbox 90 1967 834 2587">
     <span class='ocr_line' id='line_1_49' title="bbox 116 1967 834 2038; baseline 0.004 -13"><span class='ocrx_word' id='word_1_342' title='bbox 116 1967 230 2026; x_wconf 55' lang='lat' dir='ltr'>uomodgo</span> <span class='ocrx_word' id='word_1_343' title='bbox 243 1996 390 2037; x_wconf 67' lang='lat' dir='ltr'>adimpleat</span> <span class='ocrx_word' id='word_1_344' title='bbox 399 1998 530 2038; x_wconf 84' lang='lat' dir='ltr'>justitiam</span> <span class='ocrx_word' id='word_1_345' title='bbox 549 1997 626 2037; x_wconf 85' lang='lat' dir='ltr'>legis,</span> <span class='ocrx_word' id='word_1_346' title='bbox 641 2003 667 2026; x_wconf 84' lang='lat' dir='ltr'>et</span> <span class='ocrx_word' id='word_1_347' title='bbox 684 1997 785 2037; x_wconf 77' lang='lat' dir='ltr'>gratiae,</span> <span class='ocrx_word' id='word_1_348' title='bbox 805 2005 834 2028; x_wconf 89' lang='lat' dir='ltr'>ut</span> 
     </span>
     <span class='ocr_line' id='line_1_50' title="bbox 94 2006 834 2077; baseline 0.003 -12"><span class='ocrx_word' id='word_1_349' title='bbox 94 2006 141 2065; x_wconf 60' lang='lat' dir='ltr'>gat</span> <span class='ocrx_word' id='word_1_350' title='bbox 149 2046 243 2065; x_wconf 81' lang='lat' dir='ltr'>servus</span> <span class='ocrx_word' id='word_1_351' title='bbox 254 2036 303 2065; x_wconf 92' lang='lat' dir='ltr'>Dei</span> <span class='ocrx_word' id='word_1_352' title='bbox 319 2037 470 2076; x_wconf 73' lang='lat' dir='ltr'>perfectus?</span> <span class='ocrx_word' id='word_1_353' title='bbox 482 2036 648 2074; x_wconf 73' lang='lat' dir='ltr'>Quomodo?</span> <span class='ocrx_word' id='word_1_354' title='bbox 662 2037 691 2066; x_wconf 90' lang='lat' dir='ltr'>Si</span> <span class='ocrx_word' id='word_1_355' title='bbox 702 2037 762 2077; x_wconf 86' lang='lat' dir='ltr'>quis</span> <span class='ocrx_word' id='word_1_356' title='bbox 771 2048 834 2067; x_wconf 89' lang='lat' dir='ltr'>mu-</span> 
     </span>
     <span class='ocr_line' id='line_1_51' title="bbox 94 2075 833 2116; baseline 0.004 -13"><span class='ocrx_word' id='word_1_357' title='bbox 94 2081 167 2104; x_wconf 86' lang='lat' dir='ltr'>tuam</span> <span class='ocrx_word' id='word_1_358' title='bbox 175 2075 314 2115; x_wconf 86' lang='lat' dir='ltr'>pecuniam</span> <span class='ocrx_word' id='word_1_359' title='bbox 325 2077 470 2116; x_wconf 76' lang='lat' dir='ltr'>petierit-‘ib</span> <span class='ocrx_word' id='word_1_360' title='bbox 477 2087 519 2112; x_wconf 90' lang='lat' dir='ltr'>eo,</span> <span class='ocrx_word' id='word_1_361' title='bbox 528 2076 573 2107; x_wconf 89' lang='lat' dir='ltr'>det</span> <span class='ocrx_word' id='word_1_362' title='bbox 581 2077 634 2106; x_wconf 86' lang='lat' dir='ltr'>illi.</span> <span class='ocrx_word' id='word_1_363' title='bbox 644 2076 776 2106; x_wconf 85' lang='lat' dir='ltr'>Lexenim</span> <span class='ocrx_word' id='word_1_364' title='bbox 784 2084 833 2114; x_wconf 70' lang='lat' dir='ltr'>est,</span> 
     </span>
     <span class='ocr_line' id='line_1_52' title="bbox 95 2114 834 2153; baseline 0.004 -10"><span class='ocrx_word' id='word_1_365' title='bbox 95 2120 125 2143; x_wconf 93' lang='lat' dir='ltr'>ut</span> <span class='ocrx_word' id='word_1_366' title='bbox 137 2114 246 2144; x_wconf 77' lang='lat' dir='ltr'>alterius</span> <span class='ocrx_word' id='word_1_367' title='bbox 257 2125 309 2144; x_wconf 86' lang='lat' dir='ltr'>non</span> <span class='ocrx_word' id='word_1_368' title='bbox 321 2116 410 2153; x_wconf 82' lang='lat' dir='ltr'>tollas,</span> <span class='ocrx_word' id='word_1_369' title='bbox 431 2117 479 2145; x_wconf 86' lang='lat' dir='ltr'>etsi</span> <span class='ocrx_word' id='word_1_370' title='bbox 502 2123 577 2145; x_wconf 90' lang='lat' dir='ltr'>tuum</span> <span class='ocrx_word' id='word_1_371' title='bbox 598 2127 649 2145; x_wconf 91' lang='lat' dir='ltr'>non</span> <span class='ocrx_word' id='word_1_372' title='bbox 664 2116 721 2146; x_wconf 83' lang='lat' dir='ltr'>des.</span> <span class='ocrx_word' id='word_1_373' title='bbox 739 2116 834 2146; x_wconf 83' lang='lat' dir='ltr'>Gratia</span> 
     </span>
     <span class='ocr_line' id='line_1_53' title="bbox 93 2154 834 2192; baseline 0.005 -11"><span class='ocrx_word' id='word_1_374' title='bbox 93 2159 194 2190; x_wconf 87' lang='lat' dir='ltr'>autem,</span> <span class='ocrx_word' id='word_1_375' title='bbox 219 2161 248 2183; x_wconf 92' lang='lat' dir='ltr'>ut</span> <span class='ocrx_word' id='word_1_376' title='bbox 265 2154 375 2184; x_wconf 85' lang='lat' dir='ltr'>alterius</span> <span class='ocrx_word' id='word_1_377' title='bbox 389 2166 442 2185; x_wconf 88' lang='lat' dir='ltr'>non</span> <span class='ocrx_word' id='word_1_378' title='bbox 462 2156 551 2192; x_wconf 89' lang='lat' dir='ltr'>tollas,</span> <span class='ocrx_word' id='word_1_379' title='bbox 567 2162 591 2185; x_wconf 89' lang='lat' dir='ltr'>et</span> <span class='ocrx_word' id='word_1_380' title='bbox 611 2163 688 2185; x_wconf 82' lang='lat' dir='ltr'>tuum</span> <span class='ocrx_word' id='word_1_381' title='bbox 705 2156 761 2185; x_wconf 86' lang='lat' dir='ltr'>des.</span> <span class='ocrx_word' id='word_1_382' title='bbox 778 2157 834 2192; x_wconf 90' lang='lat' dir='ltr'>Qui</span> 
     </span>
     <span class='ocr_line' id='line_1_54' title="bbox 93 2194 834 2235; baseline 0.004 -14"><span class='ocrx_word' id='word_1_383' title='bbox 93 2202 156 2230; x_wconf 82' lang='lat' dir='ltr'>ergo</span> <span class='ocrx_word' id='word_1_384' title='bbox 174 2199 294 2222; x_wconf 80' lang='lat' dir='ltr'>mutuam</span> <span class='ocrx_word' id='word_1_385' title='bbox 307 2195 447 2233; x_wconf 86' lang='lat' dir='ltr'>pecuniam</span> <span class='ocrx_word' id='word_1_386' title='bbox 465 2194 521 2230; x_wconf 85' lang='lat' dir='ltr'>dat,</span> <span class='ocrx_word' id='word_1_387' title='bbox 540 2202 565 2224; x_wconf 89' lang='lat' dir='ltr'>et</span> <span class='ocrx_word' id='word_1_388' title='bbox 585 2195 669 2235; x_wconf 86' lang='lat' dir='ltr'>legem</span> <span class='ocrx_word' id='word_1_389' title='bbox 693 2195 787 2234; x_wconf 87' lang='lat' dir='ltr'>implet</span> <span class='ocrx_word' id='word_1_390' title='bbox 808 2202 834 2224; x_wconf 85' lang='lat' dir='ltr'>et</span> 
     </span>
     <span class='ocr_line' id='line_1_55' title="bbox 94 2231 831 2271; baseline 0.005 -12"><span class='ocrx_word' id='word_1_391' title='bbox 94 2231 218 2269; x_wconf 81' lang='lat' dir='ltr'>gratiam.</span> <span class='ocrx_word' id='word_1_392' title='bbox 234 2233 302 2261; x_wconf 84' lang='lat' dir='ltr'>Nam</span> <span class='ocrx_word' id='word_1_393' title='bbox 317 2233 365 2271; x_wconf 82' lang='lat' dir='ltr'>qui</span> <span class='ocrx_word' id='word_1_394' title='bbox 389 2233 423 2262; x_wconf 89' lang='lat' dir='ltr'>de</span> <span class='ocrx_word' id='word_1_395' title='bbox 436 2234 492 2263; x_wconf 83' lang='lat' dir='ltr'>suis</span> <span class='ocrx_word' id='word_1_396' title='bbox 506 2234 618 2263; x_wconf 82' lang='lat' dir='ltr'>libenter</span> <span class='ocrx_word' id='word_1_397' title='bbox 637 2234 692 2270; x_wconf 85' lang='lat' dir='ltr'>dat,</span> <span class='ocrx_word' id='word_1_398' title='bbox 705 2242 731 2264; x_wconf 86' lang='lat' dir='ltr'>et</span> <span class='ocrx_word' id='word_1_399' title='bbox 745 2235 831 2263; x_wconf 92' lang='lat' dir='ltr'>multo</span> 
     </span>
     <span class='ocr_line' id='line_1_56' title="bbox 92 2271 830 2313; baseline 0.005 -14"><span class='ocrx_word' id='word_1_400' title='bbox 92 2271 177 2310; x_wconf 84' lang='lat' dir='ltr'>inagis</span> <span class='ocrx_word' id='word_1_401' title='bbox 191 2271 299 2300; x_wconf 88' lang='lat' dir='ltr'>alterius</span> <span class='ocrx_word' id='word_1_402' title='bbox 309 2271 379 2301; x_wconf 87' lang='lat' dir='ltr'>bona</span> <span class='ocrx_word' id='word_1_403' title='bbox 393 2282 445 2301; x_wconf 91' lang='lat' dir='ltr'>non</span> <span class='ocrx_word' id='word_1_404' title='bbox 457 2273 538 2302; x_wconf 87' lang='lat' dir='ltr'>tollit.</span> <span class='ocrx_word' id='word_1_405' title='bbox 553 2274 635 2303; x_wconf 86' lang='lat' dir='ltr'>Dives</span> <span class='ocrx_word' id='word_1_406' title='bbox 644 2284 708 2303; x_wconf 66' lang='lat' dir='ltr'>ervo</span> <span class='ocrx_word' id='word_1_407' title='bbox 722 2284 770 2313; x_wconf 87' lang='lat' dir='ltr'>per</span> <span class='ocrx_word' id='word_1_408' title='bbox 779 2284 830 2313; x_wconf 88' lang='lat' dir='ltr'>pa·</span> 
     </span>
     <span class='ocr_line' id='line_1_57' title="bbox 92 2310 830 2351; baseline 0.005 -13"><span class='ocrx_word' id='word_1_409' title='bbox 92 2310 213 2339; x_wconf 86' lang='lat' dir='ltr'>tientiam</span> <span class='ocrx_word' id='word_1_410' title='bbox 232 2320 285 2340; x_wconf 88' lang='lat' dir='ltr'>non</span> <span class='ocrx_word' id='word_1_411' title='bbox 308 2318 393 2350; x_wconf 90' lang='lat' dir='ltr'>potest</span> <span class='ocrx_word' id='word_1_412' title='bbox 405 2312 512 2347; x_wconf 85' lang='lat' dir='ltr'>tentari,</span> <span class='ocrx_word' id='word_1_413' title='bbox 532 2322 619 2351; x_wconf 84' lang='lat' dir='ltr'>neque</span> <span class='ocrx_word' id='word_1_414' title='bbox 632 2323 680 2351; x_wconf 89' lang='lat' dir='ltr'>pro</span> <span class='ocrx_word' id='word_1_415' title='bbox 700 2314 751 2348; x_wconf 87' lang='lat' dir='ltr'>ari,</span> <span class='ocrx_word' id='word_1_416' title='bbox 766 2313 830 2351; x_wconf 88' lang='lat' dir='ltr'>quia</span> 
     </span>
     <span class='ocr_line' id='line_1_58' title="bbox 91 2349 832 2391; baseline 0.004 -13"><span class='ocrx_word' id='word_1_417' title='bbox 91 2358 169 2379; x_wconf 80' lang='lat' dir='ltr'>nemo</span> <span class='ocrx_word' id='word_1_418' title='bbox 183 2349 225 2379; x_wconf 90' lang='lat' dir='ltr'>illi</span> <span class='ocrx_word' id='word_1_419' title='bbox 238 2350 291 2379; x_wconf 89' lang='lat' dir='ltr'>cito</span> <span class='ocrx_word' id='word_1_420' title='bbox 303 2350 458 2380; x_wconf 85' lang='lat' dir='ltr'>violentiam</span> <span class='ocrx_word' id='word_1_421' title='bbox 471 2351 534 2380; x_wconf 86' lang='lat' dir='ltr'>facit</span> <span class='ocrx_word' id='word_1_422' title='bbox 545 2363 552 2379; x_wconf 69' lang='grc' dir='ltr'><em>τ</em></span> <span class='ocrx_word' id='word_1_423' title='bbox 565 2352 593 2380; x_wconf 84' lang='lat' dir='ltr'>in</span> <span class='ocrx_word' id='word_1_424' title='bbox 611 2352 732 2391; x_wconf 83' lang='lat' dir='ltr'>largitate</span> <span class='ocrx_word' id='word_1_425' title='bbox 742 2358 832 2381; x_wconf 85' lang='lat' dir='ltr'>autem</span> 
     </span>
     <span class='ocr_line' id='line_1_59' title="bbox 91 2390 833 2430; baseline 0.003 -12"><span class='ocrx_word' id='word_1_426' title='bbox 91 2394 217 2426; x_wconf 75' lang='lat' dir='ltr'>tentatur,</span> <span class='ocrx_word' id='word_1_427' title='bbox 233 2397 315 2428; x_wconf 86' lang='lat' dir='ltr'>atque</span> <span class='ocrx_word' id='word_1_428' title='bbox 329 2390 468 2430; x_wconf 83' lang='lat' dir='ltr'>probatur.</span> <span class='ocrx_word' id='word_1_429' title='bbox 479 2391 544 2419; x_wconf 82' lang='lat' dir='ltr'>Item</span> <span class='ocrx_word' id='word_1_430' title='bbox 561 2401 661 2430; x_wconf 85' lang='lat' dir='ltr'>pauper</span> <span class='ocrx_word' id='word_1_431' title='bbox 679 2402 727 2430; x_wconf 83' lang='lat' dir='ltr'>per</span> <span class='ocrx_word' id='word_1_432' title='bbox 750 2391 833 2430; x_wconf 82' lang='lat' dir='ltr'>largi-</span> 
     </span>
     <span class='ocr_line' id='line_1_60' title="bbox 91 2430 830 2469; baseline 0.004 -13"><span class='ocrx_word' id='word_1_433' title='bbox 91 2433 171 2457; x_wconf 89' lang='lat' dir='ltr'>tatem</span> <span class='ocrx_word' id='word_1_434' title='bbox 193 2438 246 2458; x_wconf 84' lang='lat' dir='ltr'>non</span> <span class='ocrx_word' id='word_1_435' title='bbox 304 2436 354 2459; x_wconf 88' lang='lat' dir='ltr'>test</span> <span class='ocrx_word' id='word_1_436' title='bbox 376 2430 469 2459; x_wconf 83' lang='lat' dir='ltr'>tentari</span> <span class='ocrx_word' id='word_1_437' title='bbox 491 2436 517 2459; x_wconf 91' lang='lat' dir='ltr'>et</span> <span class='ocrx_word' id='word_1_438' title='bbox 538 2430 645 2469; x_wconf 87' lang='lat' dir='ltr'>probari</span> <span class='ocrx_word' id='word_1_439' title='bbox 655 2452 663 2464; x_wconf 89' lang='lat'>,</span> <span class='ocrx_word' id='word_1_440' title='bbox 689 2430 752 2468; x_wconf 85' lang='lat' dir='ltr'>quia</span> <span class='ocrx_word' id='word_1_441' title='bbox 778 2440 830 2460; x_wconf 85' lang='lat' dir='ltr'>non</span> 
     </span>
     <span class='ocr_line' id='line_1_61' title="bbox 91 2466 829 2509; baseline 0.004 -14"><span class='ocrx_word' id='word_1_442' title='bbox 91 2466 170 2496; x_wconf 84' lang='lat' dir='ltr'>habet</span> <span class='ocrx_word' id='word_1_443' title='bbox 186 2467 256 2497; x_wconf 88' lang='lat' dir='ltr'>unde</span> <span class='ocrx_word' id='word_1_444' title='bbox 295 2469 408 2508; x_wconf 82' lang='lat' dir='ltr'>rgiatur,</span> <span class='ocrx_word' id='word_1_445' title='bbox 423 2476 449 2498; x_wconf 88' lang='lat' dir='ltr'>et</span> <span class='ocrx_word' id='word_1_446' title='bbox 469 2469 528 2498; x_wconf 88' lang='lat' dir='ltr'>ideo</span> <span class='ocrx_word' id='word_1_447' title='bbox 543 2479 590 2509; x_wconf 86' lang='lat' dir='ltr'>per</span> <span class='ocrx_word' id='word_1_448' title='bbox 602 2469 755 2509; x_wconf 85' lang='lat' dir='ltr'>patientiam</span> <span class='ocrx_word' id='word_1_449' title='bbox 769 2476 829 2499; x_wconf 79' lang='lat' dir='ltr'>ten·</span> 
     </span>
     <span class='ocr_line' id='line_1_62' title="bbox 90 2508 829 2549; baseline 0.008 -16"><span class='ocrx_word' id='word_1_450' title='bbox 90 2511 171 2548; x_wconf 71' lang='lat' dir='ltr'>tatur,</span> <span class='ocrx_word' id='word_1_451' title='bbox 187 2513 266 2545; x_wconf 88' lang='lat' dir='ltr'>atque</span> <span class='ocrx_word' id='word_1_452' title='bbox 278 2508 418 2547; x_wconf 84' lang='lat' dir='ltr'>probatur,</span> <span class='ocrx_word' id='word_1_453' title='bbox 433 2509 456 2538; x_wconf 90' lang='lat' dir='ltr'>si</span> <span class='ocrx_word' id='word_1_454' title='bbox 469 2509 617 2548; x_wconf 76' lang='lat' dir='ltr'>benignitas</span> <span class='ocrx_word' id='word_1_455' title='bbox 631 2508 689 2547; x_wconf 87' lang='lat' dir='ltr'>ejus</span> <span class='ocrx_word' id='word_1_456' title='bbox 700 2519 748 2549; x_wconf 91' lang='lat' dir='ltr'>per</span> <span class='ocrx_word' id='word_1_457' title='bbox 762 2508 829 2539; x_wconf 89' lang='lat' dir='ltr'>in&#39;u-</span> 
     </span>
     <span class='ocr_line' id='line_1_63' title="bbox 90 2547 828 2587; baseline 0.008 -15"><span class='ocrx_word' id='word_1_458' title='bbox 90 2554 158 2572; x_wconf 80' lang='lat' dir='ltr'>riam</span> <span class='ocrx_word' id='word_1_459' title='bbox 172 2555 224 2574; x_wconf 89' lang='lat' dir='ltr'>non</span> <span class='ocrx_word' id='word_1_460' title='bbox 240 2553 369 2576; x_wconf 87' lang='lat' dir='ltr'>mutatur.</span> <span class='ocrx_word' id='word_1_461' title='bbox 384 2548 504 2587; x_wconf 84' lang='lat' dir='ltr'>Denique</span> <span class='ocrx_word' id='word_1_462' title='bbox 514 2548 536 2577; x_wconf 87' lang='lat' dir='ltr'>si</span> <span class='ocrx_word' id='word_1_463' title='bbox 553 2547 690 2577; x_wconf 83' lang='lat' dir='ltr'>veritatem</span> <span class='ocrx_word' id='word_1_464' title='bbox 704 2548 776 2578; x_wconf 88' lang='lat' dir='ltr'>consi</span> <span class='ocrx_word' id='word_1_465' title='bbox 798 2559 828 2578; x_wconf 88' lang='lat' dir='ltr'>e-</span> 
     </span>
    </p>
   </div>
   <div class='ocr_carea' id='block_1_9' title="bbox 34 2584 827 2627">
    <p class='ocr_par' dir='ltr' id='par_1_10' title="bbox 34 2584 827 2627">
     <span class='ocr_line' id='line_1_64' title="bbox 34 2584 827 2627; baseline 0.01 -17"><span class='ocrx_word' id='word_1_466' title='bbox 34 2596 43 2606; x_wconf 87' lang='lat'><strong>·</strong></span> <span class='ocrx_word' id='word_1_467' title='bbox 92 2594 150 2612; x_wconf 83' lang='lat' dir='ltr'>rare</span> <span class='ocrx_word' id='word_1_468' title='bbox 162 2584 299 2622; x_wconf 81' lang='lat' dir='ltr'>volumus,</span> <span class='ocrx_word' id='word_1_469' title='bbox 309 2593 335 2615; x_wconf 86' lang='lat' dir='ltr'>ct</span> <span class='ocrx_word' id='word_1_470' title='bbox 349 2587 495 2627; x_wconf 84' lang='lat' dir='ltr'>intelligere</span> <span class='ocrx_word' id='word_1_471' title='bbox 507 2587 635 2617; x_wconf 77' lang='lat' dir='ltr'>rationem</span> <span class='ocrx_word' id='word_1_472' title='bbox 649 2600 655 2616; x_wconf 90' lang='lat'><strong>:</strong></span> <span class='ocrx_word' id='word_1_473' title='bbox 672 2588 734 2627; x_wconf 85' lang='lat' dir='ltr'>quia</span> <span class='ocrx_word' id='word_1_474' title='bbox 753 2587 827 2618; x_wconf 86' lang='lat' dir='ltr'>divi-</span> 
     </span>
    </p>
   </div>
   <div class='ocr_carea' id='block_1_10' title="bbox 891 293 1638 851">
    <p class='ocr_par' dir='ltr' id='par_1_11' title="bbox 891 293 1638 851">
     <span class='ocr_line' id='line_1_65' title="bbox 891 293 1633 335; baseline 0.005 -12"><span class='ocrx_word' id='word_1_475' title='bbox 891 293 1087 334; x_wconf 84' lang='lat' dir='ltr'>dispensatores</span> <span class='ocrx_word' id='word_1_476' title='bbox 1099 304 1148 323; x_wconf 90' lang='lat' dir='ltr'>nos</span> <span class='ocrx_word' id='word_1_477' title='bbox 1159 294 1317 325; x_wconf 83' lang='lat' dir='ltr'>divitiarum</span> <span class='ocrx_word' id='word_1_478' title='bbox 1330 295 1417 325; x_wconf 86' lang='lat' dir='ltr'>voluit</span> <span class='ocrx_word' id='word_1_479' title='bbox 1434 306 1491 326; x_wconf 86' lang='lat' dir='ltr'>esse</span> <span class='ocrx_word' id='word_1_480' title='bbox 1509 307 1633 335; x_wconf 83' lang='lat' dir='ltr'>suarum,</span> 
     </span>
     <span class='ocr_line' id='line_1_66' title="bbox 891 333 1635 375; baseline 0.007 -13"><span class='ocrx_word' id='word_1_481' title='bbox 891 343 945 362; x_wconf 91' lang='lat' dir='ltr'>non</span> <span class='ocrx_word' id='word_1_482' title='bbox 957 333 1098 363; x_wconf 87' lang='lat' dir='ltr'>dominos:</span> <span class='ocrx_word' id='word_1_483' title='bbox 1114 341 1140 363; x_wconf 85' lang='lat' dir='ltr'>et</span> <span class='ocrx_word' id='word_1_484' title='bbox 1155 334 1216 363; x_wconf 88' lang='lat' dir='ltr'>ideo</span> <span class='ocrx_word' id='word_1_485' title='bbox 1233 335 1278 363; x_wconf 88' lang='lat' dir='ltr'>cui</span> <span class='ocrx_word' id='word_1_486' title='bbox 1292 335 1421 372; x_wconf 87' lang='lat' dir='ltr'>voluerit,</span> <span class='ocrx_word' id='word_1_487' title='bbox 1439 335 1486 365; x_wconf 89' lang='lat' dir='ltr'>dat</span> <span class='ocrx_word' id='word_1_488' title='bbox 1505 347 1564 375; x_wconf 75' lang='lat' dir='ltr'>eas5</span> <span class='ocrx_word' id='word_1_489' title='bbox 1580 344 1635 368; x_wconf 66' lang='lat' dir='ltr'>et-{t</span> 
     </span>
     <span class='ocr_line' id='line_1_67' title="bbox 891 373 1634 415; baseline 0.005 -13"><span class='ocrx_word' id='word_1_490' title='bbox 891 383 946 411; x_wconf 85' lang='lat' dir='ltr'>quo</span> <span class='ocrx_word' id='word_1_491' title='bbox 971 374 1098 409; x_wconf 89' lang='lat' dir='ltr'>voluerit,</span> <span class='ocrx_word' id='word_1_492' title='bbox 1120 373 1208 403; x_wconf 79' lang='lat' dir='ltr'>tollit:</span> <span class='ocrx_word' id='word_1_493' title='bbox 1221 374 1292 403; x_wconf 88' lang='lat' dir='ltr'>illud</span> <span class='ocrx_word' id='word_1_494' title='bbox 1309 375 1417 415; x_wconf 85' lang='lat' dir='ltr'>proprie</span> <span class='ocrx_word' id='word_1_495' title='bbox 1436 383 1557 406; x_wconf 85' lang='lat' dir='ltr'>nostrum</span> <span class='ocrx_word' id='word_1_496' title='bbox 1582 383 1634 414; x_wconf 79' lang='lat' dir='ltr'>est,</span> 
     </span>
     <span class='ocr_line' id='line_1_68' title="bbox 891 412 1632 453; baseline 0.007 -12"><span class='ocrx_word' id='word_1_497' title='bbox 891 412 965 451; x_wconf 90' lang='lat' dir='ltr'>quod</span> <span class='ocrx_word' id='word_1_498' title='bbox 978 413 1006 442; x_wconf 91' lang='lat' dir='ltr'>in</span> <span class='ocrx_word' id='word_1_499' title='bbox 1020 419 1110 442; x_wconf 80' lang='lat' dir='ltr'>nostra</span> <span class='ocrx_word' id='word_1_500' title='bbox 1124 420 1163 442; x_wconf 86' lang='lat' dir='ltr'>est</span> <span class='ocrx_word' id='word_1_501' title='bbox 1177 420 1304 453; x_wconf 84' lang='lat' dir='ltr'>potestate</span> <span class='ocrx_word' id='word_1_502' title='bbox 1318 414 1426 452; x_wconf 86' lang='lat' dir='ltr'>babere,</span> <span class='ocrx_word' id='word_1_503' title='bbox 1451 415 1474 444; x_wconf 87' lang='lat' dir='ltr'>si</span> <span class='ocrx_word' id='word_1_504' title='bbox 1493 416 1632 446; x_wconf 83' lang='lat' dir='ltr'>volumus.</span> 
     </span>
     <span class='ocr_line' id='line_1_69' title="bbox 891 451 1635 493; baseline 0.005 -12"><span class='ocrx_word' id='word_1_505' title='bbox 891 451 1035 489; x_wconf 87' lang='lat' dir='ltr'>Quomodo</span> <span class='ocrx_word' id='word_1_506' title='bbox 1048 459 1137 482; x_wconf 85' lang='lat' dir='ltr'>autem</span> <span class='ocrx_word' id='word_1_507' title='bbox 1157 460 1278 483; x_wconf 88' lang='lat' dir='ltr'>nostrum</span> <span class='ocrx_word' id='word_1_508' title='bbox 1294 454 1412 487; x_wconf 71' lang='lat' dir='ltr'>dicatur,</span> <span class='ocrx_word' id='word_1_509' title='bbox 1433 454 1507 493; x_wconf 91' lang='lat' dir='ltr'>quod</span> <span class='ocrx_word' id='word_1_510' title='bbox 1522 456 1571 485; x_wconf 84' lang='lat' dir='ltr'>etsi</span> <span class='ocrx_word' id='word_1_511' title='bbox 1584 466 1635 486; x_wconf 86' lang='lat' dir='ltr'>vo-</span> 
     </span>
     <span class='ocr_line' id='line_1_70' title="bbox 891 491 1636 533; baseline 0.005 -12"><span class='ocrx_word' id='word_1_512' title='bbox 891 491 995 527; x_wconf 90' lang='lat' dir='ltr'>lumus,</span> <span class='ocrx_word' id='word_1_513' title='bbox 1020 492 1118 521; x_wconf 84' lang='lat' dir='ltr'>habere</span> <span class='ocrx_word' id='word_1_514' title='bbox 1137 503 1191 522; x_wconf 88' lang='lat' dir='ltr'>non</span> <span class='ocrx_word' id='word_1_515' title='bbox 1210 503 1364 533; x_wconf 88' lang='lat' dir='ltr'>possumus,</span> <span class='ocrx_word' id='word_1_516' title='bbox 1385 493 1438 523; x_wconf 87' lang='lat' dir='ltr'>nisi</span> <span class='ocrx_word' id='word_1_517' title='bbox 1457 494 1534 524; x_wconf 87' lang='lat' dir='ltr'>nobis</span> <span class='ocrx_word' id='word_1_518' title='bbox 1555 495 1636 526; x_wconf 77' lang='lat' dir='ltr'>fuerit</span> 
     </span>
     <span class='ocr_line' id='line_1_71' title="bbox 891 530 1636 573; baseline 0.005 -13"><span class='ocrx_word' id='word_1_519' title='bbox 891 530 1007 562; x_wconf 76' lang='lat' dir='ltr'>datum?</span> <span class='ocrx_word' id='word_1_520' title='bbox 1020 531 1125 561; x_wconf 84' lang='lat' dir='ltr'>Deinde</span> <span class='ocrx_word' id='word_1_521' title='bbox 1138 532 1287 569; x_wconf 84' lang='lat' dir='ltr'>considera,</span> <span class='ocrx_word' id='word_1_522' title='bbox 1308 540 1338 562; x_wconf 92' lang='lat' dir='ltr'>ut</span> <span class='ocrx_word' id='word_1_523' title='bbox 1350 533 1417 572; x_wconf 89' lang='lat' dir='ltr'>quid</span> <span class='ocrx_word' id='word_1_524' title='bbox 1428 533 1477 563; x_wconf 89' lang='lat' dir='ltr'>tibi</span> <span class='ocrx_word' id='word_1_525' title='bbox 1492 535 1577 573; x_wconf 84' lang='lat' dir='ltr'>magis</span> <span class='ocrx_word' id='word_1_526' title='bbox 1590 535 1636 564; x_wconf 81' lang='lat' dir='ltr'>di-</span> 
     </span>
     <span class='ocr_line' id='line_1_72' title="bbox 891 571 1636 611; baseline 0.005 -11"><span class='ocrx_word' id='word_1_527' title='bbox 891 571 970 600; x_wconf 86' lang='lat' dir='ltr'>vitias</span> <span class='ocrx_word' id='word_1_528' title='bbox 980 571 1106 607; x_wconf 81' lang='lat' dir='ltr'>credidit,</span> <span class='ocrx_word' id='word_1_529' title='bbox 1121 582 1202 610; x_wconf 77' lang='lat' dir='ltr'>quam</span> <span class='ocrx_word' id='word_1_530' title='bbox 1217 572 1278 601; x_wconf 77' lang='lat' dir='ltr'>illi?</span> <span class='ocrx_word' id='word_1_531' title='bbox 1290 572 1423 611; x_wconf 90' lang='lat' dir='ltr'>numquid</span> <span class='ocrx_word' id='word_1_532' title='bbox 1436 583 1471 602; x_wconf 83' lang='lat' dir='ltr'>ex</span> <span class='ocrx_word' id='word_1_533' title='bbox 1484 574 1537 603; x_wconf 87' lang='lat' dir='ltr'>alia</span> <span class='ocrx_word' id='word_1_534' title='bbox 1550 585 1636 604; x_wconf 83' lang='lat' dir='ltr'>massa</span> 
     </span>
     <span class='ocr_line' id='line_1_73' title="bbox 891 610 1637 652; baseline 0.005 -12"><span class='ocrx_word' id='word_1_535' title='bbox 891 610 943 640; x_wconf 92' lang='lat' dir='ltr'>luti</span> <span class='ocrx_word' id='word_1_536' title='bbox 955 618 980 640; x_wconf 88' lang='lat' dir='ltr'>te</span> <span class='ocrx_word' id='word_1_537' title='bbox 991 611 1063 647; x_wconf 83' lang='lat' dir='ltr'>fecit,</span> <span class='ocrx_word' id='word_1_538' title='bbox 1072 621 1106 640; x_wconf 89' lang='lat' dir='ltr'>ex</span> <span class='ocrx_word' id='word_1_539' title='bbox 1117 611 1170 640; x_wconf 89' lang='lat' dir='ltr'>alia</span> <span class='ocrx_word' id='word_1_540' title='bbox 1182 611 1260 641; x_wconf 91' lang='lat' dir='ltr'>illum</span> <span class='ocrx_word' id='word_1_541' title='bbox 1268 611 1282 640; x_wconf 74' lang='grc' dir='ltr'>Ξ)</span> <span class='ocrx_word' id='word_1_542' title='bbox 1295 619 1321 641; x_wconf 90' lang='lat' dir='ltr'>et</span> <span class='ocrx_word' id='word_1_543' title='bbox 1332 622 1381 652; x_wconf 92' lang='lat' dir='ltr'>pro</span> <span class='ocrx_word' id='word_1_544' title='bbox 1394 619 1420 641; x_wconf 86' lang='lat' dir='ltr'>te</span> <span class='ocrx_word' id='word_1_545' title='bbox 1431 613 1569 642; x_wconf 84' lang='lat' dir='ltr'>Christum</span> <span class='ocrx_word' id='word_1_546' title='bbox 1581 621 1637 644; x_wconf 86' lang='lat' dir='ltr'>tra-</span> 
     </span>
     <span class='ocr_line' id='line_1_74' title="bbox 891 649 1638 690; baseline 0.008 -12"><span class='ocrx_word' id='word_1_547' title='bbox 891 649 973 686; x_wconf 89' lang='lat' dir='ltr'>didit,</span> <span class='ocrx_word' id='word_1_548' title='bbox 991 661 1041 690; x_wconf 87' lang='lat' dir='ltr'>pro</span> <span class='ocrx_word' id='word_1_549' title='bbox 1059 650 1108 679; x_wconf 92' lang='lat' dir='ltr'>illo</span> <span class='ocrx_word' id='word_1_550' title='bbox 1122 653 1211 680; x_wconf 83' lang='lat' dir='ltr'>autem</span> <span class='ocrx_word' id='word_1_551' title='bbox 1225 651 1342 690; x_wconf 83' lang='lat' dir='ltr'>aliquem</span> <span class='ocrx_word' id='word_1_552' title='bbox 1357 652 1533 690; x_wconf 73' lang='lat' dir='ltr'>angelorum?</span> <span class='ocrx_word' id='word_1_553' title='bbox 1545 654 1574 683; x_wconf 91' lang='lat' dir='ltr'>Si</span> <span class='ocrx_word' id='word_1_554' title='bbox 1608 665 1638 684; x_wconf 92' lang='lat' dir='ltr'>er</span> 
     </span>
     <span class='ocr_line' id='line_1_75' title="bbox 891 665 1636 730; baseline 0.007 -12"><span class='ocrx_word' id='word_1_555' title='bbox 891 690 980 719; x_wconf 85' lang='lat' dir='ltr'>omnia</span> <span class='ocrx_word' id='word_1_556' title='bbox 991 690 1030 719; x_wconf 86' lang='lat' dir='ltr'>sic</span> <span class='ocrx_word' id='word_1_557' title='bbox 1041 689 1121 719; x_wconf 86' lang='lat' dir='ltr'>illum</span> <span class='ocrx_word' id='word_1_558' title='bbox 1137 689 1236 730; x_wconf 87' lang='lat' dir='ltr'>diligit,</span> <span class='ocrx_word' id='word_1_559' title='bbox 1250 691 1386 729; x_wconf 86' lang='lat' dir='ltr'>quomodo</span> <span class='ocrx_word' id='word_1_560' title='bbox 1396 698 1432 728; x_wconf 88' lang='lat' dir='ltr'>te,</span> <span class='ocrx_word' id='word_1_561' title='bbox 1449 702 1503 721; x_wconf 90' lang='lat' dir='ltr'>non</span> <span class='ocrx_word' id='word_1_562' title='bbox 1515 692 1574 722; x_wconf 90' lang='lat' dir='ltr'>ideo</span> <span class='ocrx_word' id='word_1_563' title='bbox 1587 665 1636 723; x_wconf 60' lang='lat' dir='ltr'>Ee-</span> 
     </span>
     <span class='ocr_line' id='line_1_76' title="bbox 891 728 1637 767; baseline 0.004 -8"><span class='ocrx_word' id='word_1_564' title='bbox 891 728 932 759; x_wconf 87' lang='lat' dir='ltr'>dit</span> <span class='ocrx_word' id='word_1_565' title='bbox 949 729 999 759; x_wconf 88' lang='lat' dir='ltr'>tibi</span> <span class='ocrx_word' id='word_1_566' title='bbox 1015 728 1136 766; x_wconf 85' lang='lat' dir='ltr'>divitias,</span> <span class='ocrx_word' id='word_1_567' title='bbox 1153 737 1183 759; x_wconf 90' lang='lat' dir='ltr'>ut</span> <span class='ocrx_word' id='word_1_568' title='bbox 1202 730 1300 760; x_wconf 82' lang='lat' dir='ltr'>habeas</span> <span class='ocrx_word' id='word_1_569' title='bbox 1311 741 1366 767; x_wconf 86' lang='lat' dir='ltr'>eas,</span> <span class='ocrx_word' id='word_1_570' title='bbox 1382 731 1429 760; x_wconf 85' lang='lat' dir='ltr'>sed</span> <span class='ocrx_word' id='word_1_571' title='bbox 1444 738 1472 760; x_wconf 89' lang='lat' dir='ltr'>ut</span> <span class='ocrx_word' id='word_1_572' title='bbox 1486 733 1595 762; x_wconf 90' lang='lat' dir='ltr'>tenteris</span> <span class='ocrx_word' id='word_1_573' title='bbox 1609 733 1637 762; x_wconf 92' lang='lat' dir='ltr'>in</span> 
     </span>
     <span class='ocr_line' id='line_1_77' title="bbox 891 768 1637 813; baseline 0.008 -16"><span class='ocrx_word' id='word_1_574' title='bbox 891 768 939 798; x_wconf 83' lang='lat' dir='ltr'>eis.</span> <span class='ocrx_word' id='word_1_575' title='bbox 966 769 1031 798; x_wconf 88' lang='lat' dir='ltr'>Ideo</span> <span class='ocrx_word' id='word_1_576' title='bbox 1054 768 1179 799; x_wconf 88' lang='lat' dir='ltr'>admonet</span> <span class='ocrx_word' id='word_1_577' title='bbox 1199 770 1335 809; x_wconf 85' lang='lat' dir='ltr'>apostolus</span> <span class='ocrx_word' id='word_1_578' title='bbox 1348 782 1355 799; x_wconf 89' lang='lat'>:</span> <span class='ocrx_word' id='word_1_579' title='bbox 1373 771 1523 801; x_wconf 78' lang='lat' dir='ltr'>Divitibus</span> <span class='ocrx_word' id='word_1_580' title='bbox 1549 773 1637 813; x_wconf 73' lang='lat' dir='ltr'>husus</span> 
     </span>
     <span class='ocr_line' id='line_1_78' title="bbox 891 809 1638 851; baseline 0.005 -14"><span class='ocrx_word' id='word_1_581' title='bbox 891 809 993 838; x_wconf 83' lang='lat' dir='ltr'>mundi</span> <span class='ocrx_word' id='word_1_582' title='bbox 998 810 1122 849; x_wconf 80' lang='lat' dir='ltr'>proecipe</span> <span class='ocrx_word' id='word_1_583' title='bbox 1132 819 1190 838; x_wconf 88' lang='lat' dir='ltr'>non</span> <span class='ocrx_word' id='word_1_584' title='bbox 1203 812 1323 848; x_wconf 81' lang='lat' dir='ltr'>superbe</span> <span class='ocrx_word' id='word_1_585' title='bbox 1334 821 1445 850; x_wconf 84' lang='lat' dir='ltr'>sapere,</span> <span class='ocrx_word' id='word_1_586' title='bbox 1457 821 1510 840; x_wconf 86' lang='lat' dir='ltr'>nec</span> <span class='ocrx_word' id='word_1_587' title='bbox 1522 822 1638 851; x_wconf 81' lang='lat' dir='ltr'>sperare</span> 
     </span>
    </p>
   </div>
   <div class='ocr_carea' id='block_1_11' title="bbox 857 849 1637 890">
    <p class='ocr_par' dir='ltr' id='par_1_12' title="bbox 857 849 1637 890">
     <span class='ocr_line' id='line_1_79' title="bbox 857 849 1637 890; baseline 0.006 -14"><span class='ocrx_word' id='word_1_588' title='bbox 857 858 874 882; x_wconf 74' lang='grc' dir='ltr'><strong><em>Β</em></strong></span> <span class='ocrx_word' id='word_1_589' title='bbox 890 850 922 876; x_wconf 83' lang='lat' dir='ltr'>in</span> <span class='ocrx_word' id='word_1_590' title='bbox 934 850 1044 878; x_wconf 85' lang='lat' dir='ltr'>incerto</span> <span class='ocrx_word' id='word_1_591' title='bbox 1053 849 1234 886; x_wconf 78' lang='lat' dir='ltr'>divitiarum,</span> <span class='ocrx_word' id='word_1_592' title='bbox 1253 850 1306 878; x_wconf 87' lang='lat' dir='ltr'>sed</span> <span class='ocrx_word' id='word_1_593' title='bbox 1324 850 1421 890; x_wconf 83' lang='lat' dir='ltr'>largos</span> <span class='ocrx_word' id='word_1_594' title='bbox 1435 861 1496 880; x_wconf 82' lang='lat' dir='ltr'>esse</span> <span class='ocrx_word' id='word_1_595' title='bbox 1508 862 1637 881; x_wconf 85' lang='lat' dir='ltr'>commu-</span> 
     </span>
    </p>
   </div>
   <div class='ocr_carea' id='block_1_12' title="bbox 892 888 1639 1079">
    <p class='ocr_par' dir='ltr' id='par_1_13' title="bbox 892 888 1639 1079">
     <span class='ocr_line' id='line_1_80' title="bbox 893 888 1639 930; baseline 0.005 -14"><span class='ocrx_word' id='word_1_596' title='bbox 893 888 1034 918; x_wconf 82' lang='lat' dir='ltr'>nicatores</span> <span class='ocrx_word' id='word_1_597' title='bbox 1056 889 1208 919; x_wconf 82' lang='lat' dir='ltr'>bonorum.</span> <span class='ocrx_word' id='word_1_598' title='bbox 1232 890 1302 919; x_wconf 86' lang='lat' dir='ltr'>Nam</span> <span class='ocrx_word' id='word_1_599' title='bbox 1328 900 1431 930; x_wconf 83' lang='lat' dir='ltr'>pauper</span> <span class='ocrx_word' id='word_1_600' title='bbox 1452 890 1480 919; x_wconf 90' lang='lat' dir='ltr'>in</span> <span class='ocrx_word' id='word_1_601' title='bbox 1501 891 1639 921; x_wconf 85' lang='lat' dir='ltr'>sanctitate</span> 
     </span>
     <span class='ocr_line' id='line_1_81' title="bbox 892 927 1638 966; baseline 0.005 -10"><span class='ocrx_word' id='word_1_602' title='bbox 892 927 988 957; x_wconf 86' lang='lat' dir='ltr'>melior</span> <span class='ocrx_word' id='word_1_603' title='bbox 1008 934 1058 962; x_wconf 87' lang='lat' dir='ltr'>est,</span> <span class='ocrx_word' id='word_1_604' title='bbox 1077 938 1159 966; x_wconf 78' lang='lat' dir='ltr'>quam</span> <span class='ocrx_word' id='word_1_605' title='bbox 1174 935 1207 958; x_wconf 90' lang='lat' dir='ltr'>-tu</span> <span class='ocrx_word' id='word_1_606' title='bbox 1226 929 1253 957; x_wconf 92' lang='lat' dir='ltr'>in</span> <span class='ocrx_word' id='word_1_607' title='bbox 1270 929 1350 958; x_wconf 84' lang='lat' dir='ltr'>rebus</span> <span class='ocrx_word' id='word_1_608' title='bbox 1367 930 1552 959; x_wconf 75' lang='lat' dir='ltr'>saecularibus.</span> <span class='ocrx_word' id='word_1_609' title='bbox 1571 931 1638 960; x_wconf 76' lang='lat' dir='ltr'>Tuae</span> 
     </span>
     <span class='ocr_line' id='line_1_82' title="bbox 893 967 1636 1007; baseline 0.005 -11"><span class='ocrx_word' id='word_1_610' title='bbox 893 977 935 996; x_wconf 83' lang='lat' dir='ltr'>res</span> <span class='ocrx_word' id='word_1_611' title='bbox 946 967 1088 1007; x_wconf 85' lang='lat' dir='ltr'>proficiant</span> <span class='ocrx_word' id='word_1_612' title='bbox 1102 967 1137 998; x_wconf 83' lang='lat' dir='ltr'>ad</span> <span class='ocrx_word' id='word_1_613' title='bbox 1154 967 1232 998; x_wconf 78' lang='lat' dir='ltr'>illius</span> <span class='ocrx_word' id='word_1_614' title='bbox 1244 969 1461 998; x_wconf 82' lang='lat' dir='ltr'>sustentationem</span> <span class='ocrx_word' id='word_1_615' title='bbox 1474 970 1501 998; x_wconf 90' lang='lat' dir='ltr'>in</span> <span class='ocrx_word' id='word_1_616' title='bbox 1513 969 1564 1000; x_wconf 84' lang='lat' dir='ltr'>hoc</span> <span class='ocrx_word' id='word_1_617' title='bbox 1583 981 1636 1000; x_wconf 84' lang='lat' dir='ltr'>sae-</span> 
     </span>
     <span class='ocr_line' id='line_1_83' title="bbox 893 1007 1636 1048; baseline 0.005 -13"><span class='ocrx_word' id='word_1_618' title='bbox 893 1007 967 1043; x_wconf 90' lang='lat' dir='ltr'>culo,</span> <span class='ocrx_word' id='word_1_619' title='bbox 991 1014 1019 1036; x_wconf 91' lang='lat' dir='ltr'>ut</span> <span class='ocrx_word' id='word_1_620' title='bbox 1030 1014 1056 1036; x_wconf 90' lang='lat' dir='ltr'>et</span> <span class='ocrx_word' id='word_1_621' title='bbox 1069 1007 1144 1037; x_wconf 90' lang='lat' dir='ltr'>illius</span> <span class='ocrx_word' id='word_1_622' title='bbox 1163 1008 1286 1038; x_wconf 85' lang='lat' dir='ltr'>sanctitas</span> <span class='ocrx_word' id='word_1_623' title='bbox 1305 1009 1427 1048; x_wconf 86' lang='lat' dir='ltr'>proficiat</span> <span class='ocrx_word' id='word_1_624' title='bbox 1440 1008 1474 1038; x_wconf 85' lang='lat' dir='ltr'>ad</span> <span class='ocrx_word' id='word_1_625' title='bbox 1489 1016 1561 1038; x_wconf 86' lang='lat' dir='ltr'>tuam</span> <span class='ocrx_word' id='word_1_626' title='bbox 1574 1021 1636 1040; x_wconf 83' lang='lat' dir='ltr'>sus-</span> 
     </span>
     <span class='ocr_line' id='line_1_84' title="bbox 893 1047 1637 1079; baseline 0.004 -4"><span class='ocrx_word' id='word_1_627' title='bbox 893 1047 1064 1076; x_wconf 87' lang='lat' dir='ltr'>tentationem</span> <span class='ocrx_word' id='word_1_628' title='bbox 1084 1047 1112 1075; x_wconf 90' lang='lat' dir='ltr'>in</span> <span class='ocrx_word' id='word_1_629' title='bbox 1134 1047 1201 1076; x_wconf 90' lang='lat' dir='ltr'>illo:</span> <span class='ocrx_word' id='word_1_630' title='bbox 1216 1048 1286 1078; x_wconf 87' lang='lat' dir='ltr'>sicut</span> <span class='ocrx_word' id='word_1_631' title='bbox 1299 1049 1390 1078; x_wconf 90' lang='lat' dir='ltr'>ulmus</span> <span class='ocrx_word' id='word_1_632' title='bbox 1405 1048 1570 1079; x_wconf 79' lang='lat' dir='ltr'>infructuosa</span> <span class='ocrx_word' id='word_1_633' title='bbox 1590 1049 1637 1079; x_wconf 81' lang='lat' dir='ltr'>dat</span> 
     </span>
    </p>
   </div>
   <div class='ocr_carea' id='block_1_13' title="bbox 1651 785 1787 846">
    <p class='ocr_par' dir='ltr' id='par_1_14' title="bbox 1651 785 1787 846">
     <span class='ocr_line' id='line_1_85' title="bbox 1651 785 1787 809; baseline 0 -2"><span class='ocrx_word' id='word_1_634' title='bbox 1651 791 1671 807; x_wconf 85' lang='lat'>1.</span> <span class='ocrx_word' id='word_1_635' title='bbox 1687 786 1746 808; x_wconf 77' lang='lat' dir='ltr'>Tim.</span> <span class='ocrx_word' id='word_1_636' title='bbox 1764 785 1787 809; x_wconf 84' lang='lat'>6.</span> 
     </span>
     <span class='ocr_line' id='line_1_86' title="bbox 1652 823 1688 846; baseline 0.028 -8"><span class='ocrx_word' id='word_1_637' title='bbox 1652 823 1688 846; x_wconf 90' lang='lat'>¹7-</span> 
     </span>
    </p>
   </div>
   <div class='ocr_carea' id='block_1_14' title="bbox 893 1085 1696 1129">
    <p class='ocr_par' dir='ltr' id='par_1_15' title="bbox 893 1085 1696 1129">
     <span class='ocr_line' id='line_1_87' title="bbox 893 1085 1696 1129; baseline 0.007 -15"><span class='ocrx_word' id='word_1_638' title='bbox 893 1085 1035 1116; x_wconf 87' lang='lat' dir='ltr'>bumorem</span> <span class='ocrx_word' id='word_1_639' title='bbox 1051 1086 1112 1122; x_wconf 88' lang='lat' dir='ltr'>viti,</span> <span class='ocrx_word' id='word_1_640' title='bbox 1130 1093 1156 1116; x_wconf 89' lang='lat' dir='ltr'>et</span> <span class='ocrx_word' id='word_1_641' title='bbox 1167 1087 1230 1116; x_wconf 89' lang='lat' dir='ltr'>vitis</span> <span class='ocrx_word' id='word_1_642' title='bbox 1244 1099 1294 1128; x_wconf 92' lang='lat' dir='ltr'>pro</span> <span class='ocrx_word' id='word_1_643' title='bbox 1307 1099 1335 1117; x_wconf 86' lang='lat' dir='ltr'>se</span> <span class='ocrx_word' id='word_1_644' title='bbox 1348 1095 1374 1117; x_wconf 91' lang='lat' dir='ltr'>et</span> <span class='ocrx_word' id='word_1_645' title='bbox 1386 1098 1436 1128; x_wconf 86' lang='lat' dir='ltr'>pro</span> <span class='ocrx_word' id='word_1_646' title='bbox 1448 1088 1523 1118; x_wconf 89' lang='lat' dir='ltr'>ulmo</span> <span class='ocrx_word' id='word_1_647' title='bbox 1537 1090 1636 1129; x_wconf 79' lang='lat' dir='ltr'>profert</span> <span class='ocrx_word' id='word_1_648' title='bbox 1646 1108 1696 1123; x_wconf 67' lang='lat' dir='ltr'>ux</span> 
     </span>
    </p>
   </div>
   <div class='ocr_carea' id='block_1_15' title="bbox 891 1126 1637 1448">
    <p class='ocr_par' dir='ltr' id='par_1_16' title="bbox 891 1126 1637 1448">
     <span class='ocr_line' id='line_1_88' title="bbox 893 1126 1637 1166; baseline 0.007 -11"><span class='ocrx_word' id='word_1_649' title='bbox 893 1126 1023 1155; x_wconf 85' lang='lat' dir='ltr'>fructum.</span> <span class='ocrx_word' id='word_1_650' title='bbox 1037 1127 1111 1166; x_wconf 81' lang='lat' dir='ltr'>Ergo</span> <span class='ocrx_word' id='word_1_651' title='bbox 1121 1126 1199 1166; x_wconf 86' lang='lat' dir='ltr'>jubet</span> <span class='ocrx_word' id='word_1_652' title='bbox 1215 1137 1263 1156; x_wconf 89' lang='lat' dir='ltr'>nos</span> <span class='ocrx_word' id='word_1_653' title='bbox 1283 1128 1408 1159; x_wconf 89' lang='lat' dir='ltr'>Christus</span> <span class='ocrx_word' id='word_1_654' title='bbox 1422 1135 1550 1158; x_wconf 87' lang='lat' dir='ltr'>mutuum</span> <span class='ocrx_word' id='word_1_655' title='bbox 1571 1129 1637 1160; x_wconf 89' lang='lat' dir='ltr'>dare</span> 
     </span>
     <span class='ocr_line' id='line_1_89' title="bbox 893 1167 1636 1207; baseline 0.008 -14"><span class='ocrx_word' id='word_1_656' title='bbox 893 1167 1045 1204; x_wconf 87' lang='lat' dir='ltr'>pecuniam,</span> <span class='ocrx_word' id='word_1_657' title='bbox 1066 1176 1119 1194; x_wconf 89' lang='lat' dir='ltr'>non</span> <span class='ocrx_word' id='word_1_658' title='bbox 1138 1172 1224 1195; x_wconf 86' lang='lat' dir='ltr'>tamen</span> <span class='ocrx_word' id='word_1_659' title='bbox 1239 1168 1291 1197; x_wconf 90' lang='lat' dir='ltr'>sub</span> <span class='ocrx_word' id='word_1_660' title='bbox 1309 1168 1419 1198; x_wconf 88' lang='lat' dir='ltr'>usuris:</span> <span class='ocrx_word' id='word_1_661' title='bbox 1435 1167 1499 1206; x_wconf 86' lang='lat' dir='ltr'>quia</span> <span class='ocrx_word' id='word_1_662' title='bbox 1517 1169 1564 1207; x_wconf 87' lang='lat' dir='ltr'>qui</span> <span class='ocrx_word' id='word_1_663' title='bbox 1583 1170 1636 1199; x_wconf 90' lang='lat' dir='ltr'>sub</span> 
     </span>
     <span class='ocr_line' id='line_1_90' title="bbox 894 1205 1634 1247; baseline 0.008 -14"><span class='ocrx_word' id='word_1_664' title='bbox 894 1205 983 1234; x_wconf 88' lang='lat' dir='ltr'>usuris</span> <span class='ocrx_word' id='word_1_665' title='bbox 1002 1212 1128 1235; x_wconf 86' lang='lat' dir='ltr'>mutuum</span> <span class='ocrx_word' id='word_1_666' title='bbox 1147 1205 1204 1243; x_wconf 77' lang='lat' dir='ltr'>dat,</span> <span class='ocrx_word' id='word_1_667' title='bbox 1227 1206 1255 1236; x_wconf 90' lang='lat' dir='ltr'>in</span> <span class='ocrx_word' id='word_1_668' title='bbox 1274 1207 1364 1247; x_wconf 84' lang='lat' dir='ltr'>prima</span> <span class='ocrx_word' id='word_1_669' title='bbox 1375 1207 1486 1246; x_wconf 86' lang='lat' dir='ltr'>quidem</span> <span class='ocrx_word' id='word_1_670' title='bbox 1503 1208 1570 1238; x_wconf 78' lang='lat' dir='ltr'>facie</span> <span class='ocrx_word' id='word_1_671' title='bbox 1585 1220 1634 1240; x_wconf 85' lang='lat' dir='ltr'>sua</span> 
     </span>
     <span class='ocr_line' id='line_1_91' title="bbox 892 1243 1636 1282; baseline 0.008 -9"><span class='ocrx_word' id='word_1_672' title='bbox 892 1243 1002 1274; x_wconf 87' lang='lat' dir='ltr'>videtur</span> <span class='ocrx_word' id='word_1_673' title='bbox 1012 1244 1086 1278; x_wconf 83' lang='lat' dir='ltr'>dare,</span> <span class='ocrx_word' id='word_1_674' title='bbox 1101 1256 1192 1275; x_wconf 88' lang='lat' dir='ltr'>revera</span> <span class='ocrx_word' id='word_1_675' title='bbox 1207 1253 1296 1276; x_wconf 87' lang='lat' dir='ltr'>autem</span> <span class='ocrx_word' id='word_1_676' title='bbox 1310 1257 1362 1276; x_wconf 89' lang='lat' dir='ltr'>non</span> <span class='ocrx_word' id='word_1_677' title='bbox 1377 1257 1425 1276; x_wconf 88' lang='lat' dir='ltr'>sua</span> <span class='ocrx_word' id='word_1_678' title='bbox 1437 1246 1493 1282; x_wconf 83' lang='lat' dir='ltr'>dat,</span> <span class='ocrx_word' id='word_1_679' title='bbox 1509 1248 1556 1278; x_wconf 84' lang='lat' dir='ltr'>sed</span> <span class='ocrx_word' id='word_1_680' title='bbox 1572 1250 1636 1279; x_wconf 82' lang='lat' dir='ltr'>alte-</span> 
     </span>
     <span class='ocr_line' id='line_1_92' title="bbox 892 1284 1634 1326; baseline 0.011 -14"><span class='ocrx_word' id='word_1_681' title='bbox 892 1284 950 1313; x_wconf 90' lang='lat' dir='ltr'>rius</span> <span class='ocrx_word' id='word_1_682' title='bbox 964 1284 1044 1315; x_wconf 83' lang='lat' dir='ltr'>tollit.</span> <span class='ocrx_word' id='word_1_683' title='bbox 1066 1286 1134 1314; x_wconf 88' lang='lat' dir='ltr'>Nam</span> <span class='ocrx_word' id='word_1_684' title='bbox 1154 1285 1261 1316; x_wconf 85' lang='lat' dir='ltr'>videtur</span> <span class='ocrx_word' id='word_1_685' title='bbox 1279 1287 1390 1326; x_wconf 87' lang='lat' dir='ltr'>quidem</span> <span class='ocrx_word' id='word_1_686' title='bbox 1407 1287 1554 1318; x_wconf 86' lang='lat' dir='ltr'>necessitati</span> <span class='ocrx_word' id='word_1_687' title='bbox 1572 1300 1634 1324; x_wconf 84' lang='lat' dir='ltr'>suc-</span> 
     </span>
     <span class='ocr_line' id='line_1_93' title="bbox 892 1326 1635 1366; baseline 0.011 -14"><span class='ocrx_word' id='word_1_688' title='bbox 892 1334 1009 1360; x_wconf 84' lang='lat' dir='ltr'>currere,</span> <span class='ocrx_word' id='word_1_689' title='bbox 1023 1335 1115 1354; x_wconf 84' lang='lat' dir='ltr'>revera</span> <span class='ocrx_word' id='word_1_690' title='bbox 1129 1332 1218 1356; x_wconf 87' lang='lat' dir='ltr'>autem</span> <span class='ocrx_word' id='word_1_691' title='bbox 1232 1327 1259 1356; x_wconf 90' lang='lat' dir='ltr'>in</span> <span class='ocrx_word' id='word_1_692' title='bbox 1275 1327 1403 1366; x_wconf 84' lang='lat' dir='ltr'>majorem</span> <span class='ocrx_word' id='word_1_693' title='bbox 1421 1326 1503 1356; x_wconf 86' lang='lat' dir='ltr'>mittit</span> <span class='ocrx_word' id='word_1_694' title='bbox 1519 1330 1635 1359; x_wconf 85' lang='lat' dir='ltr'>necessi-</span> 
     </span>
     <span class='ocr_line' id='line_1_94' title="bbox 892 1365 1635 1403; baseline 0.009 -11"><span class='ocrx_word' id='word_1_695' title='bbox 892 1369 983 1392; x_wconf 87' lang='lat' dir='ltr'>tatem.</span> <span class='ocrx_word' id='word_1_696' title='bbox 1007 1365 1047 1393; x_wconf 89' lang='lat' dir='ltr'>De</span> <span class='ocrx_word' id='word_1_697' title='bbox 1064 1374 1118 1393; x_wconf 91' lang='lat' dir='ltr'>uno</span> <span class='ocrx_word' id='word_1_698' title='bbox 1136 1366 1246 1396; x_wconf 84' lang='lat' dir='ltr'>vmculo</span> <span class='ocrx_word' id='word_1_699' title='bbox 1260 1367 1352 1403; x_wconf 86' lang='lat' dir='ltr'>solvit,</span> <span class='ocrx_word' id='word_1_700' title='bbox 1367 1373 1394 1395; x_wconf 86' lang='lat' dir='ltr'>et</span> <span class='ocrx_word' id='word_1_701' title='bbox 1407 1366 1501 1396; x_wconf 90' lang='lat' dir='ltr'>multis</span> <span class='ocrx_word' id='word_1_702' title='bbox 1520 1369 1635 1399; x_wconf 87' lang='lat' dir='ltr'>vinculis</span> 
     </span>
     <span class='ocr_line' id='line_1_95' title="bbox 891 1402 1636 1448; baseline 0.011 -17"><span class='ocrx_word' id='word_1_703' title='bbox 891 1402 985 1442; x_wconf 82' lang='lat' dir='ltr'>alligat</span> <span class='ocrx_word' id='word_1_704' title='bbox 998 1415 1005 1431; x_wconf 77' lang='lat' dir='ltr'>t</span> <span class='ocrx_word' id='word_1_705' title='bbox 1017 1410 1043 1433; x_wconf 90' lang='lat' dir='ltr'>et</span> <span class='ocrx_word' id='word_1_706' title='bbox 1053 1414 1106 1433; x_wconf 89' lang='lat' dir='ltr'>non</span> <span class='ocrx_word' id='word_1_707' title='bbox 1116 1413 1225 1446; x_wconf 87' lang='lat' dir='ltr'>propter</span> <span class='ocrx_word' id='word_1_708' title='bbox 1235 1406 1368 1446; x_wconf 82' lang='lat' dir='ltr'>justitiam</span> <span class='ocrx_word' id='word_1_709' title='bbox 1377 1405 1428 1435; x_wconf 90' lang='lat' dir='ltr'>Dei</span> <span class='ocrx_word' id='word_1_710' title='bbox 1441 1405 1499 1442; x_wconf 84' lang='lat' dir='ltr'>dat,</span> <span class='ocrx_word' id='word_1_711' title='bbox 1511 1407 1558 1438; x_wconf 89' lang='lat' dir='ltr'>sed</span> <span class='ocrx_word' id='word_1_712' title='bbox 1571 1419 1636 1448; x_wconf 84' lang='lat' dir='ltr'>pro-</span> 
     </span>
    </p>
   </div>
   <div class='ocr_carea' id='block_1_16' title="bbox 857 1444 1634 1488">
    <p class='ocr_par' dir='ltr' id='par_1_17' title="bbox 857 1444 1634 1488">
     <span class='ocr_line' id='line_1_96' title="bbox 857 1444 1634 1488; baseline 0.012 -18"><span class='ocrx_word' id='word_1_713' title='bbox 857 1446 875 1470; x_wconf 91' lang='lat' dir='ltr'>C</span> <span class='ocrx_word' id='word_1_714' title='bbox 893 1450 951 1486; x_wconf 85' lang='lat' dir='ltr'>pter</span> <span class='ocrx_word' id='word_1_715' title='bbox 967 1444 1107 1488; x_wconf 76' lang='lat' dir='ltr'>proprium</span> <span class='ocrx_word' id='word_1_716' title='bbox 1128 1444 1246 1476; x_wconf 87' lang='lat' dir='ltr'>lucrum.</span> <span class='ocrx_word' id='word_1_717' title='bbox 1258 1447 1362 1477; x_wconf 80' lang='lat' dir='ltr'>Similis</span> <span class='ocrx_word' id='word_1_718' title='bbox 1380 1445 1451 1475; x_wconf 89' lang='lat' dir='ltr'>enim</span> <span class='ocrx_word' id='word_1_719' title='bbox 1470 1453 1509 1475; x_wconf 86' lang='lat' dir='ltr'>est</span> <span class='ocrx_word' id='word_1_720' title='bbox 1522 1449 1634 1487; x_wconf 83' lang='lat' dir='ltr'>pecunia</span> 
     </span>
    </p>
   </div>
   <div class='ocr_carea' id='block_1_17' title="bbox 888 1483 1636 2039">
    <p class='ocr_par' dir='ltr' id='par_1_18' title="bbox 888 1483 1636 2039">
     <span class='ocr_line' id='line_1_97' title="bbox 892 1483 1634 1527; baseline 0.004 -13"><span class='ocrx_word' id='word_1_721' title='bbox 892 1494 1014 1514; x_wconf 83' lang='lat' dir='ltr'>usuraria</span> <span class='ocrx_word' id='word_1_722' title='bbox 1027 1483 1130 1524; x_wconf 84' lang='lat' dir='ltr'>aspidis</span> <span class='ocrx_word' id='word_1_723' title='bbox 1144 1486 1256 1515; x_wconf 89' lang='lat' dir='ltr'>morsui.</span> <span class='ocrx_word' id='word_1_724' title='bbox 1268 1487 1343 1516; x_wconf 87' lang='lat' dir='ltr'>Sicut</span> <span class='ocrx_word' id='word_1_725' title='bbox 1354 1486 1425 1514; x_wconf 88' lang='lat' dir='ltr'>enim</span> <span class='ocrx_word' id='word_1_726' title='bbox 1436 1485 1483 1523; x_wconf 89' lang='lat' dir='ltr'>qui</span> <span class='ocrx_word' id='word_1_727' title='bbox 1496 1487 1531 1516; x_wconf 87' lang='lat' dir='ltr'>ab</span> <span class='ocrx_word' id='word_1_728' title='bbox 1541 1488 1634 1527; x_wconf 84' lang='lat' dir='ltr'>aspide</span> 
     </span>
     <span class='ocr_line' id='line_1_98' title="bbox 892 1523 1635 1564; baseline 0.004 -10"><span class='ocrx_word' id='word_1_729' title='bbox 892 1524 1051 1564; x_wconf 87' lang='lat' dir='ltr'>percutitur,</span> <span class='ocrx_word' id='word_1_730' title='bbox 1066 1524 1142 1562; x_wconf 86' lang='lat' dir='ltr'>qnasi</span> <span class='ocrx_word' id='word_1_731' title='bbox 1156 1523 1302 1554; x_wconf 88' lang='lat' dir='ltr'>delectatus</span> <span class='ocrx_word' id='word_1_732' title='bbox 1318 1525 1393 1555; x_wconf 86' lang='lat' dir='ltr'>vadit</span> <span class='ocrx_word' id='word_1_733' title='bbox 1412 1524 1440 1552; x_wconf 90' lang='lat' dir='ltr'>in</span> <span class='ocrx_word' id='word_1_734' title='bbox 1460 1535 1594 1563; x_wconf 89' lang='lat' dir='ltr'>somnum,</span> <span class='ocrx_word' id='word_1_735' title='bbox 1609 1534 1635 1557; x_wconf 87' lang='lat' dir='ltr'>et</span> 
     </span>
     <span class='ocr_line' id='line_1_99' title="bbox 890 1564 1634 1604; baseline 0.004 -12"><span class='ocrx_word' id='word_1_736' title='bbox 890 1564 929 1593; x_wconf 86' lang='lat' dir='ltr'>sic</span> <span class='ocrx_word' id='word_1_737' title='bbox 943 1574 991 1603; x_wconf 88' lang='lat' dir='ltr'>per</span> <span class='ocrx_word' id='word_1_738' title='bbox 1003 1565 1160 1594; x_wconf 84' lang='lat' dir='ltr'>suavitatem</span> <span class='ocrx_word' id='word_1_739' title='bbox 1173 1565 1276 1604; x_wconf 87' lang='lat' dir='ltr'>soporis</span> <span class='ocrx_word' id='word_1_740' title='bbox 1290 1565 1404 1594; x_wconf 88' lang='lat' dir='ltr'>moritur</span> <span class='ocrx_word' id='word_1_741' title='bbox 1417 1577 1423 1592; x_wconf 89' lang='lat'>:</span> <span class='ocrx_word' id='word_1_742' title='bbox 1439 1564 1478 1594; x_wconf 90' lang='lat' dir='ltr'>sic</span> <span class='ocrx_word' id='word_1_743' title='bbox 1488 1573 1515 1595; x_wconf 90' lang='lat' dir='ltr'>et</span> <span class='ocrx_word' id='word_1_744' title='bbox 1526 1565 1574 1604; x_wconf 88' lang='lat' dir='ltr'>qui</span> <span class='ocrx_word' id='word_1_745' title='bbox 1587 1577 1634 1595; x_wconf 87' lang='lat' dir='ltr'>ac-</span> 
     </span>
     <span class='ocr_line' id='line_1_100' title="bbox 890 1602 1634 1643; baseline 0.004 -11"><span class='ocrx_word' id='word_1_746' title='bbox 890 1603 957 1642; x_wconf 85' lang='lat' dir='ltr'>cipit</span> <span class='ocrx_word' id='word_1_747' title='bbox 975 1602 1026 1631; x_wconf 79' lang='lat' dir='ltr'>sub</span> <span class='ocrx_word' id='word_1_748' title='bbox 1047 1605 1149 1638; x_wconf 86' lang='lat' dir='ltr'>usuris,</span> <span class='ocrx_word' id='word_1_749' title='bbox 1173 1613 1223 1642; x_wconf 90' lang='lat' dir='ltr'>pro</span> <span class='ocrx_word' id='word_1_750' title='bbox 1242 1610 1360 1643; x_wconf 87' lang='lat' dir='ltr'>tempore</span> <span class='ocrx_word' id='word_1_751' title='bbox 1379 1603 1540 1640; x_wconf 86' lang='lat' dir='ltr'>delectatur,</span> <span class='ocrx_word' id='word_1_752' title='bbox 1557 1606 1634 1643; x_wconf 84' lang='lat' dir='ltr'>quasi</span> 
     </span>
     <span class='ocr_line' id='line_1_101' title="bbox 891 1642 1636 1683; baseline 0.005 -13"><span class='ocrx_word' id='word_1_753' title='bbox 891 1643 938 1681; x_wconf 91' lang='lat' dir='ltr'>qui</span> <span class='ocrx_word' id='word_1_754' title='bbox 952 1642 1112 1671; x_wconf 85' lang='lat' dir='ltr'>beneficium</span> <span class='ocrx_word' id='word_1_755' title='bbox 1129 1642 1227 1682; x_wconf 83' lang='lat' dir='ltr'>accipit</span> <span class='ocrx_word' id='word_1_756' title='bbox 1242 1655 1250 1672; x_wconf 69' lang='grc' dir='ltr'>ς</span> <span class='ocrx_word' id='word_1_757' title='bbox 1263 1650 1289 1672; x_wconf 82' lang='lat' dir='ltr'>et</span> <span class='ocrx_word' id='word_1_758' title='bbox 1303 1642 1342 1673; x_wconf 86' lang='lat' dir='ltr'>sic</span> <span class='ocrx_word' id='word_1_759' title='bbox 1355 1654 1402 1683; x_wconf 86' lang='lat' dir='ltr'>per</span> <span class='ocrx_word' id='word_1_760' title='bbox 1420 1644 1577 1674; x_wconf 78' lang='lat' dir='ltr'>suavitatem</span> <span class='ocrx_word' id='word_1_761' title='bbox 1590 1645 1636 1674; x_wconf 82' lang='lat' dir='ltr'>be-</span> 
     </span>
     <span class='ocr_line' id='line_1_102' title="bbox 890 1681 1634 1723; baseline 0.005 -14"><span class='ocrx_word' id='word_1_762' title='bbox 890 1681 978 1710; x_wconf 79' lang='lat' dir='ltr'>neficii</span> <span class='ocrx_word' id='word_1_763' title='bbox 992 1692 1043 1710; x_wconf 88' lang='lat' dir='ltr'>non</span> <span class='ocrx_word' id='word_1_764' title='bbox 1057 1682 1134 1710; x_wconf 85' lang='lat' dir='ltr'>sentit</span> <span class='ocrx_word' id='word_1_765' title='bbox 1144 1682 1278 1720; x_wconf 85' lang='lat' dir='ltr'>quomodo</span> <span class='ocrx_word' id='word_1_766' title='bbox 1287 1684 1410 1723; x_wconf 86' lang='lat' dir='ltr'>captivus</span> <span class='ocrx_word' id='word_1_767' title='bbox 1421 1683 1548 1715; x_wconf 87' lang='lat' dir='ltr'>efficitur.</span> <span class='ocrx_word' id='word_1_768' title='bbox 1564 1685 1634 1713; x_wconf 86' lang='lat' dir='ltr'>Nam</span> 
     </span>
     <span class='ocr_line' id='line_1_103' title="bbox 890 1721 1634 1763; baseline 0.003 -12"><span class='ocrx_word' id='word_1_769' title='bbox 890 1722 959 1751; x_wconf 88' lang='lat' dir='ltr'>sicut</span> <span class='ocrx_word' id='word_1_770' title='bbox 972 1731 1104 1750; x_wconf 86' lang='lat' dir='ltr'>venenum</span> <span class='ocrx_word' id='word_1_771' title='bbox 1116 1721 1217 1760; x_wconf 86' lang='lat' dir='ltr'>aspidis</span> <span class='ocrx_word' id='word_1_772' title='bbox 1231 1721 1341 1752; x_wconf 87' lang='lat' dir='ltr'>latenter</span> <span class='ocrx_word' id='word_1_773' title='bbox 1353 1733 1400 1763; x_wconf 87' lang='lat' dir='ltr'>per</span> <span class='ocrx_word' id='word_1_774' title='bbox 1411 1723 1500 1752; x_wconf 84' lang='lat' dir='ltr'>omnia</span> <span class='ocrx_word' id='word_1_775' title='bbox 1515 1724 1634 1753; x_wconf 87' lang='lat' dir='ltr'>membra</span> 
     </span>
     <span class='ocr_line' id='line_1_104' title="bbox 889 1761 1632 1802; baseline 0.004 -13"><span class='ocrx_word' id='word_1_776' title='bbox 889 1761 1027 1796; x_wconf 84' lang='lat' dir='ltr'>discurrit,</span> <span class='ocrx_word' id='word_1_777' title='bbox 1043 1768 1068 1790; x_wconf 89' lang='lat' dir='ltr'>et</span> <span class='ocrx_word' id='word_1_778' title='bbox 1079 1761 1227 1801; x_wconf 85' lang='lat' dir='ltr'>corrumpit</span> <span class='ocrx_word' id='word_1_779' title='bbox 1238 1774 1243 1789; x_wconf 93' lang='lat'>:</span> <span class='ocrx_word' id='word_1_780' title='bbox 1256 1772 1294 1791; x_wconf 81' lang='lat' dir='ltr'>sic</span> <span class='ocrx_word' id='word_1_781' title='bbox 1308 1773 1389 1791; x_wconf 86' lang='lat' dir='ltr'>usura</span> <span class='ocrx_word' id='word_1_782' title='bbox 1403 1773 1451 1802; x_wconf 86' lang='lat' dir='ltr'>per</span> <span class='ocrx_word' id='word_1_783' title='bbox 1466 1769 1534 1792; x_wconf 86' lang='lat' dir='ltr'>totas</span> <span class='ocrx_word' id='word_1_784' title='bbox 1546 1763 1632 1792; x_wconf 79' lang='lat' dir='ltr'>facul-</span> 
     </span>
     <span class='ocr_line' id='line_1_105' title="bbox 890 1800 1631 1840; baseline 0.004 -11"><span class='ocrx_word' id='word_1_785' title='bbox 890 1807 954 1829; x_wconf 83' lang='lat' dir='ltr'>tates</span> <span class='ocrx_word' id='word_1_786' title='bbox 972 1801 1031 1840; x_wconf 85' lang='lat' dir='ltr'>ejus</span> <span class='ocrx_word' id='word_1_787' title='bbox 1048 1800 1187 1837; x_wconf 83' lang='lat' dir='ltr'>discurrit,</span> <span class='ocrx_word' id='word_1_788' title='bbox 1209 1807 1236 1830; x_wconf 89' lang='lat' dir='ltr'>et</span> <span class='ocrx_word' id='word_1_789' title='bbox 1256 1802 1387 1832; x_wconf 88' lang='lat' dir='ltr'>convertit</span> <span class='ocrx_word' id='word_1_790' title='bbox 1399 1812 1443 1831; x_wconf 89' lang='lat' dir='ltr'>eas</span> <span class='ocrx_word' id='word_1_791' title='bbox 1457 1802 1483 1831; x_wconf 92' lang='lat' dir='ltr'>in</span> <span class='ocrx_word' id='word_1_792' title='bbox 1497 1801 1631 1832; x_wconf 76' lang='lat' dir='ltr'>debitum.</span> 
     </span>
     <span class='ocr_line' id='line_1_106' title="bbox 889 1840 1635 1879; baseline 0.001 -9"><span class='ocrx_word' id='word_1_793' title='bbox 889 1841 966 1870; x_wconf 89' lang='lat' dir='ltr'>Sicut</span> <span class='ocrx_word' id='word_1_794' title='bbox 983 1840 1054 1868; x_wconf 89' lang='lat' dir='ltr'>enim</span> <span class='ocrx_word' id='word_1_795' title='bbox 1072 1841 1231 1870; x_wconf 75' lang='lat' dir='ltr'>fermentum</span> <span class='ocrx_word' id='word_1_796' title='bbox 1253 1841 1401 1877; x_wconf 90' lang='lat' dir='ltr'>modicum,</span> <span class='ocrx_word' id='word_1_797' title='bbox 1422 1841 1497 1879; x_wconf 90' lang='lat' dir='ltr'>quod</span> <span class='ocrx_word' id='word_1_798' title='bbox 1516 1841 1635 1871; x_wconf 85' lang='lat' dir='ltr'>mittitur</span> 
     </span>
     <span class='ocr_line' id='line_1_107' title="bbox 889 1879 1633 1917; baseline 0.004 -10"><span class='ocrx_word' id='word_1_799' title='bbox 889 1880 916 1908; x_wconf 90' lang='lat' dir='ltr'>in</span> <span class='ocrx_word' id='word_1_800' title='bbox 932 1880 1042 1908; x_wconf 83' lang='lat' dir='ltr'>multam</span> <span class='ocrx_word' id='word_1_801' title='bbox 1056 1879 1178 1917; x_wconf 81' lang='lat' dir='ltr'>farinam,</span> <span class='ocrx_word' id='word_1_802' title='bbox 1193 1887 1275 1910; x_wconf 85' lang='lat' dir='ltr'>totam</span> <span class='ocrx_word' id='word_1_803' title='bbox 1287 1890 1350 1910; x_wconf 83' lang='lat' dir='ltr'>cons</span> <span class='ocrx_word' id='word_1_804' title='bbox 1370 1880 1502 1910; x_wconf 84' lang='lat' dir='ltr'>ersionem</span> <span class='ocrx_word' id='word_1_805' title='bbox 1515 1891 1633 1910; x_wconf 87' lang='lat' dir='ltr'>corrum-</span> 
     </span>
     <span class='ocr_line' id='line_1_108' title="bbox 889 1919 1630 1959; baseline 0.004 -12"><span class='ocrx_word' id='word_1_806' title='bbox 889 1920 940 1959; x_wconf 88' lang='lat' dir='ltr'>pit,</span> <span class='ocrx_word' id='word_1_807' title='bbox 955 1926 981 1948; x_wconf 87' lang='lat' dir='ltr'>et</span> <span class='ocrx_word' id='word_1_808' title='bbox 994 1919 1076 1948; x_wconf 83' lang='lat' dir='ltr'>trahit</span> <span class='ocrx_word' id='word_1_809' title='bbox 1098 1919 1185 1955; x_wconf 83' lang='lat' dir='ltr'>illam,</span> <span class='ocrx_word' id='word_1_810' title='bbox 1201 1927 1226 1949; x_wconf 87' lang='lat' dir='ltr'>et</span> <span class='ocrx_word' id='word_1_811' title='bbox 1241 1920 1304 1950; x_wconf 79' lang='lat' dir='ltr'>facit</span> <span class='ocrx_word' id='word_1_812' title='bbox 1325 1921 1343 1949; x_wconf 89' lang='lat' dir='ltr'>il</span> <span class='ocrx_word' id='word_1_813' title='bbox 1358 1931 1400 1949; x_wconf 76' lang='lat' dir='ltr'>am</span> <span class='ocrx_word' id='word_1_814' title='bbox 1415 1927 1497 1950; x_wconf 87' lang='lat' dir='ltr'>totam</span> <span class='ocrx_word' id='word_1_815' title='bbox 1517 1920 1630 1950; x_wconf 85' lang='lat' dir='ltr'>fermen-</span> 
     </span>
     <span class='ocr_line' id='line_1_109' title="bbox 889 1959 1632 1999; baseline 0.003 -11"><span class='ocrx_word' id='word_1_816' title='bbox 889 1966 963 1988; x_wconf 83' lang='lat' dir='ltr'>tum:</span> <span class='ocrx_word' id='word_1_817' title='bbox 977 1959 1016 1987; x_wconf 88' lang='lat' dir='ltr'>sic</span> <span class='ocrx_word' id='word_1_818' title='bbox 1035 1969 1119 1997; x_wconf 90' lang='lat' dir='ltr'>quum</span> <span class='ocrx_word' id='word_1_819' title='bbox 1134 1969 1214 1989; x_wconf 83' lang='lat' dir='ltr'>usura</span> <span class='ocrx_word' id='word_1_820' title='bbox 1233 1960 1261 1989; x_wconf 87' lang='lat' dir='ltr'>iu</span> <span class='ocrx_word' id='word_1_821' title='bbox 1285 1960 1396 1990; x_wconf 89' lang='lat' dir='ltr'>domum</span> <span class='ocrx_word' id='word_1_822' title='bbox 1417 1960 1533 1999; x_wconf 89' lang='lat' dir='ltr'>alicujus</span> <span class='ocrx_word' id='word_1_823' title='bbox 1552 1960 1632 1990; x_wconf 79' lang='lat' dir='ltr'>intra-</span> 
     </span>
     <span class='ocr_line' id='line_1_110' title="bbox 888 1999 1629 2039; baseline 0.003 -12"><span class='ocrx_word' id='word_1_824' title='bbox 888 1999 967 2035; x_wconf 80' lang='lat' dir='ltr'>verit,</span> <span class='ocrx_word' id='word_1_825' title='bbox 982 2005 1064 2027; x_wconf 83' lang='lat' dir='ltr'>totam</span> <span class='ocrx_word' id='word_1_826' title='bbox 1078 1999 1252 2028; x_wconf 87' lang='lat' dir='ltr'>substantiam</span> <span class='ocrx_word' id='word_1_827' title='bbox 1265 1999 1323 2039; x_wconf 86' lang='lat' dir='ltr'>ejus</span> <span class='ocrx_word' id='word_1_828' title='bbox 1337 1999 1372 2029; x_wconf 88' lang='lat' dir='ltr'>ad</span> <span class='ocrx_word' id='word_1_829' title='bbox 1382 2010 1410 2030; x_wconf 87' lang='lat' dir='ltr'>se</span> <span class='ocrx_word' id='word_1_830' title='bbox 1420 1999 1511 2036; x_wconf 87' lang='lat' dir='ltr'>trahit,</span> <span class='ocrx_word' id='word_1_831' title='bbox 1522 2006 1548 2029; x_wconf 87' lang='lat' dir='ltr'>ct</span> <span class='ocrx_word' id='word_1_832' title='bbox 1562 2010 1629 2030; x_wconf 92' lang='lat' dir='ltr'>con-</span> 
     </span>
    </p>
   </div>
   <div class='ocr_carea' id='block_1_18' title="bbox 853 2037 1153 2067">
    <p class='ocr_par' dir='ltr' id='par_1_19' title="bbox 853 2037 1153 2067">
     <span class='ocr_line' id='line_1_111' title="bbox 853 2037 1153 2067; baseline 0 0"><span class='ocrx_word' id='word_1_833' title='bbox 853 2039 872 2062; x_wconf 78' lang='grc' dir='ltr'>Ι)</span> <span class='ocrx_word' id='word_1_834' title='bbox 889 2038 968 2067; x_wconf 85' lang='lat' dir='ltr'>vertit</span> <span class='ocrx_word' id='word_1_835' title='bbox 982 2038 1010 2067; x_wconf 91' lang='lat' dir='ltr'>in</span> <span class='ocrx_word' id='word_1_836' title='bbox 1020 2037 1153 2067; x_wconf 88' lang='lat' dir='ltr'>debitum.</span> 
     </span>
    </p>
   </div>
   <div class='ocr_carea' id='block_1_19' title="bbox 938 2141 1568 2182">
    <p class='ocr_par' dir='ltr' id='par_1_20' title="bbox 938 2141 1568 2182">
     <span class='ocr_line' id='line_1_112' title="bbox 938 2141 1568 2182; baseline 0.002 -12"><span class='ocrx_word' id='word_1_837' title='bbox 938 2142 1073 2171; x_wconf 83' lang='lat' dir='ltr'>Homilia</span> <span class='ocrx_word' id='word_1_838' title='bbox 1086 2141 1199 2171; x_wconf 85' lang='lat' dir='ltr'>decima</span> <span class='ocrx_word' id='word_1_839' title='bbox 1220 2143 1304 2172; x_wconf 81' lang='lat' dir='ltr'>tertia</span> <span class='ocrx_word' id='word_1_840' title='bbox 1317 2152 1354 2170; x_wconf 79' lang='lat' dir='ltr'>ex</span> <span class='ocrx_word' id='word_1_841' title='bbox 1368 2152 1431 2181; x_wconf 84' lang='lat' dir='ltr'>cap.</span> <span class='ocrx_word' id='word_1_842' title='bbox 1451 2143 1568 2182; x_wconf 85' lang='lat' dir='ltr'>quinto.</span> 
     </span>
    </p>
   </div>
   <div class='ocr_carea' id='block_1_20' title="bbox 886 2232 1765 2312">
    <p class='ocr_par' dir='ltr' id='par_1_21' title="bbox 886 2232 1765 2312">
     <span class='ocr_line' id='line_1_113' title="bbox 926 2232 1765 2274; baseline 0.001 -12"><span class='ocrx_word' id='word_1_843' title='bbox 926 2232 975 2272; x_wconf 74' lang='grc'>45.</span> <span class='ocrx_word' id='word_1_844' title='bbox 998 2233 1136 2262; x_wconf 82' lang='lat' dir='ltr'>Audistis</span> <span class='ocrx_word' id='word_1_845' title='bbox 1150 2235 1222 2274; x_wconf 82' lang='lat' dir='ltr'>quia</span> <span class='ocrx_word' id='word_1_846' title='bbox 1235 2233 1345 2264; x_wconf 78' lang='lat' dir='ltr'>dictum</span> <span class='ocrx_word' id='word_1_847' title='bbox 1359 2236 1555 2274; x_wconf 76' lang='lat' dir='ltr'>estantiquis,</span> <span class='ocrx_word' id='word_1_848' title='bbox 1570 2235 1626 2263; x_wconf 84' lang='lat' dir='ltr'>Di·</span> <span class='ocrx_word' id='word_1_849' title='bbox 1641 2241 1711 2262; x_wconf 70' lang='lat' dir='ltr'>zevn.</span> <span class='ocrx_word' id='word_1_850' title='bbox 1729 2246 1765 2268; x_wconf 81' lang='lat'>¹9.</span> 
     </span>
     <span class='ocr_line' id='line_1_114' title="bbox 886 2271 1678 2312; baseline 0 -11"><span class='ocrx_word' id='word_1_851' title='bbox 886 2273 957 2312; x_wconf 76' lang='lat' dir='ltr'>liges</span> <span class='ocrx_word' id='word_1_852' title='bbox 969 2274 1133 2312; x_wconf 68' lang='lat' dir='ltr'>prozimum</span> <span class='ocrx_word' id='word_1_853' title='bbox 1150 2279 1243 2309; x_wconf 84' lang='lat' dir='ltr'>tuum,</span> <span class='ocrx_word' id='word_1_854' title='bbox 1259 2281 1286 2303; x_wconf 83' lang='grc' dir='ltr'>ει</span> <span class='ocrx_word' id='word_1_855' title='bbox 1306 2274 1375 2302; x_wconf 86' lang='lat' dir='ltr'>odio</span> <span class='ocrx_word' id='word_1_856' title='bbox 1394 2275 1513 2303; x_wconf 77' lang='lat' dir='ltr'>habebis</span> <span class='ocrx_word' id='word_1_857' title='bbox 1530 2275 1627 2302; x_wconf 85' lang='lat' dir='ltr'>inimi·</span> <span class='ocrx_word' id='word_1_858' title='bbox 1643 2271 1678 2294; x_wconf 81' lang='lat'>¹8·</span> 
     </span>
    </p>
   </div>
   <div class='ocr_carea' id='block_1_21' title="bbox 881 2313 1627 2627">
    <p class='ocr_par' dir='ltr' id='par_1_22' title="bbox 881 2313 1627 2627">
     <span class='ocr_line' id='line_1_115' title="bbox 885 2313 1627 2353; baseline 0.003 -13"><span class='ocrx_word' id='word_1_859' title='bbox 885 2322 951 2341; x_wconf 85' lang='lat' dir='ltr'>cum</span> <span class='ocrx_word' id='word_1_860' title='bbox 965 2318 1046 2342; x_wconf 80' lang='lat' dir='ltr'>tuum</span> <span class='ocrx_word' id='word_1_861' title='bbox 1055 2325 1063 2342; x_wconf 90' lang='lat'>.·</span> <span class='ocrx_word' id='word_1_862' title='bbox 1073 2314 1123 2343; x_wconf 66' lang='grc'>44.</span> <span class='ocrx_word' id='word_1_863' title='bbox 1137 2323 1189 2353; x_wconf 79' lang='lat' dir='ltr'>ego</span> <span class='ocrx_word' id='word_1_864' title='bbox 1200 2319 1298 2342; x_wconf 82' lang='lat' dir='ltr'>autem</span> <span class='ocrx_word' id='word_1_865' title='bbox 1316 2314 1384 2342; x_wconf 83' lang='lat' dir='ltr'>dico</span> <span class='ocrx_word' id='word_1_866' title='bbox 1394 2314 1488 2348; x_wconf 77' lang='lat' dir='ltr'>vobis,</span> <span class='ocrx_word' id='word_1_867' title='bbox 1502 2313 1627 2351; x_wconf 81' lang='lat' dir='ltr'>Diligite</span> 
     </span>
     <span class='ocr_line' id='line_1_116' title="bbox 885 2351 1626 2389; baseline -0.001 -9"><span class='ocrx_word' id='word_1_868' title='bbox 885 2353 1017 2381; x_wconf 87' lang='lat' dir='ltr'>inimicos</span> <span class='ocrx_word' id='word_1_869' title='bbox 1030 2359 1152 2382; x_wconf 80' lang='lat' dir='ltr'>vestros.</span> <span class='ocrx_word' id='word_1_870' title='bbox 1168 2353 1237 2382; x_wconf 87' lang='lat' dir='ltr'>Ecce</span> <span class='ocrx_word' id='word_1_871' title='bbox 1250 2359 1355 2381; x_wconf 87' lang='lat' dir='ltr'>sextum</span> <span class='ocrx_word' id='word_1_872' title='bbox 1373 2351 1527 2381; x_wconf 86' lang='lat' dir='ltr'>mandatum</span> <span class='ocrx_word' id='word_1_873' title='bbox 1542 2351 1626 2389; x_wconf 80' lang='lat' dir='ltr'>legem</span> 
     </span>
     <span class='ocr_line' id='line_1_117' title="bbox 884 2390 1626 2437; baseline -0.003 -17"><span class='ocrx_word' id='word_1_874' title='bbox 884 2390 1046 2431; x_wconf 81' lang='lat' dir='ltr'>adimplens,</span> <span class='ocrx_word' id='word_1_875' title='bbox 1070 2392 1211 2422; x_wconf 90' lang='lat' dir='ltr'>minimum</span> <span class='ocrx_word' id='word_1_876' title='bbox 1233 2392 1306 2437; x_wconf 83' lang='lat' dir='ltr'>apud</span> <span class='ocrx_word' id='word_1_877' title='bbox 1324 2391 1444 2420; x_wconf 83' lang='lat' dir='ltr'>homines</span> <span class='ocrx_word' id='word_1_878' title='bbox 1469 2390 1583 2419; x_wconf 84' lang='lat' dir='ltr'>odibiles</span> <span class='ocrx_word' id='word_1_879' title='bbox 1601 2397 1626 2419; x_wconf 86' lang='lat' dir='ltr'>ct</span> 
     </span>
     <span class='ocr_line' id='line_1_118' title="bbox 884 2429 1627 2470; baseline -0.004 -11"><span class='ocrx_word' id='word_1_880' title='bbox 884 2429 999 2461; x_wconf 83' lang='lat' dir='ltr'>invioem</span> <span class='ocrx_word' id='word_1_881' title='bbox 1012 2431 1142 2468; x_wconf 86' lang='lat' dir='ltr'>odientes,</span> <span class='ocrx_word' id='word_1_882' title='bbox 1155 2431 1202 2470; x_wconf 90' lang='lat' dir='ltr'>qui</span> <span class='ocrx_word' id='word_1_883' title='bbox 1217 2431 1356 2460; x_wconf 83' lang='lat' dir='ltr'>inimicum</span> <span class='ocrx_word' id='word_1_884' title='bbox 1371 2429 1447 2458; x_wconf 88' lang='lat' dir='ltr'>odire</span> <span class='ocrx_word' id='word_1_885' title='bbox 1463 2429 1560 2458; x_wconf 86' lang='lat' dir='ltr'>debere</span> <span class='ocrx_word' id='word_1_886' title='bbox 1572 2429 1627 2457; x_wconf 85' lang='lat' dir='ltr'>im·</span> 
     </span>
     <span class='ocr_line' id='line_1_119' title="bbox 884 2467 1627 2516; baseline -0.004 -17"><span class='ocrx_word' id='word_1_887' title='bbox 884 2470 967 2516; x_wconf 85' lang='lat' dir='ltr'>proba</span> <span class='ocrx_word' id='word_1_888' title='bbox 980 2481 1045 2501; x_wconf 81' lang='lat' dir='ltr'>voce</span> <span class='ocrx_word' id='word_1_889' title='bbox 1058 2471 1231 2510; x_wconf 84' lang='lat' dir='ltr'>pronuntiare</span> <span class='ocrx_word' id='word_1_890' title='bbox 1244 2480 1295 2499; x_wconf 90' lang='lat' dir='ltr'>non</span> <span class='ocrx_word' id='word_1_891' title='bbox 1313 2469 1481 2498; x_wconf 87' lang='lat' dir='ltr'>crubescunt.</span> <span class='ocrx_word' id='word_1_892' title='bbox 1502 2467 1581 2512; x_wconf 75' lang='lat' dir='ltr'>Quod</span> <span class='ocrx_word' id='word_1_893' title='bbox 1604 2468 1627 2497; x_wconf 88' lang='lat' dir='ltr'>si</span> 
     </span>
     <span class='ocr_line' id='line_1_120' title="bbox 881 2507 1626 2549; baseline -0.004 -11"><span class='ocrx_word' id='word_1_894' title='bbox 881 2516 985 2549; x_wconf 83' lang='lat' dir='ltr'>Justum</span> <span class='ocrx_word' id='word_1_895' title='bbox 998 2510 1091 2540; x_wconf 85' lang='lat' dir='ltr'>fuisset</span> <span class='ocrx_word' id='word_1_896' title='bbox 1104 2510 1227 2539; x_wconf 87' lang='lat' dir='ltr'>inimicos</span> <span class='ocrx_word' id='word_1_897' title='bbox 1241 2509 1326 2544; x_wconf 82' lang='lat' dir='ltr'>odire,</span> <span class='ocrx_word' id='word_1_898' title='bbox 1344 2509 1416 2536; x_wconf 89' lang='lat' dir='ltr'>Deus</span> <span class='ocrx_word' id='word_1_899' title='bbox 1439 2514 1464 2535; x_wconf 87' lang='lat' dir='ltr'>te</span> <span class='ocrx_word' id='word_1_900' title='bbox 1488 2507 1626 2536; x_wconf 81' lang='lat' dir='ltr'>immicum</span> 
     </span>
     <span class='ocr_line' id='line_1_121' title="bbox 883 2545 1627 2589; baseline -0.005 -11"><span class='ocrx_word' id='word_1_901' title='bbox 883 2559 917 2578; x_wconf 86' lang='lat' dir='ltr'>ex</span> <span class='ocrx_word' id='word_1_902' title='bbox 937 2550 1060 2589; x_wconf 83' lang='lat' dir='ltr'>gentibus</span> <span class='ocrx_word' id='word_1_903' title='bbox 1077 2559 1223 2588; x_wconf 84' lang='lat' dir='ltr'>numquam</span> <span class='ocrx_word' id='word_1_904' title='bbox 1244 2548 1271 2575; x_wconf 90' lang='lat' dir='ltr'>in</span> <span class='ocrx_word' id='word_1_905' title='bbox 1290 2557 1365 2575; x_wconf 89' lang='lat' dir='ltr'>suam</span> <span class='ocrx_word' id='word_1_906' title='bbox 1383 2546 1540 2586; x_wconf 78' lang='lat' dir='ltr'>suscepisset</span> <span class='ocrx_word' id='word_1_907' title='bbox 1560 2545 1627 2575; x_wconf 87' lang='lat' dir='ltr'>dile-</span> 
     </span>
     <span class='ocr_line' id='line_1_122' title="bbox 883 2585 1624 2627; baseline -0.004 -10"><span class='ocrx_word' id='word_1_908' title='bbox 883 2588 1006 2619; x_wconf 83' lang='lat' dir='ltr'>ctionem.</span> <span class='ocrx_word' id='word_1_909' title='bbox 1024 2589 1077 2618; x_wconf 83' lang='lat' dir='ltr'>Ille</span> <span class='ocrx_word' id='word_1_910' title='bbox 1090 2599 1139 2627; x_wconf 81' lang='lat' dir='ltr'>pro</span> <span class='ocrx_word' id='word_1_911' title='bbox 1158 2594 1184 2617; x_wconf 86' lang='lat' dir='ltr'>te</span> <span class='ocrx_word' id='word_1_912' title='bbox 1203 2593 1228 2616; x_wconf 83' lang='lat' dir='ltr'>ct</span> <span class='ocrx_word' id='word_1_913' title='bbox 1251 2585 1351 2616; x_wconf 86' lang='lat' dir='ltr'>Filium</span> <span class='ocrx_word' id='word_1_914' title='bbox 1372 2595 1451 2614; x_wconf 90' lang='lat' dir='ltr'>suum</span> <span class='ocrx_word' id='word_1_915' title='bbox 1471 2595 1518 2624; x_wconf 84' lang='lat' dir='ltr'>per</span> <span class='ocrx_word' id='word_1_916' title='bbox 1537 2586 1624 2615; x_wconf 90' lang='lat' dir='ltr'>omnia</span> 
     </span>
    </p>
   </div>
  </div>
 </body>
</html>
