1904 2840
114 353 252 383 Joan.1.29.

115 517 136 532 ι.
156 509 217 531 Tim.
229 508 252 531 3.

140 789 154 814 †
174 789 218 810 hzec
230 790 252 810 in

109 820 206 844 quodam

110 851 234 879 exemplari

113 881 201 903 desunt.

115 2012 216 2035 ΜηιιΙι.3
231 2019 252 2035 2.

226 2298 257 2314 ΚΑΙ

265 197 334 244 784

861 205 945 229 OPUS
970 205 1008 228 ΙΜ
1013 205 1208 230 PERFEC'I'UM

263 271 298 299 ab
305 281 336 300 eo
350 283 357 300 :
366 268 429 309 quia
436 279 514 299 nemo
523 275 611 315 potest
617 268 728 299 alterius
737 278 794 298 esse
800 267 875 298 testis
881 267 1005 304 idoneus,
1022 269 1044 293 Α
1059 268 1237 297 necessarium
1252 267 1335 297 habet
1345 267 1463 297 humana
1476 273 1582 298 natura.
1598 268 1690 299 Sciens
1699 270 1798 300 etenim

263 310 315 339 nisi
327 310 374 349 qui
394 309 451 349 ipse
471 310 552 338 fuerit
571 309 726 339 testificatus
739 308 774 338 ab
788 308 881 338 altero.
894 306 1006 337 Testifi-

263 356 337 378 catus
350 357 439 378 autem
453 356 493 378 est
506 349 540 378 ab
552 359 583 379 eo
594 350 633 378 sic
647 360 653 377 :
669 350 748 378 Ecce
760 359 778 376 a
800 358 854 377 nus
865 348 931 382 Dei,
941 356 1006 375 ecce

263 390 314 427 qui
324 389 401 418 tollit
413 395 534 428 peccata
543 389 654 418 mundi.
666 389 705 418 Ut
713 397 800 417 omnis
812 389 858 426 qui
867 386 1023 416 ordinatur*

263 427 298 457 ad
319 428 533 468 praedicandum,
556 428 659 457 bonum
679 428 861 457 testimonium
880 426 976 455 habeat
990 436 1006 455 a

283 468 376 507 opulo,
388 475 414 497 et
429 468 463 496 ab
474 468 517 497 his
530 467 577 506 qui
589 474 652 497 sunt
671 466 746 503 soris,
767 465 885 496 sicut-ait
898 472 1005 505 aposto·

263 478 317 536 liis.
334 508 390 544 Qui
403 507 474 536 enim
496 507 563 536 bene
585 506 664 542 vivit,
680 517 708 536 se
723 506 812 536 solum
835 505 920 535 salvat
937 517 943 534 ε
959 505 1007 544 qui

263 553 352 576 autem
366 547 464 576 bonam
484 546 563 576 habet
585 546 749 586 opinionem,
764 545 864 575 multos
883 545 1006 575 aedificat.

262 586 338 624 Quid
357 594 446 616 autem
463 586 583 627 prodest,
604 586 627 614 si
641 586 738 615 bonam
759 586 842 615 vitam
859 585 962 625 agendo
980 591 1006 615 te

262 637 346 655 unum
360 626 457 662 salves,
472 633 498 655 et
512 626 610 655 malam
624 625 721 655 famam
735 623 859 654 habendo
874 624 1006 665 plurimos

262 665 444 695 scandalizes?
460 667 511 695 Ex
529 671 598 695 tunc
621 667 706 702 coepit
727 666 814 694 lesus
834 665 1004 704 praedicare,

262 715 297 734 ex
310 705 404 744 quoin
414 716 484 744 aqua
503 705 614 744 quidem
633 705 782 744 baptizatus
799 710 839 733 cst
852 715 868 733 a
879 705 982 734 Joanne
995 716 1002 732 :

262 744 289 774 in
304 744 402 786 spiritu
417 751 507 774 autem
521 756 537 774 a
548 746 635 779 Patre,
651 751 680 773 nt
692 745 776 784 possit
788 743 822 773 de
837 743 925 784 seipso
938 743 1006 772 alios

263 784 408 829 baptizare,
417 784 564 814 secundum
576 784 711 813 hominem
723 783 784 813 dico
796 796 802 812 ε
815 783 837 822 †
846 783 908 821 quia
920 783 1006 812 sinon

262 824 355 854 fuisset
378 823 544 864 baptizatus,
570 823 638 853 alios
661 823 796 868 baptizare
816 832 869 852 non
891 829 1004 862 poterat.

1061 307 1200 343 Dominus,
1213 307 1276 346 quia
1293 307 1387 337 nullus
1408 307 1548 337 hominum
1561 318 1611 348 per
1621 308 1799 348 ignorantiam

1053 345 1164 386 justitiae
1177 354 1278 387 peccat,
1293 347 1339 376 sed
1359 346 1426 376 dnm
1453 347 1574 386 sequitur
1594 348 1798 379 delectationem

1057 386 1208 423 carnalem,
1231 386 1377 416 contemnit
1397 386 1510 426 gloriam
1527 387 1714 426 spiritualem,
1737 388 1799 418 ideo

1057 425 1146 454 statim
1160 435 1212 455 non
1225 425 1358 465 justitiam
1371 425 1540 471 praedicavit,
1551 437 1633 465 quam
1650 438 1742 457 omncs
1752 438 1798 458 co-

1056 465 1227 503 gnoscebant,
1241 465 1286 494 sed
1306 465 1500 505 poenitentiam,
1515 475 1568 504 qua
1589 476 1680 496 omnes
1691 466 1799 507 indige-

1054 504 1130 534 bant.
1143 505 1212 542 Quis
1220 515 1284 544 ergo
1294 504 1405 534 veniens
1411 511 1503 534 contra
1510 504 1645 544 judicium
1657 506 1705 536 Dei
1714 516 1796 536 ausus

1056 550 1095 573 est
1108 543 1208 580 dicere,
1223 544 1286 582 quia
1298 554 1348 584 ego
1359 544 1423 574 volo
1441 545 1528 574 bonus
1545 555 1612 580 esse,
1627 552 1653 574 et
1665 555 1718 574 non

1056 583 1137 612 sum?
1149 584 1282 613 Dominus
1291 583 1374 618 enim,
1386 583 1433 622 qui
1445 583 1474 613 in
1486 584 1582 624 primis
1591 594 1644 614 non
1650 585 1796 624 justitiam,

1056 622 1104 652 sed
1117 623 1300 662 poeuitentiam
1314 623 1480 668 praedicavit,
1493 634 1546 653 non
1561 631 1663 653 naturae
1676 624 1798 663 ignoran-

1056 661 1107 698 tis,
1127 662 1175 691 sed
1194 663 1339 692 voluntatis
1357 663 1464 702 culpam
1489 662 1517 692 in
1538 663 1723 703 peccatoribus
1741 673 1799 694 esse

1055 701 1230 731 demonstrat.
1243 701 1400 731 Poenitentia
1420 702 1492 732 enim
1504 702 1633 732 correctio
1646 709 1687 733 est
1697 704 1798 733 volun-

1054 741 1127 777 tatis,
1140 751 1193 770 non
1203 741 1353 770 emendatio
1370 741 1447 771 malae
1460 748 1571 772 naturae.
1589 743 1658 772 Nam
1669 743 1693 771 si
1706 753 1798 773 emen-

1054 779 1128 810 datio
1149 787 1250 810 naturae
1270 788 1339 810 esset
1358 781 1524 820 poenitentia,
1543 782 1652 812 Creator
1666 782 1800 813 Dominus

1055 827 1144 850 noster
1162 820 1278 850 venisset
1293 820 1321 849 in
1336 820 1479 858 mundum,
1494 828 1525 850 nt
1537 821 1580 850 sui
1593 821 1682 861 operis
1691 821 1799 862 culpam

263 863 406 900 Quomodo
424 871 513 893 antem
532 862 622 893 nudus
642 870 737 893 vestiat
751 862 867 898 nudum,
880 869 927 891 aut
937 872 1005 901 quo-
1022 866 1040 888 B
1055 860 1218 896 emendaret,
1236 870 1289 889 non
1302 867 1407 889 nostros
1419 870 1533 890 errores.
1548 864 1574 889 A
1591 861 1800 901 propinquabit

262 903 342 933 modo
364 902 507 934 mendicus
524 903 604 933 saciat
625 902 741 932 alterum
763 901 895 931 divitem?
917 901 962 931 Sic
982 908 1007 931 ct

262 943 330 983 ipse,
346 943 393 982 qui
407 943 556 983 baptizatus
573 953 627 971 non
641 949 692 977 est,
709 941 846 982 quomodo
865 941 940 970 alteri
955 951 1007 981 po-

262 989 312 1012 test
326 983 490 1022 baptismum
504 982 588 1012 dare?
604 981 759 1012 Secundum
771 981 822 1010 hoc
837 988 862 1010 et
874 980 908 1010 de
919 980 1002 1010 hiere-

262 1021 322 1051 ticis
339 1021 456 1051 dicimus
472 1035 480 1051 :
493 1023 557 1061 quia
574 1022 622 1052 ubi
636 1029 674 1051 est
688 1021 766 1056 fides,
779 1020 838 1050 illic
858 1027 898 1050 est
912 1020 1006 1050 Eccle-

262 1061 301 1090 sia
317 1074 323 1090 :
338 1062 384 1090 ubi
399 1062 532 1097 Ecclesia,
544 1062 583 1091 ibi
597 1061 720 1091 sacerdos
736 1074 742 1090 z
760 1060 807 1089 ubi
821 1059 957 1094 sacerdos,
969 1059 1010 1089 ihi

261 1101 425 1141 baptismum
439 1114 445 1130 :
461 1102 509 1130 ubi
523 1101 698 1141 baptismum,
708 1100 746 1129 ibi
758 1099 937 1130 Christianus.
951 1099 1008 1129 Ubi

261 1148 350 1170 autem
363 1140 430 1170 fides
443 1151 496 1170 non
510 1147 559 1176 est,
575 1141 614 1170 ibi
627 1151 675 1170 nec
685 1139 804 1170 Ecclesia
820 1146 858 1168 est
871 1152 877 1167 ε
894 1139 942 1168 ubi
953 1139 1007 1168 Ec-

261 1180 342 1209 clesia
355 1190 408 1208 non
422 1187 471 1216 est,
488 1190 535 1209 nec
548 1180 671 1209 sacerdos
685 1186 724 1209 est
739 1191 746 1208 t
762 1179 808 1208 ubi
821 1178 944 1208 sacerdos
955 1188 1008 1208 non

262 1226 318 1254 cst,
339 1229 388 1248 nec
406 1219 570 1259 baptismum
589 1232 595 1248 :
620 1220 665 1249 nbi
687 1219 852 1264 baptismum
873 1228 925 1247 non
948 1224 1007 1253 est,

262 1268 310 1287 nec
321 1258 491 1287 Christianus
502 1259 534 1287 fit
548 1259 657 1297 aliquis.
675 1258 749 1295 Quid
761 1269 824 1297 ergo
838 1257 1009 1297 reprehendit

262 1298 339 1336 quasi
363 1298 511 1327 secundum
531 1298 696 1337 baptismum
711 1319 718 1333 ‚
742 1297 789 1335 qui
810 1307 863 1325 non
883 1297 1009 1334 intelligit

263 1336 337 1374 quod
355 1344 394 1366 est
405 1337 523 1376 primum
534 1337 548 1366 'x’
563 1338 612 1366 Ex
625 1343 695 1366 itmc
706 1337 789 1375 coepit
800 1337 888 1365 Jesus
899 1337 1008 1375 praedi-

263 1386 342 1413 care,
354 1386 389 1405 ex
401 1387 455 1414 qno
468 1383 581 1406 tentatus
595 1383 643 1406 cst.
661 1377 770 1405 Famem
792 1382 881 1404 autem
903 1375 969 1404 vicit
980 1374 1007 1403 in

1056 901 1134 928 enim
1156 910 1276 940 regnum
1297 900 1444 934 coelorum,
1459 899 1487 928 id
1509 907 1558 935 est,
1623 900 1712 930 titudo
1725 901 1799 940 regni

1056 938 1168 968 caelestis
1183 951 1190 968 ε
1205 950 1287 978 quam
1307 938 1470 979 praeparavit
1488 939 1615 969 fidelibus
1633 941 1718 978 Deus,
1732 951 1765 970 ac
1776 941 1801 971 si

1056 977 1140 1015 dicat,
1156 979 1249 1008 Parate
1270 989 1319 1008 vos
1333 989 1380 1018 per
1401 978 1583 1018 poenitentiam
1597 986 1622 1008 et
1636 990 1684 1019 per
1715 980 1801 1010 atien-

1056 1016 1121 1047 tiam
1130 1017 1164 1047 ad
1172 1017 1371 1058 percipiendam
1378 1017 1572 1048 beatitudinem
1581 1019 1656 1058 regni
1665 1030 1703 1048 cae
1716 1019 1779 1049 estis
1789 1032 1796 1049 ε

1056 1056 1120 1095 quia
1133 1068 1168 1097 ap
1189 1057 1361 1102 ropinquabit
1371 1064 1476 1097 tempus
1496 1057 1626 1087 mercedis
1644 1058 1798 1089 reddendae.

1056 1096 1111 1135 Qui
1125 1107 1167 1126 ma
1179 1107 1194 1125 a
1205 1097 1369 1132 timetis,aut
1377 1097 1651 1136 concupiscitisbona‚
1660 1097 1799 1135 attendite,

1057 1135 1121 1174 quia
1147 1136 1374 1176 appropinquabit
1402 1146 1516 1176 regnum
1543 1136 1680 1175 cazlorum.
1699 1137 1730 1168 Si
1751 1148 1802 1167 vos

1057 1175 1127 1204 mala
1137 1186 1190 1205 non
1202 1182 1311 1211 terrent,
1326 1175 1370 1206 vel
1383 1175 1451 1205 bona
1463 1175 1594 1206 delectent
1606 1189 1614 1205 x
1624 1183 1671 1206 aut
1683 1176 1708 1206 si
1719 1187 1801 1217 regna

1058 1225 1111 1244 nou
1125 1215 1326 1255 concupiscitis,
1340 1215 1382 1245 vel
1399 1222 1530 1245 tormenta
1543 1215 1645 1246 timete.
1659 1215 1802 1246 Gaudeant

1055 1254 1136 1322 ἰιιεῑὶ,
1150 1254 1212 1293 quia
1221 1254 1278 1294 jam
1291 1255 1424 1284 finiuntur
1438 1255 1507 1284 mala
1520 1265 1625 1292 eorum,
1635 1262 1661 1285 et
1670 1255 1804 1295 incipiunt

1077 1304 1137 1323 ona.
1163 1295 1283 1333 Lugeant
1308 1301 1460 1334 peccatores
1471 1317 1479 1331 ,
1503 1294 1567 1334 qnia
1592 1295 1645 1334 jam
1663 1301 1802 1325 transeunt

1057 1332 1126 1361 bona
1138 1343 1242 1369 eorum,
1254 1340 1281 1361 et
1290 1334 1424 1373 incipiunt
1435 1333 1515 1363 mala.
1532 1334 1608 1371 Quid
1616 1334 1708 1364 nocuit
1716 1334 1803 1364 homi-

1058 1371 1139 1400 nibus
1145 1371 1239 1411 justis,
1253 1373 1315 1410 quia
1330 1373 1399 1401 mala
1421 1373 1493 1412 passi
1513 1380 1584 1410 sunt,
1598 1384 1661 1403 cum
1674 1373 1803 1413 coeperint

262 1415 378 1452 deserto,
395 1415 536 1446 avaritiam
550 1416 652 1455 sprevit
670 1415 696 1444 in
715 1421 814 1450 monte,
827 1424 925 1443 vanam
944 1414 1003 1453 glo·
1023 1420 1041 1444 c
1058 1421 1113 1439 esse
1133 1411 1161 1439 ln
1181 1411 1281 1440 bouis?
1303 1412 1372 1441 Nam
1391 1418 1419 1440 et
1434 1411 1584 1441 recordatio
1606 1419 1803 1442 transactorum

263 1455 333 1484 riam
346 1456 507 1500 repercussit
525 1465 605 1495 super
619 1455 749 1494 templum
766 1467 773 1483 z
786 1461 817 1483 ut
829 1453 906 1483 nobis
919 1461 1007 1483 osten-

263 1494 320 1530 dat,
336 1506 400 1533 quia
422 1495 470 1534 qui
489 1495 577 1525 ventri
591 1505 640 1523 sno
653 1494 833 1524 contradicere
848 1500 943 1533 potest,
959 1493 1007 1532 qui

264 1534 356 1563 saeculi
372 1534 454 1574 hujus
466 1535 536 1563 bona
555 1541 675 1564 contemn
681 1534 710 1569 it,
723 1533 770 1571 qui
785 1543 880 1561 vanam
894 1532 1008 1571 gloriam

263 1584 316 1603 non
329 1573 473 1609 desiderat,
489 1574 536 1602 ille
556 1573 645 1609 debet,
661 1572 761 1603 Christi
779 1572 897 1602 vicarius
913 1572 1006 1607 factus,

261 1613 396 1653 justitiam
421 1613 522 1642 Christi
543 1612 690 1653 praedicare
714 1623 721 1640 :
741 1612 869 1651 quoniam
892 1622 927 1641 ex
949 1612 1007 1641 istis

265 1653 351 1682 trihus
371 1653 483 1682 caminis
501 1654 587 1682 omnis
600 1652 759 1682 *diabolicae
778 1651 881 1680 fraudis
899 1651 1007 1680 flamma

263 1692 445 1722 succenditur.
461 1694 528 1722 Item
540 1704 574 1722 ex
585 1703 638 1732 quo
652 1692 765 1721 traditus
782 1698 822 1720 est
837 1692 961 1727 Joanncs,
973 1702 1007 1720 ex

263 1739 328 1761 tunc
340 1732 487 1772 praedicare
500 1734 588 1772 coepit.
603 1733 671 1762 Nam
683 1732 705 1760 si
717 1731 781 1760 vivo
794 1731 897 1760 Joanne
913 1730 1008 1770 praedi-

263 1782 324 1801 care
337 1772 470 1811 coepisset,
485 1772 542 1801 sine
556 1771 640 1801 dubio
654 1771 736 1800 vilem
750 1770 852 1799 fecisset
864 1771 1005 1806 Joanncm,

263 1818 289 1840 et
300 1811 407 1841 inventa
419 1811 512 1841 fuisset
528 1811 681 1851 praedicatio
697 1810 755 1849 ejus
772 1810 908 1849 superflua
920 1820 1005 1848 quan-

263 1858 321 1880 tum
342 1851 377 1879 ad
399 1851 477 1880 istius
500 1850 670 1880 doctrinam:
685 1849 912 1888 quemadmodum
934 1849 958 1878 si
979 1849 1007 1878 in

264 1900 317 1919 uno
331 1897 450 1929 tempore
462 1890 513 1919 -lux
525 1901 586 1919 cum
598 1889 709 1918 lucifero
721 1888 834 1924 oriatur,
846 1889 957 1928 gratiam
969 1889 1008 1918 lu-

264 1930 337 1959 ciferi
359 1930 436 1959 celat.
460 1931 550 1966 Quam
571 1929 703 1968 sapienter
726 1928 789 1957 inde
810 1927 1008 1967 praedicationis

265 1980 318 1998 suae
329 1969 424 1998 sumsit
434 1969 551 2004 initium,
562 1968 636 2007 quod
647 1967 792 2007 praedicare
803 1975 944 1997 consuetus
953 1975 1009 1997 erat

264 2010 379 2038 Joanncs
396 2020 403 2037 ε
432 2010 641 2037 Paenitentiam
661 2009 752 2046 agite,
766 2009 1007 2047 appropinquabit
1023 2017 1043 2039 1)

265 2050 342 2076 enim
358 2058 478 2087 regnum
490 2046 626 2077 caelorum
642 2059 649 2075 :
665 2057 717 2076 non
733 2054 762 2075 ut
775 2047 912 2076 conculcet
923 2047 1008 2076 Joan-

265 2087 306 2116 nis
314 2088 474 2122 doctrinam,
490 2087 537 2116 sed
551 2093 580 2115 ut
591 2087 676 2125 magis
686 2087 832 2115 confirmet.
843 2087 914 2115 Nam
925 2086 947 2115 si
960 2086 1008 2115 illo

265 2126 353 2156 adhuc
377 2126 487 2155 docente
510 2126 566 2156 haec
587 2126 679 2155 eadem
698 2126 879 2165 praedicasset,
898 2125 1008 2154 forsitan

265 2166 422 2196 conculcare
437 2165 573 2195 videretur
587 2178 592 2194 :
607 2176 677 2194 nunc
692 2172 779 2194 autem
793 2165 855 2203 qnia
863 2175 894 2194 eo
906 2165 1009 2194 incluso

265 2206 372 2246 repetit,
389 2216 440 2234 non
454 2205 629 2240 conculcatio,
651 2205 698 2234 sed
719 2205 884 2233 confirmatio
906 2204 1009 2235 inveni-

266 2252 322 2274 tur.
340 2245 519 2275 Confirmavit
528 2251 616 2273 autem
630 2243 740 2274 Joannis
753 2243 913 2280 doctrinam,
929 2250 958 2272 ut
969 2251 1008 2273 te-

268 2291 333 2314 stem
350 2295 411 2314 eum
431 2295 524 2314 verum
544 2284 625 2313 fuisse
643 2283 814 2312 demonstret.
838 2283 973 2319 Quoniam
987 2283 1010 2313 si

267 2325 383 2354 Joanncs
397 2334 478 2354 verus
498 2330 537 2353 est
557 2323 641 2359 testis,
657 2330 682 2352 et
696 2322 875 2352 testimonium
889 2324 948 2362 ejus
961 2333 1010 2351 ve-

268 2375 329 2394 rum
348 2371 398 2401 est,
414 2363 488 2403 quod
507 2363 579 2392 dixit
593 2362 627 2392 de
640 2362 748 2393 Christo
763 2374 769 2390 z
784 2361 806 2390 si
822 2369 909 2391 autem
929 2363 1012 2391 falsus

268 2411 306 2432 est
327 2404 412 2439 testis,
435 2410 461 2432 et
483 2402 570 2432 omnia
593 2402 641 2432 illa
664 2402 779 2441 gloriosa
802 2401 867 2429 falsa
891 2401 1008 2438 fuerunt,

268 2454 327 2481 quae
336 2443 446 2472 dixitde
456 2442 573 2472 Christo.
585 2443 658 2482 Ergo
665 2441 731 2471 dum
741 2441 852 2471 Joannis
861 2440 1010 2469 doctrinam

268 2483 408 2512 confirmat
420 2482 565 2517 Dominus,
585 2482 620 2511 sei
642 2492 702 2510 sum
718 2479 895 2510 commendat.
910 2481 1010 2508 Paeni-

270 2525 389 2551 tentiam
404 2524 490 2562 agite.
506 2524 616 2552 Creator
623 2493 752 2550 limmanae
765 2527 865 2549 naturae
880 2519 929 2548 scit
943 2518 1009 2557 quid

302 2623 311 2633 ι·
331 2615 359 2638 V.
370 2616 432 2640 D.et
445 2614 513 2640 Editi
525 2616 549 2640 in
563 2613 784 2647 mnrg.diabolicae
796 2612 965 2646 conflationis.

1057 1450 1193 1480 malorum
1206 1461 1257 1479 non
1271 1451 1359 1480 solum
1374 1461 1426 1480 non
1442 1458 1528 1484 nocet,
1541 1451 1588 1480 sed
1607 1451 1696 1481 adhuc
1715 1452 1802 1491 magis

1058 1488 1181 1519 delectat.
1197 1491 1266 1519 Nam
1281 1490 1351 1520 mala
1362 1489 1493 1529 quamdiu
1504 1491 1642 1530 praesentia
1653 1498 1726 1527 sunt,
1741 1502 1802 1531 gra-

1056 1528 1101 1558 via
1114 1528 1239 1559 videntur
1252 1542 1259 1558 :
1276 1540 1337 1559 cum
1350 1540 1416 1559 vero
1427 1536 1558 1559 transacta
1580 1529 1690 1564 fuerint,
1705 1541 1803 1560 recor-

1057 1567 1131 1597 datio
1150 1579 1243 1598 eorum
1267 1569 1393 1608 gloriatio
1406 1575 1456 1598 est.
1473 1571 1528 1598 Aut
1540 1568 1608 1608 quid
1619 1569 1730 1609 prodest
1739 1580 1803 1610 pec-

1057 1608 1203 1642 catoribus,
1217 1609 1281 1647 quia
1291 1608 1360 1637 bona
1375 1614 1436 1638 sunt
1448 1618 1497 1638 oon
1547 1608 1619 1645 nuti,
1631 1619 1694 1643 cum
1711 1619 1802 1649 cmpe-

1057 1646 1112 1676 rint
1128 1658 1185 1677 esse
1201 1648 1229 1677 in
1244 1648 1322 1677 malis
1332 1648 1346 1677 Ξ)
1358 1648 1427 1677 Nam
1446 1658 1521 1677 recor
1541 1648 1595 1677 atio
1608 1654 1803 1678 transactorum

1057 1686 1190 1716 bonorum
1207 1698 1260 1717 non
1279 1688 1367 1717 solum
1378 1697 1430 1716 non
1446 1686 1567 1727 adjuvat,
1583 1686 1631 1717 sed
1644 1687 1734 1718 adhuc
1747 1699 1805 1717 am-

1056 1726 1129 1794 plius
1145 1734 1248 1765 gravat.
1268 1728 1337 1757 Nam
1354 1727 1483 1766 quamdiu
1503 1727 1641 1767 proesentia
1659 1734 1732 1764 sunt,
1752 1727 1803 1757 de-

1068 1766 1190 1795 cetabilia
1204 1766 1332 1797 videntur
1348 1779 1354 1795 :
1370 1777 1433 1796 cum
1453 1777 1519 1796 vcro
1539 1773 1671 1796 transacta
1691 1767 1802 1804 fuerint,

1057 1805 1204 1835 recordatio
1215 1817 1309 1835 eorum
1323 1806 1408 1845 magis
1420 1805 1528 1846 affligit.
1541 1806 1578 1836 Et
1588 1806 1638 1836 ista
1647 1805 1804 1846 praedicatio

1058 1845 1217 1884 poenitentize
1231 1846 1339 1885 qualem
1352 1846 1472 1875 fructum
1481 1845 1596 1875 contulit
1608 1846 1716 1876 Christo
1727 1846 1740 1874 ἓ
1752 1846 1803 1876 Se-

1058 1884 1172 1914 minavit
1184 1885 1298 1914 verbum
1308 1885 1480 1925 poenitentiae,
1495 1892 1522 1914 et
1534 1885 1719 1922 immaculatos
1732 1895 1803 1925 prae·

1058 1923 1194 1954 dicatores
1200 1925 1314 1964 justitiae
1327 1925 1453 1954 messuit.

1139 2028 1294 2058 ²Homilia
1312 2030 1435 2068 septima
1449 2038 1485 2057 ez·
1500 2030 1594 2068 capite
1605 2035 1723 2068 quarto.

1100 2124 1148 2154 18.
1167 2123 1335 2152 Ambulans
1349 2129 1447 2152 autem
1460 2123 1548 2152 Jesus
1559 2132 1641 2152 secus
1653 2133 1746 2159 mare,
1755 2126 1806 2154 vi-

1061 2164 1105 2192 dit
1120 2163 1320 2203 duossratres,
1336 2162 1483 2191 Simonem
1494 2169 1522 2191 et
1536 2162 1702 2192 Andr-eam.
1715 2163 1807 2193 Prius-

1062 2213 1144 2242 quam
1155 2201 1260 2240 aliquid
1273 2201 1345 2231 dicat
1360 2208 1406 2230 aut
1420 2201 1508 2238 faciat,
1521 2208 1598 2231 vocat
1609 2203 1758 2242 apostolos,
1777 2210 1808 2232 ut

1061 2242 1130 2271 nihil
1143 2252 1188 2270 eos
1201 2241 1281 2270 lateat
1293 2251 1341 2270 nec
1352 2241 1499 2271 verborum
1508 2241 1610 2271 Christi
1622 2252 1670 2271 uec
1681 2252 1805 2282 operum,

1062 2289 1091 2311 ut
1110 2280 1283 2322 postmodum
1301 2280 1463 2310 fiducialiter
1483 2280 1572 2310 dioere
1589 2281 1694 2321 possint
1714 2294 1721 2310 t
1737 2282 1807 2311 Non
1818 2287 1904 2317 Aetas.

1060 2331 1212 2361 possumus
1226 2322 1303 2349 enim
1315 2330 1367 2349 nos
1380 2331 1444 2360 qnoe
1457 2321 1587 2349 vidimus
1601 2327 1629 2349 et
1640 2321 1808 2350 audivimus

1063 2372 1122 2390 non
1135 2361 1227 2400 loqui.
1245 2359 1325 2390 Vidit
1340 2371 1395 2395 eos,
1411 2369 1464 2388 non
1486 2359 1673 2400 corporaliter,
1688 2359 1735 2389 sed
1750 2360 1808 2400 spi-

1062 2401 1195 2429 ritualiter
1212 2413 1218 2428 :
1236 2410 1288 2429 non
1303 2399 1339 2428 ad
1352 2399 1433 2428 facies
1446 2409 1550 2435 eorum,
1564 2398 1610 2428 sed
1626 2398 1660 2428 ad
1673 2399 1756 2428 corda
1766 2410 1809 2429 re-

1062 2440 1187 2479 spiciens.
1202 2439 1238 2469 Et
1259 2438 1339 2478 elegit
1362 2449 1417 2472 eos,
1431 2448 1484 2467 non
1504 2438 1581 2477 quasi
1600 2438 1746 2477 apostolos,
1761 2438 1810 2468 sed

1063 2479 1126 2518 quia
1137 2478 1251 2518 apostoli
1265 2485 1387 2518 poterant
1395 2477 1464 2506 fieri.
1479 2478 1555 2508 Sicut
1569 2478 1666 2507 artifex
1676 2478 1698 2507 si
1710 2478 1810 2508 viderit

1064 2529 1180 2558 gemmas
1194 2518 1334 2558 pretiosas,
1348 2524 1374 2547 et
1387 2527 1441 2546 non
1454 2516 1569 2555 dolatas,
1582 2517 1658 2558 eligit
1667 2517 1739 2556 illas,
1754 2527 1809 2547 non

1069 2619 1078 2630 a
1097 2611 1142 2635 Est
1154 2609 1247 2636 Homil.
1263 2615 1353 2636 octava
1365 2610 1391 2636 in
1402 2608 1466 2635 Cod.
1482 2609 1513 2636 V.
1525 2610 1557 2635 D.
