1904 2840
87 1119 172 1141 Dain.3.
190 1119 224 1142 18.

234 172 304 220 72ss

230 247 256 275 in
270 253 367 275 terrani
376 241 557 271 dissolvemur
568 252 574 268 z
590 249 641 268 um
652 248 715 268 vero
723 237 806 267 estad
817 227 900 268 vitam
909 237 964 273 via,

230 293 256 314 et
268 293 388 324 egressus
407 280 529 320 aequalis.
543 279 588 309 Ex
607 279 676 315 luto,
696 277 795 316 inquit,
814 282 968 317 compactus

229 336 268 360 cs,
284 330 348 352 utet
361 333 421 362 ego.
435 322 628 352 Verumtamen
642 318 732 347 lutum
744 316 855 356 quidem
868 316 968 345 tantam

952 174 1082 200 SPURIA.

1022 236 1156 275 ὁμοτίμων
1176 234 1225 270 τὴν
1251 233 1399 283 ὓπεροχῆν·
1414 235 1428 262 ὁ
1449 232 1477 263 δὲ
1490 232 1559 266 Θεὸς
1581 232 1688 262 πάντων
1701 232 1751 262 ὗπε
1782 249 1795 255 -

1001 306 1004 308 ,
1022 288 1087 344 ἔων,
1097 275 1143 304 καὶ
1156 274 1241 314 φύσει,
1250 274 1295 303 καὶ
1309 285 1391 313 νομῳ,
1408 273 1453 302 καὶ
1465 276 1588 302 τοσοῦτον
1603 272 1732 312 ἀνώτερος
1786 292 1796 308 ,

1040 327 1083 344 σον
1105 314 1266 354 ὑψηλότερον
1279 315 1318 343 δεῖ
1332 317 1400 343 νοεῖν
1413 313 1457 342 τὸν
1477 311 1591 349 ποιητὴν
1609 313 1662 341 τῶν
1675 311 1796 349 ποιημά-

229 365 263 393 ab
275 364 307 393 iis
319 362 367 401 qui
379 360 476 400 aequali
486 358 638 388 conditione
651 364 724 393 sunt,
739 356 824 396 exigit
834 365 968 396 proeroga-
978 376 1014 395 6¹5
1025 367 1087 390 των,
1103 353 1339 403 βλασφημούμενος
1360 352 1407 381 καὶ
1425 352 1635 390 ἐξουθενούμενος
1651 351 1725 390 παρὰ
1742 353 1797 380 τῶν

230 405 313 433 tivum
322 401 432 431 honoris
447 413 453 429 ε
470 401 543 428 Deus
551 405 641 427 autem
653 397 702 436 qui
714 397 839 426 omnibus
850 394 969 425 antecel-
986 404 1007 427 Α
1025 395 1192 434 ἀγνωμονων,
1207 394 1236 422 οὐ
1250 392 1422 432 παροξύνεται

232 444 273 480 lit,
289 450 314 472 ct
326 448 433 475 natura,
448 446 474 469 et
486 439 554 478 lege,
574 437 675 476 quique
690 442 763 465 tanto
777 434 901 475 superior
917 441 968 471 est,

230 489 331 522 quanto
346 479 475 510 creaturis
491 479 644 507 Creatorem
663 475 850 506 sublimiorem
869 474 970 504 censeri

233 533 280 562 par
293 528 342 556 cst,
356 517 532 559 blasphemiis
550 517 667 546 offensus
684 526 715 544 ac
729 514 869 554 despectus
881 511 918 543 ab'
928 513 970 542 in-

232 562 329 601 gratis,
347 570 400 589 non
419 556 587 588 excandescit
606 556 654 585 illc
677 554 788 593 quidem
803 553 923 593 :quippe
941 552 970 581 in

232 611 311 640 quem
322 598 549 640 perturbatio=non
559 595 635 638 cadat
646 607 655 624 ι
667 594 715 624 sed
723 593 807 634 paulo
817 599 878 633 post
883 599 971 622 tamen

233 652 277 670 eos
289 641 337 679 qui
354 639 382 668 in
402 636 555 678 insipientia
571 641 753 675 perseverant,
772 632 894 672 castigat,
928 642 971 661 ro-

234 688 322 721 pterca
335 678 407 718 quod
418 677 580 716 disceptator
587 673 753 705 veritatis-est
764 672 892 702 etinexor
927 671 972 700 ilis

230 720 315 761 judex
321 720 371 749 .Ne
380 717 519 747 confestim
527 725 630 751 omnes,
639 713 686 753 qui
694 711 971 753 peceant,deleantur,

233 759 398 800 supplicium
408 757 510 792 dissert,
521 762 547 785 et
559 754 714 794 patientiam
724 753 812 789 offert,
828 757 857 780 ut
871 750 973 780 alliciat

233 799 268 829 ad
281 797 482 839 paenitentiam.
501 794 557 825 sed
571 793 608 823 ad
629 792 799 833 propositum
819 790 971 820 redeamus.

235 844 324 868 Ausus
337 845 377 867 est
388 837 479 866 dicere
498 844 577 864 carne
594 831 776 863 circumdatus
793 831 886 867 homo,
902 830 973 868 Quis

235 885 276 908 est
296 879 386 913 deus,
405 879 457 916 qai
473 876 574 914 eripiet
598 882 654 902 vos
672 872 709 900 de
727 872 861 900 manibus
879 871 972 898 meis?

235 922 269 947 At
285 915 433 947 beatissimi
452 914 530 955 pueri
545 913 588 942 his
603 910 703 941 auditis
719 911 755 940 ob
777 908 974 949 blasphemiam

235 968 287 987 non
304 962 464 987 exarserunt
479 967 485 983 :
500 953 645 983 familiares
665 950 767 990 quippe
783 955 859 978 erant
875 955 901 977 et
920 947 974 988 ipsi

235 995 444 1038 longanimitatis
456 994 556 1024 divinae
573 1005 580 1021 z
594 991 642 1021 sed
654 990 784 1020 adversus
795 988 878 1019 verba
891 987 973 1028 perii-

234 1037 286 1066 (liae
308 1042 434 1076 usurpata
456 1033 521 1063 fidei
541 1042 608 1062 voce
627 1038 740 1071 tyranno
765 1027 975 1068 responderunt,

237 1077 403 1116 iniquitatem
415 1074 474 1113 lege
485 1072 678 1106 dissolverunt,
689 1076 715 1098 et
724 1068 836 1109 justitiae
853 1067 976 1096 libertate

238 1116 372 1156 injustitiae
380 1114 466 1143 minas
474 1117 637 1152 superarunt
648 1122 656 1138 ε
669 1109 780 1138 Notum
789 1109 826 1136 sil
838 1107 901 1143 tibi,
912 1116 974 1140 rex,

237 1156 372 1195 inquiunt,
392 1155 464 1193 quia
481 1152 550 1180 deos
570 1157 634 1180 tuos
646 1159 707 1178 non
721 1148 854 1181 colimus,
871 1152 900 1175 et
916 1152 976 1174 sta-

238 1202 318 1225 tuam
330 1203 460 1228 auream,
473 1200 561 1230 quam
577 1190 705 1223 erexisti,
728 1198 787 1216 non
805 1186 973 1215 adoramus.

239 1234 336 1264 Desine
350 1233 385 1262 ab
402 1232 452 1261 hac
475 1229 643 1274 insipientia,
662 1238 679 1256 o
701 1227 783 1256 homo
802 1238 810 1253 .-
833 1224 933 1265 pudeat
951 1231 977 1253 te

238 1272 420 1313 ignominiosae
437 1268 599 1299 adorationis
613 1267 739 1306 imaginis
760 1265 848 1294 istius.
864 1263 894 1293 Si
906 1263 977 1292 enim

238 1321 267 1342 tu
287 1311 430 1351 imaginem
447 1308 566 1343 erexisti,
586 1305 722 1346 quomodo
742 1315 784 1340 ea,
799 1314 859 1342 quae
879 1302 976 1338 fecisti,

239 1352 351 1382 adoras?
363 1350 473 1390 quinam
489 1348 604 1377 aliorum
619 1345 729 1385 opifices
741 1354 798 1373 esse
808 1342 916 1378 debent,
928 1341 978 1370 ho-

239 1392 357 1422 minesne
378 1389 439 1425 Dei,
460 1398 493 1418 an
511 1386 652 1416 hominum
671 1383 765 1414 Deus?
779 1383 809 1413 Si
827 1381 899 1411 enim
916 1391 980 1410 vere

239 1432 280 1461 dii
291 1438 363 1464 sunt,
377 1429 433 1459 illis
443 1427 547 1468 opificis
559 1437 590 1455 ac
603 1424 744 1454 creationis
753 1421 870 1462 dignitas
881 1430 979 1450 conve-

240 1471 281 1500 nit
294 1483 301 1500 ε
314 1470 371 1507 sed,
386 1476 415 1498 ut
425 1478 460 1498 sae
479 1476 606 1496 enumero
621 1464 742 1494 diximus
760 1468 847 1497 antea,
866 1460 919 1489 nisi
932 1470 977 1488 ar-

240 1518 294 1539 tem
304 1509 425 1539 homines
442 1518 458 1536 a
479 1506 651 1541 invenissent,
665 1503 730 1532 deos
743 1501 855 1542 gentiles
864 1509 918 1528 non
932 1498 980 1528 ha-

240 1550 380 1579 buissent:
396 1548 452 1577 imo
471 1556 536 1576 vero
558 1544 630 1574 illud
652 1543 732 1572 etiam
755 1539 922 1570 attendamus
938 1538 982 1567 :si

240 1590 301 1628 quis
317 1589 399 1618 idolis
417 1596 509 1616 sensus
528 1585 641 1619 inesset,
659 1582 718 1622 ipsa
735 1580 867 1616 homines,
888 1577 936 1617 qui
952 1588 983 1606 ea

241 1629 362 1658 fabricati
374 1633 447 1664 sunt,
461 1625 573 1654 adorare
583 1622 748 1653 conveniret.
759 1621 818 1649 Hoc
829 1618 901 1648 enim
912 1617 983 1657 leges

241 1675 342 1698 naturae
349 1668 455 1708 jubent,
469 1672 500 1694 ut
511 1663 634 1704 opificem
645 1672 725 1691 suum
735 1670 804 1699 opus
816 1658 919 1694 adoret,
930 1667 983 1686 non

243 1715 272 1737 ut
285 1708 381 1738 artifex
401 1717 458 1736 rem
471 1716 487 1734 a
498 1715 526 1734 se
545 1703 690 1732 confectam
704 1705 858 1731 veneretur.
877 1696 983 1727 Idcirco

243 1758 290 1777 nos
301 1746 404 1777 alumni
414 1744 530 1786 pietatis,
538 1742 637 1772 divinae
646 1740 699 1780 legi
708 1740 893 1778 obsequentes,
903 1738 983 1766 Deos

244 1794 306 1817 tuos
325 1797 383 1816 non
402 1785 533 1820 colimus,
551 1789 579 1812 et
600 1788 728 1810 statuam
748 1788 878 1812 auream,
893 1786 983 1816 quam

243 1828 372 1863 erexisti,
390 1836 447 1854 non
467 1825 624 1853 adoramus
636 1832 647 1848 .·
659 1819 705 1849 sed
719 1825 759 1847 est
775 1819 848 1846 Deus
861 1817 888 1845 in
904 1816 980 1853 caelo,

243 1867 289 1906 qui
303 1866 399 1906 eripiet
410 1874 458 1893 nos
471 1863 505 1893 de
515 1861 639 1891 manibus
652 1859 715 1888 tuis.
729 1857 834 1887 Deinde
845 1867 879 1885 ne
891 1856 982 1885 Deum

244 1913 344 1936 tentare
355 1904 522 1938 viderentur,
537 1908 583 1930 aut
594 1899 668 1939 quod
681 1909 708 1927 se
722 1897 866 1926 liberatum
875 1896 909 1925 iri
922 1906 983 1935 spe·

244 1952 347 1981 rarent,
368 1943 494 1973 audacter
511 1941 600 1978 ignem
619 1938 728 1973 subire,
745 1936 869 1966 continuo
888 1935 984 1974 adjun-

245 1991 311 2025 gunt
327 1997 333 2013 ε
349 1985 390 2012 Ει
401 1984 426 2012 si
440 1992 509 2016 non,
524 1979 576 2008 hoc
594 1985 644 2014 est,
661 1977 720 2007 Etsi
740 1985 793 2005 non
815 1974 982 2010 liberaverit,

244 2023 292 2053 sed
312 2034 358 2052 cor
395 2033 424 2051 ra
443 2027 531 2050 nostra
550 2017 702 2058 permiserit
720 2016 729 2045 i
750 2026 782 2045 ne
801 2013 935 2051 comburi,
950 2024 983 2043 ne

234 2064 296 2092 >hoc
304 2062 352 2101 qui
373 2072 415 2091 em
429 2067 505 2100 pacto
516 2070 530 2087 a
544 2058 640 2098 pietate
648 2056 706 2086 disc
741 2066 817 2084 emus
832 2066 838 2083 :
851 2053 985 2084 nonenim

232 2101 367 2132 >mercede
384 2099 508 2130 conducti
532 2099 620 2127 Deum
642 2096 766 2132 colimus,
786 2094 833 2124 sed
852 2093 984 2133 aequitatis

232 2140 335 2171 ··studio
351 2140 489 2169 veritatem
506 2137 673 2167 confitemur.
687 2136 727 2164 Ut
737 2141 826 2163 autem
838 2134 909 2162 hanc
920 2132 984 2161 fidei

246 2180 437 2221 professionem
454 2177 570 2212 audivit,
589 2175 770 2204 inflammatur
790 2173 878 2202 acrius
888 2179 985 2213 tyran-

236 2226 307 2258 1nns,
323 2227 349 2250 ct
360 2220 495 2248 'fornacem
512 2215 636 2256 septuplo
657 2213 782 2243 succendi
793 2213 870 2252 jubet
883 2225 889 2241 :
905 2222 985 2257 opor-

245 2261 318 2290 tebat
330 2259 402 2289 enim
442 2256 643 2286 robatissimum
662 2259 802 2292 argentum
820 2262 930 2291 purgari
944 2262 986 2280 se-

95 2308 160 2329 }'mlss
174 2300 373 2341 11.7.ptuplum
386 2310 394 2327 ·.
437 2298 539 2336 loquia
557 2304 656 2333 nempe
677 2293 796 2322 Domini
812 2292 928 2330 eloquia
941 2301 986 2320 ca-

246 2348 304 2376 sta,
325 2343 476 2378 argentum
501 2338 567 2375 igne
586 2335 805 2366 examinatum,
831 2332 986 2369 probatum

248 2387 337 2415 terra,
349 2385 375 2407 et
386 2387 443 2417 pur
462 2382 542 2404 atum
555 2373 717 2413 septuplum
727 2384 736 2400 .-
746 2370 846 2399 idcirco
861 2370 984 2409 septuplo

248 2429 373 2449 succensa
386 2423 424 2446 est
447 2425 542 2451 ornax,
557 2419 588 2442 ut
599 2411 723 2452 septuplo
742 2409 825 2439 sancti
840 2420 893 2449 pur
911 2419 986 2438 aren-

249 2467 303 2488 tur.
316 2459 448 2488 Caeterum
461 2460 600 2494 argentum
611 2451 759 2491 appellatos
769 2459 825 2478 esse
831 2448 883 2477 Dei
907 2448 986 2477 iomi-

249 2514 293 2531 nes
316 2510 345 2531 nt
368 2500 512 2539 intelligas,
534 2495 669 2538 sapientia:
691 2492 829 2524 recordare
851 2491 963 2522 dicentis
977 2515 984 2530 ‚

280 2592 293 2605 ¹⁸
312 2589 406 2623 [Sunii.
418 2593 454 2616 καὶ
466 2592 500 2615 ἵνα
512 2587 567 2621 [xm]

1440 391 1501 443 μέν·
1516 390 1618 426 ἀπαθὴς
1631 391 1696 431 γάρ·
1709 401 1799 429 τιμω-

1026 438 1110 474 ρεῐται
1131 433 1158 462 δὲ
1181 432 1273 472 μικρὸν
1288 432 1396 471 ὕστερον
1410 442 1470 464 τους
1483 430 1654 469 ἐπιμένοντας
1666 432 1700 470 τῇ
1713 431 1730 458 ἀ
1751 441 1798 469 ρο-

1027 474 1102 513 σύνῃ,
1112 472 1180 502 διότι
1194 471 1320 507 δικαστής
1334 473 1406 500 ἐστιν
1419 470 1544 506 ἀληθείας
1557 469 1602 499 καὶ
1611 469 1703 509 κριτὴς
1715 441 1799 498 ‹ixve-

1028 513 1145 548 ώτι-ητος.
1161 512 1242 541 *Ἵνα
1257 511 1294 550 μὴ
1318 513 1350 540 do
1367 510 1417 543 όως
1431 511 1544 543 ἅπαντες
1557 510 1583 538 οἱ
1605 508 1799 549 ἁμαρτάνοντες

1026 552 1252 592 ἐξολοθρεύωνται,
1267 522 1434 619 ὑπερτῖθεται
1447 550 1496 585 τὴν
1509 548 1649 588 τιμωρίαν,
1656 548 1702 578 καὶ
1711 559 1799 588 προσ-

1027 592 1100 633 φέρει
1123 592 1171 628 τὴν
1192 590 1315 625 ἀνεξικακ
1327 602 1370 627 αν,
1383 589 1427 619 ἵνα
1447 589 1624 630 ἐφελκύσηται
1636 588 1702 628 πρὸς
1715 586 1799 627 μετά-

1028 643 1109 661 νοιαν.
1121 631 1191 661 Ἀλλ’
1203 631 1249 660 ἐπὶ
1262 630 1293 659 τὸ
1306 629 1478 670 προκείμενον
1492 626 1687 667 ἐπανέλθωμεν.
1705 626 1800 657 Ἐτόλ-

1028 683 1112 710 μησεν
1127 673 1209 700 εἰπεῖν
1223 670 1359 710 ἄνθρωπος
1373 669 1459 709 σάρκα
1476 667 1668 708 περικείμενος,
1682 666 1732 700 Τίς
1743 667 1802 696 ἑστι

1029 711 1100 747 θεὸς,
1112 711 1139 744 ὃς
1159 710 1285 744 ἑξελεῑται
1308 712 1376 748 ὑμᾶς
1396 710 1427 738 ἐκ
1445 710 1499 738 τῶν
1521 709 1619 747 χειρῶν
1639 718 1691 746 μου
1698 717 1708 744 ;
1720 707 1757 735 Οἱ
1771 705 1801 735 δὲ

1026 750 1322 801 τρισμακάριοιηπαῖδες
1339 748 1447 799 τούιτωνὶ
1458 747 1616 798 ’ἀκούσαντες
1637 747 1686 776 οὐκ
1708 744 1800 779 ἐξανί-

1029 791 1532 868 ῑεῑῑειῆΐτηβακᾩθυιω
1561 781 1802 875 emisse}

1031 869 1105 903 στίας
1117 870 1224 909 ῥήματα
1241 869 1356 901 πίστεως
1369 866 1458 908 φωνὴν
1470 865 1645 898 ἀναλαὸοντες
1659 863 1802 904 ἀντεφθέγ-

1030 920 1108 948 γοντο
1120 911 1158 938 τῶ
1171 908 1300 948 τυράννῳ,
1313 907 1386 946 νόμω
1399 906 1447 943 τὴν
1465 905 1578 944 ἀνομίαν
1598 903 1743 940 ἐκλύοντες,
1756 903 1802 932 καὶ

1030 949 1136 988 ἐλευθερ
1175 947 1340 983 δικαιοσύνης
1388 959 1402 976 v
1417 945 1529 981 ἀπειλὴν
1547 946 1594 980 τῆς
1613 942 1717 976 ἀδικίας
1733 945 1803 973 ἐκνι-

1031 990 1137 1024 κῶντες,
1147 987 1268 1017 Γνωστόν
1278 999 1319 1016 σοι
1333 987 1411 1021 ἔσται),
1426 986 1547 1025 βασιλεῦ,
1557 983 1686 1023 λέγοντες,
1697 983 1739 1013 ὅτι
1748 983 1804 1016 τοῖς

1032 1031 1099 1061 θεοῖς
1118 1039 1164 1062 σου
1178 1029 1208 1056 οὒ
1227 1026 1400 1066 λατρεύομεν,
1415 1025 1461 1054 καὶ
1472 1027 1507 1064 τῇ
1521 1023 1603 1053 εἰκόνι
1615 1025 1648 1063 τῇ
1666 1035 1686 1063 χ
1703 1024 1769 1059 υσῆ,
1783 1017 1802 1061 ᾗ

1032 1067 1161 1104 ἔστησας,
1175 1068 1204 1096 οὗ
1223 1068 1431 1107 προσκυνοῦμεν.
1444 1065 1553 1094 Παῦσαι
1570 1065 1619 1098 τῆς
1637 1064 1684 1091 ἀνο
1695 1054 1747 1097 ας,Ι
1757 1061 1803 1091 ἄν·

1033 1109 1133 1146 θρωπε·
1145 1107 1281 1158 αἰδέσθητι
1291 1105 1340 1142 τὴν
1351 1104 1506 1157 ἐρύξριστον
1518 1105 1568 1138 τῆς
1575 1102 1674 1151 ebt-dvo<
1686 1100 1803 1141 προσκύ-

1033 1143 1805 1225 {i}2202212‘?eiisfflffiisstifflfflffi‘s'iffipssif

1034 1226 1165 1265 ἄνθρωποι
1187 1227 1270 1261 Θεοῦ,
1287 1224 1306 1260 ἢ
1320 1225 1388 1258 Θεὸς
1408 1222 1568 1263 ἀνθρώπωη
1582 1223 1618 1251 Εἰ
1629 1221 1681 1261 γὰρ
1701 1221 1806 1255 ἀληθῶς

1034 1265 1103 1300 θεοὶ,
1117 1267 1204 1298 αὐτοῖς
1225 1264 1352 1305 ἁρμόττει
1368 1263 1401 1293 τὸ
1422 1265 1470 1299 τῆς
1490 1261 1662 1301 δημιουργίας
1687 1259 1804 1298 ἀξίωμα·

1034 1306 1093 1334 ἀλλ’
1108 1306 1173 1344 ὅπερ
1194 1303 1322 1337 πολλάκις
1345 1303 1462 1343 ἔφθημεν
1482 1301 1613 1337 εἰπόντες,
1628 1302 1651 1329 εἷ
1669 1299 1719 1340 τέχ
1765 1298 1807 1338 μὴ

1033 1345 1135 1384 προσῆν
1148 1347 1203 1376 τοῖς
1217 1343 1372 1383 ἀνθρώποις,
1386 1342 1517 1377 Ἕλληνες
1530 1340 1603 1378 θεοὺς
1616 1341 1664 1369 οὐκ
1677 1339 1708 1368 ἂν
1719 1311 1804 1378 ἕχον·

1035 1384 1135 1422 μᾶλλον
1150 1382 1177 1412 δὲ
1191 1382 1304 1422 κάκείνῳ
1318 1383 1489 1421 προσχῶμεν,
1499 1381 1539 1409 ὅτι
1549 1379 1575 1408 εἴ
1587 1391 1627 1412 τις
1638 1378 1757 1413 αἴσθησις
1771 1373 1805 1414 ἦν

1034 1427 1088 1456 τοῖς
1102 1422 1227 1459 εἰδώλοις,
1236 1423 1324 1455 αὐτοῖς
1337 1422 1435 1461 ἔπρεπε
1455 1422 1610 1459 προσκυνεῖν
1628 1417 1688 1451 τοὺς
1701 1416 1805 1457 ἀνθρώ-

1034 1474 1100 1496 πους
1112 1461 1172 1495 τοὺς
1182 1461 1369 1502 ἐργαζομένους
1382 1459 1461 1489 αὐτά.
1475 1462 1487 1475 “
1494 1458 1582 1497 Νόμοι
1591 1457 1643 1497 γὰρ
1653 1456 1766 1497 φύσεως,
1775 1456 1806 1486 τὸ

1035 1501 1139 1540 ποίημα
1153 1506 1308 1551 προσκυνεῖν
1327 1501 1372 1530 τὸν
1385 1498 1563 1535 πεποιηκότα,
1577 1499 1607 1527 οὗ
1621 1495 1665 1526 τὸν
1677 1497 1805 1536 δημιουρ-

1035 1542 1080 1581 γ“ον
1102 1543 1261 1570 ὑποκυπτειν
1283 1543 1317 1580 τῇ
1345 1542 1439 1569 ἑαυτοῦ
1466 1536 1634 1577 δημιουργίᾳ.
1655 1536 1708 1566 Διὰ
1727 1539 1808 1566 τοῦτο

1035 1583 1112 1620 ἡμεῖς
1124 1582 1149 1610 οἱ
1162 1578 1302 1620 σύντροφοι
1316 1581 1365 1615 τῆς
1377 1577 1510 1611 εὖσεὸείας
1523 1577 1585 1617 θείῳ
1598 1576 1672 1616 νόμῳ
1682 1575 1808 1615 ἑπόμενοι

1037 1622 1100 1654 Τοῖς
1113 1623 1180 1653 θεοῖς
1193 1632 1239 1650 σου
1251 1621 1280 1649 ού
1291 1618 1462 1660 λατρεύομεν,
1470 1617 1515 1647 καὶ
1528 1619 1562 1652 τῆ
1574 1615 1656 1645 εἰκόνι
1667 1618 1700 1651 τῆ
1709 1617 1808 1655 χρυσῆ,

1038 1656 1057 1700 ᾗ
1077 1660 1200 1696 ἔστησας,
1218 1661 1248 1689 οὗ
1272 1661 1478 1699 προσκυνοῦμεν·
1500 1648 1558 1686 ἀλλ”
1575 1655 1646 1685 ἔστιν
1663 1647 1764 1688 ὁΙΘιὸς
1782 1646 1810 1684 ἓν

1037 1702 1161 1776 &sm-{²333
1169 1699 1197 1773 {c
1209 1699 1335 1775 ἐξελεῗξται
1355 1701 1425 1768 ἡὲᾶς
1440 1698 1471 1727 ἐκ
1488 1698 1541 1747 τῶν
1558 1689 1810 1770 χειρὲνᾶοιιίὲΕἶ-ια

1039 1749 1455 1819 §cciiiiesgozczittwozogfie'uogssgss
1461 1738 1659 1816 ππῗὲἔςῗῗύόέως
1671 1745 1809 1814 rigidos?

1038 1819 1091 1849 Καὶ
1105 1818 1158 1870 ’ἐὰν
1174 1818 1221 1858 μὴ,
1236 1818 1367 1867 τουτέστι,
1382 1817 1431 1867 κᾶν
1451 1815 1489 1854 μὴ
1511 1814 1716 1862 ρύσ-ηταιὲᾶλλὰ
1742 1825 1774 1843 συ
1792 1830 1809 1835 -

1038 1857 1646 1938 nitzegzzffizz‘ssszzzsttss⁹:323ss
1658 1866 1696 1923 a
1712 1851 1808 1932 καὶ

1039 1937 1159 1968 θεοσεὸοῦ
1197 1949 1222 1973 ν,
1232 1938 1290 1966 ἀλλ’
1313 1934 1482 1976 εὐγνωμόνως
1500 1934 1549 1970 τὴν
1566 1933 1690 1968 ἀλήθειαν
1708 1932 1807 1971 ὁμολο-

1039 1981 1144 2016 γοῦμεν.
1194 1989 1206 2010 ς
1219 1976 1247 2006 δὲ
1260 1976 1359 2011 ταύτης
1369 1975 1466 2011 ἤκουσε
1476 1976 1524 2010 τῆς
1535 1972 1649 2005 πίστεως
1661 1971 1710 2008 τὴν
1722 1972 1773 2001 ἐπα
1794 1988 1806 1993 -

1038 2016 1136 2056 γελίαν,
1149 2019 1277 2056 πυροῦται
1290 2017 1389 2054 μᾶλλον
1403 2017 1417 2044 ὁ
1434 2013 1569 2053 τύραννος,
1584 2011 1630 2041 καὶ
1643 2010 1744 2040 κελεύει
1757 1983 1807 2046 τᾶν

1039 2057 1149 2095 κάμινον
1162 2054 1350 2088 ἑτι-ταπλασίως
1362 2051 1575 2093 ἐξαφθῆναι·ἔδει
1583 2050 1634 2090 γὰρ
1643 2050 1674 2079 τὸ
1685 2049 1807 2090 ἀργύριον

1039 2096 1070 2146 το
1099 2094 1278 2145 δοκιμώτατον
1287 2133 1293 2144 Ι
1301 2092 1486 2125 ἑπταπλασίως
1514 2092 1675 2141 κἀθαρθῆναι
1683 2101 1690 2107 ·
1709 2091 1734 2119 Τ
1735 2089 1753 2118 ὰ
1773 2088 1809 2128 γὰ

1040 2128 1810 2214 331320¹?23²3}‚²332ssssssffiffi‘ssffifssi‘ss'ffi‘ssfssss

1041 2213 1228 2247 ἑπταπλασίως
1242 2216 1260 2249 ἡ
1280 2212 1389 2252 κάμινος
1406 2211 1547 2247 ἐξεκαύθη,
1560 2210 1603 2239 ἵνα
1623 2207 1810 2240 ἑπταπλασίως

1042 2256 1066 2283 οἱ
1086 2254 1154 2293 ἅγιοι
1174 2255 1349 2293 καθαρθῶσιν.
1360 2251 1426 2282 “Ort
1440 2251 1468 2280 δὲ
1486 2249 1609 2291 ἀργύριον
1629 2248 1771 2283 κέκληνται
1785 2247 1810 2276 οἱ

1041 2297 1086 2324 τοῦ
1101 2296 1171 2333 Θεοῦ
1189 2293 1334 2332 ἄνθρωποι,
1346 2291 1492 2331 μνημόνευε
1505 2292 1553 2325 τῆς
1563 2287 1656 2328 σοφίας
1668 2286 1810 2326 λεγούσης,

1041 2334 1166 2385 Ἄργυρος
1178 2331 1367 2372 πεπυρωμένος
1379 2333 1487 2371 γλῶσσα
1499 2328 1599 2359 δικαίου
1608 2339 1615 2346 ·
1628 2327 1674 2357 καὶ
1686 2329 1732 2356 τοῦ
1745 2337 1766 2354 π
1783 2336 1810 2354 ο-

1042 2385 1125 2413 φητου
1139 2372 1267 2412 Ἱερεμίου
1281 2372 1406 2408 ἄκουσον,
1418 2370 1538 2409 λέγοντος
1558 2366 1619 2407 περὶ
1636 2367 1689 2396 τῶν
1711 2337 1811 2395 anogo—

1041 2412 1223 2451 κιμαζομένων
1237 2412 1290 2441 ἀπὸ
1307 2413 1356 2446 τῆς
1370 2409 1520 2451 εὗσεὸείας,
1534 2406 1667 2456 Ἀργύριον
1681 2406 1809 2435 ἀποδεδο-

1041 2452 1203 2491 κιμασμένον
1215 2451 1344 2481 καλέσατε
1354 2449 1456 2484 αὐτοὺς,
1461 2448 1501 2478 ὅτι
1513 2447 1705 2486 ἃπεδοκιμασεν
1717 2444 1810 2476 αὐτοὺς

1041 2495 1055 2521 ὁ
1075 2492 1151 2524 Θεός.
1167 2493 1200 2521 Εἰ
1218 2492 1245 2520 δὲ
1267 2493 1291 2520 οἷ
1314 2491 1415 2523 ἀτελεῖς
1436 2486 1559 2528 ἀργύριον
1579 2485 1723 2524 ἀδόκιμον,
1737 2486 1760 2512 ot
1782 2482 1810 2512 δὲ

1084 2589 1094 2601 ⁵·
1110 2579 1214 2607 Scorial.
1229 2586 1303 2613 νόμος.
