1890 2826
644 212 688 235 DE
716 212 888 236 PERFECTA
914 212 1081 236 CARITATE
1087 228 1094 236 .

103 280 233 317 σηρικοῖς,
253 275 297 306 καὶ
317 275 430 310 ἀσπίδας
448 278 561 317 χρυσοῦς
582 274 692 315 ἐχούσας
705 274 867 315 ὀφθαλμοὺς,

103 326 147 355 καὶ
165 324 261 358 ἵππους
281 326 518 364 χρυσοφοροῦντας,
539 323 584 352 καὶ
607 323 730 363 χαλινοὺς
744 325 867 363 χρυσοῦς.

103 372 172 402 Ἀλλ’
183 371 243 400 ὅταν
255 370 300 400 τὸν
314 370 426 410 βασιλέα
436 370 548 409 ἴδωμεν,
562 369 636 400 οὐδὲν
654 370 754 399 τούτων
768 371 870 409 ὁρῶμεν

101 417 208 447 λοιπόν·
227 419 324 451 ἐκεῖνος
341 416 392 457 γὰρ
409 419 480 457 ἡμᾶς
493 416 644 457 ἐπιστρέφει
659 416 752 455 μόνος,
772 416 818 445 καὶ
838 415 872 444 τὰ

103 467 224 503 πορφυρᾶ
238 463 346 502 ἱμάτια,
366 462 411 492 καὶ
431 462 462 492 τὸ
488 462 621 502 διάδημα,
641 462 687 492 καὶ
710 464 727 498 ἡ
741 460 872 500 καθέδρα,

104 509 149 538 καὶ
160 512 177 545 ἡ
197 508 311 549 περόνη,
328 508 371 538 καὶ
387 507 421 538 τὰ
439 508 613 547 ὑποδήματα,
630 508 675 538 καὶ
691 510 708 543 ἦ
729 509 777 542 τῆς
791 506 874 547 ὄψεως

104 554 261 594 λαμπηδών.
277 555 372 584 Ταῦτα
385 549 430 584 οὗν
447 555 553 584 ἅπαντα
574 553 729 594 συναγαγὼν
744 553 874 594 ἀκριὸῶς,

106 600 158 630 ἀπὸ
172 600 269 630 τούτων
289 600 398 639 μετάθες
409 600 488 630 πάλιν
501 600 545 630 ἐπὶ
559 600 593 629 τὰ
607 600 662 629 ἄνω
675 599 719 629 τὸν
732 599 857 639 λογισμὸν
867 622 875 636 ,

106 646 150 676 καὶ
163 647 212 682 τὴν
225 645 328 686 ἡμέραν
341 647 462 682 ἐννόησον
471 646 522 682 τὴν
536 646 659 686 φοὸερὰν,
670 645 730 676 καθ’
743 645 776 681 ἣν
786 647 800 674 ὁ
812 646 876 685 Χρι-

107 693 167 726 στὸς
177 693 361 733 παραγίνεται.
375 694 415 723 Οὔ
427 692 478 732 γὰρ
496 694 585 732 ζεῦγος
598 692 715 732 ἡμιόνων
727 692 786 732 ὄψει
800 691 858 721 τότε
867 713 875 726 ,

106 739 166 768 οὐδὲ
182 739 309 779 ὀχήματα
323 744 426 780 χρυσᾶ,
445 739 504 769 οῦδὲ
519 739 663 779 δράκοντας
682 738 727 768 καὶ
748 737 875 773 ἀσπίδας,

108 786 166 814 ἀλλ’
185 785 200 815 8
219 786 319 821 πολλῆς
339 785 416 825 γέμει
430 785 540 825 φρίκης,
562 785 607 814 καὶ
629 784 758 821 τοσαύτην
773 785 877 823 ἐμποιεῖ

107 831 155 868 τὴν
169 832 301 867 ἔκστασιν,
311 833 347 865 ὥς
360 831 405 861 καὶ
418 831 498 865 αὐτὰς
509 833 673 871 ἐκπλαγῆναι
683 831 731 864 τὰς
743 830 877 871 οὐρανίους

1605 205 1682 252 549

924 275 971 304 illa
980 286 1040 314 quae
1051 282 1183 305 terrenum
1198 278 1386 330 Imperatorem
1397 278 1568 308 circumstant
1573 290 1628 319 ,pu
1646 286 1672 308 ta
1697 288 1772 318 imper
1773 294 1808 310 ..ω
1796 298 1822 310 0-

923 322 998 352 viros
1022 333 1088 352 auro
1107 322 1255 360 decoratos,
1267 324 1365 364 jugum
1384 325 1507 354 albarum
1531 325 1666 354 mularum
1681 327 1763 380 π”ἐηῡ
1747 352 1795 372 ineu
1753 322 1824 341 ‘'³¹¹⁰‘'

925 379 991 398 auro
1005 376 1168 406 ornatarum,
1190 381 1301 400 currum
1323 370 1425 410 lapillis
1444 378 1670 410 coagmentatum,

927 415 1060 444 laminas
1053 426 1080 444 111
1090 415 1138 445 1110
1146 416 1260 445 mobiles
1272 423 1298 446 et
1310 417 1433 455 agitatas,
1443 416 1594 447 dracones
1587 428 1614 446 111
1629 426 1671 447 ve-

892 465 911 490 E
927 461 1058 491 stimentis
1069 462 1160 492 sericis
1171 462 1301 503 depictos,
1314 463 1420 503 aspides
1433 463 1520 493 aureis
1529 464 1669 494 instructas

928 507 1026 545 oculis,
1034 518 1116 547 equos
1126 519 1192 538 auro
1202 516 1316 546 ornatos,
1330 510 1402 539 frena
1413 521 1502 539 aurea.
1513 512 1549 539 At
1561 510 1669 549 quando

930 555 1122 595 Imperatorem
1135 555 1267 592 videmus,
1282 556 1352 586 nihil
1365 567 1458 586 eorum
1472 557 1542 586 ultra
1555 557 1672 598 respici-

929 611 990 630 mus
1001 614 1007 629 :
1017 601 1065 630 ille
1076 600 1177 641 quippe
1190 602 1264 631 solus
1276 612 1323 631 nos
1335 602 1362 630 in
1376 613 1404 631 se
1415 603 1545 632 convertit
1556 614 1565 640 ;
1576 613 1672 643 nempe

929 657 1067 688 purpurea
1086 647 1252 684 vestimenta,
1268 647 1401 684 diadema,
1414 648 1491 685 sella,
1505 649 1602 686 fibula,
1617 651 1672 679 cal-

929 694 982 730 cei,
995 693 1088 723 vultus
1102 693 1241 733 splendor.
1254 694 1303 724 His
1316 694 1442 723 omnibus
1455 695 1536 724 simul
1550 704 1672 725 accurate

930 739 1078 779 perpensis,
1093 740 1128 768 ab
1139 739 1182 768 bis
1193 750 1299 769 rursum
1313 740 1499 779 cogitationem
1513 742 1626 770 transfer
1639 741 1673 771 ad

930 796 1057 826 superna,
1068 785 1193 825 diemque
1209 786 1357 816 terribilem
1370 787 1468 826 cogita,
1482 798 1535 826 qua
1549 787 1673 818 Christus

931 832 1065 862 adveniet.
1077 834 1137 862 Non
1147 832 1219 862 enim
1224 833 1322 873 jugum
1334 833 1468 862 mularum
1482 840 1546 863 tunc
1554 834 1672 870 videbis,

109 877 244 917 δυνάμεις·
263 879 298 906 Αἱ
310 877 362 917 γὰρ
376 878 498 917 δυνάμεις
511 879 563 907 τῶν
582 879 712 918 οὐρανῶν,
732 877 811 917 φησὶ,
827 889 876 906 σα-
889 899 926 918 296
933 888 984 908 non
998 889 1094 908 currus
1113 889 1221 916 aureos,
1236 889 1289 907 non
1308 878 1436 907 dracones
1454 885 1479 907 et
1494 879 1610 919 aspides,
1627 880 1673 909 sed

107 923 290 959 λευθήσονται.
311 923 381 953 Τότε
401 924 532 964 ἀνοίγεται
557 923 605 963 μὲν
628 923 697 957 ἅπας
718 926 732 953 ὁ
753 923 877 963 οὐρανὸς,
898 927 917 950 Δ
933 925 1007 964 quod
1021 925 1159 954 horrorem
1173 925 1294 960 incutiat,
1307 931 1333 953 et
1344 931 1447 953 tantum
1460 931 1596 964 stuporem
1611 925 1673 965 inji-

108 969 211 999 κάτεισι
231 968 258 998 δὲ
278 971 292 998 ὁ
314 969 455 1009 μονογενὴς
474 973 520 999 τοῦ
534 971 605 1000 Θεοῦ
623 969 703 1005 Υἱὸς,
719 971 766 998 οὔκ
780 970 877 1005 εἴκοσι,

109 1015 168 1045 οὐδὲ
193 1015 286 1044 ἑκατὸν
306 1015 516 1055 δορυφορούντων
541 1015 634 1050 αὐτὸν,
658 1014 727 1044 ἀλλὰ
751 1014 878 1054 χιλιάδων

108 1070 153 1088 και
162 1059 296 1098 μυριάδων
307 1058 425 1098 ἀγγέλων
440 1071 469 1088 τε
479 1059 524 1088 καὶ
538 1058 720 1098 ἀρχαγγέλων,
733 1058 778 1087 καὶ
792 1058 879 1087 πάντα

109 1105 184 1135 ἔσται
198 1105 279 1145 φόὸου
287 1105 333 1134 καὶ
345 1105 444 1145 τρόμου
458 1104 551 1143 μεστὰ,
561 1107 608 1140 τῆς
619 1106 668 1143 γῆς
679 1104 878 1144 ἀναῤῥηγνυμέ-

109 1163 166 1189 νης,
182 1152 227 1181 καὶ
247 1153 300 1181 τῶν
321 1151 429 1181 πώποτε
450 1151 596 1191 γενομένων
619 1150 778 1190 ἀνθρώπων,
801 1150 828 1184 ἐξ
850 1146 879 1179 οὗ

109 1197 214 1255 γέγονεν
225 1200 240 1227 ὁ
251 1197 334 1237 Ἀδὰμ
347 1197 428 1238 μέχρι
441 1209 490 1233 της
509 1197 611 1237 ἡμέρας
629 1196 743 1233 ἐκείνης,
762 1196 815 1226 ἀπὸ
832 1208 881 1235 γης

110 1242 299 1282 ἀνισταμένων,
310 1243 356 1273 καὶ
367 1243 564 1284 ἁρπαζομένων,
578 1243 657 1272 αὐτου
669 1242 736 1281 μετὰ
750 1242 880 1277 τοσαύτης

110 1289 265 1328 φαινομένου
280 1289 371 1325 δόξης,
392 1289 462 1319 ὥστε
482 1289 527 1318 τὸν
540 1288 615 1324 ἥλιον
635 1288 680 1318 καὶ
697 1288 746 1324 τὴν
767 1287 879 1324 σελήνην

110 1335 181 1364 ἅπαν
193 1335 293 1375 κρύψαι
306 1335 336 1365 τὸ
349 1336 420 1375 φῶς,
438 1334 490 1364 ὑπὸ
509 1337 557 1370 τῆς
577 1335 660 1373 αὐγῆς
675 1333 775 1370 ἐκείνης
796 1335 879 1373 ὓπερ-

110 1380 289 1419 λαμπόμενον.
307 1381 393 1417 Ἀλλ’,
417 1381 489 1420 οἶμοι
501 1383 549 1417 τ’ῆς
570 1381 671 1416 πολλῆς
692 1379 879 1415 ἀναισθησίας,

110 1426 168 1463 ὅτι,
187 1426 310 1456 τοιούτων
330 1427 554 1467 προσδοκωμένων
572 1428 693 1466 ἀγαθῶν,
707 1425 747 1455 ἔτι
769 1426 834 1466 πρὸς
845 1425 879 1454 τὰ

109 1472 229 1513 παρόντα
241 1473 405 1513 κεχήναμεν,
419 1472 465 1502 καὶ
478 1474 526 1502 οὐκ
540 1473 677 1511 ἐννοοῦμεν
689 1475 734 1501 τοῦ
756 1471 877 1501 διαὸόλου

110 1519 158 1555 τὴν
171 1519 340 1559 κακουργίαν,
351 1519 379 1553 ὃς
394 1519 438 1549 διὰ
455 1521 507 1549 τῶν
523 1520 624 1559 μικρῶν
645 1519 679 1548 τὰ
692 1519 795 1558 μεγάλα
808 1521 879 1557 ἡμᾶς

111 1567 270 1605 ἀφαιρεῖται,
281 1566 326 1595 καὶ
334 1565 424 1595 δίδωσι
433 1565 527 1602 πηλὸν,
539 1564 582 1594 ἵνα
591 1565 698 1605 ἁρπάσῃ
708 1564 825 1607 οὐρανὸν,
834 1564 879 1594 καὶ

112 1612 226 1642 δείκνυσι
239 1612 326 1649 σκιὰν,
338 1612 382 1642 ἵνα
395 1612 495 1652 ἐκὸάλῃ
508 1615 556 1648 τῆς
570 1612 703 1648 ἀληθείας,
716 1612 762 1642 καὶ
774 1613 800 1641 ἐν
813 1611 880 1641 ὀνεί-

113 1670 166 1697 ροις
177 1658 300 1698 φαντάζει
311 1661 398 1696 (τοῦτο
409 1658 460 1698 γὰρ
474 1660 488 1687 ὁ
499 1658 590 1698 παρὼν
604 1657 739 1696 πλοῦτος),
750 1657 795 1693 ἵν’,
809 1656 878 1696 ἡμέ-

104 1716 159 1743 ρας
180 1704 335 1743 γενομένης,
358 1704 428 1744 δείξῃ
454 1703 560 1733 πάντων
590 1703 770 1743 πενεστέρους.
796 1702 878 1743 Ἅπερ

113 1749 249 1786 μαθόντες,
273 1750 422 1790 ἀγαπητοὶ,
446 1750 569 1789 φύγωμεν
594 1748 639 1778 τὸν
665 1749 765 1778 ἐκείνου
791 1749 879 1783 δόλον,

112 1795 234 1837 φύγωμεν
253 1796 303 1833 τὴν
324 1798 382 1836 μετ’
407 1796 506 1826 ἐκείνου
530 1795 699 1835 κατάκρισιν,
718 1794 762 1824 ἵνα
776 1794 813 1834 μὴ
835 1794 880 1824 καὶ

112 1842 177 1882 πρὸς
189 1845 260 1881 ἡμᾶς
278 1844 293 1872 6
315 1842 406 1882 κριτὴς
428 1841 489 1881 εἴπῃ
499 1853 506 1860 ·
521 1841 670 1881 Πορεύεσθε
689 1843 736 1870 ἀπ’
758 1842 840 1878 ἐμοῦ,
856 1842 880 1870 οἱ

70 1902 73 1904 ·
112 1888 304 1928 κατηραμένοι,
322 1889 360 1921 εἰς
373 1888 404 1917 τὸ
415 1889 469 1927 π’ῡρ
480 1887 510 1916 τὸ
523 1886 627 1916 αἰώνων
642 1887 672 1916 τὸ
685 1886 879 1926 ἡτοιμασμένον

112 1937 152 1974 τῷ
162 1935 276 1975 διαὸόλῳ
289 1935 334 1965 καὶ
345 1939 400 1968 τοῖς
414 1934 534 1974 ἀγγέλοις
549 1934 639 1963 αὐτοῦ.

153 2026 231 2057 Ἀλλὰ
244 2026 426 2067 φιλάνθρωπός
439 2028 509 2056 ἔστιν
521 2029 535 2056 ὁ
548 2026 616 2060 Θεός
627 2038 634 2045 ·
646 2028 694 2056 οὐκ
706 2025 780 2055 ἔσται
794 2028 879 2060 τοῦτο,

114 2072 204 2112 φησίν.
219 2074 322 2102 Οὐκοῦν
343 2074 402 2112 εἰκῇ
424 2073 585 2113 γέγραπται;
599 2072 684 2112 Οὐχὶ,
704 2072 798 2112 φησὶν,
813 2073 881 2101 ἀλλὰ

115 2117 179 2157 πρὸς
192 2118 302 2154 ἀπειλὴν
316 2118 403 2157 μόνον,
414 2118 457 2148 ἵνα
467 2120 652 2158 σωφρονῶμεν.
664 2117 710 2147 Ἂν
725 2113 769 2147 οὖν
784 2117 820 2156 μὴ
832 2129 880 2146 cm-

114 2166 266 2203 φρονῶμεν,
279 2163 347 2193 ἀλλὰ
362 2164 480 2203 μένωμεν
494 2163 586 2199 κακοὶ,
601 2165 649 2193 οὐκ
663 2162 753 2197 ἐπάξει
771 2164 819 2198 τὴν
834 2163 881 2192 κό-
895 2162 897 2164 ’

114 2210 205 2245 λασιν,
219 2209 277 2238 εἰπέ
296 2221 349 2248 μοι.
363 2211 467 2239 Οὐκοῦν
481 2209 540 2240 οὐδὲ
557 2214 611 2242 τοῖς
624 2212 731 2249 ἀγαθοῖς
749 2209 881 2238 ἀποδώσει

114 2255 161 2289 τὰς
174 2255 303 2294 ἀμοιὸάς;
314 2255 385 2292 Ναὶ,
398 2256 479 2295 φησί·
488 2259 566 2285 τοῦτο
576 2255 627 2295 γὰρ
640 2255 741 2295 πρέπον
754 2257 825 2295 αὐτῷ
837 2255 881 2284 καὶ

113 2300 180 2340 ὑπὲρ
193 2300 241 2337 τὴν
261 2300 335 2334 ἀξίαν
349 2302 500 2340 εὐεργετεῖν.
519 2300 606 2330 Ὥστε
627 2302 714 2330 ἐκεῖνα
737 2302 822 2337 ἀληθῆ
836 2300 881 2330 καὶ

113 2347 218 2380 πάντως
238 2347 323 2382 ἔσται,
338 2346 372 2376 τὰ
387 2346 414 2376 δὲ
427 2348 480 2376 τῶν
500 2347 633 2377 κολάσεων
653 2348 682 2377 οὗ
703 2347 823 2384 πάντως;
842 2347 879 2377 Ὦ

112 2396 160 2429 τ’ῆς
173 2395 273 2429 πολλῆς
283 2396 327 2423 τοῦ
341 2393 462 2423 διαὸόλου
471 2393 650 2433 κακοτεχνίας,
658 2394 680 2423 ὢ
687 2396 735 2429 τῆς
744 2395 829 2423 ἀπανθ
855 2394 863 2405 ’

114 2451 164 2469 που
177 2439 275 2475 ταύτης
295 2438 498 2480 φιλανθρωπίας.
513 2439 631 2469 Ἐκείνου
645 2439 696 2479 γάρ
714 2440 784 2468 ἔστιν
807 2406 881 2473 οὗρτοός

114 2488 128 2515 ὁ
140 2485 264 2525 λογισμὸς
275 2485 355 2525 χάριν
367 2484 491 2520 ἀνόνητον
503 2484 675 2524 χαριζόμενος
689 2483 735 2513 καὶ
751 2484 880 2525 ῥᾳθύμους

931 972 994 1006 ciat,
1009 977 1039 1000 ut
1051 971 1166 1000 caelestes
1177 971 1241 1010 ipsae
1252 970 1366 1000 virtutes
1376 976 1444 999 stent
1456 971 1572 999 attonitae
1590 983 1596 1000 =
1612 981 1674 1000 nam

932 1018 1060 1047 Virtutes
1068 1017 1215 1054 coelorum,
1223 1016 1319 1055 inquit,
1325 1018 1674 1047 commovebuntur-June
1685 1030 1767 1051 Mnuh.
1784 1027 1821 1059 24,

931 1063 1027 1092 caelum
1038 1069 1124 1092 totum
1135 1062 1277 1103 aperietur,
1289 1062 1430 1092 descendet
1443 1073 1507 1094 vero
1520 1063 1674 1103 unigenitus
1684 1067 1721 1091 29-

930 1109 982 1139 Dei
1000 1110 1099 1146 Filius,
1121 1119 1173 1138 non
1194 1109 1302 1148 viginti,
1321 1119 1374 1138 non
1387 1116 1493 1138 centum
1512 1109 1674 1139 satellitibus

931 1155 1056 1195 stipatus,
1071 1154 1118 1185 sed
1137 1155 1256 1184 millenis
1275 1161 1301 1183 et
1323 1154 1410 1184 decies
1434 1154 1532 1184 millies
1556 1155 1674 1185 millenis

931 1202 1032 1241 angelis
1043 1208 1069 1231 et
1080 1201 1257 1241 archangelis,
1277 1201 1419 1240 omniaque
1437 1207 1515 1231 erunt
1533 1203 1629 1232 timore
1649 1211 1674 1232 ct

931 1254 1032 1277 terrore
1042 1247 1133 1287 plena,
1148 1247 1259 1277 discissa
1274 1253 1354 1283 terra,
1369 1247 1548 1286 omnibusque
1559 1248 1674 1278 homini-

931 1293 982 1323 bus
998 1293 1033 1323 ab
1055 1292 1144 1322 Adam
1155 1303 1239 1332 usque
1250 1292 1285 1322 ad
1299 1292 1374 1322 illam
1387 1292 1470 1331 diem,
1482 1305 1516 1323 ex
1532 1301 1601 1324 terra
1613 1305 1672 1324 sur-

931 1338 1057 1378 gentibus
1075 1345 1101 1369 et
1119 1338 1248 1379 abreptis,
1263 1339 1322 1379 ipso
1342 1346 1496 1369 cumtanta
1516 1340 1600 1380 gloria
1619 1341 1673 1370 ful-

931 1391 1018 1424 gente,
1039 1391 1069 1414 ut
1090 1385 1155 1414 solis
1175 1391 1202 1414 et
1222 1385 1294 1414 lunae
1312 1392 1395 1414 totam
1413 1385 1501 1415 lucem
1528 1386 1671 1423 occultent,

932 1430 1016 1460 radiis
1033 1431 1089 1460 illis
1114 1432 1199 1472 ipsam
1225 1432 1424 1471 superantibus.
1448 1432 1516 1469 Sed,
1536 1433 1589 1462 heu
1611 1444 1672 1469 me,

897 1477 916 1500 B
932 1482 1047 1514 quantus
1066 1483 1161 1516 stupor
1175 1477 1234 1514 ille,
1253 1487 1316 1506 cum
1336 1477 1400 1506 talia
1410 1485 1591 1517 exspectantes
1603 1479 1673 1508 bona

932 1523 1109 1562 praesentibus
1128 1523 1273 1559 inhiamus,
1289 1533 1337 1552 nec
1352 1523 1500 1563 cogitamus
1516 1523 1617 1554 diaboli
1631 1536 1674 1555 va-

932 1569 1042 1606 fritiem,
1057 1569 1104 1608 qui
1123 1580 1172 1609 per
1183 1580 1224 1598 res
1237 1569 1299 1598 illas
1310 1569 1421 1609 exiguas
1439 1570 1542 1609 magnis
1557 1582 1605 1600 nos
1616 1572 1674 1611 pri-

933 1623 978 1645 vat
990 1616 1079 1652 bonis,
1092 1615 1138 1644 dat
1151 1616 1248 1652 lutum,
1263 1623 1293 1644 ut
1303 1616 1419 1656 abripiat
1432 1617 1537 1654 caelum,
1552 1618 1675 1647 umbram

933 1663 1053 1699 exhibet,
1069 1669 1098 1691 ut
1114 1662 1231 1701 expellat
1249 1661 1397 1699 veritatem,
1419 1669 1498 1701 atque
1518 1663 1544 1692 in
1565 1664 1676 1693 somniis

934 1719 1029 1738 vanam
1040 1708 1156 1737 ostendit
1167 1718 1293 1747 pompam
1305 1707 1370 1744 (hoc
1381 1708 1452 1737 enim
1463 1715 1523 1737 sunt
1534 1716 1676 1749 praesentes

933 1754 1058 1791 divitiae),
1068 1761 1109 1790 ut,
1120 1753 1275 1783 adveniente
1286 1753 1355 1789 luce,
1365 1764 1412 1782 nos
1426 1754 1547 1783 omnium
1560 1766 1675 1795 pauper-

935 1800 1017 1829 rimos
1030 1799 1167 1829 exhibeat.
1182 1800 1249 1836 Quae
1269 1809 1331 1828 cum
1350 1799 1476 1836 sciamus,
1493 1799 1600 1837 dilecti,
1618 1801 1676 1841 ejus

935 1846 1030 1875 dolum
1047 1846 1194 1885 fugiamus,
1210 1844 1240 1873 id
1252 1845 1338 1874 vitare
1351 1855 1488 1882 curemus,
1505 1855 1538 1874 ne
1551 1857 1612 1875 cum
1626 1846 1675 1876 illo

934 1891 1108 1927 damnemur,
1123 1901 1156 1920 ne
1177 1890 1255 1919 nobis
1275 1890 1366 1920 Judex
1386 1890 1459 1920 dicat
1472 1903 1478 1919 ε
1494 1891 1642 1921 Discedile
1657 1904 1677 1921 a
1688 1899 1771 1921 Matth.
1786 1897 1824 1921 25.

935 1948 990 1974 me,
1005 1937 1165 1973 maledicti,
1172 1937 1204 1964 in
1215 1938 1311 1973 ignem
1321 1942 1460 1965 oeternum
1467 1944 1604 1976 paralum
1614 1939 1676 1967 dia·
1686 1932 1697 1960 '⁴
1706 1937 1725 1953 ¹·

936 1984 1002 2013 holo
1013 1990 1042 2013 et
1052 1983 1164 2021 angelis
1174 1984 1246 2022 ejus.

974 2031 1003 2059 7.
1016 2030 1051 2058 At
1067 2028 1201 2069 benignus
1216 2035 1255 2057 est
1278 2029 1365 2063 Deus;
1381 2028 1411 2058 id
1429 2038 1481 2058 non
1501 2029 1613 2068 accidet,
1633 2031 1675 2060 in-

935 2077 1020 2116 quies.
1042 2076 1150 2115 Ergone
1161 2075 1259 2104 frustra
1271 2074 1401 2114 scriptum
1415 2076 1475 2104 est?
1489 2077 1674 2116 Nequaquam,

934 2122 988 2151 aies
997 2133 1004 2156 ;
1031 2120 1077 2150 sed
1098 2120 1132 2150 ad
1163 2120 1395 2150 comminationem
1419 2121 1507 2150 solum
1517 2145 1525 2158 ‚
1553 2129 1583 2151 ut
1610 2123 1674 2151 resi-

934 2168 1079 2208 piscamus.
1101 2166 1131 2196 Si
1156 2166 1239 2205 igitur
1261 2176 1315 2195 non
1341 2166 1540 2206 resipiscamus,
1557 2167 1603 2197 sed
1623 2168 1674 2197 im-

934 2213 1013 2253 probi
1031 2222 1203 2248 maneamus,
1223 2222 1320 2248 nonne,
1340 2211 1386 2240 dic
1409 2211 1488 2249 mihi,
1511 2213 1674 2252 supplicium

933 2260 1028 2289 inferet
1039 2259 1053 2288 P
1086 2259 1160 2297 Ergo
1191 2265 1277 2296 neque
1303 2257 1381 2286 bonis
1418 2257 1566 2287 mercedem
1596 2258 1672 2287 retri-

934 2307 1015 2337 huet?
1040 2306 1201 2342 Retribuet,
1224 2305 1328 2343 inquies
1340 2317 1347 2333 ε
1359 2304 1389 2333 id
1415 2305 1485 2333 enim
1514 2305 1600 2344 ipsum
1627 2304 1660 2333 de

933 2360 985 2391 cet,
1000 2353 1080 2383 etiam
1094 2362 1174 2392 supra
1189 2350 1313 2379 meritum
1326 2350 1453 2379 beneficia
1467 2349 1595 2378 conferre.
1611 2350 1673 2378 Hoec

933 2399 1023 2439 itaque
1033 2410 1097 2429 vera
1109 2404 1179 2433 sunt,
1191 2403 1217 2425 et
1230 2406 1339 2436 prorsus
1357 2395 1500 2424 evenient·
1516 2404 1574 2431 quae
1584 2400 1671 2423 autem

932 2445 967 2475 ad
981 2445 1114 2486 supplicia
1127 2443 1248 2479 attinent,
1265 2440 1477 2480 nequaquam?0
1490 2440 1599 2468 multam
1610 2439 1670 2468 dia-

933 2491 989 2520 boli
1003 2488 1152 2522 vafritiem.
1167 2499 1182 2517 ο
1196 2487 1367 2516 inhumanam
1387 2486 1445 2524 ejus
1462 2484 1668 2513 humanitatem.

114 2534 206 2562 ποιῶν.
222 2531 332 2568 Ἐπειδὴ
346 2530 397 2571 γὰρ
411 2526 488 2567 οἶδεν,
502 2530 542 2560 ὅτι
555 2532 602 2566 τῆς
615 2530 747 2564 κολάσεως
759 2533 773 2560 ὁ
786 2531 879 2571 φόὸος,
899 2542 918 2566 1)
933 2537 1021 2577 Ipsius
1036 2536 1106 2565 enim
1119 2541 1158 2563 est
1171 2533 1228 2561 haec
1241 2530 1374 2570 cogitatiO,
1386 2536 1416 2558 ut
1434 2529 1544 2567 gratiam
1555 2530 1670 2558 conserat

115 2577 232 2617 καθάπερ
247 2589 286 2611 τις
298 2577 417 2617 χαλινὸς,
431 2576 479 2612 τὴν
490 2575 620 2616 ἡμετέραν
635 2576 712 2616 ἄγχει
726 2577 823 2617 ψυχὴν,
835 2578 880 2607 καὶ

116 2626 167 2653 τῶν
182 2625 269 2653 κακῶν
281 2622 450 2657 ἀναστέλλει,
460 2622 547 2652 πάντα
557 2626 626 2652 ποιεῖ
638 2622 683 2652 καὶ
694 2623 878 2662 πραγματεύε-

935 2580 1057 2609 inutilem
1066 2585 1092 2607 et
1101 2577 1233 2616 segniores
1243 2573 1343 2603 reddat.
1352 2572 1423 2609 Quia
1434 2572 1585 2601 novitcnim
1589 2583 1668 2612 ,-sup

934 2623 1008 2662 plicii
1020 2628 1130 2657 metum,
1144 2630 1191 2649 ceu
1211 2615 1345 2657 quoddam
1367 2616 1482 2653 frenum,
1496 2615 1525 2644 id
1545 2622 1668 2655 praestare
