1890 2826
710 157 741 180 m
769 155 897 187 ιεΑιΑΜ,
924 154 1001 177 mi).
1031 155 1065 177 v.

95 222 163 254 ἀλλὰ
172 221 296 252 τάναντία
303 219 468 255 ἐπεδείξαντο
476 220 590 249 ἅπαντα.
599 218 736 258 Ἀμπελὼν
748 216 858 257 ἐγενήθη

94 271 132 309 τῷ
145 266 308 308 ἠγαπημένῳ
318 289 326 303 ,
338 268 365 296 ἐν
381 266 492 307 κέρατι,
507 266 534 294 ἐν
554 265 628 305 τόπῳ
642 264 723 294 πίονι.
740 264 814 303 Τῷ’
802 261 859 292 ονό-

95 326 158 352 ματι
168 317 214 344 τοῦ
225 314 379 352 ἀμπελῶνος
392 317 480 342 πᾶσαν
492 311 597 352 ἐνέφηνε
608 310 656 347 τὴν
667 309 800 350 πρόνοιαν,
814 307 860 338 καὶ

93 357 167 395 τὴν)
173 359 234 399 περὶ
244 360 329 388 αὐτῶν
342 357 507 397 ἐπιμέλειαν.

133 407 174 435 Οὔ
190 404 241 444 μὴν
251 404 358 434 ἵσταται
371 405 450 445 μέχρι
465 403 557 434 τούτου
567 426 575 441 ,
592 402 660 433 ἀλλὰ
671 402 718 432 καὶ
731 400 798 431 τὰ
783 411 860 440 ετερα
876 410 894 434 c

93 452 283 492 ἀπαριθμεῑται
303 451 517 492 εὐεργετήματα·
534 450 579 480 καὶ
599 449 725 490 πρότερον
746 447 799 477 ἀπὸ
812 449 860 482 τῆς

93 496 188 530 θέσεως
200 500 246 527 τοῦ
260 497 340 527 τόπου
352 499 430 527 τοῦτο
443 501 525 527 ποιεῖ·
533 496 622 536 τὸγὰρ
631 519 639 533 ,
651 495 699 525 Ἒν
711 494 820 535 κέρατι,
833 494 860 522 ἐν

93 543 166 584 τόπῳ
175 543 246 573 πίονι
257 569 266 582 ,
274 543 305 573 τὸ
317 543 364 583 μὲν
375 543 423 580 τὴν
437 543 514 584 φύσιν
527 545 574 579 τῆς
587 545 636 583 γῆς
647 543 760 572 ἐπαινῶν
773 541 860 580 ἔλεγε,

92 589 123 618 τὸ
136 589 163 618 δὲ
176 589 224 625 τὴν
239 588 308 619 θέσιν
317 602 324 608 ·
339 589 404 630 ὅπερ
417 589 463 619 καὶ
479 591 495 618 ὃ
515 589 600 619 Δαυὶδ
621 589 729 629 ψάλλων
754 587 861 628 ἔφησεν,

92 635 132 664 ὅτι
143 634 331 675 Ἰερουσαλὴμ,
345 636 393 676 ὄρη
407 635 497 676 κύκλῳ
507 637 600 672 αὐτῆς,
610 635 656 665 καὶ
662 634 760 674 Κύριος
771 633 860 673 κύκλῳ

92 684 138 712 τοῦ
146 682 212 711 λαοῦ
226 682 315 711 αὐτοῦ.
329 681 464 722 Ἐτείχισε
483 682 529 721 μὲν
542 681 594 722 γὰρ
612 681 704 717 αὐτὴν,
720 680 784 722 φησὶ
793 704 801 715 ,
815 680 860 710 καὶ

92 730 126 768 τῇ
139 727 210 758 θέσει
221 731 268 758 τοῦ
284 729 379 758 τόπου·
394 729 463 767 πλὴν
485 731 533 758 οὐκ
547 728 664 769 ἠρκέσθη
679 728 778 768 τούτῳ,
793 727 861 757 ἀλλὰ

92 773 123 803 τὸ
137 774 260 814 μέγιστον
273 779 360 815 τεῖχος
373 775 450 808 αὔτὸς
462 776 528 815 αὐτῇ
536 775 639 815 γέγονεν
647 774 676 804 ’ὃ
687 774 719 810 δὴ
732 773 777 803 καὶ
787 769 861 806 οὗτος

94 820 235 850 αἰνίττεται
247 821 341 860 λέγων,
350 821 396 850 Ἐν
408 820 517 861 κέρατί,
528 817 558 850 τό
571 833 599 850 τε
611 820 754 860 α’χείρωτον
768 819 814 848 καὶ
830 819 861 848 τὸ

93 867 305 906 ἀκαταγώνιοτον
318 869 364 896 τοῦ
375 866 457 896 τόπου
467 888 476 902 ,
488 866 534 896 καὶ
542 866 594 906 πρὸ
606 865 713 902 τούτου,
726 865 775 902 τὴν
787 864 860 905 παρὰ

92 915 138 941 τοῦ
152 914 222 942 Θεοῦ
238 912 359 952 βοήθειαν
373 913 470 950 δηλῶν,
487 912 540 942 ἀπὸ
556 917 706 953 μεταφορᾶς
717 914 763 942 τοῦ
777 911 860 951 κέρως

91 960 137 987 τοῦ
153 958 220 998 βοός.
235 958 288 990 Καὶ
307 958 358 998 γὰρ
380 958 425 988 καὶ
447 958 577 998 παροιμία
600 958 710 995 τοιαύτη
735 957 859 998 δημώδης

92 1004 255 1040 ἐξενήνεκται
265 1005 327 1044 περὶ
337 1007 389 1034 τῶν
413 1006 450 1038 εἷς
471 1005 586 1045 ἀσφαλές
607 1017 633 1034 τι
654 1004 751 1044 χωρίον
775 1015 860 1032 κατα-

93 1050 247 1090 φευγόντων.
261 1050 372 1087 Ἐπειδὴ
388 1050 438 1091 γὰρ
453 1050 620 1091 ἰσχυρότερον
639 1050 745 1080 πάντων
766 1051 780 1078 ὁ
794 1051 859 1078 ταῦ-

95 1109 153 1136 ρος,
177 1098 256 1126 αὐτοῦ
275 1096 302 1126 δὲ
315 1100 359 1126 τοῦ
379 1096 444 1131 ζώου
467 1097 497 1126 τὸ
520 1096 687 1137 ἰσχυρότερον
711 1096 742 1125 τὸ
766 1095 844 1136 κέρας
853 1108 859 1113 ·

92 1142 166 1182 ὅπλω
174 1142 225 1183 γὰρ
238 1144 309 1183 αὐτῷ
323 1142 459 1184 κέχρηται·
473 1143 516 1172 διὰ
529 1141 559 1171 τὸ
569 1141 754 1182 δυσχείρωτον,
765 1145 776 1158 ⁰
784 1144 861 1170 τοῦτο

94 1188 201 1218 εἰώθασι
223 1172 308 1228 λέγειν
321 1190 345 1217 οἱ
358 1188 465 1217 πολλοί·
480 1187 525 1218 καὶ
538 1190 555 1223 ἡ
571 1187 664 1228 Γραφὴ
690 1187 717 1217 δὲ
734 1187 861 1221 πολλάκις

92 1233 170 1274 κέρας
184 1234 361 1274 μονοκέρωτος
374 1236 449 1264 καλει
457 1234 516 1267 τους
529 1235 555 1263 ἐν
570 1234 701 1275 ἀσφαλείᾳ
714 1234 798 1267 ὄντας.
814 1234 860 1263 Ἐν

92 1280 183 1320 κέρατι
204 1275 249 1310 ουν
271 1281 382 1309 ἐνταῦθά
405 1292 494 1320 φησιν,
515 1281 542 1309 ἐν
567 1280 711 1320 ἄσφαλεία,
731 1282 758 1310 ἐν
786 1280 861 1320 ὕψει,

92 1325 157 1366 ὅπερ
171 1326 316 1367 ἀρχόμενος
336 1325 439 1366 ἔλεγεν·
455 1325 533 1360 Υῖους
547 1326 672 1366 ἐγέννησα
696 1327 742 1357 καὶ
757 1326 859 1368 ὕψωσα.

92 1371 139 1403 Ἐν
151 1372 224 1413 τόπῳ
243 1371 328 1402 πίονι·
343 1372 407 1413 ὅπερ
421 1374 435 1402 ὁ
454 1374 572 1408 Μωϋσῆς
583 1368 641 1403 εἷπε
649 1396 657 1411 ,
671 1374 726 1410 Γῆν
751 1373 860 1414 ῥέουσαν

92 1419 161 1459 γάλα
175 1418 220 1448 καὶ
233 1418 304 1458 μέλι.
317 1418 371 1448 Καὶ
389 1418 509 1459 φραγμὸν
522 1419 667 1460 περιέθηκα
676 1442 684 1456 ,
698 1418 744 1449 καὶ
762 1420 860 1460 ἐχαρά-

93 1477 175 1497 κωσα.
189 1464 320 1504 Φραγμὸν
337 1464 355 1500 ἢ
377 1463 408 1494 τὸ
427 1465 513 1506 τεῖχός
525 1477 614 1506 φησιν,
633 1465 650 1502 ἢ
671 1466 715 1496 τὸν
738 1466 828 1506 νόμον,
843 1466 860 1502 ἢ

93 1511 141 1547 τὴν
154 1512 232 1540 αὗτοῦ
246 1510 380 1550 πρόνοιαν.
395 1510 448 1540 Καὶ
461 1510 512 1552 γὰρ
533 1514 547 1541 ὁ
560 1511 638 1551 νόμος
658 1513 760 1553 τείχους
774 1515 860 1553 ἀσφα-

92 1557 215 1598 λέστερον
243 1558 330 1590 αὖτοῑς
351 1559 509 1597 περιέκειτο.
527 1558 580 1590 Καὶ
600 1558 776 1600 ἐχαράκωσα,
798 1571 861 1589 του-

93 1603 190 1638 τέστιν,
204 1602 314 1643 ἰσχυρὰν
333 1602 381 1639 τὴν
401 1603 546 1644 ἀσφάλειαν
559 1605 735 1644 ἐποιησάμην.
750 1605 861 1642 Ἐπειδὴ

94 1649 145 1689 γὰρ
167 1648 294 1682 πολλάκις
315 1648 434 1689 φραγμὸς
453 1650 660 1690 εὐεπιχείρητον,
687 1651 732 1680 καὶ
761 1652 862 1692 ἑτέραν,

96 1693 176 1734 φησὶ,
189 1693 344 1734 περιέὸαλον
366 1695 454 1727 αὐτοῖς
477 1695 642 1735 συμμαχίαν.
657 1696 711 1726 Καὶ
734 1697 864 1736 ἐφύτευσα

97 1739 215 1779 ἄμπελον
228 1739 338 1779 Σωρήχ.
353 1738 492 1778 Ἐπιμένει
511 1742 544 1780 τῇ
557 1747 694 1782 μεταφορᾷ
705 1764 713 1778 ,
733 1742 766 1778 ἣν
780 1743 809 1772 οὐ
825 1744 864 1773 δεῖ

97 1785 166 1816 κατὰ
177 1785 247 1820 λέξιν
257 1785 418 1825 ἑρμηνεύειν,
427 1786 495 1816 ἀλλὰ
506 1786 550 1816 τὸν
558 1786 656 1816 σκοπὸν
665 1788 766 1822 εἰδότας
773 1790 864 1828 ἀρκεῖ-

98 1834 159 1861 σθαι
180 1831 274 1871 τούτῳ.
288 1831 390 1872 Σωρὴχ
402 1831 430 1861 δὲ
450 1833 561 1862 ἐνταῦθα
575 1833 700 1869 ἀληθινήν
714 1845 803 1875 φησιν,
819 1836 865 1863 εὖ-

98 1879 160 1917 γενῆ
169 1900 176 1914 ,
190 1877 250 1917 οὐχὶ
269 1878 322 1906 τῶν
343 1876 449 1918 φαύλων
465 1880 562 1918 φυτῶν,
585 1878 643 1909 οὐδὲ
664 1881 717 1910 τῶν
738 1881 865 1911 καταδεε-

99 1923 207 1962 στέρων,
221 1923 290 1953 ἀλλὰ
303 1925 355 1952 τῶν
376 1923 491 1962 δοκίμων
504 1924 549 1955 καὶ
569 1924 691 1966 πρώτων.
709 1925 803 1956 Πολλὰ
814 1926 865 1966 γὰρ

99 1968 225 2008 ἀμπέλων
232 1969 305 2008 γένη.
320 1969 373 1999 Καὶ
384 1969 544 2009 ᾠκοδόμησα
557 1970 656 2011 πύργον
670 1971 715 2003 καὶ
726 1972 865 2012 προλήνιον

99 2017 125 2046 ἐν
145 2015 218 2056 με’σῳ
231 2017 317 2045 αὐτοῦ.
328 2015 407 2049 Τινὲς
419 2015 483 2045 *τὸν
498 2015 559 2046 ναόν
573 2029 650 2057 φασι,
664 2018 709 2047 καὶ
725 2019 866 2059 προλήνιον

100 2062 130 2092 τὸ
141 2062 333 2102 θυσιαστήριον,
346 2062 391 2092 ἅτε
411 2064 464 2092 τῶν
478 2065 586 2103 καρπῶν
609 2065 664 2094 ἐκεῖ
683 2066 865 2105 συναγομένων

101 2111 148 2145 τῆς
161 2110 256 2148 ἀρετῆς
264 2110 311 2143 τῆς
325 2108 436 2138 ἑκάστου
445 2131 453 2144 ,
463 2108 509 2138 καὶ
520 2111 572 2139 τῶν
585 2113 751 2151 προσφορῶν,
760 2111 805 2141 καὶ
814 2113 865 2140 τῶν

102 2155 197 2184 θυσιῶν
210 2154 333 2183 ἁπασῶν·
347 2153 399 2193 ἐγὼ
410 2153 500 2193 μέντοι
512 2157 598 2192 τοῦτο,
613 2156 677 2197 ὅπερ
687 2157 766 2197 ἔφθην
775 2157 866 2194 εἰπὼν,

102 2199 148 2229 καὶ
157 2201 202 2228 νῦν
216 2200 283 2240 ἐρῶ,
295 2199 381 2240 ὅτιτῷ
397 2202 488 2241 σκοπῷ
512 2201 551 2230 δεῖ
562 2201 703 2243 προσέχειν
716 2205 765 2239 τῆς
781 2216 866 2243 μετα-

104 2249 194 2287 φορᾶς.
208 2244 260 2274 Διὰ
272 2244 323 2286 γὰρ
336 2246 441 2275 πάντων
452 2249 529 2276 τοῦτο
542 2247 663 2287 βούλεται
680 2251 771 2288 εἰπεῖν,
783 2250 822 2280 ὅτι
834 2250 868 2280 τὰ

104 2289 169 2330 παρ’
189 2291 303 2329 ἐμαυτοῦ
324 2291 411 2321 πάντα
431 2292 589 2333 ἐπλήρωσα,
604 2299 691 2324 πᾶσαν
714 2295 866 2335 ἐπιμέλειαν

104 2335 287 2375 ἐπεδειξάμην.
303 2337 344 2367 Οὐ
361 2337 497 2368 κατέτεινα
519 2340 661 2379 καμάτοις,
676 2343 705 2371 οὔ
726 2342 868 2383 συνέτριψα

105 2386 192 2420 πόνοις
199 2409 208 2424 ,
221 2388 269 2416 οὐκ
280 2386 372 2421 αὐτοὺς
380 2389 550 2428 οἰκοδομῆσαι
561 2390 687 2421 ἐκέλευσα
697 2414 704 2428 ,
718 2394 765 2422 οὐκ
776 2393 869 2427 αὐτοὺς

106 2437 221 2477 σκάψαι,
231 2438 278 2468 οὐκ
289 2436 381 2471 αὐτοὺς
401 2441 543 2478 φυτεῦσαι,
561 2442 619 2470 ἀλλ’
631 2442 825 2482 ἀπηρτισμένον
839 2445 869 2474 τὸ

141 2530 153 2546 b
170 2527 230 2560 Reg-
244 2531 295 2562 πιρὶ
307 2530 394 2557 αὐτούς.

140 2574 150 2587 ι
166 2567 197 2594 lu
209 2567 269 2600 Reg.
283 2573 308 2592 et
319 2566 395 2593 Saxil.
410 2574 476 2597 τοῦτο
489 2576 546 2602 post
557 2573 702 2607 δυσχείρωτον
714 2573 791 2600 deest,

875 912 895 935 1)

1609 141 1650 176 61

913 216 972 255 ipso
990 216 1079 245 omnia
1093 217 1240 247 exhibuere
1251 218 1394 247 contraria.
1411 218 1441 246 V
1438 219 1506 246 inea
1517 216 1601 253 facta
1615 221 1657 244 est

914 263 1030 300 dilecto,
1045 265 1077 292 in
1089 273 1190 302 cornu,
1201 267 1233 293 in
1244 265 1306 294 loco
1316 266 1430 305 pingui.
1444 263 1539 295 Vineae
1549 261 1656 292 nomine

913 319 1019 338 omnem
1032 309 1213 340 subindicavit
1223 310 1429 351 providentiam,
1443 320 1572 348 suamque
1586 308 1656 338 circa

912 355 975 384 illos
985 355 1206 386 sollicitudinem.

954 403 983 431 a.
1001 403 1094 441 Neque
1109 402 1153 432 hic
1164 401 1277 442 gradum
1295 401 1375 439 sistit,
1388 401 1434 432 sed
1447 401 1500 430 alia
1519 401 1598 430 etiam
1609 400 1656 429 be-

914 447 1008 477 neficia
1016 455 1154 477 enumerat
1168 460 1174 477 :
1190 447 1367 489 primoqueid
1377 453 1484 488 praestat
1497 458 1512 476 a
1526 448 1579 475 situ
1588 446 1655 483 loci3

912 494 984 524 illud
999 495 1080 532 enim,
1094 497 1131 524 In
1144 506 1244 531 cornu,
1260 497 1292 524 in
1306 495 1370 524 loco
1383 495 1495 536 pingui,
1506 500 1564 523 tum
1575 499 1655 521 natu-

914 552 971 570 ram
991 548 1078 574 terrae.
1093 548 1151 571 tum
1165 541 1247 571 situm
1269 540 1382 570 laudans
1397 540 1463 569 dicit
1476 552 1482 568 ε
1499 539 1527 568 id
1546 538 1619 578 quod
1632 545 1657 567 et

913 586 1003 617 David
1017 587 1155 627 psallando
1169 587 1239 616 dixit
1255 586 1290 616 de
1302 585 1453 617 Jerusalem
1473 597 1480 614 z
1496 586 1613 614 Montes
1626 586 1656 613 in
1668 591 1734 613 Psal.
1755 589 1805 620 124.

913 635 1036 663 circuitu
1061 635 1134 673 ejus,
1148 640 1175 662 et
1198 634 1343 663 Dominus
1364 633 1396 661 in
1414 634 1537 661 cIrcuitu
1554 631 1656 670 populi
1668 629 1689 644 ²·

913 682 969 710 sui.
982 681 1106 719 Namque
1119 680 1204 710 cinxit
1217 691 1287 718 eam,
1300 679 1398 718 inquit,
1411 678 1456 708 vel
1468 688 1502 708 ex
1515 677 1569 706 situ
1583 677 1635 712 loci
1648 690 1653 705 z

913 733 1038 756 coeterum
1059 727 1111 756 hoc
1133 733 1272 756 contentus
1295 736 1350 755 uon
1373 724 1435 761 suit,
1453 723 1501 753 sed
1521 723 1657 753 maximus

914 772 971 812 ipse
993 784 1087 802 murus
1107 773 1150 802 illi
1164 773 1249 802 factus
1265 779 1305 802 est
1319 785 1325 800 :
1347 770 1420 811 quod
1439 771 1485 799 hic
1502 769 1657 799 subindicat

913 819 1013 855 dicens,
1037 821 1075 850 In
1097 830 1199 855 cornu,
1224 817 1463 859 inexpugnabilem
1484 827 1579 856 nempe
1601 827 1657 845 esse

914 867 1018 898 locum;
1035 873 1062 897 at
1082 865 1155 906 quod
1168 866 1255 906 majus
1272 872 1321 903 est,
1337 865 1387 894 Dei
1402 862 1554 893 subsidium
1566 863 1655 892 decla-

913 920 954 943 rat
973 924 1007 943 ex
1020 913 1175 952 metaphora
1188 911 1282 941 bovini
1297 921 1393 941 cornu.
1410 909 1517 938 Etenim
1531 909 1584 938 tale
1605 908 1655 938 ad-

913 959 1005 999 agium
1018 958 1046 987 in
1059 958 1159 997 vulgus
1171 957 1238 987 exiit
1249 957 1283 986 de
1294 957 1326 985 iis
1340 955 1388 995 qui
1402 956 1430 984 in
1443 961 1531 983 tutum
1538 954 1656 994 aliquem

913 1004 1003 1034 locum
1017 1003 1186 1043 confugiunt.
1197 1002 1268 1040 Quia
1277 1002 1350 1032 euim
1363 1002 1484 1031 omnium
1496 1000 1657 1029 fortissimus

914 1056 953 1079 est
976 1057 1079 1087 taurus,
1095 1048 1167 1088 quod
1188 1059 1253 1078 vero
1274 1048 1370 1077 fortius
1394 1047 1421 1076 in
1443 1057 1483 1083 eo,
1499 1053 1538 1076 est
1559 1056 1655 1082 cornu,

914 1106 968 1134 quo
990 1107 1039 1125 ceu
1056 1095 1139 1124 armis
1153 1093 1247 1131 utitur,
1265 1094 1329 1132 quia
1348 1099 1428 1133 captu
1442 1091 1553 1122 difficile
1564 1098 1614 1128 est,
1628 1092 1657 1121 id

913 1143 999 1172 solent
1018 1142 1098 1172 multi
1121 1140 1211 1179 dicere
1233 1153 1240 1170 :
1262 1151 1293 1169 ac
1314 1139 1455 1180 Scriptura
1479 1149 1548 1179 saepe
1573 1148 1657 1168 cornu

914 1189 1050 1219 unicornis
1067 1195 1146 1219 vocat
1169 1198 1223 1223 eoS‚
1239 1186 1288 1225 qui
1306 1186 1334 1215 in
1351 1192 1410 1215 tuto
1431 1185 1512 1226 positi
1526 1192 1598 1214 sunt.
1618 1187 1657 1213 In

913 1246 1005 1265 cornu
1016 1236 1106 1275 itaque
1115 1235 1160 1264 hic
1174 1234 1252 1271 dicit,
1262 1234 1339 1273 quasi
1350 1233 1378 1262 in
1391 1239 1460 1270 tuto,
1469 1232 1496 1261 in
1509 1232 1563 1261 alto
1578 1232 1652 1262 loco:

913 1282 943 1312 id
956 1282 1031 1320 quod
1041 1281 1119 1311 initio
1132 1280 1255 1310 dicebat:
1269 1280 1365 1309 Filios
1375 1280 1463 1320 genui
1473 1285 1501 1308 et
1517 1279 1654 1308 exaltavi.
1666 1283 1724 1305 lsai.
1737 1289 1757 1305 ι.
1766 1291 1788 1306 2.

913 1334 952 1360 In
965 1331 1029 1359 loco
1037 1331 1141 1370 pingui
1156 1340 1166 1358 .·
1180 1327 1252 1368 quod
1267 1329 1375 1368 Moyses
1390 1326 1495 1356 dicebat
1510 1338 1517 1355 :
1538 1327 1655 1356 Terram
1665 1333 1741 1354 Exod.
1756 1330 1805 1354 3.8.

900 1377 1047 1419 fluentem
1062 1377 1109 1405 lac
1122 1382 1150 1404 et
1164 1375 1232 1405 mel.
1246 1376 1276 1403 2.
1294 1375 1320 1403 Ε
1323 1380 1334 1403 t
1345 1384 1439 1408 sepem
1451 1374 1653 1411 circumposui,

876 1519 894 1542 E

912 1430 940 1453 et
953 1421 1183 1453 cirvumvallavi-
1200 1421 1299 1459 Sepem
1321 1426 1367 1448 aut
1385 1430 1494 1448 murum
1514 1418 1591 1455 dicit,
1609 1426 1656 1448 aut

912 1469 1009 1509 legem,
1024 1475 1071 1498 aut
1082 1466 1280 1508 providentiam
1293 1476 1379 1494 suam.
1393 1464 1500 1495 Etenim
1513 1465 1558 1494 lex
1571 1465 1656 1494 tutius

912 1527 994 1556 quam
1014 1526 1108 1545 murus
1129 1514 1191 1544 illos
1211 1512 1447 1552 circumcingebat,
1467 1513 1508 1541 Et
1530 1513 1655 1542 circum-

915 1563 1044 1599 vallavi;
1062 1569 1148 1592 tutam
1161 1560 1239 1601 posui
1260 1559 1422 1590 custodiam.
1437 1559 1509 1597 Quia
1527 1559 1599 1588 enim
1612 1570 1655 1588 se-

913 1620 960 1649 pes
973 1610 1040 1639 solet
1060 1619 1116 1638 esse
1129 1614 1258 1648 superatu
1275 1605 1375 1644 facilis,
1392 1605 1470 1635 aliud
1483 1605 1547 1646 ipsis
1561 1605 1656 1646 proesi—

913 1656 991 1686 dium
1007 1653 1197 1695 circomposui.
1214 1654 1256 1683 Et
1273 1653 1411 1692 plantavi
1428 1654 1548 1681 vineam
1559 1652 1655 1682 Sorec.

914 1703 946 1732 In
964 1701 1119 1742 metaphora
1137 1699 1266 1740 persistit,
1281 1709 1340 1738 quae
1359 1709 1412 1728 uon
1433 1705 1472 1728 est
1493 1697 1528 1727 ad
1550 1698 1656 1727 literam

915 1746 1085 1788 explicanda,
1099 1746 1146 1775 sed
1158 1756 1221 1775 cum
1233 1755 1345 1784 scopum
1364 1744 1512 1783 attigimus,
1525 1744 1577 1773 hoc
1595 1744 1658 1774 satis

915 1805 972 1824 esse
985 1793 1074 1823 debet.
1089 1794 1169 1823 Sorec
1182 1798 1271 1820 autem
1284 1790 1330 1820 hic
1348 1790 1491 1829 significat,
1507 1800 1658 1829 veram‚ge-

916 1850 1048 1876 nerosam,
1063 1848 1116 1868 non
1125 1837 1202 1867 malis
1216 1847 1264 1866 nec
1275 1835 1409 1866 inferioris
1422 1841 1491 1865 notae
1501 1835 1657 1876 propagini-

915 1886 968 1916 bus
985 1885 1150 1921 instructam,
1164 1882 1212 1913 sed
1224 1881 1343 1924 probatis
1360 1889 1386 1911 et
1403 1881 1556 1922 praecipuis.
1569 1882 1658 1911 Multa

917 1942 1032 1971 namque
1042 1931 1140 1961 vitium
1148 1939 1241 1969 genera
1253 1933 1324 1957 sunt.
1338 1929 1379 1957 Et
1392 1927 1536 1968 [edificavi
1547 1929 1659 1963 turrim,

918 1986 946 2008 et
959 1979 1088 2008 torcular·
1099 1979 1129 2006 in
1141 1977 1233 2006 medio
1247 1977 1319 2014 ejus.
1337 1974 1455 2012 Quidam
1469 1973 1567 2003 turrim
1580 1974 1661 2003 inter-

918 2031 1057 2064 pretantur
1072 2021 1212 2062 templum,
1225 2027 1251 2051 et
1268 2020 1386 2050 torcular
1399 2020 1483 2049 altare
1499 2031 1505 2048 ε
1522 2019 1586 2058 quia
1603 2019 1661 2049 illic

919 2076 1020 2104 fructus
1035 2069 1145 2102 virtutis
1157 2069 1288 2108 cujusque
1301 2066 1543 2107 congregabantur,
1558 2076 1660 2096 necnon

919 2119 1065 2151 oblationes
1085 2123 1110 2146 ct
1124 2115 1216 2145 hostiae
1232 2124 1323 2144 omnes
1339 2127 1345 2143 :
1362 2124 1411 2154 ego
1423 2114 1515 2153 utique
1528 2114 1601 2153 quod
1615 2114 1660 2143 di—

917 2178 976 2197 cere
989 2174 1131 2206 coeperam,
1145 2172 1217 2192 nunc
1228 2161 1307 2191 etiam
1321 2160 1419 2197 dicam,
1432 2160 1552 2189 animum
1566 2171 1661 2202 nempe

918 2212 1078 2253 metaphorae
1089 2220 1169 2250 scopo
1181 2207 1365 2238 adhibendum
1377 2218 1445 2236 esse.
1460 2208 1511 2236 Per
1523 2207 1579 2236 haec
1590 2207 1660 2236 enim

918 2260 1008 2290 omnia
1016 2259 1068 2288 hoc
1073 2256 1223 2296 significare
1230 2254 1291 2284 vult
1303 2266 1309 2283 ε
1323 2255 1391 2291 Quae
1399 2264 1456 2282 mea
1463 2260 1538 2282 erant
1548 2253 1659 2293 implevi

920 2306 1020 2342 omnia,
1035 2313 1140 2334 omnem
1160 2299 1273 2331 exhibui
1292 2299 1471 2339 diligentiam.
1488 2300 1549 2328 Non
1570 2299 1660 2327 attrivi

921 2352 1071 2388 laboribus,
1089 2359 1142 2379 non
1164 2347 1230 2387 fregi
1249 2346 1405 2383 sudoribus,
1426 2355 1480 2374 non
1502 2345 1574 2384 ipsos
1590 2344 1660 2384 jussi

921 2398 1065 2433 aedificare,
1074 2405 1127 2425 non
1138 2393 1239 2430 fodere,
1250 2402 1302 2421 non
1312 2392 1443 2431 plantare,
1453 2390 1499 2419 sed
1508 2390 1661 2419 absolutum

922 2445 986 2486 ipsis
999 2454 1068 2484 opus
1087 2440 1197 2472 tradidi.
1213 2440 1307 2478 Neque
1321 2438 1375 2467 huc
1391 2436 1457 2465 desii
1471 2435 1663 2475 benignitatem

944 2537 955 2550 ⁴¹
974 2533 1133 2568 [Secundum
1144 2531 1272 2556 'rilmanni
1284 2528 1516 2560 interpretationem
1528 2527 1611 2560 πύργον
1624 2527 1662 2551 jn,-

910 2574 1042 2601 serendum
1055 2571 1175 2602 videtur]
