<?xml version="1.0" encoding="UTF-8"?>
<!DOCTYPE html PUBLIC "-//W3C//DTD XHTML 1.0 Transitional//EN"
    "http://www.w3.org/TR/xhtml1/DTD/xhtml1-transitional.dtd">
<html xmlns="http://www.w3.org/1999/xhtml" xml:lang="en" lang="en">
 <head>
  <title>
</title>
<meta http-equiv="Content-Type" content="text/html;charset=utf-8" />
  <meta name='ocr-system' content='tesseract 3.04.00' />
  <meta name='ocr-capabilities' content='ocr_page ocr_carea ocr_par ocr_line ocrx_word'/>
</head>
<body>
  <div class='ocr_page' id='page_1' title='image "./operaomniaquaeex06johnuoft_0930.png"; bbox 0 0 1904 2840; ppageno 0'>
   <div class='ocr_carea' id='block_1_1' title="bbox 128 1607 251 1636">
    <p class='ocr_par' dir='ltr' id='par_1_1' title="bbox 128 1607 251 1636">
     <span class='ocr_line' id='line_1_1' title="bbox 128 1607 251 1636; baseline 0.008 -8"><span class='ocrx_word' id='word_1_1' title='bbox 128 1607 195 1629; x_wconf 80' lang='lat' dir='ltr'>Psal.</span> <span class='ocrx_word' id='word_1_2' title='bbox 211 1607 251 1636; x_wconf 71' lang='grc'>49.</span> 
     </span>
    </p>
   </div>
   <div class='ocr_carea' id='block_1_2' title="bbox 128 1771 268 1796">
    <p class='ocr_par' dir='ltr' id='par_1_2' title="bbox 128 1771 268 1796">
     <span class='ocr_line' id='line_1_2' title="bbox 128 1771 268 1796; baseline 0.007 -4"><span class='ocrx_word' id='word_1_3' title='bbox 128 1771 268 1796; x_wconf 77' lang='lat' dir='ltr'>Rom.2.15.</span> 
     </span>
    </p>
   </div>
   <div class='ocr_carea' id='block_1_3' title="bbox 135 2328 275 2352">
    <p class='ocr_par' dir='ltr' id='par_1_3' title="bbox 135 2328 275 2352">
     <span class='ocr_line' id='line_1_3' title="bbox 135 2328 275 2352; baseline -0.014 0"><span class='ocrx_word' id='word_1_4' title='bbox 135 2331 187 2352; x_wconf 79' lang='lat' dir='ltr'>Luc.</span> <span class='ocrx_word' id='word_1_5' title='bbox 201 2328 275 2351; x_wconf 49' lang='lat'>²⁰³5.</span> 
     </span>
    </p>
   </div>
   <div class='ocr_carea' id='block_1_4' title="bbox 276 67 347 104">
    <p class='ocr_par' dir='ltr' id='par_1_4' title="bbox 276 67 347 104">
     <span class='ocr_line' id='line_1_4' title="bbox 276 67 347 104; baseline 0 -14"><span class='ocrx_word' id='word_1_6' title='bbox 276 67 347 104; x_wconf 77' lang='grc'>910</span> 
     </span>
    </p>
   </div>
   <div class='ocr_carea' id='block_1_5' title="bbox 276 131 1025 448">
    <p class='ocr_par' dir='ltr' id='par_1_5' title="bbox 276 131 1025 448">
     <span class='ocr_line' id='line_1_5' title="bbox 276 131 363 160; baseline -0.011 0"><span class='ocrx_word' id='word_1_7' title='bbox 276 131 363 160; x_wconf 87' lang='lat' dir='ltr'>Patre.</span> 
     </span>
     <span class='ocr_line' id='line_1_6' title="bbox 277 166 1020 208; baseline -0.003 -10"><span class='ocrx_word' id='word_1_8' title='bbox 277 168 369 198; x_wconf 90' lang='lat' dir='ltr'>dicens</span> <span class='ocrx_word' id='word_1_9' title='bbox 381 181 387 197; x_wconf 90' lang='lat'>:</span> <span class='ocrx_word' id='word_1_10' title='bbox 403 170 522 198; x_wconf 71' lang='lat' dir='ltr'>Mttam</span> <span class='ocrx_word' id='word_1_11' title='bbox 532 168 630 208; x_wconf 83' lang='lat' dir='ltr'>filium</span> <span class='ocrx_word' id='word_1_12' title='bbox 644 177 747 197; x_wconf 81' lang='lat' dir='ltr'>meum.</span> <span class='ocrx_word' id='word_1_13' title='bbox 763 166 880 204; x_wconf 87' lang='lat' dir='ltr'><strong>Quando</strong></span> <span class='ocrx_word' id='word_1_14' title='bbox 893 177 956 206; x_wconf 82' lang='lat' dir='ltr'>ergo</span> <span class='ocrx_word' id='word_1_15' title='bbox 970 167 1020 196; x_wconf 85' lang='lat' dir='ltr'>ad-</span> 
     </span>
     <span class='ocr_line' id='line_1_7' title="bbox 277 207 1022 248; baseline -0.001 -11"><span class='ocrx_word' id='word_1_16' title='bbox 277 209 332 237; x_wconf 88' lang='lat' dir='ltr'>huc</span> <span class='ocrx_word' id='word_1_17' title='bbox 344 208 477 248; x_wconf 80' lang='lat' dir='ltr'>cogitabat</span> <span class='ocrx_word' id='word_1_18' title='bbox 487 207 522 237; x_wconf 94' lang='lat' dir='ltr'>de</span> <span class='ocrx_word' id='word_1_19' title='bbox 530 207 734 237; x_wconf 88' lang='lat' dir='ltr'>transmittendo</span> <span class='ocrx_word' id='word_1_20' title='bbox 747 207 820 236; x_wconf 84' lang='lat' dir='ltr'>Filio</span> <span class='ocrx_word' id='word_1_21' title='bbox 832 215 894 247; x_wconf 86' lang='lat' dir='ltr'>post</span> <span class='ocrx_word' id='word_1_22' title='bbox 902 207 1022 247; x_wconf 86' lang='lat' dir='ltr'>prophe-</span> 
     </span>
     <span class='ocr_line' id='line_1_8' title="bbox 278 246 1022 287; baseline -0.001 -10"><span class='ocrx_word' id='word_1_23' title='bbox 278 255 329 284; x_wconf 87' lang='lat' dir='ltr'>tas,</span> <span class='ocrx_word' id='word_1_24' title='bbox 347 248 403 287; x_wconf 89' lang='lat' dir='ltr'>jam</span> <span class='ocrx_word' id='word_1_25' title='bbox 422 248 510 277; x_wconf 85' lang='lat' dir='ltr'>Filius</span> <span class='ocrx_word' id='word_1_26' title='bbox 522 255 587 278; x_wconf 85' lang='lat' dir='ltr'>erat.</span> <span class='ocrx_word' id='word_1_27' title='bbox 604 247 709 277; x_wconf 86' lang='lat' dir='ltr'>Deinde</span> <span class='ocrx_word' id='word_1_28' title='bbox 720 248 744 276; x_wconf 89' lang='lat' dir='ltr'>si</span> <span class='ocrx_word' id='word_1_29' title='bbox 763 257 795 276; x_wconf 90' lang='lat' dir='ltr'>eo</span> <span class='ocrx_word' id='word_1_30' title='bbox 817 246 897 277; x_wconf 88' lang='lat' dir='ltr'>modo</span> <span class='ocrx_word' id='word_1_31' title='bbox 919 246 1022 276; x_wconf 87' lang='lat' dir='ltr'>dicitur</span> 
     </span>
     <span class='ocr_line' id='line_1_9' title="bbox 278 287 1022 325; baseline -0.001 -9"><span class='ocrx_word' id='word_1_32' title='bbox 278 288 364 324; x_wconf 86' lang='lat' dir='ltr'>filius,</span> <span class='ocrx_word' id='word_1_33' title='bbox 380 287 450 317; x_wconf 90' lang='lat' dir='ltr'>sicut</span> <span class='ocrx_word' id='word_1_34' title='bbox 475 298 566 317; x_wconf 87' lang='lat' dir='ltr'>omnes</span> <span class='ocrx_word' id='word_1_35' title='bbox 588 288 672 318; x_wconf 90' lang='lat' dir='ltr'>sancti</span> <span class='ocrx_word' id='word_1_36' title='bbox 682 310 690 324; x_wconf 95' lang='lat'>‚</span> <span class='ocrx_word' id='word_1_37' title='bbox 714 287 750 317; x_wconf 90' lang='lat' dir='ltr'>ad</span> <span class='ocrx_word' id='word_1_38' title='bbox 772 298 840 325; x_wconf 85' lang='lat' dir='ltr'>quos</span> <span class='ocrx_word' id='word_1_39' title='bbox 861 287 963 316; x_wconf 81' lang='lat' dir='ltr'>sactum</span> <span class='ocrx_word' id='word_1_40' title='bbox 982 293 1022 316; x_wconf 92' lang='lat' dir='ltr'>est</span> 
     </span>
     <span class='ocr_line' id='line_1_10' title="bbox 277 325 1022 396; baseline -0.003 -39"><span class='ocrx_word' id='word_1_41' title='bbox 277 328 391 358; x_wconf 86' lang='lat' dir='ltr'>verbum</span> <span class='ocrx_word' id='word_1_42' title='bbox 402 328 469 364; x_wconf 89' lang='lat' dir='ltr'>Dei;</span> <span class='ocrx_word' id='word_1_43' title='bbox 490 327 584 358; x_wconf 81' lang='lat' dir='ltr'>debuit</span> <span class='ocrx_word' id='word_1_44' title='bbox 597 334 686 357; x_wconf 87' lang='lat' dir='ltr'>autem</span> <span class='ocrx_word' id='word_1_45' title='bbox 698 334 723 358; x_wconf 90' lang='lat' dir='ltr'>et</span> <span class='ocrx_word' id='word_1_46' title='bbox 736 326 879 396; x_wconf 64' lang='lat' dir='ltr'>prophetas</span> <span class='ocrx_word' id='word_1_47' title='bbox 891 326 962 355; x_wconf 87' lang='lat' dir='ltr'>filios</span> <span class='ocrx_word' id='word_1_48' title='bbox 978 325 1022 356; x_wconf 90' lang='lat' dir='ltr'>di-</span> 
     </span>
     <span class='ocr_line' id='line_1_11' title="bbox 277 367 1023 405; baseline 0 -9"><span class='ocrx_word' id='word_1_49' title='bbox 277 377 346 402; x_wconf 88' lang='lat' dir='ltr'>cere,</span> <span class='ocrx_word' id='word_1_50' title='bbox 358 368 429 397; x_wconf 89' lang='lat' dir='ltr'>sicut</span> <span class='ocrx_word' id='word_1_51' title='bbox 442 374 467 397; x_wconf 89' lang='lat' dir='ltr'>et</span> <span class='ocrx_word' id='word_1_52' title='bbox 487 367 645 405; x_wconf 86' lang='lat' dir='ltr'>Christum;</span> <span class='ocrx_word' id='word_1_53' title='bbox 660 374 707 397; x_wconf 88' lang='lat' dir='ltr'>aut</span> <span class='ocrx_word' id='word_1_54' title='bbox 720 374 746 397; x_wconf 89' lang='lat' dir='ltr'>et</span> <span class='ocrx_word' id='word_1_55' title='bbox 761 368 783 397; x_wconf 91' lang='lat' dir='ltr'>C</span> <span class='ocrx_word' id='word_1_56' title='bbox 805 367 900 396; x_wconf 85' lang='lat' dir='ltr'>ristum</span> <span class='ocrx_word' id='word_1_57' title='bbox 913 376 1023 396; x_wconf 82' lang='lat' dir='ltr'>servum</span> 
     </span>
     <span class='ocr_line' id='line_1_12' title="bbox 278 406 1025 448; baseline 0 -13"><span class='ocrx_word' id='word_1_58' title='bbox 278 406 377 444; x_wconf 85' lang='lat' dir='ltr'><strong>dicere,</strong></span> <span class='ocrx_word' id='word_1_59' title='bbox 390 407 460 436; x_wconf 87' lang='lat' dir='ltr'>sicut</span> <span class='ocrx_word' id='word_1_60' title='bbox 471 414 497 437; x_wconf 90' lang='lat' dir='ltr'>et</span> <span class='ocrx_word' id='word_1_61' title='bbox 507 415 614 438; x_wconf 69' lang='lat' dir='ltr'>caeteros</span> <span class='ocrx_word' id='word_1_62' title='bbox 626 407 770 448; x_wconf 87' lang='lat' dir='ltr'>prophetas</span> <span class='ocrx_word' id='word_1_63' title='bbox 784 419 791 436; x_wconf 70' lang='grc' dir='ltr'>ε</span> <span class='ocrx_word' id='word_1_64' title='bbox 813 417 847 436; x_wconf 86' lang='lat' dir='ltr'>ex</span> <span class='ocrx_word' id='word_1_65' title='bbox 858 417 912 446; x_wconf 91' lang='lat' dir='ltr'>qua</span> <span class='ocrx_word' id='word_1_66' title='bbox 923 417 952 436; x_wconf 88' lang='lat' dir='ltr'>re</span> <span class='ocrx_word' id='word_1_67' title='bbox 983 416 1025 435; x_wconf 81' lang='lat' dir='ltr'>ro—</span> 
     </span>
    </p>
   </div>
   <div class='ocr_carea' id='block_1_6' title="bbox 208 446 1023 486">
    <p class='ocr_par' dir='ltr' id='par_1_6' title="bbox 208 446 1023 486">
     <span class='ocr_line' id='line_1_13' title="bbox 208 446 1023 486; baseline 0.001 -12"><span class='ocrx_word' id='word_1_68' title='bbox 208 457 270 474; x_wconf 68' lang='lat' dir='ltr'>chx</span> <span class='ocrx_word' id='word_1_69' title='bbox 279 446 372 486; x_wconf 84' lang='lat' dir='ltr'>phetas</span> <span class='ocrx_word' id='word_1_70' title='bbox 391 446 501 486; x_wconf 86' lang='lat' dir='ltr'>quidem</span> <span class='ocrx_word' id='word_1_71' title='bbox 515 458 606 478; x_wconf 87' lang='lat' dir='ltr'>servos</span> <span class='ocrx_word' id='word_1_72' title='bbox 625 457 728 484; x_wconf 73' lang='lat' dir='ltr'>omneS,</span> <span class='ocrx_word' id='word_1_73' title='bbox 746 447 922 476; x_wconf 86' lang='lat' dir='ltr'>hunc.autem</span> <span class='ocrx_word' id='word_1_74' title='bbox 934 457 964 476; x_wconf 91' lang='lat' dir='ltr'>so</span> <span class='ocrx_word' id='word_1_75' title='bbox 977 456 1023 475; x_wconf 88' lang='lat' dir='ltr'>um</span> 
     </span>
    </p>
   </div>
   <div class='ocr_carea' id='block_1_7' title="bbox 277 486 1025 725">
    <p class='ocr_par' dir='ltr' id='par_1_7' title="bbox 277 486 1025 725">
     <span class='ocr_line' id='line_1_14' title="bbox 279 486 1024 527; baseline -0.001 -12"><span class='ocrx_word' id='word_1_76' title='bbox 279 486 382 516; x_wconf 90' lang='lat' dir='ltr'>Filium</span> <span class='ocrx_word' id='word_1_77' title='bbox 395 487 554 527; x_wconf 79' lang='lat' dir='ltr'>appellavit.</span> <span class='ocrx_word' id='word_1_78' title='bbox 569 489 618 518; x_wconf 80' lang='lat'>59.</span> <span class='ocrx_word' id='word_1_79' title='bbox 640 488 669 517; x_wconf 90' lang='lat' dir='ltr'><em>E</em></span> <span class='ocrx_word' id='word_1_80' title='bbox 671 493 682 516; x_wconf 81' lang='lat' dir='ltr'>t</span> <span class='ocrx_word' id='word_1_81' title='bbox 700 488 847 526; x_wconf 73' lang='lat' dir='ltr'>ejecerunt</span> <span class='ocrx_word' id='word_1_82' title='bbox 859 497 925 516; x_wconf 84' lang='lat' dir='ltr'>eum</span> <span class='ocrx_word' id='word_1_83' title='bbox 939 492 1024 515; x_wconf 80' lang='lat' dir='ltr'>extra</span> 
     </span>
     <span class='ocr_line' id='line_1_15' title="bbox 278 526 1025 563; baseline 0.001 -9"><span class='ocrx_word' id='word_1_84' title='bbox 278 527 409 556; x_wconf 80' lang='lat' dir='ltr'>vineam.</span> <span class='ocrx_word' id='word_1_85' title='bbox 426 527 458 557; x_wconf 84' lang='lat' dir='ltr'>ld</span> <span class='ocrx_word' id='word_1_86' title='bbox 485 534 534 563; x_wconf 90' lang='lat' dir='ltr'>est,</span> <span class='ocrx_word' id='word_1_87' title='bbox 549 534 624 557; x_wconf 79' lang='lat' dir='ltr'>extra</span> <span class='ocrx_word' id='word_1_88' title='bbox 651 527 786 557; x_wconf 84' lang='lat' dir='ltr'>civitatem</span> <span class='ocrx_word' id='word_1_89' title='bbox 811 526 972 556; x_wconf 81' lang='lat' dir='ltr'><strong>Jerusalem.</strong></span> <span class='ocrx_word' id='word_1_90' title='bbox 988 526 1025 555; x_wconf 89' lang='lat' dir='ltr'>Et</span> 
     </span>
     <span class='ocr_line' id='line_1_16' title="bbox 277 565 1025 607; baseline 0 -12"><span class='ocrx_word' id='word_1_91' title='bbox 277 565 367 595; x_wconf 84' lang='lat' dir='ltr'>Judaei</span> <span class='ocrx_word' id='word_1_92' title='bbox 379 577 427 596; x_wconf 90' lang='lat' dir='ltr'>suo</span> <span class='ocrx_word' id='word_1_93' title='bbox 441 567 555 596; x_wconf 89' lang='lat' dir='ltr'>consilio</span> <span class='ocrx_word' id='word_1_94' title='bbox 565 568 608 596; x_wconf 92' lang='lat' dir='ltr'>usi</span> <span class='ocrx_word' id='word_1_95' title='bbox 621 568 755 607; x_wconf 86' lang='lat' dir='ltr'>ejecerunt</span> <span class='ocrx_word' id='word_1_96' title='bbox 764 577 837 603; x_wconf 90' lang='lat' dir='ltr'>eum,</span> <span class='ocrx_word' id='word_1_97' title='bbox 851 573 877 595; x_wconf 92' lang='lat' dir='ltr'>et</span> <span class='ocrx_word' id='word_1_98' title='bbox 890 567 964 595; x_wconf 89' lang='lat' dir='ltr'>Deus</span> <span class='ocrx_word' id='word_1_99' title='bbox 974 576 1025 595; x_wconf 88' lang='lat' dir='ltr'>suo</span> 
     </span>
     <span class='ocr_line' id='line_1_17' title="bbox 278 605 1024 647; baseline 0 -13"><span class='ocrx_word' id='word_1_100' title='bbox 278 606 392 636; x_wconf 89' lang='lat' dir='ltr'>consilio</span> <span class='ocrx_word' id='word_1_101' title='bbox 403 606 463 647; x_wconf 86' lang='lat' dir='ltr'>ejici</span> <span class='ocrx_word' id='word_1_102' title='bbox 470 618 533 636; x_wconf 87' lang='lat' dir='ltr'>eum</span> <span class='ocrx_word' id='word_1_103' title='bbox 544 607 690 637; x_wconf 86' lang='lat' dir='ltr'>ordinavit.</span> <span class='ocrx_word' id='word_1_104' title='bbox 702 606 749 636; x_wconf 91' lang='lat' dir='ltr'>Isti</span> <span class='ocrx_word' id='word_1_105' title='bbox 759 606 921 645; x_wconf 78' lang='lat' dir='ltr'><strong>cogitabant,</strong></span> <span class='ocrx_word' id='word_1_106' title='bbox 934 613 964 635; x_wconf 91' lang='lat' dir='ltr'>ut</span> <span class='ocrx_word' id='word_1_107' title='bbox 971 605 1024 635; x_wconf 88' lang='lat' dir='ltr'>cri-</span> 
     </span>
     <span class='ocr_line' id='line_1_18' title="bbox 278 646 1024 687; baseline 0 -13"><span class='ocrx_word' id='word_1_108' title='bbox 278 655 338 674; x_wconf 86' lang='lat' dir='ltr'>men</span> <span class='ocrx_word' id='word_1_109' title='bbox 353 647 446 676; x_wconf 88' lang='lat' dir='ltr'>mortis</span> <span class='ocrx_word' id='word_1_110' title='bbox 454 647 513 687; x_wconf 88' lang='lat' dir='ltr'>ejus</span> <span class='ocrx_word' id='word_1_111' title='bbox 523 655 599 678; x_wconf 79' lang='lat' dir='ltr'>extra</span> <span class='ocrx_word' id='word_1_112' title='bbox 607 647 741 677; x_wconf 88' lang='lat' dir='ltr'>civitatem</span> <span class='ocrx_word' id='word_1_113' title='bbox 753 646 933 686; x_wconf 76' lang='lat' dir='ltr'>expellerent:</span> <span class='ocrx_word' id='word_1_114' title='bbox 950 647 1024 675; x_wconf 91' lang='lat' dir='ltr'>Deus</span> 
     </span>
     <span class='ocr_line' id='line_1_19' title="bbox 277 685 1024 725; baseline -0.001 -10"><span class='ocrx_word' id='word_1_115' title='bbox 277 685 422 724; x_wconf 80' lang='lat' dir='ltr'>cogitabat,</span> <span class='ocrx_word' id='word_1_116' title='bbox 437 697 470 715; x_wconf 89' lang='lat' dir='ltr'>ne</span> <span class='ocrx_word' id='word_1_117' title='bbox 493 687 581 717; x_wconf 87' lang='lat' dir='ltr'>virtus</span> <span class='ocrx_word' id='word_1_118' title='bbox 594 686 796 716; x_wconf 81' lang='lat' dir='ltr'>resurrectionis</span> <span class='ocrx_word' id='word_1_119' title='bbox 817 685 875 725; x_wconf 89' lang='lat' dir='ltr'>ejus</span> <span class='ocrx_word' id='word_1_120' title='bbox 889 685 1024 716; x_wconf 84' lang='lat' dir='ltr'>civitatem</span> 
     </span>
    </p>
   </div>
   <div class='ocr_carea' id='block_1_8' title="bbox 277 724 1057 764">
    <p class='ocr_par' dir='ltr' id='par_1_8' title="bbox 277 724 1057 764">
     <span class='ocr_line' id='line_1_20' title="bbox 277 724 1057 764; baseline -0.001 -10"><span class='ocrx_word' id='word_1_121' title='bbox 277 725 408 755; x_wconf 83' lang='lat' dir='ltr'>scelerum</span> <span class='ocrx_word' id='word_1_122' title='bbox 418 727 544 764; x_wconf 87' lang='lat' dir='ltr'>salvaret,</span> <span class='ocrx_word' id='word_1_123' title='bbox 559 727 589 757; x_wconf 88' lang='lat' dir='ltr'>id</span> <span class='ocrx_word' id='word_1_124' title='bbox 600 734 651 757; x_wconf 87' lang='lat' dir='ltr'>est.</span> <span class='ocrx_word' id='word_1_125' title='bbox 660 733 689 756; x_wconf 91' lang='lat' dir='ltr'>ut</span> <span class='ocrx_word' id='word_1_126' title='bbox 701 725 805 756; x_wconf 87' lang='lat' dir='ltr'>Judaeis</span> <span class='ocrx_word' id='word_1_127' title='bbox 818 724 928 764; x_wconf 89' lang='lat' dir='ltr'>quidem</span> <span class='ocrx_word' id='word_1_128' title='bbox 942 735 1025 754; x_wconf 88' lang='lat' dir='ltr'>more·</span> <span class='ocrx_word' id='word_1_129' title='bbox 1039 730 1057 753; x_wconf 88' lang='lat' dir='ltr'>B</span> 
     </span>
    </p>
   </div>
   <div class='ocr_carea' id='block_1_9' title="bbox 269 763 1056 2511">
    <p class='ocr_par' dir='ltr' id='par_1_9' title="bbox 269 763 1056 2511">
     <span class='ocr_line' id='line_1_21' title="bbox 278 763 1025 807; baseline -0.001 -13"><span class='ocrx_word' id='word_1_130' title='bbox 278 772 354 795; x_wconf 89' lang='lat' dir='ltr'>retur</span> <span class='ocrx_word' id='word_1_131' title='bbox 373 765 408 795; x_wconf 90' lang='lat' dir='ltr'>ad</span> <span class='ocrx_word' id='word_1_132' title='bbox 422 773 553 803; x_wconf 86' lang='lat' dir='ltr'>mortem,</span> <span class='ocrx_word' id='word_1_133' title='bbox 574 767 698 807; x_wconf 83' lang='lat' dir='ltr'>gentibus</span> <span class='ocrx_word' id='word_1_134' title='bbox 717 772 806 794; x_wconf 87' lang='lat' dir='ltr'>autem</span> <span class='ocrx_word' id='word_1_135' title='bbox 828 772 976 805; x_wconf 81' lang='lat' dir='ltr'>resurgeret</span> <span class='ocrx_word' id='word_1_136' title='bbox 989 763 1025 793; x_wconf 91' lang='lat' dir='ltr'>ad</span> 
     </span>
     <span class='ocr_line' id='line_1_22' title="bbox 277 805 1026 847; baseline -0.001 -13"><span class='ocrx_word' id='word_1_137' title='bbox 277 805 372 835; x_wconf 87' lang='lat' dir='ltr'>vitam.</span> <span class='ocrx_word' id='word_1_138' title='bbox 394 807 443 835; x_wconf 64' lang='lat'>100.</span> <span class='ocrx_word' id='word_1_139' title='bbox 470 808 541 836; x_wconf 83' lang='lat' dir='ltr'>Cum</span> <span class='ocrx_word' id='word_1_140' title='bbox 563 817 631 847; x_wconf 83' lang='lat' dir='ltr'>ergo</span> <span class='ocrx_word' id='word_1_141' title='bbox 648 806 764 836; x_wconf 83' lang='lat' dir='ltr'>venerit</span> <span class='ocrx_word' id='word_1_142' title='bbox 782 806 917 834; x_wconf 80' lang='lat' dir='ltr'>dominus</span> <span class='ocrx_word' id='word_1_143' title='bbox 929 828 937 842; x_wconf 92' lang='lat'>,</span> <span class='ocrx_word' id='word_1_144' title='bbox 953 805 1026 844; x_wconf 85' lang='lat' dir='ltr'>quid</span> 
     </span>
     <span class='ocr_line' id='line_1_23' title="bbox 269 844 1024 885; baseline -0.001 -11"><span class='ocrx_word' id='word_1_145' title='bbox 269 845 370 885; x_wconf 81' lang='lat' dir='ltr'>saciet</span> <span class='ocrx_word' id='word_1_146' title='bbox 391 847 503 876; x_wconf 80' lang='lat' dir='ltr'>colonis</span> <span class='ocrx_word' id='word_1_147' title='bbox 526 847 609 876; x_wconf 74' lang='lat' dir='ltr'>illis?</span> <span class='ocrx_word' id='word_1_148' title='bbox 625 847 676 876; x_wconf 68' lang='lat'>41.</span> <span class='ocrx_word' id='word_1_149' title='bbox 701 846 812 875; x_wconf 84' lang='lat' dir='ltr'>Dicunt</span> <span class='ocrx_word' id='word_1_150' title='bbox 831 845 878 874; x_wconf 86' lang='lat' dir='ltr'>illi</span> <span class='ocrx_word' id='word_1_151' title='bbox 897 855 905 871; x_wconf 84' lang='grc'>.-</span> <span class='ocrx_word' id='word_1_152' title='bbox 925 844 1024 874; x_wconf 81' lang='lat' dir='ltr'>Malos</span> 
     </span>
     <span class='ocr_line' id='line_1_24' title="bbox 280 883 1022 925; baseline 0 -12"><span class='ocrx_word' id='word_1_153' title='bbox 280 885 357 914; x_wconf 86' lang='lat' dir='ltr'>male</span> <span class='ocrx_word' id='word_1_154' title='bbox 374 887 485 925; x_wconf 82' lang='lat' dir='ltr'>perdet.</span> <span class='ocrx_word' id='word_1_155' title='bbox 500 887 561 917; x_wconf 92' lang='lat' dir='ltr'>Non</span> <span class='ocrx_word' id='word_1_156' title='bbox 576 893 616 916; x_wconf 86' lang='lat' dir='ltr'>est</span> <span class='ocrx_word' id='word_1_157' title='bbox 636 886 747 915; x_wconf 86' lang='lat' dir='ltr'>illorum</span> <span class='ocrx_word' id='word_1_158' title='bbox 769 884 842 924; x_wconf 87' lang='lat' dir='ltr'>quod</span> <span class='ocrx_word' id='word_1_159' title='bbox 857 885 930 924; x_wconf 88' lang='lat' dir='ltr'>juste</span> <span class='ocrx_word' id='word_1_160' title='bbox 946 883 1022 925; x_wconf 88' lang='lat' dir='ltr'>judi-</span> 
     </span>
     <span class='ocr_line' id='line_1_25' title="bbox 279 925 1024 966; baseline 0 -13"><span class='ocrx_word' id='word_1_161' title='bbox 279 932 426 963; x_wconf 87' lang='lat' dir='ltr'>caverunt,</span> <span class='ocrx_word' id='word_1_162' title='bbox 440 925 487 955; x_wconf 91' lang='lat' dir='ltr'>sed</span> <span class='ocrx_word' id='word_1_163' title='bbox 511 926 597 966; x_wconf 89' lang='lat' dir='ltr'>ipsius</span> <span class='ocrx_word' id='word_1_164' title='bbox 616 936 712 956; x_wconf 88' lang='lat' dir='ltr'>causae.</span> <span class='ocrx_word' id='word_1_165' title='bbox 725 925 775 955; x_wconf 85' lang='lat' dir='ltr'>Est</span> <span class='ocrx_word' id='word_1_166' title='bbox 795 925 867 953; x_wconf 89' lang='lat' dir='ltr'>enim</span> <span class='ocrx_word' id='word_1_167' title='bbox 885 935 964 954; x_wconf 89' lang='lat' dir='ltr'>causa</span> <span class='ocrx_word' id='word_1_168' title='bbox 977 934 1024 953; x_wconf 88' lang='lat' dir='ltr'>ve-</span> 
     </span>
     <span class='ocr_line' id='line_1_26' title="bbox 278 964 1024 1004; baseline 0 -11"><span class='ocrx_word' id='word_1_169' title='bbox 278 964 377 1001; x_wconf 89' lang='lat' dir='ltr'>ritatis,</span> <span class='ocrx_word' id='word_1_170' title='bbox 392 976 451 1004; x_wconf 87' lang='lat' dir='ltr'>quae</span> <span class='ocrx_word' id='word_1_171' title='bbox 477 966 553 1004; x_wconf 88' lang='lat' dir='ltr'>quasi</span> <span class='ocrx_word' id='word_1_172' title='bbox 575 965 731 997; x_wconf 87' lang='lat' dir='ltr'>violentiam</span> <span class='ocrx_word' id='word_1_173' title='bbox 754 964 810 993; x_wconf 89' lang='lat' dir='ltr'>illis</span> <span class='ocrx_word' id='word_1_174' title='bbox 829 964 906 1001; x_wconf 81' lang='lat' dir='ltr'>fecit,</span> <span class='ocrx_word' id='word_1_175' title='bbox 924 971 954 993; x_wconf 91' lang='lat' dir='ltr'>ut</span> <span class='ocrx_word' id='word_1_176' title='bbox 970 974 1024 993; x_wconf 90' lang='lat' dir='ltr'>non</span> 
     </span>
     <span class='ocr_line' id='line_1_27' title="bbox 279 1004 1023 1043; baseline 0.001 -11"><span class='ocrx_word' id='word_1_177' title='bbox 279 1012 386 1043; x_wconf 85' lang='lat' dir='ltr'>possent</span> <span class='ocrx_word' id='word_1_178' title='bbox 399 1016 458 1034; x_wconf 91' lang='lat' dir='ltr'>eam</span> <span class='ocrx_word' id='word_1_179' title='bbox 471 1005 567 1036; x_wconf 89' lang='lat' dir='ltr'>celare.</span> <span class='ocrx_word' id='word_1_180' title='bbox 588 1006 665 1036; x_wconf 81' lang='lat' dir='ltr'>Sicut</span> <span class='ocrx_word' id='word_1_181' title='bbox 678 1005 734 1034; x_wconf 89' lang='lat' dir='ltr'>sole</span> <span class='ocrx_word' id='word_1_182' title='bbox 747 1004 775 1033; x_wconf 92' lang='lat' dir='ltr'>in</span> <span class='ocrx_word' id='word_1_183' title='bbox 789 1004 909 1033; x_wconf 86' lang='lat' dir='ltr'>nubibus</span> <span class='ocrx_word' id='word_1_184' title='bbox 923 1005 1023 1033; x_wconf 90' lang='lat' dir='ltr'>consti-</span> 
     </span>
     <span class='ocr_line' id='line_1_28' title="bbox 278 1043 1024 1084; baseline -0.001 -11"><span class='ocrx_word' id='word_1_185' title='bbox 278 1050 348 1080; x_wconf 86' lang='lat' dir='ltr'>tuto,</span> <span class='ocrx_word' id='word_1_186' title='bbox 362 1044 425 1082; x_wconf 83' lang='lat' dir='ltr'>hoc,</span> <span class='ocrx_word' id='word_1_187' title='bbox 441 1045 512 1084; x_wconf 91' lang='lat' dir='ltr'>quod</span> <span class='ocrx_word' id='word_1_188' title='bbox 528 1053 566 1075; x_wconf 88' lang='lat' dir='ltr'>est</span> <span class='ocrx_word' id='word_1_189' title='bbox 583 1045 653 1082; x_wconf 90' lang='lat' dir='ltr'>dies,</span> <span class='ocrx_word' id='word_1_190' title='bbox 667 1055 720 1074; x_wconf 91' lang='lat' dir='ltr'>non</span> <span class='ocrx_word' id='word_1_191' title='bbox 731 1051 770 1073; x_wconf 88' lang='lat' dir='ltr'>est</span> <span class='ocrx_word' id='word_1_192' title='bbox 783 1043 897 1072; x_wconf 89' lang='lat' dir='ltr'>nubium</span> <span class='ocrx_word' id='word_1_193' title='bbox 930 1044 1024 1073; x_wconf 89' lang='lat' dir='ltr'>ermit-</span> 
     </span>
     <span class='ocr_line' id='line_1_29' title="bbox 278 1083 1024 1125; baseline 0 -13"><span class='ocrx_word' id='word_1_194' title='bbox 278 1083 393 1112; x_wconf 85' lang='lat' dir='ltr'>tentium</span> <span class='ocrx_word' id='word_1_195' title='bbox 413 1095 476 1114; x_wconf 90' lang='lat' dir='ltr'>eum</span> <span class='ocrx_word' id='word_1_196' title='bbox 489 1095 616 1125; x_wconf 90' lang='lat' dir='ltr'>apparere</span> <span class='ocrx_word' id='word_1_197' title='bbox 640 1095 722 1124; x_wconf 89' lang='lat' dir='ltr'>super</span> <span class='ocrx_word' id='word_1_198' title='bbox 742 1091 853 1120; x_wconf 88' lang='lat' dir='ltr'>terram,</span> <span class='ocrx_word' id='word_1_199' title='bbox 869 1094 881 1113; x_wconf 92' lang='lat' dir='ltr'>s</span> <span class='ocrx_word' id='word_1_200' title='bbox 936 1084 1024 1113; x_wconf 82' lang='lat' dir='ltr'>virtus</span> 
     </span>
     <span class='ocr_line' id='line_1_30' title="bbox 278 1122 1025 1164; baseline 0.003 -14"><span class='ocrx_word' id='word_1_201' title='bbox 278 1122 354 1158; x_wconf 87' lang='lat' dir='ltr'>solis,</span> <span class='ocrx_word' id='word_1_202' title='bbox 366 1134 426 1162; x_wconf 82' lang='lat' dir='ltr'>quae</span> <span class='ocrx_word' id='word_1_203' title='bbox 448 1124 626 1164; x_wconf 84' lang='lat' dir='ltr'>pertransiens</span> <span class='ocrx_word' id='word_1_204' title='bbox 644 1124 739 1159; x_wconf 82' lang='lat' dir='ltr'>nubes,</span> <span class='ocrx_word' id='word_1_205' title='bbox 753 1123 835 1152; x_wconf 90' lang='lat' dir='ltr'>etiam</span> <span class='ocrx_word' id='word_1_206' title='bbox 852 1122 1025 1163; x_wconf 89' lang='lat' dir='ltr'>impedienti-</span> 
     </span>
     <span class='ocr_line' id='line_1_31' title="bbox 278 1162 1024 1203; baseline 0.003 -13"><span class='ocrx_word' id='word_1_207' title='bbox 278 1162 330 1191; x_wconf 86' lang='lat' dir='ltr'>bus</span> <span class='ocrx_word' id='word_1_208' title='bbox 343 1162 380 1191; x_wconf 90' lang='lat' dir='ltr'>eis</span> <span class='ocrx_word' id='word_1_209' title='bbox 392 1170 519 1203; x_wconf 86' lang='lat' dir='ltr'>apparet:</span> <span class='ocrx_word' id='word_1_210' title='bbox 531 1165 570 1194; x_wconf 88' lang='lat' dir='ltr'>sic</span> <span class='ocrx_word' id='word_1_211' title='bbox 579 1165 651 1203; x_wconf 86' lang='lat' dir='ltr'>juste</span> <span class='ocrx_word' id='word_1_212' title='bbox 669 1162 855 1202; x_wconf 89' lang='lat' dir='ltr'>pronuntiavit</span> <span class='ocrx_word' id='word_1_213' title='bbox 864 1163 882 1192; x_wconf 90' lang='lat' dir='ltr'><strong>J</strong></span> <span class='ocrx_word' id='word_1_214' title='bbox 885 1162 1024 1192; x_wconf 84' lang='lat' dir='ltr'>udaeorum</span> 
     </span>
     <span class='ocr_line' id='line_1_32' title="bbox 278 1201 1025 1243; baseline 0.001 -14"><span class='ocrx_word' id='word_1_215' title='bbox 278 1210 331 1230; x_wconf 91' lang='lat' dir='ltr'>non</span> <span class='ocrx_word' id='word_1_216' title='bbox 346 1201 460 1241; x_wconf 84' lang='lat' dir='ltr'>placata,</span> <span class='ocrx_word' id='word_1_217' title='bbox 473 1202 520 1231; x_wconf 85' lang='lat' dir='ltr'>sed</span> <span class='ocrx_word' id='word_1_218' title='bbox 543 1203 665 1243; x_wconf 85' lang='lat' dir='ltr'>apposita</span> <span class='ocrx_word' id='word_1_219' title='bbox 678 1201 841 1241; x_wconf 75' lang='lat' dir='ltr'>malignitas,</span> <span class='ocrx_word' id='word_1_220' title='bbox 858 1203 1025 1231; x_wconf 84' lang='lat' dir='ltr'>Erraverunt</span> 
     </span>
     <span class='ocr_line' id='line_1_33' title="bbox 277 1240 1024 1279; baseline 0.001 -10"><span class='ocrx_word' id='word_1_221' title='bbox 277 1240 346 1270; x_wconf 87' lang='lat' dir='ltr'>bene</span> <span class='ocrx_word' id='word_1_222' title='bbox 355 1240 479 1271; x_wconf 78' lang='lat' dir='ltr'>dicendo.</span> <span class='ocrx_word' id='word_1_223' title='bbox 496 1243 565 1272; x_wconf 85' lang='lat' dir='ltr'>Nam</span> <span class='ocrx_word' id='word_1_224' title='bbox 577 1241 717 1271; x_wconf 83' lang='lat' dir='ltr'>mendaces</span> <span class='ocrx_word' id='word_1_225' title='bbox 729 1247 861 1279; x_wconf 88' lang='lat' dir='ltr'>quantum</span> <span class='ocrx_word' id='word_1_226' title='bbox 873 1240 907 1269; x_wconf 90' lang='lat' dir='ltr'>ad</span> <span class='ocrx_word' id='word_1_227' title='bbox 920 1251 948 1269; x_wconf 89' lang='lat' dir='ltr'>se</span> <span class='ocrx_word' id='word_1_228' title='bbox 959 1248 1024 1270; x_wconf 88' lang='lat' dir='ltr'>tunc</span> 
     </span>
     <span class='ocr_line' id='line_1_34' title="bbox 277 1279 1022 1320; baseline 0 -11"><span class='ocrx_word' id='word_1_229' title='bbox 277 1281 444 1310; x_wconf 88' lang='lat' dir='ltr'>mentiuntur</span> <span class='ocrx_word' id='word_1_230' title='bbox 455 1303 463 1318; x_wconf 90' lang='lat'>‚</span> <span class='ocrx_word' id='word_1_231' title='bbox 484 1282 591 1320; x_wconf 91' lang='lat' dir='ltr'>quando</span> <span class='ocrx_word' id='word_1_232' title='bbox 613 1281 732 1310; x_wconf 85' lang='lat' dir='ltr'>dixerint</span> <span class='ocrx_word' id='word_1_233' title='bbox 750 1279 889 1310; x_wconf 74' lang='lat' dir='ltr'>veritatem</span> <span class='ocrx_word' id='word_1_234' title='bbox 905 1291 912 1308; x_wconf 89' lang='lat'>:</span> <span class='ocrx_word' id='word_1_235' title='bbox 933 1279 980 1309; x_wconf 89' lang='lat' dir='ltr'>sed</span> <span class='ocrx_word' id='word_1_236' title='bbox 995 1280 1022 1309; x_wconf 90' lang='lat' dir='ltr'>in</span> 
     </span>
     <span class='ocr_line' id='line_1_35' title="bbox 278 1319 1056 1357; baseline -0.001 -8"><span class='ocrx_word' id='word_1_237' title='bbox 278 1320 330 1349; x_wconf 90' lang='lat' dir='ltr'>hoc</span> <span class='ocrx_word' id='word_1_238' title='bbox 343 1321 452 1357; x_wconf 86' lang='lat' dir='ltr'>saeculo,</span> <span class='ocrx_word' id='word_1_239' title='bbox 468 1321 516 1350; x_wconf 87' lang='lat' dir='ltr'>ubi</span> <span class='ocrx_word' id='word_1_240' title='bbox 535 1322 598 1351; x_wconf 83' lang='lat' dir='ltr'>licet</span> <span class='ocrx_word' id='word_1_241' title='bbox 611 1320 767 1350; x_wconf 90' lang='lat' dir='ltr'>hominibus</span> <span class='ocrx_word' id='word_1_242' title='bbox 782 1319 859 1349; x_wconf 88' lang='lat' dir='ltr'>aliud</span> <span class='ocrx_word' id='word_1_243' title='bbox 877 1319 974 1349; x_wconf 90' lang='lat' dir='ltr'>sentire</span> <span class='ocrx_word' id='word_1_244' title='bbox 994 1319 1022 1349; x_wconf 90' lang='lat' dir='ltr'>in</span> <span class='ocrx_word' id='word_1_245' title='bbox 1038 1330 1056 1354; x_wconf 85' lang='lat' dir='ltr'>c</span> 
     </span>
     <span class='ocr_line' id='line_1_36' title="bbox 278 1359 1022 1395; baseline -0.001 -6"><span class='ocrx_word' id='word_1_246' title='bbox 278 1359 369 1395; x_wconf 88' lang='lat' dir='ltr'>corde,</span> <span class='ocrx_word' id='word_1_247' title='bbox 384 1367 410 1389; x_wconf 93' lang='lat' dir='ltr'>et</span> <span class='ocrx_word' id='word_1_248' title='bbox 423 1360 499 1390; x_wconf 90' lang='lat' dir='ltr'>aliud</span> <span class='ocrx_word' id='word_1_249' title='bbox 512 1360 601 1390; x_wconf 85' lang='lat' dir='ltr'>dicere</span> <span class='ocrx_word' id='word_1_250' title='bbox 615 1361 642 1390; x_wconf 90' lang='lat' dir='ltr'>in</span> <span class='ocrx_word' id='word_1_251' title='bbox 654 1369 785 1395; x_wconf 82' lang='lat' dir='ltr'>sermone,</span> <span class='ocrx_word' id='word_1_252' title='bbox 797 1365 885 1388; x_wconf 89' lang='lat' dir='ltr'>tamen</span> <span class='ocrx_word' id='word_1_253' title='bbox 897 1359 934 1388; x_wconf 89' lang='lat' dir='ltr'>ita</span> <span class='ocrx_word' id='word_1_254' title='bbox 947 1359 1022 1389; x_wconf 87' lang='lat' dir='ltr'>veri-</span> 
     </span>
     <span class='ocr_line' id='line_1_37' title="bbox 277 1399 1022 1436; baseline -0.001 -8"><span class='ocrx_word' id='word_1_255' title='bbox 277 1405 330 1428; x_wconf 85' lang='lat' dir='ltr'>tate</span> <span class='ocrx_word' id='word_1_256' title='bbox 341 1399 443 1430; x_wconf 85' lang='lat' dir='ltr'>Christi</span> <span class='ocrx_word' id='word_1_257' title='bbox 455 1400 657 1430; x_wconf 83' lang='lat' dir='ltr'>circumdantur</span> <span class='ocrx_word' id='word_1_258' title='bbox 669 1399 791 1428; x_wconf 88' lang='lat' dir='ltr'>homines</span> <span class='ocrx_word' id='word_1_259' title='bbox 806 1405 832 1427; x_wconf 88' lang='lat' dir='ltr'>et</span> <span class='ocrx_word' id='word_1_260' title='bbox 845 1405 976 1436; x_wconf 90' lang='lat' dir='ltr'>tenentur,</span> <span class='ocrx_word' id='word_1_261' title='bbox 993 1405 1022 1428; x_wconf 90' lang='lat' dir='ltr'>ut</span> 
     </span>
     <span class='ocr_line' id='line_1_38' title="bbox 278 1437 1022 1481; baseline 0 -13"><span class='ocrx_word' id='word_1_262' title='bbox 278 1440 329 1480; x_wconf 92' lang='lat' dir='ltr'>ipsi</span> <span class='ocrx_word' id='word_1_263' title='bbox 343 1440 472 1470; x_wconf 88' lang='lat' dir='ltr'>adversus</span> <span class='ocrx_word' id='word_1_264' title='bbox 482 1451 509 1469; x_wconf 91' lang='lat' dir='ltr'>se</span> <span class='ocrx_word' id='word_1_265' title='bbox 512 1440 618 1481; x_wconf 68' lang='lat' dir='ltr'>judices</span> <span class='ocrx_word' id='word_1_266' title='bbox 626 1437 936 1477; x_wconf 81' lang='lat' dir='ltr'>fiant.Putas,quomodo</span> <span class='ocrx_word' id='word_1_267' title='bbox 943 1438 969 1467; x_wconf 92' lang='lat' dir='ltr'>in</span> <span class='ocrx_word' id='word_1_268' title='bbox 977 1437 1022 1468; x_wconf 87' lang='lat' dir='ltr'>die</span> 
     </span>
     <span class='ocr_line' id='line_1_39' title="bbox 274 1478 1019 1520; baseline -0.003 -12"><span class='ocrx_word' id='word_1_269' title='bbox 274 1479 373 1520; x_wconf 90' lang='lat' dir='ltr'>judicii</span> <span class='ocrx_word' id='word_1_270' title='bbox 387 1480 563 1510; x_wconf 88' lang='lat' dir='ltr'>convincendi</span> <span class='ocrx_word' id='word_1_271' title='bbox 575 1487 638 1509; x_wconf 90' lang='lat' dir='ltr'>sunt</span> <span class='ocrx_word' id='word_1_272' title='bbox 649 1485 798 1520; x_wconf 80' lang='lat' dir='ltr'>peccatores</span> <span class='ocrx_word' id='word_1_273' title='bbox 818 1478 843 1507; x_wconf 92' lang='lat' dir='ltr'>in</span> <span class='ocrx_word' id='word_1_274' title='bbox 858 1478 914 1507; x_wconf 89' lang='lat' dir='ltr'>suis</span> <span class='ocrx_word' id='word_1_275' title='bbox 926 1488 1019 1518; x_wconf 87' lang='lat' dir='ltr'>pecca-</span> 
     </span>
     <span class='ocr_line' id='line_1_40' title="bbox 277 1517 1021 1556; baseline -0.004 -7"><span class='ocrx_word' id='word_1_276' title='bbox 277 1519 322 1556; x_wconf 89' lang='lat' dir='ltr'>tis,</span> <span class='ocrx_word' id='word_1_277' title='bbox 336 1520 372 1548; x_wconf 86' lang='lat' dir='ltr'>ita</span> <span class='ocrx_word' id='word_1_278' title='bbox 387 1526 416 1549; x_wconf 90' lang='lat' dir='ltr'>ut</span> <span class='ocrx_word' id='word_1_279' title='bbox 429 1520 536 1549; x_wconf 88' lang='lat' dir='ltr'>nullum</span> <span class='ocrx_word' id='word_1_280' title='bbox 547 1520 663 1549; x_wconf 88' lang='lat' dir='ltr'>colorem</span> <span class='ocrx_word' id='word_1_281' title='bbox 671 1518 851 1548; x_wconf 83' lang='lat' dir='ltr'>excusationis</span> <span class='ocrx_word' id='word_1_282' title='bbox 864 1517 1021 1548; x_wconf 79' lang='lat' dir='ltr'>inveniant?</span> 
     </span>
     <span class='ocr_line' id='line_1_41' title="bbox 277 1557 1020 1599; baseline -0.001 -11"><span class='ocrx_word' id='word_1_283' title='bbox 277 1559 326 1588; x_wconf 89' lang='lat' dir='ltr'>ubi</span> <span class='ocrx_word' id='word_1_284' title='bbox 339 1559 399 1599; x_wconf 88' lang='lat' dir='ltr'>ipsa</span> <span class='ocrx_word' id='word_1_285' title='bbox 418 1570 499 1599; x_wconf 91' lang='lat' dir='ltr'>opera</span> <span class='ocrx_word' id='word_1_286' title='bbox 512 1566 663 1590; x_wconf 84' lang='lat' dir='ltr'>statuentur</span> <span class='ocrx_word' id='word_1_287' title='bbox 681 1565 742 1587; x_wconf 90' lang='lat' dir='ltr'>ante</span> <span class='ocrx_word' id='word_1_288' title='bbox 753 1558 848 1587; x_wconf 87' lang='lat' dir='ltr'>oculos</span> <span class='ocrx_word' id='word_1_289' title='bbox 861 1557 1020 1598; x_wconf 86' lang='lat' dir='ltr'>peccatoris,</span> 
     </span>
     <span class='ocr_line' id='line_1_42' title="bbox 278 1598 1022 1640; baseline -0.003 -12"><span class='ocrx_word' id='word_1_290' title='bbox 278 1598 383 1628; x_wconf 78' lang='lat' dir='ltr'>dicente</span> <span class='ocrx_word' id='word_1_291' title='bbox 395 1599 522 1640; x_wconf 87' lang='lat' dir='ltr'>propheta</span> <span class='ocrx_word' id='word_1_292' title='bbox 535 1610 542 1628; x_wconf 90' lang='lat'>:</span> <span class='ocrx_word' id='word_1_293' title='bbox 558 1600 693 1640; x_wconf 80' lang='lat' dir='ltr'>Arguam</span> <span class='ocrx_word' id='word_1_294' title='bbox 709 1604 747 1635; x_wconf 83' lang='lat' dir='ltr'>te,</span> <span class='ocrx_word' id='word_1_295' title='bbox 768 1605 797 1627; x_wconf 86' lang='lat' dir='ltr'>et</span> <span class='ocrx_word' id='word_1_296' title='bbox 809 1603 939 1627; x_wconf 82' lang='lat' dir='ltr'>statuam</span> <span class='ocrx_word' id='word_1_297' title='bbox 953 1608 1022 1627; x_wconf 87' lang='lat' dir='ltr'>con-</span> 
     </span>
     <span class='ocr_line' id='line_1_43' title="bbox 279 1637 1023 1685; baseline -0.003 -17"><span class='ocrx_word' id='word_1_298' title='bbox 279 1639 447 1685; x_wconf 76' lang='lat' dir='ltr'>trafaciem</span> <span class='ocrx_word' id='word_1_299' title='bbox 460 1646 541 1669; x_wconf 84' lang='lat' dir='ltr'>tuam</span> <span class='ocrx_word' id='word_1_300' title='bbox 548 1646 669 1680; x_wconf 84' lang='lat' dir='ltr'>peccata</span> <span class='ocrx_word' id='word_1_301' title='bbox 684 1645 752 1674; x_wconf 87' lang='lat' dir='ltr'>tua;</span> <span class='ocrx_word' id='word_1_302' title='bbox 767 1637 815 1667; x_wconf 87' lang='lat' dir='ltr'>ubi</span> <span class='ocrx_word' id='word_1_303' title='bbox 828 1638 946 1667; x_wconf 88' lang='lat' dir='ltr'>animam</span> <span class='ocrx_word' id='word_1_304' title='bbox 958 1638 1023 1678; x_wconf 83' lang='lat' dir='ltr'>ipsae</span> 
     </span>
     <span class='ocr_line' id='line_1_44' title="bbox 279 1678 1025 1719; baseline -0.003 -11"><span class='ocrx_word' id='word_1_305' title='bbox 279 1680 451 1719; x_wconf 70' lang='lat' dir='ltr'>cognationes</span> <span class='ocrx_word' id='word_1_306' title='bbox 465 1680 554 1710; x_wconf 87' lang='lat' dir='ltr'>cordis</span> <span class='ocrx_word' id='word_1_307' title='bbox 568 1686 703 1714; x_wconf 89' lang='lat' dir='ltr'>accusant,</span> <span class='ocrx_word' id='word_1_308' title='bbox 718 1685 743 1708; x_wconf 93' lang='lat' dir='ltr'>et</span> <span class='ocrx_word' id='word_1_309' title='bbox 758 1689 772 1707; x_wconf 91' lang='lat' dir='ltr'>e</span> <span class='ocrx_word' id='word_1_310' title='bbox 786 1685 877 1707; x_wconf 89' lang='lat' dir='ltr'>contra</span> <span class='ocrx_word' id='word_1_311' title='bbox 891 1678 1025 1707; x_wconf 84' lang='lat' dir='ltr'>excitatur</span> 
     </span>
     <span class='ocr_line' id='line_1_45' title="bbox 279 1717 1024 1760; baseline -0.003 -12"><span class='ocrx_word' id='word_1_312' title='bbox 279 1719 440 1751; x_wconf 82' lang='lat' dir='ltr'>conscientia</span> <span class='ocrx_word' id='word_1_313' title='bbox 465 1721 542 1760; x_wconf 82' lang='lat' dir='ltr'>quasi</span> <span class='ocrx_word' id='word_1_314' title='bbox 563 1718 708 1749; x_wconf 84' lang='lat' dir='ltr'>domestica</span> <span class='ocrx_word' id='word_1_315' title='bbox 728 1718 813 1755; x_wconf 83' lang='lat' dir='ltr'>testis,</span> <span class='ocrx_word' id='word_1_316' title='bbox 829 1717 934 1747; x_wconf 85' lang='lat' dir='ltr'>dicente</span> <span class='ocrx_word' id='word_1_317' title='bbox 956 1727 1024 1758; x_wconf 90' lang='lat' dir='ltr'>apo-</span> 
     </span>
     <span class='ocr_line' id='line_1_46' title="bbox 281 1759 1022 1801; baseline -0.005 -11"><span class='ocrx_word' id='word_1_318' title='bbox 281 1760 349 1790; x_wconf 89' lang='lat' dir='ltr'>stolo</span> <span class='ocrx_word' id='word_1_319' title='bbox 361 1772 369 1788; x_wconf 94' lang='grc'>.·</span> <span class='ocrx_word' id='word_1_320' title='bbox 383 1761 616 1801; x_wconf 82' lang='lat' dir='ltr'>Cogitationibus</span> <span class='ocrx_word' id='word_1_321' title='bbox 627 1769 656 1788; x_wconf 80' lang='lat' dir='ltr'>se</span> <span class='ocrx_word' id='word_1_322' title='bbox 667 1759 791 1787; x_wconf 82' lang='lat' dir='ltr'>invicem</span> <span class='ocrx_word' id='word_1_323' title='bbox 804 1759 1022 1793; x_wconf 82' lang='lat' dir='ltr'>accusantibus,</span> 
     </span>
     <span class='ocr_line' id='line_1_47' title="bbox 280 1798 1025 1841; baseline -0.005 -11"><span class='ocrx_word' id='word_1_324' title='bbox 280 1807 333 1829; x_wconf 82' lang='lat' dir='ltr'>aut</span> <span class='ocrx_word' id='word_1_325' title='bbox 344 1803 432 1830; x_wconf 85' lang='lat' dir='ltr'>etiam</span> <span class='ocrx_word' id='word_1_326' title='bbox 444 1800 679 1841; x_wconf 81' lang='lat' dir='ltr'>defendentibus,</span> <span class='ocrx_word' id='word_1_327' title='bbox 694 1800 726 1826; x_wconf 85' lang='lat' dir='ltr'>in</span> <span class='ocrx_word' id='word_1_328' title='bbox 735 1799 792 1833; x_wconf 85' lang='lat' dir='ltr'>die,</span> <span class='ocrx_word' id='word_1_329' title='bbox 806 1808 870 1827; x_wconf 85' lang='lat' dir='ltr'>cum</span> <span class='ocrx_word' id='word_1_330' title='bbox 878 1798 1025 1837; x_wconf 82' lang='lat' dir='ltr'>judicabit</span> 
     </span>
     <span class='ocr_line' id='line_1_48' title="bbox 282 1837 1023 1875; baseline -0.007 -5"><span class='ocrx_word' id='word_1_331' title='bbox 282 1841 429 1870; x_wconf 81' lang='lat' dir='ltr'>Dominus</span> <span class='ocrx_word' id='word_1_332' title='bbox 449 1839 564 1868; x_wconf 87' lang='lat' dir='ltr'>occulta</span> <span class='ocrx_word' id='word_1_333' title='bbox 580 1839 740 1868; x_wconf 83' lang='lat' dir='ltr'>hominum.</span> <span class='ocrx_word' id='word_1_334' title='bbox 759 1837 804 1867; x_wconf 91' lang='lat' dir='ltr'>Sic</span> <span class='ocrx_word' id='word_1_335' title='bbox 820 1845 846 1867; x_wconf 85' lang='lat' dir='ltr'>et</span> <span class='ocrx_word' id='word_1_336' title='bbox 859 1837 1023 1875; x_wconf 78' lang='lat' dir='ltr'>sacerdotes,</span> 
     </span>
     <span class='ocr_line' id='line_1_49' title="bbox 282 1876 1025 1946; baseline -0.005 -36"><span class='ocrx_word' id='word_1_337' title='bbox 282 1881 367 1910; x_wconf 83' lang='lat' dir='ltr'>vineae</span> <span class='ocrx_word' id='word_1_338' title='bbox 375 1879 523 1921; x_wconf 80' lang='lat' dir='ltr'>spiritualis</span> <span class='ocrx_word' id='word_1_339' title='bbox 534 1877 713 1946; x_wconf 57' lang='lat' dir='ltr'>cultore5‚3ui</span> <span class='ocrx_word' id='word_1_340' title='bbox 724 1878 855 1917; x_wconf 89' lang='lat' dir='ltr'>populum</span> <span class='ocrx_word' id='word_1_341' title='bbox 870 1887 922 1906; x_wconf 93' lang='lat' dir='ltr'>non</span> <span class='ocrx_word' id='word_1_342' title='bbox 933 1876 969 1906; x_wconf 85' lang='lat' dir='ltr'>ad</span> <span class='ocrx_word' id='word_1_343' title='bbox 975 1877 1025 1906; x_wconf 93' lang='lat' dir='ltr'>Dei</span> 
     </span>
     <span class='ocr_line' id='line_1_50' title="bbox 281 1917 665 1960; baseline -0.008 -11"><span class='ocrx_word' id='word_1_344' title='bbox 281 1920 396 1960; x_wconf 86' lang='lat' dir='ltr'>gloriam</span> <span class='ocrx_word' id='word_1_345' title='bbox 409 1918 578 1953; x_wconf 80' lang='lat' dir='ltr'>exercebant,</span> <span class='ocrx_word' id='word_1_346' title='bbox 591 1917 639 1946; x_wconf 91' lang='lat' dir='ltr'>sed</span> <span class='ocrx_word' id='word_1_347' title='bbox 651 1928 665 1946; x_wconf 85' lang='lat' dir='ltr'>a</span> 
     </span>
     <span class='ocr_line' id='line_1_51' title="bbox 281 1956 1023 1996; baseline -0.005 -7"><span class='ocrx_word' id='word_1_348' title='bbox 281 1960 393 1989; x_wconf 85' lang='lat' dir='ltr'>cabant:</span> <span class='ocrx_word' id='word_1_349' title='bbox 406 1960 442 1989; x_wconf 87' lang='lat' dir='ltr'>ita</span> <span class='ocrx_word' id='word_1_350' title='bbox 451 1969 495 1987; x_wconf 92' lang='lat' dir='ltr'>eos</span> <span class='ocrx_word' id='word_1_351' title='bbox 507 1958 638 1986; x_wconf 90' lang='lat' dir='ltr'>Dominus</span> <span class='ocrx_word' id='word_1_352' title='bbox 649 1957 705 1986; x_wconf 87' lang='lat' dir='ltr'>suis</span> <span class='ocrx_word' id='word_1_353' title='bbox 715 1957 850 1996; x_wconf 85' lang='lat' dir='ltr'>parabolis</span> <span class='ocrx_word' id='word_1_354' title='bbox 861 1956 1023 1986; x_wconf 81' lang='lat' dir='ltr'>circumclu-</span> 
     </span>
     <span class='ocr_line' id='line_1_52' title="bbox 282 1996 1026 2037; baseline -0.005 -8"><span class='ocrx_word' id='word_1_355' title='bbox 282 2000 329 2037; x_wconf 88' lang='lat' dir='ltr'>sit,</span> <span class='ocrx_word' id='word_1_356' title='bbox 348 2006 377 2028; x_wconf 92' lang='lat' dir='ltr'>ut</span> <span class='ocrx_word' id='word_1_357' title='bbox 395 2000 402 2028; x_wconf 90' lang='lat' dir='ltr'>i</span> <span class='ocrx_word' id='word_1_358' title='bbox 424 1998 447 2027; x_wconf 90' lang='lat' dir='ltr'>si</span> <span class='ocrx_word' id='word_1_359' title='bbox 469 2008 496 2026; x_wconf 93' lang='lat' dir='ltr'>se</span> <span class='ocrx_word' id='word_1_360' title='bbox 517 2007 565 2026; x_wconf 92' lang='lat' dir='ltr'>sua</span> <span class='ocrx_word' id='word_1_361' title='bbox 585 1996 713 2026; x_wconf 89' lang='lat' dir='ltr'>sententia</span> <span class='ocrx_word' id='word_1_362' title='bbox 729 1996 942 2026; x_wconf 86' lang='lat' dir='ltr'>condemnarent.</span> <span class='ocrx_word' id='word_1_363' title='bbox 956 1997 1026 2033; x_wconf 91' lang='lat' dir='ltr'>Quis</span> 
     </span>
     <span class='ocr_line' id='line_1_53' title="bbox 283 2010 1026 2076; baseline -0.004 -8"><span class='ocrx_word' id='word_1_364' title='bbox 283 2039 362 2068; x_wconf 91' lang='lat' dir='ltr'>illum</span> <span class='ocrx_word' id='word_1_365' title='bbox 372 2010 504 2072; x_wconf 59' lang='lat' dir='ltr'>deiendet,</span> <span class='ocrx_word' id='word_1_366' title='bbox 516 2036 563 2075; x_wconf 92' lang='lat' dir='ltr'>qui</span> <span class='ocrx_word' id='word_1_367' title='bbox 572 2036 689 2076; x_wconf 90' lang='lat' dir='ltr'>seipsum</span> <span class='ocrx_word' id='word_1_368' title='bbox 698 2037 822 2066; x_wconf 82' lang='lat' dir='ltr'>accusat?</span> <span class='ocrx_word' id='word_1_369' title='bbox 835 2043 881 2065; x_wconf 90' lang='lat' dir='ltr'>aut</span> <span class='ocrx_word' id='word_1_370' title='bbox 889 2035 951 2075; x_wconf 88' lang='lat' dir='ltr'>quis</span> <span class='ocrx_word' id='word_1_371' title='bbox 964 2046 1026 2065; x_wconf 88' lang='lat' dir='ltr'>eum</span> 
     </span>
     <span class='ocr_line' id='line_1_54' title="bbox 283 2076 1027 2144; baseline -0.004 -36"><span class='ocrx_word' id='word_1_372' title='bbox 283 2079 419 2108; x_wconf 81' lang='lat' dir='ltr'>existimet</span> <span class='ocrx_word' id='word_1_373' title='bbox 443 2078 610 2107; x_wconf 87' lang='lat' dir='ltr'>innocentem</span> <span class='ocrx_word' id='word_1_374' title='bbox 619 2098 626 2112; x_wconf 92' lang='lat'>,</span> <span class='ocrx_word' id='word_1_375' title='bbox 653 2076 700 2114; x_wconf 91' lang='lat' dir='ltr'>qui</span> <span class='ocrx_word' id='word_1_376' title='bbox 726 2076 843 2144; x_wconf 52' lang='lat' dir='ltr'>seipsum</span> <span class='ocrx_word' id='word_1_377' title='bbox 871 2077 1027 2116; x_wconf 87' lang='lat' dir='ltr'>pronuntiat</span> 
     </span>
     <span class='ocr_line' id='line_1_55' title="bbox 284 2115 1027 2154; baseline -0.005 -6"><span class='ocrx_word' id='word_1_378' title='bbox 284 2118 386 2148; x_wconf 77' lang='lat' dir='ltr'>reum?</span> <span class='ocrx_word' id='word_1_379' title='bbox 405 2119 456 2148; x_wconf 84' lang='lat' dir='ltr'>Vae</span> <span class='ocrx_word' id='word_1_380' title='bbox 478 2118 585 2152; x_wconf 89' lang='lat' dir='ltr'>animae,</span> <span class='ocrx_word' id='word_1_381' title='bbox 606 2126 665 2154; x_wconf 82' lang='lat' dir='ltr'>quae</span> <span class='ocrx_word' id='word_1_382' title='bbox 684 2115 735 2144; x_wconf 87' lang='lat' dir='ltr'>sibi</span> <span class='ocrx_word' id='word_1_383' title='bbox 780 2116 940 2145; x_wconf 76' lang='lat' dir='ltr'>efensioncm</span> <span class='ocrx_word' id='word_1_384' title='bbox 960 2126 1027 2145; x_wconf 91' lang='lat' dir='ltr'>con—</span> 
     </span>
     <span class='ocr_line' id='line_1_56' title="bbox 284 2154 1028 2196; baseline -0.004 -8"><span class='ocrx_word' id='word_1_385' title='bbox 284 2157 399 2188; x_wconf 81' lang='lat' dir='ltr'>scientiae</span> <span class='ocrx_word' id='word_1_386' title='bbox 413 2167 464 2186; x_wconf 91' lang='lat' dir='ltr'>non</span> <span class='ocrx_word' id='word_1_387' title='bbox 479 2162 612 2196; x_wconf 65' lang='lat' dir='ltr'>praeparat</span> <span class='ocrx_word' id='word_1_388' title='bbox 625 2155 653 2184; x_wconf 92' lang='lat' dir='ltr'>in</span> <span class='ocrx_word' id='word_1_389' title='bbox 668 2154 712 2184; x_wconf 89' lang='lat' dir='ltr'>die</span> <span class='ocrx_word' id='word_1_390' title='bbox 723 2155 830 2194; x_wconf 82' lang='lat' dir='ltr'>judicii.</span> <span class='ocrx_word' id='word_1_391' title='bbox 855 2157 941 2184; x_wconf 87' lang='lat' dir='ltr'>Datur</span> <span class='ocrx_word' id='word_1_392' title='bbox 955 2155 1028 2185; x_wconf 91' lang='lat' dir='ltr'>enim</span> 
     </span>
     <span class='ocr_line' id='line_1_57' title="bbox 284 2194 1028 2240; baseline -0.004 -13"><span class='ocrx_word' id='word_1_393' title='bbox 284 2198 362 2227; x_wconf 92' lang='lat' dir='ltr'>nobis</span> <span class='ocrx_word' id='word_1_394' title='bbox 375 2196 539 2236; x_wconf 81' lang='lat' dir='ltr'>exemplum,</span> <span class='ocrx_word' id='word_1_395' title='bbox 555 2202 586 2224; x_wconf 90' lang='lat' dir='ltr'>ut</span> <span class='ocrx_word' id='word_1_396' title='bbox 598 2205 645 2235; x_wconf 86' lang='lat' dir='ltr'>per</span> <span class='ocrx_word' id='word_1_397' title='bbox 657 2195 709 2223; x_wconf 88' lang='lat' dir='ltr'>hoc</span> <span class='ocrx_word' id='word_1_398' title='bbox 728 2194 863 2240; x_wconf 75' lang='lat' dir='ltr'>judicium</span> <span class='ocrx_word' id='word_1_399' title='bbox 877 2194 1028 2224; x_wconf 89' lang='lat' dir='ltr'>considere-</span> 
     </span>
     <span class='ocr_line' id='line_1_58' title="bbox 285 2234 1027 2275; baseline -0.005 -8"><span class='ocrx_word' id='word_1_400' title='bbox 285 2249 345 2267; x_wconf 86' lang='lat' dir='ltr'>mus</span> <span class='ocrx_word' id='word_1_401' title='bbox 356 2238 477 2266; x_wconf 87' lang='lat' dir='ltr'>futnrum</span> <span class='ocrx_word' id='word_1_402' title='bbox 487 2234 624 2275; x_wconf 86' lang='lat' dir='ltr'>judicium</span> <span class='ocrx_word' id='word_1_403' title='bbox 633 2234 747 2264; x_wconf 77' lang='lat' dir='ltr'>Christi.</span> <span class='ocrx_word' id='word_1_404' title='bbox 767 2234 911 2264; x_wconf 87' lang='lat' dir='ltr'>Sciendum</span> <span class='ocrx_word' id='word_1_405' title='bbox 930 2241 968 2263; x_wconf 89' lang='lat' dir='ltr'>est</span> <span class='ocrx_word' id='word_1_406' title='bbox 980 2246 1027 2263; x_wconf 91' lang='lat' dir='ltr'>au-</span> 
     </span>
     <span class='ocr_line' id='line_1_59' title="bbox 285 2273 1025 2316; baseline -0.008 -9"><span class='ocrx_word' id='word_1_407' title='bbox 285 2285 354 2314; x_wconf 91' lang='lat' dir='ltr'>tem,</span> <span class='ocrx_word' id='word_1_408' title='bbox 379 2277 443 2316; x_wconf 89' lang='lat' dir='ltr'>quia</span> <span class='ocrx_word' id='word_1_409' title='bbox 463 2277 550 2305; x_wconf 87' lang='lat' dir='ltr'>Lucas</span> <span class='ocrx_word' id='word_1_410' title='bbox 571 2273 681 2313; x_wconf 90' lang='lat' dir='ltr'>quidem</span> <span class='ocrx_word' id='word_1_411' title='bbox 701 2274 863 2313; x_wconf 86' lang='lat' dir='ltr'>evangelista</span> <span class='ocrx_word' id='word_1_412' title='bbox 881 2274 919 2303; x_wconf 94' lang='lat' dir='ltr'>sic</span> <span class='ocrx_word' id='word_1_413' title='bbox 937 2273 1025 2303; x_wconf 86' lang='lat' dir='ltr'>dicit:</span> 
     </span>
     <span class='ocr_line' id='line_1_60' title="bbox 287 2313 1027 2350; baseline -0.004 -4"><span class='ocrx_word' id='word_1_414' title='bbox 287 2318 487 2346; x_wconf 69' lang='lat' dir='ltr'>Adduxerunt</span> <span class='ocrx_word' id='word_1_415' title='bbox 499 2325 564 2344; x_wconf 83' lang='lat' dir='ltr'>eum</span> <span class='ocrx_word' id='word_1_416' title='bbox 578 2321 662 2343; x_wconf 81' lang='lat' dir='ltr'>extra</span> <span class='ocrx_word' id='word_1_417' title='bbox 669 2315 800 2350; x_wconf 78' lang='lat' dir='ltr'>vineam,</span> <span class='ocrx_word' id='word_1_418' title='bbox 811 2319 839 2342; x_wconf 82' lang='lat' dir='ltr'>et</span> <span class='ocrx_word' id='word_1_419' title='bbox 850 2313 1027 2343; x_wconf 81' lang='lat' dir='ltr'>occiderunt.</span> 
     </span>
     <span class='ocr_line' id='line_1_61' title="bbox 289 2353 1029 2396; baseline -0.005 -10"><span class='ocrx_word' id='word_1_420' title='bbox 289 2358 361 2386; x_wconf 86' lang='lat' dir='ltr'>Cum</span> <span class='ocrx_word' id='word_1_421' title='bbox 383 2367 449 2396; x_wconf 85' lang='lat' dir='ltr'>ergo</span> <span class='ocrx_word' id='word_1_422' title='bbox 469 2355 583 2384; x_wconf 81' lang='lat' dir='ltr'>venerit</span> <span class='ocrx_word' id='word_1_423' title='bbox 596 2355 741 2390; x_wconf 83' lang='lat' dir='ltr'>dominus,</span> <span class='ocrx_word' id='word_1_424' title='bbox 755 2353 849 2382; x_wconf 80' lang='lat' dir='ltr'>malos</span> <span class='ocrx_word' id='word_1_425' title='bbox 869 2353 936 2381; x_wconf 80' lang='lat' dir='ltr'>illos</span> <span class='ocrx_word' id='word_1_426' title='bbox 952 2354 1029 2382; x_wconf 86' lang='lat' dir='ltr'>male</span> 
     </span>
     <span class='ocr_line' id='line_1_62' title="bbox 285 2393 1030 2435; baseline -0.004 -12"><span class='ocrx_word' id='word_1_427' title='bbox 285 2396 395 2435; x_wconf 76' lang='lat' dir='ltr'>perdet.</span> <span class='ocrx_word' id='word_1_428' title='bbox 406 2397 445 2424; x_wconf 85' lang='lat' dir='ltr'>Et</span> <span class='ocrx_word' id='word_1_429' title='bbox 460 2395 669 2433; x_wconf 79' lang='lat' dir='ltr'>respondemnt</span> <span class='ocrx_word' id='word_1_430' title='bbox 682 2393 856 2429; x_wconf 81' lang='lat' dir='ltr'>sacerdotes,</span> <span class='ocrx_word' id='word_1_431' title='bbox 865 2393 972 2421; x_wconf 81' lang='lat' dir='ltr'>Absit.-</span> <span class='ocrx_word' id='word_1_432' title='bbox 987 2395 1030 2421; x_wconf 85' lang='grc' dir='ltr'>ἰη-</span> 
     </span>
     <span class='ocr_line' id='line_1_63' title="bbox 288 2433 1030 2473; baseline -0.005 -8"><span class='ocrx_word' id='word_1_433' title='bbox 288 2436 463 2464; x_wconf 75' lang='lat' dir='ltr'>tellexerunt</span> <span class='ocrx_word' id='word_1_434' title='bbox 475 2437 564 2470; x_wconf 85' lang='lat' dir='ltr'>enim,</span> <span class='ocrx_word' id='word_1_435' title='bbox 580 2434 659 2473; x_wconf 83' lang='lat' dir='ltr'>quod</span> <span class='ocrx_word' id='word_1_436' title='bbox 674 2434 710 2462; x_wconf 78' lang='lat' dir='ltr'>de</span> <span class='ocrx_word' id='word_1_437' title='bbox 720 2434 787 2473; x_wconf 83' lang='lat' dir='ltr'>ipsis</span> <span class='ocrx_word' id='word_1_438' title='bbox 800 2434 916 2461; x_wconf 78' lang='lat' dir='ltr'>diceret.</span> <span class='ocrx_word' id='word_1_439' title='bbox 929 2433 1030 2462; x_wconf 85' lang='lat' dir='ltr'>Secun-</span> 
     </span>
     <span class='ocr_line' id='line_1_64' title="bbox 287 2472 1029 2511; baseline -0.005 -7"><span class='ocrx_word' id='word_1_440' title='bbox 287 2475 352 2504; x_wconf 86' lang='lat' dir='ltr'>dum</span> <span class='ocrx_word' id='word_1_441' title='bbox 368 2477 467 2504; x_wconf 83' lang='lat' dir='ltr'>Lucam</span> <span class='ocrx_word' id='word_1_442' title='bbox 480 2484 541 2511; x_wconf 72' lang='lat' dir='ltr'>ergo</span> <span class='ocrx_word' id='word_1_443' title='bbox 556 2472 703 2503; x_wconf 85' lang='lat' dir='ltr'>sacerdotes</span> <span class='ocrx_word' id='word_1_444' title='bbox 725 2472 911 2502; x_wconf 82' lang='lat' dir='ltr'>contradicunt</span> <span class='ocrx_word' id='word_1_445' title='bbox 925 2479 1029 2501; x_wconf 88' lang='lat' dir='ltr'>senten-</span> 
     </span>
    </p>
   </div>
   <div class='ocr_carea' id='block_1_10' title="bbox 886 63 1234 89">
    <p class='ocr_par' dir='ltr' id='par_1_10' title="bbox 886 63 1234 89">
     <span class='ocr_line' id='line_1_65' title="bbox 886 63 1234 89; baseline 0 -1"><span class='ocrx_word' id='word_1_446' title='bbox 886 63 969 88; x_wconf 82' lang='lat' dir='ltr'>OPUS</span> <span class='ocrx_word' id='word_1_447' title='bbox 995 64 1234 89; x_wconf 76' lang='lat' dir='ltr'>IMPERFRCTUM</span> 
     </span>
    </p>
   </div>
   <div class='ocr_carea' id='block_1_11' title="bbox 381 126 1823 171">
    <p class='ocr_par' dir='ltr' id='par_1_11' title="bbox 381 126 1823 171">
     <span class='ocr_line' id='line_1_66' title="bbox 381 126 1823 171; baseline 0.002 -14"><span class='ocrx_word' id='word_1_448' title='bbox 381 129 456 166; x_wconf 90' lang='lat' dir='ltr'>Quos</span> <span class='ocrx_word' id='word_1_449' title='bbox 476 127 556 158; x_wconf 88' lang='lat' dir='ltr'>etiam</span> <span class='ocrx_word' id='word_1_450' title='bbox 574 128 649 158; x_wconf 83' lang='lat' dir='ltr'>Deus</span> <span class='ocrx_word' id='word_1_451' title='bbox 662 137 696 159; x_wconf 86' lang='lat' dir='ltr'>ex</span> <span class='ocrx_word' id='word_1_452' title='bbox 717 126 769 157; x_wconf 88' lang='lat' dir='ltr'>hoc</span> <span class='ocrx_word' id='word_1_453' title='bbox 788 126 849 157; x_wconf 83' lang='lat' dir='ltr'>loco</span> <span class='ocrx_word' id='word_1_454' title='bbox 872 127 1019 165; x_wconf 85' lang='lat' dir='ltr'>convincit,</span> <span class='ocrx_word' id='word_1_455' title='bbox 1037 130 1058 154; x_wconf 84' lang='grc' dir='ltr'><strong>Δ</strong></span> <span class='ocrx_word' id='word_1_456' title='bbox 1073 127 1117 157; x_wconf 82' lang='lat' dir='ltr'>tiae</span> <span class='ocrx_word' id='word_1_457' title='bbox 1125 126 1241 157; x_wconf 62' lang='lat' dir='ltr'>Christi&lt;</span> <span class='ocrx_word' id='word_1_458' title='bbox 1249 126 1563 158; x_wconf 83' lang='lat' dir='ltr'>secundumMatthaeum</span> <span class='ocrx_word' id='word_1_459' title='bbox 1570 134 1658 158; x_wconf 90' lang='lat' dir='ltr'>autem</span> <span class='ocrx_word' id='word_1_460' title='bbox 1667 129 1823 171; x_wconf 76' lang='lat' dir='ltr'>suscipiunt</span> 
     </span>
    </p>
   </div>
   <div class='ocr_carea' id='block_1_12' title="bbox 1073 167 1904 1918">
    <p class='ocr_par' dir='ltr' id='par_1_12' title="bbox 1073 167 1822 406">
     <span class='ocr_line' id='line_1_67' title="bbox 1073 167 1819 207; baseline 0.005 -11"><span class='ocrx_word' id='word_1_461' title='bbox 1073 173 1099 197; x_wconf 89' lang='lat' dir='ltr'>et</span> <span class='ocrx_word' id='word_1_462' title='bbox 1109 167 1278 197; x_wconf 86' lang='lat' dir='ltr'>confirmant.</span> <span class='ocrx_word' id='word_1_463' title='bbox 1286 168 1318 197; x_wconf 88' lang='lat' dir='ltr'>In</span> <span class='ocrx_word' id='word_1_464' title='bbox 1330 168 1416 207; x_wconf 89' lang='lat' dir='ltr'>prima</span> <span class='ocrx_word' id='word_1_465' title='bbox 1425 167 1536 207; x_wconf 88' lang='lat' dir='ltr'>quidem</span> <span class='ocrx_word' id='word_1_466' title='bbox 1548 168 1615 199; x_wconf 81' lang='lat' dir='ltr'>facie</span> <span class='ocrx_word' id='word_1_467' title='bbox 1623 168 1749 199; x_wconf 85' lang='lat' dir='ltr'>videntur</span> <span class='ocrx_word' id='word_1_468' title='bbox 1761 180 1819 200; x_wconf 83' lang='lat' dir='ltr'>esse</span> 
     </span>
     <span class='ocr_line' id='line_1_68' title="bbox 1073 207 1820 247; baseline 0.007 -12"><span class='ocrx_word' id='word_1_469' title='bbox 1073 207 1222 245; x_wconf 79' lang='lat' dir='ltr'>contraria3</span> <span class='ocrx_word' id='word_1_470' title='bbox 1238 218 1267 237; x_wconf 89' lang='lat' dir='ltr'>re</span> <span class='ocrx_word' id='word_1_471' title='bbox 1285 217 1349 237; x_wconf 86' lang='lat' dir='ltr'>vera</span> <span class='ocrx_word' id='word_1_472' title='bbox 1362 214 1451 237; x_wconf 87' lang='lat' dir='ltr'>autem</span> <span class='ocrx_word' id='word_1_473' title='bbox 1474 218 1527 237; x_wconf 90' lang='lat' dir='ltr'>non</span> <span class='ocrx_word' id='word_1_474' title='bbox 1540 215 1602 238; x_wconf 84' lang='lat' dir='ltr'>sunt</span> <span class='ocrx_word' id='word_1_475' title='bbox 1615 209 1759 247; x_wconf 88' lang='lat' dir='ltr'>contraria,</span> <span class='ocrx_word' id='word_1_476' title='bbox 1770 209 1820 240; x_wconf 86' lang='lat' dir='ltr'>sed</span> 
     </span>
     <span class='ocr_line' id='line_1_69' title="bbox 1073 245 1819 279; baseline 0.005 -4"><span class='ocrx_word' id='word_1_477' title='bbox 1073 245 1182 276; x_wconf 89' lang='lat' dir='ltr'>diversa</span> <span class='ocrx_word' id='word_1_478' title='bbox 1189 246 1290 276; x_wconf 88' lang='lat' dir='ltr'>ratione</span> <span class='ocrx_word' id='word_1_479' title='bbox 1297 254 1360 276; x_wconf 87' lang='lat' dir='ltr'>sunt</span> <span class='ocrx_word' id='word_1_480' title='bbox 1371 247 1454 277; x_wconf 88' lang='lat' dir='ltr'>dicta.</span> <span class='ocrx_word' id='word_1_481' title='bbox 1466 248 1517 277; x_wconf 91' lang='lat' dir='ltr'>Ille</span> <span class='ocrx_word' id='word_1_482' title='bbox 1530 248 1603 278; x_wconf 86' lang='lat' dir='ltr'>enim</span> <span class='ocrx_word' id='word_1_483' title='bbox 1617 249 1766 278; x_wconf 85' lang='lat' dir='ltr'>secundum</span> <span class='ocrx_word' id='word_1_484' title='bbox 1779 260 1819 279; x_wconf 89' lang='lat' dir='ltr'>re-</span> 
     </span>
     <span class='ocr_line' id='line_1_70' title="bbox 1074 286 1819 328; baseline 0.007 -14"><span class='ocrx_word' id='word_1_485' title='bbox 1074 286 1244 326; x_wconf 82' lang='lat' dir='ltr'>sponsionem</span> <span class='ocrx_word' id='word_1_486' title='bbox 1253 286 1387 316; x_wconf 89' lang='lat' dir='ltr'>sermonis</span> <span class='ocrx_word' id='word_1_487' title='bbox 1398 286 1510 316; x_wconf 88' lang='lat' dir='ltr'>illorum</span> <span class='ocrx_word' id='word_1_488' title='bbox 1523 288 1659 328; x_wconf 86' lang='lat' dir='ltr'>exposuit,</span> <span class='ocrx_word' id='word_1_489' title='bbox 1669 288 1720 318; x_wconf 83' lang='lat' dir='ltr'>iste</span> <span class='ocrx_word' id='word_1_490' title='bbox 1729 295 1819 319; x_wconf 86' lang='lat' dir='ltr'>autem</span> 
     </span>
     <span class='ocr_line' id='line_1_71' title="bbox 1073 325 1822 367; baseline 0.005 -13"><span class='ocrx_word' id='word_1_491' title='bbox 1073 325 1221 355; x_wconf 81' lang='lat' dir='ltr'>secundum</span> <span class='ocrx_word' id='word_1_492' title='bbox 1247 326 1446 367; x_wconf 86' lang='lat' dir='ltr'>responsionem</span> <span class='ocrx_word' id='word_1_493' title='bbox 1460 326 1559 357; x_wconf 84' lang='lat' dir='ltr'>cordis.</span> <span class='ocrx_word' id='word_1_494' title='bbox 1581 329 1652 358; x_wconf 83' lang='lat' dir='ltr'>Nam</span> <span class='ocrx_word' id='word_1_495' title='bbox 1671 338 1735 359; x_wconf 76' lang='lat' dir='ltr'>vere</span> <span class='ocrx_word' id='word_1_496' title='bbox 1754 328 1822 358; x_wconf 79' lang='lat' dir='ltr'>visi·</span> 
     </span>
     <span class='ocr_line' id='line_1_72' title="bbox 1073 365 1819 406; baseline 0.005 -12"><span class='ocrx_word' id='word_1_497' title='bbox 1073 365 1167 395; x_wconf 87' lang='lat' dir='ltr'>biliter</span> <span class='ocrx_word' id='word_1_498' title='bbox 1179 365 1290 405; x_wconf 89' lang='lat' dir='ltr'>quidem</span> <span class='ocrx_word' id='word_1_499' title='bbox 1312 366 1341 396; x_wconf 89' lang='lat' dir='ltr'>in</span> <span class='ocrx_word' id='word_1_500' title='bbox 1354 366 1422 396; x_wconf 75' lang='lat' dir='ltr'>facie</span> <span class='ocrx_word' id='word_1_501' title='bbox 1440 365 1673 404; x_wconf 81' lang='lat' dir='ltr'>contradixerunt,</span> <span class='ocrx_word' id='word_1_502' title='bbox 1688 366 1819 406; x_wconf 80' lang='lat' dir='ltr'>dicentes,</span> 
     </span>
    </p>

    <p class='ocr_par' dir='ltr' id='par_1_13' title="bbox 1074 405 1821 526">
     <span class='ocr_line' id='line_1_73' title="bbox 1075 405 1821 438; baseline 0.005 -4"><span class='ocrx_word' id='word_1_503' title='bbox 1075 406 1107 434; x_wconf 84' lang='lat' dir='ltr'><em>A</em></span> <span class='ocrx_word' id='word_1_504' title='bbox 1109 406 1181 435; x_wconf 78' lang='lat' dir='ltr'>bsie=</span> <span class='ocrx_word' id='word_1_505' title='bbox 1193 405 1221 435; x_wconf 92' lang='lat' dir='ltr'>in</span> <span class='ocrx_word' id='word_1_506' title='bbox 1236 405 1316 435; x_wconf 90' lang='lat' dir='ltr'>corde</span> <span class='ocrx_word' id='word_1_507' title='bbox 1326 413 1415 435; x_wconf 88' lang='lat' dir='ltr'>autem</span> <span class='ocrx_word' id='word_1_508' title='bbox 1425 413 1452 436; x_wconf 91' lang='lat' dir='ltr'>et</span> <span class='ocrx_word' id='word_1_509' title='bbox 1460 406 1488 435; x_wconf 93' lang='lat' dir='ltr'>in</span> <span class='ocrx_word' id='word_1_510' title='bbox 1502 406 1661 437; x_wconf 80' lang='lat' dir='ltr'>conscientia</span> <span class='ocrx_word' id='word_1_511' title='bbox 1671 417 1720 436; x_wconf 82' lang='lat' dir='ltr'>sna</span> <span class='ocrx_word' id='word_1_512' title='bbox 1728 417 1821 438; x_wconf 79' lang='lat' dir='ltr'>susee-</span> 
     </span>
     <span class='ocr_line' id='line_1_74' title="bbox 1074 445 1821 487; baseline 0.004 -13"><span class='ocrx_word' id='word_1_513' title='bbox 1074 451 1184 485; x_wconf 89' lang='lat' dir='ltr'>perunt‚</span> <span class='ocrx_word' id='word_1_514' title='bbox 1198 445 1326 482; x_wconf 86' lang='lat' dir='ltr'>dicentes,</span> <span class='ocrx_word' id='word_1_515' title='bbox 1342 446 1440 475; x_wconf 83' lang='lat' dir='ltr'>Malos</span> <span class='ocrx_word' id='word_1_516' title='bbox 1457 447 1535 476; x_wconf 81' lang='lat' dir='ltr'>male</span> <span class='ocrx_word' id='word_1_517' title='bbox 1554 447 1667 487; x_wconf 81' lang='lat' dir='ltr'>perdet.</span> <span class='ocrx_word' id='word_1_518' title='bbox 1684 446 1760 484; x_wconf 88' lang='lat' dir='ltr'>Quid</span> <span class='ocrx_word' id='word_1_519' title='bbox 1780 453 1821 478; x_wconf 83' lang='lat' dir='ltr'>est</span> 
     </span>
     <span class='ocr_line' id='line_1_75' title="bbox 1075 484 1819 526; baseline 0.004 -12"><span class='ocrx_word' id='word_1_520' title='bbox 1075 484 1149 524; x_wconf 92' lang='lat' dir='ltr'>quod</span> <span class='ocrx_word' id='word_1_521' title='bbox 1161 484 1299 515; x_wconf 77' lang='lat' dir='ltr'>dicimus?</span> <span class='ocrx_word' id='word_1_522' title='bbox 1313 485 1409 515; x_wconf 90' lang='lat' dir='ltr'>Omnis</span> <span class='ocrx_word' id='word_1_523' title='bbox 1421 485 1503 515; x_wconf 92' lang='lat' dir='ltr'>homo</span> <span class='ocrx_word' id='word_1_524' title='bbox 1517 493 1543 516; x_wconf 92' lang='lat' dir='ltr'>et</span> <span class='ocrx_word' id='word_1_525' title='bbox 1556 487 1659 516; x_wconf 86' lang='lat' dir='ltr'>malum</span> <span class='ocrx_word' id='word_1_526' title='bbox 1671 488 1819 526; x_wconf 83' lang='lat' dir='ltr'>cognoscit,</span> 
     </span>
    </p>

    <p class='ocr_par' dir='ltr' id='par_1_14' title="bbox 1075 525 1822 606">
     <span class='ocr_line' id='line_1_76' title="bbox 1075 525 1821 573; baseline 0.003 -19"><span class='ocrx_word' id='word_1_527' title='bbox 1075 531 1101 554; x_wconf 87' lang='lat' dir='ltr'>et</span> <span class='ocrx_word' id='word_1_528' title='bbox 1114 525 1215 554; x_wconf 90' lang='lat' dir='ltr'>bonum</span> <span class='ocrx_word' id='word_1_529' title='bbox 1231 537 1237 553; x_wconf 92' lang='lat'>:</span> <span class='ocrx_word' id='word_1_530' title='bbox 1253 532 1280 554; x_wconf 89' lang='lat' dir='ltr'>et</span> <span class='ocrx_word' id='word_1_531' title='bbox 1292 525 1422 565; x_wconf 89' lang='lat' dir='ltr'>intelligit</span> <span class='ocrx_word' id='word_1_532' title='bbox 1443 525 1517 565; x_wconf 87' lang='lat' dir='ltr'>quod</span> <span class='ocrx_word' id='word_1_533' title='bbox 1530 533 1570 556; x_wconf 89' lang='lat' dir='ltr'>est</span> <span class='ocrx_word' id='word_1_534' title='bbox 1584 527 1700 567; x_wconf 80' lang='lat' dir='ltr'>justum,</span> <span class='ocrx_word' id='word_1_535' title='bbox 1711 533 1736 556; x_wconf 87' lang='lat' dir='ltr'>et</span> <span class='ocrx_word' id='word_1_536' title='bbox 1747 527 1821 573; x_wconf 85' lang='lat' dir='ltr'>inju-</span> 
     </span>
     <span class='ocr_line' id='line_1_77' title="bbox 1075 565 1822 606; baseline 0.004 -13"><span class='ocrx_word' id='word_1_537' title='bbox 1075 571 1157 594; x_wconf 87' lang='lat' dir='ltr'>stum.</span> <span class='ocrx_word' id='word_1_538' title='bbox 1172 565 1263 594; x_wconf 89' lang='lat' dir='ltr'>Posuit</span> <span class='ocrx_word' id='word_1_539' title='bbox 1275 565 1347 594; x_wconf 90' lang='lat' dir='ltr'>enim</span> <span class='ocrx_word' id='word_1_540' title='bbox 1358 566 1432 595; x_wconf 90' lang='lat' dir='ltr'>Deus</span> <span class='ocrx_word' id='word_1_541' title='bbox 1446 565 1590 604; x_wconf 85' lang='lat' dir='ltr'>quemdam</span> <span class='ocrx_word' id='word_1_542' title='bbox 1601 565 1728 606; x_wconf 86' lang='lat' dir='ltr'>spiritum</span> <span class='ocrx_word' id='word_1_543' title='bbox 1739 577 1822 596; x_wconf 75' lang='lat' dir='ltr'>scien-</span> 
     </span>
    </p>

    <p class='ocr_par' dir='ltr' id='par_1_15' title="bbox 1074 604 1821 725">
     <span class='ocr_line' id='line_1_78' title="bbox 1074 604 1821 646; baseline 0.004 -13"><span class='ocrx_word' id='word_1_544' title='bbox 1074 604 1119 634; x_wconf 77' lang='lat' dir='ltr'>tiae</span> <span class='ocrx_word' id='word_1_545' title='bbox 1129 605 1193 634; x_wconf 91' lang='lat' dir='ltr'>boni</span> <span class='ocrx_word' id='word_1_546' title='bbox 1208 612 1234 634; x_wconf 93' lang='lat' dir='ltr'>et</span> <span class='ocrx_word' id='word_1_547' title='bbox 1245 605 1308 634; x_wconf 91' lang='lat' dir='ltr'>mali</span> <span class='ocrx_word' id='word_1_548' title='bbox 1318 605 1344 634; x_wconf 94' lang='lat' dir='ltr'>in</span> <span class='ocrx_word' id='word_1_549' title='bbox 1358 605 1525 642; x_wconf 88' lang='lat' dir='ltr'>hominibus,</span> <span class='ocrx_word' id='word_1_550' title='bbox 1538 612 1569 635; x_wconf 90' lang='lat' dir='ltr'>ut</span> <span class='ocrx_word' id='word_1_551' title='bbox 1582 605 1821 646; x_wconf 83' lang='lat' dir='ltr'>quotienscumque</span> 
     </span>
     <span class='ocr_line' id='line_1_79' title="bbox 1075 644 1821 684; baseline 0.004 -11"><span class='ocrx_word' id='word_1_552' title='bbox 1075 654 1227 684; x_wconf 87' lang='lat' dir='ltr'>peccamus,</span> <span class='ocrx_word' id='word_1_553' title='bbox 1243 644 1289 674; x_wconf 90' lang='lat' dir='ltr'>ille</span> <span class='ocrx_word' id='word_1_554' title='bbox 1311 645 1338 674; x_wconf 90' lang='lat' dir='ltr'>in</span> <span class='ocrx_word' id='word_1_555' title='bbox 1357 645 1463 675; x_wconf 89' lang='lat' dir='ltr'>silentio</span> <span class='ocrx_word' id='word_1_556' title='bbox 1487 645 1565 684; x_wconf 88' lang='lat' dir='ltr'>quasi</span> <span class='ocrx_word' id='word_1_557' title='bbox 1586 646 1686 675; x_wconf 81' lang='lat' dir='ltr'>factum</span> <span class='ocrx_word' id='word_1_558' title='bbox 1698 652 1821 676; x_wconf 79' lang='lat' dir='ltr'>nostrum</span> 
     </span>
     <span class='ocr_line' id='line_1_80' title="bbox 1075 683 1821 725; baseline 0.005 -13"><span class='ocrx_word' id='word_1_559' title='bbox 1075 691 1181 714; x_wconf 86' lang='lat' dir='ltr'>accuset</span> <span class='ocrx_word' id='word_1_560' title='bbox 1194 695 1202 711; x_wconf 86' lang='lat'><em>=</em></span> <span class='ocrx_word' id='word_1_561' title='bbox 1218 691 1243 714; x_wconf 91' lang='lat' dir='ltr'>et</span> <span class='ocrx_word' id='word_1_562' title='bbox 1253 684 1281 714; x_wconf 91' lang='lat' dir='ltr'>in</span> <span class='ocrx_word' id='word_1_563' title='bbox 1294 685 1453 714; x_wconf 89' lang='lat' dir='ltr'>conscientia</span> <span class='ocrx_word' id='word_1_564' title='bbox 1461 685 1540 715; x_wconf 91' lang='lat' dir='ltr'>tacite</span> <span class='ocrx_word' id='word_1_565' title='bbox 1553 683 1587 714; x_wconf 86' lang='lat' dir='ltr'>ad</span> <span class='ocrx_word' id='word_1_566' title='bbox 1598 685 1715 714; x_wconf 88' lang='lat' dir='ltr'>animam</span> <span class='ocrx_word' id='word_1_567' title='bbox 1729 685 1821 725; x_wconf 87' lang='lat' dir='ltr'>loqui-</span> 
     </span>
    </p>

    <p class='ocr_par' dir='ltr' id='par_1_16' title="bbox 1074 723 1822 844">
     <span class='ocr_line' id='line_1_81' title="bbox 1076 723 1819 760; baseline 0.004 -8"><span class='ocrx_word' id='word_1_568' title='bbox 1076 729 1130 760; x_wconf 88' lang='lat' dir='ltr'>tur,</span> <span class='ocrx_word' id='word_1_569' title='bbox 1142 723 1252 753; x_wconf 90' lang='lat' dir='ltr'>dicens:</span> <span class='ocrx_word' id='word_1_570' title='bbox 1267 724 1373 754; x_wconf 88' lang='lat' dir='ltr'>Malum</span> <span class='ocrx_word' id='word_1_571' title='bbox 1398 732 1437 755; x_wconf 90' lang='lat' dir='ltr'>est</span> <span class='ocrx_word' id='word_1_572' title='bbox 1459 725 1521 760; x_wconf 87' lang='lat' dir='ltr'>hoc,</span> <span class='ocrx_word' id='word_1_573' title='bbox 1537 731 1563 754; x_wconf 87' lang='lat' dir='ltr'>et</span> <span class='ocrx_word' id='word_1_574' title='bbox 1583 724 1635 754; x_wconf 90' lang='lat' dir='ltr'>hoc</span> <span class='ocrx_word' id='word_1_575' title='bbox 1653 724 1754 755; x_wconf 89' lang='lat' dir='ltr'>bonum</span> <span class='ocrx_word' id='word_1_576' title='bbox 1768 732 1819 756; x_wconf 85' lang='lat' dir='ltr'>est.</span> 
     </span>
     <span class='ocr_line' id='line_1_82' title="bbox 1074 763 1822 804; baseline 0.003 -11"><span class='ocrx_word' id='word_1_577' title='bbox 1074 764 1216 803; x_wconf 85' lang='lat' dir='ltr'>Propterea</span> <span class='ocrx_word' id='word_1_578' title='bbox 1227 764 1251 793; x_wconf 89' lang='lat' dir='ltr'>si</span> <span class='ocrx_word' id='word_1_579' title='bbox 1263 763 1356 793; x_wconf 83' lang='lat' dir='ltr'>fecerit</span> <span class='ocrx_word' id='word_1_580' title='bbox 1367 765 1448 794; x_wconf 89' lang='lat' dir='ltr'>homo</span> <span class='ocrx_word' id='word_1_581' title='bbox 1462 764 1576 802; x_wconf 87' lang='lat' dir='ltr'>malum,</span> <span class='ocrx_word' id='word_1_582' title='bbox 1591 771 1618 794; x_wconf 87' lang='lat' dir='ltr'>et</span> <span class='ocrx_word' id='word_1_583' title='bbox 1638 763 1822 804; x_wconf 75' lang='lat' dir='ltr'>deprehensus</span> 
     </span>
     <span class='ocr_line' id='line_1_83' title="bbox 1074 802 1818 844; baseline 0.004 -12"><span class='ocrx_word' id='word_1_584' title='bbox 1074 802 1156 832; x_wconf 85' lang='lat' dir='ltr'>suerit</span> <span class='ocrx_word' id='word_1_585' title='bbox 1169 804 1196 832; x_wconf 87' lang='lat' dir='ltr'>in</span> <span class='ocrx_word' id='word_1_586' title='bbox 1213 813 1256 840; x_wconf 89' lang='lat' dir='ltr'>eo,</span> <span class='ocrx_word' id='word_1_587' title='bbox 1268 803 1359 834; x_wconf 82' lang='lat' dir='ltr'>verbis</span> <span class='ocrx_word' id='word_1_588' title='bbox 1372 804 1482 844; x_wconf 88' lang='lat' dir='ltr'>quidem</span> <span class='ocrx_word' id='word_1_589' title='bbox 1496 804 1625 844; x_wconf 85' lang='lat' dir='ltr'>denegat,</span> <span class='ocrx_word' id='word_1_590' title='bbox 1647 811 1673 833; x_wconf 85' lang='lat' dir='ltr'>et</span> <span class='ocrx_word' id='word_1_591' title='bbox 1690 811 1818 844; x_wconf 73' lang='lat' dir='ltr'>excusat5</span> 
     </span>
    </p>

    <p class='ocr_par' dir='ltr' id='par_1_17' title="bbox 1075 843 1822 885">
     <span class='ocr_line' id='line_1_84' title="bbox 1075 843 1822 885; baseline 0.004 -13"><span class='ocrx_word' id='word_1_592' title='bbox 1075 843 1110 872; x_wconf 88' lang='lat' dir='ltr'>ab</span> <span class='ocrx_word' id='word_1_593' title='bbox 1122 843 1194 873; x_wconf 87' lang='lat' dir='ltr'>intus</span> <span class='ocrx_word' id='word_1_594' title='bbox 1205 850 1293 874; x_wconf 88' lang='lat' dir='ltr'>autem</span> <span class='ocrx_word' id='word_1_595' title='bbox 1304 845 1463 874; x_wconf 88' lang='lat' dir='ltr'>conscientia</span> <span class='ocrx_word' id='word_1_596' title='bbox 1473 845 1532 884; x_wconf 88' lang='lat' dir='ltr'>ejus</span> <span class='ocrx_word' id='word_1_597' title='bbox 1539 844 1715 885; x_wconf 85' lang='lat' dir='ltr'>recognoscit,</span> <span class='ocrx_word' id='word_1_598' title='bbox 1729 851 1756 874; x_wconf 90' lang='lat' dir='ltr'>et</span> <span class='ocrx_word' id='word_1_599' title='bbox 1768 845 1822 875; x_wconf 84' lang='lat' dir='ltr'>sibi</span> 
     </span>
    </p>

    <p class='ocr_par' dir='ltr' id='par_1_18' title="bbox 1074 882 1904 1123">
     <span class='ocr_line' id='line_1_85' title="bbox 1075 882 1817 924; baseline 0.004 -12"><span class='ocrx_word' id='word_1_600' title='bbox 1075 882 1134 923; x_wconf 87' lang='lat' dir='ltr'>ipsa</span> <span class='ocrx_word' id='word_1_601' title='bbox 1146 883 1279 920; x_wconf 89' lang='lat' dir='ltr'>discussa,</span> <span class='ocrx_word' id='word_1_602' title='bbox 1294 893 1342 924; x_wconf 88' lang='lat' dir='ltr'>per</span> <span class='ocrx_word' id='word_1_603' title='bbox 1355 884 1482 924; x_wconf 87' lang='lat' dir='ltr'>spiritum</span> <span class='ocrx_word' id='word_1_604' title='bbox 1495 883 1636 914; x_wconf 82' lang='lat' dir='ltr'>confitetur</span> <span class='ocrx_word' id='word_1_605' title='bbox 1657 884 1732 923; x_wconf 88' lang='lat' dir='ltr'>quod</span> <span class='ocrx_word' id='word_1_606' title='bbox 1746 885 1817 915; x_wconf 85' lang='lat' dir='ltr'>fecit.</span> 
     </span>
     <span class='ocr_line' id='line_1_86' title="bbox 1075 922 1904 965; baseline 0.005 -13"><span class='ocrx_word' id='word_1_607' title='bbox 1075 922 1155 952; x_wconf 89' lang='lat' dir='ltr'>Unde</span> <span class='ocrx_word' id='word_1_608' title='bbox 1163 923 1294 963; x_wconf 85' lang='lat' dir='ltr'>scriptum</span> <span class='ocrx_word' id='word_1_609' title='bbox 1307 930 1346 953; x_wconf 89' lang='lat' dir='ltr'>est</span> <span class='ocrx_word' id='word_1_610' title='bbox 1361 926 1416 953; x_wconf 87' lang='lat' dir='ltr'>:In</span> <span class='ocrx_word' id='word_1_611' title='bbox 1435 925 1659 964; x_wconf 82' lang='lat' dir='ltr'>cogitationibus</span> <span class='ocrx_word' id='word_1_612' title='bbox 1678 925 1762 964; x_wconf 79' lang='lat' dir='ltr'>impii</span> <span class='ocrx_word' id='word_1_613' title='bbox 1775 928 1819 954; x_wconf 84' lang='lat' dir='ltr'>in·</span> <span class='ocrx_word' id='word_1_614' title='bbox 1828 933 1904 965; x_wconf 61' lang='lat' dir='ltr'>sapui</span> 
     </span>
     <span class='ocr_line' id='line_1_87' title="bbox 1076 962 1854 1004; baseline 0.004 -13"><span class='ocrx_word' id='word_1_615' title='bbox 1076 964 1232 1004; x_wconf 79' lang='lat' dir='ltr'>terrogatio</span> <span class='ocrx_word' id='word_1_616' title='bbox 1251 965 1317 993; x_wconf 85' lang='lat' dir='ltr'>erit.</span> <span class='ocrx_word' id='word_1_617' title='bbox 1332 964 1403 993; x_wconf 86' lang='lat' dir='ltr'>Ecce</span> <span class='ocrx_word' id='word_1_618' title='bbox 1415 963 1439 993; x_wconf 90' lang='lat' dir='ltr'>si</span> <span class='ocrx_word' id='word_1_619' title='bbox 1451 974 1560 994; x_wconf 85' lang='lat' dir='ltr'>servum</span> <span class='ocrx_word' id='word_1_620' title='bbox 1578 970 1656 993; x_wconf 88' lang='lat' dir='ltr'>tuum</span> <span class='ocrx_word' id='word_1_621' title='bbox 1668 962 1819 1004; x_wconf 85' lang='lat' dir='ltr'>deprehen-</span> <span class='ocrx_word' id='word_1_622' title='bbox 1829 971 1854 994; x_wconf 84' lang='lat'>9·</span> 
     </span>
     <span class='ocr_line' id='line_1_88' title="bbox 1075 1001 1820 1044; baseline 0.003 -12"><span class='ocrx_word' id='word_1_623' title='bbox 1075 1001 1148 1033; x_wconf 90' lang='lat' dir='ltr'>deris</span> <span class='ocrx_word' id='word_1_624' title='bbox 1161 1004 1189 1032; x_wconf 91' lang='lat' dir='ltr'>in</span> <span class='ocrx_word' id='word_1_625' title='bbox 1205 1003 1322 1040; x_wconf 81' lang='lat' dir='ltr'>furto,et</span> <span class='ocrx_word' id='word_1_626' title='bbox 1341 1003 1461 1033; x_wconf 79' lang='lat' dir='ltr'>volueris</span> <span class='ocrx_word' id='word_1_627' title='bbox 1481 1014 1544 1033; x_wconf 88' lang='lat' dir='ltr'>eum</span> <span class='ocrx_word' id='word_1_628' title='bbox 1565 1003 1711 1044; x_wconf 80' lang='lat' dir='ltr'>castigare,</span> <span class='ocrx_word' id='word_1_629' title='bbox 1728 1005 1820 1035; x_wconf 82' lang='lat' dir='ltr'>verbis</span> 
     </span>
     <span class='ocr_line' id='line_1_89' title="bbox 1074 1042 1822 1088; baseline 0.003 -16"><span class='ocrx_word' id='word_1_630' title='bbox 1074 1042 1186 1082; x_wconf 90' lang='lat' dir='ltr'>quidem</span> <span class='ocrx_word' id='word_1_631' title='bbox 1199 1043 1311 1088; x_wconf 75' lang='lat' dir='ltr'>denegat</span> <span class='ocrx_word' id='word_1_632' title='bbox 1327 1054 1334 1071; x_wconf 89' lang='lat'><strong>:</strong></span> <span class='ocrx_word' id='word_1_633' title='bbox 1348 1049 1375 1072; x_wconf 91' lang='lat' dir='ltr'>et</span> <span class='ocrx_word' id='word_1_634' title='bbox 1385 1043 1408 1072; x_wconf 92' lang='lat' dir='ltr'>si</span> <span class='ocrx_word' id='word_1_635' title='bbox 1428 1043 1576 1084; x_wconf 84' lang='lat' dir='ltr'>interrogas</span> <span class='ocrx_word' id='word_1_636' title='bbox 1590 1053 1663 1081; x_wconf 90' lang='lat' dir='ltr'>eum,</span> <span class='ocrx_word' id='word_1_637' title='bbox 1677 1049 1768 1073; x_wconf 80' lang='lat' dir='ltr'>utrum</span> <span class='ocrx_word' id='word_1_638' title='bbox 1780 1043 1822 1074; x_wconf 85' lang='lat' dir='ltr'>di-</span> 
     </span>
     <span class='ocr_line' id='line_1_90' title="bbox 1074 1082 1821 1123; baseline 0.003 -12"><span class='ocrx_word' id='word_1_639' title='bbox 1074 1092 1143 1122; x_wconf 81' lang='lat' dir='ltr'>gnus</span> <span class='ocrx_word' id='word_1_640' title='bbox 1157 1090 1197 1112; x_wconf 88' lang='lat' dir='ltr'>est</span> <span class='ocrx_word' id='word_1_641' title='bbox 1210 1082 1346 1123; x_wconf 81' lang='lat' dir='ltr'>castigari,</span> <span class='ocrx_word' id='word_1_642' title='bbox 1363 1082 1442 1120; x_wconf 89' lang='lat' dir='ltr'>dicit,</span> <span class='ocrx_word' id='word_1_643' title='bbox 1457 1083 1534 1122; x_wconf 86' lang='lat' dir='ltr'>Non;</span> <span class='ocrx_word' id='word_1_644' title='bbox 1550 1083 1708 1113; x_wconf 86' lang='lat' dir='ltr'>conscientia</span> <span class='ocrx_word' id='word_1_645' title='bbox 1731 1090 1821 1114; x_wconf 84' lang='lat' dir='ltr'>autem</span> 
     </span>
    </p>

    <p class='ocr_par' dir='ltr' id='par_1_19' title="bbox 1073 1121 1904 1679">
     <span class='ocr_line' id='line_1_91' title="bbox 1074 1121 1873 1163; baseline 0.003 -12"><span class='ocrx_word' id='word_1_646' title='bbox 1074 1122 1133 1162; x_wconf 81' lang='lat' dir='ltr'>ejus</span> <span class='ocrx_word' id='word_1_647' title='bbox 1144 1123 1301 1159; x_wconf 86' lang='lat' dir='ltr'>confitetur,</span> <span class='ocrx_word' id='word_1_648' title='bbox 1321 1123 1384 1163; x_wconf 87' lang='lat' dir='ltr'>quia</span> <span class='ocrx_word' id='word_1_649' title='bbox 1401 1121 1500 1162; x_wconf 86' lang='lat' dir='ltr'>dignus</span> <span class='ocrx_word' id='word_1_650' title='bbox 1515 1129 1554 1152; x_wconf 87' lang='lat' dir='ltr'>est</span> <span class='ocrx_word' id='word_1_651' title='bbox 1566 1122 1643 1152; x_wconf 81' lang='lat' dir='ltr'>caedi.</span> <span class='ocrx_word' id='word_1_652' title='bbox 1658 1123 1704 1153; x_wconf 88' lang='lat' dir='ltr'>Sic</span> <span class='ocrx_word' id='word_1_653' title='bbox 1717 1133 1732 1153; x_wconf 91' lang='lat' dir='ltr'>e</span> <span class='ocrx_word' id='word_1_654' title='bbox 1764 1133 1781 1153; x_wconf 88' lang='lat' dir='ltr'>o</span> <span class='ocrx_word' id='word_1_655' title='bbox 1794 1130 1821 1153; x_wconf 90' lang='lat' dir='ltr'>et</span> <span class='ocrx_word' id='word_1_656' title='bbox 1870 1160 1873 1162; x_wconf 17' lang='grc' dir='ltr'><strong>Δ</strong></span> 
     </span>
     <span class='ocr_line' id='line_1_92' title="bbox 1073 1161 1821 1202; baseline 0.003 -11"><span class='ocrx_word' id='word_1_657' title='bbox 1073 1162 1225 1192; x_wconf 88' lang='lat' dir='ltr'>sacerdotes</span> <span class='ocrx_word' id='word_1_658' title='bbox 1242 1162 1319 1191; x_wconf 84' lang='lat' dir='ltr'>malae</span> <span class='ocrx_word' id='word_1_659' title='bbox 1327 1162 1505 1199; x_wconf 69' lang='lat' dir='ltr'>conscientiae,</span> <span class='ocrx_word' id='word_1_660' title='bbox 1519 1161 1610 1194; x_wconf 79' lang='lat' dir='ltr'>verbis</span> <span class='ocrx_word' id='word_1_661' title='bbox 1620 1161 1730 1202; x_wconf 87' lang='lat' dir='ltr'>quidem</span> <span class='ocrx_word' id='word_1_662' title='bbox 1764 1163 1821 1193; x_wconf 44' lang='lat' dir='ltr'>&#39;xes</span> 
     </span>
     <span class='ocr_line' id='line_1_93' title="bbox 1074 1201 1821 1242; baseline 0.004 -13"><span class='ocrx_word' id='word_1_663' title='bbox 1074 1208 1148 1237; x_wconf 91' lang='lat' dir='ltr'>runt,</span> <span class='ocrx_word' id='word_1_664' title='bbox 1160 1202 1251 1231; x_wconf 81' lang='lat' dir='ltr'>Absit</span> <span class='ocrx_word' id='word_1_665' title='bbox 1263 1212 1272 1228; x_wconf 91' lang='grc'>.·</span> <span class='ocrx_word' id='word_1_666' title='bbox 1287 1201 1447 1231; x_wconf 86' lang='lat' dir='ltr'>conscientia</span> <span class='ocrx_word' id='word_1_667' title='bbox 1460 1209 1549 1231; x_wconf 89' lang='lat' dir='ltr'>autem</span> <span class='ocrx_word' id='word_1_668' title='bbox 1557 1202 1668 1232; x_wconf 83' lang='lat' dir='ltr'>confessi</span> <span class='ocrx_word' id='word_1_669' title='bbox 1677 1209 1750 1239; x_wconf 87' lang='lat' dir='ltr'>sunt,</span> <span class='ocrx_word' id='word_1_670' title='bbox 1756 1203 1821 1242; x_wconf 89' lang='lat' dir='ltr'>quia</span> 
     </span>
     <span class='ocr_line' id='line_1_94' title="bbox 1074 1240 1821 1283; baseline 0.005 -15"><span class='ocrx_word' id='word_1_671' title='bbox 1074 1240 1159 1269; x_wconf 91' lang='lat' dir='ltr'>malos</span> <span class='ocrx_word' id='word_1_672' title='bbox 1172 1240 1242 1270; x_wconf 90' lang='lat' dir='ltr'>male</span> <span class='ocrx_word' id='word_1_673' title='bbox 1263 1241 1368 1280; x_wconf 87' lang='lat' dir='ltr'>perdet.</span> <span class='ocrx_word' id='word_1_674' title='bbox 1390 1242 1553 1280; x_wconf 84' lang='lat' dir='ltr'>Frequenter</span> <span class='ocrx_word' id='word_1_675' title='bbox 1566 1249 1655 1271; x_wconf 85' lang='lat' dir='ltr'>autem</span> <span class='ocrx_word' id='word_1_676' title='bbox 1675 1243 1821 1283; x_wconf 83' lang='lat' dir='ltr'>Scripturae</span> 
     </span>
     <span class='ocr_line' id='line_1_95' title="bbox 1074 1279 1822 1320; baseline 0.004 -12"><span class='ocrx_word' id='word_1_677' title='bbox 1074 1280 1246 1318; x_wconf 83' lang='lat' dir='ltr'>cogitationes</span> <span class='ocrx_word' id='word_1_678' title='bbox 1268 1279 1357 1309; x_wconf 89' lang='lat' dir='ltr'>cordis</span> <span class='ocrx_word' id='word_1_679' title='bbox 1374 1281 1410 1309; x_wconf 90' lang='lat' dir='ltr'>ita</span> <span class='ocrx_word' id='word_1_680' title='bbox 1424 1287 1574 1320; x_wconf 86' lang='lat' dir='ltr'>exponunt,</span> <span class='ocrx_word' id='word_1_681' title='bbox 1592 1282 1668 1319; x_wconf 86' lang='lat' dir='ltr'>quasi</span> <span class='ocrx_word' id='word_1_682' title='bbox 1681 1281 1753 1311; x_wconf 87' lang='lat' dir='ltr'>dicta</span> <span class='ocrx_word' id='word_1_683' title='bbox 1767 1293 1822 1311; x_wconf 86' lang='lat' dir='ltr'>ser·-</span> 
     </span>
     <span class='ocr_line' id='line_1_96' title="bbox 1075 1319 1901 1359; baseline 0.002 -12"><span class='ocrx_word' id='word_1_684' title='bbox 1075 1319 1172 1356; x_wconf 81' lang='lat' dir='ltr'>monis,</span> <span class='ocrx_word' id='word_1_685' title='bbox 1183 1319 1254 1349; x_wconf 85' lang='lat' dir='ltr'>sicut</span> <span class='ocrx_word' id='word_1_686' title='bbox 1266 1319 1303 1349; x_wconf 92' lang='lat' dir='ltr'>ait</span> <span class='ocrx_word' id='word_1_687' title='bbox 1316 1319 1386 1350; x_wconf 81' lang='lat' dir='ltr'>Joh:</span> <span class='ocrx_word' id='word_1_688' title='bbox 1400 1321 1482 1350; x_wconf 83' lang='lat' dir='ltr'>Dicit</span> <span class='ocrx_word' id='word_1_689' title='bbox 1493 1321 1598 1359; x_wconf 84' lang='lat' dir='ltr'>impius</span> <span class='ocrx_word' id='word_1_690' title='bbox 1612 1321 1686 1357; x_wconf 80' lang='lat' dir='ltr'>Deo,</span> <span class='ocrx_word' id='word_1_691' title='bbox 1695 1322 1821 1351; x_wconf 77' lang='lat' dir='ltr'>Discede</span> <span class='ocrx_word' id='word_1_692' title='bbox 1831 1328 1901 1350; x_wconf 63' lang='lat' dir='ltr'>loha</span> 
     </span>
     <span class='ocr_line' id='line_1_97' title="bbox 1076 1360 1821 1402; baseline 0.005 -15"><span class='ocrx_word' id='word_1_693' title='bbox 1076 1368 1095 1387; x_wconf 83' lang='lat' dir='ltr'>a</span> <span class='ocrx_word' id='word_1_694' title='bbox 1107 1370 1162 1396; x_wconf 85' lang='lat' dir='ltr'>me,</span> <span class='ocrx_word' id='word_1_695' title='bbox 1178 1361 1250 1399; x_wconf 81' lang='lat' dir='ltr'>quia</span> <span class='ocrx_word' id='word_1_696' title='bbox 1267 1361 1335 1389; x_wconf 81' lang='lat' dir='ltr'>vias</span> <span class='ocrx_word' id='word_1_697' title='bbox 1351 1366 1417 1388; x_wconf 80' lang='lat' dir='ltr'>tuas</span> <span class='ocrx_word' id='word_1_698' title='bbox 1441 1369 1559 1389; x_wconf 84' lang='lat' dir='ltr'>noscere</span> <span class='ocrx_word' id='word_1_699' title='bbox 1581 1360 1660 1390; x_wconf 88' lang='lat' dir='ltr'>nolo.</span> <span class='ocrx_word' id='word_1_700' title='bbox 1676 1360 1745 1391; x_wconf 84' lang='lat' dir='ltr'>Item</span> <span class='ocrx_word' id='word_1_701' title='bbox 1758 1372 1821 1402; x_wconf 91' lang='lat' dir='ltr'>pro-</span> 
     </span>
     <span class='ocr_line' id='line_1_98' title="bbox 1073 1398 1904 1438; baseline 0.004 -11"><span class='ocrx_word' id='word_1_702' title='bbox 1073 1398 1153 1438; x_wconf 87' lang='lat' dir='ltr'>pheta</span> <span class='ocrx_word' id='word_1_703' title='bbox 1166 1398 1335 1438; x_wconf 84' lang='lat' dir='ltr'>:Pupillum</span> <span class='ocrx_word' id='word_1_704' title='bbox 1346 1405 1375 1428; x_wconf 83' lang='lat' dir='ltr'>et</span> <span class='ocrx_word' id='word_1_705' title='bbox 1387 1399 1534 1428; x_wconf 75' lang='lat' dir='ltr'>advenam</span> <span class='ocrx_word' id='word_1_706' title='bbox 1542 1401 1721 1437; x_wconf 77' lang='lat' dir='ltr'>occiderunt,</span> <span class='ocrx_word' id='word_1_707' title='bbox 1735 1409 1764 1431; x_wconf 85' lang='lat' dir='ltr'>et</span> <span class='ocrx_word' id='word_1_708' title='bbox 1775 1403 1821 1431; x_wconf 80' lang='lat' dir='ltr'>di·</span> <span class='ocrx_word' id='word_1_709' title='bbox 1830 1407 1904 1430; x_wconf 47' lang='lat'>1²:21„</span> 
     </span>
     <span class='ocr_line' id='line_1_99' title="bbox 1073 1439 1854 1480; baseline 0.001 -13"><span class='ocrx_word' id='word_1_710' title='bbox 1073 1445 1181 1467; x_wconf 79' lang='lat' dir='ltr'>:cerunt</span> <span class='ocrx_word' id='word_1_711' title='bbox 1192 1450 1201 1466; x_wconf 91' lang='lat'>.·</span> <span class='ocrx_word' id='word_1_712' title='bbox 1215 1439 1284 1468; x_wconf 88' lang='lat' dir='ltr'>Non</span> <span class='ocrx_word' id='word_1_713' title='bbox 1295 1440 1411 1468; x_wconf 84' lang='lat' dir='ltr'>videbit</span> <span class='ocrx_word' id='word_1_714' title='bbox 1430 1439 1589 1476; x_wconf 79' lang='lat' dir='ltr'>Dominus,</span> <span class='ocrx_word' id='word_1_715' title='bbox 1602 1450 1697 1480; x_wconf 81' lang='lat' dir='ltr'>neque</span> <span class='ocrx_word' id='word_1_716' title='bbox 1710 1441 1819 1470; x_wconf 76' lang='lat' dir='ltr'>intelli·</span> <span class='ocrx_word' id='word_1_717' title='bbox 1831 1445 1854 1468; x_wconf 91' lang='grc'>7·</span> 
     </span>
     <span class='ocr_line' id='line_1_100' title="bbox 1073 1478 1904 1518; baseline 0.004 -11"><span class='ocrx_word' id='word_1_718' title='bbox 1073 1484 1121 1518; x_wconf 83' lang='lat' dir='ltr'>get</span> <span class='ocrx_word' id='word_1_719' title='bbox 1134 1478 1215 1507; x_wconf 84' lang='lat' dir='ltr'>Deus</span> <span class='ocrx_word' id='word_1_720' title='bbox 1229 1479 1338 1508; x_wconf 80' lang='lat' dir='ltr'>Jacob.</span> <span class='ocrx_word' id='word_1_721' title='bbox 1360 1479 1429 1507; x_wconf 88' lang='lat' dir='ltr'>Item</span> <span class='ocrx_word' id='word_1_722' title='bbox 1441 1478 1568 1508; x_wconf 89' lang='lat' dir='ltr'>Salomon</span> <span class='ocrx_word' id='word_1_723' title='bbox 1584 1489 1591 1506; x_wconf 73' lang='grc' dir='ltr'><em>τ</em></span> <span class='ocrx_word' id='word_1_724' title='bbox 1609 1480 1710 1509; x_wconf 85' lang='lat' dir='ltr'>Omnis</span> <span class='ocrx_word' id='word_1_725' title='bbox 1734 1481 1820 1510; x_wconf 83' lang='lat' dir='ltr'>homo</span> <span class='ocrx_word' id='word_1_726' title='bbox 1830 1487 1904 1510; x_wconf 73' lang='lat' dir='ltr'>Eccti.</span> 
     </span>
     <span class='ocr_line' id='line_1_101' title="bbox 1075 1517 1904 1558; baseline 0.005 -12"><span class='ocrx_word' id='word_1_727' title='bbox 1075 1519 1290 1558; x_wconf 81' lang='lat' dir='ltr'>transgrediens</span> <span class='ocrx_word' id='word_1_728' title='bbox 1303 1519 1335 1547; x_wconf 85' lang='lat' dir='ltr'>in</span> <span class='ocrx_word' id='word_1_729' title='bbox 1357 1517 1432 1546; x_wconf 83' lang='lat' dir='ltr'>lecto</span> <span class='ocrx_word' id='word_1_730' title='bbox 1444 1527 1497 1547; x_wconf 83' lang='lat' dir='ltr'>suo</span> <span class='ocrx_word' id='word_1_731' title='bbox 1518 1519 1589 1548; x_wconf 81' lang='lat' dir='ltr'>dim‘t</span> <span class='ocrx_word' id='word_1_732' title='bbox 1606 1529 1615 1547; x_wconf 77' lang='grc' dir='ltr'><strong><em>ε</em></strong></span> <span class='ocrx_word' id='word_1_733' title='bbox 1633 1520 1705 1558; x_wconf 82' lang='lat' dir='ltr'>Quis</span> <span class='ocrx_word' id='word_1_734' title='bbox 1715 1530 1760 1550; x_wconf 81' lang='lat' dir='ltr'>me</span> <span class='ocrx_word' id='word_1_735' title='bbox 1772 1522 1822 1550; x_wconf 83' lang='lat' dir='ltr'>vi·</span> <span class='ocrx_word' id='word_1_736' title='bbox 1831 1519 1871 1542; x_wconf 81' lang='lat'>²⁵·</span> <span class='ocrx_word' id='word_1_737' title='bbox 1880 1517 1904 1542; x_wconf 60' lang='lat'>24</span> 
     </span>
     <span class='ocr_line' id='line_1_102' title="bbox 1074 1558 1822 1600; baseline 0.005 -14"><span class='ocrx_word' id='word_1_738' title='bbox 1074 1558 1123 1586; x_wconf 77' lang='lat' dir='ltr'>det</span> <span class='ocrx_word' id='word_1_739' title='bbox 1133 1560 1146 1585; x_wconf 84' lang='lat'>?</span> <span class='ocrx_word' id='word_1_740' title='bbox 1161 1559 1295 1588; x_wconf 83' lang='lat' dir='ltr'>Parietes</span> <span class='ocrx_word' id='word_1_741' title='bbox 1304 1564 1333 1587; x_wconf 87' lang='lat' dir='ltr'>et</span> <span class='ocrx_word' id='word_1_742' title='bbox 1341 1559 1466 1586; x_wconf 86' lang='lat' dir='ltr'>tenebroe</span> <span class='ocrx_word' id='word_1_743' title='bbox 1474 1559 1657 1588; x_wconf 82' lang='lat' dir='ltr'>circumdant</span> <span class='ocrx_word' id='word_1_744' title='bbox 1667 1569 1727 1597; x_wconf 87' lang='lat' dir='ltr'>me,·</span> <span class='ocrx_word' id='word_1_745' title='bbox 1734 1570 1822 1600; x_wconf 86' lang='lat' dir='ltr'>quem</span> 
     </span>
     <span class='ocr_line' id='line_1_103' title="bbox 1074 1598 1823 1630; baseline 0.005 -4"><span class='ocrx_word' id='word_1_746' title='bbox 1074 1599 1198 1627; x_wconf 80' lang='lat' dir='ltr'>verebor</span> <span class='ocrx_word' id='word_1_747' title='bbox 1207 1600 1221 1625; x_wconf 75' lang='grc' dir='ltr'><em>Ρ</em></span> <span class='ocrx_word' id='word_1_748' title='bbox 1234 1599 1304 1628; x_wconf 85' lang='lat' dir='ltr'>Non</span> <span class='ocrx_word' id='word_1_749' title='bbox 1326 1598 1535 1627; x_wconf 83' lang='lat' dir='ltr'>memorabitur·</span> <span class='ocrx_word' id='word_1_750' title='bbox 1550 1599 1726 1629; x_wconf 84' lang='lat' dir='ltr'>Altissimus</span> <span class='ocrx_word' id='word_1_751' title='bbox 1747 1601 1823 1630; x_wconf 79' lang='lat' dir='ltr'>deli-</span> 
     </span>
     <span class='ocr_line' id='line_1_104' title="bbox 1075 1636 1820 1679; baseline 0.003 -12"><span class='ocrx_word' id='word_1_752' title='bbox 1075 1644 1188 1667; x_wconf 88' lang='lat' dir='ltr'>ctorum</span> <span class='ocrx_word' id='word_1_753' title='bbox 1210 1648 1350 1667; x_wconf 85' lang='lat' dir='ltr'>meorum.</span> <span class='ocrx_word' id='word_1_754' title='bbox 1366 1636 1479 1676; x_wconf 85' lang='lat' dir='ltr'>Alioqui</span> <span class='ocrx_word' id='word_1_755' title='bbox 1492 1638 1629 1677; x_wconf 88' lang='lat' dir='ltr'>quomodo</span> <span class='ocrx_word' id='word_1_756' title='bbox 1649 1645 1736 1679; x_wconf 79' lang='lat' dir='ltr'>potest</span> <span class='ocrx_word' id='word_1_757' title='bbox 1749 1639 1820 1678; x_wconf 84' lang='lat' dir='ltr'>fieri,</span> 
     </span>
    </p>

    <p class='ocr_par' dir='ltr' id='par_1_20' title="bbox 1075 1676 1821 1719">
     <span class='ocr_line' id='line_1_105' title="bbox 1075 1676 1821 1719; baseline 0.005 -13"><span class='ocrx_word' id='word_1_758' title='bbox 1075 1684 1106 1707; x_wconf 93' lang='lat' dir='ltr'>ut</span> <span class='ocrx_word' id='word_1_759' title='bbox 1117 1677 1164 1716; x_wconf 88' lang='lat' dir='ltr'>qui</span> <span class='ocrx_word' id='word_1_760' title='bbox 1172 1678 1360 1708; x_wconf 84' lang='lat' dir='ltr'>intellexerant</span> <span class='ocrx_word' id='word_1_761' title='bbox 1365 1683 1458 1707; x_wconf 84' lang='lat' dir='ltr'>contra</span> <span class='ocrx_word' id='word_1_762' title='bbox 1467 1687 1496 1707; x_wconf 88' lang='lat' dir='ltr'>se</span> <span class='ocrx_word' id='word_1_763' title='bbox 1506 1676 1592 1708; x_wconf 87' lang='lat' dir='ltr'>dictas</span> <span class='ocrx_word' id='word_1_764' title='bbox 1602 1689 1659 1708; x_wconf 81' lang='lat' dir='ltr'>esse</span> <span class='ocrx_word' id='word_1_765' title='bbox 1668 1679 1821 1719; x_wconf 79' lang='lat' dir='ltr'>parabolas,</span> 
     </span>
    </p>

    <p class='ocr_par' dir='ltr' id='par_1_21' title="bbox 1075 1716 1824 1797">
     <span class='ocr_line' id='line_1_106' title="bbox 1075 1716 1824 1754; baseline 0.004 -8"><span class='ocrx_word' id='word_1_766' title='bbox 1075 1716 1112 1746; x_wconf 90' lang='lat' dir='ltr'>ita</span> <span class='ocrx_word' id='word_1_767' title='bbox 1136 1724 1166 1746; x_wconf 92' lang='lat' dir='ltr'>ut</span> <span class='ocrx_word' id='word_1_768' title='bbox 1179 1718 1280 1747; x_wconf 81' lang='lat' dir='ltr'>vellent</span> <span class='ocrx_word' id='word_1_769' title='bbox 1299 1728 1360 1747; x_wconf 89' lang='lat' dir='ltr'>eum</span> <span class='ocrx_word' id='word_1_770' title='bbox 1385 1724 1485 1754; x_wconf 88' lang='lat' dir='ltr'>tenere,</span> <span class='ocrx_word' id='word_1_771' title='bbox 1496 1718 1674 1748; x_wconf 88' lang='lat' dir='ltr'>consentirent</span> <span class='ocrx_word' id='word_1_772' title='bbox 1688 1719 1824 1749; x_wconf 78' lang='lat' dir='ltr'>sententiae</span> 
     </span>
     <span class='ocr_line' id='line_1_107' title="bbox 1075 1756 1821 1797; baseline 0.004 -11"><span class='ocrx_word' id='word_1_773' title='bbox 1075 1757 1155 1786; x_wconf 76' lang='lat' dir='ltr'>e&#39;us?</span> <span class='ocrx_word' id='word_1_774' title='bbox 1176 1757 1300 1796; x_wconf 91' lang='lat' dir='ltr'>Denique</span> <span class='ocrx_word' id='word_1_775' title='bbox 1319 1756 1396 1796; x_wconf 92' lang='lat' dir='ltr'>quasi</span> <span class='ocrx_word' id='word_1_776' title='bbox 1415 1766 1469 1786; x_wconf 90' lang='lat' dir='ltr'>non</span> <span class='ocrx_word' id='word_1_777' title='bbox 1496 1757 1725 1797; x_wconf 86' lang='lat' dir='ltr'>acquiescentibus</span> <span class='ocrx_word' id='word_1_778' title='bbox 1745 1758 1821 1797; x_wconf 85' lang='lat' dir='ltr'>illis,</span> 
     </span>
    </p>

    <p class='ocr_par' dir='ltr' id='par_1_22' title="bbox 1076 1768 1824 1918">
     <span class='ocr_line' id='line_1_108' title="bbox 1076 1768 1824 1838; baseline 0.003 -12"><span class='ocrx_word' id='word_1_779' title='bbox 1076 1768 1137 1826; x_wconf 81' lang='lat' dir='ltr'>ideo</span> <span class='ocrx_word' id='word_1_780' title='bbox 1150 1796 1297 1826; x_wconf 86' lang='lat' dir='ltr'>introducit</span> <span class='ocrx_word' id='word_1_781' title='bbox 1316 1796 1393 1826; x_wconf 85' lang='lat' dir='ltr'>aliud</span> <span class='ocrx_word' id='word_1_782' title='bbox 1407 1795 1588 1827; x_wconf 89' lang='lat' dir='ltr'>testimonium</span> <span class='ocrx_word' id='word_1_783' title='bbox 1607 1798 1766 1838; x_wconf 55' lang='lat' dir='ltr'>Scripturas,</span> <span class='ocrx_word' id='word_1_784' title='bbox 1779 1798 1824 1828; x_wconf 85' lang='lat' dir='ltr'>di-</span> 
     </span>
     <span class='ocr_line' id='line_1_109' title="bbox 1076 1837 1823 1878; baseline 0.001 -12"><span class='ocrx_word' id='word_1_785' title='bbox 1076 1847 1150 1866; x_wconf 89' lang='lat' dir='ltr'>cens:</span> <span class='ocrx_word' id='word_1_786' title='bbox 1158 1838 1205 1866; x_wconf 59' lang='lat' dir='ltr'>Aa.</span> <span class='ocrx_word' id='word_1_787' title='bbox 1215 1837 1292 1866; x_wconf 88' lang='lat' dir='ltr'>Num</span> <span class='ocrx_word' id='word_1_788' title='bbox 1316 1847 1384 1866; x_wconf 84' lang='lat' dir='ltr'>uam</span> <span class='ocrx_word' id='word_1_789' title='bbox 1395 1837 1506 1876; x_wconf 79' lang='lat' dir='ltr'>legistis</span> <span class='ocrx_word' id='word_1_790' title='bbox 1516 1837 1561 1867; x_wconf 89' lang='lat' dir='ltr'>:id</span> <span class='ocrx_word' id='word_1_791' title='bbox 1571 1844 1619 1874; x_wconf 86' lang='lat' dir='ltr'>est,</span> <span class='ocrx_word' id='word_1_792' title='bbox 1625 1837 1655 1868; x_wconf 91' lang='lat' dir='ltr'>Si</span> <span class='ocrx_word' id='word_1_793' title='bbox 1666 1838 1823 1878; x_wconf 84' lang='lat' dir='ltr'>parabolam</span> 
     </span>
     <span class='ocr_line' id='line_1_110' title="bbox 1076 1876 1822 1918; baseline 0.003 -13"><span class='ocrx_word' id='word_1_794' title='bbox 1076 1887 1163 1906; x_wconf 88' lang='lat' dir='ltr'>meam</span> <span class='ocrx_word' id='word_1_795' title='bbox 1175 1887 1228 1906; x_wconf 92' lang='lat' dir='ltr'>non</span> <span class='ocrx_word' id='word_1_796' title='bbox 1240 1877 1295 1906; x_wconf 91' lang='lat' dir='ltr'>inte</span> <span class='ocrx_word' id='word_1_797' title='bbox 1308 1876 1421 1914; x_wconf 70' lang='lat' dir='ltr'>lexisfis,</span> <span class='ocrx_word' id='word_1_798' title='bbox 1437 1876 1482 1905; x_wconf 87' lang='lat' dir='ltr'>vel</span> <span class='ocrx_word' id='word_1_799' title='bbox 1499 1877 1577 1907; x_wconf 87' lang='lat' dir='ltr'>istam</span> <span class='ocrx_word' id='word_1_800' title='bbox 1591 1877 1754 1918; x_wconf 84' lang='lat' dir='ltr'>scripturam</span> <span class='ocrx_word' id='word_1_801' title='bbox 1768 1887 1822 1908; x_wconf 89' lang='lat' dir='ltr'>non</span> 
     </span>
    </p>
   </div>
   <div class='ocr_carea' id='block_1_13' title="bbox 697 1916 1824 1956">
    <p class='ocr_par' dir='ltr' id='par_1_23' title="bbox 697 1916 1824 1956">
     <span class='ocr_line' id='line_1_111' title="bbox 697 1916 1824 1956; baseline -0.001 -9"><span class='ocrx_word' id='word_1_802' title='bbox 697 1928 776 1947; x_wconf 88' lang='lat' dir='ltr'>suum</span> <span class='ocrx_word' id='word_1_803' title='bbox 793 1918 900 1946; x_wconf 89' lang='lat' dir='ltr'>lucrum</span> <span class='ocrx_word' id='word_1_804' title='bbox 912 1917 1025 1946; x_wconf 86' lang='lat' dir='ltr'>fructifi-</span> <span class='ocrx_word' id='word_1_805' title='bbox 1040 1923 1060 1946; x_wconf 85' lang='lat' dir='ltr'>D</span> <span class='ocrx_word' id='word_1_806' title='bbox 1076 1916 1253 1955; x_wconf 81' lang='lat' dir='ltr'>cognoscitis?</span> <span class='ocrx_word' id='word_1_807' title='bbox 1267 1916 1349 1954; x_wconf 89' lang='lat' dir='ltr'>Quod</span> <span class='ocrx_word' id='word_1_808' title='bbox 1368 1918 1390 1945; x_wconf 91' lang='lat' dir='ltr'>si</span> <span class='ocrx_word' id='word_1_809' title='bbox 1409 1926 1464 1944; x_wconf 90' lang='lat' dir='ltr'>non</span> <span class='ocrx_word' id='word_1_810' title='bbox 1487 1917 1682 1956; x_wconf 81' lang='lat' dir='ltr'>acquievissent</span> <span class='ocrx_word' id='word_1_811' title='bbox 1701 1917 1824 1946; x_wconf 82' lang='lat' dir='ltr'>confiteri</span> 
     </span>
    </p>
   </div>
   <div class='ocr_carea' id='block_1_14' title="bbox 1076 1955 1904 2513">
    <p class='ocr_par' dir='ltr' id='par_1_24' title="bbox 1076 1955 1904 2513">
     <span class='ocr_line' id='line_1_112' title="bbox 1076 1955 1823 1995; baseline 0.003 -11"><span class='ocrx_word' id='word_1_812' title='bbox 1076 1955 1173 1995; x_wconf 80' lang='lat' dir='ltr'>dignos</span> <span class='ocrx_word' id='word_1_813' title='bbox 1184 1966 1212 1985; x_wconf 88' lang='lat' dir='ltr'>se</span> <span class='ocrx_word' id='word_1_814' title='bbox 1232 1966 1289 1985; x_wconf 84' lang='lat' dir='ltr'>esse</span> <span class='ocrx_word' id='word_1_815' title='bbox 1301 1966 1390 1995; x_wconf 85' lang='lat' dir='ltr'>poena,</span> <span class='ocrx_word' id='word_1_816' title='bbox 1403 1955 1498 1994; x_wconf 87' lang='lat' dir='ltr'>utique</span> <span class='ocrx_word' id='word_1_817' title='bbox 1514 1966 1566 1985; x_wconf 91' lang='lat' dir='ltr'>non</span> <span class='ocrx_word' id='word_1_818' title='bbox 1580 1963 1639 1985; x_wconf 88' lang='lat' dir='ltr'>erat</span> <span class='ocrx_word' id='word_1_819' title='bbox 1653 1966 1759 1986; x_wconf 86' lang='lat' dir='ltr'>necesse</span> <span class='ocrx_word' id='word_1_820' title='bbox 1771 1955 1823 1986; x_wconf 89' lang='lat' dir='ltr'>ad-</span> 
     </span>
     <span class='ocr_line' id='line_1_113' title="bbox 1076 1995 1904 2036; baseline -0.001 -12"><span class='ocrx_word' id='word_1_821' title='bbox 1076 1995 1131 2024; x_wconf 90' lang='lat' dir='ltr'>huc</span> <span class='ocrx_word' id='word_1_822' title='bbox 1152 1995 1190 2025; x_wconf 90' lang='lat' dir='ltr'>eis</span> <span class='ocrx_word' id='word_1_823' title='bbox 1215 1995 1291 2024; x_wconf 87' lang='lat' dir='ltr'>aliud</span> <span class='ocrx_word' id='word_1_824' title='bbox 1316 1995 1437 2034; x_wconf 85' lang='lat' dir='ltr'>proferre</span> <span class='ocrx_word' id='word_1_825' title='bbox 1464 1995 1644 2035; x_wconf 80' lang='lat' dir='ltr'>exemplum?</span> <span class='ocrx_word' id='word_1_826' title='bbox 1668 1997 1822 2036; x_wconf 82' lang='lat' dir='ltr'>Lapidem,</span> <span class='ocrx_word' id='word_1_827' title='bbox 1834 1999 1904 2033; x_wconf 61' lang='lat' dir='ltr'>Psatt</span> 
     </span>
     <span class='ocr_line' id='line_1_114' title="bbox 1078 2035 1904 2082; baseline 0.002 -18"><span class='ocrx_word' id='word_1_828' title='bbox 1078 2045 1164 2075; x_wconf 82' lang='lat' dir='ltr'>quem</span> <span class='ocrx_word' id='word_1_829' title='bbox 1174 2037 1403 2074; x_wconf 79' lang='lat' dir='ltr'>reprobaverunt</span> <span class='ocrx_word' id='word_1_830' title='bbox 1412 2035 1604 2074; x_wconf 64' lang='lat' dir='ltr'>(edificantes,</span> <span class='ocrx_word' id='word_1_831' title='bbox 1614 2035 1775 2082; x_wconf 72' lang='lat' dir='ltr'>hicjaetus</span> <span class='ocrx_word' id='word_1_832' title='bbox 1782 2042 1825 2067; x_wconf 79' lang='lat' dir='ltr'>est</span> <span class='ocrx_word' id='word_1_833' title='bbox 1835 2038 1875 2055; x_wconf 84' lang='lat'>²²·</span> <span class='ocrx_word' id='word_1_834' title='bbox 1898 2035 1904 2080; x_wconf 64' lang='lat' dir='ltr'><strong>j</strong></span> 
     </span>
     <span class='ocr_line' id='line_1_115' title="bbox 1079 2074 1904 2116; baseline 0.001 -12"><span class='ocrx_word' id='word_1_835' title='bbox 1079 2077 1111 2104; x_wconf 87' lang='lat' dir='ltr'>in</span> <span class='ocrx_word' id='word_1_836' title='bbox 1124 2082 1211 2114; x_wconf 85' lang='lat' dir='ltr'>caput</span> <span class='ocrx_word' id='word_1_837' title='bbox 1225 2075 1339 2114; x_wconf 83' lang='lat' dir='ltr'>anguli.</span> <span class='ocrx_word' id='word_1_838' title='bbox 1354 2074 1388 2104; x_wconf 91' lang='lat' dir='ltr'>Id</span> <span class='ocrx_word' id='word_1_839' title='bbox 1404 2081 1455 2111; x_wconf 89' lang='lat' dir='ltr'>est,</span> <span class='ocrx_word' id='word_1_840' title='bbox 1470 2075 1563 2112; x_wconf 88' lang='lat' dir='ltr'>Quare</span> <span class='ocrx_word' id='word_1_841' title='bbox 1582 2084 1637 2104; x_wconf 92' lang='lat' dir='ltr'>non</span> <span class='ocrx_word' id='word_1_842' title='bbox 1660 2074 1823 2116; x_wconf 77' lang='lat' dir='ltr'>intelligitis,</span> <span class='ocrx_word' id='word_1_843' title='bbox 1899 2082 1904 2110; x_wconf 75' lang='lat' dir='ltr'>i</span> 
     </span>
     <span class='ocr_line' id='line_1_116' title="bbox 1079 2114 1824 2154; baseline 0.001 -11"><span class='ocrx_word' id='word_1_844' title='bbox 1079 2114 1143 2154; x_wconf 85' lang='lat' dir='ltr'>qnia</span> <span class='ocrx_word' id='word_1_845' title='bbox 1153 2125 1201 2145; x_wconf 85' lang='lat' dir='ltr'>vos</span> <span class='ocrx_word' id='word_1_846' title='bbox 1212 2115 1275 2144; x_wconf 92' lang='lat' dir='ltr'>estis</span> <span class='ocrx_word' id='word_1_847' title='bbox 1289 2114 1488 2144; x_wconf 72' lang='lat' dir='ltr'>aedificatores?</span> <span class='ocrx_word' id='word_1_848' title='bbox 1502 2121 1529 2144; x_wconf 90' lang='lat' dir='ltr'>et</span> <span class='ocrx_word' id='word_1_849' title='bbox 1539 2114 1675 2154; x_wconf 86' lang='lat' dir='ltr'>quomodo</span> <span class='ocrx_word' id='word_1_850' title='bbox 1686 2126 1738 2146; x_wconf 92' lang='lat' dir='ltr'>non</span> <span class='ocrx_word' id='word_1_851' title='bbox 1750 2126 1781 2145; x_wconf 93' lang='lat' dir='ltr'>co</span> <span class='ocrx_word' id='word_1_852' title='bbox 1800 2115 1824 2144; x_wconf 88' lang='lat' dir='ltr'>i-</span> 
     </span>
     <span class='ocr_line' id='line_1_117' title="bbox 1079 2153 1827 2195; baseline 0.001 -12"><span class='ocrx_word' id='word_1_853' title='bbox 1079 2155 1151 2191; x_wconf 89' lang='lat' dir='ltr'>tatis,</span> <span class='ocrx_word' id='word_1_854' title='bbox 1167 2154 1195 2183; x_wconf 91' lang='lat' dir='ltr'>in</span> <span class='ocrx_word' id='word_1_855' title='bbox 1206 2156 1284 2194; x_wconf 89' lang='lat' dir='ltr'>cujus</span> <span class='ocrx_word' id='word_1_856' title='bbox 1296 2153 1405 2183; x_wconf 82' lang='lat' dir='ltr'>aedificii</span> <span class='ocrx_word' id='word_1_857' title='bbox 1414 2154 1513 2194; x_wconf 84' lang='lat' dir='ltr'>angulo</span> <span class='ocrx_word' id='word_1_858' title='bbox 1526 2154 1666 2195; x_wconf 90' lang='lat' dir='ltr'>ponendus</span> <span class='ocrx_word' id='word_1_859' title='bbox 1678 2162 1718 2185; x_wconf 70' lang='lat' dir='ltr'>est</span> <span class='ocrx_word' id='word_1_860' title='bbox 1729 2155 1776 2185; x_wconf 90' lang='lat' dir='ltr'>ille</span> <span class='ocrx_word' id='word_1_861' title='bbox 1801 2166 1827 2184; x_wconf 87' lang='lat' dir='ltr'>a·</span> 
     </span>
     <span class='ocr_line' id='line_1_118' title="bbox 1080 2194 1826 2235; baseline 0.003 -13"><span class='ocrx_word' id='word_1_862' title='bbox 1080 2194 1137 2234; x_wconf 78' lang='lat' dir='ltr'>pis?</span> <span class='ocrx_word' id='word_1_863' title='bbox 1143 2194 1285 2233; x_wconf 89' lang='lat' dir='ltr'>Numquid</span> <span class='ocrx_word' id='word_1_864' title='bbox 1296 2194 1324 2223; x_wconf 89' lang='lat' dir='ltr'>in</span> <span class='ocrx_word' id='word_1_865' title='bbox 1334 2200 1434 2230; x_wconf 82' lang='lat' dir='ltr'>vestro,</span> <span class='ocrx_word' id='word_1_866' title='bbox 1441 2194 1512 2224; x_wconf 91' lang='lat' dir='ltr'>unde</span> <span class='ocrx_word' id='word_1_867' title='bbox 1524 2195 1747 2235; x_wconf 78' lang='lat' dir='ltr'>reprobatusest?</span> <span class='ocrx_word' id='word_1_868' title='bbox 1755 2196 1826 2231; x_wconf 87' lang='lat' dir='ltr'>Non,</span> 
     </span>
     <span class='ocr_line' id='line_1_119' title="bbox 1081 2233 1827 2273; baseline 0 -10"><span class='ocrx_word' id='word_1_869' title='bbox 1081 2233 1128 2263; x_wconf 89' lang='lat' dir='ltr'>sed</span> <span class='ocrx_word' id='word_1_870' title='bbox 1142 2234 1171 2263; x_wconf 92' lang='lat' dir='ltr'>in</span> <span class='ocrx_word' id='word_1_871' title='bbox 1185 2235 1250 2263; x_wconf 86' lang='lat' dir='ltr'>alio.</span> <span class='ocrx_word' id='word_1_872' title='bbox 1259 2235 1331 2273; x_wconf 83' lang='lat' dir='ltr'>Ergo</span> <span class='ocrx_word' id='word_1_873' title='bbox 1346 2233 1422 2263; x_wconf 91' lang='lat' dir='ltr'>aliud</span> <span class='ocrx_word' id='word_1_874' title='bbox 1435 2234 1582 2264; x_wconf 73' lang='lat' dir='ltr'>aedificium</span> <span class='ocrx_word' id='word_1_875' title='bbox 1595 2241 1635 2264; x_wconf 90' lang='lat' dir='ltr'>est</span> <span class='ocrx_word' id='word_1_876' title='bbox 1650 2235 1784 2264; x_wconf 81' lang='lat' dir='ltr'>futurum.</span> <span class='ocrx_word' id='word_1_877' title='bbox 1797 2234 1827 2265; x_wconf 90' lang='lat' dir='ltr'>Si</span> 
     </span>
     <span class='ocr_line' id='line_1_120' title="bbox 1081 2273 1828 2314; baseline 0.001 -12"><span class='ocrx_word' id='word_1_878' title='bbox 1081 2281 1169 2303; x_wconf 85' lang='lat' dir='ltr'>autem</span> <span class='ocrx_word' id='word_1_879' title='bbox 1189 2273 1266 2303; x_wconf 88' lang='lat' dir='ltr'>aliud</span> <span class='ocrx_word' id='word_1_880' title='bbox 1285 2273 1431 2303; x_wconf 84' lang='lat' dir='ltr'>aedificium</span> <span class='ocrx_word' id='word_1_881' title='bbox 1442 2281 1482 2304; x_wconf 87' lang='lat' dir='ltr'>est</span> <span class='ocrx_word' id='word_1_882' title='bbox 1495 2275 1632 2310; x_wconf 86' lang='lat' dir='ltr'>futurum,</span> <span class='ocrx_word' id='word_1_883' title='bbox 1657 2284 1720 2314; x_wconf 86' lang='lat' dir='ltr'>ergo</span> <span class='ocrx_word' id='word_1_884' title='bbox 1738 2280 1828 2303; x_wconf 79' lang='lat' dir='ltr'>vestra</span> 
     </span>
     <span class='ocr_line' id='line_1_121' title="bbox 1082 2313 1829 2343; baseline 0.001 -1"><span class='ocrx_word' id='word_1_885' title='bbox 1082 2313 1223 2343; x_wconf 80' lang='lat' dir='ltr'>aedificatio</span> <span class='ocrx_word' id='word_1_886' title='bbox 1248 2313 1439 2343; x_wconf 87' lang='lat' dir='ltr'>contemnenda</span> <span class='ocrx_word' id='word_1_887' title='bbox 1467 2320 1516 2343; x_wconf 88' lang='lat' dir='ltr'>est.</span> <span class='ocrx_word' id='word_1_888' title='bbox 1543 2313 1730 2343; x_wconf 83' lang='lat' dir='ltr'>AEdificatores</span> <span class='ocrx_word' id='word_1_889' title='bbox 1755 2314 1829 2343; x_wconf 84' lang='lat' dir='ltr'>enim</span> 
     </span>
     <span class='ocr_line' id='line_1_122' title="bbox 1082 2353 1829 2393; baseline 0 -11"><span class='ocrx_word' id='word_1_890' title='bbox 1082 2360 1145 2382; x_wconf 91' lang='lat' dir='ltr'>sunt</span> <span class='ocrx_word' id='word_1_891' title='bbox 1164 2353 1324 2390; x_wconf 86' lang='lat' dir='ltr'>sacerdotes,</span> <span class='ocrx_word' id='word_1_892' title='bbox 1336 2353 1384 2392; x_wconf 87' lang='lat' dir='ltr'>qui</span> <span class='ocrx_word' id='word_1_893' title='bbox 1403 2353 1584 2393; x_wconf 83' lang='lat' dir='ltr'>generationes</span> <span class='ocrx_word' id='word_1_894' title='bbox 1595 2353 1735 2383; x_wconf 90' lang='lat' dir='ltr'>hominum</span> <span class='ocrx_word' id='word_1_895' title='bbox 1748 2363 1829 2393; x_wconf 89' lang='lat' dir='ltr'>super</span> 
     </span>
     <span class='ocr_line' id='line_1_123' title="bbox 1083 2392 1829 2433; baseline 0.001 -12"><span class='ocrx_word' id='word_1_896' title='bbox 1083 2393 1278 2432; x_wconf 84' lang='lat' dir='ltr'>generationem</span> <span class='ocrx_word' id='word_1_897' title='bbox 1292 2403 1340 2433; x_wconf 89' lang='lat' dir='ltr'>per</span> <span class='ocrx_word' id='word_1_898' title='bbox 1353 2393 1503 2423; x_wconf 89' lang='lat' dir='ltr'>doctrinam</span> <span class='ocrx_word' id='word_1_899' title='bbox 1514 2392 1687 2430; x_wconf 69' lang='lat' dir='ltr'>aedificantes,</span> <span class='ocrx_word' id='word_1_900' title='bbox 1702 2393 1779 2432; x_wconf 88' lang='lat' dir='ltr'>quasi</span> <span class='ocrx_word' id='word_1_901' title='bbox 1790 2393 1829 2422; x_wconf 79' lang='lat' dir='ltr'>la-</span> 
     </span>
     <span class='ocr_line' id='line_1_124' title="bbox 1084 2432 1829 2472; baseline 0.003 -12"><span class='ocrx_word' id='word_1_902' title='bbox 1084 2432 1160 2472; x_wconf 88' lang='lat' dir='ltr'>pides</span> <span class='ocrx_word' id='word_1_903' title='bbox 1181 2443 1264 2472; x_wconf 89' lang='lat' dir='ltr'>super</span> <span class='ocrx_word' id='word_1_904' title='bbox 1276 2432 1395 2472; x_wconf 82' lang='lat' dir='ltr'>lapidem</span> <span class='ocrx_word' id='word_1_905' title='bbox 1409 2439 1546 2472; x_wconf 84' lang='lat' dir='ltr'>ponentes,</span> <span class='ocrx_word' id='word_1_906' title='bbox 1561 2432 1674 2462; x_wconf 87' lang='lat' dir='ltr'>domum</span> <span class='ocrx_word' id='word_1_907' title='bbox 1686 2433 1737 2462; x_wconf 90' lang='lat' dir='ltr'>Dei</span> <span class='ocrx_word' id='word_1_908' title='bbox 1752 2443 1829 2462; x_wconf 88' lang='lat' dir='ltr'>com-</span> 
     </span>
     <span class='ocr_line' id='line_1_125' title="bbox 1084 2472 1831 2513; baseline 0 -11"><span class='ocrx_word' id='word_1_909' title='bbox 1084 2479 1196 2511; x_wconf 89' lang='lat' dir='ltr'>ponunt.</span> <span class='ocrx_word' id='word_1_910' title='bbox 1207 2472 1282 2502; x_wconf 90' lang='lat' dir='ltr'>Sicut</span> <span class='ocrx_word' id='word_1_911' title='bbox 1293 2472 1363 2502; x_wconf 87' lang='lat' dir='ltr'>enim</span> <span class='ocrx_word' id='word_1_912' title='bbox 1375 2473 1547 2503; x_wconf 71' lang='lat' dir='ltr'>aedificatores</span> <span class='ocrx_word' id='word_1_913' title='bbox 1558 2472 1673 2503; x_wconf 88' lang='lat' dir='ltr'>nodosos</span> <span class='ocrx_word' id='word_1_914' title='bbox 1683 2472 1831 2513; x_wconf 87' lang='lat' dir='ltr'>lapides‚et</span> 
     </span>
    </p>
   </div>
  </div>
 </body>
</html>
