1890 2826
651 234 809 257 SYNopsls
836 234 1026 258 SCRwTURAE
1059 235 1183 258 SACRF..

130 297 276 338 φραινόμην
289 297 317 326 ἐν
327 295 463 336 προσώπῳ
476 297 565 324 αὐτοῦ.
580 294 697 335 Στροφαὶ
711 294 796 334 λόγων
811 295 899 334 εἴρην-

128 355 172 372 ται
183 365 191 379 ,
207 341 298 378 ἐπειδὴ
313 341 431 382 στρέφων
450 353 491 375 τις
504 341 597 374 αὐτοὺς
617 343 650 380 τῇ
666 340 785 380 διανοίᾳ,
803 340 900 379 ἀνοίγει

129 388 174 422 καὶ
186 388 300 428 εὑρίσκει
315 387 359 417 τὸν
369 388 396 417 ἐν
409 388 496 421 αὐτοῖς
509 386 659 426 ἐγκείμενον
673 389 742 416 νοῦν.
763 382 817 416 Οἷά
831 387 883 415 εἶσι
893 399 899 404 ·

129 435 250 470 Διεσώθη
262 433 316 464 ἀπὸ
326 437 372 464 τοῦ
386 434 520 473 καύματος
543 434 597 467 υἱὸς
610 433 716 472 νοήμων
731 445 736 451 ·
756 433 900 472 ἄνεμόφθο-

131 493 174 521 ρος
195 481 295 521 γίνεται
316 481 344 509 ἐν
361 480 457 520 ἀμήτῳ
481 480 535 514 υἱὸς
556 479 718 520 παράνομος.
744 479 797 509 Καὶ
811 479 900 514 πάλιν,

131 526 277 566 Ἐπιμελοῦ
288 528 341 556 τῶν
353 527 379 556 ἐν
389 528 428 566 τῷ
442 525 525 566 πεδίῳ
537 526 658 566 χλωρῶν,
669 525 715 555 καὶ
726 529 811 566 κερεῖς
824 525 901 559 πόαν,

131 573 178 603 καὶ
191 572 322 612 συνάγαγε
341 571 436 613 χόρτον
454 572 563 612 ὀρεινὸν,
583 571 627 601 ἰ’να
647 571 710 612 ἔχῃς
730 571 852 612 πρόὸατα
866 573 902 604 εἷς

88 616 92 620 ”
130 618 285 658 ἱματισμόν.
306 618 361 649 Καὶ
386 618 476 655 πάλιν,
498 618 564 648 Ἐὰν
589 618 699 657 καθίσῃς
724 619 836 648 δειπνεῖν
858 617 902 647 ἐπὶ

131 664 262 706 τραπέζης
285 665 433 699 δυναστῶν,
457 666 556 700 νοητῶς
576 664 629 694 νόει
652 663 686 693 τὰ
706 663 903 703 παρατιθέμενά

131 719 191 737 σοι·
215 709 260 739 καὶ
288 709 323 739 τὰ
347 709 426 748 ὅμοια
449 710 560 743 τούτοις.
586 709 761 746 Δικαιοσύνης
790 710 902 745 ἀληθοῦς

129 754 219 790 νόησις
240 755 360 796 εἴρηται,
373 756 463 792 ἐπειδή
485 768 554 790 τινες
573 755 725 796 ἐξειλήφασι
737 755 768 785 τὸ
784 755 883 795 δίκαιον
896 768 902 774 ·

130 802 184 829 τῶν
199 801 248 840 μὲν
266 801 405 841 λεγόντοιν,
426 801 525 831 δίκαιόν
541 803 613 837 ἐστι,
627 802 658 832 τὸ
672 802 824 832 ἀποδιδόναι
835 802 903 842 ἅπερ

130 845 213 875 ἔλαθέ
243 859 285 880 τις
315 847 427 887 φυλάξαι
445 859 452 866 ·
476 850 529 889 τῶν
557 848 585 877 δὲ
599 869 606 883 ,
633 847 664 877 τὸ
694 847 794 877 διδόναι
822 848 903 878 κακὸν

133 891 192 921 ἀντὶ
215 895 313 930 κακοῦ,
342 893 388 923 καὶ
411 893 508 932 ἀγαθὸν
538 893 595 923 ἀντὶ
622 895 732 933 ἀγαθοῦ.
756 893 904 933 Συμὸαίνει

132 938 160 968 δὲ
172 937 211 977 μὴ
225 939 344 978 ἀκριόεἶς
356 934 424 969 εἶναι
441 938 501 973 τοὺς
512 939 644 973 τοιούτους
654 938 740 979 ὅρους.
758 939 805 976 Μὴ
828 940 903 980 εἴπῃς

129 983 181 1024 γὰρ
196 1006 205 1020 ,
234 984 263 1014 ὃν
288 984 385 1025 τρόπον
413 985 547 1026 ἐχρήσατό
574 997 638 1024 μοι,
661 985 798 1025 χρήσομαι
821 987 902 1025 αὐτῷ,

131 1029 241 1069 τίσομαι
265 1031 293 1060 δὲ
319 1030 397 1061 αὐτὸν
419 1031 436 1061 ἄ
457 1043 491 1070 με
512 1031 634 1067 ἠδίκησε.
655 1031 807 1064 Anaia-auro
829 1027 903 1065 οἶτος

130 1075 179 1111 τὴν
195 1077 282 1112 ἀληθῆ
301 1076 469 1112 δικαιοσύνην
483 1076 601 1106 διδάσκει
624 1077 725 1111 τούτοις
736 1089 742 1096 ·
757 1077 788 1107 τὸ
808 1077 903 1113 ἀληθὲς

129 1120 240 1157 δίκαιον,
252 1121 283 1151 τὸ
297 1121 450 1152 ἀποδιδόναι
463 1122 568 1162 ἑκάστῳ
582 1122 612 1152 τὸ
627 1122 701 1152 ἴδιον.
725 1122 902 1163 Προηγουμέ-

127 1179 178 1200 νως
193 1167 240 1206 μὲν
251 1167 317 1207 τίμα
326 1168 371 1197 τὸν
384 1167 480 1208 Κύριον
494 1168 547 1198 ἀπὸ
561 1170 614 1198 σῶν
629 1168 736 1198 δικαίων
747 1168 846 1205 πόνων,
857 1169 902 1198 καὶ

129 1213 251 1253 ἀπάρχου
264 1214 335 1253 αὐτῷ
345 1213 399 1243 ἀπὸ
412 1214 464 1243 σῶν
476 1216 585 1253 καρπῶν
601 1213 775 1250 δικαιοσύνης.
786 1213 902 1244 Ἔπειτα

129 1258 194 1297 τίμα
207 1258 335 1298 βασιλέα,
354 1258 399 1288 καὶ
416 1263 471 1292 τοῖς
485 1259 533 1298 μὲν
546 1262 650 1299 γονεῦσι
663 1259 694 1289 τὸ
707 1262 823 1295 καθῆκον
835 1261 901 1290 ἀπο-

129 1304 212 1342 δίδου,
227 1309 282 1338 τοῖς
299 1304 326 1334 δὲ
339 1309 406 1334 πᾶσι
417 1305 447 1335 τὸ
462 1305 525 1334 ἴσον.
543 1305 597 1335 Καὶ
611 1301 686 1338 οὗτος
698 1306 745 1343 μὲν
761 1301 798 1339 εἷς
811 1305 900 1339 τύπος.

129 1350 256 1391 Δεύτερος
268 1350 296 1380 δὲ
305 1371 314 1386 ,
328 1351 444 1380 δικαιοῦν
456 1350 504 1387 τὴν
515 1350 604 1391 ψυχὴν
616 1353 719 1388 ἑαυτοῦ,
731 1350 780 1387 τὴν
793 1351 902 1387 ἰσότητα

130 1396 281 1437 φυλάττειν,
296 1396 365 1427 ὥστε
381 1396 420 1436 μὴ
439 1396 536 1427 κλίνειν
550 1399 586 1431 εἷς
600 1397 743 1434 ἀνισότητα
754 1409 760 1416 ·
783 1397 851 1426 ἀλλὰ
863 1400 902 1438 τῷ

129 1442 178 1482 μὲν
191 1443 290 1483 λογικῷ
301 1442 348 1479 Μή
365 1454 395 1473 σε
406 1443 546 1482 καταλάὸῃ
560 1443 643 1483 βουλὴ
659 1442 744 1479 κακὴ,
759 1445 776 1479 ἡ
791 1444 899 1473 ἀπολεί-

129 1500 217 1519 πουσα
244 1489 414 1519 διδασκαλίαν
443 1489 563 1525 νεότητος
577 1512 585 1526 ,
615 1489 683 1519 ἀλλὰ
710 1490 777 1528 μετὰ
807 1492 902 1530 βουλῆς

129 1535 217 1565 πάντα
232 1534 320 1571 ποίει,
338 1534 383 1564 καὶ
400 1536 425 1565 οἱ
437 1535 559 1575 λογισμοί
573 1547 619 1564 σου
634 1535 752 1565 ἔστωσαν
766 1535 884 1576 κρίματα
896 1549 901 1554 ·

129 1580 198 1610 ὥστε
212 1580 310 1621 κρίνειν
323 1581 414 1611 ἑαυτὸν
429 1581 552 1617 ἕκαστον,
571 1581 617 1611 καὶ
637 1581 685 1616 τὴν
700 1582 747 1620 μὲν
763 1582 901 1620 ἐπιθυμίαν

130 1631 219 1656 πᾶσαν
237 1627 306 1667 ἔχειν
330 1627 447 1666 ἀγαθήν,-
472 1627 599 1666 ἐπιθυμία
619 1627 670 1667 γὰρ
694 1627 800 1656 δικαίων
828 1633 901 1657 πᾶσα

129 1671 231 1712 ἀγαθὴ,
247 1672 294 1702 καὶ
306 1673 432 1712 ἐπιθυμία
445 1673 545 1703 δικαίου
561 1674 650 1709 δεκτή.
671 1673 748 1703 Κατὰ
767 1673 793 1703 δὲ
808 1675 838 1703 τὸ
857 1678 901 1704 θυ-

131 1718 218 1755 μικὸν,
227 1717 275 1754 Μὴ
285 1718 340 1748 ἴσθι
350 1720 451 1759 ἑταῖρος
462 1719 536 1759 ἀνδρὶ
547 1719 673 1759 θυμώδει,
685 1720 753 1760 φίλῳ
765 1719 793 1749 δὲ
805 1720 901 1761 ὀργίλῳ

131 1765 168 1803 μὴ
188 1764 349 1799 συναυλίζου.
363 1764 446 1796 Ὀλον
459 1764 515 1805 ’γὰρ
529 1765 574 1795 τὸν
598 1765 680 1804 θυμὸν
697 1765 801 1806 ἐκφέρει
820 1767 900 1796 αὐτοῦ

131 1811 220 1850 ἄφρων
233 1822 239 1828 ·
258 1812 273 1840 ὁ
286 1810 314 1840 δὲ
329 1810 408 1851 σοφὸς
420 1811 574 1850 ταμιεύεται
594 1812 663 1841 κατὰ
679 1812 766 1852 μέρος.
781 1812 861 1842 Οὕτω
873 1813 900 1842 δὲ

130 1857 222 1887 ἑαυτὸν
237 1857 366 1897 ῥυθμίζων
376 1856 511 1897 ἄνθρωπος
520 1880 529 1894 ,
540 1858 589 1894 τὴν
602 1858 670 1888 ἰδίαν
682 1859 794 1888 ἑκάστου
808 1858 900 1899 μέρους

130 1904 176 1938 τῆς
183 1903 271 1943 ψυχῆς
281 1902 376 1943 πρᾶξιν
386 1904 448 1942 ὖγιῆ
457 1903 502 1933 καὶ
516 1904 593 1940 ἀσινῆ
608 1904 756 1944 φυλάττων,
769 1904 843 1933 ἔσται
857 1917 900 1943 γι-

131 1948 239 1979 νώσκων
254 1948 302 1984 τὴν
315 1949 400 1985 ἀληθῆ
408 1949 584 1987 δικαιοσύνην.
597 1950 723 1990 Κρίματα
735 1950 761 1979 δὲ
772 1950 900 1980 κατευθύ-

130 2006 183 2024 νειν
197 1995 253 2024 ἐστὶ
261 2017 270 2030 ,
282 1994 487 2034 προηγουμένως
499 1995 546 2034 μὲν
557 1996 653 2036 κρίνειν
662 1995 768 2029 δικαίως
778 1995 846 2024 κατὰ
856 1995 898 2024 τὸν

130 2043 176 2073 τοῦ
194 2043 263 2071 Θεοῦ
277 2040 366 2079 νόμον,
388 2040 423 2074 ὥς
443 2052 526 2081 φησι·
540 2041 641 2081 Ἄνοιγε
664 2042 707 2071 σὸν
726 2041 814 2080 ’στόμα
829 2041 898 2080 λόγῳ

131 2082 219 2124 Θεοῦ,
235 2086 280 2116 καὶ
301 2090 372 2126 κρῖνε
392 2086 494 2120 πάντας
507 2088 597 2127 ὑγιῶς.
613 2087 736 2127 Διάκρινε
752 2088 779 2117 δὲ
797 2087 900 2122 πένητα

130 2131 175 2161 καὶ
188 2133 296 2167 ἀσθενῆ.
313 2131 347 2162 Ὁ
360 2132 411 2172 γὰρ
426 2133 506 2162 εἰπὼν
526 2134 569 2163 τὸν
584 2134 668 2169 ἀσεὸῆ
680 2156 688 2170 ,
704 2133 803 2167 δίκαιός
817 2134 898 2167 ἐστιν,

130 2178 323 2218 ἐπικατάρατος
335 2182 389 2213 τοῖς
399 2180 472 2213 λαοῖς
488 2179 533 2208 καὶ
547 2179 658 2218 μισητὸς
673 2181 709 2213 εἰς
726 2179 795 2215 ἔθνη.
810 2179 883 2207 Αἷδεὶ

131 2225 191 2252 σθαι
204 2223 255 2264 γὰρ
268 2236 290 2254 π
394 2236 408 2253 ν
422 2225 448 2254 ἐν
460 2225 545 2264 κρίσει
562 2226 591 2254 οὔ
606 2224 695 2254 καλόν.
710 2226 797 2254 Τοῦτο
810 2223 856 2262 μὲν
870 2225 899 2253 ἔκ

130 2272 175 2299 τοῦ
189 2273 300 2310 φανεροῦ
313 2270 418 2310 ῥητέον·
433 2270 525 2300 ἔπειτα
536 2270 563 2299 δὲ
574 2270 617 2299 ἵνα
628 2270 692 2310 ὅπερ
704 2270 806 2309 ἑτέρους
817 2269 898 2309 κρίνει

129 2327 177 2352 τις,
188 2319 266 2345 τοῦτο
275 2316 320 2346 καὶ
331 2318 367 2350 εἷς
378 2316 469 2346 ἑαυτὸν
482 2316 512 2345 τὸ
523 2316 607 2356 κρίμα
618 2315 773 2355 κατευθύνῃ,
786 2315 831 2344 καὶ
842 2317 899 2344 ἑαυ-

129 2361 173 2391 τὸν
189 2362 327 2402 δοκιμάζῃ,
346 2363 475 2402 ἐπιτιμῶν
489 2362 537 2401 μὲν
554 2363 648 2401 ἑαυτῷ,
665 2361 709 2390 ἐὰν
723 2361 866 2400 πλεονεκτῇ
885 2363 899 2390 ὁ
912 2358 915 2361 ’

129 2406 332 2448 θυμός·ἕπε’χων
349 2407 376 2437 δὲ
385 2429 392 2443 ,
402 2407 448 2437 ἐὰν
459 2406 602 2447 περισσεύῃ
615 2409 632 2442 ἡ
646 2406 785 2444 ἐπιθυμία·
806 2406 898 2446 διεγεί-

129 2463 180 2491 ρων
190 2452 230 2488 δὲ,
241 2453 285 2483 ἐὰν
296 2456 410 2494 ἀφυπνοῖ
421 2453 450 2482 τὸ
459 2452 618 2491 λογιστικὸν,
629 2452 712 2491 λέγων
723 2463 729 2469 ·
742 2451 813 2486 Ἕως
823 2452 896 2488 πότε,

128 2498 231 2537 ὀκνηρὲ,
249 2498 422 2534 κατάκεισαι,
434 2497 514 2528 Οὕτω
523 2497 574 2536 γὰρ
585 2497 676 2526 ἑαυτὸν
689 2497 795 2531 δικαίως
814 2498 896 2537 ἄγων,

129 2543 173 2572 καὶ
192 2543 337 2583 κατήγορος
357 2546 450 2573 ἑαυτοῦ
463 2542 597 2581 γινόμενος
607 2564 614 2578 ,
630 2541 713 2582 κρίμα
731 2543 896 2573 κατευθύνειν

131 2589 289 2627 μαθήσεται,
303 2590 348 2618 καὶ
363 2591 410 2618 οὐκ
425 2588 564 2618 ἀκούσεται
577 2589 641 2626 παρ’
656 2588 743 2628 ἑτέρου
755 2601 760 2607 ·
773 2588 806 2618 Ὁ
822 2590 895 2626 &Boi—

130 2646 199 2663 σκων
218 2635 313 2674 ἕτερον,
329 2634 437 2664 σεαυτὸν
451 2636 480 2664 οὗ
496 2634 638 2670 διδάσκεις
652 2636 665 2662 ὁ
679 2634 773 2672 λέγων,
790 2635 825 2672 μὴ
838 2648 895 2673 μοι-

912 689 950 741 Τ
957 707 1116 737 Incolumis
1127 709 1220 736 evasit
1233 709 1271 736 ab
1285 707 1441 742 oestulilius
1455 706 1634 746 intelligens;
1643 718 1701 737 cor·
1712 719 1770 751 ⁶⁶11·
1787 726 1819 741 .0,
1829 721 1851 741 6.

1635 226 1699 269 441

955 301 983 324 et
1002 287 1182 325 summitates
1205 297 1353 325 habitatas
1383 298 1455 335 ejus,
1470 307 1534 335 quw
1559 298 1610 324 sub
1632 297 1703 325 cmlo

955 347 1005 370 est.
1023 342 1148 380 Quando
1166 344 1350 381 praeparabat
1363 342 1480 377 coelum,
1498 342 1619 370 aderam
1635 335 1710 379 ipsi]

954 393 982 415 et
1005 389 1159 426 separabat
1186 389 1323 417 thronum
1350 398 1432 417 suum
1465 397 1554 426 supra
1577 394 1700 422 ventos,

954 434 1073 472 quando
1092 434 1213 463 validas
1225 433 1362 473 faciebat
1377 434 1501 472 desuper
1519 434 1619 469 nubes,
1636 443 1702 462 cum

954 488 987 507 eo
1000 488 1081 507 eram
1099 486 1205 508 cuncta
1226 489 1409 518 componens.
1431 480 1493 518 Ego
1508 480 1622 508 eramin
1643 490 1702 518 qua

955 523 1127 559 loetabatur,
1148 525 1272 564 singulis
1296 526 1396 554 diebus
1424 525 1548 554 loetahar
1573 526 1605 553 in
1632 535 1702 553 con-

955 576 1054 608 speetu
1069 570 1164 599 illius.
1180 570 1303 609 Strophae
1321 570 1464 599 verborum
1484 577 1548 599 sunt
1567 570 1595 598 in
1607 570 1658 599 isto
1671 570 1702 598 li-

955 614 1005 644 bro
1022 628 1028 644 :
1044 626 1105 644 nam
1119 615 1141 644 si
1155 615 1217 654 quis
1229 626 1258 644 ea
1271 622 1356 644 mente
1370 622 1466 652 verset,
1479 615 1607 645 reserabit
1617 622 1643 644 et
1657 616 1702 645 in-

955 661 1043 691 veniet
1054 662 1211 691 sententiam
1223 662 1249 691 in
1262 661 1327 701 ipsis
1341 661 1428 691 sitam.
1438 661 1536 698 Qualia
1549 668 1611 690 sunt
1624 661 1680 691 baec
1693 673 1699 689 :

956 755 1101 793 rumpitur
1106 759 1203 783 autem
1213 764 1232 782 a
1242 759 1332 782 vento
1343 755 1375 781 in
1387 762 1476 782 messe
1474 752 1562 793 filius
1572 755 1698 793 iniquus.

958 800 994 829 Et
1004 800 1104 830 iterum
1118 812 1124 828 :
1138 800 1271 830 Sollicite
1284 810 1356 829 cura
1375 810 1440 838 quoe
1451 801 1483 827 in
1493 810 1564 839 agro
1578 806 1645 829 sunt
1657 803 1700 830 vi·
1715 812 1772 841 Cap.
1799 819 1837 842 27·

957 847 1046 883 ridia,
1062 852 1091 875 et
1112 848 1232 876 herbam
1253 847 1397 881 demetens,
1411 846 1563 886 etsoenum
1588 853 1701 875 monta-
1713 843 1792 865 ²5²⁶·

959 902 1030 921 num
1052 892 1172 932 collige,
1186 899 1219 922 ut
1235 902 1302 922 oves
1318 892 1428 920 habeas
1447 891 1489 920 ad
1501 893 1651 921 vestitum.
1668 893 1704 922 Et

957 948 1052 968 rursus
1063 951 1071 967 :
1082 938 1114 968 Si
1124 939 1250 968 conviva
1263 938 1371 966 sederis
1383 937 1424 966 ad
1434 947 1546 966 coenam
1558 939 1590 967 in
1604 949 1705 967 mensa
1719 943 1773 973 Cap.
1789 943 1853 966 234.

959 991 1139 1024 magnatum,
1159 991 1255 1014 mente
1275 983 1423 1023 intelligas
1437 994 1502 1023 quae
1521 992 1708 1023 apponuntur

959 1031 1012 1059 tibi
1028 1037 1073 1060 :et
1087 1031 1139 1069 alia
1167 1029 1328 1060 consimilia.
1345 1031 1424 1061 Verae
1435 1029 1548 1070 justitiae
1567 1030 1655 1060 dictus
1668 1038 1707 1060 est

957 1076 1108 1106 intellectus
1117 1087 1123 1104 :
1132 1077 1259 1116 quoniam
1267 1075 1421 1106 differenter
1428 1075 1554 1115 quidamj
1562 1077 1707 1107 ustitiaevo-

958 1122 1088 1152 cabulum
1097 1122 1234 1162 accipiunt
1241 1134 1250 1160 3
1263 1122 1329 1158 aliis„
1335 1121 1487 1151 dicentibus
1493 1122 1625 1162 justitiam
1639 1134 1704 1159 esse,

961 1175 990 1198 ut
998 1168 1092 1198 reddat
1105 1169 1166 1207 quis
1174 1168 1249 1208 quod
1258 1167 1464 1199 custodiendum
1472 1169 1573 1208 accepit
1580 1180 1586 1196 :
1593 1169 1655 1200 aliis
1663 1180 1706 1199 ve-

957 1225 996 1251 ro,
1003 1215 1026 1244 si
1034 1216 1135 1245 malum
1143 1214 1272 1247 reddatur
1280 1225 1330 1254 pro
1337 1214 1418 1250 malo,
1423 1214 1558 1244 othonum
1566 1225 1614 1254 pro
1622 1215 1703 1245 bono.

957 1261 1120 1301 Hujusmodi
1140 1268 1229 1291 autem
1245 1260 1413 1290 definitiones
1429 1267 1556 1290 accuratae
1568 1271 1620 1290 non
1632 1269 1704 1291 sunt.

958 1307 998 1336 Ne
1011 1306 1114 1337 dixeris
1125 1307 1207 1343 enim,
1217 1308 1278 1343 Quo
1291 1306 1338 1335 ille
1352 1317 1414 1345 erga
1428 1317 1470 1335 me
1483 1317 1548 1336 usus
1562 1313 1600 1336 est
1613 1307 1704 1344 modo,

958 1353 1053 1382 eodem
1067 1360 1126 1382 utar
1139 1363 1199 1392 ego,
1213 1362 1304 1392 poenas
1317 1351 1351 1381 de
1365 1352 1414 1381 illo
1426 1362 1529 1381 sumam
1542 1363 1591 1392 pro
1605 1353 1703 1393 injuria

957 1409 1009 1437 qua
1020 1409 1062 1428 me
1075 1399 1173 1428 affecit.
1189 1398 1372 1435 Quamobrem
1386 1398 1440 1432 hic,
1455 1408 1514 1436 quae
1531 1409 1590 1428 vera
1605 1398 1640 1428 sit
1655 1400 1701 1438 ju-

956 1445 1039 1482 stitia,
1062 1444 1139 1474 docet
1153 1457 1160 1473 ε
1174 1455 1232 1473 eam
1253 1443 1379 1474 videlicet
1392 1454 1483 1473 veram
1496 1454 1552 1473 esse
1560 1444 1701 1484 justitiam,

957 1491 980 1520 si
993 1491 1137 1530 unicuique
1149 1490 1222 1530 quod
1234 1501 1314 1520 suum
1325 1498 1364 1519 est
1375 1489 1514 1519 reddatur.
1531 1491 1702 1530 Cumprimis
1716 1499 1772 1528 Cap.
1795 1500 1817 1522 3.
1829 1508 1852 1530 9.

960 1539 1073 1566 honora
1087 1538 1248 1566 Dominum
1269 1537 1305 1565 de
1316 1534 1409 1576 ‘justis
1434 1538 1489 1565 luis
1506 1537 1666 1572 laboribus,
1676 1545 1703 1566 et

955 1586 1100 1623 primitias
1126 1584 1173 1613 illi
1196 1584 1233 1612 da
1260 1584 1296 1612 de
1321 1585 1378 1612 tuis
1396 1585 1520 1622 justitiae
1535 1584 1699 1624 fructibus.
1719 1599 1722 1601 v

959 1630 1062 1660 Deinde
1075 1631 1176 1661 honora
1188 1640 1288 1668 regem,
1305 1635 1330 1657 et
1343 1629 1498 1668 parentibus
1517 1629 1637 1658 debitum
1652 1641 1699 1658 cx-

958 1676 1021 1705 hibe
1034 1676 1166 1713 officium,
1180 1675 1305 1704 omnibus
1319 1685 1382 1703 vero
1393 1674 1467 1713 quod
1479 1685 1586 1713 aequum
1603 1682 1650 1704 est.
1667 1677 1700 1705 Et

931 1742 938 1751 ,
957 1722 1001 1751 hic
1024 1722 1133 1760 quidem
1161 1731 1231 1750 unus
1244 1727 1284 1749 est
1302 1727 1395 1760 typus.
1408 1718 1482 1749 Alter
1496 1731 1570 1759 vero,
1588 1728 1617 1749 ut
1639 1722 1700 1750 ani-

955 1778 1026 1796 mam
1048 1778 1124 1796 suam
1144 1766 1257 1805 quisque
1275 1766 1412 1805 justificet,
1424 1766 1632 1804 aequabilitatem
1652 1778 1699 1796 cu-

956 1812 1105 1849 stodiendo,
1119 1812 1154 1841 ita
1179 1819 1208 1841 ut
1229 1812 1255 1840 in
1283 1811 1518 1850 inaequabilitatem
1540 1821 1592 1840 non
1614 1811 1697 1842 decli—

955 1865 1009 1895 net,
1039 1857 1085 1887 sed
1096 1856 1192 1887 rationi
1215 1857 1388 1895 obtemperet,
1403 1857 1449 1885 Ne
1471 1856 1550 1885 malo
1563 1857 1696 1893 consilio,
1710 1870 1766 1899 Cap.
1776 1877 1796 1892 2,
1813 1869 1846 1891 ις,

955 1915 1012 1944 quo
1024 1905 1189 1944 juventutis
1208 1903 1354 1942 doctrina>
1367 1903 1543 1941 repudiatur,
1551 1904 1694 1942 capiaris.-
1710 1906 1744 1930 ¹7-

955 1951 1001 1981 sed
1014 1962 1075 1980 cum
1087 1949 1199 1979 consiiio
1217 1949 1305 1978 omnia
1319 1948 1409 1984 facias,
1423 1955 1448 1977 et
1457 1947 1630 1987 cogitationes
1643 1956 1695 1978 tuae

955 1998 1007 2026 siut
1026 1995 1143 2036 judicia,
1158 1995 1193 2024 ita
1216 2001 1246 2023 ut
1269 1995 1387 2034 seipsum
1411 1995 1523 2033 quisque
1541 1993 1655 2034 judicet,
1671 2003 1695 2024 ct

954 2054 1031 2073 omne
1042 2040 1205 2072 desiderium
1224 2041 1340 2081 probum
1358 2040 1453 2069 habeat
1467 2053 1471 2069 :
1487 2041 1579 2069 Omne
1594 2042 1694 2081 quippe
1707 2058 1764 2087 Cap.
1783 2065 1816 2080 Η,

948 2091 1094 2129 justorum
1115 2088 1290 2117 desiderium
1309 2088 1415 2115 bonum
1435 2093 1490 2121 est‚·
1501 2093 1527 2115 et
1549 2086 1692 2126 Concupi-
1704 2090 1741 2111 23-

954 2138 1066 2167 scentia
1079 2136 1152 2175 justi
1175 2139 1294 2172 accepta
1315 2139 1367 2161 est.
1382 2131 1463 2169 Quod
1484 2140 1572 2162 autem
1587 2133 1692 2163 iracun-
1703 2120 1738 2178 ἐξ
1739 2127 1755 2149 p
1760 2137 1764 2140 ”
1783 2127 1816 2141 '⁰'

918 2184 937 2206 D
954 2182 1027 2212 diam
1034 2181 1197 2222 specuum
1206 2180 1245 2208 sis
1256 2180 1365 2208 amicus
1369 2201 1376 2216 ,
1385 2178 1482 2216 inquit,
1494 2181 1558 2208 viro
1564 2180 1690 2219 furioso,
1704 2194 1735 2215 pa
1737 2203 1759 2222 1,,
1774 2199 1809 2214 22,

953 2236 981 2258 et
993 2230 1088 2258 amico
1102 2226 1242 2257 iracundo
1260 2236 1294 2254 ne
1306 2226 1463 2254 cohahites.
1478 2226 1597 2254 Omnem
1613 2228 1691 2254 enim
1702 2224 1739 2252 24.

953 2277 1028 2304 iram
1038 2273 1242 2304 suam'emittit
1252 2272 1390 2310 insipiens
1406 2281 1414 2297 .·
1429 2273 1544 2309 sapiens
1561 2281 1631 2300 vero
1652 2271 1690 2298 il-
1702 2256 1758 2306 ffp'
1773 2261 1808 2284 '9'

954 2321 1013 2350 lam
1031 2331 1068 2350 ex
1087 2325 1171 2357 parte
1192 2317 1333 2347 recondit.
1350 2316 1405 2354 Qui
1431 2317 1547 2356 seipsum
1566 2317 1600 2345 ad
1619 2317 1691 2345 hunc

954 2366 1089 2408 componit
1115 2365 1236 2400 modum,
1261 2370 1286 2393 ct
1313 2362 1431 2402 singulas
1459 2363 1588 2401 cujusque
1608 2363 1691 2401 partis

953 2414 1047 2443 animae
1060 2412 1176 2442 actiones
1199 2420 1275 2439 sanas
1288 2415 1313 2438 et
1326 2408 1452 2436 innocuas
1470 2407 1595 2444 custodit,
1612 2407 1634 2436 is
1648 2407 1691 2436 de-

952 2470 1026 2488 mum
1044 2468 1135 2488 veram
1148 2456 1288 2495 agniturus
1299 2460 1338 2483 est
1352 2452 1493 2492 justitiam.
1507 2453 1525 2481 J
1527 2452 1615 2482 udicia
1626 2463 1690 2482 vero

951 2505 1067 2545 dirigere
1089 2510 1128 2533 est
1147 2500 1280 2541 imprimis
1291 2501 1362 2538 juste
1375 2497 1522 2527 secundum
1542 2498 1627 2537 legem
1639 2499 1689 2528 Dei

948 2548 1081 2588 judicare,
1093 2554 1122 2576 ut
1132 2547 1167 2575 ait
1184 2558 1191 2574 :
1210 2544 1300 2583 Aperi
1322 2552 1353 2571 os
1370 2548 1450 2570 tuum
1468 2542 1558 2570 verbo
1580 2542 1649 2578 Dei,
1660 2548 1689 2571 et
1701 2556 1802 2586 capon
1814 2557 1837 2579 3,

952 2603 1022 2622 sane
1034 2592 1070 2620 de
1082 2591 1213 2620 omnibus
1220 2587 1333 2627 judica.
1347 2586 1508 2624 Pauperem
1521 2595 1591 2614 vero
1602 2593 1629 2615 et
1639 2589 1688 2616 im-
1697 2595 1720 2617 9·

955 2636 1086 2666 becillem
1101 2633 1239 2672 dijudica.
1258 2632 1315 2668 Qui
1326 2639 1451 2668 numque
1460 2629 1530 2658 dicit
1541 2629 1576 2658 cle
1590 2630 1686 2670 impio,
1700 2624 1758 2667 fs'V'
1771 2624 1806 2654 ⁹3⁴
