1904 2840
95 655 153 676 thid,
165 663 184 676 v.
197 660 233 676 12.

99 1094 133 1115 llas

136 1095 158 1115 11,

244 278 313 314 710

242 347 269 370 et
283 339 362 368 vade
382 340 413 366 in
429 336 593 376 Sarephtha
605 334 744 371 Sidoniae,
768 340 795 363 et
814 334 982 373 praecipiam

242 380 282 409 ibi
291 379 403 407 mulieri
414 377 513 406 vid-ute
524 375 638 415 gentili,
649 381 680 404 ιιι
693 381 720 403 te
733 374 796 403 alat
803 386 815 409 ;
832 373 923 403 utillo
935 383 984 401 au-

243 419 312 454 «rito,
331 417 443 447 Gentili
454 438 462 453 ‚
477 415 636 445 alimentum
654 424 768 443 exosum
788 412 909 448 haberet,
927 418 954 441 et
969 422 985 440 a

245 461 300 488 Deo
318 457 440 498 pluviam
460 461 570 495 peteret.
583 454 635 484 Ille
653 460 743 483 autem
760 462 847 492 neque
861 451 895 481 ad
917 451 986 480 hanc

245 509 338 528 vocem
357 496 448 526 mitior
461 496 548 525 sactus
563 501 613 531 est,
628 493 676 523 sed
689 492 810 522 cucurrit
829 491 863 521 ad
878 491 986 531 gentilis

245 537 366 567 mulieris
379 534 536 565 alimoniam
553 546 559 563 :
575 541 601 563 et
618 533 692 573 quod
710 533 799 573 majus
812 533 867 568 est,
889 530 987 561 excitat

246 580 318 607 Deus
339 576 462 612 viduam,
478 581 508 603 ut
521 573 648 603 esurienti
661 572 743 603 verba
761 571 831 600 dura
847 571 984 610 loquatur,

245 617 365 655 nudique
379 616 460 645 illum
471 613 506 643 ad
522 613 713 653 benignitatem
725 611 899 651 compellens.
911 609 988 647 Quid

244 667 308 695 ergo
323 655 430 696 gentilis
450 653 485 684 ad
501 654 591 693 ipsum
612 665 620 682 t
642 653 721 682 Vivit
741 651 888 680 Dominus
906 650 988 679 Deus

245 702 321 726 tuus.
343 694 487 725 Undenam
507 692 649 723 mulierem
669 690 754 721 subiit
777 690 884 725 dicere,
909 689 989 718 Vivit

245 737 389 766 Dominus
405 735 485 764 Deus
502 735 589 762 tuus?
609 734 843 771 praeoccupaverat
855 731 928 759 Deus
941 739 990 768 per

244 776 375 806 visionem
390 774 479 804 viduae
492 772 650 813 prophetam
670 770 809 800 ostendere
824 781 831 798 ι
847 769 899 798 hoc
917 768 989 798 enim

244 814 368 854 estquod
382 816 454 844 Deus
467 812 603 854 prophetae
617 810 743 841 dicebat:
760 810 934 848 Praecipiam
942 808 990 837 illi
1007 808 1026 832 Ε

246 856 361 884 mulieri
370 854 480 888 viduae,
495 858 527 882 ut
541 858 567 880 te
580 851 655 880 alat.
669 849 829 880 Ostenderat
842 850 916 878 Deus
927 858 989 876 mu-

246 895 307 924 lieri
321 894 455 929 habitum,
469 893 583 922 formam
597 898 623 921 et
637 896 766 919 staturam
779 899 830 929 pro
849 887 929 922 hetae,
945 887 991 916 su-

246 942 388 973 turamque
397 932 564 978 petitionem.
572 929 654 960 Unde
665 936 807 969 postquam
817 939 833 957 a
866 927 921 957 titit
931 937 991 967 pro-

247 975 337 1014 pheta,
353 973 464 1003 visionis
473 970 615 1001 recordata
632 976 671 998 est
682 969 780 998 mulier
796 981 803 997 :
817 966 888 998 vidit
901 967 991 1007 ipsum

248 1014 339 1050 talem,
351 1012 438 1051 qualis
451 1011 502 1052 ipsi
514 1010 590 1041 visus
602 1010 699 1038 fuerat.
711 1008 781 1039 Hine
795 1007 878 1047 igitur
891 1015 991 1045 cogno-

247 1064 321 1083 scens
332 1052 454 1082 divinam
467 1061 522 1080 esse
528 1049 729 1085 revelationem,
739 1047 828 1077 statim
836 1045 956 1076 adstante
967 1051 993 1075 et

247 1093 339 1123 cibum
353 1098 457 1132 petente
470 1090 611 1131 propheta,
623 1088 756 1117 clamabat
769 1099 776 1117 :
794 1087 824 1116 V
821 1088 873 1116 ivit
888 1087 992 1115 Domi-

250 1143 305 1162 nus
318 1133 398 1161 Deus
413 1138 478 1160 tuus
490 1142 501 1159 .-
517 1140 576 1159 non
586 1134 629 1158 est
642 1128 716 1157 mihi
727 1126 933 1156 subcineritius
944 1136 993 1164 pa-

249 1175 306 1208 nis,
326 1172 378 1201 sed
390 1170 522 1210 pugillus
528 1170 643 1210 sarinoe
663 1169 695 1196 in
715 1167 827 1204 hydria
844 1173 873 1195 et
888 1175 994 1204 parum

249 1212 308 1240 olei
319 1213 351 1239 ἰη
363 1211 484 1246 lecytho
496 1222 508 1244 ,·
522 1215 550 1238 et
561 1210 693 1247 ingressa
698 1207 818 1247 sociam
832 1206 910 1235 hanc
922 1207 995 1235 mihi

250 1257 277 1279 et
276 1251 355 1290 siliis
362 1251 429 1285 mei,
441 1255 469 1278 et
478 1248 671 1282 comedemus,
683 1253 711 1275 et
723 1248 886 1275 moriemur.
898 1245 995 1275 Statim

250 1288 443 1328 desperationis
455 1288 545 1327 potius
557 1296 639 1325 quam
653 1285 804 1324 largitionis
823 1285 914 1314 verba.
926 1285 995 1313 Non

251 1335 292 1358 est
308 1330 380 1358 mihi
399 1328 605 1357 subcineritius
621 1326 718 1364 panis,
739 1324 792 1353 sed
802 1323 932 1363 pugillus
945 1325 997 1365 sa-

251 1371 324 1398 rinae
332 1381 341 1397 .·
357 1369 436 1397 hanc
446 1369 578 1403 ingressa
586 1365 698 1403 faciam
707 1365 781 1392 mihi
791 1369 819 1392 et
826 1363 898 1400 siliis
912 1365 993 1399 meis,

960 269 1092 294 spuunt.

1038 330 1212 370 καταγγέλλει
1225 330 1256 360 τὸ
1275 330 1463 369 γενησόμενον
1488 328 1642 365 Ἀνάστηθι,
1656 326 1751 367 φησὶν,
1766 322 1809 356 ἔν-

1039 374 1143 407 τε’ῡθεν,
1157 371 1202 400 καὶ
1222 370 1319 400 ἄπελθε
1342 371 1378 403 εἰς
1399 368 1523 409 Σαρεφθὰ
1544 369 1593 403 τῆς
1606 366 1750 402 Σιδωνίας,
1764 365 1811 395 καὶ

1040 412 1195 449 ἐντελοῦμαι
1215 411 1270 439 ἐκεῖ
1286 410 1358 460 χςήρᾳ
1376 408 1481 448 γυναικὶ
1494 409 1583 447 ἐθνικῇ
1601 410 1647 437 τοῦ
1663 407 1811 446 διατρέφειν

1042 463 1086 480 σε·
1100 451 1144 479 ἵνα
1154 449 1269 483 ἀκούσας
1281 461 1325 486 το,
1338 450 1448 488 Ἐθνικῇ
1463 447 1614 487 μυσάζηται
1632 446 1681 483 τὴν
1694 445 1810 485 τροφὴν,

1042 490 1087 519 καὶ
1102 489 1276 530 παρακαλέσῃ
1290 489 1334 518 τὸν
1347 489 1417 518 Θεὸν
1429 489 1466 520 εἰς
1482 486 1611 527 χορηγίαν
1624 487 1678 515 τῶν
1694 484 1812 525 ὅμὸρων.

1042 530 1077 560 Ὁ
1092 530 1120 560 δὲ
1135 529 1194 560 οὐδὲ
1205 530 1270 569 πρὸς
1283 528 1382 565 ταύτην
1395 527 1444 563 τὴν
1465 528 1554 567 φωνὴν
1575 527 1733 567 ἐχαυνοῦτο,
1752 524 1812 553 ἀλλ’

1043 570 1135 610 ἔτρεχε
1156 569 1221 609 πρὸς
1241 568 1290 605 τὴν
1309 570 1357 603 τῆς
1374 569 1477 603 ἐθνικῆς
1499 565 1658 606 διατροφήν·
1676 563 1767 595 καὶτὸ
1779 563 1813 600 δὴ

1044 611 1132 649 μεῖζον
1141 630 1149 644 ,
1169 607 1364 649 παρασκευάζει
1377 607 1426 644 τὴν
1438 606 1526 647 χήραν
1539 609 1553 636 ὂ
1566 606 1636 639 Θεὸς
1649 603 1723 637 εὐθὺς
1742 604 1815 643 αὐτῷ

1043 651 1167 679 πεινῶντι
1179 650 1294 684 λαλῆσαι
1305 647 1412 688 ῥήματα
1427 645 1534 686 σκληρὰ.
1557 643 1724 684 πανταχόθεν
1733 643 1815 672 αὐτὸν

1043 691 1080 723 εἷς
1093 688 1266 730 χρηστότητα
1287 686 1460 717 συνελαύνων.
1475 685 1512 716 Τί
1564 697 1578 715 ν
1598 685 1617 720 ἡ
1638 682 1727 719 ὶθνικὴ
1749 682 1816 723 πρὸς

1043 729 1138 764 αὗτόν;
1153 730 1193 768 Ζῇ
1214 729 1312 768 Κύριος
1327 730 1342 757 ὁ
1358 726 1426 760 Θεός
1439 738 1497 756 σου.
1513 725 1567 755 Καὶ
1584 724 1664 754 πόθεν
1677 726 1711 763 τῇ
1723 723 1815 761 ἐθνικῇ

1043 769 1074 798 τὸ
1088 771 1183 803 εἰπεῖν,
1198 770 1238 808 Ζῇ
1256 768 1352 808 Κύριος
1364 770 1378 797 δ
1391 766 1461 800 Θεός
1478 777 1541 803 σου;
1558 765 1586 795 Π
1618 763 1708 794 λαθὼν
1721 763 1736 791 ὁ
1747 762 1818 795 Θεὸς

1045 809 1160 839 δείκνυσι
1173 808 1218 838 τὸν
1229 808 1367 848 προφήτην
1381 809 1414 847 τῇ
1428 806 1501 847 χήρᾳ
1514 806 1573 835 κατ’
1637 802 1713 833 ασίαν
1722 814 1729 821 ·
1738 804 1818 831 τοῦτο

1044 849 1096 889 γάρ
1107 850 1179 878 ἐστιν
1190 848 1204 880 8
1217 850 1255 888 τῷ
1268 859 1290 876 π
1307 847 1392 888 οφήτῃ
1406 849 1420 876 ὁ
1433 846 1503 879 Θεὸς
1513 843 1612 875 ἐπεὸόα
1621 855 1628 862 ·
1642 842 1817 880 Ἐντελοῦμαι

1045 890 1100 918 ἐκεῖ
1113 888 1186 941 χήρᾳ
1203 859 1308 927 γυναικς
1322 890 1369 916 τοῦ
1387 885 1526 926 διαθρέψαι
1541 896 1580 915 σε.
1591 882 1710 917 Ἐδειξιν
1721 884 1736 919 ὁ
1749 881 1819 915 Θεὸς

1045 928 1187 969 προλαὸων
1202 929 1236 968 τῇ
1256 926 1361 966 γυναικὶ
1381 929 1426 956 τοῦ
1445 924 1582 965 προφήτου
1597 923 1628 953 τὸ
1644 925 1756 962 σχῆμα,
1768 920 1819 957 τὴν

1047 967 1164 1037 μορφὴν,
1178 967 1227 1004 τὴν
1242 966 1348 1016 ἠλικίαν
1359 989 1367 1004 ,
1383 965 1432 1002 τὴν
1447 965 1595 1004 μέλλουσαν
1610 962 1724 998 αἴτησιν.
1737 960 1819 1010 Ὅθεν

1045 1006 1407 1087 afflixeram&
1427 1004 1690 1095 :suxeram
1701 1003 1822 1079 aas}

1046 1089 1114 1157 ’ἑὲἱῖι
1126 1085 1373 1166 ὀζὴῗαέίῖζκῖἶᾴᾝ
1400 1079 1818 1161 ζῗέἶῖῦὲἶῖσῖἕῖτιγέᾆῦῖιῖοζῖἷῧ

1047 1169 1059 1181 *
1073 1167 1153 1204 3662,
1168 1166 1214 1196 καὶ
1234 1149 1382 1202 αἰτήσαντι,
1393 1163 1492 1205 τροφὴν
1507 1164 1521 1177 *
1531 1162 1608 1193 ἐὸόα·
1629 1161 1673 1201 Ζῇ
1693 1159 1791 1200 Κύριος
1804 1161 1820 1188 ὃ

1048 1208 1116 1241 Θεός
1131 1218 1177 1237 σου
1186 1219 1193 1226 ·
1207 1208 1255 1236 οὐκ
1268 1205 1325 1235 ἔστι
1339 1217 1385 1244 μοι
1397 1206 1410 1235 ἐ
1478 1203 1548 1243 φίας,
1560 1202 1618 1231 ἀλλ’
1631 1200 1649 1236 ἢ
1664 1199 1728 1239 δρὰξ
1739 1198 1818 1228 ἀλεύ-

1049 1259 1095 1287 ρου
1110 1249 1136 1277 ἐν
1150 1249 1183 1287 τῇ
1205 1246 1281 1286 ὑδρίᾳ
1290 1267 1298 1279 ,
1317 1245 1362 1274 καὶ
1382 1216 1476 1283 ὀλ1γχ3νυ
1483 1243 1571 1273 ἔλαιον
1582 1243 1610 1271 ἐν
1624 1242 1663 1280 τῷ
1672 1237 1803 1279 καμψάκῃ
1812 1250 1820 1257 ·

1049 1287 1094 1316 καὶ
1103 1288 1256 1316 εἰσελθοῦσα
1266 1285 1371 1320 ποιήσω
1382 1284 1481 1319 ταύτην
1490 1284 1593 1322 ἐμαυτῇ
1604 1280 1710 1312 καὶτοῖς
1721 1278 1822 1311 τέκνοις

1051 1338 1110 1364 μου,
1124 1327 1170 1355 καὶ
1202 1325 1336 1364 αγούμεθα
1345 1345 1352 1358 ,
1365 1324 1410 1354 καὶ
1423 1321 1634 1360 ἀποθανούμεθα.
1653 1317 1738 1352 Εὐθὺς
1752 1319 1822 1347 ἀπο-

1049 1365 1170 1404 γνώσεως
1181 1338 1200 1400 g
1213 1365 1309 1397 δόσεως
1329 1363 1444 1404 ῥήματα.
1459 1364 1519 1392 Οὗκ
1531 1361 1588 1390 ἔστι
1603 1371 1648 1398 μοι
1662 1357 1804 1399 ἐγκρυφίας
1813 1381 1821 1396 ,

251 1415 279 1438 et
289 1408 519 1439 comedemus‚ec
532 1401 904 1440 moriemur.Nihil‚inquit‚
916 1402 993 1432 nobis
1005 1413 1040 1431 σοι
1051 1406 1109 1434 ἀλλ’
1133 1405 1150 1441 ἢ
1175 1404 1239 1444 δρὰξ
1263 1403 1388 1443 ἀλεύρου·
1410 1402 1511 1437 ταύτην
1539 1400 1692 1430 εἰσελθοῦσα
1717 1397 1823 1433 ποιήσω

251 1447 376 1477 relictum
386 1453 425 1475 est
441 1445 528 1481 aliud,
543 1442 649 1484 pugillo
661 1442 755 1471 sarinae
768 1442 902 1475 absumto‚
914 1452 996 1480 quam
1013 1441 1032 1463 Λ

253 1494 282 1516 ut
296 1487 453 1516 moriamur.
469 1486 525 1514 Hac
535 1493 601 1513 voce
608 1482 679 1512 affici
689 1481 770 1522 coepit
783 1481 867 1511 Elias.
878 1482 994 1521 Majore,

253 1526 350 1565 inquit,
364 1536 446 1564 quam
455 1534 518 1563 ego,
531 1523 588 1552 haec
600 1522 671 1551 same
685 1521 817 1561 premitur
832 1533 839 1549 :
860 1531 910 1560 ego
922 1521 997 1551 solus

252 1566 352 1601 esurio,
368 1565 416 1594 illa
427 1574 490 1593 cum
501 1562 575 1592 filiis.
592 1562 633 1591 Ne
643 1562 694 1590 sim
708 1560 820 1600 hospitae
834 1560 927 1590 mortis
945 1571 996 1590 au-

252 1613 319 1636 ctor.
333 1604 408 1642 Quid
421 1603 524 1643 igitur?
538 1601 582 1631 Ad
594 1601 663 1630 hanc
676 1611 781 1637 vocem,
792 1607 823 1629 ut
835 1599 906 1635 dixi,
922 1600 997 1629 leui-

103 1654 193 1677 [Μαι.
206 1651 308 1683 141111,
326 1644 407 1684 coepit
421 1642 528 1673 tandem
547 1639 743 1680 indulgentiam
763 1639 880 1678 cogitare
900 1651 907 1668 ι
927 1640 997 1669 Non

253 1685 382 1725 deficiet,
407 1682 506 1721 inquit,
527 1681 663 1718 lecythus
684 1679 753 1715 olei,
775 1689 869 1718 neque
887 1680 998 1716 hydria

254 1726 370 1764 sarc'nae,
380 1724 472 1752 donec
484 1723 532 1751 det
544 1721 689 1749 Dominus
699 1719 832 1758 pluviam
843 1729 931 1758 super
942 1725 998 1749 ter-

245 1762 329 1794 ¹ram.
352 1765 414 1794 Jam
434 1761 541 1791 tandem
563 1759 707 1800 pauculam
733 1758 855 1799 pluviam
881 1757 1006 1788 dandam

255 1803 419 1833 subindicat.
438 1803 588 1839 Antequam
611 1799 679 1828 same
696 1797 862 1833 domaretur,
874 1808 926 1827 non
938 1809 1000 1838 per-

243 1843 378 1875 .mittebat
393 1844 482 1871 Deum
500 1842 528 1870 in
543 1838 637 1880 pluvia
650 1837 819 1867 concedenda
831 1838 1000 1868 clementiam

256 1894 333 1912 suam
346 1881 502 1918 ostendere;
516 1879 563 1908 sed
575 1878 680 1908 dicebat
695 1890 702 1906 z
715 1878 784 1906 Non
793 1878 847 1906 erit
862 1878 940 1906 hisce
949 1889 1001 1907 an—

258 1925 303 1952 nis
321 1922 424 1962 pluvia
446 1926 498 1949 aut
512 1929 558 1948 ros
573 1927 659 1956 super
671 1923 788 1952 terram,
804 1918 860 1946 nisi
871 1927 924 1955 per
936 1928 1000 1947 ver-

259 1964 326 1991 bum
341 1963 399 1990 oris
413 1962 479 1989 mei.
491 1959 571 1988 Nunc
582 1963 670 1986 autem
680 1957 819 1996 permittit,
832 1963 858 1985 et
865 1956 923 2001 jam
934 1957 1001 1987 libe-

257 2001 368 2030 rationis
394 1999 502 2028 initium
530 1996 685 2026 subindicat
697 2008 706 2034 ;
737 1996 784 2025 sed
813 1995 1001 2026 subindicabat
1018 1995 1036 2019 Β

259 2048 374 2077 tantum,
388 2038 596 2079 petitionemque
609 2042 695 2065 tamen
709 2035 828 2064 nondum
843 2035 999 2065 adhibebat.

259 2079 336 2116 Quid
348 2089 412 2118 ergo
431 2078 490 2106 sons
511 2076 557 2105 ille
574 2075 740 2104 clementiae?
754 2074 874 2104 Tertiam
893 2075 1001 2106 miseri-

259 2118 357 2148 cordiae
378 2117 529 2146 machinam
551 2125 644 2144 rursus
668 2114 778 2143 adhibet
799 2126 806 2143 z
829 2114 909 2154 jubet
930 2116 1002 2145 enim

259 2159 377 2188 animam
390 2157 442 2186 filii
454 2155 543 2185 viduae
556 2165 571 2183 e
581 2164 692 2194 corpore
705 2154 833 2193 migrare.
846 2155 921 2184 Cuni
930 2156 1002 2184 enim

257 2198 419 2238 prophetam
433 2196 461 2225 in
474 2195 576 2224 honore
589 2194 708 2228 haberet,
723 2193 934 2223 benedictionem
949 2205 1002 2224 non

260 2236 411 2275 abrogavit,
427 2245 513 2273 neque
530 2233 666 2272 lecythum
684 2233 797 2262 deficere
808 2233 906 2272 jussit;
923 2235 960 2264 ita
975 2242 1004 2264 ut

260 2277 391 2317 propheta
401 2277 427 2304 in
437 2272 626 2303 misericordiae
631 2272 812 2302 necessitatem
820 2272 1002 2304 reduceretur.

260 2316 335 2346 Illud
348 2316 419 2345 enim
438 2313 562 2343 dedecori
586 2312 679 2341 suisset
695 2312 843 2352 propbetae,
857 2312 1004 2349 si-benedi-

261 2357 324 2391 ctio,
342 2354 422 2394 cluam
435 2354 493 2393 ipse
505 2352 624 2388 dederat,
636 2362 713 2381 secus
726 2351 845 2380 cessisset
858 2364 864 2380 :
881 2353 1005 2392 illudque

259 2395 370 2435 gentilis
382 2393 472 2424 viduae
485 2392 567 2422 fidem
579 2391 701 2427 laesisset,
715 2397 815 2430 utpote
828 2401 887 2430 quae
906 2403 1003 2431 parum

261 2436 366 2475 exejus
376 2431 552 2463 contubernio
562 2430 756 2460 benedictionis
770 2431 926 2470 accepisset.
939 2431 1004 2461 Ideo

261 2476 335 2504 Deus
346 2472 558 2503 benedictionem
572 2481 623 2500 non
634 2470 756 2509 abrogat,
771 2469 818 2499 sed
829 2470 933 2499 tertiam
948 2482 1004 2500 ma-

262 2514 368 2543 chinam
389 2512 525 2553 prophetae
536 2510 661 2540 admovet
673 2522 684 2539 1
700 2516 776 2539 curat
788 2509 860 2538 enim
872 2516 902 2538 ut
917 2510 1006 2539 viduae

262 2554 336 2582 filius
347 2553 488 2586 moriatur,
500 2558 579 2589 atque
590 2550 616 2579 in
630 2549 673 2579 sui
705 2548 812 2578 recandi
825 2549 1006 2579 necessitatem

263 2593 419 2632 prophetam
431 2590 552 2620 deducit.
564 2591 632 2619 Nam
644 2560 738 2627 vidiita,
749 2588 806 2618 silio
815 2595 932 2625 mortuo,
943 2600 1004 2629 pro-

263 2636 348 2675 phetae
358 2636 458 2664 circum
471 2634 590 2663 adstabat
602 2644 664 2662 cum
676 2633 811 2673 lacrymis.
826 2633 948 2670 Utinam,
961 2633 1006 2662 in-

265 2680 334 2718 quit,
356 2680 423 2708 sanie
443 2678 547 2718 pridem
569 2684 674 2708 mortua
694 2688 787 2715 essem,
810 2684 836 2707 ct
851 2684 911 2707 ante
932 2684 1005 2708 tuam
1024 2682 1042 2708 C

1051 1446 1153 1485 ἐμαυτῇ
1166 1445 1212 1474 καὶ
1225 1448 1279 1476 τοῖς
1292 1453 1392 1476 τεκνοις
1404 1454 1464 1481 μου,
1477 1440 1523 1470 καὶ
1534 1438 1688 1480 φαγούμεθα
1698 1437 1744 1467 καὶ
1755 1438 1822 1466 ἀπο-

1051 1484 1206 1524 θανούμεθα.
1231 1482 1316 1513 Οὐδὲν
1339 1485 1404 1521 ἡμῖν
1413 1505 1420 1518 ,
1442 1480 1525 1521 φησὶ,
1549 1479 1580 1508 τὸ
1605 1476 1824 1518 περιλειπόμενον

1051 1525 1148 1565 ἕτερον,
1160 1526 1208 1560 τῆς
1220 1522 1314 1563 δρακὸς
1327 1521 1529 1556 δαπανηθείσης,
1540 1518 1558 1554 ἢ
1573 1517 1692 1551 θάνατος.
1704 1515 1825 1556 Ἤρξατό

1051 1577 1078 1594 τι
1098 1564 1211 1605 πάσχειν
1231 1562 1296 1603 πρὸς
1310 1561 1358 1597 τὴν
1381 1560 1468 1601 φωνὴν
1481 1563 1495 1589 ὃ
1508 1558 1610 1591 Ἠλίας.
1623 1557 1709 1596 Ἐμοῧ
1719 1578 1727 1593 ,
1742 1556 1823 1595 φησὶ,

1051 1604 1152 1633 πλείονι
1175 1603 1241 1639 αὕτη
1267 1601 1459 1641 παγκρατιάζει
1479 1600 1567 1639 λιμιῖν
1592 1597 1645 1636 ἐγὼ
1670 1596 1720 1625 κᾶν
1746 1597 1824 1634 μόνος

1052 1646 1134 1674 πεινῶ
1145 1666 1153 1681 ,
1168 1642 1236 1678 αὕτη
1255 1641 1284 1671 δὲ
1299 1640 1366 1680 μετὰ
1382 1643 1434 1670 τῶν
1453 1638 1552 1669 τέκνων
1566 1636 1703 1676 λιμώττει.
1716 1635 1764 1671 Μὴ
1775 1634 1824 1674 γέ·-

1053 1696 1140 1753 νὲομαι
1150 1682 1272 1732 πρόξενος
1283 1683 1316 1720 τῇ
1329 1680 1456 1756 ξενοδξξῳ
1465 1678 1588 1754 θανέὴτου.
1599 1671 1713 1746 Ξίοέτναςι
1719 1674 1825 1744 Ίῖοιζζεὸρ

1053 1733 1300 1804 ξιῖἶῖὂέξζῖξζτῖἇ
1318 1732 1405 1800 iffi?
1431 1729 1581 1799 ζεξζζιρζῷ
1607 1727 1738 1795 fidem-
1765 1755 1825 1784 οὗ,

1055 1803 1180 1843 ἐκλείψει,
1191 1802 1282 1843 φησὶν,
1294 1804 1308 1831 ὁ
1321 1799 1466 1840 καμψᾶκης
1478 1801 1525 1828 τοῦ
1536 1797 1634 1832 ἐλαίου,
1649 1794 1708 1824 οὐδὲ
1720 1795 1738 1830 ἡ
1750 1793 1827 1834 ὑδρία

1054 1847 1101 1892 τοῦ
1123 1842 1249 1893 εἷλεύρου,
1270 1841 1318 1892 ἕως
1336 1842 1382 1870 τοῦ
1399 1840 1492 1888 ἓοῦναι
1513 1836 1611 1877 Κύριον
1626 1833 1701 1864 ὑετὸν
1722 1833 1767 1863 ἐπὶ
1780 1835 1829 1884 τῇς

1055 1895 1112 1952 ἔῖῗζ
1125 1873 1829 1962 11133ἕὲρίζζιᾷὴέἱῖἔσέξῗέῒζ”οὲῗὲἒιὶἵὲῗῖ“9ᾯ

1056 1962 1104 1998 τὴν
1119 1961 1182 2002 περὶ
1194 1960 1253 1994 τοὺς
1275 1960 1390 2000 ὄμβρους
1406 1956 1620 1998 φιλανθρωπίαν,
1640 1954 1700 1983 ἀλλ’
1722 1951 1828 1991 ἔλεγεν·

1056 2003 1116 2032 Οὔκ
1129 2002 1204 2031 ἔσται
1215 2000 1249 2030 τὰ
1261 2000 1307 2036 ἔτη
1324 2002 1409 2028 ταῦτα
1429 1997 1519 2037 δρόσος
1531 1995 1548 2032 ἢ
1563 1994 1637 2027 ὑετὸς
1649 1993 1694 2022 ἐπὶ
1705 1993 1755 2027 τῆς
1762 1994 1812 2031 γῆς
1820 2012 1829 2026 ,

1057 2043 1079 2071 εἷ
1095 2041 1132 2077 μὴ
1145 2041 1188 2070 διὰ
1199 2041 1277 2079 λόγου
1291 2037 1422 2077 στόματός
1438 2048 1497 2076 μου.
1511 2037 1567 2066 Νῦν
1582 2035 1610 2064 δὲ
1622 2033 1768 2072 ἐπιτρέπει,
1784 2030 1830 2060 καὶ

1056 2081 1107 2122 ἤδη
1121 2081 1152 2110 τὸ
1168 2082 1215 2115 τ’ῆς
1228 2080 1328 2112 λύσεως
1346 2076 1501 2116 ὑπαγορεύει
1515 2074 1669 2114 προοίμιον,
1682 2073 1742 2102 ἀλλ’
1756 2072 1829 2106 ὑπη-
1880 2103 1883 2105 .

1263 2119 1275 2131 ὕ

1056 2121 1147 2161 γόρευε
1169 2119 1230 2159 μὲν,
1246 2131 1319 2148 ουπω
1332 2117 1359 2147 δὲ
1379 2117 1464 2156 προσ-’ἤ
1484 2127 1496 2144 ε
1510 2114 1557 2150 τὴν
1573 2114 1686 2148 αἴτησιν.
1699 2110 1735 2141 Τί
1753 2106 1830 2145 οὖνὴ

1057 2163 1105 2196 τῆς
1118 2159 1314 2200 φιλανθρωπίας
1328 2156 1419 2196 way-63
1432 2155 1520 2184 Παλιν
1539 2154 1610 2193 αὐτῷ
1630 2151 1723 2191 τρίτην
1738 2161 1830 2189 μηχα-

1058 2200 1105 2236 νὴν
1118 2198 1314 2240 φιλανθρωπίας
1327 2195 1456 2237 προσάγει
1466 2206 1473 2212 ·
1489 2193 1591 2223 κελεύει
1608 2191 1660 2231 γὰρ
1673 2190 1721 2226 τὴν
1740 2189 1830 2239 ψυχὴν

1057 2243 1103 2269 τοῦ
1114 2242 1161 2275 τῆς
1176 2239 1213 2279 χή
1232 2251 1261 2272 ας
1275 2236 1379 2267 παιδίου
1395 2236 1558 2274 μεταστῆναι
1568 2234 1614 2262 τοῦ
1631 2230 1762 2269 σώματος.
1783 2230 1831 2258 Ιί-

1059 2282 1116 2319 μῶν
1131 2279 1178 2318 μὲν
1197 2251 1248 2318 γὲρ
1259 2277 1303 2307 τὸν
1323 2275 1475 2316 προφήτην,
1487 2273 1536 2309 τὴν
1551 2270 1671 2311 εὐλογίαν
1681 2270 1729 2299 οὐκ
1741 2269 1830 2304 ἔλυεν,

1058 2319 1117 2349 οὐδὲ
1142 2319 1277 2358 ἐπιλεῑψαι
1304 2316 1348 2345 τὸν
1370 2314 1515 2354 καμψάκην
1538 2311 1637 2346 ἐποίει,
1666 2309 1736 2340 ὥστε
1765 2308 1831 2347 πρὸς

1059 2359 1176 2398 ἀνάγκην
1190 2357 1268 2387 αὐτὸν
1283 2357 1455 2391 συνελαθῆναι
1473 2349 1678 2394 φιλανθρωπίας.
1694 2343 1754 2389 ΓΗν
1777 2346 1829 2387 γὰρ

1059 2399 1133 2439 ῧὸρις
1144 2401 1182 2438 τῷ
1196 2397 1320 2438 προφήτῃ
1330 2417 1338 2431 ,
1352 2397 1375 2425 εἷ
1388 2394 1422 2424 τὰ
1436 2396 1483 2429 τῆς
1497 2390 1617 2431 εὐλογίας
1634 2387 1769 2436 ἀνετρέπη
1782 2389 1831 2436 τῇς

1059 2441 1122 2478 παρ’
1147 2439 1227 2467 αὐτοῦ
1237 2449 1243 2455 ·
1267 2436 1312 2466 καὶ
1332 2438 1380 2471 τῆς
1403 2434 1507 2468 ἒθνικῆς
1529 2430 1556 2460 δὲ
1595 2429 1662 2468 ήρας
1683 2438 1761 2457 τουτο
1781 2438 1830 2462 την

1060 2478 1149 2507 πίστιν
1164 2477 1361 2511 κατέὸλαπτεν,
1375 2476 1411 2507 ὡς
1424 2472 1477 2502 ἀπὸ
1491 2480 1630 2509 συντυχιας
1643 2469 1690 2503 τῆς
1711 2465 1831 2505 ειῖλογίας

1061 2517 1237 2557 ἐπιτυχούσης
1252 2516 1353 2556 μικρόν.
1367 2513 1419 2543 Διὰ
1431 2514 1509 2541 τοῦτο
1521 2511 1536 2538 ὁ
1550 2507 1619 2541 Θεὸς
1629 2506 1677 2542 τὴν
1694 2506 1742 2546 μὲν
1754 2506 1831 2534 εὔλο-

1061 2557 1120 2595 γίαν
1133 2559 1180 2586 οὐκ
1194 2557 1349 2598 ἀνατρέπει,
1364 2553 1454 2593 τρίτην
1470 2550 1497 2580 δὲ
1510 2547 1639 2589 προσάγει
1654 2543 1830 2595 μηχανὴνΙτῷ

1061 2598 1183 2637 προφήτῃ
1193 2610 1199 2616 ·
1214 2601 1284 2626 ποιεῖ
1297 2596 1348 2635 γὰρ
1362 2595 1392 2624 τὸ
1405 2594 1452 2627 τῆς
1465 2589 1550 2631 χήρας
1564 2589 1703 2617 ἀποθανεῖν
1714 2585 1829 2619 παίδων,

1061 2637 1105 2667 τὸν
1116 2637 1253 2677 προφήτην
1265 2638 1301 2669 εἷς
1315 2635 1432 2674 ἀνάγκην
1444 2631 1518 2660 ὠθῶν
1529 2630 1577 2663 τῆς
1588 2626 1653 2666 πρὸς
1664 2624 1743 2654 αὐτὸν
1752 2622 1830 2657 ἀξιώ-

1062 2690 1137 2711 σεως.
1154 2678 1187 2708 ἹΙ
1200 2677 1250 2717 γὰρ
1264 2677 1345 2718 χήρα,
1359 2673 1511 2710 τεθνηκότος
1523 2672 1569 2700 τοῦ
1583 2673 1688 2711 τέκνου,
1704 2670 1829 2711 περιέστη
