1890 2826
108 601 159 622 Jab.
179 601 248 629 4⁸⁰·

112 637 148 655 1¹-

109 781 248 812 Isai.3¹.[5.

107 928 192 949 Manh.
209 926 246 949 13.

106 959 195 981 31.32.

106 1068 181 1089 Mar-c.
195 1067 218 1097 4.

107 1098 223 1121 26.-28.

112 1348 195 1369 ῘΙΙιιΙΙΙι.
212 1345 247 1369 16.

107 1385 131 1400 2.
142 1379 165 1402 3.

108 2078 166 2099 Gen.
179 2076 246 2099 1.26.

264 153 332 189 562

261 233 320 255 tam
331 235 430 255 vocem
440 225 551 254 dederit
563 224 644 260 tuba,
655 224 720 263 quis
725 224 842 263 parabit
851 234 882 253 se
891 224 1005 263 adprae-

261 273 332 302 lium
342 275 355 300 Ρ
366 273 428 302 sii-e
441 272 524 307 tibia,
538 272 599 300 sive
619 271 746 309 cithara,
762 271 819 300 nisi
835 271 1004 300 distinctio-

261 329 326 347 nem
335 320 483 347 sonituum
498 317 643 353 dederint,
659 316 804 355 quomodo
815 321 1005 356 cognoscetur

259 365 292 393 id
304 364 385 404 quod
402 364 473 392 tibia
488 369 541 392 aut
553 363 633 402 quod
649 363 764 391 cithara
778 363 915 391 canitur?
929 360 1004 399 Quid

259 411 337 440 Pauli
359 411 451 449 lingua
469 419 611 439 commune
627 408 744 437 habebat
757 418 819 438 cum
837 408 903 446 tibia
920 414 947 437 et
962 407 1004 437 ci-

259 456 356 485 thara?
367 455 421 486 Sed
438 454 647 495 philosophatur
666 465 700 484 ex
716 447 754 484 iis
773 465 833 493 quae
854 454 906 483 sub
924 464 1004 493 aspe-

259 509 332 532 ctum
344 501 454 539 cadunt,
470 508 500 531 ut
513 512 543 531 ea
561 501 680 530 declaret
700 511 760 540 quie
779 500 917 530 intellectu
939 510 1001 540 per-

259 549 421 589 spiciuntur.
436 548 513 586 Quid
525 558 630 577 necesse
642 553 701 577 erat
713 547 741 576 in
756 547 827 580 libro,
839 546 905 583 Job,
919 546 954 576 de
966 553 1004 575 tot

260 595 393 634 tantisque
427 594 598 624 naturalibus
630 594 710 623 rebus
744 593 872 623 tractari?
898 594 1004 622 Leonis

251 642 410 683 fortitudo,
425 642 524 671 leoenoe
542 651 616 676 vox,
629 641 763 679 superbia
777 640 938 669 draconum
951 649 1003 668 ex-

259 690 367 718 stincta
382 694 436 717 est.
446 686 670 725 Myrmecoleon
688 687 786 726 periit,
801 695 835 714 eo
852 685 932 726 quod
944 695 1004 714 non

260 735 379 763 haberet
394 743 500 764 escam.
513 732 597 762 Pulli
607 738 706 761 autem
715 731 868 761 vulturum
878 731 940 760 alte
950 741 1003 760 vo-

260 781 334 810 lant.
346 782 403 811 Cur
414 780 486 810 alius
493 779 624 820 propheta
633 779 749 813 dicebat,
760 778 913 818 Quomodo
920 780 947 808 si
950 787 1002 807 su-

259 829 375 857 malleo
388 834 417 858 et
428 829 536 867 rapiat,
550 832 640 866 atque
653 827 750 866 rugiat
761 835 848 864 super
858 825 1002 865 proedam‚

258 882 286 905 et
298 875 469 915 repleantur
477 880 590 903 montes
602 882 674 902 voce
684 874 747 913 ejus
757 874 770 900 P
783 872 898 912 Ipseque
907 871 1004 901 Serva-

257 928 299 951 tor
307 921 341 951 dc
353 920 521 950 naturalibus
531 919 612 949 rebus
625 918 817 948 sermocinatur
833 928 839 944 :
854 917 956 946 Simile
963 923 1006 946 est

257 978 377 1008 regnum
384 968 522 997 coelorum
532 975 624 1006 grano
634 965 756 1004 sinapis,
765 963 846 1004 quod
852 965 1005 993 minimum

258 1021 301 1043 est
321 1014 453 1043 omnibus
475 1013 646 1048 seminibus,
663 1021 729 1040 cum
748 1018 846 1040 autem
869 1012 1002 1046 creverit,

260 1061 355 1100 majus
365 1066 408 1089 est
417 1060 550 1089 omnibus
559 1058 687 1087 oleribus
695 1069 707 1086 .-
718 1067 749 1087 ac
760 1067 870 1086 rursum
881 1068 889 1085 τ
901 1056 1004 1086 Simile

257 1112 299 1134 est
313 1115 434 1145 regnum
445 1104 592 1141 caelorum,
607 1103 853 1144 quemadmodum
872 1104 898 1132 si
917 1103 1005 1131 homo

252 1153 346 1191 jaciat
359 1157 514 1180 sementem
523 1160 619 1186 suam,
633 1156 662 1179 et
674 1150 826 1189 germinet,
838 1154 866 1178 et
880 1154 1002 1184 crescat,

257 1198 327 1227 dum
350 1198 441 1226 nescit
460 1196 535 1225 ille.-
550 1196 628 1226 ultro
650 1197 729 1224 enim
748 1201 826 1225 terra
845 1198 1001 1235 germinat,

256 1245 350 1282 primo
360 1244 480 1272 herbam
494 1242 600 1271 deinde
611 1243 721 1281 spicam
734 1253 742 1270 .·
755 1242 861 1271 deinde
874 1244 1001 1272 triticum

257 1290 359 1329 implet
369 1291 401 1318 in
409 1290 499 1329 spica.
514 1288 679 1318 Naturaliter
691 1288 772 1317 etiam
785 1287 820 1317 de
830 1288 895 1318 caelo
909 1296 1002 1319 tractat

258 1335 386 1366 servator
402 1346 409 1363 z
422 1335 453 1364 Si
479 1334 594 1371 caelum,
614 1333 712 1372 inquit,
738 1344 857 1373 vespere
882 1336 1002 1364 rubrum

248 1381 357 1422 suerit,
363 1381 471 1418 dicitis,
480 1381 618 1410 Serenum
626 1381 691 1417 erit,
701 1380 783 1408 rubet
791 1383 869 1409 enim
878 1380 981 1410 eoelum
992 1393 1000 1410 :

257 1433 286 1455 et
304 1428 356 1457 sub
375 1427 554 1463 diluculum,
578 1426 675 1455 Hodie
698 1426 790 1454 imber
812 1427 866 1455 erit
886 1438 894 1454 .·
919 1428 1003 1456 rubet

257 1475 335 1502 enim
356 1476 438 1502 triste
457 1471 570 1502 coelum.
599 1470 674 1508 Quid
695 1470 738 1500 his
758 1481 827 1511 opus
847 1472 921 1501 erat?
939 1473 1002 1502 Haee

256 1519 317 1549 dico
330 1525 441 1559 propter
452 1529 497 1547 eos
514 1518 562 1557 qui
584 1517 679 1547 inseite
691 1518 887 1557 reprehendere
902 1530 998 1559 aggre-

256 1565 380 1595 diuntur.
397 1567 438 1594 De
458 1567 515 1594 Deo
535 1571 659 1594 movetur
683 1574 782 1601 sermo,
797 1571 824 1594 et
848 1573 1000 1596 accuratim

255 1612 383 1641 doctrinae
409 1611 606 1643 enarrationem
628 1609 723 1639 audire
748 1611 858 1640 renuis?
880 1612 997 1649 Quando

255 1658 339 1698 igitur
349 1658 519 1698 propositum
533 1663 572 1686 est
585 1667 632 1697 per
645 1655 767 1687 divinam
779 1658 891 1697 gratiam
902 1658 936 1688 de
948 1658 1000 1688 ho-

254 1705 335 1735 minis
357 1706 490 1735 creatione
506 1714 656 1734 sermonem
678 1703 788 1742 habere,
811 1714 864 1734 non
886 1716 937 1745 pro
961 1707 1000 1736 rei

254 1752 395 1792 dignitate,
410 1751 457 1781 sed
476 1762 526 1791 pro
540 1751 665 1780 facultate
679 1758 768 1780 nostra
781 1761 869 1792 operae
882 1753 1001 1791 pretium

255 1805 294 1828 est
307 1798 343 1828 ad
355 1805 544 1838 argumentum
556 1796 710 1838 procedere.

296 1848 326 1875 2.
349 1847 482 1875 Ornatum
495 1855 574 1876 suurn
587 1851 724 1884 acceperat
735 1845 840 1882 caelum,
856 1853 926 1876 terra
937 1848 996 1877 fru-

255 1891 343 1921 ctibus
357 1897 481 1920 coronata
498 1897 566 1926 erat,
581 1900 657 1928 aquae
671 1890 753 1919 maris
777 1900 919 1932 segregatae
938 1894 998 1923 fue-

255 1945 334 1974 rant,
360 1937 458 1977 stirpes
483 1938 714 1976 germinaverant,
741 1937 828 1967 brutae
851 1940 998 1970 animantes

256 1984 393 2024 productae
409 1984 525 2020 fuerant,
542 1982 643 2022 repleta
662 1989 718 2012 erat
741 1990 822 2020 terra,
837 1993 929 2015 ornata
943 1993 1000 2016 erat

256 2031 362 2065 domus,
375 2029 579 2059 desiderabatur
591 2029 710 2058 omnium
730 2041 789 2069 quae
809 2032 877 2061 sacta
894 2033 1000 2072 fuerant

256 2075 340 2105 herus
353 2082 379 2104 et
398 2074 599 2114 paterfamilias.
617 2075 702 2103 Dixit
723 2077 804 2106 Deus
816 2089 826 2106 .·
839 2079 999 2109 Faciamus

257 2123 402 2151 hominem
422 2120 464 2149 ad
484 2121 641 2159 imaginem
662 2127 689 2150 et
703 2122 921 2154 similitudinem
947 2136 1000 2155 no-

256 2175 357 2198 stram.
373 2161 591 2197 Demonstratum
604 2173 643 2195 est
660 2167 759 2206 pridie,
777 2180 836 2207 quae
864 2171 898 2200 sit
923 2172 999 2202 illius

257 2214 330 2244 vocis
348 2213 401 2247 vis,
415 2214 585 2249 Faciamus,
600 2218 626 2241 et
641 2213 702 2251 quis
716 2214 758 2242 cui
773 2215 900 2253 loquatur
915 2230 922 2246 t
938 2218 999 2257 quis

258 2260 439 2293 consiliarius,
453 2265 480 2288 et
497 2260 575 2298 cujus
594 2258 629 2288 sit
649 2260 800 2289 communis
827 2262 998 2294 deliberatio.

258 2309 364 2338 Verum
384 2307 448 2347 quia
467 2317 501 2336 ex
515 2306 663 2346 scripturis
685 2307 862 2345 ostendimus,
874 2311 1000 2341 consilia-

259 2354 332 2384 rium
345 2354 449 2393 antiqui
462 2353 538 2383 illius
552 2352 658 2383 consilii
672 2353 775 2383 Filium
789 2365 855 2392 esse,
871 2367 901 2386 ac
911 2358 1001 2397 Spiri-

259 2409 302 2431 tus
312 2401 397 2430 sancti
408 2400 521 2440 gloriam
534 2398 683 2438 tacuimus;
699 2410 732 2429 ne
744 2410 779 2430 ex
792 2401 870 2431 nobis
883 2407 930 2441 qui
943 2405 1001 2434 sani

259 2456 364 2482 sumus,
379 2444 399 2473 ii
412 2444 460 2483 qui
479 2443 607 2483 aegrotam
625 2443 776 2474 occasiones
799 2453 915 2486 captent,
930 2448 999 2478 scire
1021 2457 1038 2480 Ε

259 2496 374 2529 oportet,
401 2499 481 2518 unam
502 2498 558 2517 esse
583 2487 707 2527 gloriam,
730 2499 812 2519 unam
833 2492 1001 2528 sententiam,

260 2544 344 2562 unum
357 2539 511 2572 operantem
523 2542 672 2561 sermonem
686 2532 817 2570 Patris,et
828 2533 893 2563 Filii
905 2542 931 2564 et
937 2537 1000 2575 Spi-

260 2577 327 2606 ritus
354 2577 447 2606 sancti.
464 2577 621 2616 Appellatus
644 2583 682 2607 est
708 2577 753 2608 hic
775 2578 945 2611 consiliarius
964 2581 1009 2611 Fi-

955 162 1135 187 SEVERIANI

1061 237 1104 254 ται
1125 225 1156 254 τὸ
1180 224 1337 263 αὐλούμενον
1358 224 1376 261 ἢ
1397 225 1427 255 τὸ
1451 226 1661 266 κιθαριζόμενον;
1684 226 1720 257 Τί
1745 225 1830 256 κοινὸν

1042 296 1044 298 .
1061 265 1131 309 εἶχεν
1151 272 1168 306 ἡ
1190 270 1300 300 Παύλου
1322 272 1432 310 γλῶσσα
1453 271 1519 311 πρὸς
1539 271 1619 302 αὐλὸν
1639 271 1685 302 καὶ
1706 271 1830 311 κιθάραν;

1061 315 1140 345 Ἀλλὰ
1150 317 1300 356 φυσιολογεῖ
1311 316 1363 346 ἀπὸ
1369 318 1422 346 τῶν
1431 318 1604 357 φαινομένων,
1615 317 1659 348 ἵνα
1670 317 1830 358 παραστήσῃ

1059 361 1093 390 τὰ
1106 361 1241 400 νοούμενα.
1257 361 1308 395 Τίς
1317 358 1350 398 ἦν
1362 362 1440 403 χρεία
1458 364 1486 392 ἐν
1501 365 1536 403 τῇ
1549 363 1634 404 βίὸλῳ
1644 367 1691 394 τοῦ
1706 363 1770 394 ’1ὼὸ
1780 375 1831 403 φυ-

1060 408 1247 446 σιολογηθῆναι
1260 411 1376 438 τοσαῦτα
1380 420 1390 447 5
1401 407 1498 442 Σθένος
1508 408 1621 445 λέοντος,
1631 410 1705 450 φωνὴ
1716 406 1831 446 λεαίνης,

1059 452 1195 492 γαυρίαμα
1213 453 1361 492 δρακόντων
1383 453 1506 490 ἔσδέσθη.
1525 452 1727 494 Μυρμηκολέων
1747 455 1832 485 ὤλετο

1060 498 1134 537 παρὰ
1144 497 1175 527 τὸ
1187 497 1224 537 μὴ
1240 498 1310 538 ἔχειν
1325 499 1415 539 βοράν.
1430 499 1544 529 Νεοσσοὶ
1555 500 1583 529 δὲ
1596 502 1688 540 γυπῶν
1696 500 1731 530 τὰ
1742 500 1832 541 ὑψηλὰ

1059 543 1192 573 πέτονται.
1208 544 1288 573 Διατί
1302 544 1382 578 ἄλλος
1397 545 1534 585 προφήτης
1554 544 1657 585 ἔλεγεν·
1671 546 1724 577 οΟν
1734 546 1832 586 τρόπον

1061 588 1106 618 ἐὰν
1125 589 1195 629 λάθῃ
1212 588 1282 618 λέων
1294 589 1341 619 καὶ
1354 590 1476 630 ἁρπάσῃ,
1490 590 1536 620 καὶ
1549 590 1634 631 βοήσῃ
1648 591 1693 621 ἐπὶ
1703 594 1737 632 τῇ
1747 591 1831 632 θήρᾳ,

1060 632 1106 662 καὶ
1119 634 1225 673 πλησθῇ
1239 633 1273 662 τὰ
1294 634 1342 674 ὄρη
1361 636 1411 670 τῆς
1429 637 1517 675 φωνῆς
1538 637 1634 673 nordh
1655 636 1710 667 Καὶ
1727 636 1805 670 αὐτὸς
1817 639 1832 666 ὁ

1058 678 1157 719 Σωτὴρ
1180 680 1344 720 φυσιολογεῖ·
1369 680 1468 720 Ὁμοία
1497 681 1568 711 ἐστὶν
1590 684 1609 719 ἡ
1636 675 1759 722 βασιλεία
1778 684 1831 714 τῶν

1059 726 1175 765 οὐρανῶν
1189 725 1278 766 κόκκῳ
1292 726 1431 763 σινῆπεως,
1445 727 1460 757 8
1473 727 1628 769 μικρότερον
1643 729 1692 768 μέν
1704 730 1762 759 ἐστι
1778 730 1832 758 τῶν

1059 770 1146 800 ἄλλων
1166 772 1336 812 σπερμάτων,
1351 772 1460 809 αὔξηθὲν
1476 773 1521 810 δὲ,
1536 775 1625 813 μεῖζον
1638 774 1745 804 πάντων
1758 774 1832 815 γίνε-

1059 829 1104 846 ται
1115 819 1168 847 τῶν
1188 818 1311 857 λαχάνων
1320 830 1327 837 ·
1341 818 1387 848 καὶ
1399 818 1495 849 πάλιν·
1516 819 1616 860 Ὁμοία
1637 820 1707 851 tortu
1719 823 1736 857 ἡ
1751 822 1830 860 βασι-

1059 862 1118 893 λεία
1128 864 1182 892 τῶν
1193 865 1319 903 οὐρανῶν,
1330 865 1367 898 ὡς
1382 864 1428 894 ἐὰν
1441 865 1577 905 ἄνθρωπος
1591 866 1661 905 βάλῃ
1672 866 1717 896 τὸν
1734 866 1832 907 σπόρον

1060 909 1139 938 αὐτοῦ
1149 931 1157 944 ,
1171 908 1217 938 καὶ
1232 909 1368 949 βλαστάνῃ
1392 909 1438 939 καὶ
1452 910 1604 949 μηκύνηται
1614 933 1622 949 ,
1639 913 1675 946 ὡς
1694 912 1743 942 οὔκ
1763 908 1831 942 οἶδεν

1060 953 1152 988 αὐτός·
1169 954 1306 993 αὐτομάτη
1320 954 1371 995 γὰρ
1387 957 1405 991 ἡ
1423 958 1458 995 γῆ
1478 957 1636 996 βλαστάνει,
1650 959 1755 998 πρῶτον
1766 958 1832 999 χόρ-

1059 1011 1104 1029 τον
1113 1022 1121 1036 ,
1134 995 1191 1029 εἶτα
1205 1000 1321 1041 στάχυν,
1334 997 1393 1031 εἶτα
1410 1006 1483 1032 σῖτον
1496 1003 1595 1043 πληροῖ
1612 1005 1639 1033 ἐν
1661 1006 1700 1044 τῷ
1720 1005 1829 1045 στάχυϊ.

1060 1047 1222 1086 Φυσιολογεῖ
1238 1046 1284 1076 καὶ
1295 1046 1341 1076 τὸν
1351 1048 1460 1087 οὐρανὸν
1470 1050 1485 1078 ὁ
1498 1048 1596 1089 Σωτήρ
1604 1061 1612 1068 ·
1626 1049 1695 1080 Ἐὰν
1704 1050 1813 1090 γίνηται
1821 1073 1829 1086 ,

1059 1091 1150 1132 φησὶν,
1164 1094 1179 1122 ὁ
1187 1091 1295 1132 οὐρανὸς
1307 1091 1383 1133 ὀψίας
1395 1092 1501 1134 πυῤῥὸς,
1512 1094 1614 1134 λέγετε,
1626 1095 1712 1133 costa,
1726 1094 1831 1137 πυρῤά-

1059 1140 1097 1173 ζει
1111 1138 1162 1178 γὰρ
1175 1140 1190 1168 ὁ
1201 1137 1309 1178 οὐρανός
1320 1151 1326 1157 ·
1336 1139 1382 1168 καὶ
1395 1139 1448 1169 ὕπὸ
1463 1139 1504 1170 τὸν
1522 1140 1626 1182 ὀρθρὸν,
1641 1141 1757 1200 σήμερον
1769 1155 1830 1184 χει-

1057 1184 1258 1224 μὼν,πυῤῥάζει
1267 1184 1319 1224 γὰρ
1330 1185 1481 1224 στυγνάζων
1490 1188 1504 1216 ὁ
1515 1185 1631 1227 οὐρανός.
1640 1187 1690 1222 Τίς
1698 1199 1742 1218 ουν
1751 1189 1830 1230 χρεία

1058 1230 1167 1266 τούτων;
1175 1231 1269 1259 Ταῦτα
1277 1229 1348 1270 λε’γω
1358 1230 1402 1260 διὰ
1407 1231 1468 1265 τοὺς
1475 1232 1639 1267 ἀπαιδεύτως
1647 1234 1767 1274 ἐγκαλεῖν
1775 1236 1830 1266 ἐπι-

1056 1280 1219 1317 χειροῦντας.
1229 1276 1296 1316 Περὶ
1305 1278 1375 1306 Θεοῦ
1383 1281 1495 1307 κινεῖται
1508 1278 1595 1318 λόγος,
1606 1279 1652 1310 καὶ
1665 1281 1769 1321 φεύγεις
1781 1281 1830 1319 τὴν

1059 1323 1156 1363 ἀκριὸἧ
1175 1325 1228 1352 τῶν
1251 1323 1390 1362 δογμάτων
1410 1324 1550 1364 ἀκρόασιν;
1565 1325 1643 1355 Ἐπεὶ
1662 1326 1749 1357 τοίνυν
1761 1328 1831 1369 πρό-

1058 1381 1144 1399 κειται
1155 1370 1225 1399 Θεοῦ
1239 1369 1331 1408 χάριτι
1343 1370 1379 1402 εἷς
1390 1369 1439 1405 τὴν
1450 1372 1496 1399 τοῦ
1507 1370 1645 1411 ἀνθρώπω
1657 1372 1830 1413 δημιουργίαν

1058 1417 1154 1452 εἰπεῖν,
1165 1417 1194 1444 οὖ
1216 1416 1275 1445 κατ’
1291 1414 1365 1449 ἀξίαν
1378 1417 1424 1444 τοῦ
1438 1415 1608 1455 πράγματος,
1623 1418 1692 1448 ἀλλὰ
1705 1420 1775 1449 κατὰ
1785 1420 1830 1449 δύ-

1058 1473 1137 1501 ναμιν
1150 1461 1198 1498 τὴν
1212 1461 1355 1501 ἡμετέραν,
1369 1460 1518 1501 ἀναγκαίως
1528 1463 1565 1496 εἷς
1577 1462 1627 1500 τὴν
1643 1463 1767 1495 ὑπόθεσιν
1780 1477 1829 1496 κα-

1059 1507 1187 1547 θήξωμεν.

1097 1845 1281 1884 Ἐκεκόσμητο
1294 1846 1309 1874 ὃ
1326 1845 1447 1886 οὐρανὸς,
1462 1847 1629 1887 ἐστεφάνωτο
1644 1853 1704 1884 τοῖς·
1716 1856 1828 1891 καρποῖς

1056 1893 1073 1927 ἡ
1092 1894 1141 1931 γῆ,
1156 1891 1279 1932 διώριστο
1295 1890 1329 1920 τὰ
1342 1893 1391 1927 τῆς
1410 1892 1546 1928 θαλάσσης
1559 1893 1659 1930 ὕδατα,
1679 1895 1828 1933 ἐόλάστησε

1018 1947 1038 1970 1)
1056 1937 1248 1977 βλαστήματα,
1260 1938 1377 1977 προῆλθε
1390 1937 1424 1966 τὰ
1441 1938 1526 1978 ἄλογα
1539 1940 1595 1973 ζῶα
1603 1962 1611 1976 ,
1621 1941 1796 1982 ἐπεπλήρωτο
1809 1946 1826 1979 ἡ

1054 1983 1194 2022 οἰκουμένη
1203 2005 1210 2018 ,
1224 1982 1389 2022 ἐκεκόσμητο
1402 1986 1416 2013 ὁ
1429 1979 1512 2020 οἶκος,
1527 1985 1631 2015 ἔλειπεν
1646 1989 1660 2017 ὁ
1671 1989 1828 2019 οἰκοδεσπό-

1053 2042 1101 2065 της
1111 2029 1215 2058 πάντων
1229 2030 1283 2058 τῶν
1295 2029 1452 2068 γενομένων.
1468 2025 1551 2060 Εἶπεν
1562 2033 1577 2061 ὃ
1585 2031 1663 2069 Θεὸς,
1673 2034 1827 2074 ποιήσωμεν

1054 2076 1190 2116 ἄνθρωπον
1211 2077 1270 2104 κατ’
1285 2075 1373 2104 εἰκόνα
1387 2076 1519 2116 ἡμετέραν
1532 2076 1577 2106 καὶ
1590 2077 1724 2117 ὁμοίωσιν.
1739 2081 1829 2110 Ἐδεί-

1054 2123 1105 2161 χοη
1128 2122 1162 2160 τῇ
1183 2120 1327 2160 προτεραίᾳ
1348 2121 1388 2155 τίς
1407 2124 1423 2157 ἡ
1446 2122 1555 2161 δύναμις
1575 2126 1636 2158 τοῦ,
1650 2125 1826 2165 Ποιήσωμεν,

1054 2166 1122 2200 τίνος
1133 2168 1147 2195 ὁ
1157 2166 1243 2205 λόγος,
1254 2166 1376 2206 καὶπρὸς
1386 2166 1446 2196 τίνα
1459 2170 1473 2198 ὁ
1486 2168 1563 2208 λόγος
1573 2181 1579 2188 ·
1593 2169 1633 2204 τίς
1646 2172 1661 2199 ὁ
1670 2170 1827 2210 σύμὸουλος,

1054 2213 1099 2242 καὶ
1112 2212 1181 2245 τίνος
1193 2214 1210 2248 ἡ
1223 2212 1297 2248 κοινὴ
1312 2211 1414 2252 σκέψις.
1430 2213 1500 2243 Ἀλλ’
1514 2215 1605 2251 ἐπειδὴ
1620 2216 1674 2246 ἀπὸ
1688 2218 1742 2246 τῶν
1755 2219 1827 2258 Γρα-

1055 2261 1111 2299 φῶν
1130 2258 1337 2299 παρεστήσαμεν
1358 2260 1508 2299 σύμὸουλον
1529 2264 1576 2297 τῆς
1599 2262 1711 2302 ἀρχαίας
1732 2265 1829 2303 βουλῆς

1041 2319 1043 2321 -
1055 2305 1099 2334 τὸν
1114 2304 1177 2334 Υἱὸν
1187 2327 1195 2340 ,
1210 2305 1398 2344 ἐσιωπήσαμεν
1419 2306 1446 2335 δὲ
1459 2309 1505 2335 τοῦ
1517 2306 1592 2346 ἁγίου
1611 2307 1767 2347 Πνεύματος
1779 2310 1828 2346 τὴν

1057 2351 1147 2386 δόξαν,
1166 2350 1210 2380 ἵνα
1221 2350 1258 2390 μὴ
1274 2351 1394 2391 ἀφορμὰς
1413 2351 1543 2392 δέχωνται
1561 2352 1626 2392 παρ’
1642 2355 1720 2392 ἡμῖν
1739 2357 1829 2394 ὑγιαι-

1057 2398 1153 2427 νόντων
1167 2399 1191 2427 οἱ
1204 2400 1348 2435 νοσοῦντες,
1362 2400 1503 2437 ἀναγκαῖον
1514 2397 1624 2434 εἰδέναι,
1638 2398 1678 2428 ὅτι
1692 2399 1741 2439 μία
1752 2401 1827 2439 δόξα,

1058 2444 1107 2483 μία
1126 2444 1237 2484 γνώμη,
1250 2440 1287 2478 εἷς
1300 2444 1376 2483 λόγος
1396 2445 1508 2484 ἐνεργῶν
1522 2446 1568 2473 τοῦ
1589 2445 1696 2486 Πατρὸς
1716 2447 1761 2477 καὶ
1782 2451 1828 2477 τοῦ

1059 2491 1123 2520 Υῐοῧ
1147 2490 1191 2520 καὶ
1213 2493 1259 2519 τοῦ
1287 2490 1360 2530 ἁγίου
1386 2489 1551 2529 Πνεύματος.
1578 2490 1693 2531 Εἴρηται
1716 2493 1829 2524 ἐνταῦθα

1059 2536 1205 2575 σύμὸουλος
1217 2538 1231 2565 ὁ
1244 2536 1307 2570 Υἱός
1317 2548 1324 2555 ·
1343 2538 1461 2575 ἀλλαχοῦ
1481 2535 1599 2576 εἴρηται,
1612 2538 1654 2567 ὅτι
1666 2538 1716 2574 τὴν
1731 2542 1827 2579 γνῶσιν

1059 2585 1104 2612 τοῦ
1120 2584 1190 2612 Θεοῦ
1204 2583 1286 2616 οὖδεὶς
1306 2577 1390 2620 οἶδεν,
1412 2583 1434 2611 εἶ
1457 2581 1494 2623 μὴ
1518 2582 1548 2612 τὸ
1568 2584 1679 2623 Πνεῦμα
1692 2583 1723 2613 τὸ
1745 2585 1827 2624 ἅγιον.
