1904 2840
101 397 151 417 Jsm,
167 395 189 425 4.
203 405 224 426 7.

129 1195 162 1210 en.
175 1187 197 1210 3.
211 1188 232 1211 5.

105 1308 157 1329 Just.
176 1314 194 1329 1.
210 1315 233 1337 9.

103 1619 154 1640 lah.
171 1625 189 1642 1.
203 1626 224 1648 7.

99 2103 162 2124 Les-i!
185 2102 221 2125 ⁸26.

102 2141 136 2155 12.

98 2414 149 2435 Joh.
169 2421 186 2435 Ι.

256 201 328 249 694

254 274 304 302 tori
329 270 469 301 emissam?
489 269 581 314 Nequa
602 277 664 297 uam
680 279 688 296 ι
703 266 750 296 sed
774 266 841 295 dum
861 265 992 304 loquitur,

167 326 179 340 2
207 326 225 342 ι,
254 323 301 352 per
313 322 354 341 res
368 311 439 351 ipsas
460 308 579 348 indignis
603 307 721 353 oquitur.
736 306 878 345 Proecepil
891 305 993 334 Domi-

254 363 307 381 nus
323 357 396 380 ceto.
413 350 456 379 An
467 358 560 378 voocm
573 347 673 382 emisit,
688 356 721 375 an
733 351 896 386 praeceptum
905 343 994 383 quod-

251 392 313 420 dam
325 389 446 420 extulit?
460 388 616 417 Mandavit
638 386 719 416 Deus
735 388 831 414 vermi
839 386 991 413 matutino.
1009 387 1028 410 C

254 432 293 460 lta
309 431 331 460 si
345 441 393 470 per
403 429 518 468 figuram
531 426 675 466 quamdam
693 425 810 460 dicatur,
826 425 914 454 Deum
923 422 991 452 allo-

252 478 366 509 quutum
381 479 437 498 csse
447 467 598 501 diabolum,
613 476 645 496 ne
659 466 709 495 hoe
728 464 917 494 inhonoratum
930 472 992 502 pro-

253 511 370 550 positum
392 507 494 537 diaboli
516 506 594 545 quasi
618 507 719 535 honore
740 503 813 545 paris
831 502 950 532 adducas
963 502 992 532 in

253 555 423 589 conspectum
445 546 566 576 Domini.
587 545 642 576 Sed
655 551 726 574 stant
733 543 826 583 ‘angeli
843 540 992 572 secundum

253 590 410 629 deputatum
424 586 476 616 sibi
495 585 631 624 ordinem;
647 584 722 615 venit
743 590 833 612 autem
853 580 991 617 diabolus,

253 636 278 657 ct
293 628 363 657 stetit
381 628 408 656 in
430 626 520 655 medio
539 625 707 664 angelorum,
723 630 752 653 ut
763 622 851 652 discas
870 631 934 651 eum
946 631 993 650 an-

254 668 305 706 geli
318 675 441 697 naturam
454 665 599 705 accepisse,
612 663 758 704 proditoris
771 669 860 691 autem
871 660 993 700 proposi-

254 715 311 736 tum
329 706 487 736 ostendisse.
509 704 642 734 Diabolus
657 703 741 740 enim,
761 702 865 736 fratres,
879 710 933 729 non
947 710 994 729 na-

254 754 321 776 tnrae
333 757 428 775 nomen
448 751 498 779 est,
519 743 567 773 sed
599 742 720 784 repositi.
741 743 832 779 Quare
848 740 995 770 diabolus?

255 788 348 824 Neque
357 786 428 815 enim
437 784 563 814 diabolus
602 790 661 813 etus
677 790 716 812 est
733 782 768 811 ab
780 780 869 818 initio,
881 778 928 809 sed
943 789 994 808 an—

255 826 331 865 gelus
344 832 448 855 creatus
467 830 506 854 est
513 835 523 862 3
537 823 662 853 diabolus
679 832 761 862 porro
779 820 836 850 sive
849 819 996 849 calumnia-

256 873 297 894 tor
316 872 426 895 vocatus
447 871 498 899 est,
521 863 586 902 quia
609 861 789 892 calumniatur
812 861 901 889 Deum
922 858 997 899 apud

256 905 387 940 homines,
397 911 424 934 et
445 903 581 933 hominem
598 902 672 942 apud
685 902 789 937 Deum;
806 905 832 929 ct
844 905 936 938 utpote
948 898 997 937 qui

255 945 402 974 committat
415 943 564 973 Dominum
574 941 705 972 adversus
718 949 837 975 servum,
851 945 877 967 et
887 947 996 968 servum

256 983 384 1013 adversus
407 983 566 1013 Dominum.
587 982 657 1012 Cum
682 980 755 1010 enim
775 979 896 1047 suggerit
917 976 996 1006 nobis

254 1023 379 1052 diabolus
395 1029 422 1051 et
438 1023 475 1052 ait
489 1034 497 1052 z
513 1023 588 1059 Quot
606 1020 677 1050 mala
697 1020 724 1048 in
744 1028 809 1048 mun
830 1016 867 1048 o?
884 1016 995 1046 ubinam

254 1063 347 1092 Deus?
360 1073 408 1092 cur
423 1072 475 1092 non
489 1072 531 1091 res
541 1059 716 1090 moderatur?
730 1057 911 1088 calumniatur
921 1056 996 1096 apud

256 1112 303 1130 uos
318 1103 471 1131 Creatorem
487 1114 494 1130 ι
510 1111 572 1130 nam
589 1101 642 1129 hoc
659 1098 797 1139 negotium
815 1096 874 1136 ejus
891 1096 944 1126 fuit
962 1097 997 1126 ab

257 1141 346 1171 initio.
358 1141 546 1171 Calumniatur
556 1141 644 1169 Deum
652 1138 725 1179 apud
731 1137 877 1173 Adamum,
885 1135 978 1165 dicens
987 1148 994 1165 :

255 1180 369 1210 Sciebat
380 1182 469 1216 Deus,
481 1181 561 1220 quod
570 1188 754 1223 quacumque
763 1177 812 1206 die
817 1176 998 1206 comederitis

256 1231 293 1248 es:
307 1221 396 1259 ligno,
409 1221 489 1249 eritis
502 1222 577 1248 sicut
588 1220 640 1247 dii.
651 1216 791 1252 Invidens‚
804 1215 901 1254 inquit,
912 1215 999 1246 vetuit

256 1260 330 1288 Deus
354 1270 387 1288 uc
411 1257 620 1288 manducaretis.
641 1257 687 1285 Ibi
709 1257 796 1285 Deum
819 1254 999 1284 calumniatur

256 1298 330 1338 apud.
350 1298 501 1335 Adamum3
515 1298 560 1326 hic
581 1296 682 1327 Jobum
702 1294 776 1334 apud
790 1295 879 1323 Deum
895 1305 903 1322 :
919 1294 999 1323 Num

255 1340 346 1374 gratis
358 1338 430 1366 colit
437 1338 497 1367 Job
509 1338 603 1366 Deum
611 1338 624 1363 Ρ
637 1334 669 1364 Id
683 1341 732 1370 est,
743 1335 762 1363 S
807 1331 937 1362 mercedis
947 1332 1000 1362 hoc

255 1377 327 1412 facit,
341 1387 395 1407 non
404 1387 439 1406 ex
450 1378 549 1407 virtute
555 1387 564 1413 ;
576 1373 724 1404 mercedem
742 1373 763 1402 ti
784 1372 794 1401 i
813 1371 936 1401 beneficii
957 1382 998 1401 re·-

255 1417 348 1456 pendit
365 1429 371 1445 z
385 1416 461 1446 aufer
479 1415 504 1445 ei
520 1414 676 1460 pecuniam,
695 1413 807 1451 e‘usqne
829 1410 998 1451 propositum

254 1456 417 1486 denudatur.
436 1455 506 1492 Quia
519 1454 602 1494 1gitu1·
616 1453 688 1483 vidit
727 1461 775 1481 eus
790 1452 890 1480 'ustum
898 1450 949 1479 hac
964 1450 997 1479 il-

255 1495 308 1525 lius
318 1495 471 1541 suspicione
483 1494 581 1523 in'uria
595 1493 731 1529 affectum,
746 1463 834 1520 auilert
846 1490 994 1526 facultates,

255 1541 284 1564 ut
297 1535 476 1574 suspicionem
489 1505 564 1562 iliam
574 1532 690 1568 tolleret,
703 1530 856 1569 nudamque
869 1529 995 1570 pietatem

253 1574 413 1604 ostenderet.
428 1574 464 1604 Et
474 1572 537 1602 vide
550 1571 662 1610 maligni
673 1570 802 1609 daemonis
813 1569 991 1609 propositum.

253 1615 349 1649 Dixit,
363 1613 461 1652 inquit,
475 1613 619 1641 Dominus
636 1611 767 1646 diabolo,
787 1609 872 1638 Unde
886 1610 971 1637 venis
980 1611 994 1636 f·

252 1653 356 1682 Deinde
369 1653 501 1693 superbus
515 1651 562 1680 ille
573 1657 598 1680 et
611 1660 748 1690 arrogans,
762 1648 809 1687 qui
829 1658 862 1677 ne
871 1647 994 1677 ordinem

252 1692 361 1731 quidem
374 1703 454 1722 suum
468 1697 588 1726 noverat,
603 1700 688 1728 neque
702 1687 889 1727 interrogantis
901 1687 993 1726 digni-

132 1748 145 1759 ι(
157 1747 197 1761 em,
252 1732 435 1769 tatem,dicit:
452 1732 615 1770 Postquam
628 1730 749 1758 circuivi
767 1735 884 1763 terram,
892 1733 920 1756 et
928 1737 993 1766 per-

253 1773 404 1801 ambulavi
415 1773 525 1806 orbem,
533 1771 651 1802 adsum;
665 1767 741 1806 quasi
754 1767 881 1797 clamaret
893 1777 924 1796 ac
935 1766 992 1796 vel-

252 1814 288 1842 let
297 1811 446 1847 ostendere,
456 1820 484 1839 se
501 1809 628 1839 omuibus
641 1817 700 1846 quae
714 1807 766 1836 sub
783 1806 848 1836 caelo
866 1813 928 1836 sunt
941 1805 992 1835 im-

252 1863 355 1891 perare,
368 1850 458 1880 omnia
474 1856 578 1879 terrena
591 1848 626 1876 ab
639 1858 667 1876 se
677 1846 790 1883 calcari,
804 1856 884 1885 seque
900 1855 992 1875 omnes

252 1892 372 1920 homines
381 1890 432 1920 sub
439 1888 555 1929 pedihus
566 1887 672 1916 habere.
686 1887 848 1926 Postquam
858 1887 989 1922 circuivi,

252 1931 350 1970 inquit,
366 1937 484 1964 terram,
496 1934 525 1956 et
535 1926 737 1967 perambulavi
751 1927 859 1962 orbem,
872 1926 989 1954 adsum.

251 1970 423 2000 Rescinditur
431 1967 534 1996 diaboli
548 1965 758 2005 superbia.Quia
769 1965 840 1995 enim
850 1964 956 2004 putavit
963 1975 991 1993 se

251 2009 361 2048 imagini
382 2008 431 2037 Dei
450 2007 592 2046 imperare,
609 2004 716 2044 ejicitur
734 2015 768 2033 ex
785 2012 866 2041 terra,
887 2010 916 2032 ut
937 2013 990 2032 non

247 2050 304 2088 jam
316 2049 391 2077 illam
400 2045 581 2087 perambulet3
592 2043 766 2082 eliminatque
776 2044 856 2074 illum
867 2043 990 2072 omnium

250 2088 393 2118 Dominus.
415 2087 476 2125 Ipse
494 2085 566 2114 enim
582 2090 621 2113 est
637 2083 685 2122 qui
701 2084 826 2123 promisit
845 2097 852 2113 ε
868 2083 990 2111 lnhabi-

251 2129 319 2156 tabo
343 2129 375 2156 in
398 2126 459 2156 illis
477 2131 507 2154 et
531 2124 729 2160 inambulabo,
752 2129 782 2152 et
800 2133 849 2152 ero
871 2121 990 2150 illorum

250 2168 341 2197 Deus.

972 202 1102 228 SPURIA.

1049 265 1101 294 ἀπὸ
1114 267 1159 294 τοῦ
1174 265 1272 301 aava,
1287 265 1337 305 Τῷ
1351 264 1378 294 δὲ
1392 264 1542 304 amman
1555 258 1628 294 am
1648 266 1663 295 ὁ
1675 265 1759 300 Θεὸς,
1774 265 1817 295 ἵνα

1047 304 1073 333 τί
1087 303 1119 333 σὺ
1131 305 1242 344 ἐκδιηγῇ
1254 304 1289 334 τὰ
1299 303 1467 343 δικαιώματά
1477 299 1615 354 μου;’Ἆρα
1625 305 1714 344 φωνὴν
1725 305 1817 346 ἔρῥνηξε

1048 344 1113 383 πρὸς
1130 345 1175 373 τὸν
1191 344 1362 384 ἇμαρτωλόν;
1376 343 1455 383 Οὐχί·
1470 343 1538 373 ἀλλὰ
1553 344 1578 373 δι
1607 339 1644 373 ὧν
1663 344 1817 385 φθέγγεται,

1048 384 1081 412 δι’
1095 385 1180 413 αὐτῶν
1197 385 1250 412 τῶν
1262 383 1427 424 πραγμάτων
1442 384 1517 412 λαλεῖ
1530 383 1595 423 πρὸς
1611 383 1672 417 τοὺς
1689 384 1816 418 ἀναξίους.

1047 422 1191 457 Ἐπέταξεν
1204 426 1219 452 6
1231 422 1299 456 Θεὸς
1312 425 1351 463 τῷ
1371 422 1457 459 κήτει.
1472 418 1540 463 Ἄρα
1554 422 1643 463 φωνὴν
1663 423 1818 464 ἐκπέμψας,

1046 462 1064 498 ἢ
1077 462 1237 502 πρόσταγμα
1255 475 1282 492 τι
1302 462 1450 503 πυρώσας
1463 461 1618 492 Ἐκέλευσεν
1631 465 1646 492 6
1663 464 1732 497 Θεὸς
1744 463 1819 493 endi*

1046 503 1109 538 ληκι
1132 504 1236 537 ἑωθινῆ.
1254 501 1347 535 Οὖτιικ
1366 502 1414 531 ἰὰν
1433 501 1589 542 σχηματίσῃ
1607 504 1622 532 6
1641 502 1727 542 λόγος,
1740 502 1781 532 ὅτι
1803 505 1819 532 6

1047 542 1116 575 Θεὸς
1135 535 1275 582 ἐφθέγξατο
1294 542 1360 582 πρὸς
1379 542 1423 571 τὸν
1441 541 1573 577 διάὸολον,
1588 540 1627 580 μὴ
1641 542 1668 577 ἐξ
1688 542 1820 581 ἰσοτιμίας

1045 582 1203 622 παραγάγῃς
1224 581 1273 618 τὴν
1293 581 1388 620 ἄτιμον
1411 581 1510 616 ταύτην
1530 581 1576 610 καὶ
1600 582 1819 621 παραὸεὸηκυῑαν

1045 621 1168 661 πρόθεσιν
1194 621 1366 661 εἰσαγομένην
1387 622 1426 654 εἷς
1443 620 1585 661 πρόσωπον
1606 624 1652 650 τοῦ
1673 621 1818 651 Δια-πότου.

1046 660 1116 690 Ἀλλ’
1130 661 1273 697 ἑστήκασιν
1293 662 1318 690 οἳ
1336 661 1444 700 ἄγγελοι
1460 661 1529 690 κατὰ
1543 661 1594 696 τὴν
1612 661 1818 701 διατεταγμένην

1047 700 1214 730 ἀκολουθίαν·
1227 697 1290 737 ἦλθε
1302 700 1330 730 δὲ
1344 703 1358 730 6
1371 699 1503 738 διάὸολος,
1512 700 1558 730 καὶ
1571 699 1691 740 παρέστη
1705 702 1732 730 ἐν
1745 700 1820 741 μέσῳ

1047 741 1099 769 τῶν
1114 740 1289 780 ἀγγέλων,ἵνα
1302 740 1388 779 μάθῃς
1399 739 1440 769 ὅτι
1453 740 1566 780 ἀγγέλου
1577 739 1629 790 Ιμὲν
1641 740 1720 780 φύσιν
1730 740 1820 777 ἔλαθε,

1048 779 1177 819 προδότου
1192 780 1219 810 δὲ
1233 779 1357 820 πρόθεσιν
1365 779 1525 813 ἐπεδείξατο.
1534 779 1663 813 Διαὸολος
1674 780 1737 820 γὰρ,
1744 780 1821 810 ἀδελ·

1050 819 1102 859 φοὶ,
1125 821 1155 849 οὗ
1177 819 1279 860 φύσεως
1300 820 1398 859 ὄνομα,
1414 819 1484 849 ἀλλὰ
1504 819 1693 859 προαιρέσεως.
1718 819 1769 849 Διὰ
1793 819 1821 849 τί

1051 859 1186 895 διάὸολος;
1201 860 1242 889 Οὔ
1256 858 1307 899 γὰρ
1321 858 1442 892 διᾶὃολος
1459 860 1562 895 ἐγένετο
1575 859 1623 888 ἀπ’
1637 861 1739 899 ἀρχῆς,
1753 859 1822 889 ἄλλα

1048 898 1157 938 ἄγγελος
1175 899 1297 933 ἐκτίσθη·
1313 898 1436 932 διάὸολος
1447 899 1476 928 δὲ
1490 898 1647 937 ὠνομάσθη,
1660 901 1696 932 ὡς
1710 898 1821 929 διαθάλ-

1049 939 1102 967 λων
1116 939 1162 967 καὶ
1175 938 1244 968 Θεὸν
1256 937 1471 978 ἄνθρώποις,καὶ
1488 938 1624 978 ἄνθρωπον
1642 940 1706 968 Θεῶ
1715 950 1722 957 ·
1731 939 1777 968 καὶ
1785 941 1822 973 ὥς

1014 982 1034 1006 D
1049 977 1200 1018 συγκρούων
1214 978 1352 1013 Δεσπότην
1367 977 1433 1018 πρὸς
1444 977 1559 1014 οἰκέτην,
1573 978 1619 1007 καὶ
1638 967 1744 1014 οἰκέτην
1756 979 1822 1018 πρὸς

1049 1017 1198 1054 Δεσπότην.
1213 1017 1298 1047 τὈταν
1314 1017 1366 1057 γὰρ
1377 1016 1516 1057 ὖποὸάλλῃ
1529 1019 1595 1056 ἡμῖν
1608 1020 1622 1047 6
1636 1017 1766 1053 διάὸολος,
1776 1018 1821 1047 καὶ

1049 1059 1120 1098 εἴπῃ,
1132 1057 1203 1086 πόσα
1216 1056 1287 1086 κακὰ
1297 1059 1324 1086 ἐν
1336 1059 1378 1096 τῷ
1388 1056 1556 1096 κόσμῳ;πο“ὔ
1567 1059 1582 1086 6
1595 1057 1677 1093 Θεός;
1689 1057 1767 1086 διὰτί
1782 1057 1820 1096 μὴ

1048 1096 1222 1136 upote-wrm
1245 1096 1383 1126 διαὸάλλει
1403 1096 1448 1126 τὸν
1467 1097 1562 1135 δημιου
1598 1097 1626 1127 ὸν
1646 1096 1712 1136 πρὸς
1732 1099 1819 1135 ἡμᾶς·

1049 1135 1124 1176 ἔργον
1146 1136 1197 1176 γὰρ
1220 1139 1297 1165 τοῦτο
1318 1136 1346 1170 ἐξ
1367 1137 1453 1176 ἀρχῆς
1474 1137 1514 1186 ταῖν
1532 1136 1557 1164 δι
1675 1136 1822 1166 Δεαὸάλλει

1049 1176 1119 1205 Θεὸν
1132 1176 1197 1216 πρὸς
1217 1176 1261 1206 τὸν
1275 1175 1374 1214 Ἀδὰμ,
1386 1176 1483 1214 λέγων·
1509 1176 1575 1217 ῌδει
1588 1178 1603 1205 6
1614 1176 1694 1211 Θεὸς,
1706 1175 1747 1204 δτι
1760 1171 1778 1214 ᾗ
1791 1176 1824 1206 ἂν

1050 1216 1138 1283 ἡμέρᾳ
1151 1216 1269 1255 φάγησθε
1291 1215 1344 1244 ἀπὸ
1357 1217 1403 1245 τοῦ
1426 1214 1512 1252 ξύλου,
1525 1215 1616 1245 ἔσεσθε
1634 1217 1670 1249 ὡς
1690 1214 1753 1245 θεοί.
1767 1217 1822 1245 Βα-

1051 1267 1103 1284 σκα
1114 1266 1174 1289 νων,
1189 1255 1278 1295 φησὶν,
1293 1254 1425 1284 ἐκώλυσεν
1439 1256 1507 1293 ὑμᾶς
1520 1257 1535 1284 6
1547 1255 1616 1289 Θεὸς
1628 1257 1678 1290 τῆς
1723 1254 1823 1289 ώσεως.

1051 1293 1126 1323 Ἐκεῖ
1146 1295 1191 1324 τὸν
1204 1295 1274 1325 Θεὸν
1299 1294 1436 1323 διαὸάλλει
1449 1293 1515 1334 πρὸς
1535 1294 1581 1324 τὸν
1598 1257 1756 1334 ’iwan-¹⁵:28⁵
1780 1295 1825 1325 τὸν

1051 1333 1114 1362 ’1ὼὸ
1128 1334 1193 1372 πρὸς
1215 1334 1261 1363 τὸν
1280 1333 1363 1363 Θεόν·
1381 1333 1429 1369 Μὴ
1447 1333 1498 1372 γὰρ
1513 1334 1614 1374 δωρεὰν
1634 1334 1742 1364 adserat
1762 1333 1826 1364 ’1ὼό

1049 1373 1094 1402 τὸν
1107 1373 1191 1408 Sedu
1203 1373 1360 1408 Τουτέστιν,
1372 1372 1526 1411 ὕπομίσθιός
1539 1374 1619 1410 ἔστιν,
1631 1375 1679 1403 οὔκ
1690 1374 1823 1413 ἐνάρετος·

1050 1412 1142 1450 μισθόν
1157 1424 1198 1442 σοι
1207 1414 1278 1442 τελεῖ
1292 1414 1340 1447 τῆς
1351 1412 1509 1452 εὐπραγίας·
1520 1413 1625 1453 περίελε
1637 1413 1672 1442 τὰ
1705 1414 1737 1453 ρή
1761 1425 1823 1448 ατα,

1049 1452 1094 1480 καὶ
1115 1455 1260 1491 γυμνοῦται
1281 1453 1362 1481 αὐτοῦ
1384 1454 1401 1487 ἡ
1421 1451 1552 1490 πρόθεσις.
1573 1452 1651 1481 Ἐπεὶ
1669 1425 1715 1482 οέν
1729 1465 1741 1482 ε
1754 1454 1796 1482 δεν
1810 1456 1826 1483 6

1049 1491 1117 1524 Θεὸς
1130 1491 1175 1520 τὸν
1186 1491 1287 1521 δίκαιον
1300 1493 1333 1530 τῇ
1345 1491 1452 1530 ὑπονοίᾳ
1470 1491 1568 1520 ἐκείνου
1582 1491 1761 1531 ὑὸριζόμεναν,
1775 1503 1824 1522 πε-

1049 1535 1143 1571 ριαιρεῖ
1156 1531 1190 1561 τὰ
1204 1530 1391 1570 κτήματα,ἵνα
1403 1530 1514 1570 περιέλῃ
1527 1531 1576 1567 τὴν
1589 1531 1766 1572 δποψίαν,καὶ
1777 1544 1824 1571 γυ-

1050 1570 1117 1608 μνὴν
1132 1571 1201 1611 δείξῃ
1215 1570 1263 1606 τὴν
1278 1570 1421 1600 muggam.
1430 1570 1484 1599 Καὶ
1491 1570 1572 1609 βλέπε
1582 1574 1629 1600 τοῦ
1642 1575 1757 1612 πονηροῦ
1769 1571 1824 1601 δαί-

1049 1621 1126 1648 μονος
1138 1610 1186 1646 τὴν
1201 1610 1333 1650 πρόθεσιν.
1342 1605 1420 1643 Ε’ἶπε,
1427 1609 1503 1649 φησὶ,
1511 1612 1526 1639 6
1538 1609 1634 1649 Κύριος
1646 1613 1686 1640 τῶ
1695 1611 1820 1641 διαὸόλω·

1047 1649 1126 1678 πόθεν
1138 1650 1334 1690 παραγέγονας
1346 1644 1414 1679 Εἶτα
1427 1651 1441 1678 6
1455 1649 1620 1688 ὑπερήφανος
1638 1640 1684 1679 καλ
1705 1642 1819 1688 ἀλαζὼν,

1047 1689 1092 1718 καὶ
1102 1689 1170 1728 μήτε
1183 1689 1232 1726 τὴν
1242 1691 1334 1718 ἑαυτοῦ
1347 1687 1420 1722 τάξιν
1430 1689 1516 1723 εἰδὼς,
1532 1688 1600 1727 μήτε
1611 1692 1658 1719 τοῦ
1669 1691 1819 1730 ἐρωτῶντος

1046 1729 1095 1764 τὴν
1110 1729 1193 1765 ἀξίαν,
1208 1729 1294 1768 λε’γει·
1307 1727 1459 1768 Περιελθὼν
1478 1728 1528 1764 τὴν
1543 1731 1602 1767 γῆν,
1613 1729 1659 1759 καὶ
1671 1731 1820 1771 ἑμπεριπαα

1046 1768 1128 1804 τὴσας
1146 1769 1195 1805 τὴν
1209 1770 1254 1798 ὑπ’
1268 1769 1386 1808 οὐρανὸν,
1398 1767 1523 1807 πάρειμι·
1538 1769 1676 1809 μονονουχὶ
1691 1771 1760 1809 βοῶν
1773 1769 1819 1799 καὶ

1047 1808 1204 1847 βουλόμενος
1226 1808 1323 1844 δεῖξαι,
1336 1807 1377 1837 ὅτι
1397 1812 1489 1847 κρατεῖ
1510 1810 1558 1844 τῆς
1579 1810 1624 1837 ὑπ’
1645 1810 1764 1848 οὐρανὸν,
1777 1809 1818 1839 ὅτι

1045 1847 1133 1877 πάντα
1148 1849 1220 1888 αὐτῷ
1231 1848 1386 1883 πεπάτηται
1398 1847 1492 1886 γήϊνα,
1505 1847 1545 1876 ὅτι
1558 1847 1660 1882 πάντας
1672 1849 1723 1878 ὑπὸ
1735 1848 1819 1882 πόδας

1045 1886 1102 1927 ἔχει
1115 1888 1175 1921 τοὺς
1193 1887 1353 1927 ἀνθρώπους.
1374 1887 1536 1937 Περιελθὼν,
1550 1887 1611 1937 ἔφη,
1631 1887 1681 1924 τὴν
1699 1890 1760 1926 γῆν,
1772 1888 1818 1918 καὶ

1044 1927 1264 1967 ἓμπεριπατήσας
1276 1926 1325 1963 τὴν
1338 1927 1383 1956 ὑπ’
1398 1927 1521 1966 ουρανὸν,
1534 1939 1654 1967 παρειμι.
1669 1927 1817 1957 'Eudam-

1046 1978 1088 1995 ται
1102 1969 1148 1995 τοῦ
1170 1966 1292 1996 διαὸόλου
1311 1969 1328 2002 ἡ
1349 1965 1496 1999 ἀλαζονεία.
1512 1966 1623 2003 Ἐπειδὴ
1641 1966 1693 2007 γὰρ
1710 1967 1816 2006 ἐνόμισε

1044 2010 1150 2045 κρατεῖν
1171 2008 1219 2041 τῆς
1239 2009 1284 2035 τοῦ
1303 2007 1373 2035 Θεοῦ
1394 2005 1502 2041 εἰκόνος,
1516 2005 1674 2036 ἐκὸάλλεται
1693 2009 1742 2042 τῆς
1757 2009 1816 2047 γῆς,

1044 2045 1113 2074 ὥστε
1127 2045 1225 2095 μηκέτι
1239 2047 1437 2095 ἐμπεριπατείγ·
1449 2045 1494 2073 καὶ
1510 2044 1618 2084 ἐξορίζει
1631 2046 1710 2075 αὐτὸν
1723 2049 1738 2075 6
1750 2046 1816 2075 πάν-

1043 2087 1252 2160 ἔῖῗέῗοαήσωις
1255 2085 1815 2163 ὲνῖἷῖἶῖςῖἶὲὶἓῗὲἶρῗτῖἶτῇζῗζλῖἇῗῗὲἒί

1001 2180 1038 2200 59⁰
1046 2176 1094 2204 μαι
1105 2165 1192 2193 αὐτῶν
1204 2163 1280 2197 Θεός.

290 2212 320 2240 5.
331 2213 413 2239 Antea
447 2207 631 2238 ‹rt-ambulabat
643 2206 776 2236 diabolus.
792 2205 908 2243 Quando
918 2205 990 2234 enim
1008 2208 1030 2231 Α
1085 2203 1129 2233 Τὰ
1139 2205 1233 2243 πρῶτα
1246 2203 1435 2243 ἐμπεριεπάτει
1447 2205 1461 2232 6
1475 2203 1604 2236 διάὸολος.
1618 2202 1684 2232 *Ὀτε
1697 2203 1745 2242 μὲν
1763 2203 1816 2244 γὰρ

250 2250 402 2280 idololatria
441 2248 518 2277 'ffusa
535 2253 591 2276 erat
600 2269 608 2283 ,
621 2256 684 2275 cum
699 2246 821 2285 impietas
834 2245 988 2282 obtinebat,

249 2289 357 2329 quando
371 2288 460 2318 omnia
475 2287 510 2316 ad
523 2285 670 2324 nequitiam
682 2285 826 2325 spectantia
840 2284 970 2313 florebant
979 2307 987 2321 ‚

249 2329 378 2359 diabolus
393 2325 611 2368 perambulabat3
623 2335 685 2354 cum
705 2331 794 2353 autem
815 2323 989 2353 sanctimonia

248 2376 326 2398 estet
341 2367 445 2408 justitia
463 2373 491 2396 et
509 2365 606 2396 veritas
627 2363 701 2403 apud
720 2373 764 2393 eos
775 2363 823 2401 qui
836 2362 991 2392 custodiunt

248 2408 397 2444 veritatem,
411 2413 476 2436 tunc
488 2406 562 2435 Deus
573 2402 705 2433 inhabitat
718 2409 744 2431 et
756 2402 916 2431 inambulat.
932 2403 990 2431 At-

249 2449 422 2483 audistine,
439 2445 543 2484 inquit,
560 2449 655 2473 mente
671 2448 740 2479 tua,
760 2451 874 2471 servum
896 2451 990 2471 meum

247 2488 318 2523 Job,
332 2487 412 2527 quod
425 2495 484 2514 non
497 2486 524 2513 ei
544 2482 648 2512 similis
667 2483 706 2511 sit
725 2490 810 2521 super
822 2487 940 2517 terram,
955 2483 991 2509 ir-

247 2525 495 2565 reprehensibilis,
515 2525 628 2563 justus,
653 2531 763 2555 verax,
779 2522 928 2549 abstinens
950 2521 988 2548 ab

248 2568 326 2593 omni
350 2576 380 2594 re
400 2565 501 2594 mala?
515 2562 587 2600 Quia
605 2561 728 2597 dicebat,
746 2561 848 2590 Totum
867 2561 988 2589 circuivi

248 2607 344 2635 vrbem
355 2627 363 2643 ‚
376 2611 400 2635 et
414 2610 567 2643 arroganter
581 2601 691 2641 agebat,
707 2600 782 2639 quasi
797 2598 922 2630 omnibus
936 2600 987 2628 im-

1044 2246 1061 2279 ἡ
1085 2242 1288 2283 εἷδωλολατρεία
1301 2242 1427 2282 ἐκέχυτο,
1453 2242 1497 2271 ὅτε
1520 2245 1537 2278 ἡ
1564 2242 1674 2272 ‹ieter-:m
1693 2243 1815 2282 ἐκράτει,

1043 2283 1087 2312 ὅτε
1100 2283 1189 2312 πάντα
1201 2282 1237 2312 τὰ
1256 2284 1304 2318 τῆς
1320 2281 1414 2315 κακίας
1433 2282 1561 2321 ἤκμαζεν,
1581 2284 1596 2311 6
1621 2282 1742 2315 διάὸολος
1762 2283 1814 2321 ἐμ-

1043 2322 1197 2362 περιεπάτει
1205 2334 1211 2340 ·
1227 2321 1271 2351 ὅτε
1285 2322 1313 2352 δὲ
1324 2322 1458 2361 ἁγιωσύνη
1473 2322 1518 2351 καὶ
1529 2321 1680 2357 δικαιοσύνῃ
1693 2322 1738 2351 καὶ
1748 2322 1814 2357 ἀλή-

1043 2365 1101 2391 θεια
1116 2362 1190 2401 παρὰ
1211 2365 1266 2394 τοῖς
1290 2361 1450 2402 φυλάττουσι
1474 2361 1524 2396 τὴν
1548 2361 1682 2397 ἀλήθειαν,
1703 2363 1717 2390 6
1744 2361 1814 2394 Θεὸς

1042 2403 1136 2431 ἐνοικεῖ
1149 2401 1195 2431 καὶ
1216 2403 1400 2442 ἑμπεριπατεῖ.
1414 2401 1568 2440 Προσέσχες
1591 2395 1635 2429 οὖν
1656 2401 1690 2438 τῇ·
1711 2400 1813 2439 διανοίᾳ

1042 2453 1088 2470 σου
1097 2464 1105 2478 ,
1120 2441 1202 2481 φησὶ,
1217 2440 1286 2470 κατὰ
1300 2443 1345 2470 τοῦ
1365 2439 1522 2480 θεράποντός
1536 2452 1586 2479 μου
1610 2439 1672 2468 Ἰὼὸ
1680 2461 1690 2475 ,
1703 2439 1744 2468 ὅτι
1764 2441 1812 2469 οὐκ

1041 2480 1097 2509 ἔστι
1109 2482 1167 2509 κατ’
1183 2480 1261 2509 αὗτὸν
1274 2482 1327 2510 τῶν
1341 2480 1386 2510 ἐπὶ
1398 2482 1446 2515 τῆς
1458 2482 1520 2519 γῆς,
1536 2479 1675 2517 ἄμεμπτος
1683 2501 1691 2515 ,
1702 2479 1811 2515 δίκαιος,

1015 2522 1022 2526 ”
1042 2520 1176 2560 ἀληθινὸς,
1187 2520 1351 2559 ἀπεχόμενος
1368 2519 1421 2549 ἀπὸ
1437 2519 1532 2552 παντὸς
1550 2521 1682 2558 πονηρῶς
1697 2518 1809 2553 Ἐπειδὴ

1041 2562 1097 2587 εἰπε
1106 2582 1114 2595 ,
1128 2560 1222 2588 Πᾶσαν
1236 2560 1375 2599 περιῆλθον
1389 2558 1438 2594 τὴν
1459 2560 1503 2587 ὑπ’
1518 2557 1639 2597 οὐρανὸν,
1654 2558 1699 2587 καὶ
1714 2559 1809 2594 ἠλαζο-

1039 2598 1128 2627 νεύετο
1139 2600 1174 2631 ὡς
1188 2598 1294 2629 πάντων
1306 2600 1421 2638 κρατῶν,
1435 2597 1578 2638 παραλύων
1590 2599 1669 2628 αὐτοῦ
1679 2598 1728 2634 τὴν
1740 2598 1810 2627 ἀλα-
