1904 2840
630 181 665 205 IN
690 179 893 204 mmmm.
922 179 1041 204 nomi..
1070 181 1130 204 XX·

1577 170 1647 206 855

108 244 178 274 alter
199 250 239 274 est
257 243 313 281 vii-,¹
326 244 371 274 cui
389 243 532 273 similatur.
549 243 622 282 Ergo
635 244 682 281 qui
702 242 847 278 similatur,
863 245 884 268 Α
902 242 970 279 Quae
983 248 1072 271 autem
1085 253 1099 271 a
1115 241 1212 282 spiritu
1233 243 1370 282 potestatis
1383 242 1462 281 aeris,
1477 243 1646 274 tenebrosam

108 290 148 313 est
160 284 240 313 bomo
254 294 260 311 :
275 284 319 312 eui
330 290 418 312 autem
433 283 606 317 assimilatur,
622 282 758 312 Christus.
772 282 849 312 Chri-

108 330 165 352 stus
177 322 248 352 enim
270 323 375 363 sapiens
394 329 434 352 est
446 323 500 359 vir,
515 322 562 362 qui
576 322 723 351 aedificavit
736 321 848 351 domum

109 372 196 398 suam,
217 361 248 391 id
267 369 317 398 est,
334 362 492 398 Ecclesiam,
507 373 590 402 supra
604 369 706 401 petram
721 374 727 389 :
744 361 773 390 id
797 367 846 395 est,

1 406 100 429 onina-³⁰
109 412 190 442 supra
213 401 395 431 fortitudinem
418 402 493 431 fidei.
512 403 582 431 Nam
596 408 622 430 et
634 400 764 430 fortitudo
785 400 848 429 fidei

0 438 10 458 ’ἱ
39 442 100 467 9²¹¹*
110 447 183 480 petra
196 440 306 477 dicitur,
342 448 430 486 ropter
442 452 523 480 qnam
537 442 630 471 Simon
644 442 738 470 Petrus
759 439 849 469 dictus

0 472 49 490 ,tur-

2 499 45 521 1111.
62 499 98 521 ,6,
107 487 158 516 est,
170 479 206 509 ad
216 491 296 519 quem
335 488 372 510 cit
384 482 456 510 Deus
469 493 476 510 ε
497 481 539 510 Tu
552 491 582 510 es
596 481 712 515 Petrus,
727 486 754 508 et
764 489 851 519 super

0 646 85 671 .ι7.ιι

109 521 187 549 hanc
204 527 316 559 petram
337 521 488 563 oedijicabo
508 521 671 550 Ecclesiam
697 529 801 556 meam,
821 524 850 548 et

105 566 198 605 porjtoe
218 560 308 606 inseri
331 570 390 589 non
399 560 607 620 gna-»valebunt
621 559 758 604 adversus
770 569 845 588 eam.

98 600 176 635 ‘Quis
189 606 228 628 est
238 610 283 629 vir
293 599 392 630 stultus
401 623 407 629 .
428 600 570 634 Diabolus,
584 598 619 628 de
628 609 682 637 quo
695 597 762 628 dicit
771 598 847 629 Jere-

91 656 98 664 -
108 639 176 668 mias
184 651 193 667 .-
207 639 355 669 Clamavit
363 640 468 678 perdix
477 652 485 668 :
496 639 681 679 congregavit
684 638 766 677 filios
775 647 849 677 quos

109 688 169 707 non
176 682 275 719 genuit
281 691 289 707 .-
294 679 372 719 secie
380 680 500 708 divitias
505 688 573 708 suas
581 688 639 706 non
645 687 710 706 cum
716 677 830 717 judicio
833 690 845 713 ;

108 719 140 746 in
153 719 247 747 medio
262 720 374 748 dierum
390 718 571 758 derelinquet
590 727 640 746 eas
651 730 660 746 .-
675 723 704 746 et
716 719 748 746 in
756 717 847 756 finem

108 759 161 786 erit
174 758 291 787 stultus.
303 759 357 787 Iste
369 768 432 797 ergo
444 757 569 787 diabolus
583 756 711 797 insipiens
722 756 767 786 vir
778 756 847 785 aedi-

108 797 198 827 licavit
213 797 325 827 domum
338 807 414 826 suam
427 808 508 838 super
526 806 643 826 arenam.
661 797 763 825 Domus
776 796 848 825 enim

901 281 1025 320 bajulant
1038 292 1146 320 aquam,
1162 281 1190 311 id
1204 289 1253 316 est,
1273 283 1367 312 falsam
1380 289 1407 312 et
1419 283 1530 323 impiam
1542 283 1645 313 doctri-

902 330 976 356 nam,
989 331 1050 360 quae
1073 331 1125 350 non
1147 321 1293 358 illuminat,
1315 322 1362 351 sed
1383 323 1563 352 tenebrescere
1582 324 1645 353 facit

903 367 1004 389 mentes
1017 371 1121 396 eorum,
1137 361 1184 399 qui
1197 361 1348 400 suscipiunt
1362 372 1429 391 eam.
1447 363 1530 393 Venti
1543 370 1643 401 autem,

903 410 937 429 ex
960 406 1036 445 parte
1049 399 1159 439 quidem
1179 400 1260 435 mala,
1284 409 1347 430 sunt
1369 402 1502 431 immundi
1520 402 1642 442 spiritus,

899 439 946 478 qui
959 446 1027 469 intra
1040 439 1186 480 praecordia
1200 440 1340 469 hominum
1353 439 1424 470 'flant
1436 453 1442 469 :
1455 452 1488 471 ex
1503 449 1576 481 parte
1590 453 1643 471 au-

898 485 953 507 tem
961 479 1043 516 bona,
1053 479 1165 519 spiritus
1174 479 1343 509 diversarum
1354 480 1499 517 virtutum,
1512 482 1556 511 vel
1565 492 1643 520 ange-

898 517 930 554 li,
943 518 990 557 qui
1002 518 1174 548 invisibiliter
1187 520 1215 548 in
1229 519 1351 549 sensibus
1369 520 1511 549 hominum
1527 531 1641 560 operan-

899 564 955 593 tur,
971 565 997 587 et
1010 558 1148 588 adducunt
1163 559 1204 588 *ad
1227 559 1308 588 bona.
1325 559 1360 589 Et
1373 559 1437 589 vide
1451 561 1642 600 proprietatem

899 607 1002 626 rerum.
1015 597 1119 627 Pluviae
1134 598 1275 639 proprium
1296 605 1335 628 est
1357 599 1464 628 mollire
1476 606 1502 628 et
1513 600 1617 630 solvere
1633 612 1640 629 t

899 643 1039 666 ventorum
1050 644 1138 666 autem
1152 649 1214 667 cum
1224 638 1324 668 virtute
1338 648 1442 678 urgere.
1455 638 1500 668 Sic
1512 645 1577 678 ergo
1591 639 1642 669 im-

897 676 1007 716 piorum
1013 677 1099 706 nubes
1110 677 1175 707 falsa
1186 688 1235 707 sua
1247 677 1367 707 doctrina
1378 685 1405 707 et
1416 678 1642 718 promissionibus

898 716 1025 745 molliunt
1036 716 1168 754 homines,
1183 724 1208 746 et
1221 716 1412 747 blandimentis
1424 725 1451 747 et
1463 718 1642 757 persuasioni-

896 755 949 784 bus
973 756 1084 785 solvunt
1102 769 1108 784 ε
1131 756 1256 786 diabolus
1283 764 1372 786 autem
1396 757 1478 786 intrat
1504 757 1531 786 in
1560 757 1642 787 corda

897 805 1002 830 eorum,
1012 795 1089 835 quasi
1098 803 1204 839 ventus,
1219 803 1246 825 et
1258 796 1432 826 invisibiliter
1443 803 1518 836 urget
1532 807 1642 826 consen-

107 835 166 876 ejus
186 843 246 866 ante
258 837 396 867 Christum
414 837 521 866 ruerunt
541 846 632 865 omnes
657 842 757 875 gentes.
772 835 848 865 Sicut
863 842 881 865 Β
896 835 948 864 tire
964 835 1109 865 mendaciis
1121 846 1226 870 eorum,
1241 836 1286 866 vel
1299 836 1326 865 in
1340 843 1432 865 caetera
1447 842 1554 875 peccata
1568 847 1641 866 cum-

107 885 179 905 cuim
201 877 284 906 sancti
298 875 396 905 domus
407 875 470 905 facti
483 882 546 905 sunt
559 875 671 911 Christi,
686 875 721 904 ita
733 882 758 904 et
771 875 849 915 impii

107 915 204 945 domus
217 922 280 945 sunt
293 915 406 945 inimici.
419 915 556 945 AE'alificati
569 921 659 944 autem
677 915 786 944 suerunt
800 925 848 944 su-

107 965 158 994 per
167 965 282 992 arenam,
293 954 322 984 id
333 961 383 992 est,
398 965 478 995 super
492 955 693 984 inconstantiam
706 954 848 984 infidelita—

106 994 152 1023 tis.
167 994 198 1024 Si
209 994 282 1024 enim
293 994 438 1024 constantia
451 994 514 1024 fidei
527 994 628 1023 dicitur
642 1000 726 1034 petra,
741 1000 811 1023 recte
822 1001 850 1023 et

105 1033 282 1063 inconstantia
301 1034 467 1063 infidelitatis
486 1044 564 1063 arena
591 1039 701 1063 vocatur
717 1045 724 1062 =
745 1033 773 1062 id
796 1040 846 1070 est,

105 1072 268 1109 idololatria,
276 1084 335 1112 quae
347 1084 394 1113 per
405 1074 492 1102 varias
500 1073 635 1102 idolorum
646 1072 766 1102 culturas
775 1083 847 1102 sem-

105 1122 153 1152 per
163 1113 283 1152 dispersa
297 1119 347 1142 est.
362 1115 416 1141 Aut
428 1120 498 1142 certe
511 1123 593 1152 super
603 1122 710 1141 arenam
724 1125 730 1141 ε
747 1112 776 1141 id
795 1119 845 1149 est,

105 1161 187 1196 super
198 1153 317 1181 carnales
329 1152 449 1181 homines
462 1163 492 1181 ac
503 1152 634 1181 infideles.
648 1151 711 1181 ldeo
720 1151 786 1180 tales
798 1152 848 1181 ho-

105 1201 191 1220 mines
201 1202 280 1220 arena
292 1191 430 1226 dicuntur,
446 1202 499 1221 non
521 1198 590 1220 terra
605 1203 612 1219 τ
630 1191 757 1230 quoniam
778 1198 847 1220 terra

105 1229 215 1268 quidem
228 1231 345 1260 fructum
358 1231 432 1266 facit,
444 1241 523 1260 arena
533 1238 621 1260 autem
635 1231 732 1260 sterilis
746 1237 844 1260 manet.

105 1269 209 1298 Deinde
219 1269 283 1309 quia
296 1277 365 1299 terra
377 1270 486 1309 quidem
499 1272 571 1299 unita
585 1277 635 1306 est,
650 1277 676 1299 et
690 1271 717 1299 in
730 1270 845 1310 seipsam

104 1309 257 1346 constricta,
279 1319 365 1339 arente
386 1317 475 1339 autem
500 1319 580 1348 grana
604 1319 657 1338 non
683 1310 846 1339 conveniunt

103 1348 167 1384 sihi,
181 1358 229 1378 nec
240 1349 376 1378 adhaerent
387 1349 420 1378 ad
435 1349 550 1378 invicem
565 1361 572 1377 :
586 1349 625 1379 sic
638 1355 700 1378 sunt
713 1355 739 1377 et
753 1359 844 1378 omnes

102 1386 233 1424 infideles,
246 1389 293 1428 qui
307 1388 359 1418 sub
374 1388 484 1418 diabolo
505 1395 583 1418 suut:
604 1398 657 1417 non
677 1394 740 1417 sunt
761 1389 841 1425 uniti,

102 1435 151 1472 nec
163 1438 246 1457 unum
256 1427 373 1468 sapiunt,
384 1427 432 1457 sed
444 1434 505 1457 sunt
516 1438 563 1473 per
575 1428 695 1457 diversas
705 1428 843 1467 opiniones
865 1432 876 1455 2

102 1465 218 1506 dispersi
231 1480 238 1496 ι
253 1475 278 1497 et
292 1467 362 1497 alius
375 1467 485 1506 quidem
507 1478 546 1497 sic
564 1467 641 1502 dicit,
657 1467 727 1496 alius
753 1474 842 1496 autem

103 1506 153 1536 sic.
168 1507 212 1536 Sic
230 1513 255 1536 et
276 1507 401 1546 dogmata
420 1507 643 1546 pbilosophorum
663 1516 712 1535 nos
733 1506 839 1542 docent,

19 1556 95 1573 xcvm
104 1555 163 1583 quae
177 1553 240 1575 sunt
252 1546 384 1575 contraria
393 1546 446 1575 sibi
459 1556 573 1585 semper.
583 1547 623 1575 Eo
632 1545 712 1574 modo
726 1545 841 1584 perfidia

0 1584 298 1622 {arcucibaereticoruQ
321 1585 368 1623 qui
388 1594 534 1622 numquam
557 1585 665 1624 sapiunt
685 1594 779 1620 unum,
795 1584 841 1613 sed

0 1629 72 1650 nquam

47 1661 79 1676 ει.

0 2060 79 2085 ’.5-6-

0 2342 17 2366 1.
31 2350 67 2375 ¹7.

103 1631 168 1663 quot
187 1632 261 1661 sunt,
280 1631 320 1653 tot
344 1624 485 1653 sententias
510 1623 616 1653 habent.
633 1625 744 1663 Propter
768 1623 841 1662 quod

102 1674 187 1693 arenae
195 1664 360 1694 assimilatur
371 1663 459 1693 omnis
468 1663 571 1692 diaboli
585 1663 710 1703 populus.
721 1663 842 1703 Populus

101 1710 190 1733 autem
203 1703 251 1733 Dei
266 1714 318 1733 non
332 1703 420 1733 solum
433 1703 526 1732 unitus
538 1709 588 1738 est,
598 1702 673 1741 quasi
687 1709 769 1739 terra,
782 1713 841 1741 quae

101 1743 226 1782 quamvis
244 1750 382 1783 compacta
406 1743 452 1779 sit,
474 1749 560 1771 tamen
580 1742 705 1771 solubilis
718 1749 756 1771 est
773 1754 779 1770 :
795 1742 841 1771 sed

100 1789 139 1812 est
152 1783 223 1812 sicut
236 1782 261 1811 la
282 1783 304 1812 is
313 1782 470 1812 constrictus
481 1789 507 1811 et
521 1781 728 1811 indissolubilis.
737 1782 840 1818 Tertio,

101 1822 166 1860 quia
177 1821 280 1851 diaboi
301 1822 420 1862 populus
439 1832 492 1850 non
513 1821 686 1850 numerabilis
699 1828 748 1855 est,
773 1821 842 1851 sicut

100 1872 179 1891 arena
194 1873 201 1890 ε
218 1861 267 1891 Dei
280 1868 380 1897 autem,
392 1872 426 1891 ex
441 1861 532 1890 multis
545 1861 645 1890 vocatis
657 1861 737 1900 pauci
750 1861 838 1890 electi.

100 1901 199 1930 Pluvia
211 1908 300 1930 autem
312 1908 351 1930 est
363 1900 484 1930 doctrina
498 1913 504 1928 :
516 1900 580 1939 quia
594 1900 662 1930 sicut
674 1900 767 1940 pluvia
779 1901 842 1929 irri-

100 1947 144 1980 gat
162 1947 269 1976 terram,
284 1947 314 1970 ut
327 1941 444 1981 proferat
461 1940 591 1977 fructum,
607 1940 646 1969 sic
659 1940 779 1969 doctrina
793 1939 840 1969 ho-

99 1980 199 2009 minem
212 1980 317 2018 irrigat,
336 1987 367 2009 ut
389 1980 518 2009 'ustitiam
537 1986 671 2019 operetur.
686 1980 762 2009 Sicut
774 1979 841 2009 dicit

99 2020 173 2048 Deus
190 2029 238 2059 per
251 2019 359 2048 Esaiam
390 2030 405 2048 e
417 2018 534 2048 tollenda
549 2030 562 2048 a
577 2019 679 2049 Judaeis
692 2019 812 2048 doctrina
828 2032 836 2049 ε

99 2059 141 2087 Et
151 2059 311 2094 mandabo,
327 2059 425 2097 inquit,
442 2060 574 2095 nubibus,
591 2069 627 2087 ne
638 2059 744 2097 pluant
755 2069 841 2098 super

99 2108 165 2127 eam
184 2099 324 2136 pluviam.
349 2099 442 2128 Nubes
461 2098 532 2127 enim
552 2099 679 2128 dicuntur
704 2098 839 2138 prophetae

98 2144 125 2166 et
145 2148 160 2165 a
181 2137 258 2166 ostoli
275 2150 281 2166 z
297 2138 361 2176 quia
382 2139 451 2167 sicut
465 2138 549 2167 nubes
563 2138 683 2178 bajulant
705 2138 838 2177 pluviam,

98 2183 125 2205 et
137 2186 152 2205 e
174 2175 279 2206 undunt
304 2187 362 2205 cam
383 2187 465 2217 super
489 2183 597 2214 terram,
612 2177 650 2206 sic
664 2184 690 2206 et
704 2177 840 2217 prophetie

99 2222 125 2244 et
147 2215 261 2255 apostoli
288 2216 424 2255 accipiunt
443 2216 526 2245 verba
542 2227 557 2245 a
576 2218 644 2252 Deo,
659 2223 684 2245 et
697 2216 841 2246 effundunt

99 2265 130 2284 su
167 2254 374 2284 rrationabilem
387 2256 571 2285 terram.Sunt
581 2262 669 2284 autem
684 2256 767 2284 nubes
780 2266 840 2294 quae

99 2305 114 2323 a
127 2265 231 2334 §girini
251 2300 341 2323 sancto
354 2294 513 2328 excitantur,
526 2299 552 2323 et
566 2301 628 2323 sunt
641 2294 736 2329 nubes,
751 2305 811 2331 quae
824 2306 838 2324 a

99 2333 195 2374 spiritu
216 2333 353 2373 potestatis
372 2333 450 2369 aeris,
464 2333 534 2362 sicut
545 2332 612 2362 dicit
624 2333 753 2373 propheta
767 2345 775 2363 :
794 2334 841 2363 Te-

100 2374 223 2402 nebrosa
245 2383 325 2413 aqua
346 2375 377 2401 in
400 2374 523 2401 nubibus
543 2374 630 2401 aeris.
644 2373 735 2402 Nubes
754 2373 838 2410 enim,

99 2422 158 2450 qua!
171 2423 187 2441 a
199 2413 302 2452 Spiritu
316 2419 405 2441 sancto
419 2411 580 2447 excitantur,
595 2411 736 2441 candidam
757 2412 839 2453 baju-

98 2450 155 2480 lant
177 2461 285 2490 aquam,
299 2451 328 2480 id
341 2458 389 2487 est,
403 2461 493 2482 veram
505 2457 531 2480 et
543 2458 662 2481 sanctam
674 2450 834 2481 doctrinam.

131 2550 141 2562 ⁸
159 2542 189 2567 V.
201 2543 232 2568 1).
250 2549 277 2568 et
292 2542 360 2569 Editi
376 2545 401 2569 in
421 2552 500 2576 marg.
514 2543 655 2578 Caeterique
672 2543 794 2569 secularis
811 2554 854 2570 sa-

96 2582 199 2614 pientia·
213 2582 394 2615 pmfiuom...
421 2588 512 2608 exeun!
528 2583 638 2614 flumina
659 2583 787 2608 mendacis
809 2583 854 2608 do-

897 874 984 920 pellit.
994 875 1039 905 Sic
1046 882 1073 904 et
1081 875 1108 904 in
1121 873 1195 913 parte
1203 876 1271 904 bona
1287 883 1382 905 sanctae
1395 875 1480 904 nubes
1491 875 1641 906 doctrinam

893 914 1006 953 Justitiae
1028 914 1191 954 persuadent
1210 915 1376 951 hominihus,
1400 921 1426 944 et
1447 915 1643 945 rationabiliter

896 953 1021 992 placant:
1035 953 1153 994 Spiritus
1167 961 1255 983 autem
1269 962 1376 984 sanctus
1387 954 1430 984 vel
1449 954 1548 993 angeli,
1563 955 1641 993 quasi

896 994 1018 1060 prosperi
1031 993 1114 1028 venti,
1129 1000 1315 1033 prosperantes
1337 994 1365 1023 in
1386 993 1522 1029 cordibus,
1538 993 1642 1024 faciunt

916 1042 1017 1062 omines
1037 1033 1204 1071 acquiescere
1217 1033 1333 1062 veritati.
1348 1033 1425 1064 Sicut
1438 1033 1509 1062 enirn
1527 1043 1581 1062 non
1602 1042 1642 1064 est

896 1072 1035 1110 possibile,
1053 1079 1081 1101 ut
1095 1083 1129 1102 ex
1148 1073 1203 1102 sola
1219 1072 1312 1112 pluvia
1330 1072 1473 1102 fructificet
1494 1080 1575 1108 terra,
1588 1074 1641 1103 nisi

895 1111 1004 1141 flaverit
1017 1122 1098 1151 super
1111 1123 1169 1141 cam
1182 1118 1278 1142 ventus
1290 1124 1296 1141 :
1309 1112 1348 1142 sic
1369 1123 1422 1142 non
1446 1119 1487 1141 est
1499 1113 1638 1152 possibile,

897 1157 926 1179 ut
936 1151 992 1180 sola
1003 1150 1123 1180 doctriua
1134 1152 1250 1190 corrigat
1264 1152 1410 1188 hominem,
1423 1151 1476 1181 nisi
1486 1162 1533 1181 coo
1553 1160 1641 1182 eratus

895 1190 976 1220 fuerit
992 1190 1110 1231 Spiritus
1124 1198 1230 1220 sanctus
1252 1190 1279 1220 in
1305 1191 1407 1221 coi-dei
1429 1191 1496 1220 sius.
1513 1193 1535 1221 F
1550 1193 1641 1222 umina

894 1236 982 1259 autem
996 1237 1068 1266 sunt,
1090 1241 1125 1260 ex
1137 1237 1212 1270 parte
1230 1230 1340 1270 quidem
1360 1241 1402 1260 ma
1415 1242 1441 1267 a,
1457 1230 1573 1260 hominis
1586 1231 1640 1261 im-

897 1269 998 1298 mundo
1018 1269 1116 1309 spiritu
1133 1270 1218 1315 pleni,
1241 1277 1268 1299 et
1290 1271 1318 1299 in
1341 1270 1501 1300 verbositate
1523 1271 1638 1301 structi:

894 1308 986 1346 quales
1012 1316 1074 1338 sunt
1096 1309 1252 1349 philosophi
1275 1309 1432 1349 dogmatum
1456 1309 1637 1346 diversorum,

893 1355 1020 1384 oratores,
1036 1349 1218 1387 grammatici,
1231 1350 1397 1389 ”caeterique
1416 1359 1469 1378 non
1491 1349 1640 1380 secundum

895 1388 984 1416 Deum
1004 1388 1152 1427 sapientes:
1165 1388 1200 1418 de
1213 1399 1329 1427 quorum
1353 1396 1444 1418 ventre
1464 1396 1563 1419 exeunt
1583 1389 1639 1419 flu-

894 1427 964 1456 mina
979 1437 1054 1466 aquae
1066 1434 1189 1457 mortuae.
1208 1429 1249 1457 Ex
1263 1435 1338 1468 parte
1356 1435 1445 1458 autem
1458 1429 1540 1464 hona,
1555 1439 1638 1459 evan-

892 1466 1005 1504 gelistae,
1020 1466 1142 1496 doctores
1161 1467 1268 1507 populi,
1284 1468 1424 1506 caeterique
1444 1468 1575 1507 sapientes
1595 1479 1637 1497 se-

893 1505 1013 1534 cundum
1026 1507 1111 1534 Deum
1123 1518 1130 1534 ε
1142 1506 1176 1535 de
1186 1517 1302 1545 quorum
1315 1513 1408 1535 ventre
1419 1514 1517 1536 exeunt
1526 1507 1638 1537 flumina

893 1554 968 1582 aquae
983 1544 1063 1574 vivae.
1080 1545 1229 1574 Ecclesiam
1250 1551 1432 1584 ergo,'quam
1451 1546 1575 1575 Christus
1594 1547 1638 1576 vir

893 1583 999 1622 sapiens
1026 1594 1056 1612 su
1094 1595 1106 1612 r
1130 1591 1232 1629 petram
1254 1584 1409 1621 aedificavit,
1434 1594 1521 1623 neque
1543 1585 1638 1625 pluvia

893 1622 1028 1652 mendacis
1051 1594 1178 1652 tigctnnae
1201 1624 1360 1668 corrumpit,
1382 1634 1467 1662 neque
1486 1624 1639 1655 diabolicus

893 1668 989 1691 ventus
1018 1663 1149 1702 impellit,
1176 1674 1262 1702 neque
1288 1663 1466 1692 violentorum
1492 1664 1637 1694 fluminum

893 1701 1009 1741 impetus
1020 1709 1120 1731 movet.
1134 1703 1203 1732 Nam
1212 1703 1260 1732 etsi
1270 1703 1430 1732 humiliatur
1440 1703 1558 1733 Ecclesia
1570 1715 1637 1744 pro-

894 1747 954 1779 pter
969 1741 1149 1778 tentationem,
1162 1750 1249 1772 tamen
1264 1743 1351 1782 perire
1363 1753 1416 1771 non
1430 1749 1516 1781 potest
1530 1754 1577 1783 pro
1598 1750 1637 1773 ter

892 1779 973 1809 fidem
988 1781 1100 1811 Christi.
1117 1783 1173 1812 Nec
1190 1789 1228 1811 est
1249 1782 1424 1818 contrarium,
1440 1783 1514 1820 quod
1526 1783 1573 1822 qui
1594 1794 1638 1813 em

892 1819 927 1848 de
939 1820 1057 1849 Ecclesia
1071 1820 1183 1851 cadunt:
1197 1822 1239 1851 illi
1251 1822 1320 1851 enim
1334 1832 1480 1860 numquam
1491 1822 1636 1852 Christiani

891 1859 1010 1888 fuerunt.
1024 1860 1100 1890 Sicut
1120 1871 1173 1890 non
1186 1872 1277 1891 omnes
1299 1862 1346 1900 qui
1367 1868 1429 1890 sunt
1449 1872 1483 1891 cx
1496 1863 1590 1899 lsrael,
1606 1863 1637 1892 hi

892 1905 956 1927 sunt
967 1899 1095 1929 Israe'litae
1108 1913 1115 1929 τ
1132 1900 1171 1930 sic
1192 1911 1245 1931 non
1259 1911 1351 1930 omnes
1368 1901 1416 1940 qui
1432 1901 1580 1931 Christiani
1593 1902 1638 1931 di-

892 1945 1000 1975 cuntur,
1014 1946 1114 1969 suntet
1127 1941 1239 1970 Christi.
1253 1941 1467 1971 Christianorum
1477 1941 1547 1970 enim
1557 1952 1638 1982 opera

891 1984 954 2007 sunt
966 1979 1130 2018 aspicienda,
1146 1990 1199 2009 non
1213 1981 1331 2010 nomina.
1348 1980 1421 2010 Dicit
1440 1981 1514 2010 euim
1527 1989 1638 2021 aposto-

858 2021 874 2044 D
891 2017 934 2046 lus
946 2030 951 2046 :
966 2018 1108 2058 Cognovit
1123 2020 1266 2049 Dominus
1278 2022 1408 2060 quisunt
1420 2021 1566 2060 ipsius‚·et
1579 2022 1637 2050 dis·
1649 2042 1670 2057 2,
1686 2035 1748 2058 Tim.
1765 2041 1788 2057 2,

891 2058 974 2086 cedat
987 2059 1024 2086 ab
1047 2059 1202 2098 iniquitate
1218 2061 1311 2089 omnis
1351 2062 1383 2089 ui
1396 2063 1514 2090 invocat
1533 2071 1638 2090 nomen
1651 2072 1687 2095 19.

892 2098 1028 2126 Domini.
1043 2098 1117 2138 Ergo
1128 2100 1175 2138 qui
1189 2098 1304 2129 discedit
1319 2071 1353 2129 ab
1368 2100 1520 2138 iniquitate,
1535 2101 1582 2130 ille
1599 2107 1639 2130 est

892 2136 1008 2172 Christi,
1030 2147 1082 2166 non
1103 2139 1151 2177 qui
1171 2149 1261 2169 vacue·
1275 2140 1396 2169 nominat
1410 2149 1506 2169 nomen
1522 2140 1636 2169 Christi.

891 2176 936 2205 nli
950 2176 1022 2205 enim
1032 2177 1099 2207 tales
1111 2188 1158 2207 nec
1168 2188 1250 2219 super
1282 2186 1365 2208 etram
1380 2179 1444 2208 fidei
1457 2186 1532 2208 erant
1549 2179 1638 2208 aedifi-

892 2216 954 2251 cati,
969 2215 1038 2245 sicut
1053 2217 1164 2247 inferius
1174 2225 1248 2247 osten
1268 2229 1354 2247 emus.
1369 2219 1507 2248 Adversus
1526 2218 1637 2247 domum

893 2262 992 2290 autem,
1007 2265 1089 2294 quam
1102 2256 1280 2287 aedificaverat
1294 2258 1392 2287 stultus
1406 2257 1458 2286 sibi
1477 2267 1558 2296 super
1576 2268 1636 2285 are-

891 2305 963 2331 nam,
978 2294 1005 2324 id
1021 2302 1070 2332 est,
1091 2296 1219 2326 adversus
1238 2297 1349 2336 gentiles
1368 2304 1394 2326 et
1412 2306 1503 2325 omnes
1525 2296 1634 2334 impios,

890 2334 938 2373 qui
952 2341 1014 2363 sunt
1025 2334 1127 2365 diaboli
1140 2335 1248 2372 domus,
1262 2336 1398 2365 descendit
1412 2335 1517 2375 pluvia,
1534 2334 1563 2362 id
1582 2340 1632 2370 est,

890 2374 1009 2404 veritatis
1028 2374 1149 2405 doctrina
1173 2386 1220 2415 per
1243 2375 1413 2415 propheticas
1435 2380 1461 2402 et
1475 2373 1634 2412 apostolicas

890 2413 974 2443 nubes
991 2425 999 2442 ε
1015 2413 1151 2445 flaverunt
1163 2415 1247 2449 venti,
1262 2414 1289 2442 id
1302 2421 1351 2449 est,
1369 2413 1458 2452 gratiae
1468 2412 1633 2451 spirituales,

890 2459 937 2482 aut
950 2453 1049 2494 angeli,
1062 2453 1110 2492 qui
1120 2453 1293 2484 invisibiliter
1305 2458 1453 2492 operantes,
1464 2451 1585 2480 homines
1598 2450 1635 2479 ad

880 2547 974 2572 ctrinae.
