1890 2826
251 160 321 197 516

248 245 350 264 vocem
371 245 472 271 suam,
488 241 515 265 et
538 236 664 266 ostendit
687 236 768 266 Deus
789 238 885 277 ignem
904 245 989 265 suum

249 292 407 322 magnum,·
428 288 458 311 ut
484 281 677 312 demonstraret
698 282 771 312 hunc
784 292 840 312 esse
860 292 989 322 parvum.

948 169 1128 196 SEVEMAM

1043 236 1132 276 φωνὴν
1155 237 1249 271 αὐτοῦ,
1269 237 1314 266 καὶ
1336 236 1431 271 ἔδειξεν
1445 238 1459 266 6
1473 216 1548 271 ’Θεὸς
1569 236 1600 267 τὸ
1623 238 1676 277 πῦρ
1692 236 1770 265 αὐτοῦ
1784 233 1815 264 τὸ

1045 281 1112 322 μέγα
1123 294 1130 301 ·
1142 282 1186 312 ἵνα
1200 282 1269 323 δείξῃ
1285 285 1362 312 τοῦτο
1376 283 1481 323 μικρόν.
1495 282 1591 312 Πάντα
1605 278 1649 312 οὗν
1674 286 1727 322 πῦρ
1743 284 1816 316 ἐστι,

124 324 240 353 ¹8⁰522ffi·
249 329 347 359 Omnia
358 329 446 368 itaque
459 329 529 369 ignis
540 336 611 366 sunt,
619 336 646 359 et
659 329 762 369 fulgur,
771 336 797 360 et
807 329 901 367 stellae,
911 336 937 359 et
949 329 990 359 sol
1043 326 1089 356 καὶ
1108 328 1231 367 ἀστραπὴ
1240 351 1248 364 ,
1259 328 1305 358 καὶ
1324 330 1348 358 οἱ
1362 328 1470 369 ἀστέρες
1480 351 1489 366 ,
1504 327 1550 358 καὶ
1565 330 1580 358 ὁ
1599 328 1673 365 ἥλιος
1686 328 1731 358 καὶ
1744 330 1762 364 ἡ
1774 339 1817 357 σε-

100 358 134 378 nis
146 361 177 378 est
189 356 239 382 soii,

98 387 240 409 tunaeacsoet-
249 381 274 405 et
287 375 362 413 luna,
378 375 487 414 illisque
506 382 595 405 noster
614 375 685 416 iguis
702 376 791 406 affinis
807 383 856 406 est.
873 376 910 406 Et
929 374 991 406 vide
1043 373 1125 409 λήνη,
1137 374 1182 404 καὶ
1195 374 1226 404 τὸ
1238 376 1302 415 παρ’
1312 378 1377 414 ἡμῖν
1386 377 1440 415 πῦρ
1454 374 1576 415 συγγενές
1589 377 1656 405 ἐστι.
1669 374 1723 405 Καὶ
1734 374 1816 414 βλέπε

249 432 330 460 quam
343 422 498 451 affinitatem
506 422 621 452 habeant
634 422 757 463 ἀστραπὴ
765 430 792 452 et
803 423 925 463 ἀστέρες,
937 422 991 452 ful·
1007 421 1025 445 Β
1044 422 1101 454 πῶς
1113 422 1263 461 συγγένειαν
1281 421 1338 462 ἔχει
1351 424 1368 458 ἡ
1379 421 1501 462 ἀστραπὴ
1514 421 1580 462 πρὸς
1592 421 1653 455 τοὺς
1661 421 1774 462 ἀστέρας
1787 422 1817 450 ἐκ

101 419 136 440 lis.

102 613 187 636 Matth.
201 614 224 637 6.

101 652 140 667 22.

249 478 300 507 gur
317 475 342 497 et
364 468 461 504 stellae‚
482 468 526 498 vel
546 479 581 498 ex
602 469 661 509 ipso
682 469 805 508 nomine;
824 468 947 509 ἀστραπὴ
965 475 992 498 et

249 514 348 554 ἄστρα,
359 514 451 553 fulgur
461 521 487 543 et
494 514 588 544 stellae.
603 516 728 545 Servatur
741 522 829 545 autem
837 538 845 552 ,
858 521 889 544 ut
900 521 991 544 osten-

249 560 323 589 deret
334 560 420 600 ignem
429 567 455 590 et
461 561 555 601 fulgur
566 561 665 590 similia
676 572 742 599 esse,
750 562 788 591 ait
798 561 826 591 in
835 560 988 601 evangelio:

251 607 385 636 Lucerna
410 609 537 647 corporis
557 614 600 637 est
621 608 733 638 oculus.
752 608 783 638 Si
801 608 903 638 oculas
926 614 992 637 tuus

246 653 341 692 fuerit
360 653 495 691 lucidus,
516 660 609 683 totum
629 664 732 694 corpus
753 660 834 684 tuum
862 654 993 683 lucidum

101 701 239 725 Luc.n.36·
250 700 313 728 erit.
335 700 397 728 Haec
413 700 549 730 Servator.
570 699 674 729 Deinde
689 700 829 741 subjungit
843 712 850 729 ε
870 700 909 730 Ut
926 708 993 728 cum

100 985 177 1007 Exsul.
191 992 228 1007 20.

104 1022 138 1038 tl.

250 746 369 776 lucerna
380 746 507 788 fulgure
525 746 677 776 illuminat
701 753 742 784 te;
762 746 878 776 lucernae
900 745 994 785 fulgur

249 804 347 823 vocans
362 794 477 823 lucernae
490 794 634 834 fulgorem.

289 841 319 870 5.
343 841 442 871 Omnia
462 841 547 881 igitur
561 842 628 871 taeta
647 847 728 870 sunt:
744 840 815 880 ignis
831 841 916 869 factus
936 845 992 875 est,

248 887 337 927 abyssi
349 888 424 917 factae
437 894 516 925 sunt,
532 887 614 924 venti,
629 894 746 927 quatuor
756 887 896 922 elementa,
910 893 993 922 terra,

250 934 329 973 ignis,
345 945 423 973 aqua,
438 945 494 964 aer.
509 936 579 965 Nam
592 945 652 973 quae
665 934 790 963 omiserat
803 933 879 972 quasi
892 932 938 962 hic
950 942 994 961 re-

250 983 332 1011 sumit
352 984 462 1022 Moyses
482 981 575 1012 dicens
592 993 598 1010 :
618 981 674 1011 Sex
687 981 797 1019 ,diebus
811 979 890 1020 fecit
914 979 995 1008 Deus

250 1028 353 1057 caelum
372 1035 400 1057 et
420 1034 538 1065 terram,
560 1034 588 1057 et
609 1028 709 1056 omnia
727 1036 792 1066 quoe
812 1026 845 1054 in
862 1027 902 1055 eis
915 1031 993 1054 sunt.

250 1073 487 1111 Quemadmodum
499 1081 588 1103 autem
600 1072 722 1113 corporis
736 1082 788 1102 non
803 1071 892 1101 omnia
905 1081 994 1100 mem-

249 1120 299 1149 bra
316 1119 397 1155 dixit,
416 1120 455 1149 sic
468 1131 498 1149 ea
518 1130 577 1158 quae
587 1119 621 1148 ad
637 1119 798 1149 creationem
809 1123 929 1158 spectant
941 1126 994 1146 non

247 1166 431 1202 enumeravit,
447 1165 550 1195 etiamsi
563 1166 652 1194 omnia
665 1175 728 1194 cum
741 1163 843 1193 mundo
863 1163 916 1193 sint
929 1173 994 1192 con-

250 1211 317 1240 dita.
334 1212 363 1241 Si
377 1222 458 1251 porro
472 1222 524 1240 non
540 1218 607 1240 esset
621 1211 691 1251 ignis
705 1210 733 1239 in
746 1217 816 1239 terra
826 1232 834 1247 ,
847 1219 900 1238 non
915 1208 995 1238 hodie

146 1271 241 1301 Lignum
250 1259 339 1299 ignem
349 1270 384 1288 ex
395 1266 468 1299 petra
480 1259 633 1295 educerent,
649 1268 702 1287 non
715 1269 750 1287 ex
762 1257 855 1297 ligno;
871 1256 995 1286 collisum

100 1303 202 1325 collisum

100 1335 174 1363 ignem

100 1366 191 1387 ernntit.

103 1411 158 1432 Gen.
172 1417 190 1431 1.
201 1417 224 1432 2.

250 1305 352 1345 quippe
364 1305 470 1344 lignum
482 1305 570 1344 ignem
583 1304 688 1334 emittit.
705 1303 834 1333 Animum
847 1313 911 1342 ergo
928 1301 996 1331 dili-

251 1357 342 1390 genter
350 1350 460 1380 adhibe.
479 1352 626 1387 Tenebrae,
640 1350 738 1389 inquit,
753 1355 838 1378 erant
851 1349 998 1390 ευμεν-[ιν

251 1399 324 1427 ciem
339 1399 451 1435 abyssi.
473 1398 590 1437 Ergone,
605 1397 719 1435 inquies,
736 1397 810 1425 Deus
823 1395 944 1424 tenebras
957 1394 995 1423 fe-

250 1443 307 1473 cit?
327 1444 434 1474 Scimus
452 1443 534 1473 altam
552 1453 608 1473 esse
626 1442 801 1472 sententiam:
816 1440 864 1471 sed
883 1441 947 1480 quia
967 1440 995 1469 in

249 1496 319 1519 coetu
342 1500 411 1530 saepe
432 1500 526 1519 sumus
551 1499 661 1526 eorum,
683 1499 800 1527 quorum
820 1498 882 1528 pars
908 1486 995 1516 amico

1045 469 1091 495 τοῦ
1105 467 1232 506 ὀνόματος
1241 479 1247 486 ·
1259 468 1382 508 ἀστραπὴ
1397 467 1442 498 καὶ
1453 468 1548 508 ἄστρα.
1562 468 1616 498 Καὶ
1629 470 1644 497 ὁ
1663 467 1760 508 Σωτὴρ
1772 467 1800 497 δὲ
1809 490 1817 504 ,

1044 514 1088 542 ἵνα
1102 513 1171 554 δείξῃ
1181 537 1189 551 ,
1203 514 1285 544 ὅτιτὸ
1301 517 1354 555 πῦρ
1372 515 1417 544 καὶ
1431 518 1448 551 ἡ
1469 514 1592 555 ἀστραπὴ
1607 513 1730 554 συγγενές
1744 515 1816 550 ἐστι,

1042 560 1114 600 λέγει
1134 562 1161 590 ἐν
1171 563 1208 601 τῷ
1220 562 1366 602 εὐαγγελίῳ
1374 573 1380 581 ·
1395 562 1430 592 ‘O
1441 561 1538 602 λύχνος
1550 563 1596 591 τοῦ
1611 560 1735 600 σώματός
1745 561 1816 590 ἐστιν

1043 609 1058 636 6
1071 606 1213 647 ὀφθαλμός.
1227 607 1292 637 Ἐὰν
1315 603 1360 638 οὖν
1383 610 1397 637 6
1418 607 1552 648 ὀφθαλμός
1573 619 1619 637 σου
1639 607 1762 648 φωτεινὸς
1784 602 1817 647 ᾗ,

1042 653 1102 683 ὅλον
1115 653 1147 683 τὸ
1161 653 1240 693 σῶμά
1253 664 1299 683 σου
1322 654 1448 695 φωτεινὸν
1460 654 1545 684 ἔσται.
1562 655 1656 684 Ταῦτα
1675 656 1690 683 6
1704 653 1816 693 Σωτήρ.

1043 695 1112 730 Εἶτα
1123 700 1231 741 ἐπάγει·
1246 698 1294 734 Ὡς
1306 701 1369 730 ὅταν
1384 703 1398 730 6
1408 700 1503 741 λύχνος
1521 703 1556 740 τῇ
1576 701 1700 740 ἀστραπῇ
1714 699 1814 740 φωτίζῃ

1043 758 1073 776 σε
1082 759 1088 765 ·
1100 746 1198 787 λύχνου
1221 747 1359 787 ἀστραπὴν
1374 746 1455 776 εἰπὼν
1477 746 1526 783 τὴν
1550 745 1633 786 αὐγὴν
1646 747 1692 775 τοῦ
1706 745 1815 786 λύχνου.

1082 838 1177 868 Πάντα
1189 834 1234 868 οὗν
1248 839 1362 879 ἐγένετο·
1374 842 1427 880 πῦρ
1441 839 1554 879 ἐγένετο,
1566 838 1677 869 ἄὸυσσοι
1689 837 1817 878 ἐγένοντο,

1044 886 1150 925 ἄνεμοι,
1164 885 1198 915 τὰ
1217 885 1335 926 τέσσαρα
1356 890 1492 926 στοιχεῖα,
1509 888 1559 926 γῆ,
1574 888 1637 923 πῦρ,
1657 885 1737 926 ὕδωρ,
1751 884 1815 924 ἀήρ.

1010 935 1029 958 C
1045 932 1098 962 Καὶ
1111 932 1162 973 γὰρ
1185 932 1252 972 ἅπερ
1274 932 1431 972 παρέλειψεν
1447 934 1502 964 ’ὡς
1521 934 1547 961 ἐν
1567 931 1708 973 παραδόξῳ
1723 933 1817 962 ἀνακε-

1044 980 1202 1019 φαλαιοῦται
1216 980 1335 1014 Μωῦοῆς
1347 978 1431 1018 λέγων
1440 990 1447 997 ·
1465 978 1513 1008 Ἐν
1527 978 1554 1013 ἓξ
1567 978 1680 1019 ἡμέραις
1693 978 1817 1014 ἐποίησεν

1045 1028 1059 1055 6
1079 1025 1147 1058 Θεὸς
1168 1024 1212 1054 τὸν
1227 1024 1336 1064 οὐρανὸν
1355 1024 1400 1054 καὶ
1418 1024 1468 1061 τὴν
1480 1027 1540 1064 γ’ἠν,
1560 1024 1606 1054 καὶ
1626 1024 1713 1054 πάντα
1725 1024 1760 1054 τὰ
1783 1026 1810 1054 ἐν

1045 1073 1141 1104 αὐτοῖς.
1153 1070 1261 1111 ”Ὠσπερ
1276 1070 1303 1100 δὲ
1320 1070 1365 1100 ἐπὶ
1378 1073 1424 1100 τοῦ
1444 1071 1568 1110 σώματος
1585 1072 1634 1101 οὔκ
1653 1067 1712 1101 εἷπε
1729 1071 1818 1101 πάντα

1045 1117 1079 1147 τὰ
1093 1117 1178 1157 μέλη,
1194 1117 1276 1151 οὕτως
1295 1117 1355 1147 οὐδὲ
1369 1117 1414 1146 ἐπὶ
1430 1119 1479 1153 τῆς
1493 1117 1664 1158 δημιουργίας
1674 1117 1817 1158 ἐξηριθμή-

1045 1175 1111 1194 σατο
1119 1187 1126 1200 ,
1139 1165 1162 1192 εἰ
1175 1163 1221 1193 καὶ
1235 1163 1322 1194 πάντα
1344 1163 1592 1203 συγκατεσκευάσθη
1605 1166 1645 1204 τῷ
1658 1163 1761 1204 κόσμῳ.
1783 1165 1817 1194 Εἰ

1045 1210 1073 1239 δὲ
1087 1209 1123 1249 μὴ
1135 1206 1166 1246 ἦν
1186 1211 1214 1239 ἐν
1234 1212 1267 1250 τῇ
1287 1212 1322 1250 γῇ
1345 1212 1408 1250 πῦρ,
1422 1211 1470 1239 οὔκ
1480 1209 1512 1238 ἂν
1524 1209 1639 1250 σήμερον
1653 1210 1707 1240 ἀπὸ
1719 1210 1819 1250 πέτρας

1045 1258 1098 1295 πῦρ
1117 1255 1250 1293 ἐξέὸαλον,
1264 1255 1282 1291 ἢ
1297 1255 1349 1285 ἀπὸ
1364 1255 1440 1289 ξύλου
1452 1267 1459 1274 ·
1471 1255 1700 1296 παρατριὸόμενον
1718 1255 1771 1296 γὰρ
1784 1256 1815 1286 τὸ

1047 1302 1122 1336 ξύλον
1143 1305 1196 1342 πῦρ
1213 1307 1300 1342 γεννᾷ.
1314 1302 1438 1342 Πρόσεχε
1451 1297 1495 1331 οὖν
1514 1301 1640 1340 ἀκριὸὥς.
1654 1302 1754 1336 Eadm<
1773 1299 1816 1340 ἦν,

1046 1348 1135 1389 φησὶν,
1150 1348 1239 1377 ἐπάνω
1251 1349 1299 1383 τῆς
1312 1347 1438 1378 ἀὸύσσου.
1451 1342 1519 1387 ’Ἆρα
1542 1344 1587 1377 οὖν
1603 1348 1710 1386 σκότος,
1725 1348 1816 1388 φησὶν,

1046 1398 1060 1425 6
1073 1395 1141 1428 Θεὸς
1163 1393 1432 1433 ἐποίησεν;οἴδαμεν
1450 1390 1494 1424 οὖν
1518 1394 1559 1424 ὅτι
1579 1394 1644 1435 βαθὺ
1666 1395 1697 1424 τὸ
1715 1395 1816 1434 νόημα·

1046 1442 1104 1471 ἀλλ’
1121 1440 1213 1476 ἐπειδὴ
1228 1439 1326 1480 μεταξύ
1340 1441 1420 1479 ἐσμεν
1434 1440 1562 1474 πολλάκις
1575 1440 1620 1470 καὶ
1642 1442 1694 1470 τῶν
1714 1443 1818 1480 ἀγαπη-

1046 1489 1098 1520 τῶς
1110 1486 1268 1522 ἀκουόντων,
1278 1486 1323 1515 καὶ
1336 1488 1390 1516 τῶν
1409 1485 1637 1525 ἐπιλαμβάνεσθαι
1659 1486 1815 1526 φιλούντων,

249 1535 367 1565 audiunt
378 1535 479 1572 animo,
492 1545 555 1575 pars
566 1545 631 1565 vero
645 1533 842 1574 reprehendere
854 1538 976 1572 satagunt
983 1544 992 1571 ς
1010 1535 1030 1559 1)
1045 1533 1146 1572 ἀνάγκη
1159 1531 1196 1571 μὴ
1204 1531 1377 1572 παραλείπειν
1387 1532 1558 1567 ἀνεξέταστον
1571 1532 1616 1562 τὸν
1622 1533 1710 1573 λόγον,
1720 1533 1764 1563 ἴνα
1776 1533 1813 1573 μὴ

250 1592 358 1611 necesse
371 1588 410 1611 est
423 1581 536 1611 verbum
549 1591 602 1610 non
615 1580 672 1609 sine
685 1579 808 1609 examine
822 1578 975 1617 relinquere
985 1600 993 1616 ,

249 1638 283 1657 ne
297 1634 358 1667 post
370 1637 466 1667 magna
481 1627 611 1667 promissa
620 1649 628 1663 ,
642 1626 740 1665 exigua
754 1631 919 1666 praestemus.
935 1625 996 1654 Un-

249 1674 346 1703 denam
365 1683 430 1713 ergo
451 1672 585 1702 tenebrae?
597 1673 667 1702 Nam
687 1673 773 1708 Deus,
795 1670 931 1710 inquiunt,
947 1669 995 1700 has

249 1730 302 1749 non
315 1720 377 1749 fecit
391 1732 397 1749 :
409 1719 487 1749 Deus
504 1719 576 1748 enim
585 1741 593 1756 ,
610 1718 686 1747 aiunt
696 1740 703 1754 ,
725 1727 811 1756 neque
822 1717 994 1746 tenebrarum

249 1776 334 1805 neque
346 1765 469 1805 caliginis
482 1765 574 1805 opifex
592 1771 642 1793 est.
655 1763 731 1801 Quid
744 1763 828 1803 igitur
843 1769 906 1792 sunt
922 1769 995 1792 tene-

249 1811 328 1842 brae?
348 1811 432 1842 Multi
447 1811 577 1840 dixerunt
594 1820 650 1839 esse
669 1809 728 1838 caeli
750 1809 886 1838 umbram.
907 1809 992 1846 Nam,

251 1858 336 1894 aiunt,
349 1869 412 1887 cum
419 1857 515 1887 caelum
528 1856 651 1896 superius
663 1855 801 1885 conditum
814 1862 864 1892 est,
878 1866 942 1884 cum
953 1866 995 1885 su-

1046 1579 1149 1618 μεγάλη
1165 1578 1212 1616 μὲν
1226 1578 1371 1618 ἐπαγγελία
1387 1574 1421 1618 ᾗ,
1435 1578 1528 1619 μικρὸν
1538 1578 1566 1609 δὲ
1588 1579 1619 1609 τὸ
1637 1578 1817 1619 ἀποτέλεσμα.

1045 1625 1130 1654 Πόθεν
1153 1619 1197 1654 οὖν
1213 1624 1244 1654 τὸ
1260 1624 1365 1660 σκότος;
1378 1624 1412 1654 Ὁ
1425 1624 1477 1664 γὰρ
1496 1624 1565 1658 Θεὸς
1579 1624 1656 1660 αὐτὸ,
1667 1625 1757 1666 φησὶν,
1769 1627 1818 1656 οὐκ

1045 1671 1166 1707 ἐποίησε·
1180 1670 1249 1704 Θεὸς
1271 1670 1334 1710 γὰρ,
1359 1671 1447 1711 φησὶν,
1461 1670 1521 1700 οὔτε
1538 1671 1656 1707 σκότους,
1676 1671 1735 1701 οὔτε
1757 1671 1818 1711 γνό-

1045 1730 1107 1759 φους
1126 1717 1197 1748 ἐστὶν
1212 1717 1335 1758 ἐργάτης.
1350 1717 1386 1747 Τί
1395 1729 1460 1747 ποτε
1470 1713 1514 1747 οὖν
1528 1718 1585 1747 ἐστι
1597 1717 1703 1754 σκότος;
1716 1718 1818 1748 Πολλοὶ

1044 1765 1178 1802 ἠθέλησαν
1192 1765 1286 1800 εἰπεῖν,
1296 1762 1470 1803 ἀποσκίασμα
1483 1759 1550 1794 εἶναι
1565 1766 1611 1794 τοῦ
1634 1765 1756 1804 οὐρανοῦ.
1770 1763 1818 1798 Ὡς
1837 1776 1839 1778 ·

1043 1811 1095 1851 γὰρ
1108 1810 1227 1851 ἐγένετο,
1240 1810 1329 1850 φησὶν,
1345 1812 1360 1840 ὁ
1371 1810 1479 1850 οὐρανὸς
1489 1812 1504 1839 6
1517 1810 1585 1847 ἄνω,
1599 1809 1646 1840 καὶ
1663 1810 1770 1851 ἐλείφθη
1783 1809 1818 1839 τὰ

1045 1857 1120 1896 φῶτα
1143 1855 1177 1884 τὰ
1197 1855 1265 1891 ἄνω,
1285 1855 1423 1895 ἐγυμνώθη
1437 1858 1454 1892 ἡ
1471 1857 1506 1895 γῆ
1526 1855 1571 1885 καὶ
1593 1855 1697 1896 ἐγένετο
1716 1856 1818 1890 σκότος.

251 1915 334 1944 perna
345 1904 448 1933 lumina
461 1902 582 1933 nondum
593 1909 689 1939 essent,
700 1901 799 1931 nudata
812 1909 867 1931 erat
877 1908 957 1937 terra,
969 1908 996 1932 et
1010 1907 1029 1931 E
1045 1902 1115 1932 Ἀλλ’
1129 1903 1144 1931 6
1163 1903 1192 1931 οὗ
1211 1902 1271 1935 ανὸς
1290 1902 1345 1931 ἅνω
1365 1902 1489 1942 φαπεινός
1514 1903 1595 1938 ἐστιν,
1618 1903 1647 1932 οὔ
1667 1902 1813 1938 σκοτεινὸς,

251 1952 325 1980 sactae
336 1957 399 1980 sunt
409 1950 535 1979 tenebrae.
551 1950 587 1978 At
599 1948 695 1977 caelum
712 1958 859 1988 supernum
873 1947 995 1977 lucidum

251 2004 301 2034 est,
312 2007 365 2026 non
373 1996 542 2025 tenebrosum
551 2007 558 2031 ;
571 2001 650 2034 atque
661 1995 765 2023 etiamsi
774 2005 827 2023 non
837 1994 947 2023 haberet
953 2005 996 2024 so-

252 2043 316 2080 lem,
332 2043 424 2071 lunam
433 2048 459 2071 et
470 2041 571 2078 stellas,
580 2043 666 2081 ipsam
679 2048 801 2069 naturam
815 2051 863 2080 per
872 2051 900 2069 se
911 2041 997 2080 splen-

251 2090 359 2119 dentem
371 2089 491 2118 haberet.
507 2087 535 2118 Si
548 2097 611 2126 ergo
621 2087 716 2116 caelum
735 2087 899 2124 imminebat,
914 2093 997 2116 terra-

252 2147 305 2175 que
316 2146 433 2176 expansa
439 2141 505 2171 erat,
516 2133 640 2172 illudque
649 2143 762 2173 superne
773 2134 889 2169 lucebat,
900 2140 926 2163 et
940 2134 996 2163 haec

252 2183 340 2216 lucem
347 2181 509 2221 excipiebat,
517 2180 651 2209 undenam
661 2179 773 2208 tenebrae
779 2179 793 2208 Ξ)
803 2180 874 2209 Mihi
881 2187 951 2209 certe
958 2180 998 2210 vi-

252 2228 343 2265 detur,
352 2226 476 2266 quoniam
489 2236 558 2265 aqua
565 2232 641 2254 terrae
648 2224 818 2264 superficiem
826 2226 939 2265 tegebat,
953 2236 998 2255 ne-

286 2340 297 2352 n
313 2330 342 2361 ὸς
353 2335 376 2357 ἐν
387 2332 506 2366 παραδόξῳ
514 2350 520 2362 ,
534 2329 569 2354 εἷο
580 2326 718 2354 Vaticanus
732 2337 737 2352 :
751 2328 787 2352 sic
798 2328 875 2352 etiam
887 2327 947 2361 legit
964 2328 1011 2354 Sa-

254 2371 339 2403 vilius,
351 2369 393 2403 qui
409 2369 459 2394 alio
470 2375 554 2394 tamen
567 2367 701 2400 exemplari
713 2376 769 2392 usus
783 2373 831 2393 est.
844 2366 895 2392 Sed
906 2368 932 2392 in
944 2377 1011 2392 mar-

253 2412 310 2444 gine
321 2408 420 2435 notavit
434 2416 465 2433 ex
480 2408 624 2441 conjectura
637 2411 687 2436 ἴσως
702 2410 724 2432 ἐν
737 2409 828 2441 παρόδῳ
837 2425 843 2436 ,
863 2415 918 2439 quae
936 2406 1010 2432 lectio

255 2449 341 2475 melius
356 2448 480 2483 quadrare
497 2446 604 2472 videtur.
625 2446 743 2470 Attamen
763 2444 829 2470 iilam
849 2449 871 2471 tu
890 2447 1010 2479 παραδόξῳ

254 2489 387 2514 lectionem
404 2486 480 2512 habet
491 2486 609 2516 Cosmus,
622 2494 677 2518 qum
690 2484 748 2509 hinc
764 2485 892 2509 asseritur.
905 2484 938 2508 Et
952 2492 1010 2509 sane

253 2528 377 2561 quadrare
391 2533 484 2560 potest.
494 2523 658 2551 combefisius
669 2532 728 2550 vero
740 2522 808 2549 illam
819 2532 850 2549 ex
866 2524 1008 2557 conjectura

254 2567 341 2592 datam
353 2566 485 2592 lectionem
504 2566 530 2591 in
543 2570 638 2590 textum
655 2564 763 2595 invexit,
774 2562 821 2588 alia
830 2584 837 2595 ,
851 2571 906 2596 quae
918 2562 969 2587 sola
982 2564 1007 2588 in

1045 1946 1093 1977 κᾶν
1118 1945 1155 1986 μὴ
1177 1957 1190 1975 ε
1201 1958 1233 1986 χε
1256 1945 1300 1975 τὸν
1317 1945 1404 1983 ἥλιον,
1426 1944 1443 1981 ἢ
1466 1944 1515 1981 τὴν
1538 1945 1660 1982 σελήνην,
1678 1945 1695 1981 ἢ
1721 1945 1816 1985 ἄστρα,

1045 1992 1127 2029 αὐτὴν
1149 1987 1204 2032 εἶχε
1226 1991 1275 2028 τὴν
1298 1991 1375 2032 φύσιν
1388 1991 1554 2031 λάμπουσαν.
1570 1987 1688 2021 Εἰοῦνὸ
1710 1990 1818 2031 οὐρανὸς

1046 2038 1182 2074 ἐπέκειτο,
1196 2040 1214 2074 ἡ
1230 2037 1257 2067 δὲ
1280 2039 1315 2077 γῆ
1340 2037 1469 2075 ἥπλωτο,
1489 2039 1503 2067 ὁ
1523 2037 1636 2076 λάμπων
1661 2037 1769 2073 ἄνωθεν,
1787 2037 1818 2066 τὸ

1046 2084 1221 2126 φωτιζόμενον
1232 2084 1358 2121 κάτωθεν,
1369 2083 1448 2113 πόθεν
1461 2083 1492 2113 τὸ
1503 2083 1595 2117 σκότος
1602 2096 1610 2120 3
1617 2083 1696 2123 Ἐμοὶ
1709 2078 1753 2112 οῦν
1773 2083 1819 2112 δο-

1045 2135 1101 2166 κεῖ,
1115 2130 1205 2167 ἐπειδὴ
1226 2129 1372 2164 ἐπεπόλαζε
1384 2129 1416 2159 τὸ
1429 2129 1499 2169 ὕδωρ
1512 2131 1546 2169 τῇ
1561 2131 1596 2169 γῇ
1603 2153 1612 2166 ‚
1625 2128 1709 2169 ἀχλὺς
1722 2129 1750 2158 δὲ
1771 2129 1816 2159 καὶ

1045 2177 1139 2218 γνόφος
1157 2177 1219 2218 περὶ
1232 2176 1266 2206 τὰ
1280 2175 1364 2206 ὕδατα
1378 2175 1557 2213 συνειστήκει,
1572 2175 1587 2204 ἃ
1599 2175 1645 2205 καὶ
1657 2174 1759 2215 γίνεται
1771 2178 1816 2204 νῦν

1047 2224 1090 2255 ἐπὶ
1103 2229 1157 2258 τοῖς
1171 2227 1314 2263 ποταμοῖς,
1324 2225 1342 2259 ἠ
1354 2222 1436 2263 ἀχλὺς
1449 2222 1543 2263 γνόφον
1558 2221 1694 2262 ἐγείρουσα
1708 2221 1817 2259 ἐποίησε

1058 2329 1117 2354 Mss.
1126 2327 1223 2362 legitur,
1233 2328 1325 2361 rejecta
1332 2347 1339 2359 ‚
1349 2326 1419 2353 nulio
1431 2327 1493 2353 dato
1504 2326 1544 2353 vel
1553 2327 1631 2360 signo,
1641 2325 1680 2351 vel
1691 2331 1750 2351 nota
1763 2334 1819 2350 mu-

1059 2368 1172 2394 tationis.
1184 2368 1256 2393 Licet
1265 2373 1349 2392 autem
1359 2371 1382 2393 h
1393 2369 1485 2402 παρόδῳ
1497 2365 1538 2391 hic
1548 2365 1622 2399 longe
1631 2364 1718 2390 melius
1726 2364 1819 2390 habere

1059 2406 1183 2439 videatur,
1194 2408 1218 2432 e't
1230 2406 1368 2432 secundum
1380 2406 1448 2431 inam
1463 2405 1597 2430 lectionem
1612 2413 1658 2430 nos
1676 2405 1766 2429 Latine
1777 2405 1818 2430 in-

1061 2451 1239 2479 terpretemur,
1259 2445 1386 2471 noluimus
1404 2451 1488 2471 tamen
1511 2449 1607 2469 textum
1626 2450 1732 2468 mutare.
1752 2444 1818 2468 Cum

1060 2486 1170 2519 alioquin
1182 2487 1330 2513 Severianus
1341 2494 1393 2512 non
1403 2494 1461 2511 raro
1471 2484 1584 2511 insolitas
1594 2482 1728 2511 verborum
1739 2485 1818 2510 ratio-

1058 2533 1101 2550 nes
1113 2530 1230 2550 sectetur.
