1890 2826
230 163 294 206 ¹4⁰

223 232 355 271 bant,sed
368 233 463 263 animae
471 232 599 263 virtutem
611 239 637 262 et
649 228 967 273 pulchritudinemque

223 286 310 309 rentes
317 279 550 323 circumibantJta
559 289 622 309 sane
630 279 697 308 alias
705 278 841 322 desertum
850 279 967 309 habebat

222 328 365 364 Joannem,
378 326 472 357 civitas
483 326 616 356 Herodem
630 338 637 355 ε
651 336 736 365 eoque
759 325 895 356 desertum
914 336 965 356 no-

222 373 307 403 bilius
328 380 387 402 erat
408 373 526 403 civitate.
550 374 608 416 Cur
631 372 667 402 ita
690 372 818 403 tandem?
831 373 967 411 Quoniam

223 430 277 449 non
301 419 329 448 in
354 418 496 449 structuris
515 419 568 448 sita
588 426 627 448 est
640 419 792 459 prophetia.
806 420 870 450 Haee
893 420 965 458 dico,

222 466 364 506 nequando
386 465 522 496 civitatem
546 465 737 506 praedicemus,
761 476 821 506 quae
844 466 967 496 moribus

221 512 354 542 dissoluta
374 519 424 542 est.
447 511 523 549 Quid
549 511 618 541 mihi
642 521 735 542 narras
756 511 878 549 aedificia,
899 513 966 552 quid

222 558 382 589 columnas?
395 559 460 588 Haec
471 568 524 587 una
534 568 596 587 eum
605 558 729 598 praesenti
739 557 794 589 vita
806 558 966 588 diruuntur.

222 605 372 635 Ecclesiam
385 603 535 644 ingredere,
550 611 580 633 ut
593 603 709 633 civitatis
724 601 824 634 'videas
839 604 966 634 nobilita-

222 658 285 680 tem.
305 649 462 690 Ingredere,
480 650 602 688 inquam,
618 648 682 678 vide
703 660 834 690 pauperes
847 661 861 679 a
875 650 966 680 medio

221 697 306 727 noctis
325 707 410 736 usque
424 696 460 726 ad
472 696 568 732 ,lucem
588 703 796 736 perseverantes,
810 697 874 727 vide
891 707 965 727 sacra

221 744 366 785 pervigilia
382 743 455 773 diem
475 754 537 772 cum
549 749 626 772 nocte
646 742 800 783 copulantia
816 754 822 771 :
835 743 898 774 vide
920 754 965 773 eos
981 748 1000 774 C

221 801 309 829 neque
319 789 437 819 interdiu
447 799 533 828 neque
544 796 626 819 noctu
639 789 683 820 vel
696 790 782 819 somni
794 789 965 830 tyrannidem

220 847 252 866 ac
269 835 423 867 violentiam
444 842 601 874 metuentes,
616 835 662 866 vel
674 835 771 875 inopiae
785 837 966 866 necessitatem

220 880 404 911 formidantes.
418 882 518 920 Magna
529 892 622 911 revera
636 883 742 922 civitas,
756 893 787 913 ac
797 883 880 913 totius
893 884 966 914 orbis

221 924 386 968 metropolis.
400 928 473 964 Quot
492 927 622 968 episcopi,
635 937 700 969 quot
721 930 844 960 doctores
856 929 911 960 huc
921 941 966 960 ve-

221 981 328 1009 nerunt,
344 980 370 1003 et
393 984 410 1003 a
433 973 535 1013 populo
555 973 629 1003 docti
649 975 803 1012 discedunt,
825 986 857 1005 ac
878 975 965 1015 legem

220 1019 297 1049 illam
311 1019 418 1048 insitam
430 1019 458 1048 in
472 1029 500 1048 se
509 1019 703 1060 transplantare
717 1020 834 1050 curant?
848 1020 928 1057 Quod
943 1020 967 1050 si

221 1066 290 1096 mihi
307 1076 398 1095 narres
418 1065 562 1106 dignitates
582 1072 608 1095 et
627 1077 710 1107 opum
732 1066 936 1104 abundantiam,
951 1077 967 1096 a

219 1112 303 1149 foliis,
311 1122 364 1141 non
373 1122 389 1141 a
402 1111 535 1141 fructibus
548 1112 672 1142 arborem
683 1112 789 1142 laudas.
800 1113 864 1142 Haec
877 1119 967 1142 autem

220 1159 318 1197 loquor
331 1168 384 1188 non
408 1164 543 1187 assentans
565 1159 669 1188 caritati
687 1166 793 1196 vestrae,
809 1158 857 1188 sed
875 1159 967 1189 virtu-

221 1213 275 1234 tem
295 1211 410 1234 vestram
428 1203 587 1243 praedicans.
604 1205 701 1234 Beatus
721 1215 769 1245 ego
782 1211 893 1245 propter
906 1215 964 1242 vos,
983 1210 1002 1233 Ι)

70 1257 148 1279 escle.
173 1251 293 1281 25.beati
305 1261 353 1281 vos
367 1257 477 1290 propter
487 1259 537 1280 vos
548 1249 636 1290 ipsos:
648 1252 758 1280 Beatus
773 1253 824 1291 qui
837 1251 969 1290 loquitur

73 1294 111 1311 ¹2.

222 1300 264 1328 ad
273 1309 358 1329 aures
371 1299 553 1327 audientium
565 1298 620 1328 :sic
631 1309 680 1339 ego
690 1299 784 1328 beatus
797 1300 882 1329 factus
896 1310 966 1329 sum.

72 1355 211 1379 Maarh.5.6.
224 1347 310 1375 Beati
329 1346 380 1385 qui
400 1346 534 1373 esuriunt
557 1347 695 1374 etsitiunt
704 1347 863 1385 justitiam.
878 1345 967 1376 Vides

222 1390 357 1430 quomodo
372 1401 424 1421 vos
434 1390 506 1419 beati
527 1398 637 1432 propter
651 1402 702 1421 vos
720 1393 791 1432 ipsos
805 1392 869 1422 estis
883 1392 967 1422 facti?

222 1438 320 1468 Beatus
329 1444 370 1467 est
385 1437 427 1468 vir
437 1447 529 1467 amans
540 1448 693 1467 sermonum
704 1438 899 1479 spiritualium.
909 1440 968 1469 Hoc

223 1494 271 1514 vos
292 1483 435 1523 distinguit
448 1494 464 1512 a
474 1483 572 1514 brutis.
596 1485 657 1514 Non
681 1485 754 1514 enim
780 1495 827 1514 nos
849 1485 885 1514 ab
913 1485 968 1515 illis

222 1536 329 1570 separat
342 1529 462 1570 corporis
475 1530 556 1566 ratio,
571 1540 658 1569 neque
671 1530 745 1570 quod
758 1530 857 1560 alimur
868 1538 915 1560 aut
927 1531 970 1560 bi-

222 1576 324 1613 bimus,
339 1586 425 1614 neque
442 1575 516 1615 quod
533 1576 669 1616 pascimur
689 1583 735 1606 aut
752 1577 873 1607 vivimus
891 1590 897 1606 :
912 1578 969 1608 hfec

222 1622 295 1651 enim
313 1622 401 1652 omnia
423 1622 501 1652 nobis
525 1633 587 1652 cum
613 1623 702 1653 brutis
725 1631 788 1654 sunt
804 1625 965 1655 communia.

223 1668 277 1699 Sed
285 1679 337 1708 qua
350 1680 379 1698 re
387 1669 565 1709 distinguitur
578 1681 593 1699 a
606 1670 694 1700 brutis
705 1670 787 1700 homo
795 1671 809 1700 ἰ’
823 1672 966 1702 Sermone:
983 1669 1002 1693 Ε

223 1722 249 1744 et
263 1715 298 1745 ob
313 1714 342 1744 id
358 1715 458 1744 animal
476 1715 577 1746 dicitur
596 1716 702 1756 λογικόν
717 1729 724 1746 =
740 1716 791 1746 hoc
808 1724 857 1753 est,
869 1728 969 1748 sermo-

565 171 594 194 S.
622 172 764 195 JOANMS
793 171 976 195 cuRYSOS'r.
1004 172 1158 195 ARCfflEP.
1185 173 1458 197 CONSTANTINOP.

1019 245 1101 269 ποτε;
1111 233 1178 263 Ὅτι
1189 236 1236 264 οὐκ
1245 235 1272 264 ἐν
1281 239 1335 269 τοῖς
1349 235 1493 274 κτίσμασιν
1504 236 1521 271 ἡ
1534 235 1690 275 προφητεία.
1696 236 1790 266 Ταῦτα

1020 279 1048 309 δὲ
1072 279 1156 320 λέγω,
1177 280 1220 310 ἵνα
1240 280 1382 320 μηδέποτε
1405 282 1482 310 πόλιν
1504 281 1714 321 ἐγκωμιάσωμεν
1737 281 1790 311 ἀπὸ

1019 326 1183 366 πραγμάτων
1203 326 1411 366 καταλυομένην.
1425 327 1462 357 Τί
1481 338 1526 365 μοι
1540 320 1791 366 λέγειςόῖκοδομή-

1019 383 1092 410 ματα
1099 372 1145 402 καὶ
1158 372 1262 410 κίονας,
1275 374 1370 402 Ταῦτα
1381 375 1420 413 τῷ
1433 373 1546 413 παρόντι
1559 376 1570 390 ”
1579 373 1791 412 συγκαταλύεται

1020 418 1081 458 βίῳ.
1099 418 1208 449 Εἴσελθε
1232 421 1269 452 εἷς
1293 419 1446 456 ἐκκλησίαν,
1466 419 1511 449 καὶ
1533 419 1615 459 βλέπε
1628 421 1676 455 τῆς
1689 419 1791 453 πόλεως

1019 463 1067 500 τὴν
1089 464 1232 504 εὖγένειαν.
1254 465 1366 495 Εἴσελθε
1377 487 1386 502 ,
1413 464 1452 495 ἰδὲ
1482 465 1597 501 πένητας
1622 465 1653 500 ἐκ
1679 476 1790 503 μεσονυ-

1019 510 1099 539 κτίων
1112 510 1191 551 μέχρι
1215 514 1262 548 τῆς
1275 512 1377 552 ἡμέρας
1389 512 1605 553 παραμένοντας,
1627 511 1708 551 βλέπε
1721 523 1790 541 παν-

1018 556 1126 596 νυχίδας
1148 557 1220 597 ἱερὰς
1241 557 1329 598 ἡμέρᾳ
1348 558 1394 588 καὶ
1415 558 1490 588 νυκτὶ
1515 557 1704 598 συναφθείσας,
1730 556 1791 586 οὔτε

1019 604 1045 631 ἐν
1060 602 1147 643 ἡμέρᾳ
1157 624 1165 639 ,
1181 603 1240 633 οὔτε
1264 605 1292 633 ἐν
1314 603 1388 634 νυκτὶ
1409 604 1458 640 τὴν
1471 604 1611 645 τυραννίδα
1628 606 1674 634 τοῦ
1688 603 1769 633 ὕπνου
1781 625 1790 639 ,

1018 648 1078 678 οὔτε
1102 649 1150 685 τὴν
1167 649 1283 689 ἀνάγκην
1305 652 1352 686 τῆς
1366 650 1457 684 πενίας
1472 650 1655 691 φοὸουμένους.
1675 650 1789 689 Μεγάλη

1017 694 1102 732 πόλις,
1114 695 1159 724 καὶ
1175 696 1337 736 μητρόπολις
1348 698 1396 732 τῆς
1407 696 1570 735 οἰκουμένης.
1583 696 1669 726 Πόσοι
1680 695 1790 725 ἐπίσκο-

1016 753 1078 778 ποι,
1093 741 1171 771 πόσοι
1185 742 1337 772 διδάσκαλοι
1348 738 1427 779 ἦλθον
1442 743 1566 778 ἐνταῦθα,
1578 742 1623 771 καὶ
1635 741 1790 771 παιδευθέν·

1017 799 1059 821 τες
1073 787 1146 828 παρὰ
1171 791 1221 818 τοῦ
1237 790 1301 818 λαοῦ
1325 791 1506 829 ἀναχωροῦσι,
1521 788 1566 818 καὶ
1587 788 1632 818 τὸν
1651 787 1731 827 νόμον
1744 787 1790 818 τὸν

1016 834 1130 874 ἔμφυτον
1142 834 1280 864 ιιἐντεῦθεν
1305 837 1501 875 μεταφυτεῦσαι
1523 833 1771 875 παρασηυάζονται
1780 846 1789 871 ;

1017 880 1083 911 Ἐὰν
1101 881 1181 920 λέγῃς
1206 893 1250 921 μοι
1272 881 1428 920 ἀξιώματα,
1443 881 1489 911 καὶ
1508 880 1656 921 χρημάτων
1678 891 1790 919 περιου-

1018 927 1088 962 σίαν,
1101 927 1154 957 ἀπὸ
1166 929 1219 956 τῶν
1233 927 1338 967 φύλλων
1357 927 1389 957 τὸ
1409 927 1512 968 δένδρον
1527 929 1644 960 ἐπαινεῖς
1653 948 1661 963 ,
1676 925 1722 957 καὶ
1741 927 1789 955 οὐκ

1018 973 1071 1002 ἀπὸ
1082 975 1128 1002 τοῦ
1142 976 1253 1014 καρποῦ.
1267 975 1362 1003 Ταῦτα
1375 973 1403 1003 δὲ
1416 973 1487 1014 λέγω
1500 974 1528 1004 οὔ
1547 972 1698 1003 κολακεύων
1714 973 1788 1011 ὓμῶν

1017 1017 1067 1054 τὴν
1081 1018 1199 1058 ἀγάπην,
1225 1019 1295 1048 ἀλλὰ
1317 1018 1365 1055 τὴν
1388 1018 1485 1059 ἀρετὴν
1502 1021 1577 1058 ὖμῶν
1591 1017 1789 1058 ἀνακηρύττων.

1019 1064 1158 1104 Μακάριος
1169 1064 1222 1104 ἐγὼ
1238 1065 1271 1094 δι’
1286 1066 1371 1103 ὑμᾶς,
1405 1064 1508 1105 ακάριοι
1526 1066 1602 1103 ὑμεῖς
1615 1064 1648 1094 δι’
1664 1063 1771 1097 ἑαυτούς
1781 1075 1788 1082 ·

1018 1109 1157 1150 Μακάριος
1178 1112 1192 1140 ὁ
1213 1109 1297 1150 λέγων
1320 1112 1356 1143 εἷς
1369 1121 1426 1139 ωτα
1451 1109 1598 1140 ἀκουόντων
1609 1121 1616 1128 ·
1635 1108 1717 1143 οὕτως
1735 1108 1789 1148 ἐγὼ

1020 1156 1148 1196 μακάριος
1162 1156 1299 1196 ἐγενόμην.
1319 1155 1455 1197 Μακάριοι
1473 1156 1497 1185 οῖ
1519 1156 1660 1188 πεινῶντες
1680 1154 1726 1185 καὶ
1748 1155 1790 1184 δι-

1019 1204 1121 1242 ψῶντες
1136 1202 1183 1239 τὴν
1194 1202 1369 1238 δικαιοσύνην.
1387 1197 1464 1236 Εἶδες
1477 1203 1533 1236 πῶς
1546 1203 1623 1241 ὑμεῖς
1633 1202 1668 1231 δι’
1682 1200 1790 1235 ἑαυτοὺς

1020 1249 1145 1288 μακάριοι
1154 1252 1165 1265 ⁶
1173 1249 1306 1288 ἐγένεσθε;
1318 1249 1457 1288 Μακάριος
1467 1248 1533 1289 ἀνὴρ
1541 1249 1626 1288 λόγων
1635 1249 1702 1288 ἐρῶν
1711 1260 1790 1278 πνευ-

1019 1297 1147 1333 ματικῶν.
1161 1296 1186 1324 Τ
1187 1298 1248 1324 οῧτο
1261 1295 1392 1330 διίστησιν
1404 1297 1475 1333 ἡμᾶς
1487 1296 1539 1324 τῶν
1555 1293 1668 1333 ἀλόγων.
1683 1295 1724 1324 oo
1737 1293 1789 1334 γὰρ

1018 1341 1050 1377 δὴ
1064 1343 1081 1376 ἡ
1097 1344 1142 1370 τοῦ
1157 1340 1280 1380 σώματος
1294 1340 1435 1380 ἀναλογία,
1449 1339 1508 1377 οὐδὲ
1517 1339 1549 1370 τὸ
1567 1339 1718 1380 τρέφεσθαι,
1729 1339 1789 1369 οὐδὲ

1018 1388 1048 1417 τὸ
1062 1387 1156 1422 πίνειν,
1171 1386 1230 1416 οὐδὲ
1243 1386 1274 1416 τὸ
1287 1386 1413 1425 νέμεσθαι
1422 1409 1430 1422 ,
1443 1386 1503 1416 οὗδὲ
1515 1385 1547 1415 τὸ
1559 1387 1608 1425 ζῇν
1621 1397 1627 1404 ·
1641 1388 1726 1415 ταῦτα
1736 1385 1789 1425 γὰρ

1018 1436 1082 1473 ἡμῖν
1096 1434 1201 1463 ἅπαντα
1215 1432 1290 1462 κοινὰ
1303 1432 1367 1472 πρὸς
1380 1431 1414 1462 τὰ
1428 1432 1512 1471 ἄλογα
1522 1444 1528 1450 ·
1543 1431 1612 1462 ἀλλὰ
1625 1430 1669 1461 (τί
1684 1432 1789 1467 διέστη-

1017 1492 1062 1510 κεν
1076 1479 1212 1519 ἄνθρωπος
1225 1481 1278 1508 τῶν
1299 1478 1419 1517 ἀλόγων;
1433 1479 1482 1518 Τῷ
1495 1477 1580 1518 λόγῳ·
1595 1477 1639 1508 διὰ
1652 1480 1729 1507 τοῦτο
1743 1477 1788 1507 καὶ

1017 1526 1123 1565 λογικὸν
1138 1525 1285 1560 ζῶόνίστιν
1297 1527 1311 1554 ὁ
1323 1524 1469 1564 ἄνθρωπος.
1481 1523 1586 1564 Ὥσπερ
1600 1523 1652 1563 γὰρ
1663 1522 1787 1564 τρέφεται

1018 1572 1052 1602 τὰ
1067 1571 1191 1611 σώματα,
1207 1570 1276 1600 οὕτω
1289 1571 1414 1611 τρέφεται
1423 1569 1469 1599 καὶ
1477 1572 1495 1606 ἡ
1508 1570 1581 1610 ψυχή
1594 1581 1600 1589 ·
1613 1569 1682 1599 ἀλλὰ
1694 1569 1787 1610 τὸμὲν

1018 1620 1097 1657 σῶμα
1121 1618 1194 1658 ἄρτῳ
1203 1639 1211 1654 ,
1233 1619 1251 1654 ἡ
1279 1617 1307 1647 δὲ
1330 1616 1403 1657 ψυχὴ
1423 1615 1503 1656 λόγῳ.
1517 1614 1563 1645 Ἂν
1587 1611 1632 1645 οὖν
1655 1615 1714 1655 ἴδῃς
1738 1615 1788 1645 ἄν-

1018 1668 1120 1704 θρωπον
1147 1664 1218 1693 λίθον
1245 1662 1364 1693 ἐσθίοντα
1375 1684 1384 1700 ,
1406 1657 1459 1702 {pa
1486 1662 1518 1692 ἂν
1545 1662 1627 1695 εἴποις
1651 1661 1788 1702 ἄνθρωπον

1017 1706 1102 1747 εἶναι,
1116 1709 1209 1743 Οὕτως
1223 1708 1254 1738 ἂν
1276 1708 1332 1746 ἴδῃς
1355 1707 1391 1747 μὴ
1416 1708 1487 1748 λόγῳ
1506 1707 1684 1748 τρεφόμενον,
1706 1710 1720 1729 ⁸
1729 1708 1788 1736 ἀλλ’

222 1761 265 1791 nis
276 1761 421 1802 particeps.
434 1762 474 1791 Ut
486 1762 558 1791 enim
569 1762 682 1792 aluntur
701 1758 828 1802 corpora,
840 1763 879 1793 sic
889 1763 966 1793 alun—
974 1779 1010 1799 122
1018 1755 1121 1796 ἀλογίᾳ,
1135 1757 1218 1795 ἐρεῖς,
1234 1751 1308 1788 οὗτος
1327 1754 1373 1784 καὶ
1393 1754 1424 1784 τὸ
1447 1749 1514 1784 εἶναι
1529 1754 1664 1794 ἄνθρωπος
1683 1753 1789 1783 ἀπώλε-

222 1816 268 1837 tur
281 1814 307 1837 et
317 1807 414 1837 animae
429 1819 436 1835 :
451 1807 499 1837 sed
512 1819 610 1847 corpus
630 1818 710 1848 pane,
725 1809 813 1838 anima
833 1820 965 1839 sermone.
983 1809 1003 1831 Α
1017 1814 1061 1832 ⁶⁵⁹
1072 1814 1078 1820 '
1093 1804 1110 1838 ἦ
1126 1801 1177 1842 γὰρ
1191 1801 1325 1841 ἀνατρθφὴ
1341 1800 1457 1830 δείκνυσι
1468 1803 1516 1829 τοῦ
1530 1798 1669 1840 ἀνθρώπου
1681 1799 1730 1835 Ίῆν
1744 1799 1788 1828 Εὖ·

222 1852 339 1883 Proinde
365 1853 388 1882 si
413 1852 507 1882 videas
531 1853 667 1883 hominem
693 1861 844 1883 vescentem
867 1855 966 1895 lapide,

222 1910 288 1928 num
302 1898 380 1927 illum
392 1898 495 1927 dixeris
504 1909 561 1928 csse
571 1899 730 1928 hominem?
742 1899 839 1928 Itidem
849 1900 872 1928 si
885 1911 968 1939 quem

222 1944 324 1974 videris
338 1944 386 1983 qui
403 1954 456 1972 non
479 1944 568 1973 alatur
588 1954 720 1980 sermone,
733 1943 782 1973 sed
794 1945 926 1975 sermonis
936 1957 967 1976 ac

221 1989 332 2020 rationis
356 1989 458 2029 inopia,
479 1988 564 2026 dices,
585 1989 638 2018 Hie
656 1996 682 2018 et
705 1989 823 2019 hominis
842 1998 967 2021 naturam

221 2037 311 2066 amisit
315 2048 325 2075 ;
342 2035 478 2075 siquidem
490 2035 614 2064 educatio
627 2035 746 2064 declarat
756 2035 875 2066 hominis
887 2038 966 2067 nobi-

219 2084 331 2113 litatem.
344 2082 480 2120 Quoniam
500 2081 583 2121 igitur
605 2081 739 2111 theatrum
758 2083 835 2112 nobis
855 2084 967 2123 plenum

219 2136 269 2165 est,
281 2128 397 2167 itemque
415 2137 488 2156 mare
507 2126 613 2166 pridem
631 2134 744 2156 aestuans
761 2128 818 2167 jam
833 2130 964 2168 tranquil.-

217 2175 326 2212 lum,ac
338 2184 446 2203 rursum
455 2173 570 2213 pelagus
578 2172 668 2206 sedata
679 2180 833 2214 tempestate
844 2175 965 2214 quietum

215 2232 247 2250 ac
266 2219 405 2262 placidum
420 2233 426 2249 :
442 2230 491 2259 age
511 2219 568 2259 jam
590 2229 686 2249 navem
709 2219 892 2258 detrahamus,
907 2222 963 2252 veli

215 2267 274 2296 loco
286 2265 466 2306 expandentes
485 2265 617 2304 linguam,
632 2275 682 2304 pro
701 2265 819 2305 zephyro
841 2266 960 2306 Spiritus
978 2267 996 2290 Β

215 2312 328 2352 gratiam
351 2311 515 2348 invocantes,
529 2320 579 2351 pro
602 2317 707 2340 temone
727 2311 862 2351 clavoque.
879 2322 962 2343 cruce-

245 2412 255 2423 *
274 2403 321 2428 Alii
332 2406 508 2436 συγκαταπίπτει
519 2405 571 2436 βῖῳ.

243 2443 254 2458 *¹
272 2443 314 2468 Sic
326 2441 402 2468 Savil.
416 2440 503 2466 Morel.
518 2447 543 2466 et
555 2441 732 2473 Manuserspfi,
744 2450 794 2467 uno
803 2448 917 2475 excepto,
929 2443 973 2477 qui

209 2481 286 2506 habet
304 2485 400 2508 ἐνταῦθα
417 2484 566 2514 μανθάνουσι,
577 2485 603 2505 et
618 2480 653 2505 sic
669 2480 763 2514 legerat
780 2482 912 2517 Erasmus,
926 2483 970 2517 qui

208 2522 293 2553 vertit,
308 2522 349 2546 hic
357 2522 465 2546 discunt.

242 2569 251 2581 ε
271 2562 332 2586 Tres
344 2561 401 2587 Mss.
418 2564 529 2594 ἐγένεσθες
543 2561 643 2592 μάλιστα
656 2564 724 2595 ἀνήρ.

1015 1848 1127 1888 γένειαν.
1137 1846 1248 1882 Ἐπειδὴ
1263 1846 1349 1875 τοίνυν
1360 1846 1391 1875 τὸ
1402 1845 1510 1885 θέατρον
1522 1847 1587 1884 ἡμῖν
1598 1845 1785 1884 πεπλήρωται,

1015 1893 1061 1924 καὶ
1082 1893 1162 1923 πάλιν
1175 1896 1192 1928 ἡ
1211 1893 1331 1922 θάλασσα
1350 1894 1367 1927 ἡ
1386 1890 1583 1930 κυμαινομένη,
1601 1890 1646 1920 καὶ
1670 1890 1787 1930 γαλήνης

1015 1939 1148 1979 γέμουσα,
1161 1938 1206 1968 καὶ
1220 1937 1300 1967 πάλιν
1314 1937 1345 1967 τὸ
1357 1936 1472 1976 πέλαγος
1486 1936 1517 1966 τὸ
1530 1936 1731 1976 χειμαζόμενον,
1740 1936 1786 1966 καὶ

1016 1985 1126 2021 ἑστηκός
1137 1997 1143 2003 ·
1166 1984 1229 2025 φέρε
1251 1983 1284 2019 δὴ
1305 1983 1336 2012 τὸ
1358 1983 1449 2012 πλοῖον
1469 1982 1622 2022 ἑλκύσωμεν
1633 2003 1642 2018 ,
1657 1981 1716 2011 ἀντὶ
1739 1984 1785 2011 τοῦ

1016 2031 1100 2061 ἱστίου
1113 2030 1160 2067 τὴν
1174 2031 1295 2070 γλῶτταν
1307 2028 1517 2061 ἀναπετάσαντες
1526 2051 1534 2065 ,
1548 2027 1607 2057 ἀντὶ
1615 2031 1662 2057 τοῦ
1675 2027 1786 2069 ζεφύρου

1015 2080 1062 2107 τοῦ
1077 2075 1231 2114 Πνεύματος
1246 2075 1295 2111 τὴν
1305 2074 1384 2114 χάριν
1394 2073 1562 2109 καλέσαντες,
1573 2073 1631 2102 ἀντὶ
1643 2076 1689 2103 τοῦ
1702 2073 1786 2115 αὐχέ-

1016 2134 1057 2156 νος
1076 2122 1121 2152 καὶ
1136 2120 1266 2157 πηδαλίου
1287 2123 1327 2160 τῷ
1340 2121 1445 2159 σταυρῷ
1467 2119 1602 2159 χρώμενοι
1626 2119 1784 2159 κυὸερνήτῃ.

1015 2168 1050 2198 Ἡ
1062 2168 1181 2198 θάλασσα
1192 2167 1243 2206 μὲν
1257 2166 1307 2206 γὰρ
1320 2165 1375 2206 ἔχει
1390 2165 1496 2204 ἁλμυρὰ
1510 2164 1608 2200 ὕδατα,
1625 2166 1737 2195 ἐνταῦθα
1756 2166 1785 2195 δὲ

1014 2214 1083 2254 ὕδωρ
1096 2215 1156 2248 ζῶν.
1169 2213 1243 2242 Ἐκεῖ
1262 2212 1346 2251 ἄλογα
1367 2212 1431 2248 ζῶα,
1445 2212 1557 2240 ἐνταῦθα
1569 2210 1596 2240 δὲ
1611 2211 1696 2251 ψυχαὶ
1708 2212 1784 2251 λογι-

1013 2263 1073 2293 καί·
1086 2264 1141 2292 ἐκεῖ
1155 2263 1179 2292 οῖ
1193 2262 1315 2294 πλέοντες
1330 2260 1382 2289 ἀπὸ
1399 2260 1534 2296 θαλάσσης
1552 2262 1590 2293 εἰς
1600 2262 1659 2300 γ’ἥν,
1674 2262 1786 2290 ἐνταῦθα

1013 2313 1040 2343 δὲ
1055 2314 1081 2343 οἱ
1096 2312 1219 2346 πλέοντες
1237 2311 1290 2342 ἀπὸ
1302 2313 1351 2351 γῆς
1372 2312 1407 2343 εἷς
1421 2310 1530 2350 οὐρανὸν
1548 2310 1717 2351 ὁρμίζονται·
1730 2312 1786 2340 ἐκεῖ

1054 2406 1065 2424 f
1083 2404 1192 2436 Quidam
1209 2404 1267 2429 Mss-
1285 2406 1327 2430 τίνι
1347 2404 1472 2435 διέστηκεν,
1486 2409 1538 2428 nou
1554 2400 1628 2426 male.
1642 2401 1673 2427 In
1693 2398 1784 2426 iisdem

1022 2447 1080 2470 ἐστὶν
1092 2447 1103 2470 ὁ
1113 2447 1230 2478 ἅνθρωπος
1240 2441 1318 2467 deest.

1051 2490 1062 2507 s
1079 2482 1150 2506 Unus
1161 2479 1228 2513 apud
1243 2479 1363 2506 Savilium
1376 2483 1437 2506 ἀλλὰ
1449 2484 1544 2514 ψιχῖαις,
1559 2483 1629 2515 ἐρεῖς,
1642 2478 1688 2503 sed
1698 2479 1780 2503 micis.

1020 2522 1078 2546 Mox
1095 2526 1203 2554 quatuor
1220 2520 1278 2545 Mss.
1293 2524 1436 2555 ἀναστρογή,
1451 2525 1477 2544 et
1487 2520 1523 2544 sic
1534 2518 1592 2553 legit
1602 2517 1721 2550 savinus,
1738 2517 1783 2543 sed

1020 2565 1135 2595 ἀνατροφή
1149 2561 1227 2593 magis
1239 2558 1347 2593 quadrat
1359 2557 1392 2584 ad
1404 2558 1501 2584 seriem.
