1904 2840
594 200 626 222 m
655 197 849 228 ntAQTBAEUM
855 212 863 220 .

1570 189 1634 225 861

892 198 1011 220 Romu..
1040 198 1121 221 xxm
1128 212 1136 220 .

103 263 131 309 in
145 263 241 309 spiritu
254 262 404 293 Beelzebub
415 261 510 301 ejicere
521 260 663 296 dzemonia,
675 260 714 290 rei
723 259 788 289 estis
794 259 840 299 ju·
860 261 881 285 Λ
897 257 962 296 quia
973 257 1072 297 ligatus
1089 265 1128 288 est
1141 258 1311 290 adversarius
1325 261 1407 291 tuus?
1429 262 1576 292 Considera
1590 273 1641 293 na-

103 302 180 332 dicu.
194 304 306 343 Propter
321 301 396 341 quod
416 300 615 341 appropinquat
629 300 656 329 in
670 310 717 329 vos
729 307 840 338 regnum

102 343 154 372 Dei
161 342 277 382 justum,
286 349 316 371 ut
331 341 479 372 secundum
492 340 672 380 blasphemias
685 346 786 369 vestras
792 341 842 378 ju-

103 381 241 411 dicemini.
253 384 304 412 29.
331 381 481 420 Quomodo
497 386 592 420 potest
612 381 676 418 quis
687 381 797 408 intrare
811 379 843 406 in

103 421 220 450 domum
238 424 311 461 ejus,
324 424 376 461 qui
393 421 480 459 sortis
494 426 548 455 est,
563 425 591 448 et
604 429 679 448 vasa
702 420 764 458 ejus
778 418 845 446 diri-

101 470 180 499 pere,
193 462 249 490 nisi
269 463 350 501 prius
364 455 652 501 alligaverit-sortem
663 461 676 486 Ρ
698 460 844 501 Hucusque

104 500 219 530 ostendit
237 499 373 540 quomodo
391 499 598 537 intelligeretur,
612 498 634 526 si
646 498 746 528 vellent
759 507 767 525 :
780 506 844 536 quia

102 549 155 568 non
163 541 192 568 in
203 540 301 580 spiritu
311 539 469 575 Beelzebub,
481 538 528 567 sed
542 538 569 567 in
580 537 677 577 spiritu
688 537 738 567 Dei
749 536 845 566 daemo·

104 579 149 608 nia
159 580 320 619 expellebat.
333 579 464 614 Primum,
475 578 538 616 quia
548 584 650 607 satanas
662 584 777 607 satanam
789 586 842 606 non

104 619 228 658 expellit,
240 619 354 659 neiipse
374 619 427 648 sibi
451 617 620 647 adversarius
637 617 682 654 sit,
704 617 844 646 destruens

104 659 245 698 proprium
259 669 371 698 regnum
387 671 393 687 :
420 657 468 687 sed
479 657 528 686 Dei
541 657 714 696 spiritusxst,
726 656 773 696 qui
785 655 842 685 dae-

105 708 196 727 mones
219 698 341 739 expellit.
364 697 468 727 Deinde
481 718 491 733 ‚
513 697 544 726 Si
556 707 607 733 ego
626 698 658 725 in
680 697 842 726 Beelzebub

106 739 188 776 ejicio
209 739 371 774 daemonia,
389 737 450 777 filii
462 738 552 766 vestri
571 738 604 765 in
623 746 682 776 quo
703 738 843 777 ejiciunt?

105 777 137 806 ld
150 784 200 813 est,
217 777 359 817 Numquid
369 787 421 806 non
433 777 461 806 in
472 786 524 811 me,
538 782 584 805 aut
596 775 624 805 in
642 786 700 806 meo
713 776 821 813 nomine
830 776 844 805 Ξ)

106 816 135 846 Si
152 817 224 846 enim
247 817 299 846 filii
317 817 399 847 vettri
420 815 448 845 in
468 815 576 845 nomine
600 825 660 845 meo
680 816 842 856 expellunt:

106 857 192 886 multo
203 858 287 897 magis
299 867 407 896 possum
417 865 466 895 ego
475 855 503 883 in
514 855 620 884 nomine
629 866 688 884 meo
697 856 843 896 expellere.

106 896 143 925 Et
166 896 241 935 quod
255 897 335 926 habet
347 906 416 936 opus
426 895 457 924 ·in
480 894 577 934 spiritu
590 895 752 931 Beelzebub,
775 906 846 925 nunc

105 934 152 964 dat
165 936 294 966 rationem
305 946 388 974 quare
411 934 544 964 daemones
556 935 735 974 expellantur,
747 942 778 964 ut
796 946 845 964 ex-

105 975 192 1014 pulsis
199 975 249 1013 eis,
257 985 348 1005 omnes
357 974 467 1004 credant
483 974 511 1003 in
524 974 673 1011 Christum,
686 974 716 1003 id
725 981 775 1011 est,
784 975 847 1013 quia

106 1014 232 1054 alligatus
241 1022 280 1044 est
287 1026 302 1044 a
312 1025 354 1044 me
360 1014 467 1043 malitiae
478 1013 613 1053 princeps.
622 1015 676 1043 Nec
681 1014 752 1043 enim
762 1021 848 1054 potest

106 1055 167 1092 quis
181 1051 256 1084 fortis
266 1065 330 1084 vasa
344 1054 472 1093 diripere,
488 1053 539 1082 nisi
551 1053 628 1093 prius
634 1053 784 1092 alligaverit
797 1055 849 1083 for-

106 1100 171 1124 tem.
185 1094 328 1131 Quomodo
341 1093 412 1122 enim
426 1099 545 1132 poterant
563 1093 683 1122 homines
693 1093 727 1123 ad
742 1093 848 1123 liberta-

107 1139 160 1162 tem
176 1134 328 1163 intellectus
341 1133 382 1162 sui
404 1132 506 1167 venire,
517 1138 544 1161 et
556 1132 592 1161 ad
616 1133 703 1161 Deum
716 1134 846 1170 converti,

106 1173 159 1203 nisi
184 1174 261 1213 prius
283 1172 409 1211 alligatus
422 1172 524 1207 suisset,
536 1172 584 1210 qui
597 1179 696 1201 mentes
710 1172 848 1202 hominum

107 1213 245 1242 erroribus
258 1220 399 1252 occupatas
414 1211 536 1240 tenebat?
551 1211 586 1240 Et
600 1211 651 1241 boc
670 1222 734 1251 ergo
748 1213 847 1241 intelli-

108 1252 207 1290 gimus,
229 1253 292 1291 quia
316 1262 384 1290 quos
407 1251 529 1290 ejiciebat
547 1249 679 1281 daemones
692 1252 846 1289 visibiliter,

107 1289 280 1320 invisibiliter
291 1291 429 1330 alligabat.
441 1289 594 1328 Quomodo,
610 1297 656 1320 aut
668 1290 725 1327 ubi,
740 1302 788 1321 nec
800 1292 848 1322 ho-

107 1331 187 1360 minis
199 1338 238 1360 est
251 1341 327 1371 posse
339 1341 483 1370 exponere,
494 1340 542 1359 nec
553 1330 710 1370 intelligere.
727 1331 781 1361 Sed
796 1342 848 1364 non

106 1377 193 1400 tantos
205 1371 349 1400 visibiliter
361 1370 494 1410 ejiciebat,
507 1376 620 1407 quantos
630 1370 802 1400 invisibiliter
811 1372 849 1400 al-

106 1409 222 1449 ligabat„
244 1410 377 1449 Ejiciebat'
389 1409 459 1439 euim
478 1419 595 1449 paucos,
611 1409 739 1449 alligabat
760 1418 848 1440 autem

106 1459 209 1485 omnes,
219 1457 249 1479 ut
258 1460 306 1490 per
315 1460 413 1490 paucos
429 1449 525 1488 ejectos
535 1449 678 1478 visibiliter
687 1450 846 1486 ostenderet,

107 1490 171 1528 quia
189 1490 228 1519 sic
249 1499 341 1519 omnes
357 1489 468 1529 spiritus
488 1489 663 1518 invisibiliter
680 1489 714 1519 de
727 1490 849 1520 sensibus

106 1529 247 1558 hominum
275 1528 440 1558 credentium
471 1528 638 1568 expellebat,
659 1535 684 1557 et
713 1529 788 1567 quasi
814 1529 849 1559 de

107 1579 203 1607 magna
223 1567 396 1597 multitudine
417 1567 561 1606 ejectorum
582 1567 735 1596 daemonum
759 1569 848 1598 modi-

108 1618 167 1636 cam
190 1607 372 1646 probationem
391 1606 545 1635 ostendebat
565 1606 593 1635 in
609 1609 711 1646 paucis-
728 1608 763 1636 Et
788 1618 850 1637 eum

108 1646 208 1676 multos
224 1646 347 1685 ejiciebat
364 1645 507 1681 daemones,
522 1646 657 1684 quomodo
682 1656 767 1675 unum
788 1647 849 1676 alli-

127 1697 172 1715 are
185 1696 213 1715 se
227 1685 378 1726 promittit?
390 1685 445 1715 Sed
465 1685 531 1714 dicit
550 1685 700 1725 principem
714 1687 847 1723 omnium,

109 1697 144 1754 ¹de
167 1726 244 1765 cujus
264 1725 363 1754 virtute
383 1735 475 1754 omnes
488 1724 621 1754 daemones
635 1725 734 1761 valent,
749 1725 778 1754 id
797 1733 847 1763 est,

110 1772 264 1805 potestatem
278 1765 386 1794 habent.
402 1765 471 1799 Nam
493 1764 562 1793 sicut
575 1771 665 1793 satana
682 1764 847 1804 dominante,

109 1815 201 1834 omnes
223 1804 356 1833 daemones
377 1811 452 1834 erant
473 1804 553 1833 sortes
565 1815 572 1832 ε
599 1804 638 1833 sic
662 1815 693 1833 co
716 1805 825 1845 alligato
838 1828 846 1843 ‚

110 1855 201 1874 omnes
214 1850 275 1873 sunt
287 1843 418 1884 impediti.
428 1844 497 1873 Nam
511 1854 602 1872 omnes
612 1843 646 1872 de
660 1844 734 1873 illius
745 1855 848 1875 veneno

109 1884 219 1913 malitiae
238 1884 363 1913 virtutem
382 1883 435 1913 acci
459 1882 527 1918 iiiut,
541 1889 567 1912 et
579 1890 642 1912 sunt
658 1883 781 1913 nnumin
803 1895 844 1914 eo.

108 1923 219 1953 Fortem
233 1930 322 1952 autem
335 1922 401 1952 dicit
414 1894 598 1952 adeersarium
612 1930 744 1959 nostrum,
758 1934 846 1962 quan—

108 1970 166 1992 tum
189 1962 224 1992 ad
242 1969 359 1991 nostram
375 1962 568 1998 infirmitatem,
583 1973 635 1991 non
658 1970 787 2001 quantum
811 1964 846 1993 ad

107 2013 183 2031 suam
209 2002 347 2031 virtutem.
368 2001 473 2031 Deinde
485 2002 579 2031 fortem
593 2001 669 2038 dicit,
683 2013 734 2031 non
750 2009 779 2031 ut
798 2013 845 2033 nos

106 2048 217 2078 terreat,
236 2041 283 2071 sed
307 2048 336 2070 ut
358 2052 400 2070 ma
422 2042 442 2071 is
466 2052 515 2070 nos
537 2041 615 2071 faciat
639 2053 695 2071 esse
717 2042 846 2072 sollicitos

108 2084 176 2118 (nec
188 2082 259 2111 enim
277 2081 379 2110 hostem
393 2052 490 2110 dgebem
507 2082 599 2110 timere
612 2082 718 2117 sortem,
733 2082 780 2120 qui
794 2082 846 2111 ha-

106 2120 171 2150 bent
184 2121 333 2161 principem
341 2121 507 2158 fortiorem),
519 2121 566 2150 sed
581 2128 610 2150 nt
622 2121 648 2151 vi
672 2122 765 2150 ilemus
772 2128 797 2150 et
806 2122 846 2151 la-

108 2159 246 2196 boremus,
260 2166 289 2188 ut
302 2169 335 2188 ne
349 2160 375 2189 in
389 2159 488 2189 fiducia
510 2161 640 2200 principis
651 2131 768 2190 artioris
781 2172 845 2190 con-

109 2205 257 2228 temnamus
274 2198 457 2228 adversarium
471 2200 575 2229 sortem.
586 2201 653 2229 Nam
667 2201 688 2229 si
709 2201 846 2231 contendi-

108 2248 169 2267 mus
190 2244 280 2267 contra
302 2247 374 2273 euin,
385 2238 553 2268 manifestum
579 2246 628 2274 est,
643 2240 706 2277 quia
723 2240 845 2269 fortiores

108 2277 157 2306 illo
171 2287 264 2306 sumus
279 2289 285 2304 :
300 2277 322 2305 si
341 2283 428 2305 autem
447 2278 617 2316 negligimus,
636 2279 682 2308 ille
698 2279 793 2307 fortior
805 2279 846 2308 in-

108 2317 224 2346 venitur.
240 2317 309 2346 Nam
322 2315 445 2354 quamvis
457 2316 493 2345 sit
505 2316 638 2354 insu-mus,
653 2324 738 2347 tamen
753 2318 846 2348 fortior

108 2362 148 2385 est
160 2356 267 2385 homine
281 2355 432 2395 negligenti.
445 2355 551 2384 Fortem
564 2357 636 2385 enim
650 2356 788 2386 diabolum
798 2368 845 2387 no-

108 2401 161 2424 stra
184 2395 344 2434 negligentia
366 2394 436 2429 facit,
451 2404 503 2423 non
529 2395 603 2424 illius
625 2396 749 2435 potentia.
774 2397 845 2427 Vide

107 2433 205 2464 deiude
213 2434 347 2473 quomodo
356 2435 497 2474 sapienter,
509 2441 648 2474 postquam
657 2434 729 2464 dixit
736 2436 842 2472 fortem,

108 2479 198 2512 postea
211 2473 325 2503 ostendit
338 2473 462 2512 ligatum,
477 2481 506 2503 ut
522 2474 543 2503 si
567 2480 591 2503 te
612 2474 701 2503 audita
716 2475 844 2505 fortitudo

107 2513 264 2549 terruerit‚li
285 2514 337 2542 atio
345 2513 402 2553 ejus
415 2513 536 2542 nuntiata
549 2515 687 2543 contortet.
700 2515 760 2544 Jam
770 2515 843 2554 quali

107 2552 254 2590 opprobrio
267 2523 365 2591 dignus
376 2559 425 2587 est,
441 2553 525 2592 magis
538 2559 627 2582 autem
639 2560 781 2591 tormento,
797 2555 843 2593 qui

107 2590 288 2621 adversarium
302 2601 383 2621 sunm
405 2592 516 2631 ligatum
531 2602 582 2621 non
596 2592 700 2622 vincit?
714 2594 766 2624 Vis
777 2595 844 2624 scire

896 303 984 326 turam
1009 298 1097 326 carnis
1109 305 1135 327 et
1148 298 1271 338 spiritus,
1286 307 1312 329 et
1330 300 1472 341 intelliges.
1497 303 1641 339 Quomodo

896 343 1013 376 poteras,
1022 337 1103 366 homo
1117 338 1243 374 carnalis,
1257 339 1382 382 spiritum
1390 341 1567 378 vincere,nisi
1579 353 1642 372 eum

898 376 1031 405 Dominus
1050 376 1204 415 alligasset?
1221 378 1352 417 Alligavit
1372 390 1446 417 eum,
1460 387 1490 409 ut
1510 392 1558 411 nos
1578 393 1641 412 eum

897 415 1085 444 conculcemus
1101 427 1107 442 :
1122 416 1202 445 illum
1216 417 1371 448 humiliavit
1389 427 1498 459 propter
1511 422 1641 451 malitiam

898 456 968 494 ejus,
984 465 1032 483 nos
1053 462 1143 484 autem
1156 456 1286 486 exaltavit
1297 468 1378 498 super
1391 469 1453 488 eum
1466 468 1576 500 propter
1589 461 1642 491 mi-

898 494 1071 524 sericordiam
1083 505 1158 524 suam
1177 507 1183 524 :
1201 503 1231 525 ut
1253 503 1278 526 et
1289 497 1336 526 illc
1349 498 1437 527 victus
1451 501 1568 539 amplius
1577 511 1642 530 con-

899 533 1039 569 fundatur,
1052 534 1115 573 quia
1135 535 1247 574 spiritus
1270 537 1439 574 constitutus,
1454 549 1470 568 a
1489 540 1642 570 carnalibus

898 573 1070 603 conculcatus
1090 580 1130 603 est
1145 586 1152 602 ι
1165 579 1194 603 'et
1217 585 1265 604 uos
1289 577 1422 606 vincentes
1442 586 1503 607 eum
1524 580 1643 619 amplius

898 612 1090 652 glorificemur,
1102 624 1183 652 quam
1191 614 1319 645 victores:
1335 617 1398 655 quia
1412 618 1530 648 carnales
1541 619 1643 649 consti-

899 653 962 689 tuti,
977 652 1104 692 spiritum
1117 653 1263 684 vincimus.
1279 655 1353 695 Ergo
1367 656 1443 686 labor
1466 659 1525 698 ejus
1546 666 1572 688 et
1584 660 1643 689 for-

899 691 987 721 titudo
998 692 1098 731 ligatus
1112 694 1187 731 (sic)
1200 701 1250 731 est,
1263 702 1351 724 nostra
1359 703 1448 725 autem
1459 699 1644 728 tantummodo

899 731 959 760 sine
966 731 1058 761 labore
1072 732 1195 762 victoria.
1211 734 1266 771 Qui
1279 735 1350 764 enim
1364 736 1482 765 solutum
1496 737 1581 777 ligare
1595 749 1643 778 po-

899 771 960 806 tuit,
975 771 1108 810 numquid
1126 783 1179 802 non
1204 781 1318 813 poterat,
1337 775 1426 805 soluto
1443 786 1484 813 eo,
1500 788 1562 807 vasa
1585 779 1643 818 ejus

900 810 1038 850 diripere?
1055 813 1159 841 Poterat
1171 813 1293 851 quidem,
1306 814 1353 843 sed
1372 825 1424 844 uon
1438 827 1488 856 per
1498 817 1643 856 justitiam,

900 849 948 879 sed
959 861 1006 890 per
1019 852 1184 890 potestatem'.-
1196 853 1226 882 Si
1240 853 1311 882 enim
1324 865 1372 894 per
1382 856 1546 885 vocationem
1558 857 1643 887 solam

900 890 980 920 vellet
993 901 1056 920 vasa
1070 892 1128 930 ejus
1141 891 1270 932 diripere,
1285 894 1389 923 solutus
1402 894 1527 925 diabolus
1545 897 1643 926 iterum

901 929 1038 959 reduceret
1050 931 1085 959 ad
1098 941 1136 960 se.
1158 932 1224 961 Item
1239 933 1260 961 si
1275 943 1322 972 per
1356 935 1481 964 otentiam
1501 935 1641 975 diriperet,

901 969 1001 998 diceret
1019 970 1148 1000 adversus
1168 972 1307 1001 Christum
1326 944 1451 1003 diabolus
1468 987 1475 1003 :
1489 975 1519 1005 Si
1533 976 1643 1014 quidem

903 1008 938 1038 ad
948 1009 1086 1047 virtutem,
1101 1011 1241 1042 tufortior
1253 1023 1281 1041 es
1299 1023 1380 1050 quam
1392 1024 1441 1051 ego
1454 1026 1460 1042 :
1475 1015 1498 1044 si
1510 1022 1598 1045 autem
1610 1015 1644 1045 ad

903 1059 1031 1085 amorem,
1043 1060 1093 1089 ego
1106 1051 1248 1080 amabilior
1257 1062 1337 1090 quam
1352 1060 1392 1082 tu.
1405 1053 1435 1083 Si
1448 1065 1510 1093 ergo
1525 1055 1567 1084 vis
1581 1055 1644 1085 illos

904 1088 1010 1123 tollere,
1023 1096 1096 1129 potes
1111 1102 1117 1118 :
1134 1090 1156 1118 si
1170 1097 1258 1119 autem
1272 1091 1385 1122 dimittis
1406 1103 1450 1122 eos
1465 1094 1492 1123 in
1507 1105 1556 1124 suo
1568 1096 1644 1124 arbi-

905 1128 968 1164 trio,
983 1136 1074 1168 potius
1083 1140 1126 1158 me
1138 1137 1287 1168 sequuntur
1295 1142 1376 1170 quam
1390 1139 1424 1161 te.
1437 1134 1506 1162 Nam
1519 1133 1645 1165 diabolus

904 1167 1014 1206 quidem
1036 1169 1121 1198 facere
1144 1170 1271 1199 'ustitiam
1292 1181 1343 1200 non
1358 1172 1512 1210 acquiescit,
1527 1174 1645 1213 objicere

903 1214 992 1236 autem
1006 1209 1064 1237 scit.
1078 1210 1138 1245 Qua
1151 1219 1178 1238 es
1197 1216 1259 1239 sunt
1273 1221 1374 1247 omnes,
1389 1211 1417 1240 in
1431 1213 1530 1251 quibus
1545 1213 1644 1243 diabo—

904 1246 947 1276 lus
958 1254 1008 1276 est.
1030 1249 1060 1277 In
1081 1249 1165 1277 servis
1188 1249 1259 1278 enim
1271 1251 1322 1279 Dei
1335 1251 1415 1280 etiam
1437 1252 1508 1282 leves
1528 1261 1646 1292 arguunt

904 1287 1013 1326 culpas,
1040 1288 1069 1316 in
1089 1298 1116 1317 se
1135 1295 1223 1318 autem
1246 1300 1293 1318 nec
1311 1291 1422 1320 crimina
1441 1301 1643 1331 recognoscunt.

904 1327 1046 1365 Propterea
1059 1328 1148 1367 ipsum
1163 1329 1271 1367 quidem
1284 1330 1392 1370 ligavit,
1406 1342 1469 1360 vasa
1483 1339 1571 1362 autem
1586 1334 1645 1373 ejus

903 1373 930 1395 et
942 1366 1068 1406 diripuit,
1081 1374 1108 1396 et
1125 1367 1229 1398 dimisit
1243 1380 1273 1399 ea
1293 1370 1321 1398 in
1335 1370 1416 1400 domo
1439 1371 1507 1410 ejus.
1523 1373 1645 1413 Diripuit

903 1405 1024 1444 quidem,
1039 1418 1073 1436 ex
1092 1418 1122 1436 eo
1146 1408 1220 1447 quod
1234 1410 1316 1439 traxit
1338 1420 1367 1439 ea
1380 1410 1416 1439 ad
1429 1411 1548 1441 notitiam
1570 1413 1645 1442 veri—

867 1457 887 1481 c
903 1447 964 1475 tatis
981 1459 987 1475 :
1012 1446 1115 1476 dimisit
1132 1455 1219 1477 autem
1235 1460 1265 1478 ea
1286 1450 1313 1478 in
1329 1450 1442 1486 mundo,
1457 1452 1518 1489 quia
1538 1452 1588 1480 sub
1601 1463 1643 1481 se-

904 1485 1030 1515 ductione
1044 1488 1137 1517 mundi·
1153 1488 1231 1517 istius
1253 1499 1309 1518 esse
1323 1499 1371 1519 nos
1382 1489 1479 1519 voluit.
1495 1492 1644 1529 Tamquam

903 1527 926 1554 si
939 1526 975 1554 ita
989 1526 1061 1555 dieat
1073 1527 1108 1556 ad
1119 1527 1258 1556 diabolum
1273 1539 1279 1555 ε
1293 1529 1362 1557 Ecce
1375 1529 1458 1567 alligo
1471 1535 1507 1566 te,
1516 1537 1546 1559 ut
1559 1541 1643 1570 appa-

903 1572 979 1594 reant
991 1566 1123 1603 homines,
1142 1567 1189 1605 qui
1210 1568 1316 1605 sequuti
1325 1568 1423 1596 fuerint
1436 1574 1461 1596 te
1482 1579 1529 1598 sua
1543 1571 1644 1599 volun—

902 1610 966 1641 tate,
982 1611 1008 1633 et
1020 1605 1067 1644 qui
1081 1613 1180 1635 coacte.
1202 1606 1257 1643 Qui
1281 1607 1351 1635 enim
1375 1613 1401 1635 tc
1422 1606 1550 1647 diligunt,
1565 1609 1643 1639 etiam

903 1643 1016 1683 ligatum
1028 1651 1053 1674 te
1065 1655 1116 1674 nou
1128 1645 1263 1675 dimittent
1275 1655 1281 1672 :
1296 1646 1343 1684 qui
1355 1653 1442 1675 autem
1457 1653 1482 1676 te
1495 1647 1644 1688 derelique-

903 1684 958 1713 rint
967 1684 1091 1723 ligatum,
1107 1685 1275 1714 manifestum
1287 1692 1326 1714 est
1336 1685 1400 1724 quia
1415 1696 1466 1715 non
1482 1697 1529 1716 sua
1542 1688 1643 1717 volun-

902 1730 954 1753 tate
965 1725 1073 1753 fuerunt
1085 1724 1157 1764 apud
1176 1731 1211 1760 tc,
1224 1724 1269 1753 sed
1282 1732 1378 1754 coacte.
1391 1726 1464 1765 Ergo
1474 1736 1526 1756 non
1540 1727 1642 1757 interli-

902 1763 944 1792 cio
956 1770 991 1799 te,
1004 1773 1088 1802 neque
1098 1764 1203 1804 expello
1218 1764 1251 1793 de
1262 1764 1374 1800 mundo,
1386 1775 1418 1794 ne
1425 1767 1493 1794 forte
1505 1766 1533 1795 in
1546 1767 1643 1796 volun-

901 1809 954 1832 tate
974 1813 1026 1831 non
1041 1803 1155 1833 habeant
1167 1814 1245 1843 quem
1269 1811 1425 1842 sequantur,
1441 1804 1488 1834 sed
1505 1806 1588 1844 alligo
1604 1814 1640 1845 te,

902 1853 934 1872 ne
946 1842 1097 1872 nolentibus
1111 1843 1265 1873 violentiam
1279 1844 1369 1873 l'acias.
1381 1844 1454 1884 Ergo
1473 1846 1642 1877 manifestum

902 1889 953 1919 est,
965 1882 1039 1920 quod
1052 1883 1099 1921 qui
1116 1882 1197 1912 modo
1210 1883 1348 1912 diabolum
1361 1885 1491 1922 sequitur,
1504 1895 1557 1914 non
1567 1887 1643 1926 cogi-

901 1928 946 1951 tur
960 1932 974 1951 a
988 1922 1097 1951 diabolo
1113 1935 1120 1951 ι
1136 1923 1237 1962 ligatus
1259 1930 1298 1952 est
1315 1923 1403 1957 enim;
1420 1923 1467 1952 sed
1482 1924 1537 1964 ipse
1551 1925 1643 1965 diligit

901 1961 1053 1991 diabolum.
1068 1962 1097 1991 Si
1112 1963 1183 1991 enim
1197 1962 1302 1992 solutus
1320 1969 1386 1992 esset
1399 1962 1535 2001 diabolus,
1549 1965 1642 1995 nullus

902 2001 982 2030 homo
997 2001 1020 2030 ei
1033 2002 1153 2031 resistere
1164 2009 1276 2041 poterat,
1290 2009 1336 2031 aut
1347 2003 1425 2047 pauci
1435 2016 1442 2039 ;
1459 2005 1527 2033 sicut
1536 2014 1582 2034 nec
1594 2016 1641 2034 an-

902 2047 941 2069 tea
951 2041 1113 2077 restiterunt,
1129 2041 1180 2070 nisi
1191 2041 1269 2085 pauci
1284 2041 1371 2071 electi.
1389 2043 1466 2072 Nunc
1479 2051 1567 2073 autem
1579 2055 1641 2074 cum

901 2080 994 2110 videas
1010 2080 1140 2119 quosdam
1159 2080 1267 2119 qiudem
1283 2081 1403 2110 homines
1416 2090 1553 2121 sequentes
1567 2094 1639 2121 eum,

901 2120 1030 2158 quosdam
1052 2127 1142 2149 autem
1158 2120 1309 2149 recedentes
1329 2121 1362 2150 ab
1374 2131 1416 2156 eo,
1432 2122 1581 2162 intelligere
1594 2123 1640 2152 de-

901 2160 958 2195 bes,
968 2160 1031 2198 quia
1048 2169 1100 2188 non
1113 2167 1152 2190 est
1164 2161 1250 2189 virtus
1270 2161 1387 2199 cogentis
1401 2161 1514 2198 diaboli,
1529 2162 1575 2191 sed
1588 2173 1640 2191 vo—

902 2199 990 2228 luntas
1003 2199 1170 2238 sequentium
1181 2199 1333 2228 hominum.
1343 2201 1372 2230 Si
1387 2208 1474 2230 autem
1485 2201 1565 2236 dicis,
1577 2202 1638 2239 quia

902 2239 990 2268 Fortis
999 2245 1036 2268 est
1049 2238 1185 2276 diabolus,
1200 2246 1226 2268 et
1243 2249 1292 2268 non
1308 2240 1440 2278 proevaleo
1452 2247 1541 2269 contra
1554 2251 1613 2269 eum
1630 2254 1636 2269 ε

900 2285 951 2307 stat
963 2277 1106 2307 adversum
1125 2285 1151 2307 te
1164 2278 1295 2318 scriptura
1319 2279 1384 2315 haec,
1400 2279 1466 2308 (licit
1480 2280 1543 2317 quia
1563 2290 1637 2308 men-

901 2317 1103 2356 tiris,quoniam
1112 2318 1210 2357 ligatus
1221 2325 1259 2347 est
1272 2317 1439 2347 adversarius
1449 2326 1520 2346 tuus.
1529 2319 1638 2356 Ligatus

901 2364 940 2387 est
946 2357 1027 2387 enim.
1037 2357 1140 2386 Malum
1151 2357 1260 2396 quidem
1269 2357 1409 2386 consilium
1419 2356 1528 2385 suadere
1541 2363 1637 2395 potest,

900 2407 994 2436 cogere
1015 2404 1104 2426 autem
1117 2407 1169 2426 non
1185 2403 1279 2436 potest.
1295 2398 1360 2431 Qum
1382 2402 1419 2424 cst
1433 2395 1529 2423 domus
1541 2395 1638 2425 illius?

900 2436 1021 2466 Mundus
1029 2436 1086 2465 iste.
1096 2437 1129 2466 Et
1137 2435 1298 2465 vasaillius?
1310 2436 1460 2463 Peccatores
1469 2440 1493 2462 et
1503 2434 1637 2471 infideles,

900 2476 1049 2506 habitantes
1062 2475 1089 2504 in
1101 2486 1143 2504 eo.
1160 2475 1278 2503 Audiens
1291 2483 1364 2511 erge,
1377 2472 1506 2501 mundum
1526 2473 1636 2502 domum

900 2526 956 2545 esse
968 2515 1082 2551 diaboli,
1097 2515 1160 2553 fuge
1175 2513 1317 2545 mundum,
1340 2521 1371 2540 ne
1393 2511 1496 2540 diutins
1515 2512 1637 2542 habitans
1646 2524 1711 2542 cxxv

900 2555 926 2584 in
942 2555 1022 2583 domo
1035 2553 1148 2588 diaboli,
1165 2552 1260 2581 iterum
1281 2551 1329 2579 fias
1343 2561 1436 2579 servus
1449 2550 1546 2589 ipsius.
1562 2552 1637 2581 Sicut

900 2594 970 2623 enim
993 2594 1019 2622 in
1039 2592 1118 2622 domo
1133 2591 1183 2620 Dei
1203 2589 1303 2619 malum
1318 2599 1370 2618 non
1390 2596 1441 2626 est,
1457 2591 1492 2618 ita
1511 2589 1537 2619 in
1557 2590 1637 2621 domo
