1890 2826
546 162 591 185 nn
617 160 726 187 mnam
751 158 957 192 CRBATIONE,
985 158 1089 182 ona-r.
1117 159 1166 183 νι.
1569 148 1635 197 59¹

80 225 210 264 ταγμένης
232 224 353 254 ε’κὸάλλει
368 222 503 263 βαδίσεως.
518 223 554 252 Εἰ
577 223 629 263 γὰρ
651 222 696 252 καὶ
720 216 802 254 ἄπους
816 219 844 254 ἐξ
898 218 1013 250 busdam
1027 219 1264 250 convolutionibus
1284 228 1399 259 erectus,
1413 228 1520 252 extenso
1536 229 1642 262 pectore

78 264 163 311 ἀρχῆς
176 270 367 306 διεπέπλαστο,
382 268 451 298 ἀλλὰ
461 267 567 302 κύκλοις
585 269 688 309 γοργῶν
701 278 779 297 τινων
792 265 844 295 κά-
897 265 974 304 quasi
988 265 1133 304 equitabat.
1153 266 1235 296 Unde
1253 267 1334 297 etiam
1354 278 1426 298 nunc
1437 279 1544 308 serpens
1559 268 1643 298 iratus

76 320 157 346 τωθεν
172 317 287 356 ἑλιγμῶν
300 313 500 355 ἅνορθούμενος,
511 314 663 354 τεταμένοις
673 318 728 348 τοῖς
748 313 843 349 στήθε-
895 321 966 352 saepe
983 314 1101 351 seipsum
1120 311 1209 352 erigit,
1234 320 1260 343 et
1281 314 1309 343 in
1330 315 1462 345 circulum
1483 317 1644 347 convolutus

76 371 118 392 σιν
128 362 234 392 ἵππευε.
250 362 299 397 Διὸ
309 362 354 392 καὶ
368 365 413 392 νῦν
427 364 442 392 ὁ
459 362 516 403 ὄφις
533 361 662 395 πολλάκις
682 359 845 399 θυμούμενος
896 359 982 389 currit
999 372 1006 389 ε
1021 369 1180 400 progressus
1198 366 1286 389 autem
1306 368 1437 399 quantum
1459 362 1523 392 satis
1545 370 1593 400 est,
1614 369 1645 392 ut

77 408 214 445 ἀνίστησιν
228 409 330 446 ἑαυτὸν,
348 408 394 439 καὶ
409 410 540 442 κυκλικῶς
554 407 721 446 ἑλισσόμενος
733 405 843 446 τρέχει·
897 405 1002 445 antiqui
1024 416 1132 446 gressus
1153 406 1259 436 refricet
1285 409 1454 447 memoriam,
1476 420 1585 439 rursum
1608 420 1644 439 ex

76 454 178 495 προὸὰς
195 454 224 485 δὲ
235 454 296 484 ὅσον
321 454 402 490 δεῖξαι
422 457 468 484 τοῦ
487 455 602 484 παλαιοῦ
621 452 783 493 βαδίσματος
795 451 844 489 τὴν
897 452 1032 481 sententiae
1046 453 1105 492 lege
1117 452 1308 493 prosternitur.
1323 455 1366 483 Et
1387 462 1492 485 terr-am
1511 457 1642 487 comedes
1655 459 1742 484 Gen-3·
1758 460 1793 482 ¹5»

76 501 194 540 μνήμὴν,
221 501 301 531 πάλιν
326 502 364 541 τῷ
390 502 438 537 τῆς
470 500 626 542 ἀποφάσεως
647 499 844 530 κάταὸάλλεται
898 499 1010 528 cunctis
1033 499 1135 529 diebus
1155 501 1227 529 vitoe
1247 506 1315 529 tuoe.
1341 502 1516 532 Inimicitias
1535 512 1645 542 ponam

76 547 159 588 νόμῳ.
175 546 228 577 Καὶ
241 549 292 587 γῆν
315 549 386 588 φαγῇ
401 547 487 581 πάσας
506 547 555 587 ,τὰς
579 546 682 586 ἡμέρας
704 547 753 581 τῆς
777 546 845 581 ζωῆς
898 547 976 575 inter
992 551 1020 575 te
1039 552 1067 576 et
1087 547 1248 576 mulierem.
1268 546 1344 584 Quid
1365 547 1416 577 sibi
1434 548 1505 586 vult,
1527 551 1645 580 Terram

76 605 135 624 σου.
151 593 270 635 Ἔχθραν
283 594 356 630 θήσω
371 593 421 623 ἀνὰ
434 593 514 632 μέσον
528 604 574 623 σου
590 592 696 628 καὶτῆς
713 590 845 632 γυναικός.
899 592 1052 622 comedes?
1065 592 1098 622 Id
1109 592 1183 632 quod
1198 592 1332 623 Adamum
1353 594 1410 624 fore
1421 597 1583 635 procurasti,
1593 596 1647 627 hoc

77 640 113 670 Τί
137 641 194 671 ἐστι
216 641 259 677 τὸ,
272 641 329 676 Γῆν
351 641 438 680 φαγῇ;
461 639 499 670 Ὃ
524 638 700 680 προεξένησας
724 637 846 678 γενέσθαι
899 637 989 679 ipsum
1007 638 1296 669 comede.-Auditurus
1316 639 1388 669 enim
1410 639 1457 670 ille
1472 647 1511 670 est
1529 653 1536 669 z
1558 643 1646 680 Terra
1657 650 1714 672 Gen.
1730 649 1794 677 ἓως).

76 688 114 726 τῷ
125 686 209 726 Ἀδὰμ
220 709 228 724 ,
241 689 319 717 τοῦτο
339 686 419 716 ἔσθιε.
442 686 543 716 Μέλλει
555 685 608 726 γὰρ
629 681 703 719 οὗτος
726 683 845 714 ἀκούειν·
864 684 884 708 Ῑ)
899 695 940 722 es,
962 691 991 714 et
1004 686 1036 714 in
1048 691 1154 715 terram
1168 687 1332 715 reverteris.
1348 687 1526 716 Inimicitias
1534 697 1644 727 ponam

76 733 117 767 Γῆ
133 727 171 768 εἷ,
185 732 230 762 καὶ
250 733 287 766 εἷς
311 733 362 772 γῆν
387 731 532 772 ἀπελεύσῃ.
555 731 675 772 Ἔχθραν
698 730 772 767 θήσω
796 729 846 759 ἀνὰ
897 731 976 760 inter
998 738 1027 761 te
1047 737 1077 760 et
1098 732 1262 761 mulierem.
1285 731 1357 769 Quia
1377 731 1503 761 simulata
1527 733 1645 764 amicitia

77 778 156 817 μέσον
180 790 226 808 σου
250 777 296 808 καὶ
316 780 366 814 τῆς
387 777 518 818 γυναικός.
532 777 611 808 Ἐπεὶ
624 779 660 810 ὥς
673 776 747 817 φίλον
772 775 844 813 ἠπά-
897 777 1041 816 seduxisti,
1050 784 1187 818 tamquam
1195 778 1321 808 inimicus
1329 778 1442 818 ejiceris.
1454 779 1548 809 Sermfi
1558 780 1609 810 iste
1617 780 1645 810 in

76 837 172 861 τησας,
199 826 236 859 ὡς
260 825 351 865 ἐχθρὸς
373 824 500 864 exemp.
522 822 640 857 Ἐκεῖνος
666 825 680 853 ὁ
702 823 779 863 λόγος
801 822 844 852 νό·
872 834 880 843 ·
898 823 984 864 legem
997 824 1113 854 transiit.
1134 823 1243 854 Attende
1259 824 1361 864 igiturt
1381 826 1499 855 Terram
1512 826 1647 856 comedes

76 883 125 910 μος
146 871 256 911 ἐγένετο.
271 870 393 911 Πρόσεχε
407 869 494 900 τοίνυν
504 881 511 888 ·
527 870 583 906 Γῆν
598 870 669 910 φαγῇ
690 869 778 903 πάσας
797 869 844 903 τὰς
897 871 1010 900 cunctis
1028 871 1129 900 diebus
1148 871 1220 899 vitoe
1234 877 1301 900 tuoe.
1317 870 1391 901 Vide
1406 883 1412 900 :
1435 881 1489 900 non
1506 871 1573 901 dicit
1586 882 1645 901 ser-

75 917 178 957 ἡμέρας
189 919 237 954 τῆς
251 918 319 952 ζωῆς
333 927 390 946 σου.
405 916 491 956 Ὅρα·
502 917 531 945 οὗ
544 918 621 946 τοῦτο
634 914 752 955 περὶτοῦ
762 915 846 955 ὄφεως
897 916 982 958 penti,
1001 917 1086 947 Terra
1101 917 1153 952 tibi
1167 916 1245 946 cibus
1257 917 1308 947 erit
1324 929 1331 946 ι
1347 928 1399 947 non
1414 917 1489 947 enim
1510 925 1645 959 serpentes

75 961 161 1001 λέγει,
187 961 228 991 ὅτι
252 960 327 990 ἔσται
341 973 393 991 πσοι
408 960 490 991 σιτίον
504 962 522 996 ἡ
535 962 584 999 γῆ·
601 960 660 989 οῦδὲ
672 959 724 1000 γὰρ
738 959 779 990 ἀεὶ
792 964 846 994 τοῖς
896 969 996 993 terram
1021 973 1126 1003 semper
1147 963 1306 1001 comedunt,
1333 962 1380 993 sed
1413 963 1539 994 carnibus
1564 964 1645 994 etiam

76 1008 151 1049 ὄφεσι
163 1008 194 1038 τὸ
213 1007 362 1046 ἐσθιόμενον
373 1009 409 1047 γῆ
418 1029 425 1043 ‚
439 1006 508 1036 ἀλλὰ
529 1006 574 1036 καὶ
589 1006 683 1046 κρέασι
696 1005 845 1047 τρέφονται,
897 1008 1008 1038 aluntur
1017 1015 1043 1038 et
1056 1008 1198 1045 fructibus,
1221 1009 1322 1038 semina
1336 1008 1478 1047 mandunt,
1500 1017 1527 1040 et
1548 1010 1646 1040 herbas

75 1054 121 1084 καὶ
135 1058 244 1095 καρποῖς
259 1053 488 1094 εὖιινχῶνται,κα“ι
497 1052 657 1093 σπερμάτων
671 1052 846 1093 ἐφάπτονται,
897 1060 1013 1095 captant.
1028 1055 1086 1084 Hoc
1099 1061 1189 1084 autem
1203 1054 1271 1086 dicit
1286 1067 1292 1085 ε
1318 1055 1451 1086 Absumes
1472 1063 1571 1087 terram
1581 1079 1590 1095 ,
1615 1056 1644 1087 in

76 1100 121 1131 καὶ
133 1100 244 1140 βοτάνας
257 1099 467 1140 θηρῶσιν.Ἀλλὰ
478 1098 522 1128 διὰ
532 1102 578 1129 τοῦ
590 1100 682 1135 εἰπεῖν,
692 1100 747 1136 Γῆν
762 1102 844 1140 φαγῇ,
897 1101 944 1130 illa
955 1108 1073 1142 reptans.
1084 1100 1190 1132 Verum
1198 1101 1273 1131 aiunt
1281 1102 1392 1142 quidam
1405 1112 1414 1133 ι
1425 1103 1454 1133 Si
1463 1103 1589 1133 diabolus
1596 1102 1644 1133 de-
1683 1105 1706 1126 st
1718 1105 1796 1142 diano-

76 1149 153 1177 τοῧτο
172 1146 244 1186 λέγει
254 1157 261 1165 ·
276 1145 438 1183 δαπανήσει,
452 1145 533 1186 φησὶ,
554 1144 604 1182 τὴν
616 1146 676 1184 γῆν,
699 1146 742 1174 ἐπ’
764 1145 846 1181 αὐτὴν
897 1147 976 1186 cepit,
989 1157 1038 1175 eur
1052 1156 1162 1187 serpens
1185 1146 1400 1179 maledictionem
1411 1149 1530 1190 excipit?
1543 1149 1644 1180 Invisi—
1652 1135 1796 1188 Ιςᾪίζὶξξᾜὶζ

76 1193 268 1234 ε’ντριὸόμενος.
281 1191 361 1222 Ἀλλὰ
373 1191 480 1232 λέγουσί
492 1203 573 1225 τινες·
583 1192 608 1221 εἰ
619 1193 634 1221 ὁ
645 1191 765 1226 διάὸολος
779 1192 847 1228 ἠπά-
897 1191 981 1222 bilem
997 1192 1146 1223 daemonem
1163 1193 1296 1223 invisibili
1320 1194 1400 1234 plaga
1414 1195 1512 1232 afficit3
1536 1195 1644 1227 visibile
1653 1175 1768 1220 mateaiii-

76 1251 140 1276 τησε
149 1262 157 1276 ,
170 1239 214 1269 διὰ
225 1238 252 1268 τί
265 1241 279 1269 ὁ
292 1238 350 1279 ὄφις
362 1237 410 1274 τὴν
430 1237 548 1278 κατάραν
562 1237 682 1275 ἐδέξατο;
694 1238 749 1268 Τὸν
763 1238 844 1278 ἄόρα-
862 1241 881 1265 E
897 1238 1106 1268 instrumentum
1126 1238 1231 1270 visibili
1246 1240 1382 1280 supplicio
1401 1241 1520 1282 subjicit.
1534 1241 1645 1279 Quare?
1655 1231 1702 1250 ¹⁰²⁷

75 1297 120 1315 τον
131 1284 243 1324 δαίμονα
264 1284 367 1325 ἆοράτῳ
390 1283 511 1322 μαστίζει
532 1284 623 1324 πληγῇ
632 1295 639 1302 ·
659 1284 690 1314 τὸ
712 1283 845 1324 ὁρώμενον
897 1283 973 1314 Sicut
985 1286 1058 1315 Deus
1073 1284 1220 1315 invisibilis
1230 1295 1291 1315 cum
1306 1285 1352 1324 sit,
1363 1286 1473 1317 visibile
1482 1297 1645 1316 monumen-

75 1331 184 1371 ὄργανον
198 1330 318 1371 ὁρωμένῃ
331 1329 478 1359 &meduez
487 1329 612 1370 τιμωρίᾳ.
623 1329 676 1359 Διὰ
684 1329 712 1359 τί
716 1341 724 1366 ;
738 1329 844 1371 Ὥσπερ
896 1337 954 1360 tum
972 1329 1048 1361 dedit
1058 1330 1198 1360 arborem:
1218 1331 1257 1361 sic
1272 1330 1409 1370 diabolus,
1424 1332 1572 1363 invisibilis
1583 1344 1646 1363 cum

76 1376 186 1417 ἀόρατος
199 1376 237 1406 ὢν
258 1378 272 1406 ὁ
285 1376 371 1411 Θεὸς,
386 1375 482 1406 ἔδωκεν
495 1374 628 1416 ὁρώμενον
652 1375 798 1415 ὑπόμνημα
815 1377 846 1407 τὸ
897 1376 942 1414 sit,
970 1376 1093 1407 homines
1115 1388 1164 1418 per
1183 1385 1332 1418 serpentem
1352 1379 1510 1419 alloquitur.
1528 1380 1646 1421 Subjicit

77 1422 181 1463 δένδρον
193 1434 200 1441 ·
214 1422 296 1455 οὕτως
317 1421 427 1462 ἀόρατος
451 1422 487 1451 ὢν
510 1423 524 1451 ὁ
547 1421 683 1459 διάὸολος,
698 1421 845 1463 ἀνθρώποις
896 1432 960 1461 ergo
973 1424 1046 1452 Deus
1057 1430 1206 1463 serpentem
1221 1423 1422 1463 maledictioni,
1439 1432 1469 1455 ut
1488 1426 1511 1455 si
1528 1423 1572 1456 cui
1584 1427 1645 1457 dia-

75 1468 148 1509 λέγει
167 1468 211 1498 διὰ
229 1469 275 1497 τοῦ
298 1467 392 1508 ὄφεως.
406 1462 570 1498 Ὑποὸάλλει
583 1467 669 1497 τοίνυν
683 1469 698 1497 ὁ
711 1468 779 1502 Θεὸς
800 1468 844 1498 τὸν
898 1468 977 1498 bolus
998 1468 1062 1498 mali
1086 1467 1227 1509 quidpiam
1251 1469 1343 1499 fecerit
1353 1493 1361 1507 ,
1383 1478 1534 1511 serpentem
1562 1483 1644 1511 quem

76 1514 134 1554 ὄφιν
150 1513 262 1554 κατάρᾳ,
275 1512 318 1542 ἵνα
331 1512 380 1542 κᾶν
391 1513 454 1543 ’τὸν
466 1513 587 1543 διάὸολόν
599 1513 639 1547 τίς
651 1525 678 1543 τι
690 1513 786 1550 ἔπαθε,
800 1515 844 1544 τὸν
854 1513 971 1561 mvidet
989 1521 1136 1555 repentem,
1156 1514 1311 1545 recordetur
1329 1515 1395 1545 olim
1415 1524 1532 1547 erectum
1551 1518 1646 1556 fuisse,

77 1560 136 1600 ὄφιν
150 1559 193 1592 ἀεὶ
206 1559 310 1599 βλέπων
333 1558 475 1599 συρόμενον
489 1558 534 1588 τόν
553 1571 618 1589 ποτε
638 1559 843 1597 διανεστηκότα,
863 1570 883 1593 Α
898 1557 1058 1596 cogitetque,
1071 1558 1094 1587 si
1108 1558 1235 1597 nequitiae
1249 1559 1371 1589 minister
1383 1560 1421 1590 sic
1434 1561 1571 1601 plectitur,
1587 1564 1645 1603 ojus

77 1609 114 1640 εἷς
129 1606 277 1645 ὑπόμνησιν
296 1604 384 1645 λάὸῃ,
397 1604 438 1634 ὅτι
452 1606 475 1634 εἰ
495 1606 509 1634 ὁ
532 1605 662 1645 ὑπουργὸς
681 1607 729 1641 τῆς
752 1605 846 1639 κακίας
899 1610 992 1633 auctor
1004 1610 1102 1642 quanta
1114 1604 1451 1644 patiatur?Animadver1e
1465 1607 1557 1647 igitur.
1574 1609 1645 1639 Huic

77 1652 145 1683 οὕτω
156 1651 310 1687 κολάζεται,
325 1653 339 1680 ὁ
353 1649 495 1690 αὐτουργὸς
503 1649 602 1687 πόσον;
617 1650 738 1692 Πρόσεχε
749 1651 845 1682 τοίνυν.
899 1648 938 1678 rei
952 1648 1042 1678 affinia
1061 1648 1088 1678 in
1103 1650 1242 1689 evangelio
1255 1650 1444 1692 deprehendis.
1460 1654 1643 1691 Quemadmo-

76 1699 180 1730 Τούτου
200 1696 300 1738 ἀδελφὰ
313 1695 442 1736 εὑρίσκεις
461 1697 489 1725 ἐν
507 1698 547 1737 τῷ
571 1696 725 1737 ιῦαγγελίῳ,
740 1696 845 1738 Ὦσπερ
898 1694 965 1724 dum
974 1694 1045 1724 enim
1057 1695 1084 1724 in
1096 1695 1201 1726 visibili
1214 1704 1336 1737 serpente
1349 1698 1501 1737 loquentem
1515 1710 1568 1730 una
1582 1711 1645 1731 cum

77 1745 129 1786 γὰρ
144 1747 171 1775 ἐν
191 1746 230 1784 τῷ
253 1742 390 1784 ὁμμένῳ·
405 1742 463 1782 ὄφει
484 1742 530 1772 τὸν
552 1743 683 1772 λαλοῦντα
709 1742 845 1783 κατέκρινε
898 1750 930 1769 eo
943 1741 991 1779 qui
1005 1739 1151 1771 videbatur
1161 1742 1360 1781 condemnavit,
1375 1744 1414 1774 sic
1425 1751 1451 1775 et
1465 1745 1492 1774 in
1506 1747 1645 1786 evangelio

78 1791 146 1831 μετὰ
158 1793 205 1820 τοῦ
218 1789 351 1830 ὁρωμένου
360 1810 368 1825 ‚
380 1786 449 1818 οὕτω
462 1788 507 1818 καὶ
529 1789 556 1818 ἐν
576 1790 614 1829 τῷ
628 1788 786 1829 εὐαγγελίῳ,
801 1789 845 1819 ὅτε
899 1796 960 1816 cum
975 1785 1107 1816 daemonoe
1119 1787 1258 1818 Christum
1279 1797 1413 1829 rogarent,
1426 1800 1460 1820 ne
1477 1792 1646 1823 mitterentur

76 1840 101 1869 οἱ
115 1838 235 1878 δαίμονες
247 1836 336 1874 ἠξίουν
348 1834 393 1864 τὸν
406 1834 523 1875 Χριστὸν
536 1834 574 1874 μὴ
585 1837 735 1875 πεμφθῆναι
747 1836 784 1869 εἰς
796 1835 845 1871 τὴν
900 1830 927 1859 in
939 1830 1077 1871 abyssum,
1087 1830 1273 1874 ¹dicerentque,
1286 1834 1428 1864 Permitte
1439 1837 1523 1865 nobis
1532 1837 1564 1865 in
1576 1847 1643 1876 por·
1652 1851 1707 1874 Luc.
1719 1851 1741 1875 8.
1754 1852 1791 1874 3,,

77 1884 200 1919 ἄὸυσσον,
211 1882 310 1922 ἔλεγον,
321 1880 482 1921 Ἐπίτριψον
496 1882 561 1920 ἡμῖν
585 1882 710 1910 εἰσελθεῖν
731 1882 767 1915 εἰς
787 1881 846 1915 τοὺς
899 1886 949 1906 0⁰5
962 1877 1075 1916 ingredi
1086 1889 1096 1906 .-
1109 1877 1229 1917 permisit
1241 1878 1357 1919 ingredi,
1374 1887 1403 1910 ut
1417 1881 1567 1912 invisibiles
1581 1883 1644 1913 illos
1651 1883 1690 1907 32-

76 1929 196 1970 χοίρους·
210 1929 350 1969 ἐπέτρεψεν
365 1928 500 1963 εἰσελθεῖν,
522 1926 566 1956 ἵνα
579 1926 640 1961 τοὺς
657 1926 786 1967 ἀοράτως
799 1927 846 1958 σὺν
898 1933 961 1952 cum
973 1922 1130 1953 visibilibus
1142 1924 1300 1964 corporibus
1313 1926 1507 1967 submergeret.
1525 1929 1644 1959 Terram

77 1965 131 2010 ἑοῖς
155 1975 297 2016 ὁρωμένοις
321 1974 428 2014 σώμασι
462 1972 654 2013 καταποντίσῃ.
681 1974 736 2009 Γῆν
763 1976 845 2015 φαγῇ,
899 1969 1042 1998 comedes.
1053 1970 1228 2000 Inimicitias
1236 1981 1345 2010 ponam
1359 1974 1438 2003 inter
1456 1979 1484 2003 te
1502 1981 1530 2004 et
1541 1976 1646 2005 mulie-

77 2023 196 2063 Ἔχθρσν
210 2021 283 2058 θήσω
294 2020 344 2050 ἀνὰ
358 2019 437 2059 μέσον
457 2031 503 2049 σου
517 2018 562 2048 καὶ
575 2021 623 2055 τῆς
641 2019 772 2059 γυναικός.
787 2020 845 2057 Τὴν
899 2025 970 2045 rem·
980 2015 1130 2045 Amicitiam
1139 2016 1166 2045 in
1181 2016 1274 2047 odium
1287 2020 1413 2058 mutavit,
1428 2027 1454 2050 et
1467 2030 1554 2051 sermo
1560 2022 1587 2051 in
1604 2023 1644 2052 lc—

78 2069 167 2109 ῳλίαν
180 2069 217 2101 εἷς
241 2067 336 2107 ἔχθραν
359 2065 520 2105 μετέστησε,
543 2065 588 2094 καὶ
612 2064 691 2104 νόμος
711 2065 813 2105 ἐγένετο
832 2068 846 2095 ὁ
863 2061 881 2104 B'
899 2071 958 2101 gem
972 2072 1066 2091 versus
1076 2069 1125 2092 est.
1138 2062 1213 2092 Alias
1222 2064 1324 2105 quippe
1332 2065 1430 2096 bestias
1441 2068 1550 2098 student
1559 2069 1646 2098 homi-

77 2114 164 2154 λόγος.
176 2113 230 2143 Καὶ
240 2112 275 2141 τὰ
284 2111 331 2151 μὲν
341 2111 410 2141 ἄλλα
417 2110 496 2151 θηρία
511 2111 667 2141 σπεύδουσιν
682 2112 706 2140 οῖ
715 2111 846 2151 ἄνθρωποι
899 2117 945 2137 110⁵
952 2107 1054 2137 cicures
1066 2107 1190 2139 reddere:
1198 2117 1346 2150 serpentem
1359 2122 1423 2142 vcro
1431 2113 1453 2142 si
1463 2114 1523 2153 quis
1532 2114 1642 2151 viderit,

77 2160 233 2199 ἡμερῶσαι·
247 2157 304 2198 ὄφιν
319 2157 347 2186 δὲ
361 2156 406 2186 ἐάν
423 2169 463 2190 τις
480 2156 538 2196 ἴδῃ,
550 2156 684 2197 σφαδάζει.
699 2156 782 2186 Μένει
795 2157 846 2197 γὰρ
898 2153 988 2183 statim
1001 2154 1157 2185 concitatur.
1171 2156 1263 2185 Manet
1275 2157 1376 2198 quippe
1390 2158 1528 2189 decretum
1546 2172 1552 2190 ε
1575 2162 1643 2189 Ini-

77 2208 91 2235 ὁ
104 2205 177 2246 ὅρος·
189 2204 308 2244 Ἔχθραν
330 2202 403 2238 θήσω
416 2202 466 2232 ἀνὰ
487 2202 565 2241 μέσον
581 2214 636 2232 σου.
649 2202 706 2232 Κᾶν
728 2204 755 2232 ἐν
777 2203 847 2243 οἰκίᾳ
899 2200 1024 2228 micitia-³
1040 2210 1148 2239 ponam
1162 2202 1239 2231 inter
1256 2209 1292 2232 te.
1309 2204 1423 2234 Etiamsi
1439 2205 1513 2235 domi
1533 2205 1643 2239 viderit,

77 2251 137 2291 ἴδῃ,
151 2253 274 2291 φονεῦσαι
289 2247 359 2278 θέλει
369 2259 376 2266 ·
391 2247 440 2276 κᾶν
453 2248 480 2276 ἔν
500 2249 551 2287 ὁδῷ
577 2247 637 2287 ἴδῃ,
653 2248 774 2287 μαίνεται
797 2259 847 2288 φο-
899 2254 992 2274 necare
1004 2245 1091 2286 cupit.
1105 2245 1134 2276 Si
1149 2246 1177 2276 in
1192 2246 1235 2277 via
1247 2248 1357 2285 viderit,
1371 2250 1461 2279 furore
1473 2251 1508 2280 ad
1523 2251 1644 2280 occiden—

76 2300 176 2327 νεῦσαι,
193 2295 294 2326 Νύσσει
316 2294 367 2333 γὰρ
382 2293 459 2322 αὐτὸν
473 2295 487 2322 ὁ
506 2295 616 2333 ἀρχαῖος
632 2293 718 2333 λόγος.
742 2293 847 2333 Μυρίας
899 2289 965 2320 dum
977 2291 1072 2321 fertur.
1086 2291 1216 2322 stimulat
1229 2304 1290 2323 eum
1303 2302 1379 2324 vetus
1388 2296 1526 2325 sententia.
1541 2296 1570 2326 Si
1580 2307 1643 2325 scx-

78 2343 123 2373 ἐὰν
135 2344 172 2383 δῷ
185 2341 291 2381 πληγὰς
311 2341 349 2380 τῷ
373 2339 443 2379 ὄφει,
457 2338 502 2367 ἐὰν
529 2337 572 2377 ἴδῃ
594 2338 644 2375 τὴν
664 2338 781 2379 κεφαλὴν
808 2340 846 2378 μὴ
900 2344 987 2368 oentas
1005 2338 1098 2379 plagas
1117 2342 1237 2380 serpenti
1249 2342 1381 2378 intulerit,
1396 2342 1539 2381 videatque
1562 2349 1642 2382 caput

77 2391 230 2428 τρωθεῖσαν,
253 2386 347 2419 εὐθέως
371 2389 552 2425 παρεγγυᾶται
576 2385 615 2424 τῷ
635 2385 778 2424 ἐφεστῶτι·
797 2386 846 2422 τὴν
899 2393 951 2414 non
965 2384 1148 2423 vulneratum,
1169 2386 1259 2416 statim
1279 2394 1368 2416 monet
1385 2399 1391 2415 :
1408 2389 1495 2426 Caput
1512 2387 1643 2427 serpentis

79 2434 195 2473 κεφαλὴν
213 2433 261 2461 οὐκ
275 2430 388 2467 ἔπληξας
402 2432 447 2460 τοῦ
461 2430 477 2459 ὅ
497 2442 563 2466 εως,
583 2429 652 2460 κατὰ
670 2431 719 2466 τῆς
731 2432 846 2471 κεφαλῆς
898 2439 951 2460 non
966 2430 1130 2471 percussisti,
1147 2439 1226 2471 caput
1236 2432 1283 2461 seri
1296 2444 1302 2466 ;
1322 2432 1449 2471 quoniam
1463 2433 1536 2461 Deus
1549 2432 1615 2462 dicit
1631 2446 1638 2462 ε

81 2481 205 2518 κροῦσον·
220 2477 314 2512 ἐπειδὴ
335 2478 349 2506 ὁ
369 2476 438 2509 Θεὸς
463 2442 543 2514 εἶπεν,
562 2475 646 2509 Αὐτός
669 2487 715 2506 σου
736 2477 845 2517 τηρήσει
900 2478 966 2515 Ipse
978 2478 1142 2507 observabit
1166 2483 1253 2516 caput
1273 2484 1364 2514 taum,
1379 2484 1406 2507 et
1429 2484 1458 2507 tu
1475 2479 1640 2508 observabis

116 2576 126 2586 “
146 2574 231 2606 [Fun.
245 2575 280 2599 διὰ
293 2573 374 2604 τὸνδ.]
