1890 2826
77 2183 84 2197 ι
92 2192 98 2198 .
117 2176 178 2199 Tim.
190 2175 212 2198 3.

223 203 269 246 42

221 281 351 309 ctatores;
374 285 460 313 neque
481 274 535 305 viri
557 275 656 311 solum,
675 273 723 303 sed
741 280 767 303 et
786 273 913 303 mulieres
931 282 966 301 ex

222 321 376 361 longinquis
397 321 554 362 regionibus
572 322 721 364 venientes,
736 321 804 351 hanc
817 321 902 350 solam
921 330 967 360 pe-

222 368 412 408 regrinationis
424 379 531 398 causam
550 369 695 405 habebant,
710 378 806 408 nempe
817 375 847 397 ut
861 378 896 397 ex
907 368 966 407 ejus

222 425 288 444 voce
303 414 444 456 quidpiam
464 415 609 445 ediscerent
628 422 654 445 et
673 414 814 444 audirent:
831 413 879 443 sed
892 421 922 443 ut
931 414 967 443 ad

222 462 327 491 senium
349 462 487 502 pervenit,
512 462 629 491 multum
656 461 691 491 de
716 461 817 491 virtute
837 461 964 492 detraxit.

221 508 311 547 Hujus
327 518 393 538 vero
413 514 488 547 pater
504 507 597 537 beatus
609 506 700 538 David
723 517 804 546 grave
817 505 888 535 illud
903 517 968 547 pec-

563 213 591 235 S.
620 211 760 235 JOANMS
786 210 969 234 cunvsosT.
999 210 1155 234 ARCHIEP.
1182 211 1454 235 CONSTANTINOP-

1018 275 1089 302 θεσιν
1101 267 1182 313 εἶχον,
1192 273 1223 302 τὸ
1240 275 1332 312 μαθεῖν
1343 285 1370 303 τι
1383 272 1428 303 καὶ
1449 273 1560 302 ἀκοῦσαι
1572 272 1645 312 παρὰ
1658 274 1705 308 τῆς
1718 272 1790 302 ἐκεί-

1019 329 1062 347 νου
1075 321 1175 358 φωνῆς·
1201 318 1292 355 ἐπειδὴ
1313 319 1340 348 δὲ
1367 321 1403 353 εἰς
1426 320 1509 359 γῆρας
1528 314 1592 354 ἦλθε
1604 341 1612 355 ,
1632 319 1724 358 πολλῷ
1741 319 1791 354 τ’ἥς

1020 365 1115 404 ἀρετῆς
1129 366 1274 405 καθυφῆκε.
1288 365 1342 395 Καὶ
1355 367 1369 394 ὁ
1382 364 1474 394 τούτου
1489 363 1517 394 δὲ
1530 363 1619 404 πατὴρ
1633 366 1646 392 ὁ
1662 363 1791 404 μακάριος

1019 411 1103 440 Δαυὶδ
1124 410 1173 447 τὴν
1199 410 1320 451 χαλεπὴν
1330 411 1461 451 ἁμαρτίαν
1473 409 1717 452 ἐκείνηνιοῦχῆνίκα
1728 415 1793 444 παῖς

1019 457 1064 486 καὶ
1079 457 1214 498 μειράκιον
1228 452 1278 493 ἦν,
1301 457 1360 487 ἀλλ’
1385 456 1464 493 ἡνίκα
1485 456 1535 493 τὴν
1555 455 1660 492 ἡλικίαν
1673 455 1790 496 ὓπερέὸη

1018 502 1117 539 ταύτην
1128 525 1136 539 ,
1153 502 1212 532 τότε
1223 501 1351 543 ἥμαρτεν.
1365 501 1434 533 Ὅτε
1449 502 1476 532 δὲ
1490 501 1594 532 παιδίον
1605 501 1699 541 μικρὸν
1713 501 1790 541 ἐτύγ-

221 560 310 582 catum
322 563 376 582 non
389 564 452 582 cum
462 554 571 594 juvenis
584 559 610 583 et
623 564 692 593 puer
705 559 782 589 esset,
794 552 840 583 sed
852 564 915 582 cum
928 553 964 582 il·
979 573 1003 592 ,θ
1018 561 1097 589 χανεν
1108 548 1147 584 ὃν,
1163 548 1208 579 καὶ
1217 547 1341 589 τρόπαια*
1355 548 1483 584 ἀνέστησε
1497 547 1647 587 θαυμαστὸν
1659 570 1667 582 ι
1679 546 1725 577 καὶ
1745 547 1790 576 τὸν

221 599 276 627 lam
299 606 402 628 aetatem
429 606 633 641 praetergressus
654 606 723 628 esset
746 605 811 628 tunc
831 598 963 639 peccavit.
982 601 1001 624 Α

223 646 297 674 Cum
320 651 410 674 autem
434 646 564 686 puerulus
588 652 664 682 esset,
691 644 814 675 mirabile
834 652 966 684 tropaeum

221 693 315 729 erexit,
334 693 480 722 barbarum
494 692 649 733 prostravit,
669 702 828 731 omnemque
840 691 966 721 exhibuit

221 738 431 778 philosophiam,
453 749 538 778 neque
556 738 745 778 impedimento
754 738 883 778 juventus
901 738 964 773 fuit,

221 785 366 823 quominus
385 785 444 814 haec
463 785 590 825 praeclara
610 791 682 824 gesta
702 784 800 814 ederet.
822 784 966 815 Jeremiam

221 841 329 869 quoque
339 831 388 869 qui
410 831 494 860 aetatis
507 830 611 860 obicem
625 830 767 870 objiciebat
778 836 808 859 ut
821 837 964 866 recusaret,

222 887 274 905 non
287 876 396 906 admisit
405 878 491 914 Deus,
502 876 550 906 sed
563 876 659 906 eduxit
670 875 704 905 ad
723 876 855 916 populum
867 876 963 906 Juda'i-

221 933 295 960 cum,
313 923 403 963 ipsum
417 922 488 952 nihil
506 922 569 952 inde
582 922 708 962 impediri
720 921 823 958 dicens,
842 922 866 951 si
880 929 967 952 mente

223 969 302 998 firma
309 968 438 1009 praeditus
447 975 525 998 esset.
538 969 606 1005 Hac,
614 968 668 997 imo
673 967 759 996 multo
766 967 869 996 minore
880 974 964 1005 aetate,

221 1025 297 1044 senes
310 1014 407 1045 Daniel
415 1013 560 1054 judicavit.
569 1014 605 1043 Et
615 1013 703 1044 Josias
711 1023 744 1042 ne
757 1013 848 1042 decem
857 1012 967 1051 quidem

221 1071 305 1090 annos
323 1068 410 1097 natus,
431 1061 459 1090 in
479 1059 582 1089 solium
602 1058 678 1099 regni
693 1058 830 1095 ascendit,
851 1065 970 1097 tuncque
984 1059 1002 1082 Β

223 1108 351 1143 florebat;
377 1106 425 1136 sed
439 1113 529 1147 postea
550 1106 687 1135 tantillum
706 1104 833 1144 delapsus
847 1104 875 1134 in
889 1104 968 1144 ignat

222 1154 306 1187 viam.
320 1153 448 1184 virtutem
463 1152 546 1182 animi
559 1151 740 1181 labefactavit.
757 1149 832 1188 Quid
846 1161 909 1180 vero
922 1151 970 1181 Jo-

222 1199 288 1240 scph
296 1199 310 1228 Ρ
322 1201 419 1229 Annon
430 1198 550 1239 juvenis,
565 1204 591 1227 et
600 1196 749 1226 admodum
755 1196 875 1236 juvenis,
889 1207 970 1235 grave

222 1245 294 1274 illud
307 1245 410 1275 bellum
423 1245 550 1284 suscepit,
565 1254 619 1272 nou
633 1242 763 1272 adversus
775 1241 907 1278 homines,
921 1242 969 1272 sed

223 1291 351 1321 adversus
371 1291 456 1330 ipsam
471 1297 572 1319 natura}
591 1287 760 1329 tyrannidem
773 1287 924 1325 decertans,
942 1295 969 1318 et

222 1349 257 1367 ex
275 1337 364 1367 media
382 1338 489 1366 fornace
509 1336 671 1375 flammaque
693 1334 796 1370 multo,
816 1344 897 1372 quam
921 1333 969 1363 illa

222 1385 345 1420 Persica,
367 1383 508 1423 graviore,
531 1382 631 1411 illaesus
651 1380 773 1417 exsiliit,
792 1390 845 1409 non
867 1380 968 1417 minus,

223 1442 304 1470 quam
313 1438 367 1460 tres
380 1430 421 1460 illi
437 1429 525 1470 pueri,
540 1429 597 1458 sine
607 1427 706 1457 damno
720 1427 852 1456 manens?
865 1428 968 1464 Quem-

223 1477 371 1507 admodum
389 1476 461 1506 enim
486 1475 527 1504 illi
551 1484 665 1514 corpora
686 1484 748 1503 cum
775 1472 841 1512 ipsis
864 1473 971 1513 capillis

223 1524 307 1553 illaesa
324 1531 388 1553 tunc
410 1522 509 1562 egressi
530 1520 714 1557 ostenderunt,
736 1530 770 1549 ex
788 1520 860 1549 fonte
878 1519 969 1559 potius

222 1581 304 1609 quam
317 1580 352 1599 ex
364 1570 470 1598 fornace
489 1574 616 1597 exeuntes
636 1578 643 1595 ι
660 1565 698 1595 sic
711 1573 737 1595 et
759 1566 808 1595 iste
827 1565 855 1594 in
879 1573 967 1595 certa—
983 1565 1001 1589 C

222 1617 306 1652 mine,
320 1627 354 1645 ex
368 1615 503 1655 AEgyptiae
517 1613 642 1643 manibus
654 1613 776 1652 elapsus,
790 1612 867 1650 exiit,
882 1622 968 1652 neque

223 1675 238 1692 a
250 1670 333 1700 tactu,
349 1673 435 1701 neque
448 1673 463 1690 a
477 1660 578 1696 verbis,
592 1670 678 1699 neque
696 1659 731 1689 ab
747 1666 867 1699 aspectu,
881 1669 967 1698 neque

223 1721 239 1739 a
251 1709 426 1745 vestimentis,
442 1717 528 1747 neque
541 1707 575 1736 ab
589 1706 742 1746 unguentis,
756 1716 815 1744 quae
828 1706 968 1736 sarmentis

222 1762 250 1785 et
262 1756 322 1796 pice
335 1755 513 1785 ardentiorem
530 1752 750 1792 concupiscentiae
772 1752 908 1782 flammam
921 1763 966 1782 ac-

223 1801 388 1839 cendebant;
412 1810 499 1838 neque
517 1799 552 1828 ab
571 1805 646 1828 aetate
674 1797 808 1838 ejusmodi
827 1797 968 1838 quidpiam

222 1857 317 1887 passus
339 1853 390 1883 est,
405 1845 486 1885 quale
499 1851 529 1874 ut
550 1845 631 1874 homo
650 1843 707 1884 pati
722 1853 800 1883 posse
811 1843 966 1873 videbatur.

222 1896 262 1923 Ac
275 1900 328 1922 tres
351 1892 394 1922 illi
405 1891 495 1932 pueri,
510 1891 539 1919 in
553 1890 612 1930 ipso
622 1890 775 1930 juventutis
789 1889 855 1919 flore
866 1897 891 1920 et
904 1901 970 1920 ven-

220 1946 289 1969 trem
299 1944 473 1979 superarunt,
488 1943 515 1967 et
527 1936 622 1965 mortis
633 1934 805 1965 formidinem
815 1936 968 1973 calcarunt,

222 1992 379 2023 tantumque
397 1983 546 2013 exercitum
562 1983 736 2021 furoremque
748 1981 819 2021 regis
838 1982 896 2022 ipsa
915 1983 968 2012 sor-

222 2041 287 2061 nace
307 2029 487 2059 ardentiorem
503 2029 635 2065 vicerunt,
657 2027 781 2067 nihilque
801 2028 863 2057 illos
879 2036 969 2058 exter-

1019 595 1151 636 βάρὸαρον
1164 595 1323 635 κατήνεγκε,
1349 594 1395 625 καὶ
1411 599 1500 624 πᾶσαν
1520 593 1668 628 ἐπεδείξατο
1682 594 1791 634 φιλοσο-

1017 641 1078 681 φίαν
1088 663 1096 676 ,
1110 641 1155 671 καὶ
1169 640 1242 671 οὐδὲν
1256 643 1273 677 ἡ
1289 640 1379 677 νεότης
1391 641 1463 680 αὐτῷ
1476 640 1541 679 πρὸς
1550 639 1584 669 τὰ
1596 638 1791 680 κατορθώματα

1016 689 1100 716 ταῦτα
1115 686 1227 726 κώλυμα
1238 686 1339 726 γέγονε.
1354 686 1408 716 Καὶ
1428 686 1472 716 τὸν
1489 686 1618 727 Ἱερεμίαν
1632 686 1659 716 δὲ
1674 685 1723 722 τὴν
1737 685 1791 715 ἀπὸ

1015 735 1063 768 τῆς
1074 733 1178 769 ἡλικίας
1191 732 1405 773 προὸαλλόμενον
1414 733 1574 772 παραίτησιν
1586 733 1633 762 οὒκ
1644 732 1790 767 ἀπεδέξατο

1016 781 1030 808 ὁ
1043 779 1127 815 Θεὸς,
1151 780 1209 808 ἀλλ’
1223 778 1349 818 ἐξήγαγεν
1363 778 1408 809 ἐπὶ
1416 778 1461 808 τὸν
1473 781 1526 808 τῶν
1541 778 1672 808 Ἰουδαίων
1687 779 1789 817 δῆμον,

1016 825 1090 854 οὐδὲν
1102 826 1217 855 ἐντεῦθεν
1229 825 1306 855 αὐτὸν
1318 825 1466 855 κωλύεσθαι
1476 823 1560 864 λέγων
1570 846 1579 860 ,
1594 826 1616 854 εἶ
1629 823 1663 853 τὰ
1677 826 1725 860 τῆς
1735 825 1791 854 δια-

1015 870 1085 903 νοίας
1092 870 1228 911 ἐῤῥωμένα
1237 870 1290 906 εἴη.
1300 870 1408 906 Ταύτην
1423 870 1493 909 ἄγων
1503 870 1551 905 τὴν
1565 869 1679 907 ἡλικίαν,
1689 869 1790 908 μᾶλλον

1017 916 1045 946 δὲ
1067 917 1111 946 καὶ
1135 916 1234 953 ταύτης
1247 916 1376 946 ἐλάττονα
1389 917 1483 956 πολλῷ
1493 937 1501 951 ,
1526 914 1586 949 τοὺς
1599 915 1792 955 πρεσὸυτέρους

1018 964 1116 1003 ἔκρινεν
1127 965 1141 992 ὁ
1153 963 1267 999 Δανιήλ.
1279 963 1333 992 Καὶ
1347 962 1452 996 Ἰωσίας
1467 962 1495 992 δὲ
1509 962 1568 992 οὐδὲ
1580 961 1643 991 δέκα
1653 961 1697 997 ἔτη
1712 973 1791 1000 γεγο-

1017 1008 1068 1042 νὼς
1081 1009 1131 1039 ὅλα
1141 1031 1149 1046 ,
1174 1009 1219 1038 ἐπὶ
1243 1008 1288 1038 τὸν
1310 1010 1358 1044 τῆς
1373 1007 1508 1048 βασιλείας
1526 1007 1607 1043 civ-46⁷1
1622 1007 1726 1047 Θρόνον·
1746 1007 1791 1037 καὶ

1018 1054 1078 1084 τότε
1094 1054 1142 1094 μὲν
1165 1054 1299 1093 εὐδοκίμει
1309 1076 1318 1091 ,
1342 1054 1412 1093 μετὰ
1431 1054 1458 1084 δὲ
1472 1057 1557 1083 ταῦτα
1577 1053 1792 1093 κατολιγωρήσας

1021 1101 1127 1140 μικρὸν,
1145 1100 1292 1139 ἐλυμήνατο
1304 1099 1353 1136 τὴν
1364 1102 1411 1135 τ’ἥς
1424 1101 1512 1140 ψυχῆς
1532 1099 1639 1139 ἀρετήν.
1666 1101 1691 1128 Τ
1693 1099 1702 1128 ί
1727 1099 1754 1128 δὲ
1777 1102 1792 1129 ὁ

1021 1145 1139 1186 ’Ῐωσήφ;
1156 1146 1226 1186 Οὐχὶ
1239 1146 1295 1179 νέος
1309 1145 1360 1181 ὢν,
1374 1145 1420 1175 καὶ
1430 1147 1530 1186 σφόδρα
1539 1145 1604 1181 νέος,
1618 1145 1662 1174 τὸν
1673 1145 1790 1185 χαλεπὸν

1020 1194 1117 1222 ἐκεῖνον
1129 1191 1246 1222 ἀνείλετο
1256 1191 1372 1231 πόλεμον
1380 1213 1388 1227 ,
1400 1191 1460 1232 οὐχὶ
1470 1192 1536 1232 πρὸς
1549 1191 1699 1231 ἀνθρώπους
1706 1213 1713 1227 ,
1723 1191 1792 1221 ἀλλὰ

1019 1238 1084 1277 πρὸς
1104 1239 1186 1274 αὐτὴν
1205 1241 1252 1274 τῆς
1272 1238 1373 1278 φύσεως
1388 1237 1436 1273 τὴν
1457 1237 1598 1278 τυραννίδα
1625 1237 1791 1277 μαχόμενος,

1019 1283 1063 1312 καὶ
1075 1285 1105 1313 ἐκ
1119 1283 1199 1323 μέσου
1211 1283 1322 1323 καμίνου
1334 1283 1379 1314 καὶ
1393 1282 1487 1324 φλογὸς
1499 1282 1567 1312 πολὺ
1582 1286 1592 1299 ’
1601 1285 1647 1318 τῆς
1656 1284 1793 1322 Περσικῆς

1018 1329 1206 1370 χαλεπωτέρας
1214 1330 1373 1366 ἐξεπήδησεν
1387 1329 1495 1366 ἀσινὴς,
1518 1331 1572 1358 τῶν
1586 1331 1665 1369 τριῶν
1690 1328 1791 1358 παίδων

1019 1377 1067 1404 οὒκ
1080 1375 1187 1405 ἔλαττον
1202 1375 1321 1411 ἀὸλαὸὴς
1341 1374 1487 1414 διαμείνας;
1506 1374 1613 1414 ”Ωσπερ
1625 1376 1675 1414 γὰρ
1697 1376 1791 1404 ἐκεῖνοι

1020 1422 1054 1451 τὰ
1069 1421 1182 1461 σώματα
1203 1424 1260 1461 μετ’
1274 1423 1360 1451 αὗτῶν
1372 1423 1425 1450 τῶν
1437 1423 1536 1461 τριχῶν
1548 1420 1660 1461 ἀκέραια
1673 1421 1733 1450 τότε
1747 1421 1790 1455 ε’ξ-

1021 1467 1163 1508 αγαγόντες
1177 1467 1292 1505 ἔδειξαν,
1314 1470 1350 1501 ὣς
1363 1468 1416 1497 ἀπὸ
1435 1469 1523 1507 πηγῆς
1535 1468 1635 1506 μᾶλλον
1650 1467 1667 1502 ἢ
1679 1467 1790 1506 καμίνου

1021 1513 1144 1548 ἐξιόντες·
1160 1514 1228 1544 οὕτω
1243 1513 1274 1550 δὴ
1285 1513 1330 1543 καὶ
1344 1509 1417 1547 οὗτος
1440 1512 1512 1543 Ι”ι·ι’ἱ3ν
1529 1514 1556 1542 ἐν
1570 1515 1652 1552 ἀγῶνι
1665 1515 1712 1549 τῆς
1740 1515 1790 1543 Αἰ-

1019 1560 1132 1599 γυπτίας
1153 1561 1252 1600 χειρῶν
1264 1559 1426 1599 ἀπαλλαγεὶς
1436 1580 1444 1594 ,
1466 1558 1553 1599 ἐξῄει,
1582 1558 1650 1597 μήτε
1673 1553 1726 1588 ἀπὸ
1744 1561 1791 1595 τῆς

1019 1608 1087 1647 ἁφῆς
1095 1629 1103 1643 ,
1117 1606 1183 1646 μήτε
1198 1606 1251 1636 ἀπὸ
1263 1607 1316 1635 τῶν
1330 1605 1454 1646 ῥημάτων
1465 1627 1473 1642 ,
1486 1604 1554 1644 μήτε
1566 1605 1619 1634 ἀπὸ
1631 1607 1678 1640 τῆς
1691 1605 1790 1645 ὄψεως,

1019 1653 1086 1692 μήτε
1099 1653 1152 1683 ἀπὸ
1166 1655 1217 1682 τῶν
1228 1651 1350 1692 ἱματίων,
1365 1652 1432 1691 μήτε
1449 1651 1502 1681 ἀπὸ
1513 1654 1566 1680 τῶν
1581 1651 1680 1690 μύρων,
1693 1650 1710 1680 ἃ
1723 1652 1791 1687 κλη-

1019 1699 1127 1739 ματίδος
1145 1698 1190 1729 καὶ
1206 1698 1304 1734 πίσσης
1318 1697 1507 1738 χαλεπωτέραν
1522 1699 1623 1733 ἀνῆπτε
1636 1699 1685 1733 τῆς
1698 1699 1791 1727 ἐπιθυ-

1019 1744 1080 1784 μίας
1094 1744 1142 1781 ·ι-ὴν
1155 1744 1239 1785 φλόγα
1250 1766 1259 1781 ‚
1280 1743 1348 1783 μήτε
1363 1745 1409 1773 ἀπ’
1425 1745 1506 1779 αὐτῆς
1522 1745 1569 1779 τῆς
1582 1743 1686 1779 ἡλικίας
1700 1743 1791 1774 παθών

1018 1803 1046 1820 τι
1059 1793 1174 1821 τοιοῦτον
1185 1813 1194 1828 ,
1216 1786 1269 1820 οἷον
1283 1789 1352 1823 εἰκὸς
1364 1789 1502 1830 ἄνθρωπον
1522 1790 1584 1819 ὄντα
1607 1792 1710 1819 παθεῖν.
1738 1791 1792 1820 Καὶ

1020 1836 1094 1867 αὐτοὶ
1108 1837 1135 1866 δὲ
1146 1837 1170 1866 οἱ
1181 1837 1273 1870 παῖδες
1286 1837 1311 1866 οἱ
1324 1839 1394 1876 τρεῖς
1411 1831 1484 1865 οὗτοι
1494 1837 1521 1865 ἐν
1536 1838 1608 1876 αὐτῷ
1621 1837 1670 1870 τῆς
1688 1836 1793 1872 ἡλικίας

1019 1883 1091 1916 ὄντες
1107 1885 1145 1923 τῷ
1158 1882 1248 1918 ἄνθει,
1260 1881 1305 1911 καὶ
1314 1881 1429 1922 γαστρὸς
1441 1881 1590 1921 ἐκράτησαν
1599 1904 1607 1917 ,
1621 1881 1666 1910 καὶ
1680 1881 1792 1911 θανάτου

1020 1928 1100 1969 φόὸον
1113 1928 1262 1964 ἐπάτησαν,
1274 1927 1319 1957 καὶ
1328 1927 1506 1968 στρατοπέδω
1516 1927 1641 1957 τοσούτου
1655 1927 1700 1956 καὶ
1714 1930 1792 1967 βασι-

1019 1974 1086 2008 λέως
1100 1975 1181 2010 αὐτῆς
1193 1977 1242 2011 τῆς
1253 1973 1364 2013 καμίνου
1385 1973 1557 2014 σφοδρότερον
1572 1973 1691 2014 ἀφιέντος
1712 1973 1793 2013 θυμὸν

1020 2020 1214 2061 περιεγένοντο,
1242 2019 1287 2050 καὶ
1307 2019 1381 2049 οὐδὲν
1406 2018 1499 2052 αὐτοὺς
1529 2018 1692 2056 κατέπληξεν
1701 2040 1710 2054 ,
1733 2021 1792 2049 ἀλλ’

221 2077 289 2113 ruit,
302 2075 350 2105 sed
360 2081 510 2104 constanter
520 2081 675 2103 manserunt
687 2074 778 2103 animo
792 2074 903 2104 minime
912 2085 968 2104 ser·
985 2079 1004 2102 D
1020 2067 1125 2106 ἔμεῑναν
1135 2067 1260 2102 διηνῑκῑῗκ
1274 2065 1421 2096 asomum*
1434 2065 1466 2095 τὸ
1476 2065 1599 2106 φρόνημα
1620 2065 1733 2105 {gome
1751 2067 1792 2096 0¹⁹³

222 2123 273 2154 vili
294 2120 426 2151 instructi.
444 2122 504 2151 Non
527 2120 610 2160 igitur
623 2126 726 2149 aetatem
752 2119 893 2149 traducens
910 2114 970 2151 'liaec

223 2169 311 2198 dicit:
337 2166 557 2207 quandoquidem
576 2173 602 2195 et
625 2165 726 2196 Paulus
748 2176 810 2195 cum
828 2167 865 2196 ait
881 2180 887 2196 τ
902 2168 970 2197 Νοη

226 2216 416 2254 neophytum,
434 2223 470 2241 ne
484 2214 515 2242 in
534 2213 698 2252 superbiam
718 2212 826 2249 elatus,
841 2215 872 2242 ἰη
884 2214 970 2253 judi—

224 2263 300 2290 cium
315 2260 427 2290 incidat
445 2259 568 2294 diaboli,
585 2268 638 2287 non
658 2264 733 2287 aetate
748 2259 876 2298 juvenem
889 2259 968 2297 dicit,

224 2307 272 2347 sed
292 2316 383 2336 recens
403 2305 564 2345 plantatum,
590 2303 619 2333 id
630 2310 680 2340 est,
703 2304 876 2344 institutum;
890 2305 970 2346 plan-

256 2419 267 2430 ·
284 2416 327 2440 Τῆς
343 2415 461 2445 Περσικῆς.
474 2409 616 2433 Fornaccm
628 2414 703 2433 vocat
715 2409 839 2433 Persicam
852 2408 922 2434 illam
933 2411 982 2435 Ba-

223 2450 371 2484 bylonicum
379 2449 406 2474 in
417 2457 494 2482 quam
506 2454 556 2473 tres
564 2449 634 2480 pueri
645 2449 754 2481 conjecti
765 2454 833 2473 sunt.
847 2449 904 2473 Jam
917 2458 982 2482 saepe

223 2489 342 2520 vidimus,
353 2488 481 2522 Assyriam
492 2492 518 2513 et
529 2485 695 2520 Babyloniam
707 2485 834 2512 Persidem
842 2496 857 2512 a
868 2486 981 2522 Chryso—

223 2534 306 2554 stomo
318 2526 413 2553 vocari.

260 2568 275 2587 b
291 2567 341 2592 nic
350 2565 449 2592 videtur
461 2563 564 2599 aliquod
574 2565 664 2590 vitium
674 2563 781 2590 subesse.
797 2564 894 2591 Boisius
901 2564 984 2599 legen-

224 2605 285 2631 dum
299 2611 371 2638 putat
383 2612 427 2632 τῶν
438 2608 521 2637 ἐναγῶν
541 2609 580 2633 τῆς
597 2607 715 2636 Αἰγυπτίας
733 2611 815 2639 χειρῶν
831 2607 983 2637 ἀπαλλαγείς,

1021 2112 1106 2142 τοίνυν
1124 2112 1172 2149 τὴν
1195 2111 1301 2148 ἡλικίαν
1329 2110 1478 2141 διαὸοίλλων
1501 2110 1586 2140 ταῦτά
1609 2123 1704 2151 φησιν·
1735 2111 1794 2141 ἐπεὶ

1021 2159 1066 2189 καὶ
1077 2161 1091 2189 ὃ
1102 2159 1208 2192 Παῦλος
1216 2179 1225 2194 ,
1238 2158 1300 2188 ὅταν
1313 2157 1377 2198 λέγῃ
1385 2179 1394 2193 ,
1409 2157 1456 2194 Μὴ
1484 2158 1621 2198 νεόφυτον,
1635 2157 1678 2187 ἵνα
1693 2157 1730 2197 μὴ
1744 2170 1794 2187 τυ-

1021 2205 1114 2246 φωθεὶς
1127 2207 1164 2239 εἰς
1179 2204 1262 2246 κρίμα
1277 2204 1381 2244 ἐμπέσῃ
1401 2206 1447 2234 τοῦ
1462 2204 1586 2234 διαὸόλου
1595 2227 1604 2241 ,
1631 2205 1661 2234 οὗ
1677 2204 1720 2234 τὸν
1735 2204 1793 2234 νέον

1021 2257 1069 2293 τὴν
1093 2256 1198 2292 ἡλικίαν
1217 2255 1313 2296 φησὶν,
1340 2255 1410 2285 ἀλλὰ
1433 2255 1478 2285 τὸν
1504 2255 1599 2285 νεωστὶ
1613 2255 1771 2296 φυτευθέντα
1785 2279 1795 2293 ,

1019 2305 1152 2343 τουτέστι,
1173 2305 1373 2346 κατηχηθέντα·
1396 2307 1522 2346 φυτεῦσαι
1534 2306 1585 2346 γὰρ
1596 2306 1627 2335 τὸ
1639 2307 1794 2347 κατηχῆσαί

1032 2411 1135 2443 impuris
1154 2418 1197 2435 seu
1217 2410 1378 2435 exsecrandis
1396 2409 1533 2444 AEgrptiae
1552 2410 1670 2435 manibus
1680 2410 1790 2444 elapsus.

1031 2450 1086 2483 Ego
1103 2447 1153 2475 levi
1175 2449 1370 2482 transpositione
1380 2449 1416 2473 sic
1427 2457 1458 2473 ex
1468 2449 1615 2482 conjectura
1633 2449 1750 2480 restituo,
1770 2454 1793 2476 ιν

1031 2493 1100 2521 ἀγῶνι
1111 2494 1164 2519 τῶν,
1175 2488 1210 2513 In
1222 2488 1353 2513 cce-tamine
1363 2496 1396 2512 e:
1407 2487 1546 2522 AEgypiioe
1556 2487 1672 2512 manibus
1679 2488 1791 2522 elapsus.

1033 2528 1098 2552 Nam
1106 2531 1274 2563 ἐναγῶνχιιρῶν
1283 2535 1334 2553 non
1345 2525 1438 2561 placet,
1449 2535 1495 2552 nec
1503 2528 1555 2553 scio
1562 2535 1594 2552 an
1608 2526 1792 2561 chrysostomo

1034 2567 1060 2592 in
1069 2575 1113 2591 usu
1121 2568 1162 2593 sit.
