1890 2826
58 622 123 643 Psal.
138 620 174 650 48.

60 658 94 680 ¹3)-

60 990 77 1003 ι.
93 982 143 1005 Cur.
159 989 193 1005 10⁴

60 1020 93 1034 ll.

57 1373 147 1424 galdum
173 1371 186 1393 3
192 1389 196 1394 .

55 1772 104 1792 ,Ιεικ
134 1771 173 1793 ,8,

61 2045 126 2066 Psal.
147 2050 183 2065 21,

62 2198 199 2226 Anausaro.

69 2554 133 2573 [και.
154 2552 178 2581 ’,ιι

69 2584 102 2604 ij⁴

204 189 277 234 624

203 271 267 290 vero
290 259 413 298 imaginis
433 259 515 298 hujus
527 257 561 286 de
574 258 733 297 perfectione
754 258 885 288 virtutum
900 258 945 287 in-

203 300 349 338 telligatur.
366 297 551 327 Necessarium
565 307 629 327 vero
643 307 714 326 nunc
732 304 781 334 est,
795 298 900 333 stati-es,
916 304 946 328 ut

203 339 357 374 doceamus,
373 348 403 367 ac
422 336 543 366 dilucide
565 346 742 377 exponamus,
762 347 817 376 quo
838 337 945 366 tandem

205 390 231 407 m
269 389 285 407 o
299 378 322 406 is
335 377 382 416 qui
392 376 493 406 caeteris
507 375 633 405 omnibus
642 376 692 405 Dei
704 376 833 406 creaturis
845 377 947 406 honore

204 419 291 447 suerat
311 417 441 446 antelatus
465 415 546 445 homo
562 426 578 444 a
599 415 709 455 propria
735 416 947 456 primigeniaque

204 458 303 488 divinat
316 457 406 485 formae
421 455 623 495 pulchritudine
636 455 664 484 in
675 455 816 485 brutarum
829 455 948 486 animan-

205 498 274 526 tium
295 502 417 526 naturam
431 502 456 524 et
468 494 673 524 similitudinem
693 494 774 524 suerit
790 495 945 526 devolutus.

206 538 274 566 Nam
288 546 350 565 cum
369 535 479 574 benigni
490 535 541 564 Dei
554 535 642 579 imago
661 541 739 571 esset,
761 535 837 564 vitiis
850 542 948 565 semet-

206 577 295 616 ipsum
309 574 480 611 deformavit,
496 580 520 603 et
533 574 678 604 sceleribus
689 574 820 610 labefecit,
834 585 949 613 vereque

205 618 228 647 J
228 617 351 644 umentis
357 615 559 653 insipientibus
565 620 750 653 comparatus
759 621 841 650 est,e1
847 615 950 644 similis

965 466 982 489 Ε

196 657 303 696 sactus
314 661 357 683 est
366 654 438 683 illis.
449 655 512 690 Quo
521 664 585 684 vero
596 660 674 693 pacto
684 653 813 693 jumentis
823 654 903 683 etiam
912 654 949 682 in-

204 694 363 735 sipientibus
374 693 536 722 assimilatus
550 693 631 722 suerit
641 693 731 730 homo,
741 704 775 722 ex
782 693 847 733 ipsis
860 693 948 733 operi-

205 735 256 764 bus
272 733 453 772 intelligamus
475 739 590 772 oportet,
611 742 662 762 non
676 739 706 762 ut
728 743 787 771 quae
807 744 990 780 praecesse-f3⁶

205 781 267 803 runt
286 773 479 812 vituperemus,
493 772 539 801 sed
562 779 592 801 nt
611 772 750 811 praesentia
769 767 983 812 corrigamus.''3

205 815 273 842 Nam
286 819 311 842 et
324 823 383 851 quae
397 811 432 841 ad
446 811 580 841 Adamum
593 812 736 851 pertinent,
748 812 888 851 omnisque
898 823 947 841 eo-

204 864 265 882 rum
285 852 332 891 qui
353 851 687 891 proecesserunphistoria,
710 862 763 880 non
783 859 812 881 ut
834 862 879 881 eos
900 853 948 891 qui

203 897 394 931 praecesserunt
418 890 570 927 laudemus,
593 897 640 920 aut
662 891 857 931 vituperemus,
881 891 948 921 lecta

204 939 277 968 sunt,
288 932 335 961 scd
349 938 379 960 ut
391 931 519 961 virtutem
529 930 676 965 imitemur,
689 937 716 959 et
725 931 822 960 vitium
829 930 946 960 decline-

205 982 275 1000 mus.
301 973 370 1000 Ilcec
396 977 511 1007 autem,
533 970 621 1008 inquit
641 969 809 999 admirabilis
830 971 947 1006 Paulus,

205 1013 313 1050 scripta
325 1017 394 1040 sunt
405 1011 445 1038 ad
453 1011 661 1049 eorreptionem
676 1015 816 1045 nostram,
831 1012 863 1038 in
876 1021 948 1050 quos

202 1052 277 1089 fines
291 1050 461 1079 soecalomm
481 1050 670 1078 devenerunt.
693 1049 840 1087 Imaginem
858 1050 948 1088 itaque

196 1086 240 1119 'ad
262 1089 467 1119 similitudinem
492 1089 541 1118 Dei
561 1089 657 1117 factam
681 1088 784 1128 primns
801 1089 880 1118 homo
900 1101 948 1129 per

206 1129 413 1159 inobedientiam
432 1128 541 1167 abjecit,
554 1139 665 1166 eamque
678 1128 845 1157 daemonibus
858 1136 947 1168 prote-

206 1169 317 1197 rendam
331 1168 464 1207 permisit,
479 1174 503 1196 ct
515 1168 657 1196 brutarum
670 1168 847 1196 animantium
858 1169 950 1198 simili-

207 1208 299 1236 tudine
314 1207 388 1237 varia
406 1206 558 1245 deturpavit
576 1219 583 1234 ε
601 1213 680 1244 atque
698 1207 769 1235 hunc
790 1207 899 1245 quidem
914 1209 949 1238 ob

206 1246 392 1276 crudelitatem
406 1257 436 1275 ac
449 1245 619 1284 tyrannidem
640 1256 757 1282 morum,
782 1246 885 1276 leonem
900 1258 948 1287 po-

208 1286 261 1315 tius
273 1296 353 1324 quam
363 1285 498 1314 hominem
510 1284 645 1320 reddidit3
661 1285 740 1313 illum
754 1292 841 1314 antem
854 1286 949 1326 lupum

207 1326 243 1354 ol)
263 1325 434 1370 rapacitatem
455 1324 550 1352 effecit.
572 1324 696 1352 Testatur
719 1324 770 1353 hoc
791 1325 947 1364 Scriptura,

207 1375 267 1403 quae
280 1374 318 1393 sic
332 1364 369 1392 ait
382 1376 387 1392 :
405 1364 558 1402 Principes
577 1365 667 1391 vestri
688 1365 772 1402 qnasi
795 1364 892 1393 leones
906 1376 949 1393 rn-

208 1406 327 1443 gienees,
341 1410 367 1431 et
375 1404 490 1442 judices
505 1403 597 1430 vestri
617 1404 702 1441 quasi
723 1403 753 1430 lu
775 1404 786 1430 i
801 1403 923 1432 Arabim
938 1417 946 1433 .-

208 1444 297 1472 leones
311 1442 449 1483 appellans
464 1440 585 1470 crudeles
598 1448 624 1470 et
638 1441 752 1480 tyranni(
764 1452 806 1470 cm
822 1452 947 1472 exercen-

208 1491 257 1519 tes,
275 1483 354 1523 lupos
368 1489 456 1511 autem
470 1491 577 1520 rapaces
590 1480 625 1509 ad
638 1480 778 1510 avaritiam
792 1489 817 1510 ct
831 1482 948 1520 praedam

208 1522 386 1551 imminentes.
410 1520 496 1551 Vides
523 1527 552 1549 nt
579 1519 614 1548 ad
628 1520 771 1558 imaginem
795 1522 841 1549 Dei
864 1521 948 1551 factus

209 1563 289 1590 homo
301 1562 328 1590 in
336 1560 489 1590 belluarum
498 1559 619 1588 ordinem
631 1559 665 1588 sit
675 1559 797 1589 redactus
805 1560 819 1588 P
833 1561 949 1597 Quando

207 1612 271 1640 ergo
286 1600 391 1640 tyranni
404 1610 479 1628 more
491 1610 518 1628 se
532 1598 599 1638 gerit
609 1599 701 1635 homo,
719 1599 760 1628 leo
773 1600 925 1639 appellatur
939 1613 945 1630 ι

208 1640 315 1679 quando
334 1650 418 1679 rapax
431 1646 482 1675 est,
497 1639 555 1677 lupi
575 1648 723 1677 cognomen
743 1638 846 1668 invenit
862 1652 868 1668 ι
887 1650 949 1669 cum

208 1680 322 1719 impuris
334 1678 496 1708 libidinibus
507 1689 534 1707 se
549 1677 713 1716 coinquinat,
726 1685 752 1706 et
765 1678 909 1708 bestiarum
922 1680 947 1708 in

208 1730 309 1748 morem
320 1719 355 1748 ad
370 1718 493 1758 improba
506 1717 621 1747 facinora
641 1727 758 1756 praeccps
773 1717 838 1754 ruit,
855 1729 949 1748 rursus

208 1770 294 1797 equus
316 1758 455 1788 invenitur
480 1758 561 1786 honlo
588 1769 595 1785 z
620 1757 701 1795 Equi
726 1757 797 1786 enim
808 1780 815 1791 ,
842 1757 947 1796 inquit,

208 1805 351 1828 (tutatores
363 1804 390 1827 et
401 1798 543 1826 emissarii
550 1797 632 1836 facti
646 1803 713 1825 sunt
728 1808 735 1823 :
752 1799 950 1837 unusquisque

207 1840 249 1867 ad
258 1849 376 1867 uxorem
387 1838 514 1876 proximi
536 1838 582 1864 sui
601 1836 763 1865 hinniebat.
779 1836 856 1866 Alios
868 1847 950 1876 porro

208 1878 306 1906 vitium
317 1888 351 1906 ex
364 1876 518 1906 hominibus
528 1885 605 1904 canes
618 1874 690 1903 secit.
707 1876 806 1911 Canes,
820 1877 949 1906 curnam?

210 1919 321 1955 Propter
340 1915 483 1945 allatrandi
504 1914 737 1951 consuetudinem,
759 1915 886 1954 quodque
906 1922 949 1944 tu-

210 1957 341 1985 multibus
351 1967 382 1985 ac
393 1955 461 1984 rixis
478 1953 557 1984 valde
576 1953 752 1990 delectentur,
767 1954 802 1983 de
811 1955 911 1993 quibus
925 1962 950 1984 ct

210 1996 302 2024 heatus
324 1994 413 2025 David
433 2005 467 2023 cx
489 2003 600 2032 persona
620 1993 766 2022 Salvatoris
790 1994 887 2023 clamat
906 2005 952 2034 per

212 2035 378 2074 prophetiam
395 2046 401 2062 ι
419 2033 676 2063 Circmndmler-nnt
697 2044 742 2061 me
764 2044 861 2062 canes.
884 2034 950 2070 Qui-

212 2085 272 2102 nam
290 2085 353 2103 vero
370 2073 467 2102 canes?
483 2072 647 2101 Concilium
665 2073 892 2111 malignantium
901 2075 950 2102 oh-

211 2114 286 2142 sedit
299 2124 354 2142 me.
372 2112 445 2141 Alios
458 2122 551 2140 rursus
565 2121 658 2150 porcos
670 2113 787 2150 appellat
800 2113 951 2152 Scriptura,

211 2154 257 2191 qni
273 2153 299 2181 in
310 2153 384 2182 fovea
398 2161 544 2192 pravarum
565 2151 698 2179 actionum
721 2151 905 2189 inquinantur,
917 2152 951 2181 dc

211 2193 311 2231 quibus
324 2203 372 2232 per
384 2190 573 2229 evangelistam
585 2190 623 2218 ait
634 2190 766 2219 Dominus
778 2203 784 2218 :
798 2192 843 2219 Ne
857 2194 954 2220 mitta-

213 2235 249 2261 tis
264 2239 367 2261 sancta
377 2232 509 2265 canibus,
522 2240 614 2268 neque
629 2232 802 2266 margaritas
811 2237 880 2259 ante
890 2242 954 2270 por-

212 2282 271 2301 cos.
285 2271 366 2303 Vides
377 2269 511 2308 quomodo
523 2269 613 2298 varius
623 2269 658 2297 sit
668 2268 759 2303 homo,
774 2275 800 2297 et
813 2280 866 2307 quo
878 2278 954 2310 pacto

213 2311 301 2350 imago
314 2311 371 2345 illa,
384 2320 443 2348 quae
461 2308 496 2337 ad
517 2306 723 2337 similitudinem
736 2308 786 2337 Dei
802 2309 869 2338 saeta
886 2317 952 2346 erat,

213 2351 248 2380 ad
258 2351 413 2379 belluarum
425 2347 631 2378 similitudinem
644 2347 771 2376 devoluta
785 2348 830 2383 sit,
845 2359 898 2378 non
912 2350 953 2378 al-

214 2398 269 2420 tero
281 2390 408 2429 quopiam
430 2388 486 2418 vim
505 2387 642 2424 afferente,
655 2386 702 2416 scd
717 2387 825 2416 homine
838 2389 954 2428 seipsum

215 2430 378 2469 praecipitem
389 2427 502 2467 agente?
517 2426 655 2466 Scriptura
669 2426 740 2455 enim
747 2437 799 2455 non
808 2428 955 2457 necessitati

214 2468 450 2508 transgressionem
461 2467 611 2506 adscripsit,
621 2466 667 2495 sed
675 2466 760 2495 libero
767 2466 877 2496 arbitrio
886 2468 955 2506 ejus,

216 2510 261 2547 qui
277 2510 375 2537 honore
389 2508 499 2536 affectus
512 2506 609 2542 suerat,
623 2513 650 2535 ct
670 2506 797 2535 honorem
813 2516 864 2535 non
876 2517 956 2545 agno-
975 2518 992 2540 ι)

218 2555 311 2577 verat:
331 2549 424 2576 Homo
445 2546 557 2585 qnippe,
578 2545 677 2584 inquit,
706 2556 770 2575 cnm
791 2547 822 2573 in
847 2547 956 2575 honore

219 2594 302 2624 esset,
324 2598 382 2615 non
396 2586 549 2615 intellexit.
567 2588 619 2624 Agr
634 2596 697 2615 vcro
713 2596 814 2621 rursus,
830 2586 851 2615 si
868 2586 901 2615 ita
918 2587 956 2615 vi<

966 1414 983 1437 B

934 198 1069 221 spuma.

996 258 1086 294 δεῖξαι,
1103 259 1219 298 ἀδελφοὶ,
1234 258 1278 287 καὶ
1296 260 1385 298 σαφῶς
1398 260 1578 297 παραστῆσαι,
1594 260 1650 291 πῶς
1665 261 1679 287 ὁ
1695 259 1768 297 παρὰ

995 298 1082 327 πάντα
1102 297 1137 327 τὰ
1160 297 1299 336 ποιήματα
1320 300 1366 327 τοῦ
1381 299 1451 327 Θεοῦ
1472 298 1595 336 μειζόνως
1616 298 1735 336 τιμηθεὶς
1755 299 1769 326 ὁ

996 337 1131 377 ἄνθρωπος
1145 339 1175 366 ἐκ
1188 340 1234 366 τοῦ
1249 337 1337 376 τιμίου
1351 337 1396 366 καὶ
1409 337 1581 377 πρωτοτύπου
1596 338 1708 370 κάλλους
1723 340 1768 366 τοῦ

996 377 1065 406 θείου
1090 379 1257 416 χαρακτῆρος
1279 379 1315 410 εἷς
1341 377 1389 412 τὴν
1415 379 1467 406 τῶν
1492 376 1594 415 ἀλόγων
1617 377 1694 417 φύσιν
1722 376 1767 405 καὶ

998 416 1142 455 ὁμοιότητα
1151 415 1313 455 κατηνέχθη.
1325 416 1414 446 Εἷκὼν
1426 416 1478 456 γὰρ
1489 416 1525 446 ὢν
1537 419 1607 446 Θεοῦ
1618 419 1664 446 τοῦ
1676 417 1769 456 φιλαν-

998 455 1115 496 θρώπου,
1138 456 1228 485 ἑαυτὸν
1254 456 1400 496 ἠμαύρωσε
1420 460 1478 489 ταῖς
1506 456 1620 492 κακίαις,
1642 455 1687 484 καὶ
1711 459 1769 487 ταῖς

998 496 1175 535 παρανομίαις
1197 495 1333 534 ἤμὸλυνε,
1356 495 1401 524 καὶ
1421 496 1525 532 ἀληθῶς
1540 495 1768 535 Παρασυνεὸλήθη

999 540 1052 568 τοῖς
1079 535 1186 571 κτήνεσι
1214 539 1268 568 τοῖς
1292 535 1421 571 ἀνοήτοις,
1447 534 1493 564 καὶ
1519 534 1645 574 ὡμοιώθη
1671 535 1767 568 αὐτοῖς.

1000 574 1096 608 “Omne
1120 575 1240 610 ἀνοήτοις
1269 575 1375 610 κτήνεσι
1398 574 1579 626 παρωμοιώθη
1600 576 1614 603 ὁ
1635 574 1769 613 ἄνθρωπος

1001 615 1142 653 ἀναγκαῖον
1156 614 1182 648 ἐξ
1197 616 1282 643 αὐτῶν
1293 615 1357 643 ἰδεῖν
1368 616 1421 643 τῶν
1435 626 1527 654 εργων,
1541 616 1588 654 οὐχ
1603 613 1646 643 ἵνα
1659 613 1694 642 τὰ
1703 625 1768 653 προ-

999 654 1114 683 λαὸόντα
1128 654 1304 694 μεμψώμεθα,
1324 653 1392 683 ἀλλὰ
1412 653 1456 683 ἵνα
1468 653 1502 683 τὰ
1520 648 1638 694 παρόντα
1658 654 1768 693 διορθω-

999 693 1116 732 σώμεθα.
1129 694 1181 723 Καὶ
1196 694 1247 734 γὰρ
1260 693 1293 722 τὰ
1307 694 1376 722 κατὰ
1389 693 1433 723 τὸν
1450 693 1533 732 Ἀδὰμ
1546 693 1767 732 ἀναγινώσκεται,

999 733 1044 762 καὶ
1058 738 1132 763 πᾶσα
1147 736 1164 769 ἠ
1186 736 1238 763 τῶν
1255 745 1277 762 π
1294 732 1443 763 ολαὸόντων
1462 733 1574 773 ἱστορία,
1587 734 1638 772 οὐχ
1649 732 1693 761 ἵνα
1710 731 1769 765 τοὺς

999 773 1179 812 προλαὸόντας
1195 775 1385 812 ἐπαινεσωμεν,
1407 772 1425 809 ἢ
1445 773 1626 812 μεμψώμεθα,
1648 773 1707 802 ἀλλ’
1726 771 1769 800 ἵνα

999 813 1047 848 τὴν
1059 812 1155 852 ἀρετὴν
1168 812 1357 852 μιμησώμεθα,
1371 813 1416 842 καὶ
1430 813 1478 848 τὴν
1491 812 1587 842 κακίαν
1598 811 1769 851 ἐκκλίνωμεν.

1000 853 1093 881 Ταῦτα
1113 852 1150 887 δὲ,
1165 853 1244 892 φησὶν
1258 854 1271 881 ὁ
1293 852 1437 891 θαυμάσιος
1454 853 1571 888 Παῦλος,
1588 851 1689 891 ἐγράφη
1704 851 1769 890 πρὸς

1000 892 1134 921 νουθεσίαν
1148 895 1234 931 ἡμῶν,
1249 893 1285 925 εἰς
1298 891 1341 925 οὒς
1354 892 1387 921 τὰ
1400 892 1463 928 τέλη
1479 894 1531 921 τῶν
1551 891 1652 920 αἰώνων
1668 891 1768 926 κατήν-

999 943 1073 966 τησε.
1094 931 1152 968 Τὴν
1181 932 1268 961 εἰκόνα
1287 931 1373 961 τοίνυν
1394 932 1442 968 τὴν
1469 932 1529 960 καθ’
1548 931 1674 970 ὁμοίωσιν
1698 932 1768 959 Θεοῦ

999 970 1142 1009 γενομένην
1157 971 1261 1011 ἔρριψεν
1275 974 1289 1000 ὁ
1303 971 1437 1011 ἄνθρωπος
1452 973 1466 1000 ὁ
1479 972 1582 1020 πρῶτος
1596 969 1640 999 διὰ
1654 973 1701 1005 τῆς
1715 982 1768 999 πα-

1002 1013 1109 1049 ρακοῆς,
1125 1011 1169 1040 καὶ
1182 1011 1294 1049 πάτημα
1308 1010 1415 1047 ἐποίησε
1430 1011 1571 1049 δαιμονων,
1585 1010 1630 1040 καὶ
1644 1014 1701 1043 ταῖς
1715 1011 1768 1038 τῶν

1001 1049 1102 1088 ἀλόγων
1123 1050 1279 1089 ὁμοιώσεσιν
1293 1050 1384 1090 ὕὸρισε
1393 1063 1400 1068 ·
1417 1050 1461 1079 καὶ
1479 1050 1522 1080 τὸν
1536 1050 1584 1089 μὲν
1599 1049 1642 1079 διὰ
1655 1049 1686 1079 τὸ
1695 1049 1768 1088 ὠμὸν

1001 1089 1046 1118 καὶ
1060 1090 1213 1129 τυραννικὸν
1229 1092 1282 1119 τῶν
1296 1089 1401 1128 τρόπων
1414 1089 1507 1119 λέοντα
1522 1090 1621 1128 μᾶλλον
1634 1089 1652 1124 ἢ
1666 1089 1767 1128 ἄνθρω-

1000 1140 1049 1158 πον
1063 1129 1171 1166 ε’τιοίησε
1180 1151 1188 1164 ,
1202 1129 1246 1158 τὸν
1261 1129 1288 1158 δὲ
1309 1129 1389 1159 λύκον
1404 1129 1447 1158 διὰ
1459 1129 1490 1159 τὸ
1503 1129 1666 1170 ἁρπακτικὸν
1677 1128 1768 1168 εἰργά-

1001 1180 1077 1198 σατο.
1100 1169 1152 1198 Καὶ
1174 1173 1301 1208 μαρτυρεῖ
1320 1172 1337 1205 ἠ
1361 1169 1455 1209 Γραφὴ
1477 1168 1591 1208 λέγουσα
1612 1168 1710 1202 οὕτως·
1733 1170 1768 1197 Οἱ

999 1208 1125 1247 ἄρχοντες
1144 1211 1218 1247 ὑμῶν
1236 1211 1271 1242 ὥς
1289 1209 1391 1242 λέοντες
1410 1208 1564 1248 ὠρυόμενοι,
1580 1208 1625 1237 καὶ
1638 1210 1662 1237 οἱ
1681 1208 1769 1247 κριταὶ

999 1249 1074 1286 ὑμῶν
1087 1250 1123 1281 ὡς
1137 1248 1213 1277 λύκοι
1225 1250 1273 1283 τ’ῆς
1287 1248 1409 1288 Ἀραὸίας
1419 1260 1425 1266 ·
1442 1248 1549 1285 λέοντας
1560 1247 1696 1278 καλέσασα
1709 1247 1769 1280 τοὺς

1000 1287 1087 1325 ὠμοὺς
1101 1288 1146 1316 καὶ
1159 1288 1337 1326 τυραννικοὺς,
1350 1288 1444 1321 λύκους
1462 1287 1490 1316 δὲ
1509 1288 1570 1321 τοὺς
1591 1287 1770 1327 ἅρπακτικοὺς

1000 1326 1045 1354 καὶ
1064 1326 1129 1365 πρὸς
1150 1326 1300 1360 πλεονεξίαν
1323 1327 1476 1366 βλέποντας.
1498 1327 1581 1367 Ὁρᾶς
1598 1329 1655 1360 πῶς
1673 1330 1688 1356 ὁ
1709 1328 1769 1356 κατ’

1000 1365 1088 1394 εἰκόνα
1101 1367 1171 1395 Θεοῦ
1187 1366 1324 1405 γενόμενος
1337 1366 1472 1406 ἄνθρωπος
1486 1368 1522 1399 εἷς
1536 1379 1552 1395 τ
1571 1378 1585 1395 ν
1599 1369 1652 1395 τῶν
1665 1365 1768 1405 ἀλόγων

999 1403 1072 1438 τάξιν
1094 1405 1259 1444 κατηνέχθη;
1284 1405 1369 1435 υΟταν
1391 1402 1436 1435 οῧν
1458 1408 1570 1446 τυραννῇ
1589 1408 1603 1434 ὁ
1625 1405 1768 1445 ἄνθρωπος,

999 1443 1223 1483 προσαγορεύεται
1247 1445 1314 1473 λέων
1326 1457 1331 1462 ·
1357 1444 1419 1474 ὅταν
1447 1445 1552 1485 ἁρπάζῃ
1562 1468 1569 1479 ,
1592 1445 1696 1484 δέχεται
1723 1449 1768 1474 τοῦ

999 1482 1079 1512 λύκου
1094 1483 1143 1518 τὴν
1157 1484 1351 1523 προσηγορίαν·
1367 1484 1430 1514 ὅταν
1442 1489 1498 1518 ταῖς
1512 1484 1668 1518 ἀκολάστοις
1679 1486 1765 1514 ἐπιθυ·

1001 1522 1073 1560 μίαις
1091 1522 1250 1573 ἐμσρύρηται,
1265 1524 1309 1552 καὶ
1324 1523 1399 1559 δίκην
1417 1524 1520 1563 ἀλόγων
1535 1524 1578 1553 ἐπὶ
1590 1524 1637 1557 τὰς
1650 1524 1769 1563 παρανό-

1001 1573 1064 1600 μους
1075 1562 1181 1601 πράςεις
1193 1562 1346 1602 ἐκφέρηται,
1359 1563 1508 1603 εὑρίσκεται
1518 1563 1598 1592 πάλιν
1610 1563 1690 1596 ἵππος
1702 1566 1717 1593 ὁ
1726 1563 1769 1592 ἄν·

1000 1603 1101 1640 Ορωπος
1111 1614 1117 1620 ·
1138 1601 1232 1630 Ἵπποι
1250 1603 1311 1641 γὰρ,
1325 1603 1399 1643 φησὶ,
1418 1606 1576 1642 θηλυμανεῖς
1590 1603 1751 1642 ἐγενήθησαν
1764 1616 1768 1621 ·

1000 1640 1107 1674 ἕκαστος
1120 1641 1163 1670 ἐπὶ
1174 1641 1222 1677 τὴν
1237 1646 1348 1680 γυναῖκα
1360 1645 1405 1671 τοῦ
1419 1643 1532 1678 πλησίον
1545 1644 1623 1672 αὐτοῦ
1636 1642 1770 1683 ἐχρεμέτι-

999 1681 1049 1713 ζεν.
1074 1680 1181 1713 Ἄλλους
1202 1682 1283 1710 πάλιν
1304 1684 1320 1717 ἡ
1341 1681 1422 1710 κακία
1446 1682 1499 1711 ἀπὸ
1520 1682 1665 1721 ἀνθρώπων
1690 1682 1769 1716 κύνας

1000 1720 1115 1755 ἐποίησε.
1126 1720 1220 1756 Κύνας,
1233 1721 1275 1750 διὰ
1287 1721 1326 1757 τί,
1341 1721 1392 1750 Διὰ
1404 1721 1434 1750 τὸ
1445 1722 1595 1758 ὑλακτικὸν,
1611 1722 1654 1751 διὰ
1665 1722 1694 1751 τὸ
1704 1721 1771 1751 πάν-

999 1771 1058 1788 τοτε
1076 1759 1194 1798 θορύδοις
1213 1760 1257 1789 καὶ
1271 1766 1399 1800 ταραχαῖς
1420 1756 1537 1801 χαίρειν·
1557 1761 1619 1801 περὶ
1640 1757 1677 1790 ὧν
1698 1761 1743 1790 καὶ
1756 1765 1770 1791 ὁ

1001 1799 1128 1838 μακάριος
1146 1799 1229 1828 Δαυὶδ
1250 1801 1280 1828 ἐκ
1297 1800 1440 1840 προσώπου
1463 1804 1509 1830 τοῦ
1525 1802 1649 1841 Σωτῆρος
1664 1803 1714 1840 βοᾷ
1727 1801 1770 1831 διὰ

1001 1841 1047 1873 τῆς
1062 1838 1221 1878 προφητείας
1232 1851 1238 1857 ’
1253 1840 1475 1878 Περιεκύκλωσάν
1491 1852 1523 1879 με
1538 1840 1622 1874 κύνες.
1637 1841 1690 1870 Καὶ
1704 1841 1771 1873 τίνες

1002 1880 1026 1906 οἱ
1049 1878 1136 1914 κύνες,
1159 1879 1305 1918 Συναγωγὴ
1326 1879 1542 1919 πονηρευομένων
1564 1880 1703 1931 περιέσχον
1728 1892 1769 1918 με.

1002 1917 1111 1950 Ἄλλους
1126 1917 1206 1946 πάλιν
1221 1921 1238 1953 ἡ
1252 1919 1344 1958 Γραφὴ
1357 1921 1432 1948 καλεῖ
1446 1921 1560 1959 χοίρους,
1570 1931 1630 1953 τους
1646 1922 1673 1948 ἐν
1686 1919 1770 1959 βόθρῳ

1001 1958 1053 1985 τῶν
1077 1956 1181 1985 ἀτόπων
1200 1957 1318 1997 πράξεων
1340 1958 1549 1998 ἐμφυρομένους·
1565 1959 1625 1999 περὶ
1640 1954 1676 1988 ὧν
1691 1970 1770 1998 φησιν

1002 1999 1016 2025 ὁ
1031 1995 1125 2035 Κύριος
1140 1997 1182 2025 διὰ
1194 2000 1239 2025 τοῦ
1255 1999 1440 2036 εὐαγγελιστοῦ
1451 2010 1457 2016 ·
1478 1998 1525 2034 Μὴ
1540 1998 1646 2038 ῥίπτετε
1660 1998 1693 2028 τὰ
1708 1998 1769 2037 ἅγια

1002 2040 1055 2068 τοῖς
1065 2036 1135 2070 κυσὶ,
1147 2036 1191 2065 καὶ
1204 2036 1262 2070 τοὺς
1274 2038 1437 2089 μαργαρίτας
1447 2037 1594 2078 ἔμπροσθεν
1602 2040 1655 2067 τῶν
1665 2038 1770 2078 χοίρων.

1003 2075 1085 2114 Ὁρᾷς
1105 2078 1161 2108 πῶς
1180 2076 1298 2109 ποικίλος
1317 2079 1331 2105 ὁ
1353 2080 1502 2117 ανθρωπος,
1517 2077 1562 2107 καὶ
1583 2079 1638 2110 πῶς
1661 2080 1678 2112 ἡ
1693 2077 1771 2106 εἰκὼν

1005 2115 1091 2148 ἐκείνη
1104 2117 1120 2150 ἡ
1131 2117 1187 2144 καθ’
1200 2116 1324 2154 ὁμοίωσιν
1333 2117 1405 2146 Θεοῦ
1414 2117 1541 2156 γενομένη
1551 2119 1701 2157 κατηνέχθη
1709 2118 1773 2157 πρὸς

1004 2154 1051 2189 τὴν
1060 2156 1112 2182 τῶν
1120 2154 1220 2194 ἀλόγων
1227 2156 1380 2194 ὁμοιότητα,
1386 2157 1433 2185 οὐκ
1440 2157 1519 2185 ἄλλου
1527 2156 1595 2190 τινὸς
1603 2156 1773 2196 βιασαμένου,

1005 2193 1072 2222 ἀλλὰ
1087 2197 1131 2222 τοῦ
1146 2195 1283 2234 ἀνθρώπου
1303 2195 1395 2224 ἑαυτὸν
1408 2196 1546 2235 ῥίψαντος,
1561 2196 1595 2226 Ἡ
1613 2197 1665 2236 γὰρ
1678 2197 1771 2248 Γραφὴ

1005 2236 1034 2262 οὖ
1055 2235 1088 2272 τῇ
1108 2233 1208 2273 ἀνάγκη
1231 2234 1279 2270 τὴν
1299 2235 1449 2275 παράὸασιν
1473 2235 1630 2275 ἐπέγραψεν,
1651 2237 1719 2265 ἀλλα
1739 2239 1772 2271 τῆ

1005 2272 1157 2312 προαιρέσει
1171 2277 1216 2302 τοῦ
1231 2275 1394 2311 τιμηθέντος,
1410 2275 1455 2303 καὶ
1469 2275 1517 2312 τὴν
1532 2275 1614 2313 τιμὴν
1627 2269 1773 2315 ἀγνοήσαν-

1005 2324 1063 2345 τος·
1079 2312 1227 2351 Ἄνθρωπος
1238 2314 1299 2353 γὰρ,
1314 2315 1401 2354 φησὶν,
1423 2316 1449 2343 ἐν
1469 2317 1534 2354 τιμῇ
1550 2314 1595 2350 ὧν,
1616 2316 1646 2344 οὔ
1668 2317 1773 2350 συνῆκε.

1007 2351 1049 2380 Φέ
1067 2363 1078 2380 ε
1092 2351 1182 2386 πάλιν,
1197 2355 1220 2381 εἷ
1236 2354 1320 2388 δοκεῖ,
1335 2354 1513 2392 σκοπήσωμεν
1529 2356 1565 2387 ὡς
1582 2350 1655 2387 αὖθις
1672 2353 1775 2393 ἑτέρους

1006 2403 1077 2424 τινας
1091 2394 1108 2426 ἡ
1126 2392 1218 2432 Γραιρὴ
1235 2392 1287 2421 διὰ“
1299 2393 1330 2422 τὸ
1349 2393 1470 2422 ποικίλον
1485 2393 1529 2423 καὶ
1542 2393 1715 2432 πανουργικὸν
1729 2394 1774 2423 καὶ

1006 2431 1167 2470 ὑποκρίσεως
1182 2432 1262 2470 γέμον
1281 2434 1327 2467 τ’ῆς
1341 2433 1448 2472 γνώμης
1462 2432 1514 2461 ἐπά
1549 2434 1617 2471 ελμα
1635 2432 1775 2467 ἀλώπεκας

1007 2470 1138 2507 ὀνομάζει.
1155 2472 1205 2500 Διὰ
1215 2475 1292 2500 τοῦτο
1305 2475 1366 2511 γοῦν
1384 2472 1428 2501 τὸν
1442 2444 1565 2511 Ἡρώξζν
1577 2472 1697 2501 ποικίλον
1712 2473 1775 2502 ὄντα

1007 2514 1064 2542 ταῖς
1086 2510 1210 2548 γνώμαις,
1234 2511 1277 2540 καὶ
1299 2514 1444 2551 πανοῦργον
1465 2516 1522 2544 ταῖς
1543 2511 1710 2550 ε’νθυμήσεσι,
1730 2512 1775 2541 καὶ

1009 2549 1117 2588 ἀσεὸείᾳ
1131 2551 1258 2586 συζῶντα,
1274 2551 1392 2589 εὖσεῧείᾳ
1406 2551 1676 2590 συσγηματιζόμενον,
1690 2555 1705 2581 ὁ
1716 2552 1774 2581 Σω-

1011 2587 1059 2626 τὴρ
1077 2588 1201 2618 ἀλώπεκα
1226 2590 1423 2630 προσαγορεύει.
1450 2585 1595 2620 Ἐλθόντων
1617 2591 1667 2631 γάρ
1689 2603 1776 2628 τινων,
