1904 2840
103 867 210 889 Emi.52.

108 905 143 920 11.

249 195 319 230 850

845 199 930 224 OPUS
959 199 1197 223 lMPERFI-:CTUM

246 268 545 308 manctjuxtapatrem.
560 265 616 303 Qui
626 271 714 295 autem
724 263 816 304 diligit
826 265 914 294 Deum
925 263 988 304 plus
1006 268 1027 293 Α
1043 272 1097 293 11011
1121 268 1162 292 est
1180 262 1286 300 auimae,
1309 261 1357 293 sed
1377 262 1473 293 cai-nis.
1495 261 1577 294 Solus
1600 266 1691 292 autem
1714 261 1788 292 Deus

246 319 327 348 quam
340 314 452 348 patrem,
469 305 568 335 recedit
587 316 602 335 a
616 312 692 345 patre
714 303 781 339 fide,
794 313 847 333 non
865 313 987 348 corpore.

247 348 311 377 Ideo
324 354 412 376 autem
425 345 556 380 diximus,
571 345 634 384 quia
649 355 716 384 quos
734 350 840 383 separat
853 343 988 378 Christus,

247 387 339 417 fideles
357 393 418 415 sunt
434 398 442 414 ε
459 392 488 414 ut
509 385 624 414 sciamus
637 384 700 423 quia
722 393 826 423 semper
839 382 932 411 fideles
954 382 989 411 ab

248 426 403 456 infidelibus
424 422 567 461 recedunt,
589 435 641 453 non
663 422 784 452 infideles
805 433 822 451 a
838 422 965 451 fidelibus
978 433 986 450 :

247 466 310 504 quia
321 476 424 505 semper
434 464 560 494 diabolus
569 463 702 493 desiderat
715 461 838 492 infideles
851 472 914 491 suos
927 471 990 491 cum

248 505 375 535 fidelibus
395 515 461 538 esse,
475 511 505 533 ut
525 502 657 539 infideles,
672 513 735 532 cum
757 501 885 531 fidelibus
899 500 989 536 mixti,

249 551 421 584 corrumpant
442 543 536 572 fideles
551 555 559 572 ε
576 549 601 571 et
623 542 748 572 Christus
770 551 875 580 semper
897 539 990 569 fideles

248 585 354 614 festinat
375 584 410 612 ab
433 582 589 612 infidelibus
613 592 746 626 separare.
774 588 805 610 ut
830 591 863 609 ne
885 579 989 615 fideles,

250 623 436 654 convenientes
458 633 520 652 cum
543 621 712 657 infidelibus,
728 626 936 659 corrumpamur
957 619 991 648 ab

249 663 298 692 eis.
313 664 349 693 Et
363 662 525 701 ubicumque
540 661 670 701 separatio
684 661 753 690 inter
765 660 848 689 bonos
867 665 894 688 et
907 658 992 687 malos

249 703 317 732 sacta
329 702 426 742 legitur
436 702 464 731 in
475 701 532 731 Scri
554 701 745 740 turis‚semper
753 699 818 729 boni
829 704 993 728 secesserunt

249 753 266 771 a
279 742 368 778 malis,
383 748 409 770 et
422 751 474 770 non
494 752 537 770 ma
550 741 559 770 i
572 751 587 769 a
609 740 695 770 bonis.
709 741 779 770 Cum
797 744 883 768 essent
904 737 993 768 Judaei

251 782 278 810 in
292 792 321 811 ca
343 781 455 815 tivitate,
472 781 544 810 Deus
559 791 605 820 pei·
622 780 778 819 prophetam
792 788 844 807 non
858 777 894 806 ad
908 779 991 817 Assy-

251 822 305 850 rios
339 821 385 850 icit
397 833 404 849 ε
418 820 509 856 Exite,
522 822 594 849 exite
605 820 639 848 de
652 818 739 848 medio
752 817 847 858 populi
860 817 911 846 mei
924 829 930 845 :
946 815 995 846 sed

252 860 286 889 ad
297 860 428 900 populum
437 870 528 895 suum,
542 861 638 894 Exite,
647 861 724 888 exite
735 859 772 887 de
781 858 875 886 medio
883 866 992 891 εον-11111,

253 907 281 928 et
293 900 474 929 immundum
488 909 525 927 ne
539 900 687 939 tetigeritis
703 910 710 927 :
727 897 790 936 quia
802 897 903 926 malum
916 896 992 925 coin-

254 940 346 978 quinat
359 939 471 974 bonum,
486 938 588 968 boumn
599 942 691 968 autem'
702 940 755 966 non
768 936 924 974 coinquinat
937 946 994 964 ma—

254 979 321 1008 lum.
335 980 450 1018 Utputa,
459 979 542 1018 junoe
554 978 642 1007 lutum
653 977 744 1007 farinae
756 989 762 1006 :
777 986 829 1005 non
842 975 929 1004 farina
940 986 996 1004 sor·

255 1018 331 1047 didat
355 1019 453 1055 lutum,
481 1001 529 1047 sed
555 1018 644 1047 lutum
668 1017 793 1046 farinam.
821 1017 888 1045 Item
911 1014 995 1054 junge

255 1065 359 1087 acetum
378 1058 440 1087 vino
454 1070 460 1086 :
476 1067 528 1086 non
542 1057 635 1087 vinum
650 1056 798 1095 corrumpit
818 1062 933 1090 acetum,
947 1053 995 1084 sed

257 1104 359 1126 acetum
369 1097 473 1126 vinum.
490 1098 545 1126 Nec
555 1097 627 1126 enim
640 1095 774 1136 corrumpi
786 1101 872 1135 potest
884 1095 918 1123 ab
930 1094 994 1130 alio,

258 1136 331 1175 quod
343 1136 498 1165 naturaliter
508 1147 522 1164 a
531 1137 618 1176 seipso
630 1142 786 1176 corruptum
797 1141 845 1163 est.
857 1133 922 1163 Ideo
934 1143 997 1162 cum

258 1176 377 1204 dixerint
389 1175 521 1211 infideles,
537 1178 560 1204 Α
572 1175 648 1204 nobis
660 1186 707 1205 vos
721 1174 874 1209 recessistis,
885 1183 938 1202 non
950 1183 998 1202 nos

260 1225 276 1243 a
289 1215 366 1244 vobis
379 1226 386 1243 ε
400 1214 479 1243 crede
491 1226 499 1251 ;
514 1225 608 1244 verum
622 1215 694 1243 enim
713 1221 759 1243 est.
774 1215 883 1252 Semper
897 1212 998 1242 bonum

259 1260 320 1282 ante
334 1254 434 1282 malum
454 1253 534 1291 fugit,
546 1254 647 1282 malum
659 1260 747 1282 autem
761 1259 820 1282 ante
833 1253 934 1281 bonum
946 1262 998 1281 non

261 1293 340 1331 sugit.
352 1294 419 1321 Item
433 1302 494 1321 cuin
507 1292 582 1327 dicit,
605 1293 673 1321 Ecce
690 1292 737 1320 ille
750 1291 873 1321 sacerdos
892 1291 1000 1320 11181811-

262 1342 311 1360 cus
323 1331 456 1360 desiderat
467 1341 541 1360 orare
552 1342 613 1360 cum
626 1331 763 1367 fidelibus,
777 1337 804 1359 et
815 1330 879 1359 dare
890 1330 1001 1358 benedi-

261 1371 376 1400 ctionem
399 1370 525 1399 fidelibus
542 1370 658 1410 :rcrede;
678 1380 772 1399 verum
791 1376 830 1398 est
851 1369 933 1398 enim.
946 1369 1002 1398 Scit

262 1411 335 1439 enim
348 1409 410 1438 dato
424 1420 472 1439 suo
486 1409 669 1448 coinquinare,
685 1419 736 1437 non
751 1408 914 1437 sanctificare
928 1408 1001 1436 acci—

263 1449 388 1489 pientem.
400 1449 430 1479 Si
440 1449 512 1478 enim
521 1449 599 1478 sciret
609 1448 773 1478 sanctificare
786 1448 834 1486 qui
843 1446 899 1483 dat,
912 1447 1003 1485 utique

263 1488 399 1534 rogandus
413 1489 509 1524 fuerat,
524 1498 577 1517 non
596 1494 710 1527 rogaret.
731 1488 811 1517 Nunc
832 1493 921 1515 autem
939 1487 1004 1525 quia

264 1529 418 1566 coinquinat
437 1527 530 1556 datum
549 1529 618 1567 ejus,
635 1537 687 1556 non
701 1533 836 1566 exspectat
855 1532 886 1554 ut
898 1536 1002 1564 quaera—

263 1575 319 1601 tur,
333 1567 380 1596 sed
394 1567 450 1607 ipse
463 1567 558 1605 quaerit
569 1577 648 1605 quem
662 1566 766 1611 perdat.
778 1566 847 1595 Ecce
860 1564 907 1593 ille
921 1565 1005 1594 la'i'ciis

265 1606 382 1636 infidelis
395 1606 604 1635 benedictionem
615 1605 748 1635 desiderat
759 1605 877 1644 accipere
887 1615 901 1632 a
915 1603 1003 1640 fideli,

266 1657 318 1675 non
338 1653 368 1675 ut
389 1646 446 1685 ipse
465 1645 643 1675 sanctificetur
663 1645 718 1674 acci
741 1644 806 1681 iens,
819 1644 866 1673 sed
888 1650 918 1673 ut
936 1650 964 1672 tu
978 1650 1005 1673 et

266 1685 340 1724 quod
353 1685 461 1720 dedisti,
477 1685 582 1724 perdas,
593 1692 620 1714 et
656 1685 698 1713 uia
732 1684 809 1713 edisti
823 1690 943 1713 sanctum
956 1693 1004 1712 ca—

266 1726 356 1761 nibus,
367 1735 471 1764 pereas.
482 1726 541 1754 Non
549 1695 772 1764 dixit‚‹beparare
782 1723 871 1752 filium
884 1734 899 1752 a
913 1730 1002 1762 patre:

266 1765 322 1800 scd,
336 1765 488 1793 Adversus
499 1770 612 1803 patrem
623 1776 634 1792 .·
648 1764 713 1802 quia
723 1773 775 1792 non
788 1762 954 1807 corporalem
965 1772 1006 1792 se-

266 1804 429 1844 parationem
438 1804 525 1843 jubet,
538 1803 585 1832 sed
600 1803 775 1843 spiritualem.
789 1804 843 1839 Qui
857 1803 929 1831 enim
942 1812 1006 1831 cor-

268 1844 394 1883 poraliter
407 1849 554 1888 separatur,
569 1849 672 1887 a-patre
683 1849 833 1879 separatur,
848 1852 901 1870 non
914 1849 1006 1871 contra

199 1895 258 1911 cxiv
268 1890 369 1923 pati-eni
382 1895 388 1911 :
400 1894 446 1921 qui
458 1890 547 1911 autem
555 1881 729 1922 spiritualiter
739 1888 886 1921 separatur,
894 1892 1007 1921 corpore

120 2161 199 2182 Exod.
211 2166 248 2182 20.

124 2197 160 2212 12.

268 1922 376 1961 quidem
398 1933 459 1951 cum
482 1928 556 1966 patre
569 1928 619 1958 est,
641 1920 694 1949 fide
713 1929 801 1950 autem
814 1921 943 1950 adversus
957 1931 1006 1961 pa-

267 1969 346 1991 trem.
362 1963 429 1992 Nam
444 1972 490 1999 qui
505 1961 582 1999 longe
596 1967 634 1989 est
645 1971 659 1989 a
674 1967 758 2000 patre,
774 1971 826 1989 non
841 1958 926 2000 potest
938 1967 1007 1989 stare

268 2008 358 2030 contra
371 2008 474 2040 patrem
492 2012 499 2028 ε
514 2000 560 2038 qui
584 2007 672 2029 autem
690 2007 749 2029 ante
756 2007 871 2068 (patrem
892 2006 946 2035 est,
961 1999 1008 2028 ille

278 2047 354 2069 ›otest
364 2051 421 2069 esse
432 2046 521 2068 contra
534 2046 647 2079 patrem,
663 2050 755 2079 respon

269 2051 317 2114 iio,
330 2079 502 2119 disputando.
515 2080 574 2108 Non
586 2079 656 2107 enim
669 2079 798 2108 credibile
809 2086 858 2115 est,
870 2085 900 2107 ut
909 2076 1007 2118 corpo-

270 2119 361 2148 raliter
388 2119 481 2158 jubeat
512 2118 661 2156 relinquere
692 2125 794 2158 patrem
804 2141 811 2154 ‚
838 2119 885 2157 qui
914 2117 986 2147 dixit
999 2130 1006 2146 ε

271 2159 394 2187 Honora
405 2164 517 2196 patrem
532 2164 610 2187 tuum
625 2164 653 2186 et
667 2165 787 2187 matrem
799 2164 888 2187 tuam.
904 2158 934 2187 Si
947 2167 1011 2197 ergo

273 2197 354 2226 habes
367 2204 468 2237 patrem
482 2197 628 2233 infidelem,
644 2197 788 2236 obsequere
800 2197 834 2233 ei,
849 2204 875 2226 et
889 2204 917 2226 tu
931 2197 1010 2226 inve-

272 2237 328 2266 nies
348 2236 495 2266 mercedem
517 2236 633 2276 pietatis,
649 2243 674 2265 et
695 2237 750 2276 ipse
772 2236 939 2266 infidelitatis
955 2246 1010 2266 suae

272 2276 382 2305 habebit
407 2276 604 2305 damnationem
624 2286 709 2305 suam.
725 2277 760 2306 Et
779 2276 840 2305 ideo
861 2286 913 2305 non
927 2275 1009 2312 dixit,

272 2316 328 2352 Qui
341 2315 431 2355 diligit
445 2323 556 2355 patrem,
572 2325 624 2344 non
637 2323 676 2344 est
690 2326 731 2344 me
745 2315 843 2355 dignus
858 2329 864 2344 :
881 2315 927 2345 sed
948 2316 986 2345 ait
1001 2327 1008 2344 :

275 2357 334 2394 Qui
344 2356 439 2397 diligit
450 2361 562 2393 patrem
573 2362 624 2384 aut
637 2362 756 2384 matrem
770 2356 836 2394 plus
849 2365 937 2395 quam
956 2366 1010 2392 me,

273 2406 332 2423 non
346 2401 387 2424 est
410 2405 454 2423 me
473 2395 588 2434 dIgnus.
599 2394 675 2424 Sicut
688 2394 758 2424 enim
772 2402 831 2434 post
844 2397 931 2424 Deum
944 2395 1012 2424 dili-

273 2445 333 2471 gere
346 2441 466 2474 parentes
479 2435 563 2474 pietas
576 2441 615 2463 est
628 2446 633 2462 :
650 2434 689 2463 sic
702 2434 762 2474 plus
776 2439 857 2472 quam
869 2436 957 2464 Deum
969 2434 1012 2464 di-

274 2473 356 2512 ligere
370 2474 491 2514 impietas
511 2481 559 2503 est.
576 2474 605 2504 Si
618 2484 680 2513 ergo
693 2474 775 2503 hahes
794 2481 894 2513 patrem
915 2474 1011 2503 inside-

274 2512 338 2548 lem,
350 2514 493 2552 obsequere
504 2513 539 2542 ei.
550 2513 579 2543 Si
590 2520 679 2542 autem
691 2514 808 2543 volucrit
818 2521 843 2542 te
852 2514 879 2542 in
892 2513 1012 2543 camdem

274 2552 377 2581 foveam
398 2552 564 2582 infidelitatis
587 2553 754 2592 immergere,
771 2553 798 2582 in
817 2564 870 2591 qua
886 2554 942 2592 ipse
961 2560 1011 2589 est,

274 2598 337 2619 tuuc
351 2592 412 2631 plus
423 2592 505 2630 dilige
515 2594 613 2629 Deum,
630 2603 709 2631 quam
722 2600 823 2632 patrem
838 2605 844 2619 t
861 2594 923 2630 qui-'i
939 2600 1012 2632 pater

777 2039 856 2075 endo,
866 2039 1007 2068 blandien-
1025 2044 1045 2067 D

1043 302 1164 331 omnium
1182 303 1336 332 animarum
1353 309 1504 332 sanctarum
1521 308 1600 343 pater
1611 308 1659 332 est.
1673 301 1789 331 Reddite

1044 352 1058 370 e
1091 353 1107 371 o
1128 341 1274 381 unicuique
1293 340 1368 381 quod
1386 352 1467 372 suum
1489 349 1537 372 est.
1558 341 1720 372 carnalibus
1756 351 1786 370 a-

1043 352 1131 410 iiiiius
1154 382 1268 421 praebete
1288 381 1377 411 carnis
1399 381 1575 420 obsequium,
1597 352 1788 421 spiritualibus

1042 428 1132 450 autem
1154 421 1276 460 patribus
1295 421 1391 450 animai
1404 421 1579 451 sanctitatem.
1591 421 1629 450 Et
1642 430 1706 450 vere
1718 420 1788 450 nihil

1043 460 1181 505 est,·qiiod
1194 461 1312 500 amplius
1324 459 1438 500 diligere
1450 460 1579 490 dehemus
1592 470 1674 499 quam
1686 460 1786 490 Deum.
1815 474 1821 477 —

1045 502 1132 529 Amici
1152 500 1224 529 enim
1246 499 1384 537 recedunt,
1456 506 1530 530 entes
1552 498 1693 535 deficiunt,
1713 498 1789 528 solus

1044 546 1134 568 autem
1148 539 1272 570 Christus
1287 550 1334 569 nec
1345 550 1389 569 rec
1427 539 1446 569 't
1458 538 1615 578 aliquando,
1627 548 1676 568 nec
1685 537 1788 574 deficit,

1044 578 1129 608 donec
1148 579 1317 609 voluerimus
1335 585 1362 608 et
1373 589 1422 609 nos
1442 589 1499 608 esse
1511 589 1574 608 cum
1587 577 1657 623 ipso.
1673 578 1743 607 Cum
1755 576 1789 606 de

1047 619 1098 648 hoc
1108 618 1210 648 mundo
1217 618 1375 655 exierimus,
1385 628 1551 657 unaquaeque
1558 627 1649 647 anima
1657 616 1692 646 ad
1699 617 1790 646 locum

1046 668 1126 687 suum
1140 657 1239 687 recedit
1253 670 1259 687 :
1271 665 1298 688 et
1310 668 1387 687 nemo
1399 657 1554 687 recordatur
1564 657 1681 697 amplius
1694 666 1789 686 carna-

1046 698 1102 726 lem
1114 697 1249 732 affectum,
1266 708 1327 727 cum
1340 697 1375 727 de
1387 707 1466 727 carne
1480 697 1628 734 recesserit,
1646 706 1699 725 non
1711 702 1787 736 pater

1048 737 1147 774 silium,
1162 747 1215 767 non
1236 737 1310 766 filius
1330 743 1444 783 patrem.
1460 737 1548 767 Omne
1569 736 1642 766 enim
1659 735 1734 774 quod
1755 734 1790 764 de

1047 784 1118 806 tei-ra
1130 787 1207 806 susce
1228 776 1310 811 imus,
1328 787 1356 806 in
1371 784 1439 806 terra
1452 775 1614 812 dimittetur,
1623 781 1649 804 et
1658 775 1791 804 neminem

1048 816 1186 846 nobiscum
1208 787 1378 853 habebimus,
1393 816 1447 845 nisi
1466 826 1547 856 opera
1568 821 1668 851 nostra,
1683 815 1707 844 si
1719 815 1790 851 bona

1011 869 1030 891 ις
1048 862 1128 890 sunt,
1157 855 1193 885 ad
1212 855 1328 895 gloriam
1341 867 1357 891 ,z
1381 855 1403 884 si
1421 855 1491 889 mala
1510 861 1592 892 sunt,
1617 854 1653 883 ad
1670 864 1790 894 poenam.

1048 895 1097 926 58.
1106 895 1165 934 Qui
1181 906 1241 924 nori
1258 895 1358 924 tulerit
1372 905 1485 923 crucem
1501 902 1597 931 suam,
1609 900 1638 924 et
1654 901 1792 934 sequutus

1040 936 1138 976 suerit
1148 945 1264 970 me,non
1273 941 1316 963 est
1326 935 1626 974 medignus.Crucems
1637 944 1698 962 uam
1707 933 1790 969 tollit,

1049 975 1097 1013 qui
1110 981 1219 1014 pai-atus
1232 981 1271 1003 est
1283 973 1319 1003 ad
1325 984 1403 1003 omne
1414 973 1565 1013 periculum
1573 979 1683 1013 propter
1691 974 1791 1010 Deum,

1049 1014 1073 1043 si
1097 1014 1276 1043 necessarium
1301 1013 1392 1050 fuerit,
1408 1022 1493 1052 usque
1510 1012 1546 1042 ad
1566 1019 1690 1048 mortem,
1707 1011 1792 1052 magis

1050 1064 1130 1092 quam
1144 1053 1295 1098 relinquere
1307 1051 1456 1082 Christum.
1468 1052 1519 1082 Ille
1530 1051 1592 1082 talis
1603 1051 1653 1081 etsi
1665 1051 1700 1080 de
1711 1051 1792 1081 inise-

1051 1092 1168 1122 ricordia
1176 1094 1227 1122 Dei
1235 1091 1335 1128 evadit,
1343 1099 1431 1121 tamen
1438 1098 1570 1130 quantum
1581 1090 1616 1120 ad
1625 1091 1793 1131 propositum

1052 1143 1132 1162 suum
1145 1131 1266 1171 quotidie
1284 1134 1430 1161 cruciatur.
1444 1131 1511 1161 Ideo
1523 1132 1572 1160 etsi
1588 1130 1657 1159 nihil
1672 1130 1724 1160 tale
1733 1130 1793 1160 fue-

1053 1172 1088 1201 rit
1107 1183 1213 1212 passus,
1239 1170 1389 1201 mercedem
1409 1178 1498 1200 tamen
1519 1169 1644 1215 accipiet.
1662 1170 1794 1201 Voluntas

1053 1213 1124 1241 enim
1144 1218 1345 1247 remuneratur,
1358 1221 1411 1241 non
1431 1220 1518 1250 opus:
1532 1220 1597 1249 quui
1614 1209 1740 1239 voluntas
1761 1219 1795 1239 ex

1054 1258 1144 1281 nostro
1161 1251 1274 1280 arbitrio
1294 1249 1423 1290 procedit,
1438 1259 1507 1290 opus
1520 1257 1610 1279 autem
1622 1259 1670 1288 per
1682 1247 1796 1290 gratiam

1055 1291 1105 1320 Dei
1131 1297 1342 1320 consummatur.
1371 1290 1419 1320 59.
1447 1291 1504 1328 Qui
1527 1289 1639 1318 invenit
1665 1290 1796 1318 animam

1055 1330 1250 1368 suam,perdet
1262 1329 1440 1359 eam.Mclius
1449 1336 1488 1358 est
1496 1335 1608 1369 propter
1617 1329 1704 1357 Deum
1714 1328 1794 1364 mori,

1056 1369 1118 1398 etin
1131 1375 1291 1408 perpetuum
1306 1368 1407 1404 vivere,
1422 1379 1502 1407 quain
1514 1375 1624 1408 propter
1634 1377 1683 1397 vos
1694 1368 1796 1402 vivere,

1056 1415 1082 1437 et
1099 1408 1127 1436 in
1147 1414 1306 1447 perpetuum
1321 1407 1400 1436 mori.
1417 1408 1446 1436 Si
1459 1407 1508 1436 1118
1520 1418 1570 1447 pro
1584 1406 1662 1436 nobis
1675 1414 1798 1436 mortuus

1056 1454 1106 1484 est,
1122 1447 1170 1486 qui
1187 1446 1257 1476 mori
1274 1456 1327 1475 non
1346 1452 1459 1485 poterat,
1470 1446 1523 1475 nisi
1535 1446 1664 1476 voluisset
1676 1458 1683 1475 :
1697 1452 1797 1485 quanto

1056 1487 1143 1527 magis
1152 1496 1200 1516 1105
1206 1496 1258 1526 pro
1266 1496 1297 1515 eo
1310 1485 1377 1515 mori
1391 1484 1530 1522 debemus,
1538 1485 1586 1524 qui
1596 1484 1647 1515 etsi
1659 1485 1795 1522 nolumus,

1057 1526 1182 1556 mortales
1197 1536 1291 1554 sumus
1301 1527 1316 1554 1>
1325 1525 1356 1555 Si
1367 1525 1500 1554 Dominus
1513 1535 1563 1566 pro
1575 1527 1662 1557 servis
1674 1532 1798 1554 mortuus

1057 1573 1106 1602 est,
1116 1572 1142 1594 et
1154 1565 1206 1594 hoc
1219 1564 1276 1593 sine
1288 1564 1401 1611 praemio
1413 1576 1421 1593 ι
1429 1563 1529 1604 justius
1541 1571 1582 1594 est
1594 1572 1625 1595 ut
1634 1575 1729 1595 servus
1739 1575 1798 1594 mo-

1056 1605 1143 1635 riatur
1156 1614 1206 1644 pro
1219 1605 1346 1641 Domino,
1361 1610 1387 1632 et
1399 1603 1452 1633 hoc
1464 1613 1527 1632 cum
1539 1605 1661 1644 praemio.
1676 1604 1730 1633 40.
1741 1604 1799 1643 Qui

1057 1655 1112 1674 vos
1125 1645 1236 1683 recipit,
1251 1653 1295 1673 me
1308 1644 1419 1682 recipit.
1435 1643 1570 1680 Quoniam
1581 1642 1693 1684 apostoli
1707 1649 1733 1672 et
1745 1653 1799 1673 cae-

1056 1684 1106 1713 teri
1121 1683 1280 1720 Christiani,
1294 1683 1323 1712 in
1338 1681 1590 1723 persequutionibus
1603 1685 1620 1714 J
1623 1683 1761 1713 udaeorum
1773 1689 1800 1713 ct

1075 1723 1199 1752 entilium
1218 1723 1367 1758 constituti,
1385 1732 1490 1752 neccsse
1508 1721 1643 1753 habebant
1665 1721 1799 1751 interdum

1078 1762 1224 1798 eclinandi,
1234 1769 1260 1791 et
1271 1761 1389 1802 pericula
1402 1762 1494 1801 sugere
1506 1761 1540 1791 de
1555 1761 1663 1792 civitate
1681 1762 1709 1791 111
1723 1762 1747 1791 ci
1752 1761 1800 1791 vi-

1038 1811 1042 1812 ’
1058 1809 1151 1839 tatem,
1166 1801 1315 1832 secundum
1328 1801 1430 1831 Christi
1444 1800 1602 1831 mandatum
1617 1814 1624 1831 :
1639 1801 1701 1839 ideo
1712 1801 1799 1831 hono-

1059 1853 1116 1872 rem
1129 1852 1210 1871 suum
1223 1840 1299 1870 dedit
1314 1841 1364 1877 eis,
1376 1841 1462 1880 magis
1474 1848 1564 1870 autem
1574 1841 1693 1882 seipsum
1711 1840 1802 1881 posuit

1059 1882 1087 1911 in
1101 1882 1149 1917 eis,
1163 1888 1193 1910 ut
1212 1880 1247 1910 ad
1267 1881 1463 1920 susceptionem
1481 1891 1575 1910 eorum
1596 1891 1703 1910 omnem
1717 1879 1801 1910 Chri-

1060 1921 1176 1951 stianum
1187 1920 1320 1988 populum
1331 1927 1497 1959 provocaret,
1510 1919 1563 1949 sibi
1575 1919 1711 1960 imputans
1723 1930 1800 1949 acoe-

1061 1968 1149 2001 ptum,
1164 1970 1218 1999 quo
1259 1960 1315 1989 illis
1333 1960 1420 1988 suerat
1441 1959 1550 1995 datum,
1565 1966 1596 1988 ut
1613 1959 1802 2000 recipientibus

1062 2010 1107 2029 eos
1120 2000 1192 2029 dicat
1205 1999 1232 2028 in
1246 1999 1291 2028 die
1300 1998 1413 2038 judicii:
1425 1999 1538 2036 Venite,
1553 1999 1696 2029 benedicti
1705 2000 1802 2029 Patris
1814 2008 1889 2031 mim

1063 2042 1128 2075 mei,
1138 2041 1260 2078 accipite
1273 2049 1396 2078 regnum
1417 2039 1497 2077 quod
1513 2040 1597 2067 vobis
1608 2045 1744 2077 paratum
1757 2044 1801 2068 est
1812 2039 1851 2069 34.
1868 2040 1883 2062 3

1063 2086 1133 2108 ante
1150 2080 1385 2107 constitutionem
1408 2078 1521 2106 mundi·
1535 2078 1657 2107 Esurivi
1674 2079 1761 2114 enim,
1776 2085 1802 2106 et

1063 2119 1183 2148 dedistis
1197 2118 1268 2146 mihi
1285 2117 1474 2152 manducare,
1486 2123 1537 2145 etc.

1063 2167 1101 2186 ex
1116 2158 1242 2186 minimis
1255 2158 1327 2185 meis
1336 2156 1462 2194 fecistis,
1478 2156 1678 2197 mihisecistis.
1688 2156 1719 2187 Si
1731 2157 1803 2186 enim

1064 2197 1112 2236 qui
1134 2196 1254 2226 minimis
1275 2195 1310 2225 de
1333 2195 1456 2225 Ecclesia
1477 2195 1559 2232 facit,
1585 2195 1695 2226 Christo
1717 2196 1802 2226 facit:

1064 2243 1164 2280 quanto
1176 2236 1261 2275 magis
1270 2235 1317 2273 qui
1328 2234 1461 2275 apostolos
1471 2234 1521 2264 reci
1525 2234 1739 2275 pit,caeterasque
1747 2246 1805 2275 pas-

1064 2286 1151 2305 siones
1164 2275 1268 2306 Christi
1280 2274 1468 2304 circumferens
1479 2275 1507 2303 in
1519 2285 1630 2315 corpore
1641 2286 1702 2313 suo,
1715 2275 1804 2315 ipsum

1066 2315 1162 2356 recipit
1183 2314 1341 2345 Christum?
1360 2315 1412 2343 41.
1434 2314 1491 2353 Qui
1511 2317 1612 2354 recipit
1632 2315 1803 2355 prophetam

1066 2358 1098 2385 in
1113 2357 1230 2384 nomine
1246 2354 1404 2393 prophetoe,
1422 2355 1582 2383 mercedem
1597 2355 1745 2394 proplietoe
1757 2364 1805 2383 ac-

1066 2397 1160 2435 cipiet.
1173 2395 1215 2424 Et
1236 2395 1287 2433 qui
1299 2394 1399 2433 recipit
1408 2395 1519 2432 justum
1540 2395 1573 2423 ἲιι
1593 2395 1710 2422 nomine
1724 2394 1806 2432 justi,

1066 2435 1227 2464 mercedem
1234 2434 1307 2473 justi
1321 2434 1452 2472 accipiet.
1465 2432 1605 2478 Prophetae
1622 2433 1746 2463 doctores
1761 2433 1806 2462 in-

1066 2474 1238 2514 telliguntur,
1256 2473 1326 2503 sicut
1347 2483 1430 2512 supra
1453 2471 1612 2508 docuimus3
1629 2472 1696 2512 justi
1718 2479 1807 2502 autem

1067 2523 1159 2542 omnes
1176 2512 1333 2543 Christiani.
1348 2511 1489 2551 Prophetae
1510 2521 1573 2550 ergo
1594 2513 1701 2541 nomine
1720 2511 1808 2542 voluit

1068 2553 1206 2582 ostendere
1216 2562 1307 2581 omnes
1337 2550 1504 2581 raedicatores
1513 2551 1615 2581 Cliristi
1624 2563 1634 2590 ς
1642 2551 1709 2591 justi
1719 2558 1806 2580 autem

1070 2592 1187 2630 nomine,
1200 2602 1305 2622 omnem
1317 2563 1455 2622 liominem
1467 2590 1652 2621 Christianum
1663 2603 1669 2620 :
1680 2590 1742 2630 quia
1755 2601 1807 2620 non

1557 2117 1643 2155 Quod
1655 2116 1707 2146 u'ni
1724 2118 1802 2146 enim
1813 2127 1872 2150 lma.

1895 1880 1904 1900 1.

1895 1904 1904 1953 l
