1890 2826
225 140 289 163 120

582 137 611 161 S.
639 137 774 161 JoANMS
796 138 981 163 CHRYSOST·
1010 139 1163 164 Ancnfflt’.
1193 140 1455 169 CONSTANTINQP.

219 201 271 229 lata
286 211 293 227 ε
309 207 388 239 atque
403 209 497 229 eorum
521 198 602 239 capiti
623 200 839 238 transgressionis
856 200 962 240 pericu-
980 204 999 228 E
1018 201 1167 242 ρώρμησεν.
1190 201 1260 232 Ἀλλ’
1275 202 1347 241 ὅμως
1359 205 1373 233 ὁ
1384 203 1462 242 νόμος
1474 198 1547 236 οὗτος
1563 202 1655 239 ἐτέθη,
1669 201 1714 231 καὶ
1725 201 1792 242 ὑπὲρ

219 246 277 274 lum
296 245 462 275 imminebat.
479 244 554 282 Quid
574 245 658 283 igitur
671 251 731 284 post
743 245 819 275 haec?
832 246 963 276 Concide-

220 298 284 320 runt
297 291 405 328 moenia,
421 298 447 320 et
460 290 596 330 quidquid
608 297 665 319 erat
678 290 706 319 in
724 290 833 321 civitate
846 292 920 323 venit
936 293 964 322 in

221 348 317 367 manus
331 337 522 367 obsidentium.
537 338 630 376 Itaque
644 347 706 365 cum
719 337 862 367 universus
875 349 964 379 popu-

221 383 265 413 lus
285 391 403 414 servaret
419 384 470 413 hoc
492 390 668 423 praeceptum,
681 383 763 413 unius
780 386 965 424 praevaricatio

222 430 250 459 in
261 431 413 460 universam
435 429 638 459 multitudinem
658 430 801 460 concitavit
813 430 881 460 iram
902 431 963 461 Dei.

1017 249 1134 288 κεφαλῆς
1147 249 1161 277 ὁ
1173 250 1221 284 τῆς
1246 249 1423 288 παραὸάσεως
1441 250 1520 278 αὐτοῦ
1542 248 1658 281 κίνδυνος
1684 249 1792 288 ἐπεκρα-

1018 294 1116 332 μάσθη.
1129 293 1165 323 Τί
1183 289 1228 323 οὗν
1243 294 1309 333 μετὰ
1318 297 1410 330 τοῦτο;
1426 294 1580 324 Κατέπεσον
1590 294 1625 323 τὰ
1638 293 1714 334 τείχη
1726 315 1733 328 ,
1747 293 1793 323 καὶ

1017 341 1045 369 ἐν
1064 340 1141 381 χερσὶ
1156 341 1208 369 τῶν
1228 340 1438 380 πολιορκούντων
1451 340 1486 370 τὰ
1502 342 1551 376 τῆς
1566 339 1668 373 πόλεως
1690 339 1795 377 ἐγένετο

1017 386 1114 416 πάντα.
1131 386 1235 420 Παντὸς
1247 386 1332 416 τοίνυν
1346 389 1392 416 τοῦ
1415 388 1481 416 λαοῦ
1502 385 1551 422 τὴν
1570 385 1678 421 ἐντολὴν
1693 385 1794 421 ταύτην

1019 433 1211 473 δια-τηροῦντος,
1224 435 1241 468 ἡ
1255 435 1301 461 τοῦ
1311 432 1366 466 ἑνὸς
1379 431 1531 472 παράὸασις
1546 433 1584 465 εἷς
1597 431 1667 461 ἅπαν
1681 430 1712 460 τὸ
1725 432 1794 467 πλῆ-

87 487 111 500 Μ
137 486 148 508 5
189 495 194 501 -
223 477 443 513 Peccauerunt,
468 475 577 515 inquit⁷
592 475 660 516 filii
685 475 781 505 Israe'l
812 482 1062 522 peccatumwffloc
1071 478 1119 515 τὴν
1128 482 1175 508 τοῦ
1187 480 1258 508 Θεοῦ
1268 479 1365 518 ἀνῆψεν
1376 478 1468 519 ὀργήν.
1484 477 1716 517 Ἐπλημμέλησαν
1727 476 1793 517 γὰρ,

223 533 372 563 magnum,
389 530 417 552 et
432 523 575 564 suffurati
599 529 679 558 sunt,
695 529 724 552 et
746 530 913 553 sumserunt
930 534 965 552 ex
984 532 1003 553 Α
1019 524 1098 565 φησὶν
1110 547 1118 561 ,
1141 525 1165 554 οἱ
1185 523 1236 553 υἱοὶ
1259 523 1371 564 Ἰσραὴλ
1393 523 1580 564 πλημμέλειαν
1599 522 1733 563 μεγάλην,
1748 520 1794 552 καὶ

222 571 420 606 anathemate,
439 577 467 599 et
499 570 601 599 sumsit
622 568 729 598 Achar
737 569 826 610 silius
846 570 867 599 C
871 571 966 599 harmt'

222 628 259 646 ex
278 617 477 653 anathemate,
491 622 519 645 et
540 616 697 655 indignata
710 623 752 645 est
777 618 823 646 ira
845 617 968 645 Domini

212 663 292 703 filiis
313 662 420 692 lsrael.
442 662 524 701 Atqui
548 672 618 690 unus
645 668 701 691 erat
723 662 771 701 qui
798 669 964 702 peccaverat.

91 765 163 787 Unius
173 766 212 787 ali-

69 797 157 824 quando
165 807 214 828 pec.

70 832 142 849 catum
173 832 213 851 toti

70 859 212 887 populovin-

70 889 150 911 dictam
173 900 211 914 ac-

68 922 142 942 tersit.

67 1221 172 1253 Jos.7.2.
184 1225 208 1253 4.

222 709 366 747 Quomodo
391 710 475 749 igitur
492 715 668 749 peccaverunt
688 708 739 738 filii
754 709 849 746 lsi-affl,
862 720 893 739 ac
910 711 967 739 Do-

223 757 312 786 minus
333 756 418 786 iratus
438 763 477 785 est
499 755 564 784 filiis
594 750 699 785 Isra'e'l?
718 754 805 786 Vides
828 756 965 795 quomodo

224 804 303 833 unius
313 810 452 844 peccatum
464 802 514 832 toti
533 802 636 842 populo
656 801 804 832 vindictam
823 802 964 832 accersiit?

222 849 358 889 quomodo
377 851 466 878 Deum
490 848 618 878 adversus
638 847 841 877 multitudinem
862 848 965 878 hostem

221 895 339 925 reddidit
349 895 362 924 Ρ
372 894 508 932 Quoniam
521 894 605 934 igitur
617 894 705 924 fuerat
725 901 876 934 perpetrata
896 894 964 934 legis

220 942 407 982 transgressio,
420 951 507 980 neque
519 941 660 980 quisquam
671 947 728 970 erat
740 940 873 977 conscius,
888 951 961 980 prae—

218 996 259 1018 tet·
269 989 356 1018 solum
368 989 459 1018 Deum
473 986 521 1025 qui
538 986 614 1016 novit
629 986 746 1023 occulta,
762 986 830 1016 ultio
852 986 963 1025 quidem

217 1035 393 1065 differebatur
407 1045 413 1062 :
427 1040 551 1062 caeterum
571 1032 620 1071 qui
637 1032 689 1062 hoc
706 1039 962 1072 perpetrarat‚tam-

218 1082 268 1111 etsi
288 1081 431 1112 videbatur
452 1079 546 1114 latere,
559 1085 648 1108 tamen
669 1088 685 1107 a
706 1078 867 1108 conscientia
887 1079 963 1110 velut

218 1129 253 1157 ab
261 1128 323 1167 igne
336 1126 475 1156 urebatur.
490 1125 574 1156 Venit
592 1124 675 1164 igitur
687 1131 793 1164 tempus
814 1135 868 1164 quo
887 1125 964 1156 fieret

217 1173 292 1213 quod
304 1171 481 1203 comminatus
494 1171 581 1200 suerat
601 1172 685 1207 Deus,
700 1181 808 1209 quoque
824 1178 963 1210 peccatum

217 1219 322 1250 veniret
336 1218 363 1247 in
382 1216 570 1257 propatulum.
585 1217 678 1253 Misit,
695 1215 794 1254 inquit,
808 1217 896 1246 Iesus
913 1219 963 1246 vi·

219 1276 266 1295 ros
282 1266 318 1294 ab
337 1265 458 1294 Jericho
480 1265 512 1291 in
535 1263 602 1292 Ga'i.
617 1263 659 1291 Et
677 1263 872 1292 ascenderunt
890 1264 963 1293 illuc

219 1312 350 1354 vitifer-e
372 1318 416 1341 ter
439 1310 531 1345 mille,
538 1311 744 1351 fugeruntque
757 1320 777 1338 a
784 1309 871 1350 jacie
882 1312 964 1340 viro-

217 1371 281 1389 rum
308 1360 377 1395 Ga'i,
386 1364 415 1387 et
431 1357 601 1386 occiderunt
622 1366 658 1385 ex
673 1356 735 1385 illis
746 1358 828 1385 viros
843 1358 965 1396 triginta

218 1417 280 1443 sex,
297 1413 325 1435 et
334 1405 502 1445 persequuti
523 1408 592 1432 sunt
610 1412 667 1438 eos,
678 1409 707 1432 et
721 1403 911 1432 conciderunt
929 1404 965 1432 il-

218 1454 274 1490 los,
289 1458 318 1481 et
335 1451 453 1491 expavit
472 1459 523 1479 eor
538 1450 649 1488 populi,
653 1450 836 1491 factumque
855 1456 898 1480 est
914 1461 964 1480 ve·

219 1501 264 1529 lut
276 1510 366 1540 aqua,

258 1548 289 1576 6.
313 1546 385 1577 Vide
406 1545 487 1575 unius
513 1544 613 1585 peccati
636 1555 753 1584 poenam‚
768 1544 832 1574 vide
857 1545 963 1585 plagam

219 1593 429 1622 acerbissimam.
457 1592 537 1621 Unus
559 1596 696 1630 peccarat,
721 1596 751 1619 et
778 1590 805 1618 in
829 1591 963 1630 populum

219 1639 377 1668 universum
396 1649 469 1667 mors
485 1647 516 1666 ac
535 1635 680 1676 trepidatio
697 1636 787 1665 irruit.
807 1636 882 1673 Quid
902 1636 963 1670 hoe,

220 1698 236 1716 o
246 1688 316 1717 bone
331 1686 464 1716 Domine?
474 1687 519 1715 Tu
532 1685 606 1714 solus
618 1684 719 1724 justus,
734 1691 760 1713 et
773 1691 844 1714 recta
858 1684 964 1725 judicia

221 1741 275 1763 tua.
297 1733 342 1761 Tu
363 1733 461 1771 cuique
486 1730 632 1761 secundum
646 1729 757 1770 propria
780 1730 848 1759 sacta
871 1730 963 1760 reddis

218 1779 366 1820 judicium.
390 1779 445 1814 Tu,
463 1777 577 1807 humani
600 1776 703 1816 generis
719 1781 835 1811 amator,
857 1776 965 1806 dixeras

221 1827 249 1855 in
267 1836 316 1854 suo
338 1835 471 1864 quemque
491 1830 598 1864 peccato
618 1822 790 1858 moriturum,
813 1833 860 1852 nec
880 1822 965 1852 alium

220 1883 270 1912 pro
290 1872 344 1901 alio
366 1871 493 1900 daturum
517 1879 620 1910 poenas.
638 1868 721 1905 Quod
747 1868 829 1907 igitur
852 1869 903 1898 hoc
926 1877 966 1900 est

220 1926 299 1947 tuum
321 1919 426 1957 justum
445 1915 686 1955 *iiidiciumi’Bona
705 1921 768 1943 sunt
793 1921 839 1943 tua
863 1915 963 1953 omnia,

221 1962 348 1999 Domine,
363 1969 390 1991 et
402 1961 482 1992 valde
499 1961 581 1994 bona;
592 1966 618 1988 et
631 1959 666 1988 ad
686 1966 803 1988 nostram
823 1960 966 1991 utilitatem

221 2009 384 2048 dispensata.
399 2009 471 2037 Lues
491 2005 623 2045 quaedam,
637 2005 736 2048 inquit,
750 2012 790 2034 est
808 2013 964 2045 peccatum:

221 2065 285 2093 orgo
296 2064 345 2094 per
356 2053 485 2082 ultionem
505 2051 648 2090 evulgetur
665 2061 696 2080 ac
716 2050 873 2080 traducatur
891 2052 966 2092 apud

221 2111 324 2137 nunes,
336 2110 370 2129 ne
383 2105 537 2138 corrumpat
549 2108 655 2135 omnm,
671 2104 701 2126 ut
724 2097 773 2126 uhi
789 2098 964 2136 cognoverint

222 2154 334 2188 quantas
357 2146 444 2175 minas
471 2155 523 2174 una
554 2143 688 2185 pepererit
718 2144 892 2183 trangressio,
920 2144 964 2174 fu-

222 2195 296 2235 giant
321 2194 401 2233 longe
426 2192 577 2233 graviorem
601 2197 780 2228 aeternamque
803 2190 962 2220 vindictam.

224 2241 329 2273 Videns
347 2241 441 2280 igitur,
461 2238 558 2278 inquit,
578 2238 656 2268 Jesus
673 2237 765 2276 fugam
786 2237 865 2276 cujus
886 2248 964 2266 causa

223 2289 314 2329 ignota
336 2294 392 2317 erat
412 2286 471 2315 sisti
492 2294 545 2314 non
563 2294 653 2324 posse,
678 2282 789 2312 discidit
809 2283 964 2312 vestimenta

223 2346 270 2366 sua
283 2346 314 2364 ac
325 2339 473 2375 prostratus
490 2338 530 2361 est
546 2332 574 2360 in
590 2337 698 2367 terram,
711 2340 742 2358 ea
759 2329 912 2369 lugubriter
925 2329 965 2358 la-

257 2435 268 2446 u
283 2426 354 2451 Unus
366 2428 422 2460 ὀργὴ
434 2426 509 2458 κυρίου
521 2427 567 2451 τοῖς
576 2424 637 2453 υἱοῖς,
648 2425 724 2453 atque
736 2420 771 2444 ita
783 2419 842 2452 legit
853 2420 980 2445 Erasmus.

255 2467 269 2485 h
287 2466 403 2497 Quinque
419 2464 478 2489 Mss.
490 2464 559 2488 ἄλλον
575 2461 915 2495 ἀντιτιμωρηθήσεσθαιὲτέρου.
929 2459 981 2483 Eo-

214 2505 278 2530 dem
290 2506 394 2530 omniuo
404 2511 484 2528 sensu.

252 2552 262 2563 ⁰
280 2550 322 2574 Τὴν
334 2549 485 2570 ἀνυπόστατον
497 2546 572 2577 φυγή-ι,
584 2540 701 2564 Erasmus
717 2537 901 2571 vertit,fiiga,·n
913 2538 972 2561 sisti

1020 569 1208 609 ἐνοσφίσαντο,
1230 569 1276 599 καὶ
1287 569 1381 599 ἔλα6ον
1401 570 1454 600 ἀπὸ
1478 573 1524 599 τοῦ
1544 569 1728 608 ἀναθήματος,
1748 568 1793 598 καὶ
1839 565 1841 567 ’

1019 615 1113 645 ἔλαθεν
1138 615 1224 656 Ἄχαρ
1244 615 1299 649 υίὸς
1323 617 1430 655 Χαρμεῑ
1453 616 1506 645 ἀπὸ
1538 618 1584 645 τοῦ
1607 615 1794 653 ἀναθήματος,

1020 662 1065 691 καὶ
1090 661 1210 699 ἐθυμώθη
1225 662 1308 701 ’ὀργῇ
1325 661 1421 701 Κύριος
1434 666 1489 695 τοῖς
1501 663 1565 695 υἱοῖς
1592 661 1711 701 Ἰσραήλ.
1738 661 1793 691 Καὶ

1021 707 1073 747 μὴν
1086 703 1123 741 εἷς
1141 704 1172 743 ἦν
1185 710 1199 737 ὁ
1212 707 1417 746 πλημμελήσας.
1438 709 1502 742 Πῶς
1519 703 1564 737 οἶν
1581 706 1793 746 ἐπλημμέλησαν

1019 755 1044 783 οἱ
1071 753 1122 783 υἱοὶ
1146 753 1255 793 Ἰσραὴλ
1271 776 1279 791 ,
1312 753 1358 784 καὶ
1387 753 1509 793 ἐθυμώθη
1531 753 1628 794 Κύριος
1649 757 1703 787 τοῖς
1729 754 1794 787 υἱοῖς

1019 799 1146 839 Ἰσραήλ;
1163 799 1245 840 Ὁρᾷς
1271 801 1328 833 πῶς
1345 802 1362 836 ἡ
1385 803 1431 829 τοῦ
1450 800 1505 833 ἑνὸς
1523 799 1641 840 ἁμαρτία
1654 798 1735 829 παντὶ
1753 801 1793 839 τῷ

1019 846 1077 885 λαῷ
1090 845 1139 882 τὴν
1151 845 1282 886 τιμωρίαν
1296 845 1469 886 προεξένησε;
1485 847 1542 878 πῶς
1566 845 1632 886 πρὸς
1647 845 1678 875 τὸ
1691 846 1794 880 πλῆθος

1017 891 1063 920 τὸν
1083 891 1153 921 Θεὸν
1173 891 1387 930 ἐξεπολέμωσεν;
1415 892 1494 921 Ἐπεὶ
1517 887 1562 921 οὗν
1586 891 1616 921 τὸ
1639 890 1793 931 παράνομον

1017 937 1137 978 ἐπράχθη
1146 960 1154 974 ,
1177 937 1223 967 καὶ
1238 939 1322 972 οὐδεὶς
1334 934 1367 974 ἦν
1381 940 1395 968 ὁ
1408 938 1545 974 συνειδὼς,
1572 938 1642 973 πλὴν
1658 937 1736 976 μόνον
1747 939 1793 967 τοῦ

981 988 1000 1012 Β
1016 983 1049 1013 τὰ
1058 983 1156 1023 κρύφια
1165 983 1338 1023 γινώσκοντος
1350 985 1436 1021 Θεοῦ,
1445 986 1463 1020 ἡ
1479 984 1527 1023 μὲν
1540 983 1656 1024 τιμωρία
1667 983 1777 1022 ἔμελλεν
1785 1009 1793 1022 ,

1016 1030 1031 1058 ὁ
1045 1029 1073 1059 δὲ
1085 1028 1186 1069 πράξας
1197 1033 1290 1066 τοῦτο,
1309 1030 1359 1060 κᾶν
1373 1031 1458 1060 ἐδόκει
1474 1029 1613 1060 λανθάνειν
1622 1053 1630 1066 ,
1647 1030 1706 1059 ἀλλ’
1720 1030 1793 1069 ὅμως

1017 1074 1069 1105 ὑπὸ
1087 1078 1133 1105 τοῦ
1147 1075 1307 1113 συνειδότος,
1322 1078 1358 1111 ὡς
1370 1076 1422 1106 ὑπὸ
1435 1077 1517 1116 πυρὸς
1529 1076 1694 1106 κατεκαίετο.
1706 1071 1792 1106 Ἦλθε

1016 1121 1102 1162 τοίνυν
1119 1121 1166 1151 καὶ
1187 1123 1234 1157 τῆς
1249 1123 1359 1159 ἀπειλῆς
1374 1125 1388 1152 ὁ
1409 1122 1516 1163 καιρὸς,
1541 1122 1587 1152 καὶ
1610 1124 1657 1151 τοῦ
1681 1121 1792 1162 φανερὸν

1015 1166 1136 1206 γενέσθαι
1161 1168 1191 1197 τὸ
1207 1167 1365 1208 ἁμάρτημα.
1376 1167 1528 1198 Ἀπέστειλε
1544 1168 1596 1209 γὰρ
1609 1190 1617 1205 ,
1630 1168 1724 1209 φησὶν,
1738 1169 1792 1204 Ἰη-

1016 1215 1077 1246 σοῦς
1090 1213 1186 1254 ἄνδρας
1199 1215 1252 1244 ἀπὸ
1269 1214 1373 1255 Ἱεριχὼ
1391 1217 1428 1248 εἷς
1443 1216 1502 1245 Γαῖ.
1519 1215 1573 1245 Καὶ
1592 1214 1725 1250 ἀνέὸησαν
1737 1215 1792 1244 ἐκεῖ

1015 1259 1079 1288 ὡσεὶ
1093 1260 1235 1300 τρισχίλιοι
1249 1260 1340 1300 ἄνδρες
1353 1281 1361 1297 ,
1385 1260 1430 1290 καὶ
1450 1261 1544 1301 ἔφυγον
1571 1260 1624 1290 ἀπὸ
1647 1259 1791 1299 προσιίηωυ

1015 1306 1068 1335 τῶν
1093 1306 1194 1346 ἀνδρῶν
1206 1307 1277 1342 Γαῖ,
1302 1306 1348 1335 καὶ
1386 1305 1526 1336 πέκτειναν
1548 1307 1594 1336 ἀπ’
1616 1307 1703 1336 αὐτῶν
1717 1306 1792 1346 τριά-

1013 1362 1095 1381 κοντα
1111 1351 1157 1381 καὶ
1178 1351 1206 1386 ἓξ
1236 1352 1346 1392 ἄνδρας,
1363 1351 1408 1381 καὶ
1435 1351 1581 1387 ἀπεδίωξαν
1601 1351 1696 1385 αὐτοὺς
1709 1372 1720 1388 ,
1746 1351 1792 1381 καὶ

1016 1397 1173 1439 συνέτριψαν
1186 1397 1294 1435 αὐτοὺς,
1317 1397 1366 1428 καὶ
1381 1397 1498 1439 ἐπτοήθη
1511 1401 1528 1435 ἡ
1545 1398 1640 1439 καρδία
1650 1401 1696 1428 τοῦ
1709 1399 1790 1434 λαοῦ,

1016 1444 1062 1473 καὶ
1079 1445 1182 1485 ἐγένετο
1195 1444 1286 1485 ὥσπερ
1296 1444 1381 1485 ὕδωρ.

1055 1544 1129 1585 Ὅρα
1142 1550 1204 1584 μιᾶς
1215 1545 1345 1585 ἁμαρτίας
1357 1545 1494 1586 εἴσπραξιν
1504 1568 1512 1582 ,
1530 1546 1579 1587 ὅρα
1593 1545 1700 1585 πληγὴν
1720 1530 1798 1575 dua--

1018 1591 1178 1630 ραμύθητον.
1202 1587 1250 1625 Εἷς
1271 1591 1463 1630 ἐπλημμέλησε
1474 1615 1482 1628 ,
1508 1593 1553 1622 καὶ
1567 1594 1604 1626 εἰς
1621 1592 1726 1621 ἅπαντα
1745 1591 1789 1638 τὸν

990 1674 994 1676 ¹
1016 1637 1100 1676 δ’ἥμον
1111 1639 1125 1666 ὁ
1139 1637 1249 1671 θάνατος
1262 1637 1308 1667 καὶ
1321 1640 1338 1673 ἡ
1355 1638 1439 1667 δειλία
1453 1638 1574 1669 ἐπέπεσε.
1600 1638 1636 1668 Τί
1649 1641 1727 1668 τοῦτο
1738 1661 1746 1676 ,
1767 1633 1790 1668 ὦ

1015 1682 1143 1723 φιλάγαθε
1157 1682 1294 1719 Δέσποτα;
1310 1683 1349 1713 Σὺ
1362 1679 1387 1714 εἷ
1398 1684 1476 1722 μόνος
1483 1684 1582 1718 δίκαιος
1591 1707 1599 1721 ,
1613 1685 1659 1714 καὶ
1669 1686 1752 1719 εὗθεῖς
1762 1685 1790 1714 αἱ

1016 1729 1115 1768 κρίσεις
1134 1740 1190 1759 σου.
1212 1729 1251 1759 Σὺ
1267 1730 1370 1771 ἑκάστῳ
1391 1730 1462 1759 κατὰ
1474 1730 1508 1760 τὰ
1521 1733 1605 1760 οἰκεῖα
1619 1731 1685 1772 ἔργα
1697 1730 1791 1760 ἀπονέ-

1017 1787 1075 1815 μεις
1092 1775 1140 1812 τὴν
1161 1775 1255 1816 κρίσιν.
1278 1776 1317 1806 Σὺ
1342 1776 1419 1817 ἔφης,
1437 1777 1618 1818 φιλάνθρωπε,
1643 1779 1671 1806 ἐν
1684 1780 1718 1817 τῇ
1737 1777 1791 1817 ἰδίᾳ

1017 1821 1126 1851 ἕκαστον
1142 1824 1329 1852 ἀποθανεῖσθαι
1342 1823 1476 1864 ἁμαρτίᾳ,
1500 1823 1546 1853 καὶ
1560 1823 1598 1863 μὴ
1619 1822 1718 1853 Ι’ἄλλον
1732 1823 1790 1852 ἀντὶ

1017 1868 1097 1897 ἄλλου
1109 1868 1350 1908 τιμωρηθήσεσθαι.
1375 1868 1425 1902 Τίς
1446 1865 1491 1898 οὖν
1509 1869 1576 1906 αὕτη
1599 1872 1616 1905 ἡ
1641 1869 1729 1898 δικαία
1743 1881 1789 1899 σου

1017 1915 1119 1955 ψῆφος
1140 1913 1218 1943 Καλά
1237 1925 1283 1943 σου
1298 1914 1332 1944 τὰ
1346 1914 1433 1944 πάντα
1443 1936 1450 1949 ,
1467 1916 1564 1955 Κύριε,
1578 1915 1624 1944 καὶ
1634 1914 1694 1944 λίαν
1703 1915 1789 1951 καλὰ,

1017 1960 1062 1989 καὶ
1075 1960 1140 2000 πρὸς
1156 1960 1187 1989 τὸ
1201 1959 1333 2000 συμφέρον
1347 1963 1411 2000 ἡμῖν
1423 1960 1637 2000 οἷκονομοῦμενα.
1658 1961 1739 2000 Δύμη
1750 1961 1790 1995 τίς

1017 2007 1089 2042 ἐστι,
1103 2006 1196 2047 φησὶν,
1211 2009 1228 2042 ἡ
1242 2006 1359 2046 ἁμαρτία
1370 2018 1377 2025 ·
1405 2008 1498 2037 οὖκοῦν
1519 2006 1726 2046 ἔκπομπευέσθω
1746 2007 1789 2037 διὰ

983 2063 1003 2086 D
1017 2053 1065 2087 τῆς
1076 2051 1205 2092 τιμωρίας
1221 2053 1257 2085 εἷς
1267 2051 1383 2088 πάντας,
1406 2051 1449 2081 ἵνα
1465 2052 1501 2091 μὴ
1516 2051 1575 2085 τοὺς
1588 2052 1688 2085 πάντας
1702 2064 1789 2082 κατα-

1017 2097 1182 2137 λυμήνηται,
1191 2097 1235 2127 ἵνα
1244 2097 1348 2137 γνόντες
1359 2097 1445 2134 πόσην
1458 2098 1569 2134 ἀπειλὴν
1578 2098 1626 2137 μία
1639 2098 1790 2138 παράὸασις

1018 2143 1103 2179 ἔτεκε,
1119 2142 1222 2182 φύγωσι
1234 2142 1283 2178 τὴν
1297 2143 1327 2182 ἐκ
1340 2142 1466 2171 πλειόνων
1481 2141 1654 2178 ἀτελεύτητον
1667 2142 1787 2172 κόλασιν.

1018 2188 1093 2218 Ἰδὼν
1107 2185 1152 2218 οὖν
1162 2212 1170 2226 ,
1182 2189 1260 2229 φησὶν
1270 2211 1278 2225 ,
1290 2190 1304 2218 ὁ
1318 2188 1419 2224 Ἰησοῦς
1431 2187 1496 2223 στὴν
1506 2188 1685 2218 ἀνυπόστατον
1694 2188 1789 2228 φυγὴν,

1018 2235 1138 2276 διέρρηξε
1151 2234 1184 2264 τὰ
1195 2234 1289 2274 ἱμάτια
1301 2235 1380 2263 αὐτοῦ
1391 2255 1399 2269 ,
1424 2233 1469 2263 καὶ
1483 2233 1575 2263 ἔπεσεν
1589 2234 1633 2263 ἐπὶ
1646 2235 1695 2271 τὴν
1720 2237 1770 2274 γῆν
1780 2258 1789 2272 ,

1018 2282 1131 2315 ἐκείνους
1147 2279 1207 2314 τοὺς
1221 2279 1330 2320 θρήνους
1341 2280 1483 2319 τραγῳδῶν
1493 2303 1500 2316 ,
1512 2279 1556 2312 οὓς
1567 2283 1584 2315 ἡ
1597 2280 1653 2310 θεία
1664 2281 1789 2320 σημαίνει

1018 2327 1121 2369 Γραφή.
1142 2326 1179 2357 Τί
1198 2321 1241 2356 οῧν
1257 2325 1321 2366 πρὸς
1335 2325 1411 2355 αὐτὸν
1427 2328 1441 2355 ὁ
1454 2325 1591 2363 Δεσπότης
1597 2338 1606 2363 ;
1630 2326 1768 2363 Ἀνάστηθι
1780 2338 1787 2345 ·

1032 2427 1084 2444 non
1096 2427 1179 2452 posse.
1193 2418 1226 2442 At
1237 2415 1348 2441 dubitari
1365 2421 1461 2448 potest,
1475 2425 1507 2441 an
1525 2425 1554 2442 ea
1568 2418 1601 2442 sit
1611 2416 1786 2451 chrysostomi

1031 2467 1110 2483 mens.
1121 2457 1275 2484 Α’νυπὸστατον
1287 2462 1355 2490 φυγήν
1362 2455 1427 2480 sorte
1440 2458 1502 2481 verti
1514 2463 1606 2490 posset,
1607 2456 1705 2491 fingam
1714 2456 1786 2492 cujus

1031 2506 1108 2522 causa
1119 2496 1163 2521 vel
1172 2497 1276 2520 materia
1288 2503 1337 2519 ηοιι
1349 2495 1495 2528 apparebat.
