1904 2840
88 674 225 705 P10=·.4.²7.

91 1194 111 1215 E
111 1194 173 1223 [thes.
194 1200 201 1215 ι
208 1209 213 1214 .

91 1228 129 1246 zu?

230 215 301 252 970

817 211 903 234 OPUS
929 210 1171 235 IMPERFECTUM

231 277 370 306 troductns
383 281 432 312 cst,
445 279 492 318 aut
512 279 621 314 propter
634 272 746 317 malum.
761 272 791 302 Si
810 272 890 318 enim·
905 283 968 313 pro-
987 275 1006 298 Α
1024 283 1087 302 suos
1098 283 1155 302 esse
1165 274 1312 312 cognoscit,
1323 274 1402 303 tantis
1416 283 1460 303 eos
1471 273 1612 303 laboribus
1624 280 1725 310 onerat,
1736 280 1762 303 et

234 323 292 357 pter
305 317 418 351 honum,
433 320 521 342 statim
535 319 649 342 vocatur
662 322 690 341 ln
706 311 829 352 proximo
843 322 853 340 ε
868 322 890 341 st
904 322 971 352 pro-

234 363 292 396 pter
313 355 425 389 malum,
445 353 524 420 longe
545 359 615 382 stare
640 351 746 381 'ubetur
761 364 768 380 :
785 351 824 381 sic
848 358 873 381 et.
895 351 971 387 istos,

237 397 307 424 Deus
327 395 413 434 justos
438 391 483 430 qui
505 402 547 420 em
570 391 606 420 ad
651 398 754 421 extram
773 391 923 426 constituet,
945 398 972 419 et

235 440 383 474 peccatores
397 431 432 461 ad
452 431 586 460 sinistram
602 443 608 460 ε
625 438 655 460 ut
669 430 852 470 unusquisque
865 430 973 459 merito-

236 484 296 502 rum
310 483 419 501 suorum
431 470 611 500 conditionem
624 481 659 500 ex
675 471 762 510 ipsius
778 470 832 499 loci
846 470 973 509 qualitate

236 518 386 551 cognoscat,
401 518 427 540 et
440 517 499 540 ante
508 509 605 550 judicii
620 510 776 540 sententiam
789 520 896 550 poenam
909 519 974 539 con-

236 551 349 580 fusionis
359 551 486 590 excipiat.
502 549 601 579 Merito
607 551 694 590 justos
706 548 741 578 ad
753 549 876 579 dextram
887 549 973 578 collo-

236 598 288 627 cat,
302 591 366 629 quia
379 600 527 628 numquam
548 596 732 629 cognoverunt
748 589 881 618 sinistram
898 601 905 617 :
920 599 975 618 me-

237 631 288 660 rito
295 629 432 670 impiosad
440 629 585 666 sinistram,
592 630 656 668 quia
664 639 810 668 numquam
819 638 976 668 cognoscere

236 670 382 699 voluerunt
403 669 541 698 dexteram
553 676 666 708 partem.
683 669 753 698 Vias
777 670 864 704 enim,
876 679 942 708 quae
957 679 976 697 a

238 711 347 739 dextris
358 716 439 745 sunt,
451 710 532 738 novit
547 710 689 739 Dominus
695 719 711 745 ‚⁸
744 718 865 737 erversoe
879 715 977 737 autem

237 756 315 785 sunt,
331 759 399 788 quae<
421 759 440 777 a
461 749 585 778 sinistris
607 754 686 778 sunt.
718 756 778 776 *cce
798 747 880 783 enim,
904 748 926 777 si
947 755 976 778 tu

237 788 366 818 consistas
378 788 405 817 in
417 787 527 828 publico
536 788 635 828 pariter
645 798 707 817 cum
720 787 817 823 amico,
831 794 857 816 et
867 787 977 818 veniens

237 828 336 867 aliquis
349 827 428 857 illum
441 827 548 864 salutet,
557 834 582 857 et
591 834 617 856 te
627 833 788 863 contemnat,
795 833 842 856 aut
853 837 865 856 s
900 838 977 856 arans

239 868 319 897 illum
335 878 350 896 a
373 874 407 903 te,
430 878 492 897 cum
516 867 563 896 illo
588 867 725 906 loquatur,
739 873 786 895 aut
811 867 874 896 fami
888 866 978 896 iariter

239 918 301 937 cum
321 907 370 936 illo
388 908 494 952 jocetur
511 919 517 936 z
533 917 621 936 nonne
640 913 670 936 tu
692 906 802 935 relictus
824 906 909 943 solus,
925 913 978 936 stas

239 947 376 987 aporiatus
389 957 416 975 m
428 946 549 986 publico,
561 953 586 976 et
596 945 745 986 graviorem
753 945 889 975 existimas
903 946 979 975 illam

238 987 431 1023 confusionem,
466 996 528 1015 uam
551 985 684 1015 monem?
696 986 731 1015 Et
749 985 884 1024 quomodo
901 993 979 1026 putas

239 1026 337 1066 impios
353 997 553 1055 confundendos
570 1026 598 1055 in
616 1025 662 1054 die
672 1024 781 1065 judicii,
795 1024 903 1064 quando
920 1031 980 1055 a'nte

240 1076 303 1095 cons
323 1072 409 1094 ectum
429 1065 596 1105 angelorum,
611 1063 755 1105 segregatis
774 1064 864 1105 justis,
879 1065 980 1094 fuerint

240 1077 383 1134 derelicti?
403 1106 507 1141 Nonne,
521 1105 569 1134 etsi
590 1105 660 1134 nihil
683 1103 795 1133 ulterius
833 1111 977 1139 aterentur,

241 1145 288 1174 illa
313 1145 370 1174 sola
396 1144 559 1174 verecundia
579 1144 712 1174 sufficeret
733 1143 772 1173 eis
797 1115 832 1173 εξ
854 1145 979 1184 poenam?

241 1185 386 1224 Apostolus
416 1192 505 1214 autem
535 1184 602 1213 dicit
627 1190 730 1213 sanctos
755 1185 812 1224 jam
838 1184 980 1214 collocatos

241 1235 297 1253 esse
315 1224 351 1253 ad
363 1224 500 1253 dexteram
520 1224 630 1254 virtutis
641 1235 690 1264 per
703 1223 882 1253 ascensionem
895 1230 921 1252 et
929 1235 981 1253 ses-

242 1264 343 1293 sionem
357 1263 466 1293 Domini
479 1263 634 1293 Salvatoris.
647 1264 715 1293 Nam
729 1263 798 1292 sicut
809 1263 836 1292 in
848 1274 979 1293 carnesua

242 1313 348 1332 omnem
359 1313 464 1332 carnem
473 1303 600 1342 suscepit,
611 1310 637 1332 et
647 1302 793 1332 crucifixus
807 1313 913 1332 omnem
924 1314 981 1333 car-

242 1353 302 1372 nem
313 1342 448 1372 crucifixit
465 1342 491 1370 in
505 1352 543 1377 se,
559 1349 584 1371 et
598 1352 738 1380 resurgens
749 1352 853 1371 omnem
864 1343 982 1373 resusci-

243 1382 309 1412 tavit
323 1382 350 1410 in
368 1392 415 1410 se:
430 1381 469 1410 sic
480 1381 622 1410 ascendens
631 1403 639 1416 ,
652 1387 681 1410 etr
689 1381 784 1410 sedens
797 1381 831 1410 ad
843 1381 980 1411 dexteram

242 1422 312 1457 Dei,
334 1432 425 1450 omnes
449 1420 483 1449 ad
504 1420 640 1449 dexteram
663 1420 814 1450 collocavit.
838 1421 981 1457 Quomodo

242 1461 287 1490 hic
299 1460 374 1496 dicit,
385 1460 449 1499 quia
458 1467 522 1489 tunc
534 1466 630 1489 statuet
641 1470 703 1489 oves
716 1459 826 1498 quidem
839 1460 874 1489 ad
886 1460 979 1490 dexte—

244 1511 313 1535 ram,
326 1499 421 1529 hoedos
440 1506 528 1528 autem
552 1499 587 1528 ad
606 1499 740 1528 sinistram
749 1499 763 1527 Ρ
777 1500 830 1529 Sed
843 1499 906 1528 vide
918 1500 981 1538 quia

242 1550 314 1569 nunc
327 1550 375 1568 nos
386 1538 528 1569 collocavit
537 1538 573 1567 ad
586 1538 733 1574 dexteram,
745 1538 780 1567 ad
793 1538 925 1578 agendum
939 1550 980 1576 ea,

243 1590 302 1618 quae
324 1586 386 1608 sunt
407 1578 522 1608 dextera>
543 1578 648 1617 partis:
664 1584 757 1618 postea
778 1585 865 1608 autem
887 1584 983 1608 statuet

243 1618 278 1647 ad
291 1618 428 1648 dexteram
443 1628 529 1653 suam,
542 1617 577 1646 ad
589 1617 817 1656 conregnandum.
831 1619 879 1647 54.
902 1618 982 1648 Tunc

244 1659 319 1687 dicet
337 1659 397 1687 illis
417 1660 467 1698 qui
480 1658 521 1686 ad
542 1658 701 1686 dexteram.
718 1658 752 1686 Et
760 1668 843 1696 quare
857 1667 909 1686 non
924 1658 982 1688 illis

244 1705 315 1735 ante,
336 1699 383 1736 qui
404 1704 467 1727 sunt
489 1696 524 1725 ad
547 1696 699 1726 sinistram?
713 1697 784 1733 Quia
806 1697 924 1737 paratior
943 1705 982 1728 est

244 1739 318 1766 Deus
338 1748 442 1777 semper
455 1736 491 1766 ad
504 1736 735 1772 benefaciendum,
750 1747 830 1775 qnam
850 1737 885 1766 ad
899 1737 982 1767 male-

243 1776 406 1806 faciendum.
418 1777 487 1806 Nam
510 1776 579 1805 bona
601 1775 678 1805 bonis
698 1776 844 1805 secundum
857 1777 981 1816 proposi-

246 1824 304 1846 tum
314 1827 394 1853 suum
416 1822 533 1856 praestat,
546 1815 610 1854 quia
630 1815 717 1844 bonus
730 1822 769 1844 est
783 1828 792 1845 ε
803 1816 880 1845 malis
893 1824 981 1846 autem

245 1856 314 1885 mala
329 1862 419 1884 contra
434 1855 601 1895 propositum
615 1865 694 1884 sunm
709 1855 771 1884 facit
791 1855 903 1892 invitus,
918 1857 981 1895 quia

243 1895 328 1935 judex
342 1901 388 1924 est.
403 1894 540 1933 Quicquid
553 1900 641 1923 autem
659 1894 739 1923 homo
756 1902 846 1924 contra
860 1902 982 1925 naturam

245 1946 322 1964 suam
342 1935 407 1973 agit,
422 1934 526 1974 pigrius
549 1933 614 1973 agit.
629 1934 658 1963 Si
674 1934 744 1962 enim
761 1934 884 1964 Christus
906 1935 981 1964 dele—

246 1981 362 2003 ctaretur
377 1974 404 2003 in
416 1984 493 2013 poena
508 1979 687 2013 peccatorum,
701 1984 846 2012 numquam
862 1974 981 2015 seipsum

245 2024 295 2053 pro
314 2013 496 2053 peccatoribus
518 2011 677 2042 tradidisset.
693 2013 804 2049 Venite,
818 2014 915 2052 inquit,
932 2016 981 2043 be-

246 2053 355 2081 nedicti
373 2053 471 2081 Patris
486 2054 541 2081 mei
555 2063 563 2079 .·
586 2052 730 2091 possidete
744 2060 879 2089 paratum
897 2056 981 2083 vobis

245 2102 365 2131 regnum
388 2102 407 2120 a
426 2093 629 2120 constitutione
651 2092 761 2120 mundi.
777 2093 849 2128 Quia
870 2092 982 2123 dedistis

245 2141 304 2170 quae
318 2141 422 2170 semper
435 2131 532 2159 habere
542 2140 594 2158 non
608 2130 743 2169 poteratis,
760 2131 870 2171 recipite
881 2143 940 2171 quae
953 2133 980 2161 in

246 2177 405 2210 perpetuum
425 2169 595 2209 possideatis.
611 2170 708 2198 Merito
732 2171 887 2210 centuplum
901 2182 982 2212 super

246 2210 353 2247 caelnm,
367 2209 415 2248 qui
429 2219 512 2238 unum
527 2209 676 2238 seminastis
690 2209 717 2238 in
735 2215 813 2239 terra.
837 2211 897 2240 Nou
910 2213 981 2240 enim

245 2256 374 2288 quantum
398 2248 501 2288 justitia
522 2248 661 2277 hominum
685 2255 769 2287 potest
794 2250 905 2285 mereri,
929 2251 982 2280 tale

245 2296 362 2318 creatum
375 2295 414 2318 est
422 2298 534 2326 regnum
548 2287 674 2316 emiorum
687 2299 693 2315 :
709 2287 756 2316 sed
769 2289 848 2326 quale
862 2290 912 2319 Dei
921 2290 981 2320 vir-

244 2335 288 2358 tus
302 2328 388 2368 potuit
396 2337 554 2367 praeparare.
566 2326 675 2356 sienim
688 2327 834 2356 secundum
847 2330 982 2368 angustias

243 2368 367 2397 hnmanae
377 2367 488 2408 justitiae
503 2377 614 2406 regnum
627 2366 753 2395 caelorum
765 2378 854 2397 creare
875 2369 977 2398 voluis-

242 2414 291 2442 set,
307 2407 400 2445 utique
417 2412 477 2446 post
490 2415 569 2445 opera
591 2405 731 2435 hominum
748 2406 820 2436 illud
844 2416 957 2438 creasset
971 2422 978 2438 ε

244 2457 315 2476 nunc
338 2453 437 2481 autem,
452 2445 578 2483 quoniam
599 2455 652 2473 non
666 2445 813 2475 secundum
832 2447 981 2477 mercedem

244 2486 396 2521 hominum,
411 2485 458 2514 sed
470 2484 616 2514 secundum
628 2495 702 2513 suam
715 2485 863 2524 largitatem
877 2488 979 2516 consti-

243 2525 295 2554 tuit
306 2525 454 2554 mercedem
462 2531 614 2553 sanctorum
630 2536 637 2552 z
649 2523 710 2553 ideo
723 2532 862 2563 antequam
877 2534 979 2556 sanctos

242 2571 342 2593 crearet
352 2564 379 2592 in
392 2564 500 2600 saecnlo,
514 2574 626 2603 regnum
638 2564 764 2593 caelorum
776 2566 937 2604 praeparavit
952 2566 979 2594 in

242 2604 315 2633 caulo.
330 2605 469 2644 Propterea
480 2610 504 2632 et
513 2614 579 2642 quos
590 2610 649 2632 ante
659 2603 871 2634 constitutionem
884 2605 977 2634 mundi

1000 2056 1018 2079 1)

1024 312 1128 341 tamdiu
1141 313 1263 342 laborare
1283 313 1357 349 facit,
1368 312 1453 343 donec
1471 313 1547 353 digni
1558 313 1710 342 efficiantur
1719 323 1762 342 re-

1024 362 1076 391 gno
1088 351 1186 381 caelesti
1203 363 1210 379 :
1224 353 1287 391 quia
1301 363 1354 382 non
1367 352 1514 382 secundum
1529 352 1709 382 modicitatem
1717 353 1763 381 ho-

1026 392 1130 419 minum
1140 401 1252 430 regnum
1262 391 1311 421 Dei
1322 391 1486 427 exinanitur,
1494 392 1541 421 sed
1551 392 1697 422 seeundum
1706 403 1765 421 ma·-

1026 429 1191 470 gnitudinem
1207 430 1283 470 regni
1296 430 1417 461 homines
1429 431 1616 461 sublevantur.
1626 433 1675 462 55.
1689 433 1765 461 Esu-

1027 471 1081 499 rivi
1097 471 1186 508 enim,
1201 477 1230 499 et
1243 471 1364 500 dedistis
1377 471 1452 500 mihi
1470 472 1660 507 manducare,
1674 478 1700 500 et
1712 482 1765 500 cte-

1027 515 1083 538 tera
1105 520 1165 548 quae
1187 517 1346 549 sequuntur.
1361 510 1449 540 Hodie
1467 510 1490 540 si
1505 511 1607 540 amicus
1624 517 1698 547 tuus,
1719 517 1766 539 aut

1028 549 1151 585 colonus,
1167 549 1277 588 aliquod
1288 550 1337 579 tibi
1352 550 1446 580 offerat
1455 561 1564 587 munus,
1580 550 1656 580 verbi
1669 550 1764 589 gratia,

1029 588 1140 627 aliquod
1153 590 1341 619 vestimentum
1355 601 1363 619 t
1377 597 1508 620 tul-‘sutem
1521 590 1670 630 despiciens
1683 589 1766 625 illud,

1029 637 1061 657 co
1075 629 1133 668 ipso
1146 628 1264 665 vidente,
1278 629 1329 658 des
1342 629 1413 659 illud
1427 630 1473 659 uni
1487 640 1522 659 ex
1534 629 1769 659 circumstantibus

1032 668 1081 696 tibi
1103 668 1198 704 servis,
1214 679 1301 698 nonne
1313 679 1412 699 munus
1425 670 1554 700 vilescere
1573 669 1651 706 iacis,
1662 675 1688 698 et
1701 678 1768 698 con-

1030 707 1123 736 fundis
1148 708 1264 746 graviter
1286 709 1457 738 offerentem?
1478 709 1509 740 Si
1532 719 1598 739 vero
1621 707 1769 748 suscipiens

1032 757 1131 776 munus
1154 747 1241 784 illius,
1257 748 1345 777 statim
1368 749 1489 778 vestieris
1508 755 1543 785 te,
1559 755 1585 777 et
1610 747 1769 787 processeris

1032 796 1093 815 cum
1107 787 1165 824 ipso
1179 788 1346 825 vestimento,
1359 788 1515 827 magnificas
1527 798 1636 823 munus,
1650 794 1677 817 et
1689 786 1772 816 nimis

1032 825 1150 855 letificas
1168 827 1333 856 offerentem.
1350 829 1443 865 Putas,
1455 834 1558 867 quanto
1568 826 1668 867 gaudio
1681 826 1768 856 extol-

1033 865 1127 898 luntur
1146 866 1239 902 sancti,
1253 867 1361 905 quando
1375 868 1402 896 in
1422 874 1566 907 conspectu
1585 866 1707 896 omnium
1720 876 1770 895 an-

1034 905 1165 943 gelorum,
1179 906 1253 944 quod
1274 907 1394 936 fecerunt
1412 907 1578 943 hominibus,
1593 907 1651 946 ipse
1671 905 1771 935 Domi-

1034 954 1086 974 nus
1097 945 1194 974 fatetur
1214 956 1243 975 se
1262 956 1323 976 acce
1344 946 1412 976 isse?
1425 948 1485 977 Jam
1509 946 1681 975 talevidetnr
1702 954 1772 985 opus

1034 994 1139 1020 eorum,
1154 995 1207 1014 non
1223 986 1302 1024 quale
1350 993 1407 1015 tum
1420 993 1476 1022 est,
1490 986 1535 1015 sed
1558 985 1646 1024 qualis
1659 995 1771 1025 persona

1034 1023 1109 1053 illius
1128 1024 1176 1063 qui
1199 1026 1309 1066 accepit.
1328 1027 1377 1056 57.
1407 1026 1487 1056 Tunc
1509 1026 1723 1065 respondebunt
1745 1025 1773 1052 ei

1030 1064 1105 1103 justi
1127 1065 1256 1094 dicentes
1270 1078 1278 1094 .·
1293 1066 1488 1101 Domine,58.
1505 1065 1624 1105 quando
1648 1071 1676 1093 te
1692 1064 1771 1093 vidi-

1037 1113 1100 1132 mus
1117 1104 1268 1143 hospitem,
1284 1112 1312 1135 et
1332 1105 1502 1145 collegimus
1517 1111 1544 1134 te
1557 1116 1565 1132 τ
1581 1110 1633 1133 aut
1650 1104 1771 1138 nudum,

1036 1149 1065 1171 et
1078 1146 1274 1183 cooperuimus
1291 1147 1337 1174 te?
1356 1145 1482 1184 Quando
1495 1150 1591 1173 autem
1605 1149 1633 1172 te
1645 1143 1773 1172 vidimus

1037 1184 1220 1220 esurientem,
1231 1191 1259 1213 et
1276 1186 1410 1224 pavimus
1426 1197 1433 1213 x
1446 1190 1498 1213 aut
1519 1184 1673 1218 sitientem,
1686 1188 1714 1211 et
1725 1192 1774 1221 po·

1038 1224 1162 1252 tavimus
1174 1226 1187 1252 Ρ
1201 1225 1250 1254 59.
1269 1225 1394 1263 Quando
1412 1231 1439 1253 te
1460 1224 1588 1253 vidimus
1612 1223 1771 1262 infirmum,

1037 1268 1090 1291 aut
1103 1265 1133 1291 in
1144 1273 1268 1301 carcere,
1281 1271 1310 1293 et
1323 1266 1457 1293 venimus
1469 1264 1511 1292 ad
1522 1266 1569 1292 te?
1582 1264 1607 1292 O
1620 1261 1771 1297 humilitas,

1036 1312 1152 1339 qnorum
1164 1313 1211 1332 nec
1234 1311 1294 1343 post
1317 1310 1429 1333 mortem
1452 1302 1571 1333 deficiet!
1596 1303 1683 1332 Homo
1701 1301 1773 1330 enim

1036 1341 1124 1371 malus
1136 1343 1216 1372 etiam
1236 1344 1312 1372 falsis
1325 1343 1452 1372 laudibus
1463 1343 1620 1378 delectatur,
1631 1341 1674 1371 vir
1685 1347 1774 1370 autem

1037 1380 1123 1410 bonus
1141 1382 1220 1411 etiam
1243 1383 1362 1412 debitam
1373 1383 1425 1412 sibi
1447 1382 1554 1411 laudem
1576 1381 1654 1421 fugit.
1668 1381 1738 1410 Eece
1750 1379 1774 1408 si

1037 1430 1085 1459 per
1107 1431 1227 1451 errorem
1244 1432 1371 1462 >personat
1391 1422 1501 1451 veniens
1524 1421 1639 1460 aliquis,
1660 1430 1710 1459 pro
1732 1418 1774 1448 al·

1037 1466 1093 1488 tero
1107 1461 1184 1490 alteri
1201 1472 1270 1491 vano
1283 1461 1384 1491 homini
1396 1461 1496 1500 gratias
1507 1461 1563 1500 agit
1574 1471 1623 1500 pro
1644 1458 1774 1488 beneficio

1037 1498 1162 1537 quodam,
1177 1501 1299 1538 quamvis
1312 1501 1339 1529 in
1358 1501 1518 1530 conscientia
1531 1510 1580 1529 sua
1593 1505 1733 1538 cognoscat
1746 1508 1775 1526 se

1037 1538 1107 1567 nihil
1120 1540 1172 1568 tale
1192 1541 1292 1576 fecisse,
1306 1547 1394 1570 tamen
1408 1547 1476 1569 tacet
1493 1546 1519 1569 et
1540 1537 1700 1578 congaudet,
1721 1547 1772 1566 au-

1037 1577 1113 1607 diens
1123 1589 1183 1616 quae
1194 1590 1246 1609 non
1262 1586 1324 1609 sunt
1335 1590 1383 1608 sua
1397 1593 1404 1608 z
1418 1579 1439 1608 si
1456 1589 1520 1609 vero
1530 1579 1601 1608 bono
1612 1576 1694 1606 alicui
1713 1586 1774 1616 gra-

1037 1618 1087 1647 tias
1098 1619 1163 1658 agit‚
1177 1620 1301 1658 quamvis
1313 1619 1400 1648 bonus
1414 1619 1461 1648 ille
1472 1618 1603 1657 intelligat
1611 1627 1708 1646 verum
1718 1626 1776 1645 csse

1037 1657 1111 1696 quod
1134 1658 1169 1688 de
1189 1670 1219 1688 se
1236 1659 1347 1693 dicitur,
1371 1665 1459 1688 tamen
1484 1658 1591 1698 refugit,
1615 1663 1641 1686 et
1668 1655 1775 1696 repellit

1037 1697 1131 1727 audire
1143 1698 1222 1727 etiam
1239 1710 1268 1728 ea
1290 1709 1349 1738 quae
1373 1698 1426 1728 sibi
1450 1697 1652 1727 debentne-sie
1668 1702 1695 1724 et
1713 1705 1774 1724 san-

1037 1736 1073 1766 cti
1099 1737 1216 1767 debitam
1243 1739 1296 1768 sibi
1322 1738 1428 1767 laudem
1454 1745 1518 1767 tunc
1549 1736 1706 1776 repellentes
1728 1733 1775 1763 di-

1037 1784 1100 1806 cunt
1116 1789 1123 1805 :
1142 1778 1267 1816 Quando
1282 1784 1311 1808 te
1324 1779 1451 1807 vidimus
1467 1778 1658 1807 esurientem?
1671 1776 1722 1804 40.
1733 1775 1762 1803 Ε
1764 1780 1776 1803 t

1037 1818 1212 1856 respondens
1232 1828 1298 1855 rex,
1312 1819 1387 1847 dicet
1403 1819 1444 1847 eis
1459 1830 1467 1846 .-
1481 1818 1581 1846 Amen
1598 1817 1663 1845 dico
1676 1815 1772 1851 vobis,

1038 1858 1177 1895 quamdiu
1181 1858 1300 1898 fecistis
1314 1861 1366 1887 uni
1383 1859 1486 1887 horum
1499 1858 1633 1898 sratmm
1647 1864 1774 1884 meorum

1039 1897 1235 1932 minimorum,
1250 1899 1323 1927 mihi
1334 1898 1464 1938 fecistis.
1480 1898 1505 1926 Ο
1527 1896 1630 1925 bonitas
1649 1894 1750 1924 Christi
1764 1891 1771 1922 Ε

1038 1936 1113 1972 Esto,
1128 1937 1258 1975 quamdiu
1277 1937 1304 1966 in
1328 1947 1439 1982 corpore
1461 1934 1650 1966 contemtibilis
1669 1940 1725 1963 erat
1746 1933 1773 1979 in

1037 1976 1149 2012 mundo,
1165 1977 1250 2006 fuerat
1264 1976 1418 2007 verisimilis
1437 1976 1516 2010 ratio,
1530 1982 1559 2004 ut
1572 1981 1681 2014 propter
1692 1974 1774 2003 sitm·-

1037 2014 1178 2044 litudinem
1200 2016 1312 2046 visionis
1325 2017 1418 2046 fratres
1440 2026 1505 2045 suos
1516 2015 1637 2044 homines
1651 2013 1775 2054 appella—

1037 2061 1076 2083 ret
1092 2067 1098 2083 :
1114 2054 1182 2093 quid
1204 2062 1293 2085 autem
1318 2055 1450 2091 dicamus,
1465 2054 1537 2094 quod
1563 2054 1590 2082 in
1614 2054 1662 2083 illa
1689 2053 1773 2092 gloria

1036 2094 1205 2130 constitutus,
1216 2095 1306 2124 adhuc
1315 2102 1453 2124 contentus
1463 2101 1501 2123 est
1509 2104 1554 2123 eos
1566 2093 1655 2122 dicere
1666 2093 1771 2128 fratres.

1036 2133 1136 2171 quibus
1148 2134 1280 2162 sufficeret
1292 2134 1328 2163 ad
1341 2134 1459 2168 laudem,
1474 2133 1495 2162 si
1510 2133 1594 2162 bonos
1608 2142 1699 2161 servos
1711 2132 1774 2162 illos

1036 2172 1165 2201 vocaret?
1178 2174 1305 2202 Detrahet
1322 2173 1373 2202 sibi
1390 2172 1462 2211 quod
1476 2172 1566 2208 habet,
1583 2178 1612 2200 ut
1630 2171 1686 2200 illis
1703 2182 1774 2211 prae-

1036 2218 1085 2241 stet
1104 2211 1178 2249 quod
1199 2222 1252 2241 non
1274 2212 1381 2242 babent.
1399 2213 1469 2242 Ecce
1492 2212 1572 2240 homo
1585 2211 1608 2240 si
1623 2222 1658 2240 ex
1676 2211 1774 2240 humili

1036 2258 1191 2290 generatur,
1203 2259 1230 2281 et
1243 2253 1299 2281 Deo
1313 2258 1452 2292 praestante
1465 2251 1500 2280 ad
1513 2251 1632 2289 aliquam
1650 2250 1775 2280 ascende-

1036 2291 1070 2319 rit
1091 2290 1262 2328 dignitatem,
1278 2291 1411 2320 erubescit
1423 2290 1617 2335 generationem
1632 2300 1708 2319 suam
1722 2300 1774 2319 au-

1035 2329 1103 2359 dire.
1120 2331 1149 2360 Si
1163 2331 1224 2369 quis
1245 2331 1343 2360 dixerit
1357 2342 1418 2360 eum
1431 2331 1506 2359 illius
1518 2341 1574 2359 esse
1587 2330 1686 2365 filium,
1701 2328 1774 2359 indi--

1036 2376 1132 2409 gnatur
1153 2372 1271 2410 seipsum
1293 2371 1414 2400 confiteri
1436 2369 1510 2409 quod
1532 2376 1581 2405 est,
1597 2376 1627 2398 ut
1649 2375 1773 2408 appareat

1035 2409 1108 2447 qnod
1133 2420 1186 2438 non
1213 2417 1262 2439 est.
1278 2410 1314 2439 Et
1338 2410 1462 2439 Christus
1486 2408 1575 2438 adhuc
1601 2407 1771 2447 gloriabitur,

1034 2450 1127 2477 fratres
1141 2459 1203 2478 suos
1216 2449 1340 2485 dicendo,
1355 2449 1450 2478 sedens
1463 2449 1490 2477 in
1505 2448 1651 2487 majestate.
1664 2447 1699 2476 Et
1712 2457 1772 2476 me-

1035 2489 1085 2517 rito
1100 2501 1106 2517 ε
1122 2490 1187 2527 qnia
1200 2489 1309 2518 veniens
1320 2489 1348 2518 in
1359 2488 1461 2528 judicio
1475 2488 1576 2527 gloriae,
1592 2497 1644 2515 non
1659 2486 1773 2516 mutavit

1033 2527 1197 2558 voluntatem
1221 2531 1347 2568 priorem.
1364 2529 1421 2558 Hoc
1446 2533 1532 2568 potest
1555 2526 1669 2565 intelligi
1687 2532 1713 2555 et
1737 2525 1772 2555 de

1032 2566 1198 2604 doctoribus,
1208 2569 1254 2606 qui
1265 2568 1443 2597 esurientibus
1446 2566 1578 2607 justitiam
1589 2565 1720 2594 dederunt
1733 2565 1771 2593 ci-

1032 2606 1097 2635 bum
1111 2606 1250 2644 doctrinae,
1267 2618 1320 2646 quo
1339 2607 1516 2643 nutrirentur,
1531 2612 1558 2634 et
1571 2605 1772 2646 pinguescerent

1784 1826 1883 1843 CCKXVH
