1890 2826
722 160 755 182 lN
783 159 909 191 mmm,

135 223 266 263 σωμάτων
277 222 388 263 καλύψει
407 224 454 258 τῆς
466 223 515 261 γῆς
528 221 577 257 τὴν
589 222 663 262 ὄψιν,
677 223 688 236 ²
698 221 743 250 καὶ
755 222 814 259 μετ’
828 222 905 250 εὐκο-

134 269 192 302 λίας
203 268 348 309 περιέσται.
371 263 440 298 Εἶτα
460 267 505 298 καὶ
525 268 553 297 ἓν
571 269 606 307 τῇ
627 268 701 307 ὀργῇ
717 266 785 296 πολὺ
807 266 838 296 τὸ
859 268 918 302 τῆς-

133 314 336 355 φιλανθριινιτίας.
355 315 398 344 Οὐ
407 314 460 355 γὰρ
474 313 674 344 ἀνασπάσεσθαι
685 314 773 343 αὐτῶν
789 312 839 348 τὴν
852 312 904 342 πό-

133 362 174 390 λιν
193 361 315 396 ἀπειλεῖ,
334 361 393 390 ἀλλ’
409 359 594 400 αἰχμαλωσίαν
615 358 675 389 τινὰ
698 358 743 388 καὶ
757 357 903 398 ἀπαγωγὴν

133 406 272 447 προλέγει,
291 405 352 440 τοὺς
369 406 540 446 λειπομένους
560 406 717 446 βουλόμενος
731 407 765 445 τῇ
786 407 839 434 τῶν
853 406 903 444 λη-

134 452 248 492 φθέντων
270 452 387 493 τιμωρίᾳ
409 452 634 493 σωφρονεστέρως
659 453 778 488 ποιῆσαι.
801 452 904 491 Ἀφελεῖ

133 499 185 539 γὰρ
203 499 257 529 ἀπὸ
274 502 322 536 τῆς
333 499 470 535 Ἰουδαίας,
483 499 573 540 φησὶν,
587 499 736 539 ἄνθρωπον,
749 497 783 532 ὃς
794 497 905 534 δυνήσε-

124 557 179 575 ’ται
202 545 320 586 κεφαλὴν
343 541 415 585 ἆραι.
438 545 508 579 Τοὺς
530 547 557 575 ἐν
579 544 736 585 δυναστείᾳ,
750 544 830 584 φησὶ,
845 543 905 576 τοὺς

134 591 222 621 πάντα
243 591 354 631 ἄγοντας
365 590 379 608 ¹²
387 591 433 621 καὶ
453 590 578 632 φέροντας
586 612 596 627 ,
614 590 674 625 τοὺς
687 592 726 631 τῷ
746 591 843 627 πλήθει
855 590 904 619 λυ-

134 637 317 678 μαινομένους,
330 638 517 679 αἰχιιαλώτους
530 639 637 675 ποιήσει
647 637 692 667 καὶ
707 636 825 673 δούλους,
835 635 904 666 ὥστε

134 683 194 713 τότε
205 683 266 717 τοὺς
278 684 498 724 καταδεεστέρως
509 686 672 714 ἀναπνεῦσαι
685 683 791 723 μικρὸν,
808 682 853 712 καὶ
866 683 904 721 τῷ

134 729 208 769 φόὸῳ
220 731 274 759 τῶν
293 730 482 770 ἀπαχθέντων,
501 730 546 760 καὶ
569 732 616 766 τῆς
639 729 737 763 οἰκείας
759 727 904 768 ἐλευθερίας

135 775 211 815 ἀδείᾳ
227 775 347 815 γενέσθαι
367 776 496 816 βελτίους.
519 776 572 807 Διὰ
591 776 670 806 τοῦτο’
690 787 770 816 φησι,
787 774 903 804 Δυνατὸν

133 821 338 852 συντελέσασθαι(
349 834 393 851 τι·
407 822 544 859 τουτέστι,
565 822 610 852 τὸν
629 821 751 862 ἰσχυρὸν,
765 821 810 850 τὸν
830 822 903 860 ἐνερ-

134 872 190 906 γεῖν
203 868 355 908 δυνάμενον,
368 869 413 899 τὸν
425 871 511 899 ὁτιοῦν
523 868 621 909 πρᾶξαι
641 868 775 908 ἰσχύοντα.
789 867 843 897 Καὶ
853 866 904 906 πρὸ

135 915 183 949 τῆς
196 916 341 955 ἀπαγωγῆς
359 915 402 953 δὲ,
416 916 450 945 δι’
465 916 546 951 αὖτῆς
565 917 613 951 τῆς
632 915 716 955 ὄψεως
728 912 825 948 1185<
836 916 904 953 ὑμᾶς

135 960 309 997 καταπλήξει,
324 962 413 1001 φησὶν,
427 964 441 991 ὁ
455 962 597 1002 βάρὸαρος,
608 967 695 991 πᾶσαν
709 961 758 997 τὴν
772 963 822 1000 γῆν
833 961 904 996 πλη-

136 1008 187 1046 ρῶν
202 1009 254 1037 τῶν
269 1008 438 1049 βαρὸαρικῶν
452 1008 595 1047 σωμάτων.
612 1007 663 1037 Διὰ
677 1010 754 1036 τοῦτο
770 1006 887 1045 ἐπήγαγε
896 1017 902 1023 ·

135 1052 190 1082 Καὶ
208 1053 283 1083 ἔσται
296 1056 314 1089 ἡ
328 1054 484 1094 παρεμὸολὴ
507 1055 586 1083 αὐτοῦ
596 1076 605 1090 ,
627 1053 696 1091 ὥστε
718 1053 860 1092 πληρῶσαι
875 1051 906 1080 τὸ

136 1098 235 1132 πλάτος
248 1100 296 1134 τῆς
317 1099 407 1139 χώρας
429 1111 485 1129 σου.
507 1100 574 1129 Μεθ’
588 1100 664 1137 ἡμῶν
679 1101 692 1127 ὁ
705 1097 783 1130 Θεός.
798 1098 904 1134 Γνῶτε,

137 1143 208 1179 ἔθνη,
218 1144 263 1174 καὶ
276 1147 391 1181 ἡττᾶσθε
399 1157 405 1164 ·
421 1145 586 1175 ἑπακούσατε
599 1145 647 1178 ἕως
656 1144 768 1184 ἐσχάτου
784 1145 831 1179 τῆς
843 1145 905 1183 γῆς,

137 1189 182 1218 καὶ
203 1190 337 1230 ἰσχύοντες
357 1193 481 1227 ἡττᾶσθε.
503 1190 568 1221 Ἐὰν
589 1190 640 1231 γὰρ
660 1190 740 1219 πάλιν
762 1189 906 1230 ἷσχύσητε,

137 1235 218 1264 πάλιν
230 1236 420 1273 ἡττηθήσεσθε.
434 1237 487 1267 Καὶ
504 1237 536 1273 ἢν
550 1237 581 1267 ἂν
594 1237 691 1276 βουλὴν
713 1236 888 1277 βουλεύσησθε
897 1257 905 1270 ,

137 1282 303 1312 διασκεδάσει
316 1282 427 1323 Κύριος·
441 1283 487 1313 καὶ
506 1283 582 1323 λόγον
601 1283 629 1313 ὃν
649 1283 693 1312 ἐὰν
708 1282 842 1319 λαλήσητε
852 1304 860 1318 ,
875 1283 906 1311 οὗ

137 1327 174 1366 μὴ
195 1328 307 1369 ἐμμείνῃ
327 1330 353 1358 ἔν
376 1331 455 1368 ὑμῖν,
477 1330 517 1359 ὅτι
540 1332 596 1369 μεθ’
611 1331 688 1368 ἡμῶν
708 1331 722 1358 ὁ
735 1328 812 1362 Θεός.
826 1327 906 1367 Ἐμοὶ

136 1374 207 1403 δοκεῖ
217 1374 266 1410 τὴν
280 1377 325 1404 τοῦ
339 1376 460 1410 Ἐζεκίου
479 1375 552 1412 νίκην
573 1377 685 1405 ἐνταῦθα
695 1373 847 1414 προλέγειν,
861 1374 906 1403 καὶ

136 1419 166 1448 τὸ
179 1419 300 1460 λαμπρὸν
319 1422 403 1450 ἐκεῖνο
415 1421 540 1461 τρόπαιον
554 1421 599 1452 καὶ
613 1423 660 1457 τῆς
673 1421 747 1456 νίκης
764 1422 844 1456 αὐτῆς
858 1420 906 1456 τὴν

136 1465 232 1495 αἰτίαν.
257 1467 291 1495 Εἰ
313 1466 423 1507 γὰρκαὶ
444 1467 514 1497 ὅπλα
537 1469 600 1507 παρ’
622 1466 745 1503 ἐκείνοις,
769 1466 847 1506 φησὶ,
861 1465 907 1495 καὶ

137 1511 302 1551 στρατόπεδα
324 1513 438 1554 ἄπειρα,
453 1513 499 1543 καὶ
517 1514 641 1553 ἐμπειρία
654 1512 801 1551 πολεμικὴ,
815 1513 873 1542 ἀλλ’
888 1515 905 1548 ἡ

137 1557 243 1587 πάντων
257 1559 423 1598 δυνατωτέρα
435 1559 576 1599 συμμαχία
591 1561 648 1598 μεθ’
662 1561 749 1598 ἡμῶν,
768 1558 903 1589 τουτέστιν

136 1605 150 1631 ὁ
165 1603 242 1637 Θεός.
254 1599 341 1634 ’Ἦλθε
359 1605 406 1644 μὲν
428 1605 480 1645 γὰρ
497 1607 511 1634 ὁ
526 1605 672 1645 βάρὲαρος,
686 1604 773 1638 καθὼς
791 1604 906 1640 ἠπείλη-

138 1659 183 1677 σεν
203 1649 364 1689 ἔμπροσθεν,
385 1650 430 1679 καὶ
452 1651 551 1685 πολλὰς
568 1651 658 1680 λαὸὼν
678 1650 768 1684 πόλεις
789 1651 905 1686 ἀπῆλθε·

139 1694 206 1733 μετὰ
219 1695 248 1725 δὲ
264 1698 348 1725 ταῦτα
361 1697 569 1736 ἐπιστρατεύσας
578 1719 586 1731 ,
602 1696 727 1726 τάναντία
740 1696 830 1726 ἔπαθε.
853 1696 907 1725 Καὶ

137 1743 221 1770 ταῦτα
232 1741 319 1771 τοίνυν
330 1744 344 1771 ὅ
358 1742 496 1782 προφήτης
509 1742 647 1782 προλέγει,
661 1743 706 1771 καὶ
719 1741 763 1771 τὸν
775 1743 822 1776 τῆς
833 1741 908 1776 νίκης

138 1786 222 1816 αἴτιον
234 1787 419 1828 ἀνακηρύττει,
434 1788 479 1818 καὶ
496 1788 561 1828 πρὸς
575 1787 668 1821 αὐτοὺς
682 1787 741 1821 τοὺς
760 1787 907 1827 βαρὸάρους

136 1832 269 1863 ἀποτείνει
289 1833 334 1863 τὸν
353 1833 441 1873 λόγον.
465 1834 512 1870 Μὴ
535 1833 586 1874 γὰρ
607 1834 638 1870 δὴ
661 1835 694 1873 τῇ
712 1833 829 1873 προτέρᾳ
847 1832 906 1872 νίκῃ

137 1878 301 1919 θαῤῥήσητε,
323 1880 403 1921 φησίν
413 1893 419 1899 ·
444 1882 471 1910 ἓν
490 1880 542 1920 γὰρ
562 1883 596 1921 τῇ
619 1883 664 1909 νῦν
687 1879 772 1920 ἐφόδῳ
794 1879 906 1919 μεγίστη

137 1927 226 1965 παρ’ἧν
236 1927 300 1965 ἡμῖν
315 1928 333 1962 ἡ
353 1926 503 1967 συμμαχία.
526 1928 614 1956 Γνῶτε
633 1925 718 1956 τοίνυν
736 1928 813 1955 τοῦτο
827 1925 910 1962 αὐτὸ,

138 1970 183 2000 καὶ
196 1970 328 2007 ἀπόστητε
337 1994 345 2009 ,
357 1974 394 2005 ὡς
406 1972 542 2006 ἀδυνάτοις
560 1973 762 2013 ἐπιχειροῦντες.
774 1965 843 2001 Εἶτα
862 1971 906 2001 τὸν

139 2016 221 2047 αἴτιον
233 2019 282 2053 τῆς
300 2017 375 2054 νίκης
391 2018 492 2055 ἐκείνης
509 2018 656 2059 ἐμφαίνων,
670 2018 715 2047 καὶ
729 2018 769 2047 ὅτι
782 2018 847 2057 πρὸς
860 2017 908 2051 τὰς

137 2062 264 2102 ἐσχατιὰς
280 2063 399 2104 ἀφίξεται
411 2066 458 2100 τ’ἧς
473 2066 522 2105 γῆς
541 2068 558 2101 ἡ
574 2065 649 2105 φήμη
664 2064 698 2094 τὰ
714 2064 907 2104 κατορθώματα

137 2108 268 2148 φέρουσα,
283 2109 379 2150 φησίν·
393 2110 578 2140 Ἐπακούσατε
596 2111 645 2145 ἕως
663 2111 776 2151 ἐσχάτου
790 2113 838 2147 τῆς
848 2114 906 2151 γῆς.

137 2155 234 2189 Οὐδεὶς
242 2155 294 2196 γὰρ
305 2156 416 2192 ἀνήκοος
428 2158 482 2186 τῶν
495 2157 555 2187 τότε
576 2157 733 2197 συμὸἄντων
748 2159 775 2186 ἐν
789 2157 905 2198 Ἱεροσο-

137 2200 230 2240 λύμοις
248 2201 346 2242 γέγονε.
369 2202 421 2232 Διὰ
439 2203 517 2233 τοῦτό
538 2215 630 2244 φησιν·
649 2203 835 2233 Ἐπακούσατε
858 2204 906 2237 ἕως

139 2246 251 2286 ἐσχάτου
264 2249 312 2283 τῆς
324 2250 386 2287 γῆς,
399 2248 445 2284 καὶ
458 2250 483 2278 οῖ
495 2249 628 2289 ἰσχύοντες
639 2252 762 2285 ἡττᾶσθε.
777 2248 906 2288 Μεγάλην

139 2291 190 2332 γὰρ
199 2292 243 2322 ἐπὶ
253 2292 330 2333 ῥώμῃ
341 2293 417 2328 δόξαν
430 2297 444 2324 ὁ
457 2295 588 2336 βάρὸαρος
600 2296 660 2325 τότε
674 2295 809 2331 ἐκέκτητο.
820 2295 906 2336 Ἴσχυ-

140 2338 199 2378 ρσὺς
218 2338 246 2368 δὲ
264 2340 375 2369 ἐνταῦθα
389 2341 419 2369 οὗ
431 2340 491 2374 τοὺς
512 2342 540 2371 ἐν
560 2343 593 2381 τῇ
615 2345 661 2372 τοῦ
684 2341 806 2381 σώματος
820 2341 905 2382 εὐεξίᾳ

172 2438 184 2450 ⁸
200 2433 244 2456 Καὶ
254 2433 308 2463 μετ’
317 2432 416 2460 dnonas
423 2434 545 2467 περιέσται.
555 2432 618 2457 Puto
631 2430 761 2465 legendum
773 2435 893 2468 παρέσται,

140 2477 169 2496 ιιι
180 2470 301 2496 reseratur
317 2469 353 2495 illi
364 2474 459 2505 πάρεστι
470 2475 528 2506 γάρ,
539 2471 564 2496 ἰη
577 2477 647 2496 textu
659 2472 730 2496 Isaiae
743 2480 825 2504 supra.
836 2473 894 2497 Mox

142 2519 228 2536 omnes
246 2513 424 2542 ἀνασπάσασθαι,
437 2516 526 2542 ρπειοτ
541 2510 639 2542 morel„
649 2511 696 2543 qui,
705 2509 780 2536 habet
791 2516 894 2538 ἀνασπά-

143 2554 230 2577 σασθαι.
245 2549 316 2575 lutra
327 2547 405 2576 Savil.
418 2554 447 2583 τῇ
457 2555 501 2576 τῶν
513 2551 643 2584 λειφθέντων
655 2554 761 2585 τιμωρίᾳ,
775 2549 838 2576 male
850 2559 895 2584 pro

938 159 1014 182 CAP.
1044 159 1115 182 vm.
1637 159 1698 192 107

956 230 1008 259 gna
1019 220 1176 251 observatur
1194 221 1346 251 clementia.
1361 221 1454 259 Neque
1467 221 1537 250 enim
1551 219 1700 250 commina-

962 273 1007 296 tur
1017 277 1046 296 se
1058 267 1179 307 ipsorum
1202 268 1296 297 urbem
1312 266 1507 297 demoliturum
1520 277 1586 301 csse,
1600 266 1647 296 sed
1658 278 1701 296 ca-

959 313 1109 353 ptivitatem
1131 313 1276 352 quamdam
1298 320 1324 343 et
1349 312 1538 343 abductionem
1553 309 1700 353 'praediciu

958 358 1076 398 reliquos
1089 359 1181 389 volens
1192 370 1226 389 ex
1237 359 1406 400 captivorum
1421 369 1499 399 poena
1518 358 1553 388 ad
1564 359 1701 390 meliorem

957 405 1063 445 frugem
1075 406 1213 436 reducere.
1235 407 1306 436 Nam
1318 405 1356 435 ait
1371 418 1378 435 ι
1394 405 1428 435 A
1429 406 1523 447 referet
1531 406 1639 435 Judoea
1650 407 1701 435 lw-

960 453 1066 480 minem
1083 453 1134 491 qui
1152 453 1243 491 possit
1257 452 1356 481 levare
1374 457 1462 490 caput
1477 464 1486 482 .·
1497 451 1531 480 de
1546 452 1702 491 proceribus

959 496 1090 536 loquitur,
1107 497 1193 537 deque
1211 498 1245 528 iis
1262 499 1310 536 qui
1331 497 1422 527 omnia
1444 507 1553 527 sursum
1575 497 1702 527 deorsum

959 550 1078 576 versanu
1093 554 1139 573 eos
1152 543 1199 583 qui
1219 543 1420 573 multitudinem
1444 543 1540 583 populi
1562 543 1702 573 labefacta-

958 588 1034 626 bant,
1056 590 1177 629 captivos
1195 601 1339 629 servosque
1355 589 1444 627 saciet,
1467 589 1505 619 ita
1522 596 1552 618 ut
1566 589 1702 619 inferiores

924 646 942 670 c
958 634 1061 674 possint
1073 636 1210 666 tantillum
1223 636 1364 676 respirare,
1373 646 1459 675 exque
1471 642 1543 666 metu
1558 646 1606 675 per
1616 636 1703 666 abdu-

959 681 1073 711 ctionem
1094 682 1209 721 aliorum
1232 689 1327 723 parto,
1356 690 1382 712 et
1398 693 1432 712 ex
1454 681 1561 722 propria
1583 682 1704 711 libertate

960 728 1082 758 meliores
1103 730 1227 759 evadere.
1246 729 1311 760 Ideo
1331 731 1388 759 ait:
1404 730 1462 768 Qui
1481 731 1571 769 possit
1589 730 1705 768 aliquid

957 776 1109 814 perficere,
1124 776 1152 805 id
1164 783 1214 814 est,
1240 777 1343 813 fortem,
1359 776 1465 815 aliquid
1484 776 1590 816 operari
1612 776 1703 806 valen-

958 829 1029 859 tem,
1044 822 1091 861 qui
1111 823 1196 862 possit
1216 823 1260 853 vel
1281 823 1422 852 minimum
1445 821 1512 861 quid
1537 822 1653 851 efficere.
1668 823 1704 852 Et

958 875 1019 898 ante
1034 868 1238 906 abductionem,
1253 880 1301 909 per
1326 868 1416 909 ipsum
1434 878 1526 897 rerum
1547 874 1683 907 aspectum
1694 890 1701 902 ,

957 915 1011 951 ait,
1027 916 1085 945 Vos
1107 916 1171 944 satis
1192 922 1292 944 terrore
1314 914 1441 954 percellet
1463 913 1703 948 barbarus,totam

958 967 1055 989 terram
1070 961 1184 1001 implens
1197 961 1374 990 barbarorum
1395 959 1565 999 corporibus.
1582 959 1648 989 Ideo
1659 959 1701 988 in-

959 1007 1023 1036 tulit
1039 1019 1045 1035 :
1061 1009 1102 1036 Et
1126 1006 1211 1037 erunt
1229 1014 1325 1036 castra
1347 1007 1410 1046 ejus
1423 1029 1430 1042 ,
1453 1008 1495 1035 ita
1511 1012 1543 1035 ut
1562 1006 1704 1046 impleant

961 1053 1148 1082 latitudinem
1177 1054 1301 1093 regionis
1329 1059 1396 1082 tuae.
1419 1053 1577 1082 Nobiscum
1610 1053 1700 1082 Deus.

961 1100 989 1128 9.
997 1099 1114 1137 Scitote,
1129 1106 1238 1139 gentes,
1250 1105 1277 1128 et
1290 1100 1459 1129 vincimini.-
1470 1100 1603 1128 nuntiate
1614 1109 1705 1139 usque

928 1158 946 1180 ι)
962 1145 1003 1174 ad
1020 1152 1181 1175 extremum
1212 1151 1312 1180 terroe,
1330 1151 1357 1174 et
1371 1145 1554 1186 fortitudine
1569 1146 1704 1175 valentes

961 1192 1126 1220 vincimini.
1146 1191 1177 1220 Si
1195 1195 1272 1220 enim
1295 1194 1397 1220 iterum
1413 1190 1638 1230 praevalueritis,
1651 1193 1703 1220 itc-

959 1246 1024 1265 rum
1034 1238 1203 1266 vincemini.
1220 1239 1268 1266 10.
1282 1238 1323 1266 Et
1333 1237 1535 1276 quodcumque
1549 1237 1703 1266 consilium

959 1284 1094 1319 inierifis,
1104 1278 1254 1322 dissipabit
1267 1283 1411 1311 Dominus
1425 1295 1432 1311 :
1446 1288 1473 1311 et
1481 1284 1602 1311 verbum
1613 1284 1705 1322 quod-

960 1340 1083 1371 cumque
1099 1331 1215 1371 loquuti
1225 1330 1357 1371 suet-itis,
1382 1341 1441 1359 non
1459 1332 1587 1359 manebit
1605 1333 1635 1359 in
1651 1342 1704 1359 vo-

962 1378 1022 1413 bis,
1040 1379 1111 1417 quia
1132 1378 1280 1406 nobiscum
1301 1378 1393 1406 Deus.
1421 1376 1539 1407 Videtur
1567 1376 1632 1405 mihi
1654 1377 1704 1406 hoe

959 1422 1018 1452 loco
1027 1423 1147 1452 Ezechiae
1164 1423 1303 1453 victoriam
1317 1422 1471 1462 proedicere,
1486 1433 1516 1451 ac
1529 1422 1703 1462 splendidum

959 1468 1031 1498 illud
1045 1476 1176 1509 tropaeum
1190 1480 1351 1508 causamque
1365 1469 1495 1499 victorioe.
1508 1469 1621 1498 Etiamsi
1632 1469 1703 1498 enim

959 1526 1032 1544 arma
1054 1514 1129 1555 apud
1148 1515 1210 1545 illos
1234 1515 1302 1552 sint,
1326 1514 1431 1553 inquit,
1450 1515 1555 1544 etiamsi
1569 1516 1703 1544 exercilus

959 1561 1096 1598 immensi,
1118 1568 1144 1590 et
1166 1561 1233 1591 belli
1259 1561 1372 1601 peritia,
1399 1561 1448 1590 scd
1473 1561 1606 1590 auxilium
1626 1562 1704 1590 nobis

960 1607 1080 1636 omnium
1089 1607 1303 1646 potentissimum
1315 1607 1454 1636 nobiscum
1463 1614 1608 1647 est,nempe
1616 1609 1700 1637 Deus.

960 1653 1043 1682 Venit
1055 1654 1126 1682 enim
1138 1653 1280 1689 barbarus,
1295 1659 1324 1681 ιιι
1335 1653 1411 1693 prius
1433 1653 1548 1682 minutus
1567 1653 1662 1690 suerat,
1678 1660 1703 1682 et

926 1709 945 1732 F.
960 1698 1054 1727 multis
1070 1699 1155 1738 captis
1181 1698 1296 1727 urbibus
1318 1698 1428 1727 accessit
1444 1710 1450 1726 :
1465 1704 1555 1738 postea
1575 1709 1638 1728 vero
1655 1699 1704 1727 ad-

960 1744 1040 1773 motis
1060 1744 1171 1781 castris,
1192 1743 1324 1773 contraria
1346 1754 1440 1783 passus
1461 1750 1510 1773 est.
1529 1745 1592 1773 Haec
1612 1744 1702 1784 itaque

959 1789 1081 1829 praedicit
1094 1789 1236 1829 propheta,
1251 1799 1410 1827 causamque
1424 1789 1542 1818 victoriae
1561 1790 1698 1829 praedicat,

959 1834 1084 1874 ipsosque
1110 1835 1238 1864 barbaros
1262 1834 1420 1873 alloquitur.
1435 1836 1476 1864 Ne
1490 1835 1584 1874 priori,
1601 1835 1697 1874 inquit,

960 1879 1077 1909 victoriae
1085 1880 1173 1909 fidatis
1183 1892 1189 1908 ε
1199 1880 1226 1909 in
1236 1880 1287 1909 hac
1299 1880 1371 1909 enim
1388 1879 1537 1920 irruptione
1551 1880 1700 1910 maximum

959 1926 1038 1955 nobis
1058 1925 1133 1955 adest
1152 1925 1319 1966 praesidium.
1335 1926 1392 1956 Hoc
1410 1926 1469 1965 ipso
1493 1926 1576 1965 igitur
1595 1927 1700 1966 cognitu

959 1972 1085 2010 recedite,
1106 1979 1198 2013 utpote
1219 1971 1266 2012 qui
1284 1983 1325 2008 ea,
1351 1982 1410 2011 quae
1423 1972 1481 2001 fieri
1494 1980 1638 2011 nequeunt,
1653 1984 1700 2013 ag-

960 2018 1130 2058 grediamini.
1141 2018 1209 2049 Hinc
1225 2025 1251 2047 et
1262 2028 1369 2047 causam
1389 2017 1465 2047 illius
1477 2017 1595 2048 victoria·
1609 2017 1699 2047 deela-

924 2093 948 2111 ⁹³
960 2075 1032 2101 rans,
1046 2072 1072 2095 et
1081 2065 1251 2100 annuntians,
1273 2065 1372 2093 famam
1393 2065 1451 2094 liaec
1477 2065 1603 2104 praeclara
1628 2071 1699 2104 gesta

926 2121 946 2143 Α
960 2111 992 2140 ad
1004 2118 1136 2141 extremos
1147 2122 1232 2150 usquc
1242 2118 1317 2140 terrae
1330 2110 1396 2139 fines
1413 2111 1555 2140 allaturam
1569 2121 1625 2140 csse
1638 2111 1675 2140 ait
1691 2123 1698 2139 ι

959 2159 1101 2187 Nuntiate
1127 2167 1218 2197 usque
1241 2158 1282 2186 ad
1312 2163 1470 2186 extremum
1494 2164 1587 2186 terroe.
1614 2158 1700 2186 Nemo

959 2204 1029 2234 enim
1038 2204 1090 2234 non
1104 2203 1210 2234 audivit
1222 2214 1254 2233 ea
1264 2214 1323 2242 quae
1338 2210 1402 2232 tunc
1423 2203 1599 2243 Jcrosolymis
1613 2202 1700 2232 conti-

960 2257 1063 2289 gerunt.
1072 2249 1176 2279 Idcirco
1189 2249 1226 2278 ait
1242 2261 1249 2277 :
1265 2249 1378 2278 Audite
1390 2259 1481 2289 usque
1495 2250 1535 2278 ad
1543 2254 1700 2278 extremum

961 2304 1081 2331 terroe‚et
1090 2300 1142 2336 qui
1147 2297 1330 2337 fortitudine
1342 2296 1451 2325 valetis
1462 2297 1629 2324 vincimini.
1641 2296 1700 2323 Mn-

962 2353 1040 2382 gnam
1057 2343 1158 2383 quippe
1173 2342 1286 2381 gloriam
1297 2349 1361 2371 tunc
1371 2342 1502 2371 barbarus
1514 2342 1549 2370 ob
1556 2339 1699 2380 potentiam

945 2436 1079 2468 ληφθέντων,
1092 2438 1120 2457 ιιι
1132 2433 1183 2464 ipse.
1195 2438 1267 2457 notat
1279 2433 1304 2456 in
1316 2433 1434 2465 margine.

975 2474 988 2491 Ι]
1006 2473 1065 2505 ch.
1084 2477 1108 2496 et
1120 2471 1196 2496 Savil.
1210 2475 1328 2507 φέρεσθαι,
1339 2470 1415 2501 mule,
1428 2475 1454 2493 ut
1470 2470 1520 2501 ipse
1532 2468 1637 2494 Savilius
1653 2469 1700 2494 nd-

944 2518 1027 2537 wrm.
