1890 2826
0 2571 9 2674 -v-u;
6 2518 11 2540 Α,
0 2468 5 2479 -

616 203 775 227 SYNOPsts
802 202 991 225 SCRIPTURAE
1017 203 1141 226 SACRF..

95 268 175 307 χΘαι,
198 266 258 295 τότε
280 267 318 299 εἷς
343 265 416 298 τέλος
443 266 590 294 ἀπολεῖται.
603 265 672 305 Περὶ
697 267 762 299 τοῦ,
777 264 863 292 Ὀστᾶ

96 314 176 341 αὐτοῦ
196 311 399 347 ἀνεπλήσθησαν
425 310 546 347 νεότητος
567 312 656 340 αὐτοῦ.
678 310 731 340 Καὶ
753 310 794 338 ὅτι
817 308 863 337 Ἂν

94 359 226 398 γλυκανθῇ
237 359 266 386 ἐν
279 360 318 397 τῷ
339 358 453 396 στόματι
467 359 545 387 αὐτοῦ
565 357 658 393 κακία,
674 355 769 396 κρύψει
781 354 863 390 αὐτὴν

93 404 146 433 ὑπὸ
169 403 216 439 τὴν
230 405 353 443 γλῶσσαν
375 405 464 433 αὐτοῦ.
485 403 590 443 Ὥσπερ
613 403 682 443 χολὴ
704 401 814 434 ἀσπίδος
835 401 863 429 ἐν

94 450 189 489 γαστρὶ
203 451 300 486 αὐτῆς,
312 450 380 479 οὕτω
401 450 512 483 πλοῦτος
527 449 554 483 ἐξ
567 449 665 478 ἀδίκων
690 445 863 485 συναγόμενος

95 494 289 534 ἒξεμεῠῆσεται.
304 496 368 525 ’Ότι
389 497 435 529 Εἷς
449 495 512 525 κενὰ
532 496 577 524 καὶ
599 495 698 534 μάταια
724 492 863 526 ἐκοπίασε,

92 540 214 580 συνάγων
223 542 336 570 πλοῦτον
346 540 374 574 ἐξ
386 537 415 570 οὗ
429 542 458 570 οὗ
469 540 599 580 γεύσεται.
608 540 672 570 ιγΟτι
679 540 792 569 Πολλῶν
804 538 864 567 ἀδυ-

1587 193 1657 237 435

916 264 997 292 visus
1005 263 1102 303 suerit
1117 265 1182 302 jam
1185 264 1326 304 firmatus
1346 273 1418 300 esse,
1431 270 1500 293 tunc
1522 266 1552 293 in
1569 265 1658 303 finem

914 310 1031 348 peribit.
1046 310 1122 339 Illud
1136 312 1215 339 etiam
1227 321 1234 337 =
1250 312 1323 340 Ossa
1334 312 1395 350 ejus
1405 311 1524 350 impleta
1536 318 1603 341 sunt
1613 313 1660 351 ju·
1671 326 1691 340 v.
1710 325 1744 340 ιι,
1762 324 1796 341 12.

921 352 1036 384 vent‘ute
1048 357 1121 395 ejus.
1135 355 1166 384 Si
1179 356 1323 385 dulcuerit
1337 358 1369 384 in
1383 365 1431 384 ore
1443 357 1505 395 ejus
1525 357 1661 396 maligni-

919 406 974 437 tas,
989 402 1147 430 abscondet
1161 412 1226 431 eam
1249 404 1301 431 sub
1320 402 1421 442 lingua
1434 411 1498 430 sua.
1513 402 1594 431 Sicut
1609 402 1660 442 sel
1670 412 1691 425 v.
1707 403 1741 434 ¹4·

919 448 1028 485 aspidis
1043 449 1074 476 in
1096 454 1201 476 ventre
1218 449 1291 487 ejus,
1305 450 1346 477 sic
1359 448 1468 477 divitioe
1480 449 1582 488 inique
1593 458 1660 476 con-

917 499 1043 531 gregatae
1061 500 1237 522 evomentur.
1254 495 1292 522 In
1316 504 1426 522 vanum
1443 500 1472 522 et
1483 493 1602 534 frustra
1615 493 1659 522 Ia·
1671 513 1692 526 v.
1709 505 1742 527 ,8,
1760 513 1794 535 ¹9-

919 539 1043 574 boravit‚
1056 538 1197 577 colligens
1210 539 1329 568 divitias
1343 550 1379 567 ex
1398 540 1503 578 quibus
1526 549 1585 567 non
1605 550 1659 579 gu-

95 586 179 615 νάτων
191 586 278 620 οἴκους
289 586 391 616 ἔθλασε.
403 586 515 626 Τρώσαι
524 587 612 621 αὐτὸν,
622 586 701 626 φησὶ,
711 583 784 618 τόξον
798 583 864 623 χάλ-
875 603 912 622 370
918 586 1019 613 stabit.
1049 585 1211 613 Multorum
1236 587 1313 613 enim
1336 586 1536 623 impotentium
1560 585 1660 614 domos

92 643 174 668 κειον,
189 633 234 662 καὶ
249 633 373 667 διεξέλθοι
383 633 426 662 διὰ
440 634 571 672 στόματος
585 634 663 662 αὐτοῦ
675 630 863 671 βέλος.Ἄστρα
884 632 903 654 Α
917 631 1066 658 contrivit.
1093 630 1123 658 V
1119 629 1232 659 ulneret
1248 640 1313 659 eum
1335 640 1420 658 arcus
1441 640 1541 667 wreus,
1557 636 1584 658 et
1598 641 1663 670 per·
1672 649 1692 661 v.
1709 642 1746 669 24.
1765 642 1801 664 25.

95 677 122 707 δὲ
135 679 162 707 ε’ν
180 678 291 712 διαίταις
313 680 392 708 αὐτοῦ
418 679 654 719 περιπατήσουσιν.
671 677 746 714 Αὕτη
768 676 820 716 γὰρ
846 677 862 711 ἢ

93 724 169 763 μερὶς
184 724 321 764 ἀνθρώπου
335 725 446 759 ἆσεὸοῦς
459 724 532 764 παρὰ
546 725 654 765 Κυρίου.

135 815 254 855 Δευτέροι
267 819 313 845 τοῦ
328 815 391 845 ’1ὼὸ
405 815 470 856 πρὸς
489 816 588 856 Σωφὰρ
612 814 739 849 οἷντίλεξις
750 827 756 833 ·
772 814 862 845 Ἀκού-

93 872 174 895 σατε,
189 861 320 893 ἀκούσατέ
339 874 390 900 μου
404 863 457 891 τῶν
469 862 564 901 λόγων,
575 861 619 890 ἵνα
632 857 650 901 ᾖ
665 861 702 900 μὴ
714 862 777 901 παρ’
789 863 864 899 ὑμῶν

95 908 270 947 παράκλησις.
285 908 322 937 Τί
340 908 405 948 γοίρ;
424 907 462 947 μὴ
488 907 619 947 ἀνθρώπῳ
635 919 685 946 μου
709 910 726 943 ἦ
748 906 862 945 ἔλεγξις;

95 953 147 982 Διὰ
160 954 186 983 τί
199 953 250 994 γὰρ
270 954 373 987 &ateste
394 955 474 989 ζῶσι,
488 954 689 983 πεπαλαίωνται
712 953 740 982 δὲ
767 952 813 981 καὶ
835 954 862 981 ἐν

93 999 200 1039 πλούτῳ
214 999 259 1029 καὶ
277 1000 398 1040 εὗθηνίᾳ;
412 1000 532 1035 Διεσώθη
554 999 581 1028 δὲ
608 1002 694 1028 αὐτῶν
717 1000 743 1027 ἐν
767 998 863 1038 γαστρὶ

95 1045 201 1085 ἔχουσα.
214 1045 302 1075 Ὅπου
317 1045 396 1085 Λέγει
406 1047 420 1074 ὁ
442 1045 540 1081 ἀσεὸὴς
553 1047 592 1085 τῷ
613 1045 718 1085 Κυρίῳ·
733 1043 864 1080 ἀπόστηθι

96 1092 141 1119 ἀπ’
157 1092 235 1130 ἐμοῦ,
257 1091 330 1125 ὁδούς
344 1103 391 1121 σου
414 1091 511 1120 εἰδέναι
524 1093 553 1121 οὐ
570 1091 707 1131 βούλομαι.
723 1090 759 1119 Τί
777 1090 865 1122 ἱκανὸς

93 1137 136 1166 ὅτι
149 1137 324 1176 δουλεύσομαι
335 1139 422 1177 αὖτῷς
436 1137 553 1177 Πότερον
574 1138 633 1178 οὐχὶ
647 1141 661 1167 ὁ
684 1136 780 1176 Κύριός
794 1137 864 1165 ἐστιν

94 1186 109 1212 ὁ
130 1183 260 1213 διδάσκων
276 1183 379 1213 σύνεσιν
394 1183 439 1213 καὶ
454 1183 620 1223 ἐπιστήμηη
633 1183 718 1216 Αὐτὸς
731 1183 758 1212 δὲ
772 1183 866 1215 πόνους

94 1230 230 1269 διακρίνει.
243 1229 326 1259 Ὥστε
342 1225 400 1259 οἶδα
412 1232 494 1268 ὑμᾶς,
509 1230 550 1259 ὅτι
570 1229 656 1269 τόλμῃ
678 1229 795 1268 ἔγκεισθέ
811 1240 863 1267 μοι.

95 1273 148 1302 Καὶ
162 1273 222 1313 περὶ
242 1276 305 1309 τοῦ,
319 1275 376 1302 Ποῦ
391 1275 462 1302 ἐστιν
480 1268 550 1306 οἶκος
563 1273 714 1313 ἀρχόντων;
730 1274 775 1305 Εἰς
796 1272 864 1311 ἠμέ-

93 1330 142 1358 ραν
157 1318 288 1352 ἀπωλείας
296 1319 446 1359 κουφίζεται
459 1322 473 1349 ὁ
486 1319 612 1359 πονηρός·
628 1318 674 1348 καὶ
686 1319 772 1348 ὀπίσω
784 1320 862 1347 αὐτοῦ

94 1369 146 1398 πᾶς
157 1364 290 1404 ἄνθρωπος
300 1364 483 1394 ἀπελεύσεται.

133 1456 229 1497 Τρίτος
248 1456 327 1486 πάλιν
346 1457 486 1487 ὖπολαὸὼν
501 1457 615 1497 Ἐλιφὰζ
637 1456 723 1497 λέγει·
745 1456 862 1497 Πότερον

93 1502 152 1542 οὐχὶ
165 1505 180 1532 ὁ
191 1503 287 1543 Κύριός
300 1504 371 1532 ἐστιν
385 1505 399 1532 ὁ
413 1503 543 1533 διδάσκων
563 1503 666 1533 σύνεσιν
690 1503 735 1532 καὶ
749 1503 862 1539 ἐπιστή-

90 1559 162 1586 μην;
175 1548 211 1577 Τί
222 1549 274 1588 γὰρ
288 1549 362 1587 μέλει
376 1551 415 1589 τῷ
429 1549 533 1589 Κυρίῳ,
547 1549 592 1578 ἐὰν
612 1549 644 1579 σὺ
658 1545 728 1585 ἦσθα
746 1553 801 1583 τοῖς
815 1549 862 1589 ἔρ-

92 1606 147 1634 γοις
169 1594 322 1634 ἄμεμπτος
336 1595 468 1625 Ἐνταῦθα
486 1596 558 1635 λέγει
572 1596 685 1636 Ἐλιφὰζ
703 1596 767 1636 πρὸς
779 1596 844 1626 Ἰὼὸ
853 1618 861 1632 ,

93 1640 134 1669 ὅτι
147 1640 239 1681 Χήρας
247 1641 431 1675 ἐξαπέστειλας
442 1641 528 1677 κενὰς,
537 1641 663 1682 ὀρφανοὺς
675 1642 702 1671 δὲ
715 1642 860 1676 ἐκάκωσας.

93 1686 147 1716 Καὶ
160 1682 278 1721 εἷπας,τί
291 1686 358 1726 ἔγνω
371 1689 386 1716 ὁ
400 1687 519 1727 ἷσχυρός;
534 1690 570 1718 Οἱ
580 1688 708 1727 λέγοντες,
719 1688 746 1717 τί
756 1688 862 1724 ποιήσει

92 1735 156 1771 ἡμῖν
169 1732 278 1772 Κύριος
286 1733 332 1762 καὶ
342 1733 369 1762 τί
382 1733 506 1767 ἐπάξεται
517 1736 581 1773 ἡμῖν
597 1737 611 1764 ὃ
623 1734 729 1763 πάντων
740 1737 860 1774 κρατῶν;

93 1778 161 1818 Περὶ
173 1782 235 1814 τοῦ,
250 1778 369 1818 Καθαρὸν
384 1779 516 1809 ἀποδώσει
529 1792 559 1810 σε
580 1779 675 1820 Κύριος
697 1779 788 1820 ὥσπερ
811 1780 861 1820 ἄρ-

91 1835 170 1864 γυρον
189 1824 385 1864 πεπυρωμένον.
401 1824 559 1866 Ἀνάὸλεψον
572 1827 608 1860 εἰς
620 1826 665 1855 τὸν
679 1827 788 1866 οὐρανὸν
803 1827 861 1855 ἰλα-

94 1872 152 1909 piac.
174 1869 325 1909 Εὔξαμένου
357 1870 386 1900 δέ
407 1882 453 1901 σου
481 1871 545 1911 πρὸς
567 1871 655 1908 αὐτὸν,
680 1871 863 1901 εἶσακούσεταί

92 1928 139 1946 σου
149 1939 157 1953 ,
171 1916 217 1946 καὶ
230 1917 382 1957 διασωθήσῃ
399 1919 426 1947 ἐν
440 1920 566 1958 καθαραῖς
577 1918 656 1959 χερσί
671 1930 727 1948 σου.

130 2007 217 2048 Τρίτη
239 2010 284 2038 τοῦ
299 2007 363 2038 Ὶὼὸ
387 2008 513 2043 ἀντίλεξις
529 2009 594 2050 πρὸς
615 2009 737 2050 Ἐλιφάζ.
762 2010 814 2039 Καὶ
830 2009 861 2045 δὴ

90 2050 165 2091 οἶδα,
180 2054 221 2084 ὅτι
239 2054 328 2094 χειρός
351 2065 402 2094 μου
425 2057 443 2090 ἣ
466 2055 630 2094 ἐλεημοσύνη
653 2055 703 2094 μού
729 2057 799 2091 ἐστι,
817 2054 862 2084 καὶ

90 2103 107 2136 ἡ
120 2100 180 2141 χεὶρ
202 2101 280 2129 αὐτοῦ
300 2102 393 2140 βαρεῖα
411 2100 502 2141 γέγονε
523 2103 565 2131 ἐπ’
585 2103 642 2142 ἐμῷ
663 2103 812 2141 στεναγμῷ.
829 2102 862 2130 Εἰ

90 2148 117 2175 ἐν
131 2147 216 2185 πολλῇ
237 2146 310 2186 ἰσχύϊ
323 2146 493 2176 ἐπελεύσεταί
506 2159 551 2186 μοι
565 2148 665 2181 σκότος.
681 2147 794 2180 Ἀσεὸεἷς
803 2147 862 2186 ὅρον

88 2192 263 2232 ὓπερέόησαν,
274 2192 320 2221 καὶ
329 2192 442 2231 γυμνοὺς
456 2193 567 2227 πολλοὺς
578 2193 714 2232 ἐκοίμισαν
729 2194 789 2222 ἄνευ
802 2194 863 2232 ἱμα·

90 2238 162 2267 τίων.
175 2238 329 2278 Ἀναφανείη
343 2237 377 2267 τὰ
390 2239 459 2279 φυτὰ
479 2240 564 2268 αὐτῶν
586 2239 639 2268 ἀπὸ
652 2241 700 2278 γῆς
716 2238 782 2278 ξηρά
793 2251 799 2257 ·
810 2241 862 2278 ἅγ-

89 2285 185 2314 καλίδα
198 2284 248 2324 γὰρ
259 2285 378 2324 ὀρφανῶν
388 2284 521 2324 ἥρπασαν.

128 2376 224 2416 Τρίτος
251 2376 390 2406 ὑπολαὸὼν
413 2377 522 2406 Βαλδὰδ
546 2375 631 2415 λέγει·
646 2376 680 2405 Ὁ
702 2377 784 2406 ποιῶν
812 2376 844 2412 τὴ

90 2422 232 2461 σύμπασαν
246 2423 273 2451 ἐν
286 2422 398 2462 ὑψίστῳ.
413 2422 461 2458 Μὴ
475 2422 527 2461 γάρ
542 2434 582 2454 τις
594 2421 736 2455 ὑπολάὸοι,
751 2420 791 2449 ὅτι
805 2420 861 2450 ἐστὶ

89 2468 251 2508 παρέλκυσις
273 2468 411 2508 σπείραντι
428 2468 467 2504 (l.
486 2470 622 2506 πειραταῖς
642 2468 660 2502 ).
686 2467 750 2499 Πῶς
769 2466 798 2496 δὲ
824 2466 861 2495 δί-

89 2525 162 2547 καιος
180 2513 272 2554 βροτὸς
285 2514 371 2543 ἔναντι
388 2513 500 2552 Κυρίου;
516 2512 580 2542 Ἐὰν
601 2512 627 2541 δὲ
652 2511 786 2551 ἄνθρωπος
810 2523 860 2541 σα-

88 2558 171 2599 πρία,
187 2560 232 2589 καὶ
244 2561 268 2589 εἷ
282 2559 336 2592 υἱὸς
350 2558 487 2598 ἀνθρώπου
498 2557 622 2593 σκώληξ;

133 2606 159 2634 T
161 2605 219 2644 ρίτη
231 2607 277 2634 τοῦ
292 2604 355 2634 Ὶὼὸ
367 2604 432 2644 πρὸς
446 2603 552 2633 Βαλδὰδ
566 2602 708 2637 ἀντίλεξις·
724 2602 785 2632 Τίνι
799 2603 860 2641 μέλ-

918 681 1050 705 transeat
1061 686 1114 715 per
1125 686 1227 715 corpus
1235 678 1298 715 ejus
1305 676 1447 714 jaculum.
1461 676 1554 705 Astra
1565 683 1659 706 autem

917 724 949 751 in
969 723 1166 751 tabernaculis
1188 723 1250 761 ejus
1271 722 1476 751 ambulabunt.
1496 723 1569 751 Hoec
1589 723 1660 752 enim
1670 741 1691 755 v.
1704 739 1741 763 29,

918 774 959 796 est
977 769 1071 807 portio
1084 768 1144 795 viri
1154 768 1236 805 impii
1249 776 1268 794 a
1282 767 1419 795 Domino.

956 812 1079 843 Secunda
1100 812 1237 852 responsio
1255 812 1318 842 Johi
1333 812 1368 841 ad
1393 812 1499 852 Sophar
1515 823 1521 839 :
1538 812 1659 848 Audite,
1672 828 1728 856 cap,
1739 834 1776 850 2¹.
1787 835 1809 850 2.

916 860 1017 888 audite
1027 860 1121 888 verba
1133 869 1208 895 mea,
1220 865 1252 887 ut
1269 860 1307 887 sit
1324 859 1398 886 mihi
1419 858 1582 887 consolatio
1602 869 1661 887 non

916 916 935 934 a
946 908 1041 935 vobis.
1058 905 1136 943 Quid
1145 906 1222 933 enim
1230 906 1243 932 P
1251 904 1405 944 Numquid
1415 914 1480 933 cum
1492 905 1608 934 homine
1619 912 1660 934 est
1671 930 1691 943 v.
1703 920 1726 951 4,

915 952 1085 991 redargutio
1107 953 1192 979 mea?
1210 950 1308 988 Quare
1319 951 1402 989 impii
1420 950 1536 986 vivunt,
1559 961 1660 980 senue-
1670 971 1725 992 v-7-

916 1005 1040 1037 runtque
1051 999 1083 1026 in
1094 998 1206 1025 divitiis
1217 1002 1245 1024 et
1257 997 1446 1036 prosperitate
1459 998 1472 1024 Ρ
1486 997 1577 1026 Salva
1589 1007 1657 1026 eva·
1669 1018 1690 1032 v.
1707 1017 1741 1033 10,
1761 1023 1763 1025 ,

915 1047 1115 1083 sitpraegnans
1128 1044 1208 1082 apud
1222 1042 1301 1071 illos.
1317 1042 1373 1072 Ubi
1388 1043 1469 1071 Dicit
1483 1042 1583 1082 impius
1599 1044 1659 1072 Do·
1669 1061 1689 1075 v.
1707 1054 1742 1082 14.
1758 1054 1792 1075 15.

916 1092 995 1119 mino
1007 1102 1015 1118 .·
1028 1089 1140 1119 Recede
1150 1100 1169 1117 a
1177 1099 1232 1124 me,
1239 1090 1306 1118 vias
1319 1094 1385 1118 tuas
1394 1091 1468 1118 scire
1485 1089 1565 1118 nolo.
1581 1091 1660 1128 Quid

882 1142 900 1165 B
916 1142 957 1165 est
973 1136 1025 1165 ille
1033 1142 1146 1175 potens,
1161 1136 1232 1174 quia
1243 1137 1399 1164 serviemus
1412 1137 1438 1164 ei
1445 1137 1458 1162 Ρ
1469 1135 1584 1164 Αηηοη
1596 1137 1657 1165 Do·
1668 1156 1690 1170 v.
1703 1155 1740 1170 22,

917 1184 1012 1210 minus
1023 1187 1076 1216 est,
1087 1182 1140 1220 ‘qui
1153 1181 1237 1209 docet
1249 1181 1431 1210 intellectum
1442 1187 1470 1210 et
1480 1183 1634 1210 scientiam
1645 1185 1658 1209 Ρ

915 1229 981 1266 Ipse
994 1237 1066 1255 vero
1084 1227 1199 1255 labores
1216 1227 1371 1266 dijudicat.
1393 1228 1499 1266 ltaque
1522 1229 1582 1256 scio
1603 1238 1658 1257 vos
1669 1248 1691 1261 v.
1703 1247 1741 1270 ²7-

915 1274 1058 1302 audacter
1071 1273 1144 1301 mihi
1157 1273 1297 1302 insistere.
1313 1271 1383 1301 Item
1393 1272 1474 1309 illud,
1489 1274 1545 1302 Ubi
1556 1280 1598 1303 est
1609 1275 1658 1303 do·
1668 1291 1690 1306 v.
1702 1283 1739 1305 28.

917 1330 979 1349 mus
1001 1320 1185 1359 principum?
1207 1320 1246 1347 In
1271 1318 1347 1348 diem
1366 1319 1537 1357 perditionis
1560 1320 1656 1349 suble·
1670 1331 1791 1355 v.30.33,

918 1370 1004 1394 vatur
1028 1364 1196 1404 malignus:
1214 1370 1241 1393 et
1258 1369 1323 1402 post
1344 1363 1430 1392 illum
1450 1365 1544 1393 omnis
1573 1365 1658 1394 homo

916 1411 1019 1439 abibit.

955 1456 1168 1486 Tertioiterum
1187 1455 1324 1496 excipiens
1346 1455 1461 1495 Eliphaz
1481 1457 1519 1486 ait
1531 1469 1539 1486 .·
1551 1458 1659 1487 Nonne
1673 1468 1728 1498 Cap.
1743 1469 1807 1491 23.2.

917 1503 1060 1532 Dominus
1081 1508 1134 1539 est,
1144 1504 1196 1542 qui
1221 1502 1303 1531 docet
1325 1503 1504 1532 intellectum
1526 1510 1554 1533 et
1570 1507 1660 1533 scien·
1670 1498 1692 1521 3·

916 1551 1007 1579 tiam?
1024 1550 1102 1587 Quid
1121 1550 1198 1578 enim
1219 1556 1302 1577 curat
1320 1549 1466 1578 Dominus
1486 1551 1511 1578 si
1530 1556 1561 1579 tu
1566 1550 1659 1590 suisti

915 1598 946 1626 in
956 1597 1086 1636 operibus
1098 1596 1265 1634 inculpatus
1274 1597 1287 1623 P
1302 1596 1353 1625 Hic
1364 1597 1434 1626 Jobo
1444 1596 1510 1625 dicit
1522 1597 1637 1637 Eliphaz
1648 1611 1654 1627 :

916 1643 1028 1672 Viduas
1065 1643 1201 1671 dimisisti
1233 1652 1346 1671 vacuas
1357 1665 1366 1677 ,
1395 1643 1523 1681 pupillos
1560 1651 1656 1673 autem
1668 1652 1725 1674 v.9.

880 1695 900 1718 C
916 1689 1063 1730 afflixisti.
1086 1690 1129 1717 Ee
1146 1689 1247 1717 dixisti
1258 1700 1266 1716 :
1283 1689 1360 1726 Quid
1379 1690 1460 1718 novit
1468 1689 1583 1729 fortis?
1600 1691 1658 1728 Qui
1668 1707 1689 1720 v.
1703 1700 1739 1721 13.

916 1739 1028 1773 dicunt,
1050 1736 1232 1776 Quidsaciet
1253 1737 1337 1764 nobis
1364 1736 1507 1765 Dominus
1519 1739 1532 1764 P
1546 1744 1574 1766 et
1585 1739 1658 1777 quid
1667 1747 1689 1760 v·
1707 1745 1742 1769 ¹7-

914 1784 1033 1812 inducet
1058 1784 1139 1811 nobis
1165 1783 1372 1821 Omnipotens?
1395 1783 1463 1811 Item
1485 1782 1555 1812 illud
1570 1794 1577 1810 :
1594 1785 1655 1813 Pu·
1667 1797 1806 1827 „az—27.

915 1842 979 1861 rum
1005 1837 1032 1858 te
1052 1829 1154 1858 reddet
1172 1829 1317 1858 Dominus
1332 1830 1407 1858 sicut
1418 1836 1568 1869 argentum
1588 1833 1656 1871 igne

913 1877 1076 1915 probatum.
1102 1875 1221 1912 Respice
1246 1875 1277 1902 in
1301 1873 1403 1902 caelum
1423 1873 1566 1903 hilariter.
1584 1876 1655 1904 Cum

913 1926 1047 1959 precatus
1061 1924 1159 1947 autem
1162 1917 1261 1957 fueris
1272 1928 1347 1953 eum,
1362 1917 1501 1947 exaudiet
1516 1924 1553 1955 te,
1560 1926 1586 1948 et
1601 1929 1656 1948 ser·
1667 1938 1688 1951 v,
1700 1928 1738 1951 30,

918 1964 1028 1994 vaben's
1037 1962 1183 1991 munditia
1193 1972 1333 1990 manuum
1347 1967 1473 1990 tuarum.

955 2009 1046 2038 Tertia
1068 2008 1131 2039 Johi
1155 2007 1191 2037 ad
1217 2007 1333 2047 Eliphaz
1361 2008 1508 2047 responsio.
1529 2010 1569 2038 Et
1591 2012 1655 2050 qui·
1669 2011 1774 2041 C1¹p.23·
1786 2018 1808 2033 α.

916 2056 981 2085 dem
994 2056 1063 2091 scio,
1075 2057 1146 2095 quia
1155 2054 1344 2091 eleemosyna
1354 2054 1390 2083 de
1408 2064 1498 2083 manu
1518 2066 1583 2084 mea
1596 2063 1638 2085 est
1647 2069 1655 2085 .-

916 2107 944 2130 et
955 2111 1059 2130 manus
1077 2102 1139 2140 ejus
1160 2099 1352 2140 gravisfacta
1365 2105 1407 2128 est
1422 2109 1508 2139 super
1521 2104 1658 2140 gemitum

917 2157 1021 2175 meum.
1042 2145 1075 2175 Si
1092 2147 1124 2174 in
1139 2145 1233 2174 multa
1243 2146 1353 2174 virtute
1367 2147 1573 2184 superveniant
1586 2149 1656 2176 milu
1671 2161 1692 2174 ν.
1707 2154 1729 2176 6.
1747 2160 1781 2182 ¹7-

917 2189 1062 2222 tenebroe!
1074 2194 1164 2230 Impii
1182 2194 1336 2221 terminum
1350 2194 1524 2229 transgressi
1537 2199 1617 2230 sunt,
1629 2201 1657 2222 et
1671 2195 1727 2223 0¹¹1*-
1736 2195 1772 2222 24·
1785 2201 1808 2215 2·

916 2239 1010 2268 nudos
1023 2238 1130 2267 multos
1142 2239 1269 2278 dormire
1273 2237 1414 2277 fecerunt
1427 2238 1488 2266 sine
1497 2241 1656 2267 vestimen·
1667 2257 1688 2270 v.
1702 2256 1724 2277 7·

915 2285 961 2313 tis.
977 2284 1151 2323 Appareant
1162 2284 1274 2323 plantoe
1288 2293 1387 2312 eorum
1398 2284 1435 2312 de
1450 2290 1528 2312 terra
1542 2285 1632 2313 aridoe
1646 2297 1653 2312 .-
1667 2300 1688 2313 v.
1705 2291 1740 2313 ιε,
1758 2299 1791 2321 ¹9-

906 2327 1091 2367 fasciculum
1105 2330 1182 2357 enim
1194 2327 1373 2367 pupillorum
1391 2333 1557 2365 rapuerunt.

955 2375 1047 2404 Tertio
1061 2374 1198 2414 excipiens
1212 2372 1316 2402 Baldad
1328 2372 1395 2402 dicit
1409 2384 1415 2400 :
1435 2373 1492 2410 Qui
1495 2373 1578 2412 facit
1593 2374 1656 2400 um'-
1670 2381 1727 2410 Cnp.
1739 2381 1775 2403 25.
1785 2387 1807 2402 2.

916 2421 1086 2449 versitatem
1096 2423 1126 2448 in
1137 2419 1290 2448 altissimo.
1300 2419 1346 2447 Ne
1356 2420 1420 2457 quis
1430 2419 1590 2456 suspicetur
1597 2427 1658 2446 esse
1667 2411 1721 2441 *4-

916 2477 1027 2496 moram
1051 2467 1165 2506 piratis.
1198 2464 1349 2502 Quomodo
1382 2464 1459 2490 enim
1485 2464 1540 2490 erit
1562 2463 1658 2501 justus

915 2513 1001 2551 homo
1016 2522 1114 2542 coram
1126 2512 1277 2540 Domino?
1291 2509 1323 2538 Si
1339 2518 1410 2537 vero
1425 2509 1509 2537 homo
1521 2509 1656 2547 putredo,

915 2564 943 2587 et
941 2558 1029 2598 filius
1050 2558 1177 2586 hominis
1190 2556 1298 2583 vermis
1306 2556 1319 2581 Ρ

958 2602 1052 2632 Tertia
1065 2601 1128 2632 Jobi
1146 2600 1181 2629 ad
1197 2598 1298 2629 Bladad
1312 2597 1449 2637 responsio
1466 2610 1472 2627 ε
1491 2599 1582 2638 Quem
1601 2601 1657 2630 ad-
1667 2582 1727 2635 5¹¹ss
1771 2581 1808 2604 ²6⁹
