1890 2826
623 159 782 183 sYNOPSIS
808 160 997 183 SCRIPTURAE
1023 160 1148 183 SACRAE.

110 236 154 254 ναι
174 223 298 259 ἐποίησεν
311 222 449 259 ἀπολέσαι,
465 223 502 255 εἷς
512 221 614 261 ἀλόγων
626 221 776 260 δυσγένειαν
796 232 877 250 κατα-

883 248 919 267 ³1⁸

1603 151 1670 199 373

931 231 962 250 ac
982 231 1045 250 cum
1065 221 1115 250 illo
1135 222 1232 251 versati
1244 222 1368 260 fuerant3
1385 222 1414 251 hi
1434 233 1498 252 vero
1516 233 1546 252 ea
1560 233 1621 262 quae
1638 234 1713 259 ειιὸτ.
1726 237 1750 259 03
1763 247 1792 263 μ
1794 247 1821 263 n-

109 272 235 309 γαγοῧσα,
247 269 292 298 καὶ
302 268 461 308 θηριώδεις’
450 266 631 307 εργασαμένη·
641 269 656 296 6
665 266 714 305 μὲν
725 266 802 306 νόμος
809 267 876 296 ἐκεί-
892 277 913 298 A
931 266 1001 307 ipsis
1010 275 1183 307 acceperant,
1197 269 1258 298 aliis
1269 269 1458 303 tradiderunt3
1474 269 1588 308 itemque
1603 270 1672 299 liber
1677 278 1722 304 μον
1724 270 1757 293 :be
1759 280 1765 294 ι
1784 280 1811 293 rr
1802 274 1823 297 75

107 327 154 351 νης
171 315 219 354 μὲν
240 315 395 351 ἀπήλλαττε
407 326 455 350 της
468 313 578 347 κακίας·
592 315 609 349 ἡ
624 312 653 342 δὲ
664 312 742 353 χάρις
755 313 800 342 καὶ
814 312 877 342 ταύ-

107 373 156 397 την
169 361 217 397 τὴν
233 360 374 401 ἀγγελικὴν
386 359 557 402 προστίθησιν
572 358 676 399 ἀρετήν.
691 358 772 389 Ἐστι
790 358 818 388 δὲ
831 358 880 388 καὶ,

106 409 154 443 τῆς
170 409 270 443 Καινῆς
285 407 384 447 βιὸλία,
407 407 454 436 ἀἱ
472 404 631 436 Ἐπιστολαὶ
645 406 674 434 αἱ
689 403 878 446 δεκατέσσαρες

106 453 231 490 Παύλου,
240 452 275 483 τὰ
287 452 438 493 Εὐαγγέλια
448 451 483 482 τὰ
496 451 629 491 τέσσαρα,
641 450 687 480 δύο
701 450 749 490 μὲν
762 452 817 485 τῶν
827 462 878 489 μα-

106 502 192 536 θητῶν
206 503 252 529 τοῦ
266 501 382 540 Χριστοῦ
392 522 401 536 ,
417 498 538 528 Ἰωάννου
552 496 598 527 καὶ
618 496 756 526 Ματθαίου
765 519 774 533 ,
790 496 836 526 δύο
849 496 878 527 δὲ

107 549 198 576 Λουκᾶ
208 546 254 576 καὶ
266 547 392 586 Μάρκου·
407 540 444 574 ὧν
458 546 472 574 6
487 544 533 584 μὲν
546 546 592 573 τοῦ
607 543 710 583 Πέτρου
720 564 728 578 ,
754 545 768 572 6
793 542 820 572 δὲ
831 545 877 572 τοῦ

107 592 216 622 Παύλου
239 592 362 632 γεγόνασι
386 590 512 631 μαθηταί.
542 591 579 620 Οἱ
603 589 652 629 μὲν
671 589 724 630 γὰρ
749 589 879 619 αὐτόπται

107 634 176 675 ἦσαν
189 638 376 679 γεγενημένοι,
391 637 437 668 καὶ
450 636 636 677 συγγενόμενοι
650 638 688 676 τῷ
703 637 810 676 Χριστῷ
822 648 829 654 ·
854 636 878 664 οἱ

108 685 135 714 δὲ
149 687 212 726 παρ’
231 685 336 715 ἐκείνων
351 684 384 714 τὰ
396 684 502 714 ἐκείνων
515 682 711 722 διαδεξάμενοι,
730 683 766 715 εἷς
777 681 880 721 ἑτέρους

932 315 1069 350 Actuum‚
1085 314 1134 353 qni
1147 314 1228 344 etiam
1247 317 1328 345 Lucae
1342 322 1398 353 cst,
1419 315 1552 344 narrantis
1571 326 1600 345 ea
1613 327 1672 354 quoe

931 365 1004 398 gesta
1014 365 1088 398 sunt;
1101 366 1172 389 etex
1185 360 1324 391 catholicis
1336 368 1389 391 tres
1401 360 1542 401 Epistolae.

108 731 265 770 ἐξήνεγκαν·
292 731 338 761 καὶ
361 730 392 760 τὸ
415 732 467 760 τῶν
488 729 616 770 Πράξεων
638 728 667 758 δὲ
689 728 807 768 βιβλίον,
834 728 879 758 καὶ
895 741 913 763 Β

109 776 172 806 αὐτὸ
183 778 289 813 Λουκᾶ,
303 777 490 817 ἱστορήσαντος
503 775 537 805 τὰ
547 774 690 815 γενόμενα,
706 774 752 804 καὶ
762 776 816 804 τῶν
829 786 878 804 κα-

108 825 218 854 θολικῶν
233 823 391 854 Ἐπιστολαὶ
401 827 479 863 τρεῖς.

305 930 447 955 ’ΣΥΝοΨιΣ
464 935 516 955 ruz
534 934 679 954 rmmzmz.

146 1013 191 1044 Τὰ
208 1013 277 1044 κατὰ
291 1014 340 1050 τὴν
358 1014 542 1053 κοσμοποιίαν,
559 1014 603 1043 καὶ
622 1014 671 1050 τὴν
685 1016 730 1043 τοῦ
742 1013 879 1053 ἀνθρώπου

106 1061 215 1091 πλάσιν.
230 1060 357 1097 Ἐντολὴν
377 1060 508 1099 λαμόάνει
521 1063 535 1089 6
553 1059 653 1098 Ἀδὰμ,
673 1059 718 1089 καὶ
734 1059 880 1088 πλάττεται

107 1110 124 1143 ἡ
138 1107 202 1147 γυνὴ
217 1108 247 1136 ἐκ
260 1109 309 1142 τῆς
322 1108 438 1147 πλευρᾶς
451 1108 542 1142 αὐτοῦ,
557 1106 574 1142 ἣ
588 1107 753 1141 ἀπατηθεῖσα
769 1106 822 1135 ὑπὸ
833 1108 878 1135 τοῦ

106 1154 208 1193 ὄφεως,
224 1154 316 1193 ἀπατᾷ
334 1153 378 1182 τὸν
394 1152 491 1192 ἄνδρα,
515 1151 560 1182 καὶ
579 1152 706 1192 γενομένη
725 1154 782 1191 μετ’
798 1155 877 1182 αὐτοῦ

106 1198 317 1239 ἐπικατάρατος,
344 1199 501 1229 ἔκὸάλλεται
523 1201 568 1228 τοῦ
594 1198 773 1239 παραδείσου·
797 1198 842 1228 καὶ
863 1201 877 1228 6

106 1245 164 1286 ὄφις
186 1244 291 1285 δέχεται
313 1245 431 1285 κατάραν
449 1245 493 1274 ἐπὶ
515 1246 561 1273 τοῦ
582 1244 692 1280 στήθους
712 1248 876 1284 περιπατεῖν.

107 1290 218 1331 Ἀναιρεῑ
238 1290 281 1320 τὸν
296 1291 406 1331 ἀδελφὸν
430 1293 444 1320 6
461 1289 530 1320 Κάῖν
544 1289 587 1319 διὰ
600 1290 630 1319 τὸ
642 1288 655 1306 ⁵
665 1290 877 1330 ὓπερευδοκιμη-

105 1338 196 1373 θῆναι,
210 1337 255 1367 καὶ
270 1336 360 1366 δίδωσι
371 1336 446 1372 δίκην
458 1348 464 1355 ·
478 1335 524 1366 καὶ
537 1336 606 1375 μετὰ
618 1338 702 1365 ταῦτα
713 1336 872 1365 παιδοποιεῖ.

106 1383 200 1412 Τίκτει
213 1382 240 1412 δὲ
257 1383 302 1412 καὶ
316 1383 374 1413 Εὔα
386 1383 431 1412 τὸν
445 1382 514 1418 Σήθ.
529 1381 683 1422 Κατάλογος
696 1384 749 1411 τῶν
767 1381 820 1411 ἀπὸ
830 1384 876 1411 τοῦ

105 1427 189 1467 Ἀδὰμ
196 1451 205 1465 ,
219 1429 265 1459 καὶ
278 1431 331 1459 τῶν
343 1429 395 1458 ἀπὸ
408 1431 454 1458 τοῦ
469 1429 536 1466 Σὴθ,
551 1428 599 1463 ἕως
611 1431 657 1458 τοῦ
673 1429 734 1458 Νῶε
744 1450 751 1463 ,
766 1427 811 1457 καὶ
824 1439 875 1457 κα-

104 1475 216 1515 τηγορία
229 1477 283 1505 τῶν
298 1476 398 1515 ἀνδρῶν
413 1474 456 1505 διὰ
472 1474 520 1508 τὰς
534 1476 563 1504 οὔ
577 1474 763 1515 προσηκούσας
779 1475 876 1514 ἐπιγα-

106 1521 168 1560 μίας
185 1521 231 1551 καὶ
253 1521 301 1555 τὰς
319 1521 413 1554 λοιπὰς
432 1521 551 1560 ἀνομίας.
565 1520 668 1554 θΥἱοὺς
690 1520 718 1550 δὲ
740 1522 811 1550 Θεοῦ
832 1522 877 1550 ἐν-

105 1569 189 1596 ταῦθα
202 1569 277 1597 καλεῖ
293 1566 352 1600 τοὺς
372 1566 426 1596 ἀπὸ
435 1570 482 1596 τοῦ
496 1566 553 1602 Σὴθ
567 1566 729 1606 κατάγοντας
742 1566 772 1595 τὸ
786 1566 860 1606 γένος
869 1578 876 1585 ·

106 1616 151 1646 καὶ
172 1616 222 1657 γὰρ
243 1616 361 1656 εἴρηται,
379 1616 452 1655 Ἐγὼ
475 1611 558 1650 εἶπον,
580 1615 634 1645 θεοί
655 1617 732 1650 ἐστε,
756 1615 802 1645 καὶ
825 1615 877 1645 υἱοὶ

106 1667 234 1708 Ὑψίστου
255 1665 362 1700 πάντεξ.
386 1665 543 1706 Θυγατέρας
562 1665 590 1695 δὲ
607 1664 751 1706 ἀνθρώπων
765 1664 812 1699 τὰς
825 1664 878 1694 ἀπὸ

141 1767 152 1778 ¹¹
169 1759 260 1784 Mirum
273 1758 315 1783 hic
328 1757 449 1783 videatur
456 1756 580 1790 Epistulas
591 1755 782 1790 quatuordecim
797 1754 867 1780 Pauli

107 1804 167 1823 ante
185 1797 319 1831 Evangelia
332 1798 400 1830 poni.
411 1797 542 1828 Quantum
554 1801 652 1820 amaret
669 1794 773 1820 Paulum
784 1794 867 1828 Chry-

101 1844 240 1870 sonemus,
258 1846 335 1870 quam
360 1845 411 1869 prae
433 1835 488 1861 aliis
505 1835 622 1861 omnibus
639 1835 775 1868 scripturae
791 1842 867 1859 sacrae

104 1877 174 1902 libris
195 1878 246 1910 ejus
262 1875 387 1909 Epistulas
412 1884 509 1908 semper
528 1883 572 1900 ore
590 1880 722 1907 menteque
741 1879 864 1905 versaret,

103 1917 204 1950 ignorat
219 1924 293 1941 nemo
305 1916 347 1949 qui
359 1916 453 1948 scripta
465 1915 516 1948 ejus
527 1913 566 1940 vel
578 1913 730 1946 primoribus
741 1912 818 1938 labris
827 1918 866 1937 at-

104 1956 197 1989 tigerit.
209 1954 331 1980 Ordinem
349 1963 408 1987 ergo
427 1953 550 1978 librorum
567 1953 634 1977 Novi
654 1953 810 1977 Testamenti
822 1950 864 1976 hic

105 2002 157 2019 non
168 1993 257 2019 ordine
270 1994 406 2023 recensuit,
417 1991 461 2018 sed
474 1998 502 2017 ut
519 2001 545 2017 se
559 1993 667 2024 primum
679 1992 758 2016 menti
775 1990 864 2015 offere-

105 2032 169 2058 bant
181 2032 371 2065 descripsit55ic
387 2032 511 2057 Joannem
526 2037 584 2055 ante
595 2039 682 2055 omnes
694 2029 864 2063 Evangelistas

107 2078 134 2096 et
150 2073 245 2097 Lucam
262 2077 320 2096 ante
335 2072 448 2096 Marcum
466 2071 557 2103 posuit.
577 2068 722 2095 Catholicas
740 2068 864 2102 Epistolas

107 2110 148 2135 hic
166 2116 215 2136 tres
238 2110 359 2136 recenseri
378 2108 447 2135 vides
467 2108 604 2134 secundum
623 2108 746 2142 Syrorum
767 2116 863 2132 morem

108 2157 206 2174 necnon
224 2149 340 2174 Ecclesiae
354 2148 528 2178 Antiocheam,
546 2147 589 2172 ubi
608 2146 698 2172 Jacobi
717 2156 779 2178 una,
797 2148 865 2172 Petri

107 2188 198 2220 primu,
207 2188 311 2213 loannis
326 2189 386 2213 item
402 2189 484 2221 prima
495 2187 575 2213 solum
588 2186 797 2212 admittebantur.
808 2187 865 2218 Qua

109 2226 142 2252 de
153 2235 179 2252 re
189 2225 302 2259 pluribus
311 2235 384 2260 supra
395 2227 422 2252 in
433 2226 548 2252 Dian-iba
559 2225 635 2251 verba
645 2225 758 2251 fecimus.

143 2264 219 2296 Quod
231 2274 290 2291 vero
304 2271 377 2292 notat
392 2265 559 2296 Scholiasta,
578 2264 747 2298 Apocalypsin
759 2264 800 2289 hic
814 2253 866 2289 non

109 2305 257 2335 memorari,
269 2303 364 2337 aliquid
375 2305 468 2338 negotii
485 2304 605 2329 facessere
621 2309 712 2336 potest,
725 2304 784 2336 quia
797 2303 865 2335 Apo-

109 2342 231 2377 calypsin,
242 2341 355 2376 emplum
366 2342 425 2368 licet
443 2342 544 2374 librum,
555 2351 569 2367 a
579 2343 675 2367 Joanne
681 2341 864 2375 Chrysostomo

110 2388 254 2415 usurpatam
273 2381 385 2408 nondum
405 2383 494 2415 reperi⁷
515 2390 559 2407 nec
581 2381 690 2411 defuere,
703 2381 745 2413 qui
766 2380 798 2406 de
814 2382 865 2413 ejus

110 2423 259 2448 auctoritate
270 2423 295 2447 in
307 2421 418 2446 Ecclesia
429 2421 517 2446 saltem
533 2421 619 2446 Groeca
631 2419 811 2453 dubitaverint,
820 2420 865 2445 Ni-

110 2460 280 2495 oephorusque
295 2460 439 2494 patriarcha
457 2458 751 2492 Constantinopolitauus
771 2459 797 2484 in
817 2459 867 2484 Ca-

110 2508 176 2526 none
186 2509 232 2526 suo
246 2500 377 2525 recensuit.
390 2500 458 2530 Quin
470 2504 495 2523 et
507 2500 532 2523 in
541 2497 652 2523 secundo
659 2498 742 2523 Tomo
754 2498 867 2531 Gregorii

110 2539 261 2565 Nazianzeni
279 2540 305 2563 in
323 2538 444 2571 Catalogo
463 2537 583 2562 librorum
603 2537 746 2570 scripturae,
759 2538 801 2570 qui
817 2537 868 2570 ejus

271 2595 343 2614 Tou.
368 2594 410 2612 Vi.

1138 956 1140 958 .
1166 938 1296 957 SYNOPSIS
1318 939 1446 958 GENESls.

973 1017 1073 1048 Mundi
1095 1019 1193 1048 creatio
1203 1030 1212 1057 ς
1226 1019 1398 1059 hominisque
1417 1020 1551 1050 formatio.
1568 1020 1681 1051 Manda-

932 1071 991 1094 tum
1013 1064 1111 1104 accipit
1131 1065 1231 1103 Adam,
1247 1073 1273 1095 et
1290 1066 1421 1096 formatur
1442 1067 1541 1096 mulier
1560 1078 1595 1097 ex
1608 1075 1680 1097 costa

931 1110 1000 1150 ejus,
1014 1121 1074 1149 quae
1088 1121 1103 1140 a
1119 1118 1241 1150 serpente
1261 1111 1382 1152 decepta,
1395 1114 1486 1142 virum
1507 1112 1621 1153 decipit,
1636 1121 1680 1143 at-

931 1166 984 1195 que
997 1166 1051 1186 una
1071 1167 1133 1186 cum
1154 1157 1203 1186 illo
1219 1157 1360 1188 maledicta
1374 1158 1481 1198 ejicitur
1494 1169 1528 1188 ex
1543 1159 1679 1200 paradiso.

929 1202 1046 1243 Serpens
1078 1214 1186 1243 quoque
1212 1204 1386 1234 maledictum
1408 1205 1525 1245 accipit,
1545 1212 1576 1235 nt
1601 1216 1682 1246 super

929 1256 1021 1290 pectus
1037 1249 1187 1290 gradiatur.
1203 1251 1271 1281 Ca'in
1285 1250 1385 1280 occidit
1403 1252 1524 1289 fratrem,
1537 1252 1602 1291 quia
1619 1253 1680 1281 lau-

891 1306 910 1330 ο
929 1295 1049 1325 dabilius
1063 1307 1091 1325 se
1103 1303 1229 1336 gesserat,
1238 1297 1337 1336 datque
1350 1297 1398 1327 ille
1409 1308 1500 1338 poenas
1515 1311 1521 1327 τ
1535 1305 1680 1339 posteaque

928 1341 1028 1371 liberos
1049 1342 1173 1382 suscipit.
1199 1343 1258 1373 Eva
1290 1343 1404 1373 Sethum
1425 1343 1506 1384 parit.
1535 1345 1679 1384 Catalogus

928 1398 1022 1417 eorum
1035 1387 1083 1427 qui
1102 1388 1137 1417 ab
1158 1388 1264 1419 Adamo
1274 1396 1300 1419 et
1312 1400 1328 1418 a
1341 1390 1423 1420 Setho
1435 1391 1488 1420 orti
1510 1397 1573 1420 sunt
1594 1401 1679 1429 usquc

928 1434 964 1464 ad
972 1435 1030 1464 Νοὸ
1041 1445 1047 1461 :
1058 1434 1254 1474 hominumque
1267 1435 1419 1465 criminatio
1429 1437 1464 1466 ob
1477 1436 1605 1467 indecora
1617 1447 1678 1467 con-

928 1480 1022 1516 nubia,
1037 1491 1068 1509 ae
1079 1487 1186 1510 caeteras
1195 1480 1360 1520 iniqnitatas.
1375 1482 1460 1512 Filios
1471 1483 1523 1512 Dei
1537 1483 1582 1513 hic
1595 1490 1676 1514 vocat

929 1537 973 1556 eos
983 1527 1055 1566 qui-a
1067 1528 1149 1558 Selho
1158 1538 1241 1567 genus
1249 1528 1395 1561 ducebant;
1404 1529 1504 1560 dicitur
1516 1530 1587 1559 enim
1595 1543 1601 1559 :
1609 1531 1675 1570 Ego

930 1573 1005 1610 dixi,
1017 1573 1069 1602 Dii
1089 1574 1169 1609 estis,
1180 1579 1208 1602 et
1222 1574 1283 1614 filii
1294 1574 1446 1604 Altissimi
1462 1585 1572 1605 omnes.
1590 1576 1675 1605 Filias

928 1628 994 1648 vero
1003 1618 1144 1648 hominum
1157 1625 1236 1648 vocat
1252 1630 1296 1649 eas
1309 1631 1369 1659 quae
1381 1631 1397 1649 a
1411 1623 1496 1650 Ca'ino
1509 1628 1574 1650 ortae
1586 1629 1672 1652 erant.

929 1664 1055 1694 Praedicit
1065 1666 1138 1694 Deus
1152 1666 1217 1695 Noae
1234 1665 1354 1695 futuram
1374 1666 1516 1696 hominum
1528 1668 1681 1708 perniciem·

917 1763 969 1780 esse
984 1763 1036 1779 non
1050 1759 1162 1787 putatur,
1180 1754 1234 1780 hoec
1252 1754 1367 1789 leguntur
1383 1765 1408 1789 p.
1423 1758 1485 1783 ⁴94:
1499 1762 1541 1788 τὴν
1552 1760 1571 1784 δ’
1583 1757 1673 1785 Ᾰποκά-

917 1796 980 1827 λυψιν
992 1798 1034 1823 τὴν
1045 1793 1139 1820 ἰωάννου
1154 1796 1290 1823 πάλινκινὲς
1300 1798 1343 1827 μὲν
1361 1799 1502 1831 ὶγκρίνουσιν,
1514 1800 1534 1823 οἱ
1545 1800 1633 1827 πλείους
1649 1800 1675 1824 δέ

916 1844 941 1866 γε
947 1837 1008 1860 νόθον
1017 1836 1110 1865 λέγουσι,
1120 1833 1302 1866 Apocalypsin
1307 1833 1419 1859 Joannis
1426 1835 1531 1868 quidam
1540 1837 1671 1870 recipiunt,

915 1871 1161 1905 sedpluresspuriam
1171 1870 1266 1896 dicunt.
1277 1872 1370 1897 Verum
1377 1872 1419 1897 hic
1426 1874 1534 1907 scriptor
1539 1883 1672 1900 nonancu-

915 1917 969 1936 rate
978 1910 1097 1944 loquitur.
1107 1911 1172 1936 Nam
1183 1916 1284 1943 patrum
1294 1912 1439 1937 Graecorum
1451 1914 1584 1946 principes,
1594 1914 1674 1940 Atha-

915 1949 998 1976 nasius
1009 1952 1036 1977 in
1046 1950 1149 1975 Canone
1160 1958 1205 1975 suo
1217 1959 1242 1983 p.
1255 1952 1313 1982 962,
1327 1951 1439 1985 Basilius,
1451 1953 1584 1986 Gregorius
1596 1955 1671 1986 Naz„

912 1991 1061 2023 insuperque
1072 1989 1224 2023 Hippolytus
1241 1996 1316 2023 atque
1328 1973 1470 2017 Methodius
1485 1998 1575 2018 auctor
1586 1993 1672 2028 Syno-

913 2035 984 2061 paeos
995 2029 1060 2053 inter
1070 2027 1293 2061 AthanasiiOpera,
1309 2028 1343 2053 ad
1355 2029 1407 2055 baec
1419 2036 1505 2056 autem
1515 2037 1567 2057 tota
1580 2033 1671 2058 Latina

913 2066 1024 2092 Ecclesia
1043 2066 1211 2101 Apocalypsin
1229 2068 1294 2093 inter
1310 2075 1388 2102 γνήσα
1404 2078 1480 2102 opera
1506 2071 1670 2098 admiserunt

913 2105 1104 2138 Quamobrem'
1095 2113 1150 2138 Jure
1159 2105 1201 2130 illa
1214 2106 1279 2131 inter
1289 2108 1424 2133 canonicas
1436 2109 1578 2142 Scripturas
1588 2110 1670 2136 locum

914 2145 1000 2171 habet.
1012 2144 1076 2170 Vide
1086 2145 1229 2170 OEcumenii
1239 2146 1387 2178 opuseulum
1407 2149 1432 2173 in
1445 2148 1564 2174 Biblioth.
1582 2151 1671 2176 Coisli-

913 2186 988 2211 niana
1000 2193 1024 2217 p.
1032 2185 1090 2210 278.

945 2224 960 2238 '¹'
977 2222 1076 2248 Titulus
1091 2221 1117 2248 in
1129 2222 1291 2256 Lugdunensi
1306 2224 1371 2250 Cod.
1386 2228 1474 2260 Σὺνοψις
1485 2231 1508 2253 ἐν
1519 2231 1620 2261 ἐπιτόμῳ
1632 2236 1671 2258 τῆς

914 2266 1015 2292 παλαιᾶς
1021 2266 1129 2292 Διαθήκης
1137 2266 1177 2289 τοῦ
1191 2269 1362 2298 Χρυσοστόμου.
1377 2270 1466 2297 γένεσις.
1475 2269 1560 2300 βιέλίον
1573 2267 1604 2292 α’.

947 2302 961 2322 b
979 2301 1114 2326 Vossianus
1125 2300 1211 2326 Codex
1223 2304 1466 2337 παρευδοκιμασθῆναι.
1474 2306 1585 2337 Utraque
1597 2305 1672 2330 lectio

895 2362 898 2365 .
913 2340 1014 2366 admitti
1026 2345 1118 2373 potest.

945 2387 957 2400 ο
972 2380 1033 2405 Haec
1052 2378 1165 2412 pluribus
1176 2378 1334 2411 explicantur
1351 2381 1426 2406 Toni.
1447 2381 1492 2412 IV,
1506 2382 1581 2406 Hom.
1598 2383 1628 2406 22
1649 2384 1674 2407 in

913 2420 1037 2452 Genesim,
1051 2418 1093 2444 ubi
1106 2418 1229 2451 probatur
1244 2427 1295 2450 eos,
1307 2421 1349 2452 qui
1361 2429 1375 2443 a
1388 2419 1466 2445 serbo
1484 2421 1534 2444 orti
1545 2427 1626 2452 erant,
1646 2422 1675 2446 fi-

915 2458 962 2483 lios
973 2458 1019 2483 Dei
1037 2459 1137 2489 vocari,
1147 2463 1172 2482 et
1184 2457 1225 2482 liic
1243 2457 1294 2490 ipse
1306 2458 1375 2482 locus
1396 2458 1486 2482 Psalmi
1503 2459 1530 2482 al
1550 2459 1654 2485 affertur
1667 2471 1672 2485 :

915 2498 974 2532 Ego
985 2498 1057 2528 dixi,
1073 2497 1121 2522 Dii
1131 2498 1198 2522 estis.
1210 2497 1285 2521 Filias
1303 2503 1386 2522 autem
1402 2496 1531 2522 hominum
1552 2497 1613 2524 filias
1624 2508 1676 2526 esse

916 2537 987 2562 Caini
999 2536 1062 2562 dicit
1074 2535 1149 2569 paulo
1161 2541 1258 2568 postca,

1498 2584 1533 2612 25

1703 300 1821 327 til-„omib-

1681 339 1744 373 (aar,
1756 335 1822 360 Nota

1678 376 1761 399 Jpsum
1772 377 1822 392 non

1682 408 1823 425 memorare

1700 433 1823 472 A'pocaly-

1683 475 1755 497 psu'n.

1686 1495 1740 1517 Gen.
1751 1495 1774 1518 6.
1785 1501 1808 1517 2.

1685 1540 1823 1564 Psat.81.6.
