<?xml version="1.0" encoding="UTF-8"?>
<!DOCTYPE html PUBLIC "-//W3C//DTD XHTML 1.0 Transitional//EN"
    "http://www.w3.org/TR/xhtml1/DTD/xhtml1-transitional.dtd">
<html xmlns="http://www.w3.org/1999/xhtml" xml:lang="en" lang="en">
 <head>
  <title>
</title>
<meta http-equiv="Content-Type" content="text/html;charset=utf-8" />
  <meta name='ocr-system' content='tesseract 3.04.00' />
  <meta name='ocr-capabilities' content='ocr_page ocr_carea ocr_par ocr_line ocrx_word'/>
</head>
<body>
  <div class='ocr_page' id='page_1' title='image "./operaomniaquaeex06johnuoft_0463.png"; bbox 0 0 1890 2826; ppageno 0'>
   <div class='ocr_carea' id='block_1_1' title="bbox 602 214 1162 244">
    <p class='ocr_par' dir='ltr' id='par_1_1' title="bbox 602 214 1162 244">
     <span class='ocr_line' id='line_1_1' title="bbox 602 214 1162 244; baseline 0.002 -7"><span class='ocrx_word' id='word_1_1' title='bbox 602 214 759 238; x_wconf 78' lang='lat' dir='ltr'><strong>SYNOPSIS</strong></span> <span class='ocrx_word' id='word_1_2' title='bbox 786 215 972 238; x_wconf 75' lang='lat' dir='ltr'><strong>SCRIPTURAE</strong></span> <span class='ocrx_word' id='word_1_3' title='bbox 998 215 1122 239; x_wconf 75' lang='lat' dir='ltr'><strong>SACRAE.</strong></span> <span class='ocrx_word' id='word_1_4' title='bbox 1158 241 1162 244; x_wconf 85' lang='lat'><strong>.</strong></span> 
     </span>
    </p>
   </div>
   <div class='ocr_carea' id='block_1_2' title="bbox 127 332 802 362">
    <p class='ocr_par' dir='ltr' id='par_1_2' title="bbox 127 332 802 362">
     <span class='ocr_line' id='line_1_2' title="bbox 127 332 802 362; baseline -0.009 -5"><span class='ocrx_word' id='word_1_5' title='bbox 127 335 245 357; x_wconf 55' lang='lat' dir='ltr'><strong>xruoim</strong></span> <span class='ocrx_word' id='word_1_6' title='bbox 262 335 317 356; x_wconf 69' lang='lat' dir='ltr'><strong>mu</strong></span> <span class='ocrx_word' id='word_1_7' title='bbox 334 334 370 362; x_wconf 75' lang='grc' dir='ltr'><strong>τᾳ</strong></span> <span class='ocrx_word' id='word_1_8' title='bbox 389 334 518 359; x_wconf 68' lang='lat' dir='ltr'><strong>nmouru</strong></span> <span class='ocrx_word' id='word_1_9' title='bbox 537 332 616 360; x_wconf 60' lang='lat' dir='ltr'><strong>uma</strong></span> <span class='ocrx_word' id='word_1_10' title='bbox 632 332 802 353; x_wconf 57' lang='lat' dir='ltr'><strong>memma.</strong></span> 
     </span>
    </p>
   </div>
   <div class='ocr_carea' id='block_1_3' title="bbox 123 463 852 509">
    <p class='ocr_par' dir='ltr' id='par_1_3' title="bbox 123 463 852 509">
     <span class='ocr_line' id='line_1_3' title="bbox 123 463 852 509; baseline -0.008 -11"><span class='ocrx_word' id='word_1_11' title='bbox 123 469 277 509; x_wconf 75' lang='grc' dir='ltr'><strong>Κατηγορία</strong></span> <span class='ocrx_word' id='word_1_12' title='bbox 290 471 336 498; x_wconf 82' lang='grc' dir='ltr'><strong>τοῦ</strong></span> <span class='ocrx_word' id='word_1_13' title='bbox 353 467 464 508; x_wconf 84' lang='grc' dir='ltr'>Ἰσραὴλ</span> <span class='ocrx_word' id='word_1_14' title='bbox 481 467 526 497; x_wconf 85' lang='grc' dir='ltr'><strong>καὶ</strong></span> <span class='ocrx_word' id='word_1_15' title='bbox 539 464 677 507; x_wconf 78' lang='grc' dir='ltr'>συμφορὰ,</span> <span class='ocrx_word' id='word_1_16' title='bbox 691 465 737 495; x_wconf 82' lang='grc' dir='ltr'><strong>καὶ</strong></span> <span class='ocrx_word' id='word_1_17' title='bbox 755 463 852 503; x_wconf 86' lang='grc' dir='ltr'>παραί-</span> 
     </span>
    </p>
   </div>
   <div class='ocr_carea' id='block_1_4' title="bbox 1569 212 1637 256">
    <p class='ocr_par' dir='ltr' id='par_1_4' title="bbox 1569 212 1637 256">
     <span class='ocr_line' id='line_1_4' title="bbox 1569 212 1637 256; baseline 0.029 -2"><span class='ocrx_word' id='word_1_18' title='bbox 1569 212 1637 256; x_wconf 78' lang='grc'><strong>447</strong></span> 
     </span>
    </p>
   </div>
   <div class='ocr_carea' id='block_1_5' title="bbox 953 336 1597 406">
    <p class='ocr_par' dir='ltr' id='par_1_5' title="bbox 953 336 1597 406">
     <span class='ocr_line' id='line_1_5' title="bbox 953 336 1597 364; baseline 0.006 -8"><span class='ocrx_word' id='word_1_19' title='bbox 953 336 1081 356; x_wconf 75' lang='lat' dir='ltr'><strong>SYNOPsts</strong></span> <span class='ocrx_word' id='word_1_20' title='bbox 1094 338 1195 358; x_wconf 76' lang='lat' dir='ltr'>EORUM</span> <span class='ocrx_word' id='word_1_21' title='bbox 1217 340 1284 364; x_wconf 81' lang='lat' dir='ltr'><strong>QUAE</strong></span> <span class='ocrx_word' id='word_1_22' title='bbox 1305 341 1339 359; x_wconf 73' lang='lat' dir='ltr'><strong>AB</strong></span> <span class='ocrx_word' id='word_1_23' title='bbox 1357 341 1434 360; x_wconf 66' lang='lat' dir='ltr'><strong>isam</strong></span> <span class='ocrx_word' id='word_1_24' title='bbox 1450 341 1597 360; x_wconf 69' lang='lat' dir='ltr'><strong>PROPRETA</strong></span> 
     </span>
     <span class='ocr_line' id='line_1_6' title="bbox 1195 386 1384 406; baseline 0.011 -2"><span class='ocrx_word' id='word_1_25' title='bbox 1195 386 1282 405; x_wconf 76' lang='lat' dir='ltr'><strong>DiC’rA</strong></span> <span class='ocrx_word' id='word_1_26' title='bbox 1301 387 1384 406; x_wconf 76' lang='lat' dir='ltr'><strong>SUNT.</strong></span> 
     </span>
    </p>
   </div>
   <div class='ocr_carea' id='block_1_6' title="bbox 945 464 1647 508">
    <p class='ocr_par' dir='ltr' id='par_1_6' title="bbox 945 464 1647 508">
     <span class='ocr_line' id='line_1_7' title="bbox 945 464 1647 508; baseline 0.009 -16"><span class='ocrx_word' id='word_1_27' title='bbox 945 464 1087 493; x_wconf 82' lang='lat' dir='ltr'><strong>Accusatio</strong></span> <span class='ocrx_word' id='word_1_28' title='bbox 1099 465 1205 494; x_wconf 72' lang='lat' dir='ltr'><strong>Israelis</strong></span> <span class='ocrx_word' id='word_1_29' title='bbox 1218 466 1328 506; x_wconf 87' lang='lat' dir='ltr'><strong>ejusque</strong></span> <span class='ocrx_word' id='word_1_30' title='bbox 1345 467 1498 505; x_wconf 85' lang='lat' dir='ltr'><strong>calamitas;</strong></span> <span class='ocrx_word' id='word_1_31' title='bbox 1514 478 1545 497; x_wconf 89' lang='lat' dir='ltr'><strong>ac</strong></span> <span class='ocrx_word' id='word_1_32' title='bbox 1559 478 1647 508; x_wconf 86' lang='lat' dir='ltr'><strong>repro-</strong></span> 
     </span>
    </p>
   </div>
   <div class='ocr_carea' id='block_1_7' title="bbox 85 508 1648 555">
    <p class='ocr_par' dir='ltr' id='par_1_7' title="bbox 85 508 1648 555">
     <span class='ocr_line' id='line_1_8' title="bbox 85 508 1648 555; baseline -0.001 -10"><span class='ocrx_word' id='word_1_33' title='bbox 85 526 160 552; x_wconf 76' lang='grc' dir='ltr'>ἰ-ησις</span> <span class='ocrx_word' id='word_1_34' title='bbox 169 517 278 552; x_wconf 81' lang='grc' dir='ltr'>θυσιῶν,</span> <span class='ocrx_word' id='word_1_35' title='bbox 291 514 336 544; x_wconf 83' lang='grc' dir='ltr'><strong>καὶ</strong></span> <span class='ocrx_word' id='word_1_36' title='bbox 347 514 500 555; x_wconf 79' lang='grc' dir='ltr'>παραίνεσις</span> <span class='ocrx_word' id='word_1_37' title='bbox 514 512 644 553; x_wconf 87' lang='grc' dir='ltr'>βελτίονος</span> <span class='ocrx_word' id='word_1_38' title='bbox 659 511 726 551; x_wconf 89' lang='grc' dir='ltr'>βίου.</span> <span class='ocrx_word' id='word_1_39' title='bbox 742 508 848 550; x_wconf 72' lang='grc' dir='ltr'>Προφηὲ</span> <span class='ocrx_word' id='word_1_40' title='bbox 870 514 890 538; x_wconf 79' lang='grc' dir='ltr'><strong>Ε</strong></span> <span class='ocrx_word' id='word_1_41' title='bbox 906 509 981 539; x_wconf 81' lang='lat' dir='ltr'><strong>hatio</strong></span> <span class='ocrx_word' id='word_1_42' title='bbox 1004 510 1198 540; x_wconf 83' lang='lat' dir='ltr'><strong>sacrificiorum</strong></span> <span class='ocrx_word' id='word_1_43' title='bbox 1206 534 1216 547; x_wconf 88' lang='lat'><em>‚</em></span> <span class='ocrx_word' id='word_1_44' title='bbox 1238 512 1442 552; x_wconf 89' lang='lat' dir='ltr'><strong>adhortatioque</strong></span> <span class='ocrx_word' id='word_1_45' title='bbox 1464 514 1498 543; x_wconf 89' lang='lat' dir='ltr'><strong>ad</strong></span> <span class='ocrx_word' id='word_1_46' title='bbox 1510 514 1648 543; x_wconf 85' lang='lat' dir='ltr'><strong>meliorem</strong></span> 
     </span>
    </p>
   </div>
   <div class='ocr_carea' id='block_1_8' title="bbox 84 555 857 831">
    <p class='ocr_par' dir='ltr' id='par_1_8' title="bbox 84 555 857 831">
     <span class='ocr_line' id='line_1_9' title="bbox 84 555 852 600; baseline -0.004 -10"><span class='ocrx_word' id='word_1_47' title='bbox 84 561 142 590; x_wconf 80' lang='grc' dir='ltr'>τεία</span> <span class='ocrx_word' id='word_1_48' title='bbox 150 560 271 600; x_wconf 77' lang='grc' dir='ltr'>περὶτῆς</span> <span class='ocrx_word' id='word_1_49' title='bbox 288 560 463 597; x_wconf 84' lang='grc' dir='ltr'>Ἐκκλησίας,</span> <span class='ocrx_word' id='word_1_50' title='bbox 476 559 522 589; x_wconf 73' lang='grc' dir='ltr'><strong>καὶ</strong></span> <span class='ocrx_word' id='word_1_51' title='bbox 534 561 583 595; x_wconf 73' lang='grc' dir='ltr'><strong>τῆς</strong></span> <span class='ocrx_word' id='word_1_52' title='bbox 596 557 724 597; x_wconf 80' lang='grc' dir='ltr'><strong>ἐσομένης</strong></span> <span class='ocrx_word' id='word_1_53' title='bbox 737 555 852 597; x_wconf 75' lang='grc' dir='ltr'>εἰρήνης.</span> 
     </span>
     <span class='ocr_line' id='line_1_10' title="bbox 85 603 855 647; baseline -0.006 -11"><span class='ocrx_word' id='word_1_54' title='bbox 85 606 239 647; x_wconf 74' lang='grc' dir='ltr'>Κατηγορία</span> <span class='ocrx_word' id='word_1_55' title='bbox 249 609 295 636; x_wconf 83' lang='grc' dir='ltr'><strong>τοῦ</strong></span> <span class='ocrx_word' id='word_1_56' title='bbox 309 606 420 647; x_wconf 86' lang='grc' dir='ltr'>Ἰσραὴλ</span> <span class='ocrx_word' id='word_1_57' title='bbox 429 633 438 646; x_wconf 80' lang='lat'><em>‚</em></span> <span class='ocrx_word' id='word_1_58' title='bbox 449 606 495 636; x_wconf 79' lang='grc' dir='ltr'><strong>καὶ</strong></span> <span class='ocrx_word' id='word_1_59' title='bbox 509 605 648 645; x_wconf 76' lang='grc' dir='ltr'>πολιορκία</span> <span class='ocrx_word' id='word_1_60' title='bbox 662 603 784 643; x_wconf 79' lang='grc' dir='ltr'>ἐσομένη.</span> <span class='ocrx_word' id='word_1_61' title='bbox 799 604 855 632; x_wconf 86' lang='grc' dir='ltr'><strong>Κα-</strong></span> 
     </span>
     <span class='ocr_line' id='line_1_11' title="bbox 85 649 852 692; baseline -0.007 -10"><span class='ocrx_word' id='word_1_62' title='bbox 85 652 197 692; x_wconf 71' lang='grc' dir='ltr'>τηγορία</span> <span class='ocrx_word' id='word_1_63' title='bbox 221 654 269 688; x_wconf 74' lang='grc' dir='ltr'><strong>τῆς</strong></span> <span class='ocrx_word' id='word_1_64' title='bbox 293 654 393 692; x_wconf 74' lang='grc' dir='ltr'>τρυφῆς</span> <span class='ocrx_word' id='word_1_65' title='bbox 415 654 501 682; x_wconf 79' lang='grc' dir='ltr'>αὐτῶν</span> <span class='ocrx_word' id='word_1_66' title='bbox 526 652 571 682; x_wconf 77' lang='grc' dir='ltr'><strong>καὶ</strong></span> <span class='ocrx_word' id='word_1_67' title='bbox 592 653 640 686; x_wconf 83' lang='grc' dir='ltr'>τ’ἥς</span> <span class='ocrx_word' id='word_1_68' title='bbox 664 649 852 690; x_wconf 79' lang='grc' dir='ltr'>ὑπερηφανίας.</span> 
     </span>
     <span class='ocr_line' id='line_1_12' title="bbox 85 696 855 739; baseline -0.008 -10"><span class='ocrx_word' id='word_1_69' title='bbox 85 699 217 735; x_wconf 70' lang='grc' dir='ltr'>Ἀποὸολὴ</span> <span class='ocrx_word' id='word_1_70' title='bbox 236 702 282 729; x_wconf 82' lang='grc' dir='ltr'><strong>τοῦ</strong></span> <span class='ocrx_word' id='word_1_71' title='bbox 306 698 417 739; x_wconf 82' lang='grc' dir='ltr'>Ἰσραὴλ</span> <span class='ocrx_word' id='word_1_72' title='bbox 439 698 483 728; x_wconf 82' lang='grc' dir='ltr'><strong>διὰ</strong></span> <span class='ocrx_word' id='word_1_73' title='bbox 505 700 551 728; x_wconf 80' lang='grc' dir='ltr'><strong>τοῦ</strong></span> <span class='ocrx_word' id='word_1_74' title='bbox 573 696 787 738; x_wconf 82' lang='grc' dir='ltr'>παραδείγματος</span> <span class='ocrx_word' id='word_1_75' title='bbox 809 697 855 724; x_wconf 80' lang='grc' dir='ltr'><strong>τοῦ</strong></span> 
     </span>
     <span class='ocr_line' id='line_1_13' title="bbox 87 741 856 784; baseline -0.005 -10"><span class='ocrx_word' id='word_1_76' title='bbox 87 746 250 783; x_wconf 83' lang='grc' dir='ltr'>ἀμπελῶνος.</span> <span class='ocrx_word' id='word_1_77' title='bbox 265 745 410 774; x_wconf 76' lang='grc' dir='ltr'>Διαὸάλλει</span> <span class='ocrx_word' id='word_1_78' title='bbox 421 744 481 779; x_wconf 79' lang='grc' dir='ltr'>τοὺς</span> <span class='ocrx_word' id='word_1_79' title='bbox 495 745 625 784; x_wconf 82' lang='grc' dir='ltr'>ἄρχοντας</span> <span class='ocrx_word' id='word_1_80' title='bbox 635 746 680 773; x_wconf 78' lang='grc' dir='ltr'><strong>τοῦ</strong></span> <span class='ocrx_word' id='word_1_81' title='bbox 695 741 806 782; x_wconf 85' lang='grc' dir='ltr'>Ἰσραὴλ</span> <span class='ocrx_word' id='word_1_82' title='bbox 820 742 856 774; x_wconf 78' lang='grc' dir='ltr'><strong>εἷς</strong></span> 
     </span>
     <span class='ocr_line' id='line_1_14' title="bbox 88 788 857 831; baseline -0.005 -11"><span class='ocrx_word' id='word_1_83' title='bbox 88 790 239 825; x_wconf 82' lang='grc' dir='ltr'>πλεονεξίαν</span> <span class='ocrx_word' id='word_1_84' title='bbox 253 791 298 820; x_wconf 77' lang='grc' dir='ltr'><strong>καὶ</strong></span> <span class='ocrx_word' id='word_1_85' title='bbox 309 792 347 824; x_wconf 87' lang='grc' dir='ltr'><strong>εἰς</strong></span> <span class='ocrx_word' id='word_1_86' title='bbox 360 791 452 830; x_wconf 79' lang='grc' dir='ltr'>με’θην,</span> <span class='ocrx_word' id='word_1_87' title='bbox 464 790 509 820; x_wconf 76' lang='grc' dir='ltr'><strong>καὶ</strong></span> <span class='ocrx_word' id='word_1_88' title='bbox 518 789 641 831; x_wconf 77' lang='grc' dir='ltr'>προλέγει</span> <span class='ocrx_word' id='word_1_89' title='bbox 656 791 743 822; x_wconf 77' lang='grc' dir='ltr'>αὐτοῖς</span> <span class='ocrx_word' id='word_1_90' title='bbox 752 788 857 828; x_wconf 85' lang='grc' dir='ltr'>ἐρήμω-</span> 
     </span>
    </p>
   </div>
   <div class='ocr_carea' id='block_1_9' title="bbox 906 556 1652 831">
    <p class='ocr_par' dir='ltr' id='par_1_9' title="bbox 906 556 1652 831">
     <span class='ocr_line' id='line_1_15' title="bbox 907 556 1647 600; baseline 0.004 -14"><span class='ocrx_word' id='word_1_91' title='bbox 907 556 999 586; x_wconf 83' lang='lat' dir='ltr'><strong>vitam.</strong></span> <span class='ocrx_word' id='word_1_92' title='bbox 1023 556 1169 596; x_wconf 87' lang='lat' dir='ltr'><strong>Prophetia</strong></span> <span class='ocrx_word' id='word_1_93' title='bbox 1183 557 1217 586; x_wconf 92' lang='lat' dir='ltr'><strong>de</strong></span> <span class='ocrx_word' id='word_1_94' title='bbox 1235 558 1366 596; x_wconf 79' lang='lat' dir='ltr'><strong>Ecclesia,</strong></span> <span class='ocrx_word' id='word_1_95' title='bbox 1381 566 1407 588; x_wconf 92' lang='lat' dir='ltr'><strong>et</strong></span> <span class='ocrx_word' id='word_1_96' title='bbox 1420 559 1454 589; x_wconf 91' lang='lat' dir='ltr'><strong>de</strong></span> <span class='ocrx_word' id='word_1_97' title='bbox 1467 560 1557 589; x_wconf 86' lang='lat' dir='ltr'><strong>futura</strong></span> <span class='ocrx_word' id='word_1_98' title='bbox 1571 571 1647 600; x_wconf 89' lang='lat' dir='ltr'><strong>pace.</strong></span> 
     </span>
     <span class='ocr_line' id='line_1_16' title="bbox 906 602 1650 640; baseline 0.005 -9"><span class='ocrx_word' id='word_1_99' title='bbox 906 602 1048 632; x_wconf 81' lang='lat' dir='ltr'><strong>Accusatio</strong></span> <span class='ocrx_word' id='word_1_100' title='bbox 1070 603 1195 640; x_wconf 69' lang='lat' dir='ltr'><strong>Israelis,</strong></span> <span class='ocrx_word' id='word_1_101' title='bbox 1209 611 1235 633; x_wconf 90' lang='lat' dir='ltr'><strong>et</strong></span> <span class='ocrx_word' id='word_1_102' title='bbox 1255 605 1346 633; x_wconf 79' lang='lat' dir='ltr'><strong>futura</strong></span> <span class='ocrx_word' id='word_1_103' title='bbox 1367 605 1484 634; x_wconf 90' lang='lat' dir='ltr'><strong>obsidio.</strong></span> <span class='ocrx_word' id='word_1_104' title='bbox 1510 607 1650 635; x_wconf 81' lang='lat' dir='ltr'><strong>Accusatio</strong></span> 
     </span>
     <span class='ocr_line' id='line_1_17' title="bbox 906 648 1651 690; baseline 0.004 -13"><span class='ocrx_word' id='word_1_105' title='bbox 906 648 1066 678; x_wconf 87' lang='lat' dir='ltr'><strong>deliciarum</strong></span> <span class='ocrx_word' id='word_1_106' title='bbox 1079 659 1171 678; x_wconf 88' lang='lat' dir='ltr'><strong>eorum</strong></span> <span class='ocrx_word' id='word_1_107' title='bbox 1182 656 1208 679; x_wconf 92' lang='lat' dir='ltr'><strong>et</strong></span> <span class='ocrx_word' id='word_1_108' title='bbox 1218 650 1358 689; x_wconf 64' lang='lat' dir='ltr'><strong>superbiae.</strong></span> <span class='ocrx_word' id='word_1_109' title='bbox 1368 650 1531 690; x_wconf 86' lang='lat' dir='ltr'><strong>Reprobatio</strong></span> <span class='ocrx_word' id='word_1_110' title='bbox 1544 651 1651 681; x_wconf 64' lang='lat' dir='ltr'><strong>Israelis</strong></span> 
     </span>
     <span class='ocr_line' id='line_1_18' title="bbox 907 694 1652 737; baseline 0.004 -14"><span class='ocrx_word' id='word_1_111' title='bbox 907 704 956 734; x_wconf 87' lang='lat' dir='ltr'><strong>per</strong></span> <span class='ocrx_word' id='word_1_112' title='bbox 977 694 1062 725; x_wconf 81' lang='lat' dir='ltr'><strong>vineae</strong></span> <span class='ocrx_word' id='word_1_113' title='bbox 1086 694 1302 724; x_wconf 81' lang='lat' dir='ltr'><strong>similitudinem.</strong></span> <span class='ocrx_word' id='word_1_114' title='bbox 1329 696 1497 725; x_wconf 85' lang='lat' dir='ltr'><strong>Criminatur</strong></span> <span class='ocrx_word' id='word_1_115' title='bbox 1517 697 1652 737; x_wconf 83' lang='lat' dir='ltr'><strong>principes</strong></span> 
     </span>
     <span class='ocr_line' id='line_1_19' title="bbox 907 742 1651 784; baseline 0.004 -13"><span class='ocrx_word' id='word_1_116' title='bbox 907 742 1013 771; x_wconf 80' lang='lat' dir='ltr'><strong>Israelis</strong></span> <span class='ocrx_word' id='word_1_117' title='bbox 1035 742 1072 771; x_wconf 90' lang='lat' dir='ltr'><strong>ob</strong></span> <span class='ocrx_word' id='word_1_118' title='bbox 1086 742 1228 771; x_wconf 82' lang='lat' dir='ltr'><strong>avaritiam</strong></span> <span class='ocrx_word' id='word_1_119' title='bbox 1242 749 1268 772; x_wconf 92' lang='lat' dir='ltr'><strong>et</strong></span> <span class='ocrx_word' id='word_1_120' title='bbox 1286 743 1450 779; x_wconf 88' lang='lat' dir='ltr'><strong>ebrietatem,</strong></span> <span class='ocrx_word' id='word_1_121' title='bbox 1466 744 1532 784; x_wconf 86' lang='lat' dir='ltr'><strong>ipsis</strong></span> <span class='ocrx_word' id='word_1_122' title='bbox 1547 744 1651 774; x_wconf 82' lang='lat' dir='ltr'><strong>desola-</strong></span> 
     </span>
     <span class='ocr_line' id='line_1_20' title="bbox 909 788 1652 831; baseline 0.005 -14"><span class='ocrx_word' id='word_1_123' title='bbox 909 788 1011 818; x_wconf 85' lang='lat' dir='ltr'><strong>tionem</strong></span> <span class='ocrx_word' id='word_1_124' title='bbox 1035 788 1207 818; x_wconf 83' lang='lat' dir='ltr'><strong>vaticinatur.</strong></span> <span class='ocrx_word' id='word_1_125' title='bbox 1224 789 1346 819; x_wconf 83' lang='lat' dir='ltr'><strong>Minatur</strong></span> <span class='ocrx_word' id='word_1_126' title='bbox 1362 789 1395 819; x_wconf 90' lang='lat' dir='ltr'><strong>iis</strong></span> <span class='ocrx_word' id='word_1_127' title='bbox 1418 790 1464 828; x_wconf 94' lang='lat' dir='ltr'><strong>qui</strong></span> <span class='ocrx_word' id='word_1_128' title='bbox 1485 791 1652 831; x_wconf 84' lang='lat' dir='ltr'><strong>pseudopro-</strong></span> 
     </span>
    </p>
   </div>
   <div class='ocr_carea' id='block_1_10' title="bbox 88 834 1652 924">
    <p class='ocr_par' dir='ltr' id='par_1_10' title="bbox 88 834 1652 924">
     <span class='ocr_line' id='line_1_21' title="bbox 88 834 1652 877; baseline 0.001 -11"><span class='ocrx_word' id='word_1_129' title='bbox 88 849 139 866; x_wconf 88' lang='grc' dir='ltr'>σιν.</span> <span class='ocrx_word' id='word_1_130' title='bbox 152 837 205 866; x_wconf 78' lang='grc' dir='ltr'><strong>Καὶ</strong></span> <span class='ocrx_word' id='word_1_131' title='bbox 219 838 322 866; x_wconf 76' lang='grc' dir='ltr'>ἀπειλεῖ</span> <span class='ocrx_word' id='word_1_132' title='bbox 334 841 389 870; x_wconf 81' lang='grc' dir='ltr'>τοῖς</span> <span class='ocrx_word' id='word_1_133' title='bbox 401 837 550 877; x_wconf 74' lang='grc' dir='ltr'>προτιμῶσι</span> <span class='ocrx_word' id='word_1_134' title='bbox 564 835 625 869; x_wconf 79' lang='grc' dir='ltr'>τοὺς</span> <span class='ocrx_word' id='word_1_135' title='bbox 639 834 857 875; x_wconf 79' lang='grc' dir='ltr'>ψευδοπροφήτας</span> <span class='ocrx_word' id='word_1_136' title='bbox 866 852 902 871; x_wconf 75' lang='lat'><strong>5⁸²</strong></span> <span class='ocrx_word' id='word_1_137' title='bbox 910 834 1002 874; x_wconf 87' lang='lat' dir='ltr'><strong>phetas</strong></span> <span class='ocrx_word' id='word_1_138' title='bbox 1011 834 1149 875; x_wconf 86' lang='lat' dir='ltr'><strong>prophetis</strong></span> <span class='ocrx_word' id='word_1_139' title='bbox 1160 835 1315 874; x_wconf 80' lang='lat' dir='ltr'><strong>praeferunt.</strong></span> <span class='ocrx_word' id='word_1_140' title='bbox 1329 837 1458 865; x_wconf 83' lang='lat' dir='ltr'><strong>Ascensus</strong></span> <span class='ocrx_word' id='word_1_141' title='bbox 1468 836 1585 866; x_wconf 89' lang='lat' dir='ltr'><strong>hostium</strong></span> <span class='ocrx_word' id='word_1_142' title='bbox 1595 838 1652 867; x_wconf 92' lang='lat' dir='ltr'><strong>illo-</strong></span> 
     </span>
     <span class='ocr_line' id='line_1_22' title="bbox 89 880 1651 924; baseline 0.001 -12"><span class='ocrx_word' id='word_1_143' title='bbox 89 885 141 912; x_wconf 85' lang='grc' dir='ltr'><strong>τῶν</strong></span> <span class='ocrx_word' id='word_1_144' title='bbox 159 885 312 923; x_wconf 81' lang='grc' dir='ltr'>προφητῶν.</span> <span class='ocrx_word' id='word_1_145' title='bbox 327 882 431 916; x_wconf 83' lang='grc' dir='ltr'>Ἀνοδος</span> <span class='ocrx_word' id='word_1_146' title='bbox 444 884 497 911; x_wconf 85' lang='grc' dir='ltr'><strong>τῶν</strong></span> <span class='ocrx_word' id='word_1_147' title='bbox 515 881 651 920; x_wconf 84' lang='grc' dir='ltr'>πολεμίων</span> <span class='ocrx_word' id='word_1_148' title='bbox 673 882 769 910; x_wconf 82' lang='grc' dir='ltr'>αὐτῶν.</span> <span class='ocrx_word' id='word_1_149' title='bbox 789 880 858 920; x_wconf 78' lang='grc' dir='ltr'><strong>Ὁρᾷ</strong></span> <span class='ocrx_word' id='word_1_150' title='bbox 874 880 895 903; x_wconf 73' lang='grc' dir='ltr'><strong>Α</strong></span> <span class='ocrx_word' id='word_1_151' title='bbox 909 891 982 910; x_wconf 90' lang='lat' dir='ltr'><strong>rum.</strong></span> <span class='ocrx_word' id='word_1_152' title='bbox 992 881 1133 911; x_wconf 89' lang='lat' dir='ltr'><strong>Visiouem</strong></span> <span class='ocrx_word' id='word_1_153' title='bbox 1142 881 1282 921; x_wconf 87' lang='lat' dir='ltr'><strong>conspicit,</strong></span> <span class='ocrx_word' id='word_1_154' title='bbox 1292 882 1319 910; x_wconf 93' lang='lat' dir='ltr'><strong>in</strong></span> <span class='ocrx_word' id='word_1_155' title='bbox 1330 893 1383 921; x_wconf 90' lang='lat' dir='ltr'><strong>qua</strong></span> <span class='ocrx_word' id='word_1_156' title='bbox 1391 883 1449 922; x_wconf 85' lang='lat' dir='ltr'><strong>ejus</strong></span> <span class='ocrx_word' id='word_1_157' title='bbox 1460 883 1529 912; x_wconf 83' lang='lat' dir='ltr'><strong>labia</strong></span> <span class='ocrx_word' id='word_1_158' title='bbox 1539 891 1651 924; x_wconf 82' lang='lat' dir='ltr'><strong>purgata</strong></span> 
     </span>
    </p>
   </div>
   <div class='ocr_carea' id='block_1_11' title="bbox 80 924 859 2530">
    <p class='ocr_par' dir='ltr' id='par_1_11' title="bbox 80 924 859 2530">
     <span class='ocr_line' id='line_1_23' title="bbox 89 924 857 968; baseline -0.004 -10"><span class='ocrx_word' id='word_1_159' title='bbox 89 929 136 965; x_wconf 89' lang='grc' dir='ltr'><strong>τὴν</strong></span> <span class='ocrx_word' id='word_1_160' title='bbox 151 928 295 963; x_wconf 78' lang='grc' dir='ltr'>ὀπτασίαν,</span> <span class='ocrx_word' id='word_1_161' title='bbox 307 930 335 958; x_wconf 74' lang='grc' dir='ltr'><strong>ἐν</strong></span> <span class='ocrx_word' id='word_1_162' title='bbox 348 924 367 968; x_wconf 71' lang='grc' dir='ltr'>ᾗ</span> <span class='ocrx_word' id='word_1_163' title='bbox 380 928 512 968; x_wconf 81' lang='grc' dir='ltr'>ἐκαθάρθη</span> <span class='ocrx_word' id='word_1_164' title='bbox 534 929 613 957; x_wconf 80' lang='grc' dir='ltr'>αὐτοῦ</span> <span class='ocrx_word' id='word_1_165' title='bbox 628 927 662 957; x_wconf 78' lang='grc' dir='ltr'><strong>τὰ</strong></span> <span class='ocrx_word' id='word_1_166' title='bbox 674 927 764 967; x_wconf 87' lang='grc' dir='ltr'>χείλη.</span> <span class='ocrx_word' id='word_1_167' title='bbox 780 927 857 956; x_wconf 79' lang='grc' dir='ltr'>Ἐπι-</span> 
     </span>
     <span class='ocr_line' id='line_1_24' title="bbox 89 974 859 1016; baseline -0.004 -11"><span class='ocrx_word' id='word_1_168' title='bbox 89 975 227 1016; x_wconf 55' lang='lat' dir='ltr'><strong>expandet</strong></span> <span class='ocrx_word' id='word_1_169' title='bbox 245 977 260 1005; x_wconf 81' lang='grc' dir='ltr'><strong>ὁ</strong></span> <span class='ocrx_word' id='word_1_170' title='bbox 279 974 372 1015; x_wconf 78' lang='grc' dir='ltr'>Σύρων</span> <span class='ocrx_word' id='word_1_171' title='bbox 387 974 508 1015; x_wconf 81' lang='grc' dir='ltr'>βασιλεὺς</span> <span class='ocrx_word' id='word_1_172' title='bbox 528 974 596 1014; x_wconf 77' lang='grc' dir='ltr'>μετὰ</span> <span class='ocrx_word' id='word_1_173' title='bbox 619 976 671 1004; x_wconf 84' lang='grc' dir='ltr'><strong>τῶν</strong></span> <span class='ocrx_word' id='word_1_174' title='bbox 686 974 859 1014; x_wconf 78' lang='grc' dir='ltr'>Ἰσραηλιτῶν</span> 
     </span>
     <span class='ocr_line' id='line_1_25' title="bbox 89 1019 858 1061; baseline -0.003 -11"><span class='ocrx_word' id='word_1_175' title='bbox 89 1021 134 1051; x_wconf 76' lang='grc' dir='ltr'><strong>ἐπὶ</strong></span> <span class='ocrx_word' id='word_1_176' title='bbox 151 1021 200 1057; x_wconf 83' lang='grc' dir='ltr'><strong>τὴν</strong></span> <span class='ocrx_word' id='word_1_177' title='bbox 214 1020 402 1061; x_wconf 78' lang='grc' dir='ltr'>Ἰερουσαλὴμ,</span> <span class='ocrx_word' id='word_1_178' title='bbox 418 1021 463 1050; x_wconf 78' lang='grc' dir='ltr'><strong>καὶ</strong></span> <span class='ocrx_word' id='word_1_179' title='bbox 476 1019 636 1061; x_wconf 82' lang='grc' dir='ltr'>προφητεύει</span> <span class='ocrx_word' id='word_1_180' title='bbox 647 1021 660 1049; x_wconf 81' lang='grc' dir='ltr'>ὁ</span> <span class='ocrx_word' id='word_1_181' title='bbox 672 1019 785 1053; x_wconf 84' lang='grc' dir='ltr'>Ἡσαΐας</span> <span class='ocrx_word' id='word_1_182' title='bbox 797 1019 858 1059; x_wconf 80' lang='grc' dir='ltr'>περὶ</span> 
     </span>
     <span class='ocr_line' id='line_1_26' title="bbox 91 1065 856 1107; baseline -0.003 -11"><span class='ocrx_word' id='word_1_183' title='bbox 91 1070 138 1097; x_wconf 77' lang='grc' dir='ltr'><strong>τοῦ</strong></span> <span class='ocrx_word' id='word_1_184' title='bbox 149 1068 276 1107; x_wconf 77' lang='grc' dir='ltr'>Χριστοῦ,</span> <span class='ocrx_word' id='word_1_185' title='bbox 290 1067 335 1096; x_wconf 78' lang='grc' dir='ltr'><strong>καὶ</strong></span> <span class='ocrx_word' id='word_1_186' title='bbox 352 1067 413 1107; x_wconf 76' lang='grc' dir='ltr'>περὶ</span> <span class='ocrx_word' id='word_1_187' title='bbox 432 1069 480 1103; x_wconf 76' lang='grc' dir='ltr'><strong>τῆς</strong></span> <span class='ocrx_word' id='word_1_188' title='bbox 494 1066 653 1107; x_wconf 79' lang='grc' dir='ltr'>ἐρημώσεως</span> <span class='ocrx_word' id='word_1_189' title='bbox 663 1065 856 1106; x_wconf 78' lang='grc' dir='ltr'>Ἰερουσαλὴμ,</span> 
     </span>
     <span class='ocr_line' id='line_1_27' title="bbox 89 1111 858 1152; baseline -0.003 -11"><span class='ocrx_word' id='word_1_190' title='bbox 89 1112 134 1141; x_wconf 82' lang='grc' dir='ltr'><strong>καὶ</strong></span> <span class='ocrx_word' id='word_1_191' title='bbox 148 1112 266 1152; x_wconf 76' lang='grc' dir='ltr'>περὶτῆς</span> <span class='ocrx_word' id='word_1_192' title='bbox 281 1111 372 1141; x_wconf 85' lang='grc' dir='ltr'>ἀνόδου</span> <span class='ocrx_word' id='word_1_193' title='bbox 385 1111 626 1151; x_wconf 74' lang='grc' dir='ltr'>Ναὸουχοδονόσορ.</span> <span class='ocrx_word' id='word_1_194' title='bbox 639 1111 794 1150; x_wconf 74' lang='grc' dir='ltr'>Προφητεία</span> <span class='ocrx_word' id='word_1_195' title='bbox 806 1112 858 1140; x_wconf 85' lang='grc' dir='ltr'><strong>τῶν</strong></span> 
     </span>
     <span class='ocr_line' id='line_1_28' title="bbox 90 1156 859 1198; baseline -0.003 -11"><span class='ocrx_word' id='word_1_196' title='bbox 90 1159 127 1191; x_wconf 88' lang='grc' dir='ltr'><strong>εἷς</strong></span> <span class='ocrx_word' id='word_1_197' title='bbox 138 1157 252 1198; x_wconf 82' lang='grc' dir='ltr'>Χριστὸν</span> <span class='ocrx_word' id='word_1_198' title='bbox 266 1156 452 1187; x_wconf 73' lang='grc' dir='ltr'>πιστευόντων.</span> <span class='ocrx_word' id='word_1_199' title='bbox 467 1157 535 1197; x_wconf 73' lang='grc' dir='ltr'>Περὶ</span> <span class='ocrx_word' id='word_1_200' title='bbox 556 1159 604 1192; x_wconf 81' lang='grc' dir='ltr'>τ’ῆς</span> <span class='ocrx_word' id='word_1_201' title='bbox 618 1156 708 1197; x_wconf 77' lang='grc' dir='ltr'>ἰσχύος</span> <span class='ocrx_word' id='word_1_202' title='bbox 721 1156 765 1185; x_wconf 76' lang='grc' dir='ltr'><strong>καὶ</strong></span> <span class='ocrx_word' id='word_1_203' title='bbox 778 1158 859 1196; x_wconf 82' lang='grc' dir='ltr'>ὑπερ-</span> 
     </span>
     <span class='ocr_line' id='line_1_29' title="bbox 90 1202 851 1243; baseline -0.003 -11"><span class='ocrx_word' id='word_1_204' title='bbox 90 1203 202 1243; x_wconf 75' lang='grc' dir='ltr'>ηφανίας</span> <span class='ocrx_word' id='word_1_205' title='bbox 219 1203 265 1232; x_wconf 79' lang='grc' dir='ltr'><strong>καὶ</strong></span> <span class='ocrx_word' id='word_1_206' title='bbox 285 1202 417 1236; x_wconf 83' lang='grc' dir='ltr'>ἀπωλείας</span> <span class='ocrx_word' id='word_1_207' title='bbox 435 1205 481 1232; x_wconf 81' lang='grc' dir='ltr'><strong>τοῦ</strong></span> <span class='ocrx_word' id='word_1_208' title='bbox 496 1202 641 1243; x_wconf 83' lang='grc' dir='ltr'>Ἀσσυρίου.</span> <span class='ocrx_word' id='word_1_209' title='bbox 656 1202 725 1242; x_wconf 78' lang='grc' dir='ltr'>Περὶ</span> <span class='ocrx_word' id='word_1_210' title='bbox 744 1204 796 1231; x_wconf 82' lang='grc' dir='ltr'><strong>τῶν</strong></span> <span class='ocrx_word' id='word_1_211' title='bbox 811 1214 851 1231; x_wconf 92' lang='grc' dir='ltr'><strong>πι-</strong></span> 
     </span>
     <span class='ocr_line' id='line_1_30' title="bbox 90 1248 858 1289; baseline 0 -11"><span class='ocrx_word' id='word_1_212' title='bbox 90 1249 234 1278; x_wconf 82' lang='grc' dir='ltr'>στευόντων</span> <span class='ocrx_word' id='word_1_213' title='bbox 252 1250 377 1289; x_wconf 82' lang='grc' dir='ltr'>Χριστῷ,</span> <span class='ocrx_word' id='word_1_214' title='bbox 395 1248 456 1289; x_wconf 71' lang='grc' dir='ltr'>περὶ</span> <span class='ocrx_word' id='word_1_215' title='bbox 469 1251 516 1285; x_wconf 80' lang='grc' dir='ltr'><strong>τῆς</strong></span> <span class='ocrx_word' id='word_1_216' title='bbox 530 1248 599 1278; x_wconf 77' lang='grc' dir='ltr'>κατὰ</span> <span class='ocrx_word' id='word_1_217' title='bbox 613 1248 699 1289; x_wconf 77' lang='grc' dir='ltr'>σάρκα</span> <span class='ocrx_word' id='word_1_218' title='bbox 711 1248 858 1288; x_wconf 81' lang='grc' dir='ltr'>γεννήσεως</span> 
     </span>
     <span class='ocr_line' id='line_1_31' title="bbox 89 1295 857 1336; baseline -0.003 -10"><span class='ocrx_word' id='word_1_219' title='bbox 89 1298 135 1326; x_wconf 82' lang='grc' dir='ltr'><strong>τοῦ</strong></span> <span class='ocrx_word' id='word_1_220' title='bbox 156 1297 272 1336; x_wconf 79' lang='grc' dir='ltr'>Χριστοῦ</span> <span class='ocrx_word' id='word_1_221' title='bbox 282 1308 289 1314; x_wconf 93' lang='grc'><strong><em>·</em></strong></span> <span class='ocrx_word' id='word_1_222' title='bbox 303 1296 364 1336; x_wconf 80' lang='grc' dir='ltr'>περὶ</span> <span class='ocrx_word' id='word_1_223' title='bbox 385 1298 432 1332; x_wconf 69' lang='grc' dir='ltr'><strong>τῆς</strong></span> <span class='ocrx_word' id='word_1_224' title='bbox 450 1299 502 1326; x_wconf 83' lang='grc' dir='ltr'><strong>τῶν</strong></span> <span class='ocrx_word' id='word_1_225' title='bbox 525 1297 561 1329; x_wconf 79' lang='grc' dir='ltr'><strong>εἷς</strong></span> <span class='ocrx_word' id='word_1_226' title='bbox 583 1296 660 1325; x_wconf 76' lang='grc' dir='ltr'>αὐτὸν</span> <span class='ocrx_word' id='word_1_227' title='bbox 681 1295 857 1326; x_wconf 84' lang='grc' dir='ltr'>πιστευόντων</span> 
     </span>
     <span class='ocr_line' id='line_1_32' title="bbox 89 1341 857 1382; baseline 0 -11"><span class='ocrx_word' id='word_1_228' title='bbox 89 1342 239 1376; x_wconf 76' lang='grc' dir='ltr'>ἐπιεικείας.</span> <span class='ocrx_word' id='word_1_229' title='bbox 254 1341 398 1372; x_wconf 84' lang='grc' dir='ltr'>Ἀπώλειαν</span> <span class='ocrx_word' id='word_1_230' title='bbox 411 1342 568 1375; x_wconf 75' lang='grc' dir='ltr'>Βαὸυλῶνος</span> <span class='ocrx_word' id='word_1_231' title='bbox 579 1341 624 1371; x_wconf 74' lang='grc' dir='ltr'><strong>καὶ</strong></span> <span class='ocrx_word' id='word_1_232' title='bbox 637 1343 690 1370; x_wconf 78' lang='grc' dir='ltr'><strong>τῶν</strong></span> <span class='ocrx_word' id='word_1_233' title='bbox 703 1342 857 1382; x_wconf 77' lang='grc' dir='ltr'>ἀλλοφύλων</span> 
     </span>
     <span class='ocr_line' id='line_1_33' title="bbox 89 1387 857 1428; baseline -0.001 -11"><span class='ocrx_word' id='word_1_234' title='bbox 89 1387 260 1428; x_wconf 82' lang='grc' dir='ltr'>προφητεύει.</span> <span class='ocrx_word' id='word_1_235' title='bbox 294 1387 425 1417; x_wconf 79' lang='grc' dir='ltr'>Ἀπώλεια</span> <span class='ocrx_word' id='word_1_236' title='bbox 449 1388 611 1418; x_wconf 76' lang='grc' dir='ltr'>Μωαὸιτῶν.</span> <span class='ocrx_word' id='word_1_237' title='bbox 638 1387 707 1427; x_wconf 78' lang='grc' dir='ltr'>Περὶ</span> <span class='ocrx_word' id='word_1_238' title='bbox 741 1389 857 1428; x_wconf 77' lang='grc' dir='ltr'>Χριστοῦ</span> 
     </span>
     <span class='ocr_line' id='line_1_34' title="bbox 89 1433 858 1474; baseline 0 -11"><span class='ocrx_word' id='word_1_239' title='bbox 89 1433 247 1474; x_wconf 79' lang='grc' dir='ltr'>προφητεία.</span> <span class='ocrx_word' id='word_1_240' title='bbox 272 1433 403 1463; x_wconf 81' lang='grc' dir='ltr'>Ἀπώλεια</span> <span class='ocrx_word' id='word_1_241' title='bbox 425 1435 571 1473; x_wconf 78' lang='grc' dir='ltr'>Δαμασκοῦ</span> <span class='ocrx_word' id='word_1_242' title='bbox 583 1457 591 1471; x_wconf 87' lang='grc'><em>,</em></span> <span class='ocrx_word' id='word_1_243' title='bbox 611 1433 656 1463; x_wconf 76' lang='grc' dir='ltr'><strong>καὶ</strong></span> <span class='ocrx_word' id='word_1_244' title='bbox 681 1436 727 1463; x_wconf 77' lang='grc' dir='ltr'><strong>τοῦ</strong></span> <span class='ocrx_word' id='word_1_245' title='bbox 747 1433 858 1473; x_wconf 82' lang='grc' dir='ltr'>Ἰσραὴλ</span> 
     </span>
     <span class='ocr_line' id='line_1_35' title="bbox 89 1479 858 1521; baseline 0.001 -12"><span class='ocrx_word' id='word_1_246' title='bbox 89 1479 212 1521; x_wconf 78' lang='grc' dir='ltr'>συμφορὰ</span> <span class='ocrx_word' id='word_1_247' title='bbox 223 1480 269 1509; x_wconf 78' lang='grc' dir='ltr'><strong>καὶ</strong></span> <span class='ocrx_word' id='word_1_248' title='bbox 281 1480 410 1520; x_wconf 74' lang='grc' dir='ltr'>σωι-ηρία.</span> <span class='ocrx_word' id='word_1_249' title='bbox 428 1480 559 1510; x_wconf 78' lang='grc' dir='ltr'>Ἀπώλεια</span> <span class='ocrx_word' id='word_1_250' title='bbox 571 1480 717 1520; x_wconf 82' lang='grc' dir='ltr'>Αἰγύπτου.</span> <span class='ocrx_word' id='word_1_251' title='bbox 735 1480 858 1520; x_wconf 84' lang='grc' dir='ltr'>Ἀλληγο·</span> 
     </span>
     <span class='ocr_line' id='line_1_36' title="bbox 92 1525 856 1567; baseline 0 -12"><span class='ocrx_word' id='word_1_252' title='bbox 92 1530 131 1565; x_wconf 88' lang='grc' dir='ltr'><strong>ρεῖ</strong></span> <span class='ocrx_word' id='word_1_253' title='bbox 139 1526 256 1556; x_wconf 79' lang='grc' dir='ltr'>κάκωσιν</span> <span class='ocrx_word' id='word_1_254' title='bbox 266 1528 303 1559; x_wconf 84' lang='grc' dir='ltr'><strong>εἷς</strong></span> <span class='ocrx_word' id='word_1_255' title='bbox 309 1526 344 1556; x_wconf 79' lang='grc' dir='ltr'><strong>τὰ</strong></span> <span class='ocrx_word' id='word_1_256' title='bbox 352 1526 412 1562; x_wconf 87' lang='grc' dir='ltr'>ἔθνη</span> <span class='ocrx_word' id='word_1_257' title='bbox 425 1526 458 1556; x_wconf 78' lang='grc' dir='ltr'><strong>τὰ</strong></span> <span class='ocrx_word' id='word_1_258' title='bbox 469 1525 506 1565; x_wconf 85' lang='grc' dir='ltr'>μὴ</span> <span class='ocrx_word' id='word_1_259' title='bbox 519 1525 696 1556; x_wconf 77' lang='grc' dir='ltr'>πιστεύσαντα</span> <span class='ocrx_word' id='word_1_260' title='bbox 706 1528 745 1566; x_wconf 83' lang='grc' dir='ltr'><strong>τῷ</strong></span> <span class='ocrx_word' id='word_1_261' title='bbox 756 1526 856 1567; x_wconf 84' lang='grc' dir='ltr'>Κυρίῳ,</span> 
     </span>
     <span class='ocr_line' id='line_1_37' title="bbox 89 1571 857 1612; baseline 0.003 -12"><span class='ocrx_word' id='word_1_262' title='bbox 89 1571 135 1601; x_wconf 77' lang='grc' dir='ltr'><strong>καὶ</strong></span> <span class='ocrx_word' id='word_1_263' title='bbox 146 1573 182 1605; x_wconf 83' lang='grc' dir='ltr'><strong>εἷς</strong></span> <span class='ocrx_word' id='word_1_264' title='bbox 195 1572 244 1608; x_wconf 85' lang='grc' dir='ltr'><strong>τὴν</strong></span> <span class='ocrx_word' id='word_1_265' title='bbox 255 1572 389 1612; x_wconf 76' lang='grc' dir='ltr'>ἐρήμωσιν</span> <span class='ocrx_word' id='word_1_266' title='bbox 403 1574 451 1608; x_wconf 75' lang='grc' dir='ltr'><strong>τῆς</strong></span> <span class='ocrx_word' id='word_1_267' title='bbox 464 1572 586 1606; x_wconf 76' lang='grc' dir='ltr'>ἀσεὸείας</span> <span class='ocrx_word' id='word_1_268' title='bbox 599 1574 696 1602; x_wconf 78' lang='grc' dir='ltr'>αὐτῶν.</span> <span class='ocrx_word' id='word_1_269' title='bbox 714 1572 857 1602; x_wconf 84' lang='grc' dir='ltr'>Κελεύεται</span> 
     </span>
     <span class='ocr_line' id='line_1_38' title="bbox 89 1617 857 1659; baseline 0.001 -12"><span class='ocrx_word' id='word_1_270' title='bbox 89 1617 202 1651; x_wconf 50' lang='grc' dir='ltr'>(Ησαΐας</span> <span class='ocrx_word' id='word_1_271' title='bbox 221 1618 319 1657; x_wconf 84' lang='grc' dir='ltr'>γυμνὸς</span> <span class='ocrx_word' id='word_1_272' title='bbox 337 1620 528 1659; x_wconf 62' lang='grc' dir='ltr'>περιπατῆσαι.</span> <span class='ocrx_word' id='word_1_273' title='bbox 551 1618 742 1659; x_wconf 86' lang='grc' dir='ltr'>Ἐπιστρατεία</span> <span class='ocrx_word' id='word_1_274' title='bbox 756 1619 857 1654; x_wconf 82' lang='grc' dir='ltr'>Μήδων</span> 
     </span>
     <span class='ocr_line' id='line_1_39' title="bbox 90 1664 856 1705; baseline 0.003 -13"><span class='ocrx_word' id='word_1_275' title='bbox 90 1664 135 1693; x_wconf 78' lang='grc' dir='ltr'><strong>καὶ</strong></span> <span class='ocrx_word' id='word_1_276' title='bbox 146 1664 322 1694; x_wconf 74' lang='grc' dir='ltr'>Βαὸυλωνίων</span> <span class='ocrx_word' id='word_1_277' title='bbox 335 1665 461 1704; x_wconf 83' lang='grc' dir='ltr'>γενομένη</span> <span class='ocrx_word' id='word_1_278' title='bbox 478 1665 547 1695; x_wconf 80' lang='grc' dir='ltr'>κατὰ</span> <span class='ocrx_word' id='word_1_279' title='bbox 558 1665 710 1704; x_wconf 82' lang='grc' dir='ltr'>Ἰδουμαίας</span> <span class='ocrx_word' id='word_1_280' title='bbox 720 1665 765 1694; x_wconf 75' lang='grc' dir='ltr'><strong>καὶ</strong></span> <span class='ocrx_word' id='word_1_281' title='bbox 780 1666 856 1705; x_wconf 80' lang='grc' dir='ltr'>Ἀρα-</span> 
     </span>
     <span class='ocr_line' id='line_1_40' title="bbox 90 1710 856 1751; baseline 0.003 -13"><span class='ocrx_word' id='word_1_282' title='bbox 90 1710 156 1743; x_wconf 75' lang='grc' dir='ltr'>Είας.</span> <span class='ocrx_word' id='word_1_283' title='bbox 175 1710 320 1750; x_wconf 86' lang='grc' dir='ltr'>Πολιορκία</span> <span class='ocrx_word' id='word_1_284' title='bbox 336 1710 514 1751; x_wconf 80' lang='grc' dir='ltr'>Ἰερουσαλὴμ</span> <span class='ocrx_word' id='word_1_285' title='bbox 526 1714 543 1747; x_wconf 80' lang='grc' dir='ltr'>ἡ</span> <span class='ocrx_word' id='word_1_286' title='bbox 561 1711 662 1751; x_wconf 75' lang='grc' dir='ltr'>ἐσχάτη</span> <span class='ocrx_word' id='word_1_287' title='bbox 686 1711 737 1740; x_wconf 84' lang='grc' dir='ltr'><strong>ὑπὸ</strong></span> <span class='ocrx_word' id='word_1_288' title='bbox 751 1711 856 1741; x_wconf 73' lang='grc' dir='ltr'>Ναὸου-</span> 
     </span>
     <span class='ocr_line' id='line_1_41' title="bbox 90 1756 858 1798; baseline 0.001 -13"><span class='ocrx_word' id='word_1_289' title='bbox 90 1756 243 1796; x_wconf 86' lang='grc' dir='ltr'>χοδονόσορ.</span> <span class='ocrx_word' id='word_1_290' title='bbox 258 1756 410 1797; x_wconf 78' lang='grc' dir='ltr'>Πρόρῤησις</span> <span class='ocrx_word' id='word_1_291' title='bbox 422 1759 460 1797; x_wconf 80' lang='grc' dir='ltr'><strong>τῷ</strong></span> <span class='ocrx_word' id='word_1_292' title='bbox 473 1757 574 1797; x_wconf 76' lang='grc' dir='ltr'>Σωμνᾷ</span> <span class='ocrx_word' id='word_1_293' title='bbox 587 1759 625 1798; x_wconf 79' lang='grc' dir='ltr'><strong>τῷ</strong></span> <span class='ocrx_word' id='word_1_294' title='bbox 639 1757 724 1797; x_wconf 80' lang='grc' dir='ltr'>ταμίᾳ</span> <span class='ocrx_word' id='word_1_295' title='bbox 737 1757 798 1798; x_wconf 78' lang='grc' dir='ltr'>περὶ</span> <span class='ocrx_word' id='word_1_296' title='bbox 811 1759 858 1793; x_wconf 77' lang='grc' dir='ltr'><strong>τῆς</strong></span> 
     </span>
     <span class='ocr_line' id='line_1_42' title="bbox 89 1802 856 1842; baseline 0.003 -12"><span class='ocrx_word' id='word_1_297' title='bbox 89 1802 231 1835; x_wconf 82' lang='grc' dir='ltr'>ἀπωλείας.</span> <span class='ocrx_word' id='word_1_298' title='bbox 253 1804 289 1833; x_wconf 78' lang='grc' dir='ltr'><strong>Οἱ</strong></span> <span class='ocrx_word' id='word_1_299' title='bbox 302 1802 330 1832; x_wconf 76' lang='grc' dir='ltr'><strong>δὲ</strong></span> <span class='ocrx_word' id='word_1_300' title='bbox 343 1802 452 1842; x_wconf 87' lang='grc' dir='ltr'>ταμίαι,</span> <span class='ocrx_word' id='word_1_301' title='bbox 471 1802 606 1832; x_wconf 77' lang='grc' dir='ltr'>τουτέστιν</span> <span class='ocrx_word' id='word_1_302' title='bbox 615 1826 623 1840; x_wconf 89' lang='grc'><em>,</em></span> <span class='ocrx_word' id='word_1_303' title='bbox 641 1804 666 1831; x_wconf 80' lang='grc' dir='ltr'><strong>οἱ</strong></span> <span class='ocrx_word' id='word_1_304' title='bbox 680 1802 793 1842; x_wconf 84' lang='grc' dir='ltr'>φύλακες</span> <span class='ocrx_word' id='word_1_305' title='bbox 804 1805 856 1832; x_wconf 85' lang='grc' dir='ltr'><strong>τῶν</strong></span> 
     </span>
     <span class='ocr_line' id='line_1_43' title="bbox 87 1844 855 1889; baseline 0.003 -13"><span class='ocrx_word' id='word_1_306' title='bbox 87 1848 115 1876; x_wconf 78' lang='grc' dir='ltr'><strong>ἒν</strong></span> <span class='ocrx_word' id='word_1_307' title='bbox 126 1849 164 1887; x_wconf 80' lang='grc' dir='ltr'><strong>τῷ</strong></span> <span class='ocrx_word' id='word_1_308' title='bbox 179 1849 242 1888; x_wconf 78' lang='grc' dir='ltr'>ἱερῷ</span> <span class='ocrx_word' id='word_1_309' title='bbox 254 1849 416 1889; x_wconf 81' lang='grc' dir='ltr'>χρημάτων,</span> <span class='ocrx_word' id='word_1_310' title='bbox 431 1849 483 1878; x_wconf 78' lang='grc' dir='ltr'><strong>ἀπὸ</strong></span> <span class='ocrx_word' id='word_1_311' title='bbox 498 1851 550 1878; x_wconf 85' lang='grc' dir='ltr'><strong>τῶν</strong></span> <span class='ocrx_word' id='word_1_312' title='bbox 564 1848 654 1888; x_wconf 78' lang='grc' dir='ltr'>ἱερέων</span> <span class='ocrx_word' id='word_1_313' title='bbox 674 1844 752 1885; x_wconf 70' lang='grc' dir='ltr'>ἦσαν.</span> <span class='ocrx_word' id='word_1_314' title='bbox 771 1849 855 1879; x_wconf 87' lang='grc' dir='ltr'>Ἀπώ-</span> 
     </span>
     <span class='ocr_line' id='line_1_44' title="bbox 86 1894 854 1935; baseline 0.001 -12"><span class='ocrx_word' id='word_1_315' title='bbox 86 1895 145 1923; x_wconf 85' lang='grc' dir='ltr'>λεια</span> <span class='ocrx_word' id='word_1_316' title='bbox 155 1894 252 1934; x_wconf 85' lang='grc' dir='ltr'>Τύρου,</span> <span class='ocrx_word' id='word_1_317' title='bbox 266 1894 312 1923; x_wconf 81' lang='grc' dir='ltr'><strong>καὶ</strong></span> <span class='ocrx_word' id='word_1_318' title='bbox 323 1897 340 1930; x_wconf 89' lang='grc' dir='ltr'>ἡ</span> <span class='ocrx_word' id='word_1_319' title='bbox 356 1894 423 1934; x_wconf 78' lang='grc' dir='ltr'>μετὰ</span> <span class='ocrx_word' id='word_1_320' title='bbox 436 1897 520 1924; x_wconf 80' lang='grc' dir='ltr'>ταῦτα</span> <span class='ocrx_word' id='word_1_321' title='bbox 532 1894 661 1934; x_wconf 82' lang='grc' dir='ltr'>σωτηρία,</span> <span class='ocrx_word' id='word_1_322' title='bbox 673 1894 718 1923; x_wconf 76' lang='grc' dir='ltr'><strong>καὶ</strong></span> <span class='ocrx_word' id='word_1_323' title='bbox 729 1895 790 1935; x_wconf 84' lang='grc' dir='ltr'>περὶ</span> <span class='ocrx_word' id='word_1_324' title='bbox 802 1897 854 1924; x_wconf 83' lang='grc' dir='ltr'><strong>τῶν</strong></span> 
     </span>
     <span class='ocr_line' id='line_1_45' title="bbox 80 1940 854 1980; baseline 0.001 -12"><span class='ocrx_word' id='word_1_325' title='bbox 80 1940 255 1975; x_wconf 31' lang='grc' dir='ltr'>ιἘκκλησιῶν</span> <span class='ocrx_word' id='word_1_326' title='bbox 270 1941 458 1980; x_wconf 79' lang='grc' dir='ltr'>ἄλληγορικῶς.</span> <span class='ocrx_word' id='word_1_327' title='bbox 479 1940 611 1971; x_wconf 85' lang='grc' dir='ltr'>Ἀπώλεια</span> <span class='ocrx_word' id='word_1_328' title='bbox 629 1940 785 1973; x_wconf 66' lang='grc' dir='ltr'>Βαὸυλῶνος</span> <span class='ocrx_word' id='word_1_329' title='bbox 803 1940 854 1970; x_wconf 84' lang='grc' dir='ltr'><strong>ὑπὸ</strong></span> 
     </span>
     <span class='ocr_line' id='line_1_46' title="bbox 86 1985 852 2026; baseline 0.001 -12"><span class='ocrx_word' id='word_1_330' title='bbox 86 1985 200 2022; x_wconf 83' lang='grc' dir='ltr'>Μήδων,</span> <span class='ocrx_word' id='word_1_331' title='bbox 221 1985 267 2015; x_wconf 75' lang='grc' dir='ltr'><strong>καὶ</strong></span> <span class='ocrx_word' id='word_1_332' title='bbox 289 1987 331 2015; x_wconf 75' lang='grc' dir='ltr'><strong>ἐπ’</strong></span> <span class='ocrx_word' id='word_1_333' title='bbox 351 1987 418 2025; x_wconf 80' lang='grc' dir='ltr'>αὐτῇ</span> <span class='ocrx_word' id='word_1_334' title='bbox 440 1986 594 2026; x_wconf 79' lang='grc' dir='ltr'>εὐχαριστία</span> <span class='ocrx_word' id='word_1_335' title='bbox 608 1988 646 2026; x_wconf 77' lang='grc' dir='ltr'><strong>τῷ</strong></span> <span class='ocrx_word' id='word_1_336' title='bbox 668 1987 731 2026; x_wconf 76' lang='grc' dir='ltr'><strong>Θεῷ</strong></span> <span class='ocrx_word' id='word_1_337' title='bbox 745 1986 796 2015; x_wconf 75' lang='grc' dir='ltr'><strong>ὑπὸ</strong></span> <span class='ocrx_word' id='word_1_338' title='bbox 807 1989 852 2015; x_wconf 81' lang='grc' dir='ltr'><strong>τοῦ</strong></span> 
     </span>
     <span class='ocr_line' id='line_1_47' title="bbox 84 2031 853 2072; baseline -0.001 -11"><span class='ocrx_word' id='word_1_339' title='bbox 84 2032 228 2072; x_wconf 82' lang='grc' dir='ltr'>προφήτου.</span> <span class='ocrx_word' id='word_1_340' title='bbox 244 2032 298 2062; x_wconf 84' lang='grc' dir='ltr'><strong>Καὶ</strong></span> <span class='ocrx_word' id='word_1_341' title='bbox 310 2033 434 2072; x_wconf 79' lang='grc' dir='ltr'>περὶτῶν</span> <span class='ocrx_word' id='word_1_342' title='bbox 445 2034 552 2072; x_wconf 84' lang='grc' dir='ltr'>Χριστῷ</span> <span class='ocrx_word' id='word_1_343' title='bbox 565 2031 740 2061; x_wconf 77' lang='grc' dir='ltr'>πιστευόντων</span> <span class='ocrx_word' id='word_1_344' title='bbox 753 2043 853 2072; x_wconf 78' lang='grc' dir='ltr'>προφη-</span> 
     </span>
     <span class='ocr_line' id='line_1_48' title="bbox 83 2077 852 2118; baseline 0.001 -12"><span class='ocrx_word' id='word_1_345' title='bbox 83 2077 157 2113; x_wconf 81' lang='grc' dir='ltr'>τεία,</span> <span class='ocrx_word' id='word_1_346' title='bbox 171 2078 232 2118; x_wconf 78' lang='grc' dir='ltr'>περὶ</span> <span class='ocrx_word' id='word_1_347' title='bbox 254 2081 301 2114; x_wconf 77' lang='grc' dir='ltr'><strong>τῆς</strong></span> <span class='ocrx_word' id='word_1_348' title='bbox 315 2082 360 2108; x_wconf 77' lang='grc' dir='ltr'><strong>τοῦ</strong></span> <span class='ocrx_word' id='word_1_349' title='bbox 378 2078 499 2108; x_wconf 74' lang='grc' dir='ltr'>διαὸόλου</span> <span class='ocrx_word' id='word_1_350' title='bbox 514 2078 647 2111; x_wconf 84' lang='grc' dir='ltr'>ἀπωλείας</span> <span class='ocrx_word' id='word_1_351' title='bbox 660 2079 708 2113; x_wconf 75' lang='grc' dir='ltr'><strong>τῆς</strong></span> <span class='ocrx_word' id='word_1_352' title='bbox 722 2078 773 2107; x_wconf 80' lang='grc' dir='ltr'><strong>ὑπὸ</strong></span> <span class='ocrx_word' id='word_1_353' title='bbox 784 2079 852 2118; x_wconf 86' lang='grc' dir='ltr'>Χρι-</span> 
     </span>
     <span class='ocr_line' id='line_1_49' title="bbox 84 2123 851 2164; baseline 0 -12"><span class='ocrx_word' id='word_1_354' title='bbox 84 2126 146 2152; x_wconf 65' lang='lat' dir='ltr'><strong>&lt;mu</strong></span> <span class='ocrx_word' id='word_1_355' title='bbox 157 2124 307 2163; x_wconf 84' lang='grc' dir='ltr'>γενομένης·</span> <span class='ocrx_word' id='word_1_356' title='bbox 319 2124 380 2164; x_wconf 80' lang='grc' dir='ltr'>περὶ</span> <span class='ocrx_word' id='word_1_357' title='bbox 391 2127 438 2160; x_wconf 77' lang='grc' dir='ltr'><strong>τῆς</strong></span> <span class='ocrx_word' id='word_1_358' title='bbox 446 2127 491 2153; x_wconf 77' lang='grc' dir='ltr'><strong>τοῦ</strong></span> <span class='ocrx_word' id='word_1_359' title='bbox 499 2125 614 2163; x_wconf 83' lang='grc' dir='ltr'>Χριστοῦ</span> <span class='ocrx_word' id='word_1_360' title='bbox 623 2123 693 2153; x_wconf 78' lang='grc' dir='ltr'>κατὰ</span> <span class='ocrx_word' id='word_1_361' title='bbox 702 2123 788 2163; x_wconf 79' lang='grc' dir='ltr'>σάρκα</span> <span class='ocrx_word' id='word_1_362' title='bbox 799 2136 851 2153; x_wconf 85' lang='grc' dir='ltr'><strong>πα-</strong></span> 
     </span>
     <span class='ocr_line' id='line_1_50' title="bbox 84 2169 851 2211; baseline 0.001 -13"><span class='ocrx_word' id='word_1_363' title='bbox 84 2169 203 2209; x_wconf 85' lang='grc' dir='ltr'>ρουσίας·</span> <span class='ocrx_word' id='word_1_364' title='bbox 214 2170 275 2211; x_wconf 73' lang='grc' dir='ltr'>περὶ</span> <span class='ocrx_word' id='word_1_365' title='bbox 288 2173 336 2207; x_wconf 76' lang='grc' dir='ltr'><strong>τῆς</strong></span> <span class='ocrx_word' id='word_1_366' title='bbox 353 2172 390 2204; x_wconf 84' lang='grc' dir='ltr'><strong>εἷς</strong></span> <span class='ocrx_word' id='word_1_367' title='bbox 403 2169 519 2210; x_wconf 85' lang='grc' dir='ltr'>Χριστὸν</span> <span class='ocrx_word' id='word_1_368' title='bbox 533 2169 657 2202; x_wconf 88' lang='grc' dir='ltr'>πίστεως.</span> <span class='ocrx_word' id='word_1_369' title='bbox 679 2170 851 2209; x_wconf 85' lang='grc' dir='ltr'>Ἐγκαλεῖται</span> 
     </span>
     <span class='ocr_line' id='line_1_51' title="bbox 82 2215 850 2255; baseline 0 -10"><span class='ocrx_word' id='word_1_370' title='bbox 82 2218 97 2245; x_wconf 84' lang='grc' dir='ltr'>ὁ</span> <span class='ocrx_word' id='word_1_371' title='bbox 111 2216 228 2255; x_wconf 84' lang='grc' dir='ltr'>Ἰσραὴλ,</span> <span class='ocrx_word' id='word_1_372' title='bbox 240 2216 281 2246; x_wconf 79' lang='grc' dir='ltr'><strong>ὅτι</strong></span> <span class='ocrx_word' id='word_1_373' title='bbox 294 2216 342 2252; x_wconf 69' lang='grc' dir='ltr'><strong>τὴν</strong></span> <span class='ocrx_word' id='word_1_374' title='bbox 363 2216 457 2245; x_wconf 81' lang='grc' dir='ltr'>ἐλπίδα</span> <span class='ocrx_word' id='word_1_375' title='bbox 470 2216 523 2245; x_wconf 84' lang='grc' dir='ltr'><strong>ἀπὸ</strong></span> <span class='ocrx_word' id='word_1_376' title='bbox 539 2217 609 2245; x_wconf 79' lang='grc' dir='ltr'>Θεοῦ</span> <span class='ocrx_word' id='word_1_377' title='bbox 623 2215 777 2252; x_wconf 82' lang='grc' dir='ltr'>ἀποστήσας</span> <span class='ocrx_word' id='word_1_378' title='bbox 786 2238 794 2251; x_wconf 93' lang='grc'><strong>,</strong></span> <span class='ocrx_word' id='word_1_379' title='bbox 806 2215 850 2245; x_wconf 80' lang='grc' dir='ltr'><strong>ἐπὶ</strong></span> 
     </span>
     <span class='ocr_line' id='line_1_52' title="bbox 82 2260 849 2301; baseline -0.001 -10"><span class='ocrx_word' id='word_1_380' title='bbox 82 2260 141 2295; x_wconf 78' lang='grc' dir='ltr'>τοὺς</span> <span class='ocrx_word' id='word_1_381' title='bbox 159 2262 320 2301; x_wconf 75' lang='grc' dir='ltr'>Αἰγυπτίους</span> <span class='ocrx_word' id='word_1_382' title='bbox 340 2261 421 2298; x_wconf 75' lang='grc' dir='ltr'>αὐτὴν</span> <span class='ocrx_word' id='word_1_383' title='bbox 443 2261 591 2301; x_wconf 83' lang='grc' dir='ltr'>μετήγαγε·</span> <span class='ocrx_word' id='word_1_384' title='bbox 613 2261 658 2291; x_wconf 79' lang='grc' dir='ltr'><strong>καὶ</strong></span> <span class='ocrx_word' id='word_1_385' title='bbox 672 2261 849 2301; x_wconf 81' lang='grc' dir='ltr'>προαγορεύε-</span> 
     </span>
     <span class='ocr_line' id='line_1_53' title="bbox 81 2307 850 2348; baseline 0.001 -12"><span class='ocrx_word' id='word_1_386' title='bbox 81 2318 126 2336; x_wconf 91' lang='grc' dir='ltr'><strong>ται</strong></span> <span class='ocrx_word' id='word_1_387' title='bbox 136 2309 207 2348; x_wconf 80' lang='grc' dir='ltr'>αὐτῷ</span> <span class='ocrx_word' id='word_1_388' title='bbox 222 2308 303 2344; x_wconf 80' lang='grc' dir='ltr'>κακὰ,</span> <span class='ocrx_word' id='word_1_389' title='bbox 317 2308 362 2337; x_wconf 84' lang='grc' dir='ltr'><strong>καὶ</strong></span> <span class='ocrx_word' id='word_1_390' title='bbox 375 2307 480 2343; x_wconf 85' lang='grc' dir='ltr'>εὐθηνία</span> <span class='ocrx_word' id='word_1_391' title='bbox 494 2307 562 2346; x_wconf 83' lang='grc' dir='ltr'>μετὰ</span> <span class='ocrx_word' id='word_1_392' title='bbox 573 2310 664 2336; x_wconf 81' lang='grc' dir='ltr'>ταῦτα.</span> <span class='ocrx_word' id='word_1_393' title='bbox 680 2307 850 2348; x_wconf 79' lang='grc' dir='ltr'>Προφητεύε-</span> 
     </span>
     <span class='ocr_line' id='line_1_54' title="bbox 80 2353 849 2394; baseline 0 -12"><span class='ocrx_word' id='word_1_394' title='bbox 80 2365 124 2382; x_wconf 90' lang='grc' dir='ltr'><strong>ται</strong></span> <span class='ocrx_word' id='word_1_395' title='bbox 138 2353 166 2382; x_wconf 85' lang='grc' dir='ltr'><strong>δὲ</strong></span> <span class='ocrx_word' id='word_1_396' title='bbox 180 2355 206 2383; x_wconf 83' lang='grc' dir='ltr'><strong>ἐν</strong></span> <span class='ocrx_word' id='word_1_397' title='bbox 221 2356 259 2394; x_wconf 80' lang='grc' dir='ltr'><strong>τῷ</strong></span> <span class='ocrx_word' id='word_1_398' title='bbox 271 2355 342 2394; x_wconf 82' lang='grc' dir='ltr'>αὐτῷ</span> <span class='ocrx_word' id='word_1_399' title='bbox 354 2354 415 2393; x_wconf 80' lang='grc' dir='ltr'>περὶ</span> <span class='ocrx_word' id='word_1_400' title='bbox 428 2355 475 2388; x_wconf 80' lang='grc' dir='ltr'><strong>τῆς</strong></span> <span class='ocrx_word' id='word_1_401' title='bbox 489 2356 534 2382; x_wconf 77' lang='grc' dir='ltr'><strong>τοῦ</strong></span> <span class='ocrx_word' id='word_1_402' title='bbox 545 2354 661 2393; x_wconf 81' lang='grc' dir='ltr'>Χριστοῦ</span> <span class='ocrx_word' id='word_1_403' title='bbox 676 2353 849 2390; x_wconf 84' lang='grc' dir='ltr'>Ἐκκλησίας,</span> 
     </span>
     <span class='ocr_line' id='line_1_55' title="bbox 80 2398 849 2439; baseline 0 -11"><span class='ocrx_word' id='word_1_404' title='bbox 80 2398 141 2437; x_wconf 77' lang='grc' dir='ltr'>περὶ</span> <span class='ocrx_word' id='word_1_405' title='bbox 154 2401 201 2434; x_wconf 75' lang='grc' dir='ltr'><strong>τῆς</strong></span> <span class='ocrx_word' id='word_1_406' title='bbox 212 2400 372 2439; x_wconf 71' lang='grc' dir='ltr'>ἐπιστροφῆς</span> <span class='ocrx_word' id='word_1_407' title='bbox 385 2401 437 2428; x_wconf 84' lang='grc' dir='ltr'><strong>τῶν</strong></span> <span class='ocrx_word' id='word_1_408' title='bbox 449 2399 528 2428; x_wconf 82' lang='grc' dir='ltr'>ἐθνῶν</span> <span class='ocrx_word' id='word_1_409' title='bbox 545 2399 592 2433; x_wconf 82' lang='grc' dir='ltr'>τ’ἠς</span> <span class='ocrx_word' id='word_1_410' title='bbox 606 2399 643 2431; x_wconf 81' lang='grc' dir='ltr'><strong>εἰς</strong></span> <span class='ocrx_word' id='word_1_411' title='bbox 657 2398 772 2438; x_wconf 85' lang='grc' dir='ltr'>Χριστὸν</span> <span class='ocrx_word' id='word_1_412' title='bbox 782 2421 790 2435; x_wconf 89' lang='grc'><em>,</em></span> <span class='ocrx_word' id='word_1_413' title='bbox 804 2399 849 2428; x_wconf 84' lang='grc' dir='ltr'><strong>καὶ</strong></span> 
     </span>
     <span class='ocr_line' id='line_1_56' title="bbox 80 2443 848 2484; baseline 0 -11"><span class='ocrx_word' id='word_1_414' title='bbox 80 2445 141 2484; x_wconf 84' lang='grc' dir='ltr'>περὶ</span> <span class='ocrx_word' id='word_1_415' title='bbox 154 2446 202 2480; x_wconf 78' lang='grc' dir='ltr'><strong>τῆς</strong></span> <span class='ocrx_word' id='word_1_416' title='bbox 215 2444 373 2484; x_wconf 82' lang='grc' dir='ltr'>ἐρημώσεως</span> <span class='ocrx_word' id='word_1_417' title='bbox 387 2443 573 2484; x_wconf 81' lang='grc' dir='ltr'>Ἰερουσαλήμ.</span> <span class='ocrx_word' id='word_1_418' title='bbox 590 2443 658 2483; x_wconf 76' lang='grc' dir='ltr'>Περὶ</span> <span class='ocrx_word' id='word_1_419' title='bbox 673 2445 719 2479; x_wconf 75' lang='grc' dir='ltr'><strong>τῆς</strong></span> <span class='ocrx_word' id='word_1_420' title='bbox 735 2445 848 2480; x_wconf 83' lang='grc' dir='ltr'>Ἐκκλη-</span> 
     </span>
     <span class='ocr_line' id='line_1_57' title="bbox 80 2488 846 2530; baseline 0.001 -12"><span class='ocrx_word' id='word_1_421' title='bbox 80 2489 139 2523; x_wconf 79' lang='grc' dir='ltr'>σίας</span> <span class='ocrx_word' id='word_1_422' title='bbox 155 2490 275 2530; x_wconf 79' lang='grc' dir='ltr'>ἱστορία,</span> <span class='ocrx_word' id='word_1_423' title='bbox 299 2491 334 2522; x_wconf 81' lang='grc' dir='ltr'><strong>ὡς</strong></span> <span class='ocrx_word' id='word_1_424' title='bbox 355 2489 402 2528; x_wconf 84' lang='grc' dir='ltr'><strong>μὲν</strong></span> <span class='ocrx_word' id='word_1_425' title='bbox 427 2489 496 2518; x_wconf 79' lang='grc' dir='ltr'>κατὰ</span> <span class='ocrx_word' id='word_1_426' title='bbox 515 2488 564 2524; x_wconf 81' lang='grc' dir='ltr'><strong>τὴν</strong></span> <span class='ocrx_word' id='word_1_427' title='bbox 582 2488 723 2529; x_wconf 83' lang='grc' dir='ltr'>πρόχειρον</span> <span class='ocrx_word' id='word_1_428' title='bbox 741 2491 778 2522; x_wconf 79' lang='grc' dir='ltr'><strong>εἰς</strong></span> <span class='ocrx_word' id='word_1_429' title='bbox 799 2489 846 2526; x_wconf 79' lang='grc' dir='ltr'><strong>τὴν</strong></span> 
     </span>
    </p>
   </div>
   <div class='ocr_carea' id='block_1_12' title="bbox 909 925 1655 1429">
    <p class='ocr_par' dir='ltr' id='par_1_12' title="bbox 909 925 1655 1429">
     <span class='ocr_line' id='line_1_58' title="bbox 909 925 1646 969; baseline 0.005 -14"><span class='ocrx_word' id='word_1_430' title='bbox 909 927 992 956; x_wconf 81' lang='lat' dir='ltr'><strong>fuere.</strong></span> <span class='ocrx_word' id='word_1_431' title='bbox 1019 925 1176 957; x_wconf 88' lang='lat' dir='ltr'><strong>Exercitum</strong></span> <span class='ocrx_word' id='word_1_432' title='bbox 1197 927 1322 958; x_wconf 85' lang='lat' dir='ltr'><strong>admovet</strong></span> <span class='ocrx_word' id='word_1_433' title='bbox 1342 929 1473 969; x_wconf 86' lang='lat' dir='ltr'><strong>Syrorum</strong></span> <span class='ocrx_word' id='word_1_434' title='bbox 1508 941 1556 959; x_wconf 85' lang='lat' dir='ltr'><strong>rex</strong></span> <span class='ocrx_word' id='word_1_435' title='bbox 1583 941 1646 960; x_wconf 89' lang='lat' dir='ltr'><strong>cum</strong></span> 
     </span>
     <span class='ocr_line' id='line_1_59' title="bbox 909 973 1652 1012; baseline 0.005 -10"><span class='ocrx_word' id='word_1_436' title='bbox 909 973 1038 1003; x_wconf 70' lang='lat' dir='ltr'><strong>Israelitis</strong></span> <span class='ocrx_word' id='word_1_437' title='bbox 1050 980 1141 1003; x_wconf 87' lang='lat' dir='ltr'><strong>contra</strong></span> <span class='ocrx_word' id='word_1_438' title='bbox 1152 975 1341 1012; x_wconf 90' lang='lat' dir='ltr'><strong>Jerusalem‚et</strong></span> <span class='ocrx_word' id='word_1_439' title='bbox 1352 976 1513 1006; x_wconf 84' lang='lat' dir='ltr'><strong>vaticinatur</strong></span> <span class='ocrx_word' id='word_1_440' title='bbox 1522 977 1604 1006; x_wconf 80' lang='lat' dir='ltr'><strong>isaias</strong></span> <span class='ocrx_word' id='word_1_441' title='bbox 1617 977 1652 1006; x_wconf 94' lang='lat' dir='ltr'><strong>de</strong></span> 
     </span>
     <span class='ocr_line' id='line_1_60' title="bbox 909 1018 1653 1061; baseline 0.005 -13"><span class='ocrx_word' id='word_1_442' title='bbox 909 1018 1032 1056; x_wconf 87' lang='lat' dir='ltr'><strong>Christo,</strong></span> <span class='ocrx_word' id='word_1_443' title='bbox 1046 1026 1072 1049; x_wconf 90' lang='lat' dir='ltr'><strong>et</strong></span> <span class='ocrx_word' id='word_1_444' title='bbox 1096 1020 1219 1050; x_wconf 81' lang='lat' dir='ltr'><strong>vastitate</strong></span> <span class='ocrx_word' id='word_1_445' title='bbox 1242 1021 1410 1058; x_wconf 82' lang='lat' dir='ltr'><strong>Jerusalem,</strong></span> <span class='ocrx_word' id='word_1_446' title='bbox 1430 1022 1517 1061; x_wconf 85' lang='lat' dir='ltr'><strong>deque</strong></span> <span class='ocrx_word' id='word_1_447' title='bbox 1544 1033 1653 1052; x_wconf 85' lang='lat' dir='ltr'><strong>ascensu</strong></span> 
     </span>
     <span class='ocr_line' id='line_1_61' title="bbox 909 1064 1649 1106; baseline 0.004 -13"><span class='ocrx_word' id='word_1_448' title='bbox 909 1064 1190 1095; x_wconf 78' lang='lat' dir='ltr'><strong>Nabuchodonosor-is.</strong></span> <span class='ocrx_word' id='word_1_449' title='bbox 1210 1066 1354 1106; x_wconf 72' lang='lat' dir='ltr'><strong>Prophetia</strong></span> <span class='ocrx_word' id='word_1_450' title='bbox 1369 1067 1403 1096; x_wconf 89' lang='lat' dir='ltr'><strong>de</strong></span> <span class='ocrx_word' id='word_1_451' title='bbox 1416 1067 1450 1097; x_wconf 90' lang='lat' dir='ltr'><strong>iis</strong></span> <span class='ocrx_word' id='word_1_452' title='bbox 1463 1068 1511 1105; x_wconf 92' lang='lat' dir='ltr'><strong>qui</strong></span> <span class='ocrx_word' id='word_1_453' title='bbox 1526 1068 1553 1097; x_wconf 92' lang='lat' dir='ltr'><strong>in</strong></span> <span class='ocrx_word' id='word_1_454' title='bbox 1565 1068 1649 1098; x_wconf 90' lang='lat' dir='ltr'><strong>Chri-</strong></span> 
     </span>
     <span class='ocr_line' id='line_1_62' title="bbox 910 1110 1655 1154; baseline 0.008 -16"><span class='ocrx_word' id='word_1_455' title='bbox 910 1116 982 1139; x_wconf 86' lang='lat' dir='ltr'><strong>stum</strong></span> <span class='ocrx_word' id='word_1_456' title='bbox 1004 1110 1133 1141; x_wconf 82' lang='lat' dir='ltr'><strong>credituri</strong></span> <span class='ocrx_word' id='word_1_457' title='bbox 1154 1118 1224 1142; x_wconf 89' lang='lat' dir='ltr'><strong>sunt.</strong></span> <span class='ocrx_word' id='word_1_458' title='bbox 1249 1113 1290 1141; x_wconf 90' lang='lat' dir='ltr'><strong>De</strong></span> <span class='ocrx_word' id='word_1_459' title='bbox 1302 1113 1469 1150; x_wconf 82' lang='lat' dir='ltr'><strong>fortitudine,</strong></span> <span class='ocrx_word' id='word_1_460' title='bbox 1491 1115 1616 1154; x_wconf 80' lang='lat' dir='ltr'><strong>superbia</strong></span> <span class='ocrx_word' id='word_1_461' title='bbox 1629 1122 1655 1144; x_wconf 88' lang='lat' dir='ltr'><strong>et</strong></span> 
     </span>
     <span class='ocr_line' id='line_1_63' title="bbox 910 1157 1654 1198; baseline 0.004 -10"><span class='ocrx_word' id='word_1_462' title='bbox 910 1158 1027 1198; x_wconf 85' lang='lat' dir='ltr'><strong>pernicie</strong></span> <span class='ocrx_word' id='word_1_463' title='bbox 1045 1157 1159 1198; x_wconf 80' lang='lat' dir='ltr'><strong>Assyrii.</strong></span> <span class='ocrx_word' id='word_1_464' title='bbox 1175 1159 1216 1188; x_wconf 90' lang='lat' dir='ltr'><strong>De</strong></span> <span class='ocrx_word' id='word_1_465' title='bbox 1229 1158 1263 1188; x_wconf 84' lang='lat' dir='ltr'><strong>iis</strong></span> <span class='ocrx_word' id='word_1_466' title='bbox 1275 1159 1361 1198; x_wconf 91' lang='lat' dir='ltr'><strong>quiin</strong></span> <span class='ocrx_word' id='word_1_467' title='bbox 1375 1160 1512 1190; x_wconf 89' lang='lat' dir='ltr'><strong>Christum</strong></span> <span class='ocrx_word' id='word_1_468' title='bbox 1528 1161 1654 1191; x_wconf 87' lang='lat' dir='ltr'><strong>credituri</strong></span> 
     </span>
     <span class='ocr_line' id='line_1_64' title="bbox 909 1203 1652 1243; baseline 0.007 -11"><span class='ocrx_word' id='word_1_469' title='bbox 909 1210 981 1240; x_wconf 89' lang='lat' dir='ltr'><strong>sunt,</strong></span> <span class='ocrx_word' id='word_1_470' title='bbox 993 1203 1028 1232; x_wconf 90' lang='lat' dir='ltr'><strong>de</strong></span> <span class='ocrx_word' id='word_1_471' title='bbox 1048 1204 1216 1243; x_wconf 81' lang='lat' dir='ltr'><strong>generatione</strong></span> <span class='ocrx_word' id='word_1_472' title='bbox 1239 1204 1341 1235; x_wconf 90' lang='lat' dir='ltr'><strong>Christi</strong></span> <span class='ocrx_word' id='word_1_473' title='bbox 1355 1206 1503 1235; x_wconf 88' lang='lat' dir='ltr'><strong>secundum</strong></span> <span class='ocrx_word' id='word_1_474' title='bbox 1526 1218 1631 1237; x_wconf 86' lang='lat' dir='ltr'><strong>carnem</strong></span> <span class='ocrx_word' id='word_1_475' title='bbox 1646 1221 1652 1236; x_wconf 89' lang='lat'>:</span> 
     </span>
     <span class='ocr_line' id='line_1_65' title="bbox 909 1248 1655 1283; baseline 0.007 -5"><span class='ocrx_word' id='word_1_476' title='bbox 909 1248 943 1278; x_wconf 90' lang='lat' dir='ltr'><strong>de</strong></span> <span class='ocrx_word' id='word_1_477' title='bbox 956 1249 1160 1279; x_wconf 88' lang='lat' dir='ltr'><strong>mansuetudine</strong></span> <span class='ocrx_word' id='word_1_478' title='bbox 1177 1250 1344 1280; x_wconf 86' lang='lat' dir='ltr'><strong>credentium</strong></span> <span class='ocrx_word' id='word_1_479' title='bbox 1368 1251 1396 1280; x_wconf 91' lang='lat' dir='ltr'><strong>in</strong></span> <span class='ocrx_word' id='word_1_480' title='bbox 1419 1263 1492 1282; x_wconf 91' lang='lat' dir='ltr'><strong>eum.</strong></span> <span class='ocrx_word' id='word_1_481' title='bbox 1508 1254 1655 1283; x_wconf 89' lang='lat' dir='ltr'><strong>Perniciem</strong></span> 
     </span>
     <span class='ocr_line' id='line_1_66' title="bbox 909 1295 1655 1336; baseline 0.005 -11"><span class='ocrx_word' id='word_1_482' title='bbox 909 1296 1056 1336; x_wconf 86' lang='lat' dir='ltr'><strong>Babylonis</strong></span> <span class='ocrx_word' id='word_1_483' title='bbox 1067 1302 1093 1326; x_wconf 90' lang='lat' dir='ltr'><strong>et</strong></span> <span class='ocrx_word' id='word_1_484' title='bbox 1106 1296 1317 1336; x_wconf 82' lang='lat' dir='ltr'><strong>alienigenarum</strong></span> <span class='ocrx_word' id='word_1_485' title='bbox 1328 1297 1500 1328; x_wconf 86' lang='lat' dir='ltr'><strong>vaticinatur.</strong></span> <span class='ocrx_word' id='word_1_486' title='bbox 1522 1295 1655 1329; x_wconf 85' lang='lat' dir='ltr'><strong>Pernicies</strong></span> 
     </span>
     <span class='ocr_line' id='line_1_67' title="bbox 911 1342 1655 1384; baseline 0.005 -13"><span class='ocrx_word' id='word_1_487' title='bbox 911 1342 1105 1372; x_wconf 83' lang='lat' dir='ltr'><strong>Moabitarum.</strong></span> <span class='ocrx_word' id='word_1_488' title='bbox 1117 1343 1159 1372; x_wconf 92' lang='lat' dir='ltr'><strong>De</strong></span> <span class='ocrx_word' id='word_1_489' title='bbox 1171 1343 1280 1373; x_wconf 90' lang='lat' dir='ltr'><strong>Christo</strong></span> <span class='ocrx_word' id='word_1_490' title='bbox 1291 1344 1445 1384; x_wconf 86' lang='lat' dir='ltr'><strong>prophetia.</strong></span> <span class='ocrx_word' id='word_1_491' title='bbox 1459 1345 1592 1375; x_wconf 89' lang='lat' dir='ltr'><strong>Pernicies</strong></span> <span class='ocrx_word' id='word_1_492' title='bbox 1600 1348 1655 1375; x_wconf 88' lang='lat' dir='ltr'><strong>Da-</strong></span> 
     </span>
     <span class='ocr_line' id='line_1_68' title="bbox 910 1388 1655 1429; baseline 0.007 -12"><span class='ocrx_word' id='word_1_493' title='bbox 910 1388 1004 1425; x_wconf 87' lang='lat' dir='ltr'><strong>masci,</strong></span> <span class='ocrx_word' id='word_1_494' title='bbox 1019 1394 1045 1417; x_wconf 90' lang='lat' dir='ltr'><strong>et</strong></span> <span class='ocrx_word' id='word_1_495' title='bbox 1058 1388 1167 1418; x_wconf 67' lang='lat' dir='ltr'><strong>Israellis</strong></span> <span class='ocrx_word' id='word_1_496' title='bbox 1180 1389 1317 1418; x_wconf 89' lang='lat' dir='ltr'><strong>calamitas</strong></span> <span class='ocrx_word' id='word_1_497' title='bbox 1331 1396 1410 1429; x_wconf 83' lang='lat' dir='ltr'><strong>atque</strong></span> <span class='ocrx_word' id='word_1_498' title='bbox 1424 1391 1507 1420; x_wconf 91' lang='lat' dir='ltr'><strong>salus.</strong></span> <span class='ocrx_word' id='word_1_499' title='bbox 1523 1392 1655 1422; x_wconf 88' lang='lat' dir='ltr'><strong>Pernicies</strong></span> 
     </span>
    </p>
   </div>
   <div class='ocr_carea' id='block_1_13' title="bbox 875 1433 1654 1477">
    <p class='ocr_par' dir='ltr' id='par_1_13' title="bbox 875 1433 1654 1477">
     <span class='ocr_line' id='line_1_69' title="bbox 875 1433 1654 1477; baseline 0.006 -15"><span class='ocrx_word' id='word_1_500' title='bbox 875 1436 893 1459; x_wconf 90' lang='lat' dir='ltr'>B</span> <span class='ocrx_word' id='word_1_501' title='bbox 913 1433 1035 1474; x_wconf 80' lang='lat' dir='ltr'><strong>AEgypti.</strong></span> <span class='ocrx_word' id='word_1_502' title='bbox 1048 1435 1099 1464; x_wconf 89' lang='lat' dir='ltr'><strong>Per</strong></span> <span class='ocrx_word' id='word_1_503' title='bbox 1111 1434 1268 1474; x_wconf 80' lang='lat' dir='ltr'><strong>allegoriam</strong></span> <span class='ocrx_word' id='word_1_504' title='bbox 1280 1435 1403 1475; x_wconf 82' lang='lat' dir='ltr'><strong>praedicit</strong></span> <span class='ocrx_word' id='word_1_505' title='bbox 1420 1447 1551 1467; x_wconf 85' lang='lat' dir='ltr'><strong>aerumnas</strong></span> <span class='ocrx_word' id='word_1_506' title='bbox 1566 1438 1654 1477; x_wconf 83' lang='lat' dir='ltr'><strong>genti-</strong></span> 
     </span>
    </p>
   </div>
   <div class='ocr_carea' id='block_1_14' title="bbox 902 1479 1655 2532">
    <p class='ocr_par' dir='ltr' id='par_1_14' title="bbox 902 1479 1655 2532">
     <span class='ocr_line' id='line_1_70' title="bbox 910 1479 1655 1524; baseline 0.007 -16"><span class='ocrx_word' id='word_1_507' title='bbox 910 1479 962 1508; x_wconf 89' lang='lat' dir='ltr'><strong>bus</strong></span> <span class='ocrx_word' id='word_1_508' title='bbox 976 1490 1035 1518; x_wconf 80' lang='lat' dir='ltr'><strong>quae</strong></span> <span class='ocrx_word' id='word_1_509' title='bbox 1046 1480 1163 1510; x_wconf 90' lang='lat' dir='ltr'><strong>Domino</strong></span> <span class='ocrx_word' id='word_1_510' title='bbox 1175 1491 1227 1510; x_wconf 91' lang='lat' dir='ltr'><strong>non</strong></span> <span class='ocrx_word' id='word_1_511' title='bbox 1249 1480 1423 1519; x_wconf 87' lang='lat' dir='ltr'><strong>crediderint,</strong></span> <span class='ocrx_word' id='word_1_512' title='bbox 1438 1490 1464 1512; x_wconf 89' lang='lat' dir='ltr'><strong>et</strong></span> <span class='ocrx_word' id='word_1_513' title='bbox 1475 1482 1510 1512; x_wconf 90' lang='lat' dir='ltr'><strong>de</strong></span> <span class='ocrx_word' id='word_1_514' title='bbox 1520 1483 1655 1524; x_wconf 86' lang='lat' dir='ltr'><strong>impietate</strong></span> 
     </span>
     <span class='ocr_line' id='line_1_71' title="bbox 910 1527 1653 1567; baseline 0.005 -12"><span class='ocrx_word' id='word_1_515' title='bbox 910 1536 1004 1556; x_wconf 89' lang='lat' dir='ltr'><strong>eorum</strong></span> <span class='ocrx_word' id='word_1_516' title='bbox 1016 1527 1195 1567; x_wconf 82' lang='lat' dir='ltr'><strong>profliganda.</strong></span> <span class='ocrx_word' id='word_1_517' title='bbox 1220 1528 1338 1558; x_wconf 88' lang='lat' dir='ltr'><strong>Juhetur</strong></span> <span class='ocrx_word' id='word_1_518' title='bbox 1352 1529 1435 1558; x_wconf 86' lang='lat' dir='ltr'><strong>Isaias</strong></span> <span class='ocrx_word' id='word_1_519' title='bbox 1453 1529 1543 1559; x_wconf 89' lang='lat' dir='ltr'><strong>nudus</strong></span> <span class='ocrx_word' id='word_1_520' title='bbox 1557 1531 1653 1559; x_wconf 88' lang='lat' dir='ltr'><strong>ambu-</strong></span> 
     </span>
     <span class='ocr_line' id='line_1_72' title="bbox 910 1574 1653 1616; baseline 0.005 -14"><span class='ocrx_word' id='word_1_521' title='bbox 910 1574 975 1603; x_wconf 84' lang='lat' dir='ltr'><strong>lare.</strong></span> <span class='ocrx_word' id='word_1_522' title='bbox 998 1574 1107 1604; x_wconf 89' lang='lat' dir='ltr'><strong>Bellum</strong></span> <span class='ocrx_word' id='word_1_523' title='bbox 1125 1575 1272 1605; x_wconf 82' lang='lat' dir='ltr'><strong>Medorum</strong></span> <span class='ocrx_word' id='word_1_524' title='bbox 1284 1583 1310 1605; x_wconf 88' lang='lat' dir='ltr'><strong>et</strong></span> <span class='ocrx_word' id='word_1_525' title='bbox 1331 1576 1543 1616; x_wconf 75' lang='lat' dir='ltr'><strong>Babyloniorum</strong></span> <span class='ocrx_word' id='word_1_526' title='bbox 1563 1584 1653 1606; x_wconf 84' lang='lat' dir='ltr'><strong>contra</strong></span> 
     </span>
     <span class='ocr_line' id='line_1_73' title="bbox 909 1619 1652 1653; baseline 0.004 -4"><span class='ocrx_word' id='word_1_527' title='bbox 909 1619 1055 1650; x_wconf 76' lang='lat' dir='ltr'><strong>Idumaeam</strong></span> <span class='ocrx_word' id='word_1_528' title='bbox 1067 1627 1096 1650; x_wconf 91' lang='lat' dir='ltr'><strong>et</strong></span> <span class='ocrx_word' id='word_1_529' title='bbox 1109 1621 1245 1651; x_wconf 86' lang='lat' dir='ltr'><strong>Arabiam.</strong></span> <span class='ocrx_word' id='word_1_530' title='bbox 1267 1623 1403 1651; x_wconf 85' lang='lat' dir='ltr'><strong>Postrema</strong></span> <span class='ocrx_word' id='word_1_531' title='bbox 1426 1622 1531 1652; x_wconf 90' lang='lat' dir='ltr'><strong>obsidio</strong></span> <span class='ocrx_word' id='word_1_532' title='bbox 1545 1624 1652 1653; x_wconf 85' lang='lat' dir='ltr'><strong>Jeroso-</strong></span> 
     </span>
     <span class='ocr_line' id='line_1_74' title="bbox 910 1665 1653 1708; baseline 0.004 -14"><span class='ocrx_word' id='word_1_533' title='bbox 910 1665 989 1705; x_wconf 84' lang='lat' dir='ltr'><strong>lymae</strong></span> <span class='ocrx_word' id='word_1_534' title='bbox 1002 1677 1017 1695; x_wconf 91' lang='lat' dir='ltr'><strong>a</strong></span> <span class='ocrx_word' id='word_1_535' title='bbox 1036 1666 1310 1697; x_wconf 85' lang='lat' dir='ltr'><strong>Nabuchodonosore.</strong></span> <span class='ocrx_word' id='word_1_536' title='bbox 1330 1667 1471 1697; x_wconf 71' lang='lat' dir='ltr'><strong>Przedictio</strong></span> <span class='ocrx_word' id='word_1_537' title='bbox 1485 1669 1590 1698; x_wconf 74' lang='lat' dir='ltr'><strong>Somnae</strong></span> <span class='ocrx_word' id='word_1_538' title='bbox 1604 1680 1653 1708; x_wconf 88' lang='lat' dir='ltr'><strong>pe-</strong></span> 
     </span>
     <span class='ocr_line' id='line_1_75' title="bbox 910 1711 1652 1754; baseline 0.004 -14"><span class='ocrx_word' id='word_1_539' title='bbox 910 1711 1004 1741; x_wconf 86' lang='lat' dir='ltr'><strong>nuario</strong></span> <span class='ocrx_word' id='word_1_540' title='bbox 1017 1711 1052 1741; x_wconf 86' lang='lat' dir='ltr'><strong>de</strong></span> <span class='ocrx_word' id='word_1_541' title='bbox 1069 1713 1188 1752; x_wconf 83' lang='lat' dir='ltr'><strong>pernicie</strong></span> <span class='ocrx_word' id='word_1_542' title='bbox 1199 1714 1270 1754; x_wconf 90' lang='lat' dir='ltr'><strong>ejus.</strong></span> <span class='ocrx_word' id='word_1_543' title='bbox 1292 1714 1417 1743; x_wconf 88' lang='lat' dir='ltr'><strong>Penuarii</strong></span> <span class='ocrx_word' id='word_1_544' title='bbox 1441 1721 1540 1750; x_wconf 83' lang='lat' dir='ltr'><strong>autem,</strong></span> <span class='ocrx_word' id='word_1_545' title='bbox 1555 1714 1582 1743; x_wconf 91' lang='lat' dir='ltr'><strong>id</strong></span> <span class='ocrx_word' id='word_1_546' title='bbox 1602 1722 1652 1750; x_wconf 86' lang='lat' dir='ltr'><strong>est,</strong></span> 
     </span>
     <span class='ocr_line' id='line_1_76' title="bbox 911 1759 1652 1800; baseline 0.003 -12"><span class='ocrx_word' id='word_1_547' title='bbox 911 1759 1033 1788; x_wconf 90' lang='lat' dir='ltr'><strong>custodes</strong></span> <span class='ocrx_word' id='word_1_548' title='bbox 1056 1759 1230 1799; x_wconf 84' lang='lat' dir='ltr'><strong>pecuniarum</strong></span> <span class='ocrx_word' id='word_1_549' title='bbox 1252 1760 1280 1789; x_wconf 91' lang='lat' dir='ltr'><strong>in</strong></span> <span class='ocrx_word' id='word_1_550' title='bbox 1304 1761 1416 1800; x_wconf 83' lang='lat' dir='ltr'><strong>templo,</strong></span> <span class='ocrx_word' id='word_1_551' title='bbox 1429 1771 1464 1790; x_wconf 82' lang='lat' dir='ltr'><strong>ex</strong></span> <span class='ocrx_word' id='word_1_552' title='bbox 1485 1760 1652 1790; x_wconf 89' lang='lat' dir='ltr'><strong>sacerdotum</strong></span> 
     </span>
     <span class='ocr_line' id='line_1_77' title="bbox 909 1806 1651 1847; baseline 0.003 -13"><span class='ocrx_word' id='word_1_553' title='bbox 909 1815 1020 1835; x_wconf 89' lang='lat' dir='ltr'><strong>numero</strong></span> <span class='ocrx_word' id='word_1_554' title='bbox 1031 1813 1116 1835; x_wconf 87' lang='lat' dir='ltr'><strong>erant.</strong></span> <span class='ocrx_word' id='word_1_555' title='bbox 1130 1806 1266 1836; x_wconf 83' lang='lat' dir='ltr'><strong>Pernicies</strong></span> <span class='ocrx_word' id='word_1_556' title='bbox 1278 1807 1358 1847; x_wconf 83' lang='lat' dir='ltr'><strong>Tyri,</strong></span> <span class='ocrx_word' id='word_1_557' title='bbox 1371 1815 1398 1837; x_wconf 89' lang='lat' dir='ltr'><strong>et</strong></span> <span class='ocrx_word' id='word_1_558' title='bbox 1408 1807 1480 1836; x_wconf 88' lang='lat' dir='ltr'><strong>salus</strong></span> <span class='ocrx_word' id='word_1_559' title='bbox 1491 1814 1592 1847; x_wconf 87' lang='lat' dir='ltr'><strong>postea,</strong></span> <span class='ocrx_word' id='word_1_560' title='bbox 1603 1807 1651 1837; x_wconf 87' lang='lat' dir='ltr'><strong>de-</strong></span> 
     </span>
     <span class='ocr_line' id='line_1_78' title="bbox 907 1851 1651 1893; baseline 0.003 -13"><span class='ocrx_word' id='word_1_561' title='bbox 907 1861 961 1890; x_wconf 89' lang='lat' dir='ltr'><strong>que</strong></span> <span class='ocrx_word' id='word_1_562' title='bbox 980 1851 1108 1881; x_wconf 87' lang='lat' dir='ltr'><strong>Ecclesiis</strong></span> <span class='ocrx_word' id='word_1_563' title='bbox 1135 1852 1290 1892; x_wconf 84' lang='lat' dir='ltr'><strong>allegorice.</strong></span> <span class='ocrx_word' id='word_1_564' title='bbox 1322 1853 1455 1883; x_wconf 87' lang='lat' dir='ltr'><strong>Pernicies</strong></span> <span class='ocrx_word' id='word_1_565' title='bbox 1478 1853 1623 1893; x_wconf 85' lang='lat' dir='ltr'><strong>Babylonis</strong></span> <span class='ocrx_word' id='word_1_566' title='bbox 1636 1865 1651 1882; x_wconf 84' lang='lat' dir='ltr'><strong>a</strong></span> 
     </span>
     <span class='ocr_line' id='line_1_79' title="bbox 908 1898 1651 1940; baseline 0.001 -12"><span class='ocrx_word' id='word_1_567' title='bbox 908 1898 1007 1936; x_wconf 83' lang='lat' dir='ltr'><strong>Medis,</strong></span> <span class='ocrx_word' id='word_1_568' title='bbox 1022 1906 1050 1928; x_wconf 89' lang='lat' dir='ltr'><strong>et</strong></span> <span class='ocrx_word' id='word_1_569' title='bbox 1064 1910 1114 1939; x_wconf 92' lang='lat' dir='ltr'><strong>pro</strong></span> <span class='ocrx_word' id='word_1_570' title='bbox 1127 1899 1174 1929; x_wconf 84' lang='lat' dir='ltr'><strong>illa</strong></span> <span class='ocrx_word' id='word_1_571' title='bbox 1196 1899 1342 1939; x_wconf 84' lang='lat' dir='ltr'><strong>gratiarum</strong></span> <span class='ocrx_word' id='word_1_572' title='bbox 1363 1900 1432 1930; x_wconf 88' lang='lat' dir='ltr'><strong>actio</strong></span> <span class='ocrx_word' id='word_1_573' title='bbox 1456 1901 1513 1930; x_wconf 88' lang='lat' dir='ltr'><strong>Deo</strong></span> <span class='ocrx_word' id='word_1_574' title='bbox 1527 1911 1574 1940; x_wconf 90' lang='lat' dir='ltr'><strong>per</strong></span> <span class='ocrx_word' id='word_1_575' title='bbox 1588 1911 1651 1940; x_wconf 89' lang='lat' dir='ltr'><strong>pro-</strong></span> 
     </span>
     <span class='ocr_line' id='line_1_80' title="bbox 907 1943 1650 1986; baseline 0.001 -12"><span class='ocrx_word' id='word_1_576' title='bbox 907 1943 1023 1984; x_wconf 87' lang='lat' dir='ltr'><strong>phetam.</strong></span> <span class='ocrx_word' id='word_1_577' title='bbox 1049 1946 1192 1986; x_wconf 87' lang='lat' dir='ltr'><strong>Prophetia</strong></span> <span class='ocrx_word' id='word_1_578' title='bbox 1213 1945 1248 1975; x_wconf 90' lang='lat' dir='ltr'><strong>de</strong></span> <span class='ocrx_word' id='word_1_579' title='bbox 1264 1945 1434 1975; x_wconf 89' lang='lat' dir='ltr'><strong>credentibus</strong></span> <span class='ocrx_word' id='word_1_580' title='bbox 1452 1946 1480 1975; x_wconf 93' lang='lat' dir='ltr'><strong>in</strong></span> <span class='ocrx_word' id='word_1_581' title='bbox 1500 1947 1650 1981; x_wconf 88' lang='lat' dir='ltr'><strong>Christum,</strong></span> 
     </span>
     <span class='ocr_line' id='line_1_81' title="bbox 905 1989 1650 2031; baseline 0.003 -12"><span class='ocrx_word' id='word_1_582' title='bbox 905 1989 939 2019; x_wconf 87' lang='lat' dir='ltr'><strong>de</strong></span> <span class='ocrx_word' id='word_1_583' title='bbox 953 1990 1055 2020; x_wconf 86' lang='lat' dir='ltr'><strong>diaboli</strong></span> <span class='ocrx_word' id='word_1_584' title='bbox 1068 1991 1185 2031; x_wconf 88' lang='lat' dir='ltr'><strong>pernicie</strong></span> <span class='ocrx_word' id='word_1_585' title='bbox 1199 2002 1246 2031; x_wconf 91' lang='lat' dir='ltr'><strong>per</strong></span> <span class='ocrx_word' id='word_1_586' title='bbox 1260 1991 1399 2021; x_wconf 83' lang='lat' dir='ltr'><strong>Christum</strong></span> <span class='ocrx_word' id='word_1_587' title='bbox 1413 1999 1487 2031; x_wconf 86' lang='lat' dir='ltr'><strong>parta</strong></span> <span class='ocrx_word' id='word_1_588' title='bbox 1501 2005 1507 2021; x_wconf 75' lang='lat' dir='ltr'><strong><em>z</em></strong></span> <span class='ocrx_word' id='word_1_589' title='bbox 1520 1992 1554 2021; x_wconf 87' lang='lat' dir='ltr'><strong>de</strong></span> <span class='ocrx_word' id='word_1_590' title='bbox 1568 1992 1650 2021; x_wconf 86' lang='lat' dir='ltr'><strong>Chri—</strong></span> 
     </span>
     <span class='ocr_line' id='line_1_82' title="bbox 904 2036 1651 2067; baseline 0.001 -2"><span class='ocrx_word' id='word_1_591' title='bbox 904 2036 938 2065; x_wconf 88' lang='lat' dir='ltr'><strong>sti</strong></span> <span class='ocrx_word' id='word_1_592' title='bbox 957 2037 1104 2066; x_wconf 91' lang='lat' dir='ltr'><strong>secundum</strong></span> <span class='ocrx_word' id='word_1_593' title='bbox 1124 2047 1231 2066; x_wconf 87' lang='lat' dir='ltr'><strong>carnem</strong></span> <span class='ocrx_word' id='word_1_594' title='bbox 1247 2036 1363 2067; x_wconf 83' lang='lat' dir='ltr'><strong>adventu</strong></span> <span class='ocrx_word' id='word_1_595' title='bbox 1376 2049 1384 2066; x_wconf 88' lang='lat'><strong>.·</strong></span> <span class='ocrx_word' id='word_1_596' title='bbox 1397 2037 1432 2066; x_wconf 89' lang='lat' dir='ltr'><strong>de</strong></span> <span class='ocrx_word' id='word_1_597' title='bbox 1448 2037 1502 2067; x_wconf 87' lang='lat' dir='ltr'><strong>fide</strong></span> <span class='ocrx_word' id='word_1_598' title='bbox 1522 2038 1549 2067; x_wconf 90' lang='lat' dir='ltr'><strong>in</strong></span> <span class='ocrx_word' id='word_1_599' title='bbox 1569 2038 1651 2066; x_wconf 85' lang='lat' dir='ltr'><strong>Chri-</strong></span> 
     </span>
     <span class='ocr_line' id='line_1_83' title="bbox 904 2082 1649 2122; baseline 0.001 -12"><span class='ocrx_word' id='word_1_600' title='bbox 904 2089 988 2111; x_wconf 89' lang='lat' dir='ltr'><strong>stum.</strong></span> <span class='ocrx_word' id='word_1_601' title='bbox 1014 2083 1161 2113; x_wconf 86' lang='lat' dir='ltr'><strong>Accusatur</strong></span> <span class='ocrx_word' id='word_1_602' title='bbox 1178 2082 1275 2118; x_wconf 67' lang='lat' dir='ltr'><strong>Israel,</strong></span> <span class='ocrx_word' id='word_1_603' title='bbox 1288 2082 1362 2121; x_wconf 92' lang='lat' dir='ltr'><strong>quod</strong></span> <span class='ocrx_word' id='word_1_604' title='bbox 1381 2093 1456 2122; x_wconf 90' lang='lat' dir='ltr'><strong>spem</strong></span> <span class='ocrx_word' id='word_1_605' title='bbox 1474 2094 1550 2112; x_wconf 89' lang='lat' dir='ltr'><strong>suam</strong></span> <span class='ocrx_word' id='word_1_606' title='bbox 1564 2094 1578 2112; x_wconf 91' lang='lat' dir='ltr'><strong>a</strong></span> <span class='ocrx_word' id='word_1_607' title='bbox 1593 2085 1649 2112; x_wconf 89' lang='lat' dir='ltr'><strong>Deo</strong></span> 
     </span>
     <span class='ocr_line' id='line_1_84' title="bbox 903 2128 1648 2169; baseline 0.001 -12"><span class='ocrx_word' id='word_1_608' title='bbox 903 2128 1032 2165; x_wconf 86' lang='lat' dir='ltr'><strong>avellens,</strong></span> <span class='ocrx_word' id='word_1_609' title='bbox 1047 2129 1123 2159; x_wconf 85' lang='lat' dir='ltr'><strong>illam</strong></span> <span class='ocrx_word' id='word_1_610' title='bbox 1137 2130 1165 2158; x_wconf 93' lang='lat' dir='ltr'><strong>in</strong></span> <span class='ocrx_word' id='word_1_611' title='bbox 1185 2129 1329 2169; x_wconf 81' lang='lat' dir='ltr'><strong>AEgyptios</strong></span> <span class='ocrx_word' id='word_1_612' title='bbox 1349 2128 1513 2158; x_wconf 87' lang='lat' dir='ltr'><strong>transtulerit</strong></span> <span class='ocrx_word' id='word_1_613' title='bbox 1526 2129 1648 2169; x_wconf 85' lang='lat' dir='ltr'><strong>:ipsique</strong></span> 
     </span>
     <span class='ocr_line' id='line_1_85' title="bbox 903 2174 1647 2215; baseline -0.003 -11"><span class='ocrx_word' id='word_1_614' title='bbox 903 2174 974 2211; x_wconf 77' lang='lat' dir='ltr'><strong>mala</strong></span> <span class='ocrx_word' id='word_1_615' title='bbox 983 2175 1207 2215; x_wconf 67' lang='lat' dir='ltr'><strong>praenuntiantur,</strong></span> <span class='ocrx_word' id='word_1_616' title='bbox 1216 2185 1246 2204; x_wconf 92' lang='lat' dir='ltr'><strong>ac</strong></span> <span class='ocrx_word' id='word_1_617' title='bbox 1257 2181 1346 2214; x_wconf 90' lang='lat' dir='ltr'><strong>postea</strong></span> <span class='ocrx_word' id='word_1_618' title='bbox 1357 2185 1398 2203; x_wconf 89' lang='lat' dir='ltr'><strong>res</strong></span> <span class='ocrx_word' id='word_1_619' title='bbox 1409 2174 1647 2203; x_wconf 81' lang='lat' dir='ltr'><strong>secundae.E0dem</strong></span> 
     </span>
     <span class='ocr_line' id='line_1_86' title="bbox 903 2219 1647 2261; baseline 0 -12"><span class='ocrx_word' id='word_1_620' title='bbox 903 2220 963 2249; x_wconf 91' lang='lat' dir='ltr'><strong>loco</strong></span> <span class='ocrx_word' id='word_1_621' title='bbox 989 2220 1130 2261; x_wconf 86' lang='lat' dir='ltr'><strong>prophetia</strong></span> <span class='ocrx_word' id='word_1_622' title='bbox 1149 2220 1265 2249; x_wconf 88' lang='lat' dir='ltr'><strong>habetur</strong></span> <span class='ocrx_word' id='word_1_623' title='bbox 1285 2219 1319 2249; x_wconf 87' lang='lat' dir='ltr'><strong>de</strong></span> <span class='ocrx_word' id='word_1_624' title='bbox 1343 2219 1442 2249; x_wconf 89' lang='lat' dir='ltr'><strong>Christi</strong></span> <span class='ocrx_word' id='word_1_625' title='bbox 1470 2219 1600 2255; x_wconf 78' lang='lat' dir='ltr'><strong>Ecclesia,</strong></span> <span class='ocrx_word' id='word_1_626' title='bbox 1613 2220 1647 2249; x_wconf 89' lang='lat' dir='ltr'><strong>de</strong></span> 
     </span>
     <span class='ocr_line' id='line_1_87' title="bbox 904 2264 1646 2306; baseline -0.003 -10"><span class='ocrx_word' id='word_1_627' title='bbox 904 2266 1076 2296; x_wconf 87' lang='lat' dir='ltr'><strong>conversione</strong></span> <span class='ocrx_word' id='word_1_628' title='bbox 1090 2266 1209 2306; x_wconf 79' lang='lat' dir='ltr'><strong>gentium</strong></span> <span class='ocrx_word' id='word_1_629' title='bbox 1220 2265 1255 2294; x_wconf 88' lang='lat' dir='ltr'><strong>ad</strong></span> <span class='ocrx_word' id='word_1_630' title='bbox 1274 2265 1427 2301; x_wconf 75' lang='lat' dir='ltr'><strong>Christum,</strong></span> <span class='ocrx_word' id='word_1_631' title='bbox 1439 2271 1465 2293; x_wconf 90' lang='lat' dir='ltr'><strong>et</strong></span> <span class='ocrx_word' id='word_1_632' title='bbox 1479 2264 1512 2293; x_wconf 90' lang='lat' dir='ltr'><strong>de</strong></span> <span class='ocrx_word' id='word_1_633' title='bbox 1524 2265 1646 2294; x_wconf 81' lang='lat' dir='ltr'><strong>vastitate</strong></span> 
     </span>
     <span class='ocr_line' id='line_1_88' title="bbox 905 2311 1647 2354; baseline -0.007 -11"><span class='ocrx_word' id='word_1_634' title='bbox 905 2313 1148 2354; x_wconf 83' lang='lat' dir='ltr'><strong>Jerosolymorum.</strong></span> <span class='ocrx_word' id='word_1_635' title='bbox 1163 2315 1204 2343; x_wconf 90' lang='lat' dir='ltr'><strong>De</strong></span> <span class='ocrx_word' id='word_1_636' title='bbox 1213 2312 1340 2342; x_wconf 70' lang='lat' dir='ltr'><strong>Ecclesiae</strong></span> <span class='ocrx_word' id='word_1_637' title='bbox 1350 2311 1471 2346; x_wconf 81' lang='lat' dir='ltr'><strong>historia,</strong></span> <span class='ocrx_word' id='word_1_638' title='bbox 1487 2321 1546 2349; x_wconf 81' lang='lat' dir='ltr'><strong>quae</strong></span> <span class='ocrx_word' id='word_1_639' title='bbox 1559 2311 1647 2350; x_wconf 84' lang='lat' dir='ltr'><strong>primo</strong></span> 
     </span>
     <span class='ocr_line' id='line_1_89' title="bbox 903 2354 1646 2399; baseline -0.005 -12"><span class='ocrx_word' id='word_1_640' title='bbox 903 2365 1047 2399; x_wconf 89' lang='lat' dir='ltr'><strong>conspectu</strong></span> <span class='ocrx_word' id='word_1_641' title='bbox 1068 2358 1215 2389; x_wconf 80' lang='lat' dir='ltr'><strong>Idumaeam</strong></span> <span class='ocrx_word' id='word_1_642' title='bbox 1240 2364 1266 2386; x_wconf 91' lang='lat' dir='ltr'><strong>et</strong></span> <span class='ocrx_word' id='word_1_643' title='bbox 1290 2356 1436 2387; x_wconf 89' lang='lat' dir='ltr'><strong>Jerusalem</strong></span> <span class='ocrx_word' id='word_1_644' title='bbox 1462 2355 1585 2394; x_wconf 83' lang='lat' dir='ltr'><strong>respicit,</strong></span> <span class='ocrx_word' id='word_1_645' title='bbox 1599 2354 1646 2383; x_wconf 85' lang='lat' dir='ltr'><strong>sed</strong></span> 
     </span>
     <span class='ocr_line' id='line_1_90' title="bbox 902 2399 1643 2444; baseline -0.007 -11"><span class='ocrx_word' id='word_1_646' title='bbox 902 2414 951 2444; x_wconf 81' lang='lat' dir='ltr'><strong>per</strong></span> <span class='ocrx_word' id='word_1_647' title='bbox 963 2414 1098 2444; x_wconf 84' lang='lat' dir='ltr'><strong>anagogen</strong></span> <span class='ocrx_word' id='word_1_648' title='bbox 1115 2404 1172 2434; x_wconf 89' lang='lat' dir='ltr'><strong>sive</strong></span> <span class='ocrx_word' id='word_1_649' title='bbox 1184 2402 1377 2438; x_wconf 86' lang='lat' dir='ltr'><strong>reductionem,</strong></span> <span class='ocrx_word' id='word_1_650' title='bbox 1392 2399 1579 2429; x_wconf 83' lang='lat' dir='ltr'><strong>desolationem</strong></span> <span class='ocrx_word' id='word_1_651' title='bbox 1593 2400 1610 2429; x_wconf 93' lang='lat' dir='ltr'><strong>J</strong></span> <span class='ocrx_word' id='word_1_652' title='bbox 1613 2410 1643 2428; x_wconf 92' lang='lat' dir='ltr'><strong>u-</strong></span> 
     </span>
     <span class='ocr_line' id='line_1_91' title="bbox 902 2443 1644 2489; baseline -0.008 -10"><span class='ocrx_word' id='word_1_653' title='bbox 902 2450 1020 2479; x_wconf 86' lang='lat' dir='ltr'><strong>daeorum</strong></span> <span class='ocrx_word' id='word_1_654' title='bbox 1030 2456 1056 2479; x_wconf 90' lang='lat' dir='ltr'><strong>et</strong></span> <span class='ocrx_word' id='word_1_655' title='bbox 1064 2449 1266 2489; x_wconf 89' lang='lat' dir='ltr'><strong>prosperitatem</strong></span> <span class='ocrx_word' id='word_1_656' title='bbox 1275 2445 1401 2476; x_wconf 75' lang='lat' dir='ltr'><strong>Ecclesia:</strong></span> <span class='ocrx_word' id='word_1_657' title='bbox 1410 2443 1518 2473; x_wconf 88' lang='lat' dir='ltr'><strong>Christi.</strong></span> <span class='ocrx_word' id='word_1_658' title='bbox 1528 2444 1644 2473; x_wconf 84' lang='lat' dir='ltr'><strong>Historia</strong></span> 
     </span>
     <span class='ocr_line' id='line_1_92' title="bbox 903 2490 1641 2532; baseline -0.014 -6"><span class='ocrx_word' id='word_1_659' title='bbox 903 2496 937 2526; x_wconf 89' lang='lat' dir='ltr'><strong>de</strong></span> <span class='ocrx_word' id='word_1_660' title='bbox 951 2495 1133 2526; x_wconf 83' lang='lat' dir='ltr'><strong>Senacherim.</strong></span> <span class='ocrx_word' id='word_1_661' title='bbox 1146 2492 1289 2532; x_wconf 58' lang='lat' dir='ltr'><strong>prophetia</strong></span> <span class='ocrx_word' id='word_1_662' title='bbox 1302 2491 1335 2519; x_wconf 90' lang='lat' dir='ltr'><strong>de</strong></span> <span class='ocrx_word' id='word_1_663' title='bbox 1350 2491 1451 2520; x_wconf 87' lang='lat' dir='ltr'><strong>Joanne</strong></span> <span class='ocrx_word' id='word_1_664' title='bbox 1466 2490 1641 2524; x_wconf 73' lang='lat' dir='ltr'><strong>Praecursore,</strong></span> 
     </span>
    </p>
   </div>
   <div class='ocr_carea' id='block_1_15' title="bbox 81 2532 1641 2577">
    <p class='ocr_par' dir='ltr' id='par_1_15' title="bbox 81 2532 1641 2577">
     <span class='ocr_line' id='line_1_93' title="bbox 81 2532 1641 2577; baseline -0.006 -6"><span class='ocrx_word' id='word_1_665' title='bbox 81 2536 229 2574; x_wconf 66' lang='grc' dir='ltr'>Ίδθυμαῖαν</span> <span class='ocrx_word' id='word_1_666' title='bbox 248 2536 293 2565; x_wconf 71' lang='grc' dir='ltr'><strong>καὶ</strong></span> <span class='ocrx_word' id='word_1_667' title='bbox 313 2535 362 2571; x_wconf 67' lang='grc' dir='ltr'>τὴν</span> <span class='ocrx_word' id='word_1_668' title='bbox 377 2534 568 2575; x_wconf 69' lang='grc' dir='ltr'>Ἱὶρθυσαλὴμ,</span> <span class='ocrx_word' id='word_1_669' title='bbox 584 2537 642 2564; x_wconf 70' lang='grc' dir='ltr'>κατ’</span> <span class='ocrx_word' id='word_1_670' title='bbox 665 2535 804 2575; x_wconf 75' lang='grc' dir='ltr'>ἀναγωγὴν</span> <span class='ocrx_word' id='word_1_671' title='bbox 819 2536 846 2566; x_wconf 81' lang='grc' dir='ltr'><strong>δὲ</strong></span> <span class='ocrx_word' id='word_1_672' title='bbox 865 2542 885 2565; x_wconf 82' lang='lat' dir='ltr'>D</span> <span class='ocrx_word' id='word_1_673' title='bbox 903 2547 928 2569; x_wconf 89' lang='lat' dir='ltr'><strong>et</strong></span> <span class='ocrx_word' id='word_1_674' title='bbox 939 2539 973 2568; x_wconf 87' lang='lat' dir='ltr'><strong>de</strong></span> <span class='ocrx_word' id='word_1_675' title='bbox 987 2538 1020 2567; x_wconf 85' lang='lat' dir='ltr'><strong>iis</strong></span> <span class='ocrx_word' id='word_1_676' title='bbox 1033 2538 1080 2577; x_wconf 92' lang='lat' dir='ltr'><strong>qui</strong></span> <span class='ocrx_word' id='word_1_677' title='bbox 1093 2538 1119 2566; x_wconf 90' lang='lat' dir='ltr'><strong>in</strong></span> <span class='ocrx_word' id='word_1_678' title='bbox 1136 2537 1271 2567; x_wconf 89' lang='lat' dir='ltr'><strong>Christum</strong></span> <span class='ocrx_word' id='word_1_679' title='bbox 1286 2532 1412 2562; x_wconf 88' lang='lat' dir='ltr'><strong>credituri</strong></span> <span class='ocrx_word' id='word_1_680' title='bbox 1426 2539 1510 2561; x_wconf 90' lang='lat' dir='ltr'><strong>erant.</strong></span> <span class='ocrx_word' id='word_1_681' title='bbox 1526 2533 1575 2562; x_wconf 88' lang='lat' dir='ltr'><strong>Dei</strong></span> <span class='ocrx_word' id='word_1_682' title='bbox 1590 2544 1641 2572; x_wconf 92' lang='lat' dir='ltr'><strong>po-</strong></span> 
     </span>
    </p>
   </div>
   <div class='ocr_carea' id='block_1_16' title="bbox 79 2580 848 2667">
    <p class='ocr_par' dir='ltr' id='par_1_16' title="bbox 79 2580 848 2667">
     <span class='ocr_line' id='line_1_94' title="bbox 79 2580 847 2621; baseline 0.001 -11"><span class='ocrx_word' id='word_1_683' title='bbox 79 2583 116 2614; x_wconf 82' lang='grc' dir='ltr'><strong>εἷς</strong></span> <span class='ocrx_word' id='word_1_684' title='bbox 129 2581 177 2617; x_wconf 69' lang='grc' dir='ltr'><strong>τὴν</strong></span> <span class='ocrx_word' id='word_1_685' title='bbox 191 2581 302 2621; x_wconf 80' lang='grc' dir='ltr'>ἐρημίαν</span> <span class='ocrx_word' id='word_1_686' title='bbox 316 2582 368 2610; x_wconf 82' lang='grc' dir='ltr'><strong>τῶν</strong></span> <span class='ocrx_word' id='word_1_687' title='bbox 383 2580 525 2615; x_wconf 82' lang='grc' dir='ltr'>Ἰουδαίων,</span> <span class='ocrx_word' id='word_1_688' title='bbox 541 2580 585 2609; x_wconf 79' lang='grc' dir='ltr'><strong>καὶ</strong></span> <span class='ocrx_word' id='word_1_689' title='bbox 596 2582 632 2614; x_wconf 84' lang='grc' dir='ltr'><strong>εἷς</strong></span> <span class='ocrx_word' id='word_1_690' title='bbox 644 2580 692 2616; x_wconf 82' lang='grc' dir='ltr'><strong>τὴν</strong></span> <span class='ocrx_word' id='word_1_691' title='bbox 704 2581 847 2621; x_wconf 77' lang='grc' dir='ltr'>εὐπραγίαν</span> 
     </span>
     <span class='ocr_line' id='line_1_95' title="bbox 80 2625 848 2667; baseline 0 -11"><span class='ocrx_word' id='word_1_692' title='bbox 80 2629 126 2661; x_wconf 76' lang='grc' dir='ltr'>τ’ῆς</span> <span class='ocrx_word' id='word_1_693' title='bbox 146 2630 191 2656; x_wconf 73' lang='grc' dir='ltr'><strong>τοῦ</strong></span> <span class='ocrx_word' id='word_1_694' title='bbox 213 2628 326 2666; x_wconf 75' lang='grc' dir='ltr'>Χριστοῦ</span> <span class='ocrx_word' id='word_1_695' title='bbox 346 2625 518 2661; x_wconf 81' lang='grc' dir='ltr'>Ἐκκλησίας.</span> <span class='ocrx_word' id='word_1_696' title='bbox 535 2625 578 2655; x_wconf 76' lang='grc' dir='ltr'><strong>Τὰ</strong></span> <span class='ocrx_word' id='word_1_697' title='bbox 591 2625 659 2655; x_wconf 77' lang='grc' dir='ltr'>κατὰ</span> <span class='ocrx_word' id='word_1_698' title='bbox 670 2626 713 2655; x_wconf 87' lang='grc' dir='ltr'><strong>τὸν</strong></span> <span class='ocrx_word' id='word_1_699' title='bbox 728 2628 848 2667; x_wconf 65' lang='grc' dir='ltr'>Σεναχη·</span> 
     </span>
    </p>
   </div>
   <div class='ocr_carea' id='block_1_17' title="bbox 904 2575 1643 2664">
    <p class='ocr_par' dir='ltr' id='par_1_17' title="bbox 904 2575 1643 2664">
     <span class='ocr_line' id='line_1_96' title="bbox 904 2575 1643 2615; baseline -0.008 -3"><span class='ocrx_word' id='word_1_700' title='bbox 904 2580 990 2613; x_wconf 72' lang='lat' dir='ltr'><strong>tentiae</strong></span> <span class='ocrx_word' id='word_1_701' title='bbox 1003 2581 1203 2615; x_wconf 75' lang='lat' dir='ltr'><strong>demonstratio,</strong></span> <span class='ocrx_word' id='word_1_702' title='bbox 1219 2586 1245 2607; x_wconf 89' lang='lat' dir='ltr'><strong>et</strong></span> <span class='ocrx_word' id='word_1_703' title='bbox 1257 2576 1387 2606; x_wconf 79' lang='lat' dir='ltr'><strong>accusatio</strong></span> <span class='ocrx_word' id='word_1_704' title='bbox 1401 2575 1517 2612; x_wconf 80' lang='lat' dir='ltr'><strong>Israelis,</strong></span> <span class='ocrx_word' id='word_1_705' title='bbox 1530 2583 1559 2605; x_wconf 89' lang='lat' dir='ltr'><strong>ut</strong></span> <span class='ocrx_word' id='word_1_706' title='bbox 1567 2575 1643 2606; x_wconf 77' lang='lat' dir='ltr'><strong>idola</strong></span> 
     </span>
     <span class='ocr_line' id='line_1_97' title="bbox 904 2619 1643 2664; baseline -0.009 -7"><span class='ocrx_word' id='word_1_707' title='bbox 904 2627 1025 2664; x_wconf 84' lang='lat' dir='ltr'><strong>colentis,</strong></span> <span class='ocrx_word' id='word_1_708' title='bbox 1041 2621 1255 2654; x_wconf 81' lang='lat' dir='ltr'><strong>commemoratio</strong></span> <span class='ocrx_word' id='word_1_709' title='bbox 1275 2619 1464 2649; x_wconf 78' lang='lat' dir='ltr'><strong>beneficiorum</strong></span> <span class='ocrx_word' id='word_1_710' title='bbox 1475 2620 1576 2659; x_wconf 88' lang='lat' dir='ltr'><strong>populo</strong></span> <span class='ocrx_word' id='word_1_711' title='bbox 1588 2621 1643 2650; x_wconf 87' lang='lat' dir='ltr'><strong>col-</strong></span> 
     </span>
    </p>
   </div>
  </div>
 </body>
</html>
