<?xml version="1.0" encoding="UTF-8"?>
<!DOCTYPE html PUBLIC "-//W3C//DTD XHTML 1.0 Transitional//EN"
    "http://www.w3.org/TR/xhtml1/DTD/xhtml1-transitional.dtd">
<html xmlns="http://www.w3.org/1999/xhtml" xml:lang="en" lang="en">
 <head>
  <title>
</title>
<meta http-equiv="Content-Type" content="text/html;charset=utf-8" />
  <meta name='ocr-system' content='tesseract 3.04.00' />
  <meta name='ocr-capabilities' content='ocr_page ocr_carea ocr_par ocr_line ocrx_word'/>
</head>
<body>
  <div class='ocr_page' id='page_1' title='image "./operaomniaquaeex06johnuoft_0627.png"; bbox 0 0 1890 2826; ppageno 0'>
   <div class='ocr_carea' id='block_1_1' title="bbox 675 163 1118 194">
    <p class='ocr_par' dir='ltr' id='par_1_1' title="bbox 675 163 1118 194">
     <span class='ocr_line' id='line_1_1' title="bbox 675 163 1118 194; baseline -0.007 -5"><span class='ocrx_word' id='word_1_1' title='bbox 675 167 730 194; x_wconf 75' lang='lat' dir='ltr'><strong>,nl-2</strong></span> <span class='ocrx_word' id='word_1_2' title='bbox 757 164 930 189; x_wconf 74' lang='lat' dir='ltr'>SERPENTE</span> <span class='ocrx_word' id='word_1_3' title='bbox 957 163 1103 187; x_wconf 70' lang='lat' dir='ltr'><strong>qulLlA</strong></span> <span class='ocrx_word' id='word_1_4' title='bbox 1110 177 1118 186; x_wconf 82' lang='lat'><strong>.</strong></span> 
     </span>
    </p>
   </div>
   <div class='ocr_carea' id='block_1_2' title="bbox 117 225 892 547">
    <p class='ocr_par' dir='ltr' id='par_1_2' title="bbox 117 225 892 547">
     <span class='ocr_line' id='line_1_2' title="bbox 117 225 892 269; baseline -0.015 -3"><span class='ocrx_word' id='word_1_5' title='bbox 117 233 302 269; x_wconf 81' lang='grc' dir='ltr'>συνδοξάζεσθα</span> <span class='ocrx_word' id='word_1_6' title='bbox 306 245 324 269; x_wconf 91' lang='grc' dir='ltr'>ι,</span> <span class='ocrx_word' id='word_1_7' title='bbox 331 231 400 262; x_wconf 76' lang='grc' dir='ltr'>ἀλλὰ</span> <span class='ocrx_word' id='word_1_8' title='bbox 408 231 457 268; x_wconf 78' lang='grc' dir='ltr'>τὴν</span> <span class='ocrx_word' id='word_1_9' title='bbox 468 230 590 260; x_wconf 77' lang='grc' dir='ltr'>ἀσέὸειαν</span> <span class='ocrx_word' id='word_1_10' title='bbox 597 228 806 268; x_wconf 81' lang='grc' dir='ltr'>ἐλέγχοντεςτῶν</span> <span class='ocrx_word' id='word_1_11' title='bbox 818 225 892 264; x_wconf 44' lang='grc' dir='ltr'>μηδὲ,</span> 
     </span>
     <span class='ocr_line' id='line_1_3' title="bbox 117 270 886 317; baseline -0.014 -6"><span class='ocrx_word' id='word_1_12' title='bbox 117 283 239 311; x_wconf 71' lang='grc' dir='ltr'>τοσοῦτον</span> <span class='ocrx_word' id='word_1_13' title='bbox 252 277 392 317; x_wconf 73' lang='grc' dir='ltr'>ἀπονέμειν</span> <span class='ocrx_word' id='word_1_14' title='bbox 405 275 580 317; x_wconf 76' lang='grc' dir='ltr'>ἀνεχομένων.</span> <span class='ocrx_word' id='word_1_15' title='bbox 592 274 683 307; x_wconf 84' lang='grc' dir='ltr'>Ἴλεως</span> <span class='ocrx_word' id='word_1_16' title='bbox 696 272 723 303; x_wconf 79' lang='grc' dir='ltr'>δὲ</span> <span class='ocrx_word' id='word_1_17' title='bbox 734 275 799 311; x_wconf 83' lang='grc' dir='ltr'>ἡμῖν</span> <span class='ocrx_word' id='word_1_18' title='bbox 807 294 815 308; x_wconf 92' lang='grc'>,</span> <span class='ocrx_word' id='word_1_19' title='bbox 828 270 886 300; x_wconf 79' lang='grc' dir='ltr'>Κύ-</span> 
     </span>
     <span class='ocr_line' id='line_1_4' title="bbox 119 317 886 367; baseline -0.014 -11"><span class='ocrx_word' id='word_1_20' title='bbox 119 338 169 367; x_wconf 81' lang='grc' dir='ltr'>ριε,</span> <span class='ocrx_word' id='word_1_21' title='bbox 190 317 299 358; x_wconf 58' lang='lat' dir='ltr'><strong>taitok</strong></span> <span class='ocrx_word' id='word_1_22' title='bbox 316 322 486 362; x_wconf 78' lang='grc' dir='ltr'>λαλουμένοις</span> <span class='ocrx_word' id='word_1_23' title='bbox 498 321 562 357; x_wconf 83' lang='grc' dir='ltr'>εἴης.</span> <span class='ocrx_word' id='word_1_24' title='bbox 577 320 642 350; x_wconf 65' lang='lat' dir='ltr'><strong>“Otr</strong></span> <span class='ocrx_word' id='word_1_25' title='bbox 655 318 703 349; x_wconf 78' lang='grc' dir='ltr'>κᾶν</span> <span class='ocrx_word' id='word_1_26' title='bbox 718 318 798 358; x_wconf 69' lang='grc' dir='ltr'>μέχρι</span> <span class='ocrx_word' id='word_1_27' title='bbox 807 318 886 357; x_wconf 78' lang='grc' dir='ltr'>ψιλῆς</span> 
     </span>
     <span class='ocr_line' id='line_1_5' title="bbox 117 363 886 406; baseline -0.012 -5"><span class='ocrx_word' id='word_1_28' title='bbox 117 371 163 401; x_wconf 80' lang='grc' dir='ltr'>καὶ</span> <span class='ocrx_word' id='word_1_29' title='bbox 176 369 330 400; x_wconf 83' lang='grc' dir='ltr'>ἐπιπολαίου</span> <span class='ocrx_word' id='word_1_30' title='bbox 345 368 440 403; x_wconf 79' lang='grc' dir='ltr'>λέξεως</span> <span class='ocrx_word' id='word_1_31' title='bbox 465 369 635 406; x_wconf 82' lang='grc' dir='ltr'>δευτεροῢμεν</span> <span class='ocrx_word' id='word_1_32' title='bbox 650 366 685 395; x_wconf 82' lang='grc' dir='ltr'>τὰ</span> <span class='ocrx_word' id='word_1_33' title='bbox 705 367 758 394; x_wconf 80' lang='grc' dir='ltr'>τῶν</span> <span class='ocrx_word' id='word_1_34' title='bbox 783 363 886 399; x_wconf 72' lang='grc' dir='ltr'>ἀσεὸῶν</span> 
     </span>
     <span class='ocr_line' id='line_1_6' title="bbox 119 408 886 457; baseline -0.012 -11"><span class='ocrx_word' id='word_1_35' title='bbox 119 417 241 457; x_wconf 77' lang='grc' dir='ltr'>ῥήματα,</span> <span class='ocrx_word' id='word_1_36' title='bbox 256 417 313 445; x_wconf 84' lang='grc' dir='ltr'>ἀλλ’</span> <span class='ocrx_word' id='word_1_37' title='bbox 325 414 396 454; x_wconf 75' lang='grc' dir='ltr'>ὅμως</span> <span class='ocrx_word' id='word_1_38' title='bbox 410 414 514 454; x_wconf 72' lang='grc' dir='ltr'>μηδεὶς,</span> <span class='ocrx_word' id='word_1_39' title='bbox 530 412 652 452; x_wconf 77' lang='grc' dir='ltr'>ἀδελφοὶ,</span> <span class='ocrx_word' id='word_1_40' title='bbox 663 410 798 450; x_wconf 83' lang='grc' dir='ltr'>νομισάτω</span> <span class='ocrx_word' id='word_1_41' title='bbox 811 408 886 448; x_wconf 78' lang='grc' dir='ltr'>ὕὸριν</span> 
     </span>
     <span class='ocr_line' id='line_1_7' title="bbox 118 455 885 501; baseline -0.01 -9"><span class='ocrx_word' id='word_1_42' title='bbox 118 458 186 492; x_wconf 71' lang='grc' dir='ltr'>εἶναι</span> <span class='ocrx_word' id='word_1_43' title='bbox 202 464 248 491; x_wconf 81' lang='grc' dir='ltr'>τοῦ</span> <span class='ocrx_word' id='word_1_44' title='bbox 267 461 342 501; x_wconf 80' lang='grc' dir='ltr'>ἁγίου</span> <span class='ocrx_word' id='word_1_45' title='bbox 355 460 512 499; x_wconf 83' lang='grc' dir='ltr'>Πνεύματος</span> <span class='ocrx_word' id='word_1_46' title='bbox 525 458 556 488; x_wconf 84' lang='grc' dir='ltr'>τὸ</span> <span class='ocrx_word' id='word_1_47' title='bbox 569 459 751 498; x_wconf 81' lang='grc' dir='ltr'>δευτεροῢσθαι</span> <span class='ocrx_word' id='word_1_48' title='bbox 763 455 810 489; x_wconf 76' lang='grc' dir='ltr'>τὰς</span> <span class='ocrx_word' id='word_1_49' title='bbox 822 457 885 495; x_wconf 84' lang='grc' dir='ltr'>παρ’</span> 
     </span>
     <span class='ocr_line' id='line_1_8' title="bbox 118 500 889 547; baseline -0.01 -10"><span class='ocrx_word' id='word_1_50' title='bbox 118 506 224 538; x_wconf 72' lang='grc' dir='ltr'>ἐκείνων</span> <span class='ocrx_word' id='word_1_51' title='bbox 236 506 333 547; x_wconf 71' lang='grc' dir='ltr'>ὗὸρεις.</span> <span class='ocrx_word' id='word_1_52' title='bbox 346 505 458 544; x_wconf 86' lang='grc' dir='ltr'>Ἄγομεν</span> <span class='ocrx_word' id='word_1_53' title='bbox 470 505 522 544; x_wconf 77' lang='grc' dir='ltr'>γὰρ</span> <span class='ocrx_word' id='word_1_54' title='bbox 536 504 616 537; x_wconf 85' lang='grc' dir='ltr'>αὖτὰς</span> <span class='ocrx_word' id='word_1_55' title='bbox 629 505 666 536; x_wconf 83' lang='grc' dir='ltr'>εἰς</span> <span class='ocrx_word' id='word_1_56' title='bbox 680 502 759 541; x_wconf 77' lang='grc' dir='ltr'>μέσον</span> <span class='ocrx_word' id='word_1_57' title='bbox 767 523 775 536; x_wconf 93' lang='grc'>,</span> <span class='ocrx_word' id='word_1_58' title='bbox 788 500 833 530; x_wconf 77' lang='grc' dir='ltr'>καὶ</span> <span class='ocrx_word' id='word_1_59' title='bbox 845 500 889 529; x_wconf 84' lang='grc' dir='ltr'>λέ·-</span> 
     </span>
    </p>
   </div>
   <div class='ocr_carea' id='block_1_3' title="bbox 1608 146 1678 194">
    <p class='ocr_par' dir='ltr' id='par_1_3' title="bbox 1608 146 1678 194">
     <span class='ocr_line' id='line_1_9' title="bbox 1608 146 1678 194; baseline 0 -13"><span class='ocrx_word' id='word_1_60' title='bbox 1608 146 1678 194; x_wconf 83' lang='lat'>6⁰7</span> 
     </span>
    </p>
   </div>
   <div class='ocr_carea' id='block_1_4' title="bbox 940 222 1685 540">
    <p class='ocr_par' dir='ltr' id='par_1_4' title="bbox 940 222 1685 540">
     <span class='ocr_line' id='line_1_10' title="bbox 942 222 1682 264; baseline -0.004 -10"><span class='ocrx_word' id='word_1_61' title='bbox 942 225 1012 261; x_wconf 87' lang='lat' dir='ltr'><strong>cari,</strong></span> <span class='ocrx_word' id='word_1_62' title='bbox 1028 231 1059 254; x_wconf 89' lang='lat' dir='ltr'>ut</span> <span class='ocrx_word' id='word_1_63' title='bbox 1071 235 1119 254; x_wconf 90' lang='lat' dir='ltr'>nos</span> <span class='ocrx_word' id='word_1_64' title='bbox 1138 223 1386 264; x_wconf 68' lang='lat' dir='ltr'><strong>conglorificemur,</strong></span> <span class='ocrx_word' id='word_1_65' title='bbox 1404 223 1452 253; x_wconf 89' lang='lat' dir='ltr'>sed</span> <span class='ocrx_word' id='word_1_66' title='bbox 1471 229 1499 252; x_wconf 89' lang='lat' dir='ltr'>ut</span> <span class='ocrx_word' id='word_1_67' title='bbox 1519 222 1682 262; x_wconf 74' lang='lat' dir='ltr'><strong>impietatem</strong></span> 
     </span>
     <span class='ocr_line' id='line_1_11' title="bbox 941 268 1682 309; baseline -0.005 -8"><span class='ocrx_word' id='word_1_68' title='bbox 941 282 1033 302; x_wconf 87' lang='lat' dir='ltr'><strong>eorum</strong></span> <span class='ocrx_word' id='word_1_69' title='bbox 1053 272 1236 308; x_wconf 77' lang='lat' dir='ltr'><strong>confutemus,</strong></span> <span class='ocrx_word' id='word_1_70' title='bbox 1252 271 1300 309; x_wconf 93' lang='lat' dir='ltr'>qui</span> <span class='ocrx_word' id='word_1_71' title='bbox 1320 281 1368 300; x_wconf 82' lang='lat' dir='ltr'>nee</span> <span class='ocrx_word' id='word_1_72' title='bbox 1389 277 1492 300; x_wconf 87' lang='lat' dir='ltr'><strong>tantum</strong></span> <span class='ocrx_word' id='word_1_73' title='bbox 1505 269 1615 308; x_wconf 90' lang='lat' dir='ltr'><strong>quidem</strong></span> <span class='ocrx_word' id='word_1_74' title='bbox 1629 268 1682 308; x_wconf 88' lang='lat' dir='ltr'><strong>ipsi</strong></span> 
     </span>
     <span class='ocr_line' id='line_1_12' title="bbox 940 314 1682 356; baseline -0.004 -10"><span class='ocrx_word' id='word_1_75' title='bbox 940 317 1059 347; x_wconf 86' lang='lat' dir='ltr'><strong>tribuere</strong></span> <span class='ocrx_word' id='word_1_76' title='bbox 1072 317 1226 356; x_wconf 84' lang='lat' dir='ltr'><strong>dignantur.</strong></span> <span class='ocrx_word' id='word_1_77' title='bbox 1245 316 1381 356; x_wconf 80' lang='lat' dir='ltr'>Propitius</span> <span class='ocrx_word' id='word_1_78' title='bbox 1395 316 1431 345; x_wconf 92' lang='lat' dir='ltr'>sis</span> <span class='ocrx_word' id='word_1_79' title='bbox 1450 315 1537 353; x_wconf 90' lang='lat' dir='ltr'><strong>nobis,</strong></span> <span class='ocrx_word' id='word_1_80' title='bbox 1556 314 1682 350; x_wconf 78' lang='lat' dir='ltr'>Domine,</span> 
     </span>
     <span class='ocr_line' id='line_1_13' title="bbox 940 359 1683 402; baseline -0.005 -10"><span class='ocrx_word' id='word_1_81' title='bbox 940 363 1011 392; x_wconf 83' lang='lat' dir='ltr'><strong>circa</strong></span> <span class='ocrx_word' id='word_1_82' title='bbox 1030 374 1061 392; x_wconf 91' lang='lat' dir='ltr'>ea</span> <span class='ocrx_word' id='word_1_83' title='bbox 1074 373 1133 402; x_wconf 85' lang='lat' dir='ltr'><strong>quae</strong></span> <span class='ocrx_word' id='word_1_84' title='bbox 1150 362 1281 391; x_wconf 74' lang='lat' dir='ltr'><strong>diximus.</strong></span> <span class='ocrx_word' id='word_1_85' title='bbox 1297 362 1372 391; x_wconf 84' lang='lat' dir='ltr'>Licet</span> <span class='ocrx_word' id='word_1_86' title='bbox 1392 362 1464 391; x_wconf 87' lang='lat' dir='ltr'><strong>enim</strong></span> <span class='ocrx_word' id='word_1_87' title='bbox 1478 360 1625 400; x_wconf 88' lang='lat' dir='ltr'><strong>impiorum</strong></span> <span class='ocrx_word' id='word_1_88' title='bbox 1637 359 1683 389; x_wconf 85' lang='lat' dir='ltr'>di-</span> 
     </span>
     <span class='ocr_line' id='line_1_14' title="bbox 941 407 1684 448; baseline -0.003 -11"><span class='ocrx_word' id='word_1_89' title='bbox 941 415 982 438; x_wconf 85' lang='lat' dir='ltr'>cta</span> <span class='ocrx_word' id='word_1_90' title='bbox 995 408 1153 448; x_wconf 86' lang='lat' dir='ltr'><strong>simpliciter</strong></span> <span class='ocrx_word' id='word_1_91' title='bbox 1166 414 1192 437; x_wconf 86' lang='lat' dir='ltr'>et</span> <span class='ocrx_word' id='word_1_92' title='bbox 1210 408 1355 437; x_wconf 84' lang='lat' dir='ltr'><strong>verborum</strong></span> <span class='ocrx_word' id='word_1_93' title='bbox 1368 409 1446 436; x_wconf 77' lang='lat' dir='ltr'><strong>tenus</strong></span> <span class='ocrx_word' id='word_1_94' title='bbox 1461 407 1564 436; x_wconf 83' lang='lat' dir='ltr'><strong>tautum</strong></span> <span class='ocrx_word' id='word_1_95' title='bbox 1580 413 1684 446; x_wconf 87' lang='lat' dir='ltr'><strong>repeta-</strong></span> 
     </span>
     <span class='ocr_line' id='line_1_15' title="bbox 942 453 1685 493; baseline -0.001 -10"><span class='ocrx_word' id='word_1_96' title='bbox 942 465 1013 490; x_wconf 85' lang='lat' dir='ltr'>mus,</span> <span class='ocrx_word' id='word_1_97' title='bbox 1027 461 1142 483; x_wconf 80' lang='lat' dir='ltr'>attamen</span> <span class='ocrx_word' id='word_1_98' title='bbox 1156 464 1245 490; x_wconf 88' lang='lat' dir='ltr'><strong>nemo,</strong></span> <span class='ocrx_word' id='word_1_99' title='bbox 1260 454 1365 489; x_wconf 83' lang='lat' dir='ltr'><strong>fratres,</strong></span> <span class='ocrx_word' id='word_1_100' title='bbox 1383 460 1458 493; x_wconf 86' lang='lat' dir='ltr'><strong>putet</strong></span> <span class='ocrx_word' id='word_1_101' title='bbox 1469 453 1533 482; x_wconf 89' lang='lat' dir='ltr'><strong>hinc</strong></span> <span class='ocrx_word' id='word_1_102' title='bbox 1546 460 1685 484; x_wconf 83' lang='lat' dir='ltr'><strong>contume-</strong></span> 
     </span>
     <span class='ocr_line' id='line_1_16' title="bbox 941 498 1684 540; baseline -0.001 -11"><span class='ocrx_word' id='word_1_103' title='bbox 941 499 1007 529; x_wconf 87' lang='lat' dir='ltr'><strong>liam</strong></span> <span class='ocrx_word' id='word_1_104' title='bbox 1025 499 1139 540; x_wconf 85' lang='lat' dir='ltr'><strong>Spiritui</strong></span> <span class='ocrx_word' id='word_1_105' title='bbox 1161 506 1252 528; x_wconf 87' lang='lat' dir='ltr'><strong>sancto</strong></span> <span class='ocrx_word' id='word_1_106' title='bbox 1266 499 1375 534; x_wconf 80' lang='lat' dir='ltr'><strong>inferri,</strong></span> <span class='ocrx_word' id='word_1_107' title='bbox 1392 498 1465 537; x_wconf 86' lang='lat' dir='ltr'><strong>quod</strong></span> <span class='ocrx_word' id='word_1_108' title='bbox 1482 509 1575 528; x_wconf 89' lang='lat' dir='ltr'><strong>eorum</strong></span> <span class='ocrx_word' id='word_1_109' title='bbox 1589 506 1684 528; x_wconf 89' lang='lat' dir='ltr'><strong>coutu-</strong></span> 
     </span>
    </p>
   </div>
   <div class='ocr_carea' id='block_1_5' title="bbox 119 545 1704 636">
    <p class='ocr_par' dir='ltr' id='par_1_5' title="bbox 119 545 1704 636">
     <span class='ocr_line' id='line_1_17' title="bbox 119 545 1704 592; baseline -0.006 -9"><span class='ocrx_word' id='word_1_110' title='bbox 119 565 214 592; x_wconf 90' lang='grc' dir='ltr'>γομεν,</span> <span class='ocrx_word' id='word_1_111' title='bbox 224 554 254 582; x_wconf 81' lang='grc' dir='ltr'>οὗ</span> <span class='ocrx_word' id='word_1_112' title='bbox 266 551 488 590; x_wconf 85' lang='grc' dir='ltr'>συνδιατιθέμενοι</span> <span class='ocrx_word' id='word_1_113' title='bbox 498 551 532 589; x_wconf 70' lang='grc' dir='ltr'>τῇ</span> <span class='ocrx_word' id='word_1_114' title='bbox 547 548 664 588; x_wconf 74' lang='grc' dir='ltr'>ἀσεὸείᾳ,</span> <span class='ocrx_word' id='word_1_115' title='bbox 679 547 747 577; x_wconf 74' lang='grc' dir='ltr'>ἀλλὰ</span> <span class='ocrx_word' id='word_1_116' title='bbox 760 546 808 582; x_wconf 82' lang='grc' dir='ltr'>τὴν</span> <span class='ocrx_word' id='word_1_117' title='bbox 818 545 887 575; x_wconf 80' lang='grc' dir='ltr'>πλά-</span> <span class='ocrx_word' id='word_1_118' title='bbox 898 572 934 591; x_wconf 75' lang='lat'>521</span> <span class='ocrx_word' id='word_1_119' title='bbox 945 546 1210 586; x_wconf 49' lang='lat' dir='ltr'><strong>meliaeaerepetantur.</strong></span> <span class='ocrx_word' id='word_1_120' title='bbox 1230 545 1293 575; x_wconf 83' lang='lat' dir='ltr'><strong>lllas</strong></span> <span class='ocrx_word' id='word_1_121' title='bbox 1307 545 1377 574; x_wconf 86' lang='lat' dir='ltr'><strong>enim</strong></span> <span class='ocrx_word' id='word_1_122' title='bbox 1393 545 1420 574; x_wconf 92' lang='lat' dir='ltr'>in</span> <span class='ocrx_word' id='word_1_123' title='bbox 1437 545 1557 574; x_wconf 85' lang='lat' dir='ltr'><strong>medium</strong></span> <span class='ocrx_word' id='word_1_124' title='bbox 1572 545 1686 585; x_wconf 81' lang='lat' dir='ltr'><strong>proferi-</strong></span> <span class='ocrx_word' id='word_1_125' title='bbox 1698 552 1704 559; x_wconf 91' lang='lat'><strong><em>‘</em></strong></span> 
     </span>
     <span class='ocr_line' id='line_1_18' title="bbox 119 591 1687 636; baseline -0.006 -7"><span class='ocrx_word' id='word_1_126' title='bbox 119 611 168 636; x_wconf 78' lang='grc' dir='ltr'>νην</span> <span class='ocrx_word' id='word_1_127' title='bbox 176 598 387 635; x_wconf 74' lang='grc' dir='ltr'>στηλιτεύοντες,</span> <span class='ocrx_word' id='word_1_128' title='bbox 401 596 447 627; x_wconf 84' lang='grc' dir='ltr'>καὶ</span> <span class='ocrx_word' id='word_1_129' title='bbox 458 596 518 629; x_wconf 73' lang='grc' dir='ltr'>τοὺς</span> <span class='ocrx_word' id='word_1_130' title='bbox 531 594 688 635; x_wconf 72' lang='grc' dir='ltr'>συντρόφους</span> <span class='ocrx_word' id='word_1_131' title='bbox 698 595 745 629; x_wconf 84' lang='grc' dir='ltr'>τ’ῆς</span> <span class='ocrx_word' id='word_1_132' title='bbox 757 591 890 625; x_wconf 77' lang='grc' dir='ltr'>εὔσεὸείας</span> <span class='ocrx_word' id='word_1_133' title='bbox 906 600 926 622; x_wconf 80' lang='grc' dir='ltr'><strong>Δ</strong></span> <span class='ocrx_word' id='word_1_134' title='bbox 944 604 1015 630; x_wconf 89' lang='lat' dir='ltr'><strong>mus,</strong></span> <span class='ocrx_word' id='word_1_135' title='bbox 1027 603 1082 623; x_wconf 88' lang='lat' dir='ltr'>non</span> <span class='ocrx_word' id='word_1_136' title='bbox 1091 599 1121 622; x_wconf 90' lang='lat' dir='ltr'>ut</span> <span class='ocrx_word' id='word_1_137' title='bbox 1131 591 1261 632; x_wconf 76' lang='lat' dir='ltr'><strong>impietati</strong></span> <span class='ocrx_word' id='word_1_138' title='bbox 1270 592 1456 628; x_wconf 79' lang='lat' dir='ltr'><strong>assentiamur,</strong></span> <span class='ocrx_word' id='word_1_139' title='bbox 1468 591 1515 620; x_wconf 89' lang='lat' dir='ltr'>sed</span> <span class='ocrx_word' id='word_1_140' title='bbox 1527 598 1556 620; x_wconf 89' lang='lat' dir='ltr'>ut</span> <span class='ocrx_word' id='word_1_141' title='bbox 1569 601 1687 621; x_wconf 84' lang='lat' dir='ltr'><strong>errorem</strong></span> 
     </span>
    </p>
   </div>
   <div class='ocr_carea' id='block_1_6' title="bbox 120 638 908 2503">
    <p class='ocr_par' dir='ltr' id='par_1_6' title="bbox 120 638 908 2503">
     <span class='ocr_line' id='line_1_19' title="bbox 120 638 890 684; baseline -0.01 -10"><span class='ocrx_word' id='word_1_142' title='bbox 120 646 174 674; x_wconf 77' lang='grc' dir='ltr'>τῶν</span> <span class='ocrx_word' id='word_1_143' title='bbox 188 646 309 684; x_wconf 80' lang='grc' dir='ltr'>πονηρῶν</span> <span class='ocrx_word' id='word_1_144' title='bbox 325 642 462 683; x_wconf 79' lang='grc' dir='ltr'>δογμάτων</span> <span class='ocrx_word' id='word_1_145' title='bbox 476 641 693 680; x_wconf 82' lang='grc' dir='ltr'>ἀποτειχίζοντες.</span> <span class='ocrx_word' id='word_1_146' title='bbox 714 638 767 668; x_wconf 74' lang='grc' dir='ltr'>Καὶ</span> <span class='ocrx_word' id='word_1_147' title='bbox 787 638 839 678; x_wconf 82' lang='grc' dir='ltr'>γὰρ</span> <span class='ocrx_word' id='word_1_148' title='bbox 865 639 890 667; x_wconf 78' lang='grc' dir='ltr'>οἱ</span> 
     </span>
     <span class='ocr_line' id='line_1_20' title="bbox 123 684 890 729; baseline -0.01 -9"><span class='ocrx_word' id='word_1_149' title='bbox 123 691 267 720; x_wconf 82' lang='grc' dir='ltr'>ἀπόστολοι</span> <span class='ocrx_word' id='word_1_150' title='bbox 288 690 443 729; x_wconf 78' lang='grc' dir='ltr'>ἀγαπῶντες</span> <span class='ocrx_word' id='word_1_151' title='bbox 454 688 498 717; x_wconf 82' lang='grc' dir='ltr'>τὸν</span> <span class='ocrx_word' id='word_1_152' title='bbox 513 686 624 727; x_wconf 81' lang='grc' dir='ltr'>Κύριον,</span> <span class='ocrx_word' id='word_1_153' title='bbox 644 685 690 715; x_wconf 71' lang='grc' dir='ltr'>καὶ</span> <span class='ocrx_word' id='word_1_154' title='bbox 703 684 800 717; x_wconf 78' lang='grc' dir='ltr'>ἰδόντες</span> <span class='ocrx_word' id='word_1_155' title='bbox 811 685 890 713; x_wconf 77' lang='grc' dir='ltr'>αὐτοῦ</span> 
     </span>
     <span class='ocr_line' id='line_1_21' title="bbox 123 730 893 772; baseline -0.01 -6"><span class='ocrx_word' id='word_1_156' title='bbox 123 736 170 772; x_wconf 83' lang='grc' dir='ltr'>τὴν</span> <span class='ocrx_word' id='word_1_157' title='bbox 185 735 277 772; x_wconf 84' lang='grc' dir='ltr'>ἀξίαν,</span> <span class='ocrx_word' id='word_1_158' title='bbox 301 735 350 764; x_wconf 78' lang='grc' dir='ltr'>οὐκ</span> <span class='ocrx_word' id='word_1_159' title='bbox 362 733 485 769; x_wconf 80' lang='grc' dir='ltr'>ὤκνησαν</span> <span class='ocrx_word' id='word_1_160' title='bbox 498 732 603 766; x_wconf 77' lang='grc' dir='ltr'>ἐντάξαι</span> <span class='ocrx_word' id='word_1_161' title='bbox 620 735 675 765; x_wconf 83' lang='grc' dir='ltr'>τοῖς</span> <span class='ocrx_word' id='word_1_162' title='bbox 688 730 771 770; x_wconf 80' lang='grc' dir='ltr'>ἁγίοις</span> <span class='ocrx_word' id='word_1_163' title='bbox 785 731 893 769; x_wconf 80' lang='grc' dir='ltr'>εὐαγγε-</span> 
     </span>
     <span class='ocr_line' id='line_1_22' title="bbox 122 776 893 820; baseline -0.01 -8"><span class='ocrx_word' id='word_1_164' title='bbox 122 782 188 816; x_wconf 82' lang='grc' dir='ltr'>λίοις</span> <span class='ocrx_word' id='word_1_165' title='bbox 200 781 247 815; x_wconf 78' lang='grc' dir='ltr'>τὰς</span> <span class='ocrx_word' id='word_1_166' title='bbox 260 780 334 820; x_wconf 83' lang='grc' dir='ltr'>παρὰ</span> <span class='ocrx_word' id='word_1_167' title='bbox 343 782 396 810; x_wconf 77' lang='grc' dir='ltr'>τῶν</span> <span class='ocrx_word' id='word_1_168' title='bbox 410 778 544 809; x_wconf 81' lang='grc' dir='ltr'>Ἰουδαίων</span> <span class='ocrx_word' id='word_1_169' title='bbox 559 777 656 818; x_wconf 75' lang='grc' dir='ltr'>ὖὸρεις.</span> <span class='ocrx_word' id='word_1_170' title='bbox 667 776 821 817; x_wconf 81' lang='grc' dir='ltr'>Γέγραπται</span> <span class='ocrx_word' id='word_1_171' title='bbox 830 778 893 815; x_wconf 80' lang='grc' dir='ltr'>γοῦν</span> 
     </span>
     <span class='ocr_line' id='line_1_23' title="bbox 123 822 893 865; baseline -0.008 -9"><span class='ocrx_word' id='word_1_172' title='bbox 123 827 173 856; x_wconf 81' lang='grc' dir='ltr'>ὅσα</span> <span class='ocrx_word' id='word_1_173' title='bbox 186 829 268 856; x_wconf 82' lang='grc' dir='ltr'>εἰπεῖν</span> <span class='ocrx_word' id='word_1_174' title='bbox 280 825 429 865; x_wconf 79' lang='grc' dir='ltr'>ἐτόλμησαν</span> <span class='ocrx_word' id='word_1_175' title='bbox 442 824 504 864; x_wconf 83' lang='grc' dir='ltr'>περὶ</span> <span class='ocrx_word' id='word_1_176' title='bbox 516 824 642 864; x_wconf 80' lang='grc' dir='ltr'>Χριστοῦ,</span> <span class='ocrx_word' id='word_1_177' title='bbox 654 823 700 852; x_wconf 76' lang='grc' dir='ltr'>καὶ</span> <span class='ocrx_word' id='word_1_178' title='bbox 711 822 751 852; x_wconf 79' lang='grc' dir='ltr'>ὅτι</span> <span class='ocrx_word' id='word_1_179' title='bbox 764 823 893 862; x_wconf 81' lang='grc' dir='ltr'>ἁμαρτω-</span> 
     </span>
     <span class='ocr_line' id='line_1_24' title="bbox 123 866 893 909; baseline -0.006 -8"><span class='ocrx_word' id='word_1_180' title='bbox 123 872 167 905; x_wconf 88' lang='grc' dir='ltr'>λός</span> <span class='ocrx_word' id='word_1_181' title='bbox 181 873 254 909; x_wconf 73' lang='grc' dir='ltr'>ἐστι,</span> <span class='ocrx_word' id='word_1_182' title='bbox 276 871 323 901; x_wconf 78' lang='grc' dir='ltr'>καὶ</span> <span class='ocrx_word' id='word_1_183' title='bbox 335 871 376 900; x_wconf 73' lang='grc' dir='ltr'>ὅτι</span> <span class='ocrx_word' id='word_1_184' title='bbox 387 873 433 900; x_wconf 84' lang='grc' dir='ltr'>τοῦ</span> <span class='ocrx_word' id='word_1_185' title='bbox 447 871 517 900; x_wconf 88' lang='grc' dir='ltr'>Θεοῦ</span> <span class='ocrx_word' id='word_1_186' title='bbox 538 870 586 899; x_wconf 80' lang='grc' dir='ltr'>οὔκ</span> <span class='ocrx_word' id='word_1_187' title='bbox 599 869 666 898; x_wconf 85' lang='grc' dir='ltr'>ἔστι,</span> <span class='ocrx_word' id='word_1_188' title='bbox 685 868 739 898; x_wconf 83' lang='grc' dir='ltr'>Καὶ</span> <span class='ocrx_word' id='word_1_189' title='bbox 762 869 798 901; x_wconf 88' lang='grc' dir='ltr'>εἷς</span> <span class='ocrx_word' id='word_1_190' title='bbox 811 866 893 907; x_wconf 87' lang='grc' dir='ltr'>πρόσ-</span> 
     </span>
     <span class='ocr_line' id='line_1_25' title="bbox 125 907 893 953; baseline -0.005 -8"><span class='ocrx_word' id='word_1_191' title='bbox 125 927 198 946; x_wconf 87' lang='grc' dir='ltr'>ωπον</span> <span class='ocrx_word' id='word_1_192' title='bbox 218 917 297 945; x_wconf 70' lang='grc' dir='ltr'>αὐτοῦ</span> <span class='ocrx_word' id='word_1_193' title='bbox 310 914 396 953; x_wconf 74' lang='grc' dir='ltr'>λέγειν</span> <span class='ocrx_word' id='word_1_194' title='bbox 409 915 458 945; x_wconf 81' lang='grc' dir='ltr'>οὐκ</span> <span class='ocrx_word' id='word_1_195' title='bbox 468 914 606 951; x_wconf 80' lang='grc' dir='ltr'>ὤκνησαν,</span> <span class='ocrx_word' id='word_1_196' title='bbox 620 912 789 953; x_wconf 80' lang='grc' dir='ltr'>Σαμαρείτης</span> <span class='ocrx_word' id='word_1_197' title='bbox 804 907 828 941; x_wconf 81' lang='grc' dir='ltr'>εἶ</span> <span class='ocrx_word' id='word_1_198' title='bbox 841 911 873 941; x_wconf 78' lang='grc' dir='ltr'>σὺ</span> <span class='ocrx_word' id='word_1_199' title='bbox 885 933 893 947; x_wconf 95' lang='grc'>,</span> 
     </span>
     <span class='ocr_line' id='line_1_26' title="bbox 125 959 896 1001; baseline -0.006 -10"><span class='ocrx_word' id='word_1_200' title='bbox 125 961 172 991; x_wconf 81' lang='grc' dir='ltr'>καὶ</span> <span class='ocrx_word' id='word_1_201' title='bbox 194 961 329 1001; x_wconf 84' lang='grc' dir='ltr'>δαιμόνιον</span> <span class='ocrx_word' id='word_1_202' title='bbox 353 961 432 1001; x_wconf 76' lang='grc' dir='ltr'>ἔχεις.</span> <span class='ocrx_word' id='word_1_203' title='bbox 459 960 538 990; x_wconf 79' lang='grc' dir='ltr'>Ἀλλὰ</span> <span class='ocrx_word' id='word_1_204' title='bbox 551 959 581 989; x_wconf 85' lang='grc' dir='ltr'>τὸ</span> <span class='ocrx_word' id='word_1_205' title='bbox 599 959 712 999; x_wconf 79' lang='grc' dir='ltr'>γράμμα</span> <span class='ocrx_word' id='word_1_206' title='bbox 724 961 753 988; x_wconf 78' lang='grc' dir='ltr'>οὐ</span> <span class='ocrx_word' id='word_1_207' title='bbox 766 959 818 988; x_wconf 87' lang='grc' dir='ltr'>τῶν</span> <span class='ocrx_word' id='word_1_208' title='bbox 831 969 896 998; x_wconf 84' lang='grc' dir='ltr'>γρα-</span> 
     </span>
     <span class='ocr_line' id='line_1_27' title="bbox 125 1003 894 1047; baseline -0.007 -10"><span class='ocrx_word' id='word_1_209' title='bbox 125 1007 231 1047; x_wconf 79' lang='grc' dir='ltr'>ψάντων</span> <span class='ocrx_word' id='word_1_210' title='bbox 254 1011 397 1047; x_wconf 73' lang='grc' dir='ltr'>κατηγορεῖ</span> <span class='ocrx_word' id='word_1_211' title='bbox 407 1028 416 1042; x_wconf 92' lang='grc'>,</span> <span class='ocrx_word' id='word_1_212' title='bbox 446 1005 516 1036; x_wconf 79' lang='grc' dir='ltr'>ἀλλὰ</span> <span class='ocrx_word' id='word_1_213' title='bbox 545 1008 599 1035; x_wconf 83' lang='grc' dir='ltr'>τῶν</span> <span class='ocrx_word' id='word_1_214' title='bbox 633 1003 894 1044; x_wconf 74' lang='grc' dir='ltr'>βλασφημησάντων.</span> 
     </span>
     <span class='ocr_line' id='line_1_28' title="bbox 128 1050 896 1090; baseline -0.008 -6"><span class='ocrx_word' id='word_1_215' title='bbox 128 1053 222 1083; x_wconf 78' lang='grc' dir='ltr'>Ἄκουε</span> <span class='ocrx_word' id='word_1_216' title='bbox 244 1055 292 1083; x_wconf 80' lang='grc' dir='ltr'>τοῦ</span> <span class='ocrx_word' id='word_1_217' title='bbox 312 1051 468 1090; x_wconf 70' lang='grc' dir='ltr'>Πνεύμαως</span> <span class='ocrx_word' id='word_1_218' title='bbox 488 1051 537 1087; x_wconf 74' lang='grc' dir='ltr'>τὴν</span> <span class='ocrx_word' id='word_1_219' title='bbox 562 1051 693 1090; x_wconf 79' lang='grc' dir='ltr'>ἐνέργειαν</span> <span class='ocrx_word' id='word_1_220' title='bbox 703 1073 711 1087; x_wconf 87' lang='grc'>,</span> <span class='ocrx_word' id='word_1_221' title='bbox 739 1050 817 1079; x_wconf 82' lang='grc' dir='ltr'>ἄκουε</span> <span class='ocrx_word' id='word_1_222' title='bbox 842 1050 896 1078; x_wconf 81' lang='grc' dir='ltr'>τῶν</span> 
     </span>
     <span class='ocr_line' id='line_1_29' title="bbox 128 1095 896 1137; baseline -0.005 -9"><span class='ocrx_word' id='word_1_223' title='bbox 128 1098 284 1128; x_wconf 73' lang='grc' dir='ltr'>ἀποστόλων</span> <span class='ocrx_word' id='word_1_224' title='bbox 299 1098 348 1134; x_wconf 73' lang='grc' dir='ltr'>τὴν</span> <span class='ocrx_word' id='word_1_225' title='bbox 361 1096 510 1137; x_wconf 77' lang='grc' dir='ltr'>δοξολογίαν</span> <span class='ocrx_word' id='word_1_226' title='bbox 519 1109 526 1116; x_wconf 87' lang='grc'><em>·</em></span> <span class='ocrx_word' id='word_1_227' title='bbox 540 1096 640 1136; x_wconf 77' lang='grc' dir='ltr'>στοίχει</span> <span class='ocrx_word' id='word_1_228' title='bbox 655 1100 713 1130; x_wconf 85' lang='grc' dir='ltr'>ταῖς</span> <span class='ocrx_word' id='word_1_229' title='bbox 736 1095 842 1125; x_wconf 80' lang='grc' dir='ltr'>ἐκείνων</span> <span class='ocrx_word' id='word_1_230' title='bbox 856 1096 896 1125; x_wconf 87' lang='grc' dir='ltr'>δι-</span> 
     </span>
     <span class='ocr_line' id='line_1_30' title="bbox 131 1141 898 1182; baseline -0.005 -8"><span class='ocrx_word' id='word_1_231' title='bbox 131 1144 301 1179; x_wconf 85' lang='grc' dir='ltr'>δασκαλίαις,</span> <span class='ocrx_word' id='word_1_232' title='bbox 323 1142 388 1172; x_wconf 76' lang='grc' dir='ltr'>ἕπου</span> <span class='ocrx_word' id='word_1_233' title='bbox 401 1146 455 1176; x_wconf 81' lang='grc' dir='ltr'>τοῖς</span> <span class='ocrx_word' id='word_1_234' title='bbox 471 1142 574 1182; x_wconf 77' lang='grc' dir='ltr'>βήμασι</span> <span class='ocrx_word' id='word_1_235' title='bbox 583 1143 636 1171; x_wconf 83' lang='grc' dir='ltr'>τῶν</span> <span class='ocrx_word' id='word_1_236' title='bbox 650 1142 745 1180; x_wconf 82' lang='grc' dir='ltr'>ἁγίων·</span> <span class='ocrx_word' id='word_1_237' title='bbox 758 1141 795 1180; x_wconf 85' lang='grc' dir='ltr'>μὴ</span> <span class='ocrx_word' id='word_1_238' title='bbox 810 1141 898 1170; x_wconf 82' lang='grc' dir='ltr'>πλάνα</span> 
     </span>
     <span class='ocr_line' id='line_1_31' title="bbox 132 1187 896 1229; baseline -0.004 -10"><span class='ocrx_word' id='word_1_239' title='bbox 132 1189 227 1219; x_wconf 84' lang='grc' dir='ltr'>σαυτὸν</span> <span class='ocrx_word' id='word_1_240' title='bbox 240 1194 294 1223; x_wconf 85' lang='grc' dir='ltr'>τοῖς</span> <span class='ocrx_word' id='word_1_241' title='bbox 307 1189 394 1229; x_wconf 80' lang='grc' dir='ltr'>ἴχνεσι</span> <span class='ocrx_word' id='word_1_242' title='bbox 405 1190 459 1218; x_wconf 81' lang='grc' dir='ltr'>τῶν</span> <span class='ocrx_word' id='word_1_243' title='bbox 470 1188 591 1227; x_wconf 75' lang='grc' dir='ltr'>βεὸήλων</span> <span class='ocrx_word' id='word_1_244' title='bbox 601 1199 607 1206; x_wconf 86' lang='grc'><em>·</em></span> <span class='ocrx_word' id='word_1_245' title='bbox 622 1187 727 1227; x_wconf 75' lang='grc' dir='ltr'>Τριάδα</span> <span class='ocrx_word' id='word_1_246' title='bbox 739 1187 880 1227; x_wconf 79' lang='grc' dir='ltr'>προσ-κύνει</span> <span class='ocrx_word' id='word_1_247' title='bbox 888 1209 896 1224; x_wconf 90' lang='grc'>,</span> 
     </span>
     <span class='ocr_line' id='line_1_32' title="bbox 131 1233 899 1275; baseline -0.004 -10"><span class='ocrx_word' id='word_1_248' title='bbox 131 1237 157 1265; x_wconf 86' lang='lat' dir='ltr'><strong>T</strong></span> <span class='ocrx_word' id='word_1_249' title='bbox 159 1235 236 1275; x_wconf 81' lang='grc' dir='ltr'>ριάδα</span> <span class='ocrx_word' id='word_1_250' title='bbox 247 1235 336 1269; x_wconf 81' lang='grc' dir='ltr'>δόξαζε</span> <span class='ocrx_word' id='word_1_251' title='bbox 343 1257 352 1272; x_wconf 87' lang='grc'>,</span> <span class='ocrx_word' id='word_1_252' title='bbox 365 1233 468 1274; x_wconf 84' lang='grc' dir='ltr'>Τριάδα</span> <span class='ocrx_word' id='word_1_253' title='bbox 478 1234 600 1273; x_wconf 82' lang='grc' dir='ltr'>κήρυττε.</span> <span class='ocrx_word' id='word_1_254' title='bbox 610 1233 690 1264; x_wconf 71' lang='grc' dir='ltr'>Οὕτω</span> <span class='ocrx_word' id='word_1_255' title='bbox 701 1236 825 1273; x_wconf 78' lang='grc' dir='ltr'>φρονοῦσι</span> <span class='ocrx_word' id='word_1_256' title='bbox 837 1244 899 1273; x_wconf 79' lang='grc' dir='ltr'>προ-</span> 
     </span>
     <span class='ocr_line' id='line_1_33' title="bbox 131 1278 900 1321; baseline -0.004 -10"><span class='ocrx_word' id='word_1_257' title='bbox 131 1283 223 1321; x_wconf 77' lang='grc' dir='ltr'>φῆται,</span> <span class='ocrx_word' id='word_1_258' title='bbox 235 1280 304 1310; x_wconf 82' lang='grc' dir='ltr'>οὕτω</span> <span class='ocrx_word' id='word_1_259' title='bbox 316 1279 490 1320; x_wconf 81' lang='grc' dir='ltr'>κηρύττουσιν</span> <span class='ocrx_word' id='word_1_260' title='bbox 502 1278 654 1315; x_wconf 85' lang='grc' dir='ltr'>ἀπόστολοι,</span> <span class='ocrx_word' id='word_1_261' title='bbox 667 1279 736 1308; x_wconf 77' lang='grc' dir='ltr'>οὕτω</span> <span class='ocrx_word' id='word_1_262' title='bbox 747 1279 900 1309; x_wconf 81' lang='grc' dir='ltr'>πιστεύουσι</span> 
     </span>
     <span class='ocr_line' id='line_1_34' title="bbox 131 1324 899 1367; baseline -0.005 -10"><span class='ocrx_word' id='word_1_263' title='bbox 131 1327 269 1367; x_wconf 74' lang='grc' dir='ltr'>μάρτυρες.</span> <span class='ocrx_word' id='word_1_264' title='bbox 283 1326 375 1356; x_wconf 84' lang='grc' dir='ltr'>Ἄκουε</span> <span class='ocrx_word' id='word_1_265' title='bbox 387 1325 496 1355; x_wconf 85' lang='grc' dir='ltr'>Παύλου</span> <span class='ocrx_word' id='word_1_266' title='bbox 514 1325 562 1361; x_wconf 68' lang='grc' dir='ltr'>ἰὴν</span> <span class='ocrx_word' id='word_1_267' title='bbox 587 1326 613 1354; x_wconf 86' lang='lat' dir='ltr'><strong>T</strong></span> <span class='ocrx_word' id='word_1_268' title='bbox 614 1325 691 1365; x_wconf 87' lang='grc' dir='ltr'>ριάδα</span> <span class='ocrx_word' id='word_1_269' title='bbox 710 1324 899 1365; x_wconf 74' lang='grc' dir='ltr'>κηρύττοντος·</span> 
     </span>
     <span class='ocr_line' id='line_1_35' title="bbox 131 1370 900 1413; baseline -0.004 -11"><span class='ocrx_word' id='word_1_270' title='bbox 131 1372 278 1413; x_wconf 73' lang='grc' dir='ltr'>Διαιρέσεις</span> <span class='ocrx_word' id='word_1_271' title='bbox 290 1370 478 1412; x_wconf 79' lang='grc' dir='ltr'>χαρισμάτων,</span> <span class='ocrx_word' id='word_1_272' title='bbox 493 1371 524 1400; x_wconf 72' lang='grc' dir='ltr'>τὸ</span> <span class='ocrx_word' id='word_1_273' title='bbox 536 1370 564 1400; x_wconf 78' lang='grc' dir='ltr'>δὲ</span> <span class='ocrx_word' id='word_1_274' title='bbox 576 1370 641 1400; x_wconf 82' lang='grc' dir='ltr'>αὐτὸ</span> <span class='ocrx_word' id='word_1_275' title='bbox 650 1371 762 1409; x_wconf 77' lang='grc' dir='ltr'>Πνεῦμα</span> <span class='ocrx_word' id='word_1_276' title='bbox 773 1382 780 1389; x_wconf 89' lang='grc'>·</span> <span class='ocrx_word' id='word_1_277' title='bbox 799 1370 900 1410; x_wconf 80' lang='grc' dir='ltr'>διαιρέ-</span> 
     </span>
     <span class='ocr_line' id='line_1_36' title="bbox 131 1416 900 1456; baseline -0.004 -8"><span class='ocrx_word' id='word_1_278' title='bbox 131 1430 185 1452; x_wconf 83' lang='grc' dir='ltr'>σεις</span> <span class='ocrx_word' id='word_1_279' title='bbox 202 1419 338 1448; x_wconf 68' lang='grc' dir='ltr'>διακονιῶν</span> <span class='ocrx_word' id='word_1_280' title='bbox 349 1439 357 1454; x_wconf 91' lang='grc'>,</span> <span class='ocrx_word' id='word_1_281' title='bbox 379 1419 393 1446; x_wconf 73' lang='grc' dir='ltr'>ὁ</span> <span class='ocrx_word' id='word_1_282' title='bbox 412 1416 442 1446; x_wconf 72' lang='grc' dir='ltr'>δὲ</span> <span class='ocrx_word' id='word_1_283' title='bbox 451 1416 528 1450; x_wconf 78' lang='grc' dir='ltr'>αὐτὸς</span> <span class='ocrx_word' id='word_1_284' title='bbox 541 1416 651 1456; x_wconf 83' lang='grc' dir='ltr'>Κύριος·</span> <span class='ocrx_word' id='word_1_285' title='bbox 673 1416 812 1456; x_wconf 79' lang='grc' dir='ltr'>διαιρέσεις</span> <span class='ocrx_word' id='word_1_286' title='bbox 825 1417 900 1456; x_wconf 75' lang='grc' dir='ltr'>ἐνερ-</span> 
     </span>
     <span class='ocr_line' id='line_1_37' title="bbox 130 1462 900 1504; baseline -0.004 -11"><span class='ocrx_word' id='word_1_287' title='bbox 130 1464 258 1504; x_wconf 75' lang='grc' dir='ltr'>γημάτων</span> <span class='ocrx_word' id='word_1_288' title='bbox 270 1485 279 1500; x_wconf 91' lang='grc'>,</span> <span class='ocrx_word' id='word_1_289' title='bbox 305 1465 319 1493; x_wconf 82' lang='grc' dir='ltr'><strong>ὁ</strong></span> <span class='ocrx_word' id='word_1_290' title='bbox 339 1462 368 1492; x_wconf 78' lang='grc' dir='ltr'>δὲ</span> <span class='ocrx_word' id='word_1_291' title='bbox 391 1462 468 1495; x_wconf 79' lang='grc' dir='ltr'>αὐτὸς</span> <span class='ocrx_word' id='word_1_292' title='bbox 490 1462 559 1495; x_wconf 77' lang='grc' dir='ltr'>Θεὸς</span> <span class='ocrx_word' id='word_1_293' title='bbox 578 1463 692 1501; x_wconf 80' lang='grc' dir='ltr'>ἐνεργῶν</span> <span class='ocrx_word' id='word_1_294' title='bbox 714 1462 748 1491; x_wconf 86' lang='grc' dir='ltr'>τὰ</span> <span class='ocrx_word' id='word_1_295' title='bbox 772 1462 859 1491; x_wconf 84' lang='grc' dir='ltr'>πάντα</span> <span class='ocrx_word' id='word_1_296' title='bbox 873 1463 900 1490; x_wconf 79' lang='grc' dir='ltr'>ἐν</span> 
     </span>
     <span class='ocr_line' id='line_1_38' title="bbox 131 1506 902 1546; baseline -0.005 -7"><span class='ocrx_word' id='word_1_297' title='bbox 131 1514 207 1539; x_wconf 73' lang='grc' dir='ltr'>πᾶσι.</span> <span class='ocrx_word' id='word_1_298' title='bbox 229 1509 307 1542; x_wconf 88' lang='grc' dir='ltr'>Τίνος</span> <span class='ocrx_word' id='word_1_299' title='bbox 336 1507 423 1537; x_wconf 73' lang='grc' dir='ltr'>ἕνεκεν</span> <span class='ocrx_word' id='word_1_300' title='bbox 445 1508 494 1537; x_wconf 80' lang='grc' dir='ltr'>οὐκ</span> <span class='ocrx_word' id='word_1_301' title='bbox 517 1507 569 1536; x_wconf 80' lang='grc' dir='ltr'>ἀπὸ</span> <span class='ocrx_word' id='word_1_302' title='bbox 596 1507 703 1546; x_wconf 80' lang='grc' dir='ltr'>Πατρὸς</span> <span class='ocrx_word' id='word_1_303' title='bbox 722 1506 848 1546; x_wconf 71' lang='grc' dir='ltr'>ἄρχεται,</span> <span class='ocrx_word' id='word_1_304' title='bbox 871 1507 902 1536; x_wconf 77' lang='grc' dir='ltr'>οὗ</span> 
     </span>
     <span class='ocr_line' id='line_1_39' title="bbox 132 1552 902 1595; baseline -0.005 -10"><span class='ocrx_word' id='word_1_305' title='bbox 132 1557 236 1595; x_wconf 77' lang='grc' dir='ltr'>πρῶτον</span> <span class='ocrx_word' id='word_1_306' title='bbox 247 1556 345 1584; x_wconf 75' lang='grc' dir='ltr'>ἐκεῖνον</span> <span class='ocrx_word' id='word_1_307' title='bbox 359 1553 484 1593; x_wconf 73' lang='grc' dir='ltr'>κηρύττει</span> <span class='ocrx_word' id='word_1_308' title='bbox 492 1574 501 1589; x_wconf 86' lang='grc'>,</span> <span class='ocrx_word' id='word_1_309' title='bbox 518 1552 564 1582; x_wconf 77' lang='grc' dir='ltr'>καὶ</span> <span class='ocrx_word' id='word_1_310' title='bbox 575 1552 634 1581; x_wconf 74' lang='grc' dir='ltr'>τότε</span> <span class='ocrx_word' id='word_1_311' title='bbox 647 1552 691 1581; x_wconf 82' lang='grc' dir='ltr'>τὸν</span> <span class='ocrx_word' id='word_1_312' title='bbox 701 1552 778 1588; x_wconf 79' lang='grc' dir='ltr'>Υἱὸν,</span> <span class='ocrx_word' id='word_1_313' title='bbox 788 1553 833 1582; x_wconf 83' lang='grc' dir='ltr'>καὶ</span> <span class='ocrx_word' id='word_1_314' title='bbox 845 1554 902 1592; x_wconf 83' lang='grc' dir='ltr'>μετ’</span> 
     </span>
     <span class='ocr_line' id='line_1_40' title="bbox 132 1593 903 1639; baseline -0.004 -9"><span class='ocrx_word' id='word_1_315' title='bbox 132 1600 210 1630; x_wconf 81' lang='grc' dir='ltr'>αὐτὸν</span> <span class='ocrx_word' id='word_1_316' title='bbox 224 1600 254 1630; x_wconf 82' lang='grc' dir='ltr'>τὸ</span> <span class='ocrx_word' id='word_1_317' title='bbox 267 1599 341 1639; x_wconf 83' lang='grc' dir='ltr'>ἅγιον</span> <span class='ocrx_word' id='word_1_318' title='bbox 355 1600 486 1637; x_wconf 81' lang='grc' dir='ltr'>Πνεῦμα;</span> <span class='ocrx_word' id='word_1_319' title='bbox 510 1597 694 1630; x_wconf 53' lang='lat' dir='ltr'><strong>Menam-ea&lt;</strong></span> <span class='ocrx_word' id='word_1_320' title='bbox 707 1597 754 1635; x_wconf 81' lang='grc' dir='ltr'>τὴν</span> <span class='ocrx_word' id='word_1_321' title='bbox 768 1598 856 1634; x_wconf 80' lang='grc' dir='ltr'>τάξιν,</span> <span class='ocrx_word' id='word_1_322' title='bbox 881 1593 903 1627; x_wconf 73' lang='grc' dir='ltr'><em>ὦ</em></span> 
     </span>
     <span class='ocr_line' id='line_1_41' title="bbox 132 1642 905 1685; baseline -0.004 -9"><span class='ocrx_word' id='word_1_323' title='bbox 132 1647 241 1683; x_wconf 85' lang='grc' dir='ltr'>Παῦλε;</span> <span class='ocrx_word' id='word_1_324' title='bbox 254 1644 470 1685; x_wconf 72' lang='grc' dir='ltr'>μεταρρυθμίζεις</span> <span class='ocrx_word' id='word_1_325' title='bbox 483 1643 532 1679; x_wconf 84' lang='grc' dir='ltr'>τὴν</span> <span class='ocrx_word' id='word_1_326' title='bbox 546 1642 714 1679; x_wconf 85' lang='grc' dir='ltr'>ἀκολουθίαν;</span> <span class='ocrx_word' id='word_1_327' title='bbox 737 1644 792 1672; x_wconf 82' lang='grc' dir='ltr'>Τοῦ</span> <span class='ocrx_word' id='word_1_328' title='bbox 811 1644 905 1679; x_wconf 79' lang='grc' dir='ltr'>Σωτῆ-</span> 
     </span>
     <span class='ocr_line' id='line_1_42' title="bbox 135 1689 905 1731; baseline -0.003 -11"><span class='ocrx_word' id='word_1_329' title='bbox 135 1703 178 1731; x_wconf 91' lang='grc' dir='ltr'>ρος</span> <span class='ocrx_word' id='word_1_330' title='bbox 190 1690 414 1731; x_wconf 80' lang='grc' dir='ltr'>παραδεδωκότος,</span> <span class='ocrx_word' id='word_1_331' title='bbox 426 1689 472 1720; x_wconf 82' lang='grc' dir='ltr'>Ἐν</span> <span class='ocrx_word' id='word_1_332' title='bbox 486 1689 595 1728; x_wconf 85' lang='grc' dir='ltr'>ὀνόματι</span> <span class='ocrx_word' id='word_1_333' title='bbox 605 1689 712 1728; x_wconf 85' lang='grc' dir='ltr'>Πατρὸς</span> <span class='ocrx_word' id='word_1_334' title='bbox 722 1689 767 1718; x_wconf 78' lang='grc' dir='ltr'>καὶ</span> <span class='ocrx_word' id='word_1_335' title='bbox 780 1689 846 1718; x_wconf 71' lang='grc' dir='ltr'>Υίοῦ</span> <span class='ocrx_word' id='word_1_336' title='bbox 860 1689 905 1719; x_wconf 80' lang='grc' dir='ltr'>καὶ</span> 
     </span>
     <span class='ocr_line' id='line_1_43' title="bbox 134 1734 905 1776; baseline -0.004 -9"><span class='ocrx_word' id='word_1_337' title='bbox 134 1736 208 1776; x_wconf 78' lang='grc' dir='ltr'>ἁγίου</span> <span class='ocrx_word' id='word_1_338' title='bbox 222 1736 377 1775; x_wconf 82' lang='grc' dir='ltr'>Πνεύματος</span> <span class='ocrx_word' id='word_1_339' title='bbox 386 1758 394 1772; x_wconf 89' lang='grc'>,</span> <span class='ocrx_word' id='word_1_340' title='bbox 408 1735 440 1765; x_wconf 84' lang='grc' dir='ltr'>σὺ</span> <span class='ocrx_word' id='word_1_341' title='bbox 453 1734 525 1768; x_wconf 82' lang='grc' dir='ltr'>λύεις</span> <span class='ocrx_word' id='word_1_342' title='bbox 535 1734 579 1764; x_wconf 81' lang='grc' dir='ltr'>τὸν</span> <span class='ocrx_word' id='word_1_343' title='bbox 585 1734 687 1773; x_wconf 60' lang='grc' dir='ltr'>,θεσμὸν</span> <span class='ocrx_word' id='word_1_344' title='bbox 700 1737 747 1770; x_wconf 67' lang='grc' dir='ltr'>τῆς</span> <span class='ocrx_word' id='word_1_345' title='bbox 762 1734 905 1774; x_wconf 58' lang='grc' dir='ltr'>θεολογίας</span> 
     </span>
     <span class='ocr_line' id='line_1_44' title="bbox 134 1779 905 1822; baseline -0.003 -10"><span class='ocrx_word' id='word_1_346' title='bbox 134 1782 214 1812; x_wconf 76' lang='grc' dir='ltr'>Ἀλλὰ</span> <span class='ocrx_word' id='word_1_347' title='bbox 225 1782 276 1822; x_wconf 79' lang='grc' dir='ltr'>γὰρ</span> <span class='ocrx_word' id='word_1_348' title='bbox 295 1781 332 1820; x_wconf 82' lang='grc' dir='ltr'>μὴ</span> <span class='ocrx_word' id='word_1_349' title='bbox 353 1781 456 1821; x_wconf 80' lang='grc' dir='ltr'>γένοιτο</span> <span class='ocrx_word' id='word_1_350' title='bbox 467 1783 539 1819; x_wconf 76' lang='grc' dir='ltr'>ἡμᾶς</span> <span class='ocrx_word' id='word_1_351' title='bbox 553 1791 618 1809; x_wconf 83' lang='grc' dir='ltr'>ποτε</span> <span class='ocrx_word' id='word_1_352' title='bbox 629 1782 712 1809; x_wconf 84' lang='grc' dir='ltr'>ταῦτα</span> <span class='ocrx_word' id='word_1_353' title='bbox 723 1779 783 1819; x_wconf 87' lang='grc' dir='ltr'>περὶ</span> <span class='ocrx_word' id='word_1_354' title='bbox 796 1780 905 1810; x_wconf 89' lang='grc' dir='ltr'>Παύλου</span> 
     </span>
     <span class='ocr_line' id='line_1_45' title="bbox 133 1825 906 1867; baseline -0.004 -10"><span class='ocrx_word' id='word_1_355' title='bbox 133 1830 238 1864; x_wconf 76' lang='grc' dir='ltr'>νοῆσαι.</span> <span class='ocrx_word' id='word_1_356' title='bbox 253 1828 288 1857; x_wconf 85' lang='lat'>‘0</span> <span class='ocrx_word' id='word_1_357' title='bbox 300 1827 353 1867; x_wconf 81' lang='grc' dir='ltr'>γὰρ</span> <span class='ocrx_word' id='word_1_358' title='bbox 371 1827 443 1866; x_wconf 73' lang='grc' dir='ltr'>ἅγιος</span> <span class='ocrx_word' id='word_1_359' title='bbox 463 1827 561 1859; x_wconf 77' lang='grc' dir='ltr'>ἐκεῖνος</span> <span class='ocrx_word' id='word_1_360' title='bbox 583 1825 629 1854; x_wconf 79' lang='grc' dir='ltr'>καὶ</span> <span class='ocrx_word' id='word_1_361' title='bbox 653 1825 803 1864; x_wconf 81' lang='grc' dir='ltr'>θαυμαστὸς</span> <span class='ocrx_word' id='word_1_362' title='bbox 824 1825 906 1866; x_wconf 78' lang='grc' dir='ltr'>κήρυξ</span> 
     </span>
     <span class='ocr_line' id='line_1_46' title="bbox 135 1869 906 1914; baseline -0.005 -11"><span class='ocrx_word' id='word_1_363' title='bbox 135 1869 203 1903; x_wconf 72' lang='grc' dir='ltr'>εἶδεν</span> <span class='ocrx_word' id='word_1_364' title='bbox 218 1873 350 1914; x_wconf 75' lang='grc' dir='ltr'>ἀκριὸῶς,</span> <span class='ocrx_word' id='word_1_365' title='bbox 366 1873 406 1902; x_wconf 71' lang='grc' dir='ltr'>ὅτι</span> <span class='ocrx_word' id='word_1_366' title='bbox 423 1872 473 1902; x_wconf 78' lang='grc' dir='ltr'>κᾶν</span> <span class='ocrx_word' id='word_1_367' title='bbox 486 1870 643 1910; x_wconf 84' lang='grc' dir='ltr'>Πνεύματος</span> <span class='ocrx_word' id='word_1_368' title='bbox 662 1872 767 1911; x_wconf 79' lang='grc' dir='ltr'>πρῶτον</span> <span class='ocrx_word' id='word_1_369' title='bbox 781 1874 885 1911; x_wconf 75' lang='grc' dir='ltr'>μνησθῇ</span> <span class='ocrx_word' id='word_1_370' title='bbox 898 1893 906 1907; x_wconf 91' lang='grc'>,</span> 
     </span>
     <span class='ocr_line' id='line_1_47' title="bbox 136 1916 906 1959; baseline -0.003 -11"><span class='ocrx_word' id='word_1_371' title='bbox 136 1918 253 1959; x_wconf 80' lang='grc' dir='ltr'>ἄτρωτον</span> <span class='ocrx_word' id='word_1_372' title='bbox 265 1918 392 1959; x_wconf 78' lang='grc' dir='ltr'>φυλάττει</span> <span class='ocrx_word' id='word_1_373' title='bbox 404 1917 452 1954; x_wconf 79' lang='grc' dir='ltr'>τὴν</span> <span class='ocrx_word' id='word_1_374' title='bbox 463 1916 595 1956; x_wconf 82' lang='grc' dir='ltr'>θεολογίαν</span> <span class='ocrx_word' id='word_1_375' title='bbox 603 1938 611 1953; x_wconf 90' lang='grc'>,</span> <span class='ocrx_word' id='word_1_376' title='bbox 626 1916 672 1946; x_wconf 77' lang='grc' dir='ltr'>καὶ</span> <span class='ocrx_word' id='word_1_377' title='bbox 686 1918 736 1956; x_wconf 79' lang='grc' dir='ltr'>οὐχ</span> <span class='ocrx_word' id='word_1_378' title='bbox 747 1916 847 1956; x_wconf 74' lang='grc' dir='ltr'>ὑόρίζει</span> <span class='ocrx_word' id='word_1_379' title='bbox 858 1917 906 1953; x_wconf 71' lang='grc' dir='ltr'>τὴν</span> 
     </span>
     <span class='ocr_line' id='line_1_48' title="bbox 135 1962 905 2005; baseline -0.001 -12"><span class='ocrx_word' id='word_1_380' title='bbox 135 1964 283 2005; x_wconf 79' lang='grc' dir='ltr'>ἀσύγχυτον</span> <span class='ocrx_word' id='word_1_381' title='bbox 293 1963 370 2004; x_wconf 76' lang='grc' dir='ltr'>φύσιν</span> <span class='ocrx_word' id='word_1_382' title='bbox 380 1985 389 1999; x_wconf 88' lang='grc'>,</span> <span class='ocrx_word' id='word_1_383' title='bbox 401 1965 448 1993; x_wconf 84' lang='grc' dir='ltr'>οὖκ</span> <span class='ocrx_word' id='word_1_384' title='bbox 459 1962 595 2003; x_wconf 81' lang='grc' dir='ltr'>ἐμμερίζει</span> <span class='ocrx_word' id='word_1_385' title='bbox 605 1962 653 1998; x_wconf 81' lang='grc' dir='ltr'>τὴν</span> <span class='ocrx_word' id='word_1_386' title='bbox 668 1962 808 2002; x_wconf 68' lang='grc' dir='ltr'>ἀμέριστον</span> <span class='ocrx_word' id='word_1_387' title='bbox 819 1962 905 1996; x_wconf 80' lang='grc' dir='ltr'>ἀξίαν.</span> 
     </span>
     <span class='ocr_line' id='line_1_49' title="bbox 134 2006 907 2050; baseline -0.003 -11"><span class='ocrx_word' id='word_1_388' title='bbox 134 2008 572 2050; x_wconf 68' lang='grc' dir='ltr'>Πνεύματοςμέμνηταιπρῶτον,</span> <span class='ocrx_word' id='word_1_389' title='bbox 598 2006 642 2036; x_wconf 75' lang='grc' dir='ltr'>ἵνα</span> <span class='ocrx_word' id='word_1_390' title='bbox 655 2007 739 2047; x_wconf 82' lang='grc' dir='ltr'>δείξῃ,</span> <span class='ocrx_word' id='word_1_391' title='bbox 767 2007 851 2037; x_wconf 81' lang='grc' dir='ltr'>ὅτιτὸ</span> <span class='ocrx_word' id='word_1_392' title='bbox 864 2020 907 2038; x_wconf 88' lang='grc' dir='ltr'>τε-</span> 
     </span>
     <span class='ocr_line' id='line_1_50' title="bbox 135 2054 907 2095; baseline -0.001 -10"><span class='ocrx_word' id='word_1_393' title='bbox 135 2057 255 2085; x_wconf 76' lang='grc' dir='ltr'>λευταῖον</span> <span class='ocrx_word' id='word_1_394' title='bbox 269 2055 415 2095; x_wconf 82' lang='grc' dir='ltr'>γράφεσθαι</span> <span class='ocrx_word' id='word_1_395' title='bbox 430 2054 460 2084; x_wconf 82' lang='grc' dir='ltr'>τὸ</span> <span class='ocrx_word' id='word_1_396' title='bbox 478 2055 606 2093; x_wconf 88' lang='grc' dir='ltr'>Πνεῦμα,</span> <span class='ocrx_word' id='word_1_397' title='bbox 626 2054 655 2083; x_wconf 86' lang='grc' dir='ltr'>οὔ</span> <span class='ocrx_word' id='word_1_398' title='bbox 672 2054 822 2083; x_wconf 86' lang='grc' dir='ltr'>τελευταῖον</span> <span class='ocrx_word' id='word_1_399' title='bbox 843 2054 907 2084; x_wconf 79' lang='grc' dir='ltr'>αὐτὸ</span> 
     </span>
     <span class='ocr_line' id='line_1_51' title="bbox 135 2099 907 2141; baseline -0.003 -11"><span class='ocrx_word' id='word_1_400' title='bbox 135 2106 205 2131; x_wconf 87' lang='grc' dir='ltr'>ποιεῖ</span> <span class='ocrx_word' id='word_1_401' title='bbox 218 2101 263 2130; x_wconf 77' lang='grc' dir='ltr'>καὶ</span> <span class='ocrx_word' id='word_1_402' title='bbox 279 2101 401 2141; x_wconf 77' lang='grc' dir='ltr'>ἔσχατον.</span> <span class='ocrx_word' id='word_1_403' title='bbox 421 2099 533 2136; x_wconf 84' lang='grc' dir='ltr'>Ἐπειδὴ</span> <span class='ocrx_word' id='word_1_404' title='bbox 548 2099 600 2139; x_wconf 79' lang='grc' dir='ltr'>γὰρ</span> <span class='ocrx_word' id='word_1_405' title='bbox 617 2100 710 2128; x_wconf 82' lang='grc' dir='ltr'>ἐκεῖνοι</span> <span class='ocrx_word' id='word_1_406' title='bbox 725 2099 907 2139; x_wconf 75' lang='grc' dir='ltr'>παρερμηνεύ-</span> 
     </span>
     <span class='ocr_line' id='line_1_52' title="bbox 136 2146 907 2185; baseline -0.003 -9"><span class='ocrx_word' id='word_1_407' title='bbox 136 2158 194 2176; x_wconf 86' lang='grc' dir='ltr'>ουσι</span> <span class='ocrx_word' id='word_1_408' title='bbox 208 2147 312 2182; x_wconf 77' lang='grc' dir='ltr'>κακῶς,</span> <span class='ocrx_word' id='word_1_409' title='bbox 336 2147 365 2175; x_wconf 81' lang='grc' dir='ltr'>οὗ</span> <span class='ocrx_word' id='word_1_410' title='bbox 379 2147 610 2185; x_wconf 79' lang='grc' dir='ltr'>συναριθμοῦντες,</span> <span class='ocrx_word' id='word_1_411' title='bbox 625 2146 684 2174; x_wconf 81' lang='grc' dir='ltr'>ἀλλ’</span> <span class='ocrx_word' id='word_1_412' title='bbox 700 2146 907 2184; x_wconf 81' lang='grc' dir='ltr'>ὓπαριθμοῦντες</span> 
     </span>
     <span class='ocr_line' id='line_1_53' title="bbox 137 2190 906 2232; baseline -0.001 -11"><span class='ocrx_word' id='word_1_413' title='bbox 137 2193 176 2232; x_wconf 82' lang='grc' dir='ltr'>τῷ</span> <span class='ocrx_word' id='word_1_414' title='bbox 197 2191 286 2231; x_wconf 79' lang='grc' dir='ltr'>Πατρὶ</span> <span class='ocrx_word' id='word_1_415' title='bbox 299 2191 344 2220; x_wconf 79' lang='grc' dir='ltr'>τὸν</span> <span class='ocrx_word' id='word_1_416' title='bbox 355 2191 436 2227; x_wconf 80' lang='grc' dir='ltr'>Υῖὸν,</span> <span class='ocrx_word' id='word_1_417' title='bbox 449 2190 495 2220; x_wconf 75' lang='grc' dir='ltr'>καὶ</span> <span class='ocrx_word' id='word_1_418' title='bbox 507 2192 545 2230; x_wconf 83' lang='grc' dir='ltr'>τῷ</span> <span class='ocrx_word' id='word_1_419' title='bbox 559 2191 617 2230; x_wconf 79' lang='grc' dir='ltr'>Υἱῷ</span> <span class='ocrx_word' id='word_1_420' title='bbox 629 2190 659 2219; x_wconf 79' lang='grc' dir='ltr'>τὸ</span> <span class='ocrx_word' id='word_1_421' title='bbox 673 2191 784 2229; x_wconf 79' lang='grc' dir='ltr'>Πνεῦμα</span> <span class='ocrx_word' id='word_1_422' title='bbox 793 2190 824 2219; x_wconf 70' lang='grc' dir='ltr'>τὸ</span> <span class='ocrx_word' id='word_1_423' title='bbox 833 2191 906 2229; x_wconf 83' lang='grc' dir='ltr'>ἅγιον</span> 
     </span>
     <span class='ocr_line' id='line_1_54' title="bbox 137 2235 906 2277; baseline 0.001 -13"><span class='ocrx_word' id='word_1_424' title='bbox 137 2238 261 2277; x_wconf 81' lang='grc' dir='ltr'>(πρῶτος</span> <span class='ocrx_word' id='word_1_425' title='bbox 271 2236 336 2276; x_wconf 83' lang='grc' dir='ltr'>γὰρ,</span> <span class='ocrx_word' id='word_1_426' title='bbox 361 2235 440 2275; x_wconf 76' lang='grc' dir='ltr'>φησὶν</span> <span class='ocrx_word' id='word_1_427' title='bbox 451 2258 461 2273; x_wconf 87' lang='lat'><strong>,</strong></span> <span class='ocrx_word' id='word_1_428' title='bbox 483 2238 498 2265; x_wconf 82' lang='grc' dir='ltr'><strong>ὁ</strong></span> <span class='ocrx_word' id='word_1_429' title='bbox 513 2235 609 2275; x_wconf 80' lang='grc' dir='ltr'>Πατὴρ</span> <span class='ocrx_word' id='word_1_430' title='bbox 618 2257 626 2271; x_wconf 91' lang='grc'>,</span> <span class='ocrx_word' id='word_1_431' title='bbox 654 2235 773 2275; x_wconf 83' lang='grc' dir='ltr'>δεύτερος</span> <span class='ocrx_word' id='word_1_432' title='bbox 796 2238 810 2265; x_wconf 81' lang='grc' dir='ltr'><strong>ὁ</strong></span> <span class='ocrx_word' id='word_1_433' title='bbox 824 2236 887 2269; x_wconf 81' lang='grc' dir='ltr'>Υἱὸς</span> <span class='ocrx_word' id='word_1_434' title='bbox 897 2258 906 2272; x_wconf 87' lang='grc'>,</span> 
     </span>
     <span class='ocr_line' id='line_1_55' title="bbox 137 2280 908 2323; baseline -0.001 -11"><span class='ocrx_word' id='word_1_435' title='bbox 137 2283 224 2323; x_wconf 80' lang='grc' dir='ltr'>τρίτον</span> <span class='ocrx_word' id='word_1_436' title='bbox 234 2283 263 2312; x_wconf 83' lang='grc' dir='ltr'>τὸ</span> <span class='ocrx_word' id='word_1_437' title='bbox 272 2283 384 2320; x_wconf 84' lang='grc' dir='ltr'>Πνεῦμα</span> <span class='ocrx_word' id='word_1_438' title='bbox 397 2281 428 2310; x_wconf 79' lang='grc' dir='ltr'>τὸ</span> <span class='ocrx_word' id='word_1_439' title='bbox 439 2280 513 2319; x_wconf 79' lang='grc' dir='ltr'>ἅγιον</span> <span class='ocrx_word' id='word_1_440' title='bbox 521 2302 529 2316; x_wconf 89' lang='grc'>,</span> <span class='ocrx_word' id='word_1_441' title='bbox 543 2282 572 2310; x_wconf 84' lang='grc' dir='ltr'>οὖ</span> <span class='ocrx_word' id='word_1_442' title='bbox 586 2281 634 2316; x_wconf 86' lang='grc' dir='ltr'>τὴν</span> <span class='ocrx_word' id='word_1_443' title='bbox 647 2281 771 2311; x_wconf 80' lang='grc' dir='ltr'>εὔτακτον</span> <span class='ocrx_word' id='word_1_444' title='bbox 785 2283 833 2316; x_wconf 75' lang='grc' dir='ltr'>τῆς</span> <span class='ocrx_word' id='word_1_445' title='bbox 840 2282 908 2321; x_wconf 77' lang='grc' dir='ltr'>γνώ-</span> 
     </span>
     <span class='ocr_line' id='line_1_56' title="bbox 138 2327 906 2367; baseline -0.005 -8"><span class='ocrx_word' id='word_1_446' title='bbox 138 2340 203 2362; x_wconf 84' lang='grc' dir='ltr'>σιως</span> <span class='ocrx_word' id='word_1_447' title='bbox 217 2327 370 2358; x_wconf 69' lang='grc' dir='ltr'>ἀκολουθίαν</span> <span class='ocrx_word' id='word_1_448' title='bbox 384 2329 501 2359; x_wconf 84' lang='grc' dir='ltr'>νοοῦντες</span> <span class='ocrx_word' id='word_1_449' title='bbox 513 2328 561 2361; x_wconf 75' lang='grc' dir='ltr'>τῆς</span> <span class='ocrx_word' id='word_1_450' title='bbox 576 2328 759 2365; x_wconf 77' lang='grc' dir='ltr'>προσκυνητῆς</span> <span class='ocrx_word' id='word_1_451' title='bbox 773 2327 887 2367; x_wconf 80' lang='grc' dir='ltr'>Τριάδος</span> <span class='ocrx_word' id='word_1_452' title='bbox 898 2349 906 2363; x_wconf 86' lang='grc'>,</span> 
     </span>
     <span class='ocr_line' id='line_1_57' title="bbox 139 2371 906 2413; baseline -0.004 -10"><span class='ocrx_word' id='word_1_453' title='bbox 139 2373 207 2403; x_wconf 80' lang='grc' dir='ltr'>ἀλλὰ</span> <span class='ocrx_word' id='word_1_454' title='bbox 219 2375 293 2413; x_wconf 82' lang='grc' dir='ltr'>ψυχῇ</span> <span class='ocrx_word' id='word_1_455' title='bbox 309 2372 457 2412; x_wconf 78' lang='grc' dir='ltr'>διαστρόφῳ</span> <span class='ocrx_word' id='word_1_456' title='bbox 470 2371 583 2411; x_wconf 72' lang='grc' dir='ltr'>ὓὸρίζειν</span> <span class='ocrx_word' id='word_1_457' title='bbox 597 2372 788 2411; x_wconf 74' lang='grc' dir='ltr'>ἐπιχειροῦντες</span> <span class='ocrx_word' id='word_1_458' title='bbox 802 2372 850 2408; x_wconf 76' lang='grc' dir='ltr'>τὴν</span> <span class='ocrx_word' id='word_1_459' title='bbox 859 2375 906 2409; x_wconf 82' lang='grc' dir='ltr'>τῆς</span> 
     </span>
     <span class='ocr_line' id='line_1_58' title="bbox 139 2416 906 2458; baseline 0 -10"><span class='ocrx_word' id='word_1_460' title='bbox 139 2418 270 2457; x_wconf 75' lang='grc' dir='ltr'>θεολογίας</span> <span class='ocrx_word' id='word_1_461' title='bbox 284 2418 486 2457; x_wconf 73' lang='grc' dir='ltr'>καθαρότητα),</span> <span class='ocrx_word' id='word_1_462' title='bbox 502 2416 608 2449; x_wconf 80' lang='grc' dir='ltr'>εἰκότως</span> <span class='ocrx_word' id='word_1_463' title='bbox 622 2418 636 2445; x_wconf 84' lang='grc' dir='ltr'>ὁ</span> <span class='ocrx_word' id='word_1_464' title='bbox 650 2418 755 2450; x_wconf 85' lang='grc' dir='ltr'>Παῦλος</span> <span class='ocrx_word' id='word_1_465' title='bbox 769 2418 906 2458; x_wconf 83' lang='grc' dir='ltr'>ἀντιστρέ-</span> 
     </span>
     <span class='ocr_line' id='line_1_59' title="bbox 140 2461 906 2503; baseline 0.003 -11"><span class='ocrx_word' id='word_1_466' title='bbox 140 2475 183 2503; x_wconf 73' lang='grc' dir='ltr'>φει</span> <span class='ocrx_word' id='word_1_467' title='bbox 206 2465 258 2492; x_wconf 83' lang='grc' dir='ltr'>τῶν</span> <span class='ocrx_word' id='word_1_468' title='bbox 271 2463 405 2502; x_wconf 82' lang='grc' dir='ltr'>ὀνομάτων</span> <span class='ocrx_word' id='word_1_469' title='bbox 418 2462 466 2498; x_wconf 84' lang='grc' dir='ltr'>τὴν</span> <span class='ocrx_word' id='word_1_470' title='bbox 478 2462 550 2496; x_wconf 84' lang='grc' dir='ltr'>τάξιν</span> <span class='ocrx_word' id='word_1_471' title='bbox 562 2485 570 2498; x_wconf 89' lang='grc'>,</span> <span class='ocrx_word' id='word_1_472' title='bbox 583 2462 627 2491; x_wconf 78' lang='grc' dir='ltr'>ἵνα</span> <span class='ocrx_word' id='word_1_473' title='bbox 640 2461 710 2501; x_wconf 82' lang='grc' dir='ltr'>δείξῃ</span> <span class='ocrx_word' id='word_1_474' title='bbox 726 2464 772 2498; x_wconf 74' lang='grc' dir='ltr'>τῆς</span> <span class='ocrx_word' id='word_1_475' title='bbox 784 2464 906 2499; x_wconf 76' lang='grc' dir='ltr'>ἀληθείας</span> 
     </span>
    </p>
   </div>
   <div class='ocr_carea' id='block_1_7' title="bbox 945 636 1693 955">
    <p class='ocr_par' dir='ltr' id='par_1_7' title="bbox 945 636 1693 955">
     <span class='ocr_line' id='line_1_60' title="bbox 945 636 1687 678; baseline -0.005 -9"><span class='ocrx_word' id='word_1_476' title='bbox 945 639 1130 675; x_wconf 68' lang='lat' dir='ltr'><strong>nadummus,</strong></span> <span class='ocrx_word' id='word_1_477' title='bbox 1161 644 1187 667; x_wconf 90' lang='lat' dir='ltr'>et</span> <span class='ocrx_word' id='word_1_478' title='bbox 1207 637 1314 678; x_wconf 86' lang='lat' dir='ltr'><strong>pietatis</strong></span> <span class='ocrx_word' id='word_1_479' title='bbox 1335 637 1459 666; x_wconf 85' lang='lat' dir='ltr'><strong>alumnos</strong></span> <span class='ocrx_word' id='word_1_480' title='bbox 1489 647 1505 665; x_wconf 86' lang='lat' dir='ltr'>a</span> <span class='ocrx_word' id='word_1_481' title='bbox 1531 647 1615 676; x_wconf 81' lang='lat' dir='ltr'><strong>prava</strong></span> <span class='ocrx_word' id='word_1_482' title='bbox 1639 636 1687 666; x_wconf 89' lang='lat' dir='ltr'><strong>illa</strong></span> 
     </span>
     <span class='ocr_line' id='line_1_61' title="bbox 945 682 1689 723; baseline -0.005 -8"><span class='ocrx_word' id='word_1_483' title='bbox 945 685 1068 715; x_wconf 81' lang='lat' dir='ltr'><strong>doctrina</strong></span> <span class='ocrx_word' id='word_1_484' title='bbox 1081 691 1244 715; x_wconf 79' lang='lat' dir='ltr'><strong>avertamus.</strong></span> <span class='ocrx_word' id='word_1_485' title='bbox 1262 683 1371 713; x_wconf 82' lang='lat' dir='ltr'><strong>Etenim</strong></span> <span class='ocrx_word' id='word_1_486' title='bbox 1389 682 1514 723; x_wconf 85' lang='lat' dir='ltr'><strong>apostoli,</strong></span> <span class='ocrx_word' id='word_1_487' title='bbox 1529 682 1576 721; x_wconf 89' lang='lat' dir='ltr'>qui</span> <span class='ocrx_word' id='word_1_488' title='bbox 1594 682 1689 715; x_wconf 80' lang='lat' dir='ltr'><strong>Domi,-</strong></span> 
     </span>
     <span class='ocr_line' id='line_1_62' title="bbox 945 729 1687 771; baseline -0.004 -9"><span class='ocrx_word' id='word_1_489' title='bbox 945 743 1012 762; x_wconf 91' lang='lat' dir='ltr'>num</span> <span class='ocrx_word' id='word_1_490' title='bbox 1033 732 1168 768; x_wconf 85' lang='lat' dir='ltr'><strong>amabant,</strong></span> <span class='ocrx_word' id='word_1_491' title='bbox 1183 738 1209 761; x_wconf 88' lang='lat' dir='ltr'>et</span> <span class='ocrx_word' id='word_1_492' title='bbox 1225 731 1284 771; x_wconf 86' lang='lat' dir='ltr'><strong>ejus</strong></span> <span class='ocrx_word' id='word_1_493' title='bbox 1302 730 1462 770; x_wconf 85' lang='lat' dir='ltr'><strong>majestatem</strong></span> <span class='ocrx_word' id='word_1_494' title='bbox 1474 729 1614 768; x_wconf 80' lang='lat' dir='ltr'><strong>viderant,</strong></span> <span class='ocrx_word' id='word_1_495' title='bbox 1635 731 1687 760; x_wconf 89' lang='lat' dir='ltr'><strong>Ju-</strong></span> 
     </span>
     <span class='ocr_line' id='line_1_63' title="bbox 947 776 1690 815; baseline -0.004 -7"><span class='ocrx_word' id='word_1_496' title='bbox 947 779 1067 808; x_wconf 80' lang='lat' dir='ltr'><strong>daeorum</strong></span> <span class='ocrx_word' id='word_1_497' title='bbox 1088 777 1262 808; x_wconf 81' lang='lat' dir='ltr'><strong>contumelias</strong></span> <span class='ocrx_word' id='word_1_498' title='bbox 1280 777 1307 806; x_wconf 89' lang='lat' dir='ltr'>in</span> <span class='ocrx_word' id='word_1_499' title='bbox 1325 777 1409 806; x_wconf 83' lang='lat' dir='ltr'><strong>sacris</strong></span> <span class='ocrx_word' id='word_1_500' title='bbox 1425 776 1571 815; x_wconf 84' lang='lat' dir='ltr'><strong>evangeliis</strong></span> <span class='ocrx_word' id='word_1_501' title='bbox 1591 777 1690 806; x_wconf 82' lang='lat' dir='ltr'><strong>referre</strong></span> 
     </span>
     <span class='ocr_line' id='line_1_64' title="bbox 949 822 1690 862; baseline -0.007 -7"><span class='ocrx_word' id='word_1_502' title='bbox 949 835 1000 858; x_wconf 86' lang='lat' dir='ltr'>non</span> <span class='ocrx_word' id='word_1_503' title='bbox 1015 825 1185 854; x_wconf 81' lang='lat' dir='ltr'><strong>dubitarunt.</strong></span> <span class='ocrx_word' id='word_1_504' title='bbox 1200 824 1293 862; x_wconf 84' lang='lat' dir='ltr'><strong>Itaque</strong></span> <span class='ocrx_word' id='word_1_505' title='bbox 1305 822 1404 862; x_wconf 86' lang='lat' dir='ltr'><strong>scripta</strong></span> <span class='ocrx_word' id='word_1_506' title='bbox 1418 822 1456 851; x_wconf 89' lang='lat' dir='ltr'>ibi</span> <span class='ocrx_word' id='word_1_507' title='bbox 1474 828 1537 851; x_wconf 83' lang='lat' dir='ltr'><strong>sunt</strong></span> <span class='ocrx_word' id='word_1_508' title='bbox 1551 828 1690 860; x_wconf 81' lang='lat' dir='ltr'><strong>qu&#39;aecum-</strong></span> 
     </span>
     <span class='ocr_line' id='line_1_65' title="bbox 950 867 1693 910; baseline -0.004 -10"><span class='ocrx_word' id='word_1_509' title='bbox 950 882 1003 910; x_wconf 87' lang='lat' dir='ltr'>que</span> <span class='ocrx_word' id='word_1_510' title='bbox 1014 871 1071 900; x_wconf 83' lang='lat' dir='ltr'><strong>ausi</strong></span> <span class='ocrx_word' id='word_1_511' title='bbox 1082 877 1144 900; x_wconf 89' lang='lat' dir='ltr'><strong>sunt</strong></span> <span class='ocrx_word' id='word_1_512' title='bbox 1156 869 1240 906; x_wconf 79' lang='lat' dir='ltr'><strong>illide</strong></span> <span class='ocrx_word' id='word_1_513' title='bbox 1252 868 1360 899; x_wconf 86' lang='lat' dir='ltr'><strong>Christo</strong></span> <span class='ocrx_word' id='word_1_514' title='bbox 1371 868 1471 902; x_wconf 79' lang='lat' dir='ltr'><strong>dicere,</strong></span> <span class='ocrx_word' id='word_1_515' title='bbox 1484 867 1555 906; x_wconf 89' lang='lat' dir='ltr'><strong>quod</strong></span> <span class='ocrx_word' id='word_1_516' title='bbox 1571 874 1693 907; x_wconf 87' lang='lat' dir='ltr'><strong>peccator</strong></span> 
     </span>
     <span class='ocr_line' id='line_1_66' title="bbox 950 913 1693 955; baseline -0.005 -9"><span class='ocrx_word' id='word_1_517' title='bbox 950 923 1029 953; x_wconf 87' lang='lat' dir='ltr'><strong>esset,</strong></span> <span class='ocrx_word' id='word_1_518' title='bbox 1041 915 1114 955; x_wconf 88' lang='lat' dir='ltr'><strong>quod</strong></span> <span class='ocrx_word' id='word_1_519' title='bbox 1130 926 1164 955; x_wconf 77' lang='lat' dir='ltr'>ex</span> <span class='ocrx_word' id='word_1_520' title='bbox 1176 917 1234 945; x_wconf 90' lang='lat' dir='ltr'>Deo</span> <span class='ocrx_word' id='word_1_521' title='bbox 1249 924 1303 944; x_wconf 89' lang='lat' dir='ltr'>non</span> <span class='ocrx_word' id='word_1_522' title='bbox 1316 920 1398 949; x_wconf 81' lang='lat' dir='ltr'><strong>esset,</strong></span> <span class='ocrx_word' id='word_1_523' title='bbox 1419 913 1544 952; x_wconf 85' lang='lat' dir='ltr'><strong>quodque</strong></span> <span class='ocrx_word' id='word_1_524' title='bbox 1557 923 1645 943; x_wconf 88' lang='lat' dir='ltr'><strong>coram</strong></span> <span class='ocrx_word' id='word_1_525' title='bbox 1660 924 1693 943; x_wconf 89' lang='lat' dir='ltr'>eo</span> 
     </span>
    </p>
   </div>
   <div class='ocr_carea' id='block_1_8' title="bbox 950 961 1842 999">
    <p class='ocr_par' dir='ltr' id='par_1_8' title="bbox 950 961 1842 999">
     <span class='ocr_line' id='line_1_67' title="bbox 950 961 1842 999; baseline -0.006 -8"><span class='ocrx_word' id='word_1_526' title='bbox 950 962 1009 992; x_wconf 87' lang='lat' dir='ltr'><strong>ausi</strong></span> <span class='ocrx_word' id='word_1_527' title='bbox 1021 962 1075 991; x_wconf 88' lang='lat' dir='ltr'><strong>sint</strong></span> <span class='ocrx_word' id='word_1_528' title='bbox 1088 961 1187 999; x_wconf 84' lang='lat' dir='ltr'><strong>dicere,</strong></span> <span class='ocrx_word' id='word_1_529' title='bbox 1207 961 1410 990; x_wconf 81' lang='lat' dir='ltr'><strong>Samaritanus</strong></span> <span class='ocrx_word' id='word_1_530' title='bbox 1440 972 1470 992; x_wconf 86' lang='lat' dir='ltr'>es</span> <span class='ocrx_word' id='word_1_531' title='bbox 1485 966 1526 996; x_wconf 83' lang='lat' dir='ltr'>tu,</span> <span class='ocrx_word' id='word_1_532' title='bbox 1538 966 1567 989; x_wconf 84' lang='lat' dir='ltr'>et</span> <span class='ocrx_word' id='word_1_533' title='bbox 1584 963 1691 991; x_wconf 83' lang='lat' dir='ltr'><strong>doemo-</strong></span> <span class='ocrx_word' id='word_1_534' title='bbox 1702 963 1842 994; x_wconf 77' lang='lat' dir='ltr'><strong>Juan.8.48.</strong></span> 
     </span>
    </p>
   </div>
   <div class='ocr_carea' id='block_1_9' title="bbox 951 1004 1695 1094">
    <p class='ocr_par' dir='ltr' id='par_1_9' title="bbox 951 1004 1695 1094">
     <span class='ocr_line' id='line_1_68' title="bbox 953 1004 1694 1047; baseline 0 -11"><span class='ocrx_word' id='word_1_535' title='bbox 953 1009 1034 1037; x_wconf 85' lang='lat' dir='ltr'><strong>nium</strong></span> <span class='ocrx_word' id='word_1_536' title='bbox 1057 1009 1157 1037; x_wconf 77' lang='lat' dir='ltr'><strong>habes.</strong></span> <span class='ocrx_word' id='word_1_537' title='bbox 1182 1008 1286 1045; x_wconf 81' lang='lat' dir='ltr'><strong>Vei-um</strong></span> <span class='ocrx_word' id='word_1_538' title='bbox 1309 1005 1448 1046; x_wconf 77' lang='lat' dir='ltr'><strong>Scriptura</strong></span> <span class='ocrx_word' id='word_1_539' title='bbox 1472 1017 1524 1036; x_wconf 91' lang='lat' dir='ltr'>non</span> <span class='ocrx_word' id='word_1_540' title='bbox 1550 1004 1694 1047; x_wconf 80' lang='lat' dir='ltr'><strong>scriptores</strong></span> 
     </span>
     <span class='ocr_line' id='line_1_69' title="bbox 951 1052 1695 1094; baseline 0 -12"><span class='ocrx_word' id='word_1_541' title='bbox 951 1060 1075 1090; x_wconf 84' lang='lat' dir='ltr'><strong>accusat,</strong></span> <span class='ocrx_word' id='word_1_542' title='bbox 1098 1052 1145 1083; x_wconf 85' lang='lat' dir='ltr'>sed</span> <span class='ocrx_word' id='word_1_543' title='bbox 1161 1053 1342 1094; x_wconf 83' lang='lat' dir='ltr'><strong>blasphemos.</strong></span> <span class='ocrx_word' id='word_1_544' title='bbox 1367 1052 1439 1082; x_wconf 84' lang='lat' dir='ltr'><strong>Audi</strong></span> <span class='ocrx_word' id='word_1_545' title='bbox 1457 1053 1576 1093; x_wconf 85' lang='lat' dir='ltr'><strong>Spiritus</strong></span> <span class='ocrx_word' id='word_1_546' title='bbox 1597 1053 1655 1083; x_wconf 89' lang='lat' dir='ltr'>vim</span> <span class='ocrx_word' id='word_1_547' title='bbox 1668 1059 1695 1082; x_wconf 89' lang='lat' dir='ltr'>et</span> 
     </span>
    </p>
   </div>
   <div class='ocr_carea' id='block_1_10' title="bbox 915 1098 1745 1143">
    <p class='ocr_par' dir='ltr' id='par_1_10' title="bbox 915 1098 1745 1143">
     <span class='ocr_line' id='line_1_70' title="bbox 915 1098 1745 1143; baseline -0.001 -14"><span class='ocrx_word' id='word_1_548' title='bbox 915 1103 933 1125; x_wconf 80' lang='grc' dir='ltr'><strong><em>Β</em></strong></span> <span class='ocrx_word' id='word_1_549' title='bbox 952 1099 1112 1137; x_wconf 75' lang='lat' dir='ltr'><strong>efficaciam,</strong></span> <span class='ocrx_word' id='word_1_550' title='bbox 1127 1099 1192 1129; x_wconf 82' lang='lat' dir='ltr'><strong>audi</strong></span> <span class='ocrx_word' id='word_1_551' title='bbox 1210 1098 1392 1139; x_wconf 88' lang='lat' dir='ltr'><strong>apostolorum</strong></span> <span class='ocrx_word' id='word_1_552' title='bbox 1412 1099 1518 1137; x_wconf 90' lang='lat' dir='ltr'><strong>laudes,</strong></span> <span class='ocrx_word' id='word_1_553' title='bbox 1539 1110 1634 1138; x_wconf 83' lang='lat' dir='ltr'><strong>eorum</strong></span> <span class='ocrx_word' id='word_1_554' title='bbox 1651 1109 1694 1135; x_wconf 81' lang='lat' dir='ltr'>se-</span> <span class='ocrx_word' id='word_1_555' title='bbox 1709 1136 1714 1143; x_wconf 38' lang='lat'><em>!</em></span> <span class='ocrx_word' id='word_1_556' title='bbox 1742 1103 1745 1105; x_wconf 75' lang='grc'>’</span> 
     </span>
    </p>
   </div>
   <div class='ocr_carea' id='block_1_11' title="bbox 952 1144 1695 1371">
    <p class='ocr_par' dir='ltr' id='par_1_11' title="bbox 952 1144 1695 1371">
     <span class='ocr_line' id='line_1_71' title="bbox 952 1144 1694 1184; baseline -0.001 -9"><span class='ocrx_word' id='word_1_557' title='bbox 952 1155 1035 1183; x_wconf 84' lang='lat' dir='ltr'><strong>quere</strong></span> <span class='ocrx_word' id='word_1_558' title='bbox 1051 1145 1216 1180; x_wconf 85' lang='lat' dir='ltr'><strong>doctrinam,</strong></span> <span class='ocrx_word' id='word_1_559' title='bbox 1230 1151 1329 1174; x_wconf 78' lang='lat' dir='ltr'><strong>sectare</strong></span> <span class='ocrx_word' id='word_1_560' title='bbox 1343 1150 1450 1184; x_wconf 86' lang='lat' dir='ltr'><strong>patrum</strong></span> <span class='ocrx_word' id='word_1_561' title='bbox 1463 1144 1594 1184; x_wconf 84' lang='lat' dir='ltr'><strong>vestigia;</strong></span> <span class='ocrx_word' id='word_1_562' title='bbox 1609 1155 1642 1174; x_wconf 90' lang='lat' dir='ltr'>ne</span> <span class='ocrx_word' id='word_1_563' title='bbox 1658 1155 1694 1174; x_wconf 84' lang='lat' dir='ltr'>ex</span> 
     </span>
     <span class='ocr_line' id='line_1_72' title="bbox 953 1184 1694 1232; baseline 0 -12"><span class='ocrx_word' id='word_1_564' title='bbox 953 1192 1126 1232; x_wconf 82' lang='lat' dir='ltr'><strong>profanorum</strong></span> <span class='ocrx_word' id='word_1_565' title='bbox 1139 1190 1260 1230; x_wconf 81' lang='lat' dir='ltr'><strong>vestigiis</strong></span> <span class='ocrx_word' id='word_1_566' title='bbox 1276 1190 1303 1219; x_wconf 91' lang='lat' dir='ltr'>in</span> <span class='ocrx_word' id='word_1_567' title='bbox 1321 1200 1438 1219; x_wconf 85' lang='lat' dir='ltr'><strong>errorem</strong></span> <span class='ocrx_word' id='word_1_568' title='bbox 1450 1184 1594 1220; x_wconf 75' lang='lat' dir='ltr'><strong>deducaris</strong></span> <span class='ocrx_word' id='word_1_569' title='bbox 1610 1203 1616 1220; x_wconf 74' lang='grc' dir='ltr'>ι</span> <span class='ocrx_word' id='word_1_570' title='bbox 1632 1191 1694 1220; x_wconf 82' lang='lat' dir='ltr'><strong>Tri-</strong></span> 
     </span>
     <span class='ocr_line' id='line_1_73' title="bbox 954 1234 1695 1276; baseline -0.001 -8"><span class='ocrx_word' id='word_1_571' title='bbox 954 1239 1064 1269; x_wconf 79' lang='lat' dir='ltr'><strong>nitatem</strong></span> <span class='ocrx_word' id='word_1_572' title='bbox 1075 1236 1175 1273; x_wconf 71' lang='lat' dir='ltr'><strong>&#39;adora,</strong></span> <span class='ocrx_word' id='word_1_573' title='bbox 1193 1236 1354 1266; x_wconf 84' lang='lat' dir='ltr'><strong>Trinitatem</strong></span> <span class='ocrx_word' id='word_1_574' title='bbox 1375 1234 1513 1276; x_wconf 85' lang='lat' dir='ltr'><strong>glorifica,</strong></span> <span class='ocrx_word' id='word_1_575' title='bbox 1535 1237 1695 1267; x_wconf 79' lang='lat' dir='ltr'><strong>Trinitatem</strong></span> 
     </span>
     <span class='ocr_line' id='line_1_74' title="bbox 953 1281 1695 1326; baseline -0.004 -12"><span class='ocrx_word' id='word_1_576' title='bbox 953 1283 1082 1326; x_wconf 83' lang='lat' dir='ltr'><strong>praedica.</strong></span> <span class='ocrx_word' id='word_1_577' title='bbox 1110 1284 1150 1313; x_wconf 89' lang='lat' dir='ltr'>Ita</span> <span class='ocrx_word' id='word_1_578' title='bbox 1176 1281 1295 1311; x_wconf 87' lang='lat' dir='ltr'><strong>sentiunt</strong></span> <span class='ocrx_word' id='word_1_579' title='bbox 1311 1282 1448 1322; x_wconf 84' lang='lat' dir='ltr'><strong>prophetae</strong></span> <span class='ocrx_word' id='word_1_580' title='bbox 1465 1304 1473 1320; x_wconf 90' lang='lat'><strong>,</strong></span> <span class='ocrx_word' id='word_1_581' title='bbox 1498 1282 1535 1311; x_wconf 85' lang='lat' dir='ltr'>ita</span> <span class='ocrx_word' id='word_1_582' title='bbox 1550 1281 1695 1322; x_wconf 85' lang='lat' dir='ltr'><strong>praedicant</strong></span> 
     </span>
     <span class='ocr_line' id='line_1_75' title="bbox 954 1326 1694 1371; baseline -0.005 -11"><span class='ocrx_word' id='word_1_583' title='bbox 954 1329 1068 1371; x_wconf 83' lang='lat' dir='ltr'><strong>apostoli</strong></span> <span class='ocrx_word' id='word_1_584' title='bbox 1082 1351 1090 1366; x_wconf 91' lang='lat'><strong>,</strong></span> <span class='ocrx_word' id='word_1_585' title='bbox 1115 1328 1152 1357; x_wconf 85' lang='lat' dir='ltr'>ita</span> <span class='ocrx_word' id='word_1_586' title='bbox 1176 1326 1289 1356; x_wconf 81' lang='lat' dir='ltr'><strong>credunt</strong></span> <span class='ocrx_word' id='word_1_587' title='bbox 1319 1333 1458 1367; x_wconf 81' lang='lat' dir='ltr'><strong>martyres.</strong></span> <span class='ocrx_word' id='word_1_588' title='bbox 1481 1327 1553 1356; x_wconf 78' lang='lat' dir='ltr'><strong>Audi</strong></span> <span class='ocrx_word' id='word_1_589' title='bbox 1579 1328 1694 1357; x_wconf 84' lang='lat' dir='ltr'><strong>Paulum</strong></span> 
     </span>
    </p>
   </div>
   <div class='ocr_carea' id='block_1_12' title="bbox 916 1373 1847 1459">
    <p class='ocr_par' dir='ltr' id='par_1_12' title="bbox 916 1373 1847 1459">
     <span class='ocr_line' id='line_1_76' title="bbox 916 1373 1847 1416; baseline -0.006 -10"><span class='ocrx_word' id='word_1_590' title='bbox 916 1413 917 1416; x_wconf 13' lang='grc' dir='ltr'><strong>Ἴ</strong></span> <span class='ocrx_word' id='word_1_591' title='bbox 953 1375 1114 1406; x_wconf 85' lang='lat' dir='ltr'><strong>Trinitatem</strong></span> <span class='ocrx_word' id='word_1_592' title='bbox 1125 1373 1313 1414; x_wconf 75' lang='lat' dir='ltr'><strong>praedicantem</strong></span> <span class='ocrx_word' id='word_1_593' title='bbox 1329 1385 1336 1401; x_wconf 91' lang='lat'><strong>:</strong></span> <span class='ocrx_word' id='word_1_594' title='bbox 1354 1373 1521 1403; x_wconf 80' lang='lat' dir='ltr'><strong>Divisiones</strong></span> <span class='ocrx_word' id='word_1_595' title='bbox 1534 1376 1693 1414; x_wconf 73' lang='lat' dir='ltr'><strong>gratiarum</strong></span> <span class='ocrx_word' id='word_1_596' title='bbox 1709 1386 1728 1402; x_wconf 93' lang='grc' dir='ltr'>ι.</span> <span class='ocrx_word' id='word_1_597' title='bbox 1741 1380 1795 1402; x_wconf 75' lang='lat' dir='ltr'><strong>cm.</strong></span> <span class='ocrx_word' id='word_1_598' title='bbox 1809 1386 1847 1403; x_wconf 64' lang='grc' dir='ltr'>ιε.</span> 
     </span>
     <span class='ocr_line' id='line_1_77' title="bbox 954 1411 1791 1459; baseline -0.005 -7"><span class='ocrx_word' id='word_1_599' title='bbox 954 1428 1032 1457; x_wconf 81' lang='lat' dir='ltr'><strong>sunt,</strong></span> <span class='ocrx_word' id='word_1_600' title='bbox 1055 1421 1132 1459; x_wconf 82' lang='lat' dir='ltr'><strong>idem</strong></span> <span class='ocrx_word' id='word_1_601' title='bbox 1155 1426 1252 1449; x_wconf 79' lang='lat' dir='ltr'><strong>autem</strong></span> <span class='ocrx_word' id='word_1_602' title='bbox 1271 1419 1414 1458; x_wconf 79' lang='lat' dir='ltr'><strong>Spiritus;</strong></span> <span class='ocrx_word' id='word_1_603' title='bbox 1432 1416 1696 1449; x_wconf 65' lang='lat' dir='ltr'><strong>divisiones‘mini-</strong></span> <span class='ocrx_word' id='word_1_604' title='bbox 1706 1411 1791 1444; x_wconf 76' lang='lat'><strong>4·&#39;&#39;‘⁶·</strong></span> 
     </span>
    </p>
   </div>
   <div class='ocr_carea' id='block_1_13' title="bbox 955 1465 1698 1551">
    <p class='ocr_par' dir='ltr' id='par_1_13' title="bbox 955 1465 1698 1551">
     <span class='ocr_line' id='line_1_78' title="bbox 955 1465 1696 1502; baseline -0.004 -5"><span class='ocrx_word' id='word_1_605' title='bbox 955 1468 1128 1497; x_wconf 81' lang='lat' dir='ltr'><strong>strationum</strong></span> <span class='ocrx_word' id='word_1_606' title='bbox 1141 1471 1220 1502; x_wconf 86' lang='lat' dir='ltr'><strong>sunt,</strong></span> <span class='ocrx_word' id='word_1_607' title='bbox 1236 1465 1313 1493; x_wconf 84' lang='lat' dir='ltr'><strong>idem</strong></span> <span class='ocrx_word' id='word_1_608' title='bbox 1323 1470 1421 1493; x_wconf 86' lang='lat' dir='ltr'><strong>autem</strong></span> <span class='ocrx_word' id='word_1_609' title='bbox 1442 1465 1588 1494; x_wconf 81' lang='lat' dir='ltr'><strong>Dominus</strong></span> <span class='ocrx_word' id='word_1_610' title='bbox 1593 1476 1607 1501; x_wconf 90' lang='lat'><em>;</em></span> <span class='ocrx_word' id='word_1_611' title='bbox 1622 1466 1696 1494; x_wconf 77' lang='lat' dir='ltr'><em>divi-</em></span> 
     </span>
     <span class='ocr_line' id='line_1_79' title="bbox 956 1511 1698 1551; baseline -0.004 -8"><span class='ocrx_word' id='word_1_612' title='bbox 956 1515 1051 1543; x_wconf 80' lang='lat' dir='ltr'><strong>siones</strong></span> <span class='ocrx_word' id='word_1_613' title='bbox 1064 1513 1263 1551; x_wconf 74' lang='lat' dir='ltr'><strong>operationum</strong></span> <span class='ocrx_word' id='word_1_614' title='bbox 1276 1516 1353 1546; x_wconf 84' lang='lat' dir='ltr'><strong>sunt,</strong></span> <span class='ocrx_word' id='word_1_615' title='bbox 1366 1511 1443 1539; x_wconf 81' lang='lat' dir='ltr'><strong>idem</strong></span> <span class='ocrx_word' id='word_1_616' title='bbox 1457 1520 1527 1539; x_wconf 80' lang='lat' dir='ltr'><strong>vero</strong></span> <span class='ocrx_word' id='word_1_617' title='bbox 1540 1511 1631 1546; x_wconf 81' lang='lat' dir='ltr'><strong>Deus,</strong></span> <span class='ocrx_word' id='word_1_618' title='bbox 1646 1513 1698 1550; x_wconf 80' lang='lat' dir='ltr'>qui</span> 
     </span>
    </p>
   </div>
   <div class='ocr_carea' id='block_1_14' title="bbox 920 1556 1698 1597">
    <p class='ocr_par' dir='ltr' id='par_1_14' title="bbox 920 1556 1698 1597">
     <span class='ocr_line' id='line_1_80' title="bbox 920 1556 1698 1597; baseline -0.003 -10"><span class='ocrx_word' id='word_1_619' title='bbox 920 1564 938 1587; x_wconf 83' lang='lat' dir='ltr'>c</span> <span class='ocrx_word' id='word_1_620' title='bbox 957 1564 1094 1597; x_wconf 81' lang='lat' dir='ltr'><strong>operatur</strong></span> <span class='ocrx_word' id='word_1_621' title='bbox 1106 1557 1206 1586; x_wconf 84' lang='lat' dir='ltr'><strong>omnia</strong></span> <span class='ocrx_word' id='word_1_622' title='bbox 1223 1557 1254 1585; x_wconf 90' lang='lat' dir='ltr'>in</span> <span class='ocrx_word' id='word_1_623' title='bbox 1269 1556 1412 1584; x_wconf 83' lang='lat' dir='ltr'><strong>omnibus.</strong></span> <span class='ocrx_word' id='word_1_624' title='bbox 1429 1556 1486 1585; x_wconf 85' lang='lat' dir='ltr'>Cur</span> <span class='ocrx_word' id='word_1_625' title='bbox 1499 1566 1554 1585; x_wconf 90' lang='lat' dir='ltr'>non</span> <span class='ocrx_word' id='word_1_626' title='bbox 1572 1556 1668 1596; x_wconf 86' lang='lat' dir='ltr'><strong>incipit</strong></span> <span class='ocrx_word' id='word_1_627' title='bbox 1682 1568 1698 1585; x_wconf 89' lang='lat' dir='ltr'>a</span> 
     </span>
    </p>
   </div>
   <div class='ocr_carea' id='block_1_15' title="bbox 958 1600 1700 1730">
    <p class='ocr_par' dir='ltr' id='par_1_15' title="bbox 958 1600 1700 1730">
     <span class='ocr_line' id='line_1_81' title="bbox 959 1600 1698 1640; baseline -0.001 -8"><span class='ocrx_word' id='word_1_628' title='bbox 959 1603 1054 1632; x_wconf 80' lang='lat' dir='ltr'><strong>Patre?</strong></span> <span class='ocrx_word' id='word_1_629' title='bbox 1077 1613 1126 1632; x_wconf 86' lang='lat' dir='ltr'>cur</span> <span class='ocrx_word' id='word_1_630' title='bbox 1147 1611 1198 1630; x_wconf 89' lang='lat' dir='ltr'>non</span> <span class='ocrx_word' id='word_1_631' title='bbox 1222 1601 1309 1640; x_wconf 88' lang='lat' dir='ltr'><strong>primo</strong></span> <span class='ocrx_word' id='word_1_632' title='bbox 1328 1600 1408 1629; x_wconf 88' lang='lat' dir='ltr'><strong>illum</strong></span> <span class='ocrx_word' id='word_1_633' title='bbox 1433 1600 1578 1639; x_wconf 76' lang='lat' dir='ltr'><strong>praedicat,</strong></span> <span class='ocrx_word' id='word_1_634' title='bbox 1600 1601 1698 1631; x_wconf 89' lang='lat' dir='ltr'><strong>deinde</strong></span> 
     </span>
     <span class='ocr_line' id='line_1_82' title="bbox 958 1646 1699 1687; baseline -0.001 -9"><span class='ocrx_word' id='word_1_635' title='bbox 958 1648 1081 1685; x_wconf 89' lang='lat' dir='ltr'><strong>Filium,</strong></span> <span class='ocrx_word' id='word_1_636' title='bbox 1108 1647 1217 1677; x_wconf 88' lang='lat' dir='ltr'><strong>demum</strong></span> <span class='ocrx_word' id='word_1_637' title='bbox 1232 1646 1366 1687; x_wconf 81' lang='lat' dir='ltr'><strong>Spiritum</strong></span> <span class='ocrx_word' id='word_1_638' title='bbox 1387 1647 1532 1676; x_wconf 84' lang='lat' dir='ltr'><strong>sanctum?</strong></span> <span class='ocrx_word' id='word_1_639' title='bbox 1550 1647 1699 1677; x_wconf 83' lang='lat' dir='ltr'><strong>Invertisne</strong></span> 
     </span>
     <span class='ocr_line' id='line_1_83' title="bbox 958 1692 1700 1730; baseline 0 -7"><span class='ocrx_word' id='word_1_640' title='bbox 958 1693 1090 1730; x_wconf 86' lang='lat' dir='ltr'><strong>ordinem,</strong></span> <span class='ocrx_word' id='word_1_641' title='bbox 1101 1693 1184 1723; x_wconf 86' lang='lat' dir='ltr'><strong>Paule</strong></span> <span class='ocrx_word' id='word_1_642' title='bbox 1194 1692 1208 1721; x_wconf 61' lang='grc' dir='ltr'>ἒ</span> <span class='ocrx_word' id='word_1_643' title='bbox 1222 1699 1343 1722; x_wconf 87' lang='lat' dir='ltr'><strong>mutasne</strong></span> <span class='ocrx_word' id='word_1_644' title='bbox 1356 1692 1450 1722; x_wconf 83' lang='lat' dir='ltr'><strong>scriem</strong></span> <span class='ocrx_word' id='word_1_645' title='bbox 1459 1692 1473 1721; x_wconf 72' lang='lat'>3’</span> <span class='ocrx_word' id='word_1_646' title='bbox 1487 1694 1560 1722; x_wconf 90' lang='lat' dir='ltr'>Dum</span> <span class='ocrx_word' id='word_1_647' title='bbox 1574 1693 1700 1724; x_wconf 80' lang='lat' dir='ltr'><strong>Ser-vator</strong></span> 
     </span>
    </p>
   </div>
   <div class='ocr_carea' id='block_1_16' title="bbox 959 1738 1850 1777">
    <p class='ocr_par' dir='ltr' id='par_1_16' title="bbox 959 1738 1850 1777">
     <span class='ocr_line' id='line_1_84' title="bbox 959 1738 1850 1777; baseline 0 -9"><span class='ocrx_word' id='word_1_648' title='bbox 959 1739 996 1769; x_wconf 87' lang='lat' dir='ltr'>ita</span> <span class='ocrx_word' id='word_1_649' title='bbox 1010 1738 1169 1775; x_wconf 86' lang='lat' dir='ltr'><strong>tradiderit,</strong></span> <span class='ocrx_word' id='word_1_650' title='bbox 1193 1740 1230 1767; x_wconf 84' lang='lat' dir='ltr'><strong>In</strong></span> <span class='ocrx_word' id='word_1_651' title='bbox 1245 1739 1362 1767; x_wconf 82' lang='lat' dir='ltr'><strong>nomine</strong></span> <span class='ocrx_word' id='word_1_652' title='bbox 1376 1738 1478 1767; x_wconf 79' lang='lat' dir='ltr'><strong>Patris</strong></span> <span class='ocrx_word' id='word_1_653' title='bbox 1488 1763 1496 1774; x_wconf 94' lang='lat'><strong>,</strong></span> <span class='ocrx_word' id='word_1_654' title='bbox 1513 1738 1540 1768; x_wconf 71' lang='lat' dir='ltr'>et</span> <span class='ocrx_word' id='word_1_655' title='bbox 1553 1739 1627 1769; x_wconf 74' lang='lat' dir='ltr'><strong>Fini</strong></span> <span class='ocrx_word' id='word_1_656' title='bbox 1639 1762 1648 1777; x_wconf 85' lang='lat'><strong>,</strong></span> <span class='ocrx_word' id='word_1_657' title='bbox 1671 1745 1699 1770; x_wconf 85' lang='lat' dir='ltr'>et</span> <span class='ocrx_word' id='word_1_658' title='bbox 1711 1749 1796 1771; x_wconf 68' lang='lat' dir='ltr'><strong>nauh.</strong></span> <span class='ocrx_word' id='word_1_659' title='bbox 1811 1747 1850 1770; x_wconf 83' lang='lat'>28.</span> 
     </span>
    </p>
   </div>
   <div class='ocr_carea' id='block_1_17' title="bbox 959 1784 1748 2054">
    <p class='ocr_par' dir='ltr' id='par_1_17' title="bbox 959 1784 1748 2054">
     <span class='ocr_line' id='line_1_85' title="bbox 959 1784 1748 1824; baseline 0 -10"><span class='ocrx_word' id='word_1_660' title='bbox 959 1785 1081 1824; x_wconf 81' lang='lat' dir='ltr'><strong>Spiritus</strong></span> <span class='ocrx_word' id='word_1_661' title='bbox 1107 1784 1220 1821; x_wconf 75' lang='lat' dir='ltr'><strong>sancti,</strong></span> <span class='ocrx_word' id='word_1_662' title='bbox 1242 1790 1306 1813; x_wconf 87' lang='lat' dir='ltr'><strong>tune</strong></span> <span class='ocrx_word' id='word_1_663' title='bbox 1327 1784 1411 1815; x_wconf 88' lang='lat' dir='ltr'><strong>solvis</strong></span> <span class='ocrx_word' id='word_1_664' title='bbox 1425 1784 1564 1824; x_wconf 70' lang='lat' dir='ltr'><strong>theologia}</strong></span> <span class='ocrx_word' id='word_1_665' title='bbox 1589 1785 1674 1824; x_wconf 79' lang='lat' dir='ltr'><strong>legem</strong></span> <span class='ocrx_word' id='word_1_666' title='bbox 1686 1785 1700 1814; x_wconf 73' lang='grc' dir='ltr'>Ξ)</span> <span class='ocrx_word' id='word_1_667' title='bbox 1713 1786 1748 1810; x_wconf 85' lang='lat'>¹9·</span> 
     </span>
     <span class='ocr_line' id='line_1_86' title="bbox 961 1829 1700 1869; baseline -0.001 -8"><span class='ocrx_word' id='word_1_668' title='bbox 961 1832 1068 1861; x_wconf 79' lang='lat' dir='ltr'><strong>Verum</strong></span> <span class='ocrx_word' id='word_1_669' title='bbox 1080 1829 1150 1859; x_wconf 83' lang='lat' dir='ltr'><strong>absit</strong></span> <span class='ocrx_word' id='word_1_670' title='bbox 1163 1839 1196 1859; x_wconf 89' lang='lat' dir='ltr'>ne</span> <span class='ocrx_word' id='word_1_671' title='bbox 1216 1829 1283 1868; x_wconf 84' lang='lat' dir='ltr'><strong>quid</strong></span> <span class='ocrx_word' id='word_1_672' title='bbox 1297 1830 1349 1859; x_wconf 87' lang='lat' dir='ltr'><strong>tale</strong></span> <span class='ocrx_word' id='word_1_673' title='bbox 1363 1840 1491 1869; x_wconf 83' lang='lat' dir='ltr'><strong>umquam</strong></span> <span class='ocrx_word' id='word_1_674' title='bbox 1504 1830 1539 1859; x_wconf 90' lang='lat' dir='ltr'>de</span> <span class='ocrx_word' id='word_1_675' title='bbox 1552 1831 1637 1860; x_wconf 85' lang='lat' dir='ltr'><strong>Paulo</strong></span> <span class='ocrx_word' id='word_1_676' title='bbox 1653 1841 1700 1860; x_wconf 91' lang='lat' dir='ltr'>co-</span> 
     </span>
     <span class='ocr_line' id='line_1_87' title="bbox 961 1875 1699 1917; baseline 0.001 -11"><span class='ocrx_word' id='word_1_677' title='bbox 961 1876 1085 1916; x_wconf 81' lang='lat' dir='ltr'><strong>gitemus.</strong></span> <span class='ocrx_word' id='word_1_678' title='bbox 1105 1876 1218 1906; x_wconf 84' lang='lat' dir='ltr'><strong>Sanctus</strong></span> <span class='ocrx_word' id='word_1_679' title='bbox 1232 1876 1305 1905; x_wconf 83' lang='lat' dir='ltr'><strong>enim</strong></span> <span class='ocrx_word' id='word_1_680' title='bbox 1321 1876 1367 1905; x_wconf 85' lang='lat' dir='ltr'><strong>ille</strong></span> <span class='ocrx_word' id='word_1_681' title='bbox 1380 1883 1406 1906; x_wconf 87' lang='lat' dir='ltr'>et</span> <span class='ocrx_word' id='word_1_682' title='bbox 1419 1875 1588 1906; x_wconf 87' lang='lat' dir='ltr'><strong>admirabilis</strong></span> <span class='ocrx_word' id='word_1_683' title='bbox 1600 1887 1699 1917; x_wconf 68' lang='lat' dir='ltr'><strong>prame,</strong></span> 
     </span>
     <span class='ocr_line' id='line_1_88' title="bbox 961 1923 1701 1964; baseline 0.001 -11"><span class='ocrx_word' id='word_1_684' title='bbox 961 1924 1012 1953; x_wconf 91' lang='lat' dir='ltr'>hoc</span> <span class='ocrx_word' id='word_1_685' title='bbox 1025 1923 1110 1963; x_wconf 82' lang='lat' dir='ltr'><strong>probe</strong></span> <span class='ocrx_word' id='word_1_686' title='bbox 1122 1929 1243 1960; x_wconf 84' lang='lat' dir='ltr'><strong>noverat,</strong></span> <span class='ocrx_word' id='word_1_687' title='bbox 1258 1933 1286 1952; x_wconf 91' lang='lat' dir='ltr'>se</span> <span class='ocrx_word' id='word_1_688' title='bbox 1298 1923 1402 1953; x_wconf 91' lang='lat' dir='ltr'><strong>etiamsi</strong></span> <span class='ocrx_word' id='word_1_689' title='bbox 1415 1923 1535 1963; x_wconf 88' lang='lat' dir='ltr'><strong>Spiritus</strong></span> <span class='ocrx_word' id='word_1_690' title='bbox 1546 1923 1634 1964; x_wconf 89' lang='lat' dir='ltr'><strong>primo</strong></span> <span class='ocrx_word' id='word_1_691' title='bbox 1643 1935 1701 1954; x_wconf 88' lang='lat' dir='ltr'>me-</span> 
     </span>
     <span class='ocr_line' id='line_1_89' title="bbox 962 1968 1702 2008; baseline 0.001 -10"><span class='ocrx_word' id='word_1_692' title='bbox 962 1969 1095 2005; x_wconf 87' lang='lat' dir='ltr'><strong>minisset,</strong></span> <span class='ocrx_word' id='word_1_693' title='bbox 1106 1968 1283 1998; x_wconf 86' lang='lat' dir='ltr'><strong>nihilominus</strong></span> <span class='ocrx_word' id='word_1_694' title='bbox 1293 1968 1456 2008; x_wconf 84' lang='lat' dir='ltr'><strong>theologiam</strong></span> <span class='ocrx_word' id='word_1_695' title='bbox 1465 1969 1576 1999; x_wconf 75' lang='lat' dir='ltr'><strong>illaesam</strong></span> <span class='ocrx_word' id='word_1_696' title='bbox 1587 1980 1702 2005; x_wconf 85' lang='lat' dir='ltr'><strong>servare,</strong></span> 
     </span>
     <span class='ocr_line' id='line_1_90' title="bbox 962 2014 1703 2054; baseline 0.003 -10"><span class='ocrx_word' id='word_1_697' title='bbox 962 2025 1047 2054; x_wconf 88' lang='lat' dir='ltr'><strong>neque</strong></span> <span class='ocrx_word' id='word_1_698' title='bbox 1059 2014 1224 2044; x_wconf 82' lang='lat' dir='ltr'><strong>inconfusam</strong></span> <span class='ocrx_word' id='word_1_699' title='bbox 1238 2021 1359 2044; x_wconf 82' lang='lat' dir='ltr'><strong>naturam</strong></span> <span class='ocrx_word' id='word_1_700' title='bbox 1371 2015 1530 2044; x_wconf 87' lang='lat' dir='ltr'><strong>contumelia</strong></span> <span class='ocrx_word' id='word_1_701' title='bbox 1543 2015 1646 2045; x_wconf 80' lang='lat' dir='ltr'><strong>afficere</strong></span> <span class='ocrx_word' id='word_1_702' title='bbox 1656 2026 1703 2046; x_wconf 87' lang='lat' dir='ltr'>ne-</span> 
     </span>
    </p>
   </div>
   <div class='ocr_carea' id='block_1_18' title="bbox 925 2053 1703 2102">
    <p class='ocr_par' dir='ltr' id='par_1_18' title="bbox 925 2053 1703 2102">
     <span class='ocr_line' id='line_1_91' title="bbox 925 2053 1703 2102; baseline 0 -11"><span class='ocrx_word' id='word_1_703' title='bbox 925 2063 944 2086; x_wconf 87' lang='lat'>1)</span> <span class='ocrx_word' id='word_1_704' title='bbox 961 2072 1013 2100; x_wconf 88' lang='lat' dir='ltr'>que</span> <span class='ocrx_word' id='word_1_705' title='bbox 1023 2053 1358 2091; x_wconf 79' lang='lat' dir='ltr'><strong>dividere&#39;indivisibilem</strong></span> <span class='ocrx_word' id='word_1_706' title='bbox 1377 2060 1545 2100; x_wconf 80' lang='lat' dir='ltr'><strong>dignitatem.</strong></span> <span class='ocrx_word' id='word_1_707' title='bbox 1568 2062 1703 2102; x_wconf 88' lang='lat' dir='ltr'><strong>Spiritum</strong></span> 
     </span>
    </p>
   </div>
   <div class='ocr_carea' id='block_1_19' title="bbox 960 2106 1704 2510">
    <p class='ocr_par' dir='ltr' id='par_1_19' title="bbox 960 2106 1704 2510">
     <span class='ocr_line' id='line_1_92' title="bbox 961 2106 1702 2148; baseline 0.001 -12"><span class='ocrx_word' id='word_1_708' title='bbox 961 2108 1049 2147; x_wconf 86' lang='lat' dir='ltr'><strong>primo</strong></span> <span class='ocrx_word' id='word_1_709' title='bbox 1062 2113 1201 2145; x_wconf 88' lang='lat' dir='ltr'><strong>memorat,</strong></span> <span class='ocrx_word' id='word_1_710' title='bbox 1215 2113 1245 2138; x_wconf 94' lang='lat' dir='ltr'>ut</span> <span class='ocrx_word' id='word_1_711' title='bbox 1257 2106 1387 2143; x_wconf 82' lang='lat' dir='ltr'><strong>ostendat,</strong></span> <span class='ocrx_word' id='word_1_712' title='bbox 1407 2107 1551 2147; x_wconf 89' lang='lat' dir='ltr'><strong>Spiritum,</strong></span> <span class='ocrx_word' id='word_1_713' title='bbox 1576 2108 1625 2137; x_wconf 87' lang='lat' dir='ltr'><strong>etsi</strong></span> <span class='ocrx_word' id='word_1_714' title='bbox 1652 2119 1702 2148; x_wconf 82' lang='lat' dir='ltr'>po·</span> 
     </span>
     <span class='ocr_line' id='line_1_93' title="bbox 960 2151 1704 2193; baseline 0.003 -12"><span class='ocrx_word' id='word_1_715' title='bbox 960 2160 1073 2182; x_wconf 86' lang='lat' dir='ltr'><strong>stremus</strong></span> <span class='ocrx_word' id='word_1_716' title='bbox 1083 2151 1226 2193; x_wconf 78' lang='lat' dir='ltr'><strong>scribatur,</strong></span> <span class='ocrx_word' id='word_1_717' title='bbox 1237 2162 1289 2182; x_wconf 88' lang='lat' dir='ltr'>non</span> <span class='ocrx_word' id='word_1_718' title='bbox 1296 2152 1361 2182; x_wconf 83' lang='lat' dir='ltr'><strong>hinc</strong></span> <span class='ocrx_word' id='word_1_719' title='bbox 1370 2152 1496 2182; x_wconf 84' lang='lat' dir='ltr'><strong>ultimum</strong></span> <span class='ocrx_word' id='word_1_720' title='bbox 1505 2160 1530 2182; x_wconf 86' lang='lat' dir='ltr'>et</span> <span class='ocrx_word' id='word_1_721' title='bbox 1539 2160 1704 2193; x_wconf 83' lang='lat' dir='ltr'><strong>postremum</strong></span> 
     </span>
     <span class='ocr_line' id='line_1_94' title="bbox 961 2197 1702 2238; baseline 0 -11"><span class='ocrx_word' id='word_1_722' title='bbox 961 2198 1042 2227; x_wconf 82' lang='lat' dir='ltr'><strong>effici.</strong></span> <span class='ocrx_word' id='word_1_723' title='bbox 1065 2197 1136 2235; x_wconf 80' lang='lat' dir='ltr'><strong>Quia</strong></span> <span class='ocrx_word' id='word_1_724' title='bbox 1158 2197 1230 2227; x_wconf 85' lang='lat' dir='ltr'><strong>enim</strong></span> <span class='ocrx_word' id='word_1_725' title='bbox 1248 2198 1290 2227; x_wconf 84' lang='lat' dir='ltr'><strong>illi</strong></span> <span class='ocrx_word' id='word_1_726' title='bbox 1315 2209 1397 2238; x_wconf 80' lang='lat' dir='ltr'><strong>prave</strong></span> <span class='ocrx_word' id='word_1_727' title='bbox 1420 2198 1630 2238; x_wconf 85' lang='lat' dir='ltr'><strong>interpretantur</strong></span> <span class='ocrx_word' id='word_1_728' title='bbox 1650 2209 1702 2227; x_wconf 91' lang='lat' dir='ltr'>ncn</span> 
     </span>
     <span class='ocr_line' id='line_1_95' title="bbox 961 2243 1703 2284; baseline 0 -12"><span class='ocrx_word' id='word_1_729' title='bbox 961 2250 1189 2280; x_wconf 81' lang='lat' dir='ltr'><strong>connumerantes,</strong></span> <span class='ocrx_word' id='word_1_730' title='bbox 1207 2243 1255 2273; x_wconf 88' lang='lat' dir='ltr'>sed</span> <span class='ocrx_word' id='word_1_731' title='bbox 1268 2243 1407 2284; x_wconf 86' lang='lat' dir='ltr'><strong>posteriori</strong></span> <span class='ocrx_word' id='word_1_732' title='bbox 1426 2243 1520 2273; x_wconf 89' lang='lat' dir='ltr'><strong>ordine</strong></span> <span class='ocrx_word' id='word_1_733' title='bbox 1536 2251 1703 2273; x_wconf 84' lang='lat' dir='ltr'><strong>numerantes</strong></span> 
     </span>
     <span class='ocr_line' id='line_1_96' title="bbox 962 2289 1703 2330; baseline -0.001 -11"><span class='ocrx_word' id='word_1_734' title='bbox 962 2296 1021 2330; x_wconf 88' lang='lat' dir='ltr'><strong>post</strong></span> <span class='ocrx_word' id='word_1_735' title='bbox 1038 2291 1143 2320; x_wconf 88' lang='lat' dir='ltr'><strong>Patrem</strong></span> <span class='ocrx_word' id='word_1_736' title='bbox 1160 2289 1276 2326; x_wconf 81' lang='lat' dir='ltr'><strong>Filium,</strong></span> <span class='ocrx_word' id='word_1_737' title='bbox 1294 2297 1355 2330; x_wconf 90' lang='lat' dir='ltr'><strong>post</strong></span> <span class='ocrx_word' id='word_1_738' title='bbox 1370 2290 1472 2319; x_wconf 88' lang='lat' dir='ltr'><strong>Filium</strong></span> <span class='ocrx_word' id='word_1_739' title='bbox 1491 2290 1622 2329; x_wconf 85' lang='lat' dir='ltr'><strong>Spiritum</strong></span> <span class='ocrx_word' id='word_1_740' title='bbox 1641 2300 1703 2318; x_wconf 90' lang='lat' dir='ltr'><strong>san-</strong></span> 
     </span>
     <span class='ocr_line' id='line_1_97' title="bbox 961 2335 1701 2376; baseline -0.003 -11"><span class='ocrx_word' id='word_1_741' title='bbox 961 2339 1033 2365; x_wconf 77' lang='lat' dir='ltr'><strong>ctum</strong></span> <span class='ocrx_word' id='word_1_742' title='bbox 1048 2335 1168 2376; x_wconf 84' lang='lat' dir='ltr'><strong>(primus</strong></span> <span class='ocrx_word' id='word_1_743' title='bbox 1186 2336 1270 2372; x_wconf 89' lang='lat' dir='ltr'><strong>enim,</strong></span> <span class='ocrx_word' id='word_1_744' title='bbox 1290 2335 1375 2372; x_wconf 82' lang='lat' dir='ltr'><strong>aiunt,</strong></span> <span class='ocrx_word' id='word_1_745' title='bbox 1394 2337 1483 2372; x_wconf 79' lang='lat' dir='ltr'><strong>Pater,</strong></span> <span class='ocrx_word' id='word_1_746' title='bbox 1502 2335 1634 2364; x_wconf 87' lang='lat' dir='ltr'><strong>secundus</strong></span> <span class='ocrx_word' id='word_1_747' title='bbox 1654 2335 1701 2364; x_wconf 86' lang='lat' dir='ltr'>Fi-</span> 
     </span>
     <span class='ocr_line' id='line_1_98' title="bbox 960 2379 1702 2421; baseline -0.001 -10"><span class='ocrx_word' id='word_1_748' title='bbox 960 2381 1031 2419; x_wconf 87' lang='lat' dir='ltr'><strong>lius,</strong></span> <span class='ocrx_word' id='word_1_749' title='bbox 1055 2381 1149 2411; x_wconf 90' lang='lat' dir='ltr'><strong>tertius</strong></span> <span class='ocrx_word' id='word_1_750' title='bbox 1173 2381 1292 2421; x_wconf 87' lang='lat' dir='ltr'><strong>Spiritus</strong></span> <span class='ocrx_word' id='word_1_751' title='bbox 1314 2387 1435 2416; x_wconf 86' lang='lat' dir='ltr'><strong>sanctus,</strong></span> <span class='ocrx_word' id='word_1_752' title='bbox 1456 2386 1604 2408; x_wconf 83' lang='lat' dir='ltr'><strong>accuratam</strong></span> <span class='ocrx_word' id='word_1_753' title='bbox 1626 2379 1702 2410; x_wconf 83' lang='lat' dir='ltr'><strong>illam</strong></span> 
     </span>
     <span class='ocr_line' id='line_1_99' title="bbox 960 2423 1702 2461; baseline -0.003 -6"><span class='ocrx_word' id='word_1_754' title='bbox 960 2425 1101 2455; x_wconf 80' lang='lat' dir='ltr'><strong>adorandae</strong></span> <span class='ocrx_word' id='word_1_755' title='bbox 1115 2424 1255 2454; x_wconf 90' lang='lat' dir='ltr'><strong>Trinitatis</strong></span> <span class='ocrx_word' id='word_1_756' title='bbox 1272 2423 1366 2452; x_wconf 88' lang='lat' dir='ltr'><strong>scriem</strong></span> <span class='ocrx_word' id='word_1_757' title='bbox 1380 2423 1540 2461; x_wconf 80' lang='lat' dir='ltr'><strong>ignorantes,</strong></span> <span class='ocrx_word' id='word_1_758' title='bbox 1556 2423 1601 2452; x_wconf 83' lang='lat' dir='ltr'>scd</span> <span class='ocrx_word' id='word_1_759' title='bbox 1616 2431 1702 2453; x_wconf 84' lang='lat' dir='ltr'><strong>mente</strong></span> 
     </span>
     <span class='ocr_line' id='line_1_100' title="bbox 961 2466 1701 2510; baseline -0.004 -10"><span class='ocrx_word' id='word_1_760' title='bbox 961 2471 1084 2510; x_wconf 64' lang='lat' dir='ltr'><strong>perversa</strong></span> <span class='ocrx_word' id='word_1_761' title='bbox 1102 2469 1242 2507; x_wconf 75' lang='lat' dir='ltr'><strong>theologiae</strong></span> <span class='ocrx_word' id='word_1_762' title='bbox 1259 2467 1400 2507; x_wconf 84' lang='lat' dir='ltr'><strong>puritatem</strong></span> <span class='ocrx_word' id='word_1_763' title='bbox 1419 2466 1578 2495; x_wconf 79' lang='lat' dir='ltr'><strong>contumelia</strong></span> <span class='ocrx_word' id='word_1_764' title='bbox 1595 2467 1701 2497; x_wconf 75' lang='lat' dir='ltr'><strong>afficere</strong></span> 
     </span>
    </p>
   </div>
   <div class='ocr_carea' id='block_1_20' title="bbox 140 2508 1699 2552">
    <p class='ocr_par' dir='ltr' id='par_1_20' title="bbox 140 2508 1699 2552">
     <span class='ocr_line' id='line_1_101' title="bbox 140 2508 1699 2552; baseline -0.002 -10"><span class='ocrx_word' id='word_1_765' title='bbox 140 2508 189 2543; x_wconf 61' lang='grc' dir='ltr'>τὴν</span> <span class='ocrx_word' id='word_1_766' title='bbox 201 2508 326 2547; x_wconf 58' lang='grc' dir='ltr'>δύναμῑν5</span> <span class='ocrx_word' id='word_1_767' title='bbox 337 2508 384 2538; x_wconf 64' lang='grc' dir='ltr'>’καὶ</span> <span class='ocrx_word' id='word_1_768' title='bbox 398 2508 466 2547; x_wconf 72' lang='grc' dir='ltr'>λύσῃ</span> <span class='ocrx_word' id='word_1_769' title='bbox 487 2510 538 2537; x_wconf 65' lang='grc' dir='ltr'>τῶν</span> <span class='ocrx_word' id='word_1_770' title='bbox 553 2509 673 2547; x_wconf 65' lang='grc' dir='ltr'>πῠνηρῶν</span> <span class='ocrx_word' id='word_1_771' title='bbox 694 2509 742 2545; x_wconf 70' lang='grc' dir='ltr'>τὴν</span> <span class='ocrx_word' id='word_1_772' title='bbox 764 2510 904 2549; x_wconf 77' lang='grc' dir='ltr'>ὓπόληψιν.</span> <span class='ocrx_word' id='word_1_773' title='bbox 923 2516 941 2540; x_wconf 77' lang='grc' dir='ltr'><strong>Β</strong></span> <span class='ocrx_word' id='word_1_774' title='bbox 960 2516 1105 2550; x_wconf 79' lang='lat' dir='ltr'><strong>conantes),</strong></span> <span class='ocrx_word' id='word_1_775' title='bbox 1108 2514 1169 2552; x_wconf 82' lang='lat' dir='ltr'><strong>jure</strong></span> <span class='ocrx_word' id='word_1_776' title='bbox 1185 2513 1283 2541; x_wconf 81' lang='lat' dir='ltr'><strong>Paulus</strong></span> <span class='ocrx_word' id='word_1_777' title='bbox 1294 2510 1432 2539; x_wconf 87' lang='lat' dir='ltr'><strong>nominum</strong></span> <span class='ocrx_word' id='word_1_778' title='bbox 1447 2509 1568 2538; x_wconf 84' lang='lat' dir='ltr'><strong>ordinem</strong></span> <span class='ocrx_word' id='word_1_779' title='bbox 1582 2510 1699 2547; x_wconf 87' lang='lat' dir='ltr'><strong>invertit,</strong></span> 
     </span>
    </p>
   </div>
   <div class='ocr_carea' id='block_1_21' title="bbox 142 2549 904 2593">
    <p class='ocr_par' dir='ltr' id='par_1_21' title="bbox 142 2549 904 2593">
     <span class='ocr_line' id='line_1_102' title="bbox 142 2549 904 2593; baseline 0.004 -10"><span class='ocrx_word' id='word_1_780' title='bbox 142 2555 210 2584; x_wconf 77' lang='grc' dir='ltr'>Ἀλλ’</span> <span class='ocrx_word' id='word_1_781' title='bbox 230 2549 304 2591; x_wconf 76' lang='grc' dir='ltr'>οἶδα,</span> <span class='ocrx_word' id='word_1_782' title='bbox 318 2554 396 2593; x_wconf 76' lang='grc' dir='ltr'>φησὶν</span> <span class='ocrx_word' id='word_1_783' title='bbox 406 2577 414 2592; x_wconf 84' lang='grc'>,</span> <span class='ocrx_word' id='word_1_784' title='bbox 437 2554 477 2583; x_wconf 73' lang='grc' dir='ltr'>ὅτι</span> <span class='ocrx_word' id='word_1_785' title='bbox 490 2556 533 2583; x_wconf 81' lang='grc' dir='ltr'>τοῦ</span> <span class='ocrx_word' id='word_1_786' title='bbox 549 2554 596 2592; x_wconf 79' lang='grc' dir='ltr'>μὲν</span> <span class='ocrx_word' id='word_1_787' title='bbox 612 2555 676 2584; x_wconf 83' lang='grc' dir='ltr'>Υἱοῦ</span> <span class='ocrx_word' id='word_1_788' title='bbox 691 2555 735 2584; x_wconf 82' lang='grc' dir='ltr'>καὶ</span> <span class='ocrx_word' id='word_1_789' title='bbox 756 2559 800 2585; x_wconf 80' lang='grc' dir='ltr'>τοῦ</span> <span class='ocrx_word' id='word_1_790' title='bbox 819 2556 904 2586; x_wconf 83' lang='grc' dir='ltr'>Πνεύ-</span> 
     </span>
    </p>
   </div>
   <div class='ocr_carea' id='block_1_22' title="bbox 964 2553 1698 2593">
    <p class='ocr_par' dir='ltr' id='par_1_22' title="bbox 964 2553 1698 2593">
     <span class='ocr_line' id='line_1_103' title="bbox 964 2553 1698 2593; baseline -0.004 -8"><span class='ocrx_word' id='word_1_791' title='bbox 964 2564 991 2587; x_wconf 83' lang='lat' dir='ltr'>nt</span> <span class='ocrx_word' id='word_1_792' title='bbox 1004 2557 1123 2587; x_wconf 83' lang='lat' dir='ltr'><strong>veritatis</strong></span> <span class='ocrx_word' id='word_1_793' title='bbox 1138 2555 1193 2585; x_wconf 83' lang='lat' dir='ltr'>vim</span> <span class='ocrx_word' id='word_1_794' title='bbox 1207 2553 1336 2589; x_wconf 76' lang='lat' dir='ltr'><strong>ostendat,</strong></span> <span class='ocrx_word' id='word_1_795' title='bbox 1352 2560 1377 2581; x_wconf 78' lang='lat' dir='ltr'>ct</span> <span class='ocrx_word' id='word_1_796' title='bbox 1392 2553 1576 2592; x_wconf 83' lang='lat' dir='ltr'><strong>improborum</strong></span> <span class='ocrx_word' id='word_1_797' title='bbox 1592 2553 1698 2593; x_wconf 84' lang='lat' dir='ltr'><strong>opinio-</strong></span> 
     </span>
    </p>
   </div>
  </div>
 </body>
</html>
