1890 2826
545 197 578 222 lu
606 196 725 229 ILLtm,
762 193 832 219 vtm
861 192 1030 229 Dominum,
1061 194 1183 220 nomn..
1211 194 1259 219 IV.

114 262 208 298 πλοῖα,
226 261 336 290 huzon
349 259 377 289 δὲ
395 260 469 298 λόγοι
491 259 682 298 πνευματικοί·
696 259 751 288 ἐκεῖ
774 255 877 289 σανίδες

113 309 141 337 ἔν
165 309 203 347 ’τῷ
226 306 324 346 πλοίῳ,
349 307 460 335 ἐνταῦθα
485 305 513 335 δὲ
537 305 622 345 λόγων
646 303 854 344 συγκροτήματα
869 313 875 319 ·

111 354 166 383 ἐκεῖ
179 352 273 388 ἱστίον,
291 354 401 382 ἐνταῦθα
415 351 442 381 δὲ
455 353 561 391 γλῶττα
571 363 577 370 ·
598 353 652 381 ἐκεῖ
667 350 776 391 ζεφύρου
791 348 858 388 αὔρα
867 369 875 383 ,

111 400 222 428 ἐνταῦθα
233 398 389 438 Πνεύματος
402 398 531 437 ἐπιδημία
540 409 547 416 ·
562 399 618 427 ἐκεῖ
631 397 766 437 ἄνθρωπος
779 394 875 433 κυὲερ·

109 444 208 480 νήτης,
233 446 345 474 ἐνταῦθα
369 444 396 473 δὲ
420 443 584 484 κυὸερνήτης
597 445 611 472 ὁ
626 442 748 482 Χριστός.
772 440 824 470 Διὰ
843 438 875 475 δὴ

108 493 186 520 τοῦτο
198 491 228 520 τὸ
239 492 330 520 πλοῖον
342 490 508 531 χειμάζεται,
522 491 580 519 ἀλλ’
591 489 751 529 ὓποὸρύχιον
764 488 793 517 οὗ
807 487 877 526 γίνε-

109 547 164 565 ται.
179 535 309 565 Ἢδύνατο
322 537 371 575 μὲν
384 535 435 576 γὰρ
449 535 495 565 καὶ
505 537 531 564 ἐν
543 535 645 574 γαλήνῃ
657 536 743 568 πλεῖν,
757 534 814 562 ἀλλ’
829 533 877 562 οὐκ

110 583 210 621 ἀφῆκεν
230 583 244 611 ὀ
266 581 441 621 κυὸερνήτης,
462 580 506 610 ἵνα
528 580 573 611 καὶ
597 583 650 610 τῶν
674 579 807 609 πλεόντων
827 577 876 614 τὴν

109 626 262 665 ’ὑπομονὴν
282 627 355 667 ἴδῃς,
374 628 420 656 καὶ
438 629 483 656 τοῦ
506 627 684 667 κυὸερνῶντος
702 624 751 661 τὴν
774 624 877 654 σύνεσιν

110 672 225 712 ἄκριὸὥς
239 672 402 712 καταμάθῃς.

148 907 325 938 Ἀκουέτωσαν
347 907 492 945 Ἕλληνες,
513 907 679 938 ἀκουέτωσαν
700 906 822 936 Ἰουδαῖοι
845 906 879 935 τὰ
895 925 913 948 C

108 952 300 994 κατορθώματα
317 955 404 993 ἡμῖν,
417 954 463 983 καὶ
478 953 527 989 τὴν
546 953 686 994 προεδρίαν
700 955 748 988 τῆς
761 951 878 988 Ἐκκλη-

107 998 174 1032 σίας.
197 998 266 1028 Ὑπὸ
292 999 382 1028 πόσων
409 999 561 1038 ἐπολεμήθη
583 1002 601 1035 ἡ
626 998 776 1034 Ἐκκλησία
784 1020 792 1034 ,
817 998 876 1028 ἀλλ’

105 1043 230 1074 οὐδέποτε
243 1044 350 1081 ἐνικήθη
361 1056 370 1080 ;
383 1043 397 1061 ¹’
407 1044 485 1074 πόσοι
505 1045 643 1085 τύραννοι;
661 1044 739 1073 πόσοι
757 1055 877 1081 στρατη-

106 1089 167 1128 γοί;
186 1090 263 1120 πόσοι
285 1091 402 1130 βασιλεῖς
408 1102 417 1128 ;
434 1090 600 1130 Αὔγουστος,
626 1090 763 1129 Τιὸέριος,
776 1089 856 1122 Γάϊος
868 1110 876 1124 ,

107 1135 238 1169 Κλαύδιος
246 1157 255 1172 ,
272 1135 374 1176 Νέρων,
386 1136 518 1176 ἄνθρωποι
530 1136 616 1175 λόγοις
630 1136 819 1174 τετιμημένοι,
832 1136 876 1164 δυ-

107 1181 194 1218 νατοὶ,
206 1184 322 1211 τοσαῦτα
346 1182 515 1221 ἐπολέμησαν
539 1181 629 1221 ἀκμὴν
643 1182 792 1216 νεάζουσαν,
815 1183 874 1211 ἀλλ’

107 1227 155 1256 οὒκ
167 1226 336 1267 ἐξερῤίζωσαν
348 1239 355 1246 ·
371 1228 429 1256 ἀλλ’
444 1229 468 1257 οἱ
483 1227 530 1265 μὲν
544 1227 742 1266 πολεμήσαντες
756 1227 875 1267 σεσίγην·

106 1284 152 1302 ται
164 1272 209 1302 καὶ
222 1273 290 1311 λήθῃ
314 1273 524 1313 παραδέδονται,
546 1275 563 1309 ἡ
586 1273 613 1303 δὲ
634 1274 815 1312 πολεμηθεῖσα
831 1273 873 1303 τὸν

106 1318 213 1358 οὐρανὸν
224 1318 369 1359 ὑπεραίρει.
384 1318 430 1355 Μὴ
445 1318 497 1359 γάρ
512 1331 558 1358 μοι
569 1322 646 1348 τοῦτο
660 1318 732 1359 ἴδῃς,
746 1319 787 1348 ὅτι
800 1321 826 1348 ἐν
838 1321 873 1359 γῇ

106 1363 216 1400 ἕστηκεν
227 1366 244 1400 ἡ
262 1364 427 1401 Ἐκκλησία,
441 1365 500 1394 ἀλλ’
518 1364 559 1394 ὅτι
572 1366 600 1393 ἐν
620 1366 721 1405 οὐρανῷ
736 1364 872 1394 πολιτεύε-

106 1421 160 1439 ται.
172 1410 258 1439 Πόθεν
269 1413 346 1439 τοῦτο
362 1411 458 1448 δῆλον,
475 1410 599 1441 Δείκνυσι
612 1413 664 1440 τῶν
679 1410 842 1450 πραγμάτων
856 1413 873 1446 ἡ

106 1454 244 1489 ἀπόδειξις.
255 1456 476 1495 Ἐπολεμήθησαν
493 1456 586 1486 ἕνδεκα
601 1457 728 1495 μαθηταὶ,
742 1456 787 1486 καὶ
799 1459 815 1492 ἡ
833 1458 875 1486 οἰ-

106 1501 221 1541 κουμένη
240 1502 363 1541 ἐπολέμει
374 1515 381 1521 ·
394 1504 419 1531 οἱ
435 1502 462 1532 δὲ
476 1503 668 1542 πολεμηθέντες
682 1502 815 1540 ἐνίκησαν,
829 1503 875 1532 καὶ

105 1549 130 1577 οἱ
142 1547 340 1587 πολεμήσαντες
350 1548 513 1588 ἀνῃρέθησαν
522 1561 529 1567 ·
540 1548 575 1578 τὰ
589 1549 710 1589 πρόῧατα
723 1551 776 1578 τῶν
787 1548 874 1579 λύκων

105 1593 293 1633 περιεγίνοντο.
308 1589 384 1627 Εἶδες
396 1593 508 1633 ποιμένα
520 1594 554 1624 τὰ
566 1595 687 1635 πρόὸατα
697 1596 724 1624 ἓν
737 1595 810 1636 μέσῳ
823 1598 875 1625 τῶν

106 1637 193 1668 λύκων
207 1638 402 1668 ἀποστέλλοντα
411 1661 420 1675 ,
434 1639 478 1668 ἵνα
498 1639 564 1678 μηδὲ
579 1643 612 1680 τῇ
627 1643 696 1680 φυγῇ
716 1641 764 1677 τὴν
786 1653 876 1678 σωτη-

109 1683 167 1723 ρίαν
187 1684 365 1724 πορίσωνται;’
387 1680 468 1718 Ποῖος
491 1685 591 1724 ποιμὴν
617 1689 694 1715 τοῦτο
719 1686 855 1726 ἐργάζεται
867 1699 874 1723 ;

107 1731 177 1760 Ἀλλ’
193 1733 207 1760 ὁ
218 1730 332 1771 Χριστὸς
346 1733 423 1760 τοῦτο
437 1730 571 1768 ἐποίησεν,
583 1730 626 1761 ἵνα
640 1743 681 1761 σοι
693 1731 778 1772 δείξῃ,
792 1732 833 1761 ὅτι
845 1735 875 1762 οὗ

106 1776 175 1806 κατὰ
196 1776 350 1806 ἀκολουθίαν
370 1778 423 1806 τῶν
437 1776 611 1816 πραγμάτων,
633 1777 692 1806 ἀλλ’
711 1777 778 1817 ὑπὲρ
798 1778 875 1818 φύσιν

106 1822 151 1852 καὶ
164 1822 318 1852 ἀκολουθίαν
330 1822 364 1852 τὰ
376 1822 568 1863 κατορθώματα
579 1822 690 1862 γίνεται.
703 1823 738 1852 ‘H
750 1823 801 1863 γὰρ
811 1824 874 1854 Ἐκ-

1610 185 1669 230 141

930 258 1117 296 gubernatrice
1139 265 1252 288 utentes.
1274 259 1345 289 Nam
1369 268 1441 288 mare
1464 257 1574 297 quidem
1595 259 1676 289 habet

931 313 1028 341 aquam
1043 305 1151 342 salsam,
1163 305 1208 333 hic
1221 311 1309 334 autem
1324 311 1363 334 est
1374 314 1443 344 aqua
1454 305 1526 335 viva.
1543 305 1603 335 Illic
1613 313 1677 335 sunt

929 349 1055 379 animalia
1070 351 1180 380 rationis
1194 351 1324 391 expertia,
1346 350 1391 380 hic
1405 360 1470 381 vero
1483 351 1578 380 animae
1591 352 1676 381 ratio-

929 396 1021 425 nales:
1044 397 1101 426 illic
1121 397 1168 436 qui
1192 398 1318 437 navigant
1331 408 1345 427 e
1362 397 1430 426 mari
1455 397 1483 426 in
1509 404 1615 433 terram,
1630 398 1676 428 hic

928 452 994 471 vcro
1008 443 1056 482 qui
1077 443 1203 483 navigant
1224 455 1238 473 e
1256 451 1326 474 terra
1349 444 1376 473 iu
1396 443 1492 473 eaelum
1510 443 1650 484 appellunt
1666 457 1673 473 ι

931 486 988 516 illie
1002 488 1120 528 navigia,
1134 489 1179 519 hic
1192 490 1299 529 eloquia
1312 489 1465 531 spiritualia
1480 501 1488 518 ε
1504 489 1562 519 illic
1573 490 1601 519 in
1613 490 1676 521 navi

930 533 1038 571 tabulae,
1058 534 1104 563 hic
1125 545 1278 565 sermonum
1302 543 1449 566 conventus
1468 548 1475 565 ε
1496 535 1554 565 illic
1570 536 1674 573 velum,

929 578 974 608 hie
988 579 1080 619 lingua
1097 592 1104 608 :
1118 581 1177 610 illic
1190 582 1303 621 zephyri
1317 582 1407 619 ssatus,
1421 582 1466 611 hic
1479 582 1592 622 spiritus
1605 592 1675 622 prae-

929 624 1012 653 sentia
1026 637 1034 654 ς
1050 625 1109 655 illic
1121 626 1202 656 homo
1217 627 1388 667 guhemator,
1409 627 1454 657 hic
1466 638 1530 657 vero
1542 628 1677 668 guberna-

930 677 972 699 tor
986 671 1118 701 Christus.
1136 672 1242 702 Idcirco
1267 684 1329 703 sane
1337 675 1453 715 jactatur
1464 674 1573 713 quidem
1587 675 1676 712 navis,

921 722 960 745 ·at
974 727 1027 746 non
1042 717 1183 757 mergitur.
1199 719 1304 748 Poterat
1317 719 1428 759 quidem
1441 726 1466 749 et
1480 720 1508 749 in
1531 720 1678 759 tranquillo

936 763 1074 803 navigare,
1089 775 1185 794 verum
1198 775 1250 794 non
1270 776 1364 806 passus
1376 773 1416 795 est
1428 766 1609 803 Gubernator,
1623 776 1678 805 quo

930 808 1013 838 simul
1032 816 1060 839 et
1084 810 1267 850 navigantium
1283 811 1427 852 perspicias
1449 811 1629 850 tolerantiam,
1652 819 1679 841 et

931 854 1126 885 Gubernatoris
1140 856 1313 896 prudentiam
1326 857 1434 897 plenius
1446 868 1597 896 cognoscas.

970 902 1000 929 2.
1023 901 1143 931 Audiant
1167 909 1267 941 gentes,
1294 902 1406 932 audiant
1430 904 1447 933 J
1450 903 1520 932 udaei
1541 903 1678 933 benefacta

929 953 1029 984 nostra,
1042 948 1153 978 audiant
1164 959 1286 988 magnam
1299 950 1425 979 Ecclesiae
1439 950 1675 989 praeeminentiam.

929 997 951 1024 A
960 1005 1041 1035 quam
1049 995 1142 1023 multis
1153 1002 1304 1035 oppugnata
1313 1002 1351 1024 est
1358 995 1487 1031 Ecclesia,
1495 1006 1543 1026 nec
1550 1007 1677 1036 umquam

927 1048 1016 1071 tamen
1047 1040 1138 1070 victa?
1159 1047 1224 1079 quot
1247 1041 1376 1080 tyranni?
1397 1048 1463 1080 quot
1487 1042 1569 1072 duces
1578 1043 1593 1072 ἶ)
1613 1050 1680 1082 quot

927 1088 1105 1126 Imperatores
1112 1086 1126 1114 Ρ
1134 1085 1423 1124 Augustus‚Tiherius,
1432 1087 1523 1126 Caius,
1534 1088 1676 1124 Claudius,

926 1133 1012 1167 Nero,
1026 1131 1148 1160 homines
1168 1131 1254 1166 literis
1267 1131 1364 1169 ornati,
1379 1139 1510 1171 potentes,
1530 1139 1569 1163 tot
1589 1133 1678 1163 modis

927 1184 1118 1218 oppugnarunt
1127 1183 1259 1206 recentem
1267 1188 1298 1206 ac
1305 1184 1434 1215 teneram,
1443 1186 1470 1208 at
1479 1190 1531 1209 non
1543 1180 1674 1210 radicitus

926 1223 1112 1254 sustulerunt;
1128 1222 1194 1261 quin
1207 1222 1296 1262 potius
1307 1222 1326 1251 ii
1341 1223 1388 1262 qui
1400 1225 1678 1264 oppugnaruntsilcn-

925 1276 972 1298 tur
993 1269 1125 1299 oblivioni
1144 1269 1248 1306 traditi,
1265 1269 1312 1298 illa
1326 1280 1390 1300 vero
1404 1277 1559 1311 oppugnata
1581 1271 1678 1302 caelum

926 1316 1099 1345 transcendit.
1110 1317 1203 1355 Neque
1214 1316 1286 1345 enim
1295 1316 1366 1346 illud
1378 1317 1446 1346 mihi
1459 1325 1588 1358 spectato,
1603 1318 1678 1358 quod

892 1379 911 1402 D
927 1364 954 1392 in
968 1363 1045 1392 terris
1058 1363 1108 1392 sita
1119 1362 1153 1392 sit
1167 1363 1297 1400 Ecclesia,
1313 1363 1360 1393 sed
1372 1364 1443 1403 quod
1460 1364 1487 1394 in
1501 1365 1566 1395 caelo
1578 1377 1670 1396 verse-

927 1414 982 1438 tur.
996 1408 1076 1438 Unde
1090 1408 1141 1438 hoc
1155 1407 1308 1438 dilucidum
1322 1410 1382 1439 est?
1397 1410 1534 1440 Nimirum
1559 1411 1622 1451 ipsae
1635 1422 1678 1441 res

927 1454 1120 1484 demonstrant.
1134 1455 1290 1495 Oppugnati
1305 1462 1368 1485 sunt
1388 1456 1514 1486 undecim
1534 1457 1675 1498 discipuli,

927 1509 999 1531 totus
1012 1502 1086 1531 orbis
1100 1502 1272 1542 oppugnabat
1289 1514 1295 1531 ε
1308 1513 1403 1533 verum
1418 1504 1464 1543 qui
1480 1506 1676 1545 oppugnaban-

926 1554 972 1577 tur
983 1548 1116 1585 vicerunt‚
1131 1548 1179 1587 qui
1193 1549 1386 1588 oppugnabant
1401 1550 1500 1579 sublati
1515 1557 1578 1580 sunt
1590 1562 1597 1579 :
1609 1562 1673 1580 oves

927 1593 1049 1624 devicere
1062 1594 1151 1634 lupos.
1166 1594 1270 1624 Vidisti
1294 1601 1425 1634 pastorem
1440 1606 1502 1625 oves
1514 1595 1542 1625 in
1555 1596 1674 1626 medium
1685 1610 1724 1631 Ma

927 1639 1054 1679 luporum
1069 1640 1242 1675 emittentem,
1258 1647 1288 1669 ut
1303 1650 1336 1669 ne
1357 1640 1421 1680 suga
1435 1641 1545 1680 quidem
1561 1642 1674 1672 salutem
1687 1642 1723 1664 16-

927 1685 1175 1724 consequerentur?
1192 1686 1261 1722 Quis
1274 1692 1365 1725 pastor
1384 1687 1435 1716 hoc
1455 1688 1537 1717 fecit?
1551 1689 1676 1718 Christus

928 1730 979 1759 hoc
993 1731 1066 1766 fecit,
1082 1741 1136 1769 quo
1150 1730 1200 1759 tibi
1214 1730 1406 1761 demonstraret
1420 1743 1479 1771 quae
1493 1741 1563 1763 recte
1575 1738 1681 1774 gerun-’

929 1782 975 1805 tur
992 1786 1045 1805 non
1068 1776 1188 1805 accidere
1211 1777 1358 1806 secundum
1379 1789 1469 1808 rerum
1490 1780 1602 1818 scriem,
1626 1781 1673 1811 sed

928 1829 1026 1861 praeter
1047 1829 1173 1851 naturam
1200 1830 1348 1863 praeterque
1371 1834 1461 1853 rerum
1485 1827 1590 1856 seriem.
1605 1829 1675 1858 Nam

106 1868 204 1904 κλησία
220 1869 330 1909 οὐρανοῦ
346 1869 445 1908 μᾶλλον
467 1869 612 1908 ἐῤῥίζωται.
629 1868 698 1899 Ἀλλ’
723 1869 785 1903 ἴσως
807 1870 875 1899 ἀπό·
893 1875 911 1897 Ε
928 1868 1048 1897 Ecclesia
1062 1868 1227 1898 firmioribus
1237 1880 1318 1908 quam
1328 1870 1425 1899 caelum
1439 1871 1527 1911 ipsum
1538 1874 1674 1904 radicibus

105 1913 177 1943 νοιάν
199 1925 249 1952 μου
270 1913 462 1954 καταγινώσκει
474 1916 488 1943 ὁ
501 1914 618 1950 ‘'En-qv·
644 1915 702 1943 ἀλλ’
723 1915 874 1954 ἀναμενέτω

105 1961 157 1988 τῶν
176 1959 340 1999 πραγμάτων
362 1960 410 1996 τὴν
424 1959 572 1995 ἀπόδειξιν,
592 1959 637 1989 καὶ
661 1961 814 1999 μανθανέτω
827 1963 874 1997 τῆς

106 2004 228 2041 ἀληθείας
239 2004 287 2041 τὴν
299 2004 384 2045 ἰσχὺν,
395 2008 451 2039 πῶς
467 2004 642 2046 εὐκολώτερον
657 2005 700 2035 τὸν
716 2006 789 2042 ἥλιον
807 2007 872 2036 065-

106 2052 212 2088 σθῆναι,
233 2050 250 2086 ἢ
270 2051 319 2087 τὴν
333 2051 496 2087 Ἐκκλησίαν
511 2053 693 2092 ἀφανισθῆναι.
708 2053 757 2086 Τίς
771 2056 871 2090 ταῦτα,

106 2095 194 2136 φησὶν,
205 2098 220 2126 ὁ
235 2097 386 2137 κηρύττωνς
397 2097 432 2127 Ὁ
448 2097 610 2137 θεμελιώσας
622 2099 719 2135 αὐτήν·
738 2099 772 2129 Ὁ
792 2101 872 2139 οὐρα-

106 2142 148 2175 νὸς
169 2142 214 2172 καὶ
226 2145 244 2178 ἡ
257 2145 291 2183 γῆ
305 2143 529 2184 παρελεύσονται,
543 2145 568 2173 οἱ
583 2144 610 2173 δὲ
623 2144 697 2184 λόγοι
720 2157 769 2184 μου
788 2147 817 2175 οὗ
833 2146 870 2185 μὴ

106 2187 264 2227 παρέλθωσι.
279 2190 373 2218 Ταῦτα
385 2191 414 2219 οὐ
434 2189 510 2229 μόνον
523 2186 605 2226 εἶπεν,
621 2190 689 2220 ἀλλὰ
707 2191 752 2220 καὶ
763 2195 774 2207 ⁶
787 2192 872 2228 ἐπλή-

109 2244 190 2272 ρωσε·
205 2234 247 2263 διὰ
259 2234 285 2263 τί
297 2235 348 2275 γὰρ
363 2236 462 2274 μᾶλλον
476 2237 584 2276 οὐρανοῦ
600 2236 705 2275 μείζονα
717 2237 799 2273 αὐτὴν
813 2239 871 2267 ἐθε-

107 2278 234 2316 μελίωσε;
248 2280 401 2321 Τιμιωτέρα
420 2281 471 2321 γὰρ
489 2283 597 2322 οὐρανοῦ
612 2285 629 2318 ἡ
646 2282 804 2318 Ἐκκλησία.
820 2284 872 2313 Διὰ

927 1914 1020 1943 haeret.
1045 1915 1147 1944 Verum
1167 1916 1287 1944 fortassis
1310 1916 1433 1946 ethnicus
1457 1920 1613 1959 arrogantiae
1631 1933 1674 1952 me

927 1961 1086 1991 condemnat
1103 1974 1109 1990 :
1122 1962 1170 1991 sed
1182 1969 1285 1991 maneat
1299 1962 1384 1993 donec
1397 1963 1494 1994 harum
1509 1977 1598 1997 rerum
1610 1979 1674 2008 pro-
1683 1982 1726 2003 Fac

1728 1610 1770 1632 1111.
1790 1617 1827 1632 io.

1729 1982 1780 2004 ilius
1793 1987 1826 2004 est

926 2007 1060 2037 bationem
1073 2008 1199 2044 attulero,
1226 2008 1364 2048 discatque
1379 2010 1434 2039 vim
1455 2012 1587 2050 veritatis,
1603 2024 1672 2053 quo·
1683 2014 1752 2049 ⁸⁰¹⁰m,
1785 2022 1825 2050 ²¹}-

925 2053 1006 2083 modo
1016 2054 1121 2084 facilius
1130 2061 1169 2084 est
1181 2055 1264 2084 sulem
1276 2055 1421 2095 exstingui,
1435 2068 1515 2096 quam
1523 2059 1670 2090 Ecclesiam
1681 2082 1722 2103 qua

923 2099 1019 2129 deleri.
1034 2100 1114 2137 Quis,
1139 2101 1235 2140 inquit,
1259 2101 1308 2140 ista
1331 2103 1479 2141 praedicat?
1498 2106 1525 2134 Is
1545 2107 1592 2145 qui
1613 2119 1670 2137 eam
1681 2106 1723 2141 ⁶¹⁸?

922 2146 1062 2176 fundavit:
1079 2147 1188 2176 Coelum
1200 2154 1228 2176 et
1237 2154 1314 2177 terra
1325 2151 1502 2188 transibunt,
1514 2153 1567 2181 sed
1579 2155 1671 2183 verba
1681 2136 1721 2188 ¹213:

924 2203 989 2222 mea
1001 2203 1058 2222 non
1071 2195 1246 2222 transibunt.
1257 2194 1320 2223 Haee
1334 2205 1386 2223 non
1401 2195 1480 2225 modo
1491 2197 1572 2234 dixit,
1586 2199 1632 2228 sed
1645 2207 1671 2229 et
1680 2197 1719 2220 35.

923 2239 1068 2279 complevit
1085 2251 1092 2268 ε
1109 2250 1158 2268 cur
1177 2240 1247 2268 enim
1263 2240 1338 2269 illam
1351 2241 1436 2281 magis
1449 2243 1574 2273 fundavit
1588 2255 1670 2283 quam

924 2283 1040 2313 caelumi'
1062 2284 1200 2323 Siquidem
1224 2292 1263 2314 est
1285 2286 1350 2315 caelo
1371 2287 1514 2326 pretiosior
1537 2290 1670 2320 Ecclesia.

105 2323 133 2352 τί
145 2324 265 2363 οὐρανός
285 2325 337 2355 Διὰ
358 2326 406 2362 τὴν
425 2326 588 2363 Ἐκκλησίαν
601 2349 609 2363 ,
623 2330 673 2368 οὐχ
690 2331 707 2364 ἡ
723 2329 1013 2374 Ἐκκλησίαηόρυᾶεε
1029 2331 1167 2360 conditum
1188 2339 1227 2361 est
1248 2332 1364 2362 caelum?
1376 2335 1485 2374 Propter
1510 2336 1669 2373 Ecclesiam,

107 2369 150 2399 διὰ
158 2369 202 2399 τὸν
210 2370 328 2410 οὐρανόν.
342 2370 376 2401 Ὁ
389 2372 494 2411 οὐρανὸς
509 2373 536 2403 δὲ
550 2373 593 2403 διὰ
606 2373 650 2403 τὸν
665 2374 810 2414 ἄνθρωπον,
824 2376 872 2406 οῦκ
888 2384 908 2407 Λ
923 2387 975 2406 non
990 2377 1110 2414 Ecclesia
1122 2385 1232 2418 propter
1245 2378 1351 2409 caelum.
1364 2380 1466 2410 Caelum
1480 2381 1619 2411 conditum
1631 2390 1671 2411 cst

139 2466 150 2478 ⁸
166 2458 212 2484 Alii
224 2459 291 2492 apud
306 2460 424 2486 savinum
437 2464 549 2496 ὑπομονὴν
557 2466 610 2499 ϊῑῃ,
623 2467 661 2491 καὶ
677 2468 717 2491 τοῦ
730 2468 862 2497 >eveum-tyrow

107 2502 147 2527 τήν
158 2498 238 2525 obventu
249 2503 346 2534 δοιριέῶς
356 2505 489 2536 καταμάθῃ.

139 2536 154 2556 l’
170 2542 238 2563 Πόσοι
249 2540 362 2572 τύραννοι,
376 2545 438 2565 πόσοι
452 2544 588 2575 στρατηγοὶ,
597 2547 662 2568 πόσοι
675 2547 729 2575 βας.
740 2563 746 2575 ,
759 2542 794 2568 ita
806 2545 861 2576 qui-

107 2573 165 2600 dem
173 2576 229 2602 Μαι.
243 2578 310 2602 etsie
318 2576 376 2610 legit
386 2577 491 2604 Snvilius
500 2579 610 2612 itemque
618 2580 744 2613 Erasmus.
754 2583 784 2607 In
790 2582 859 2607 Edu.

910 2467 998 2495 Morel.
1014 2474 1077 2495 πόσοι
1089 2474 1214 2504 στρατηγοί
1224 2469 1303 2495 deest.

943 2515 954 2526 c
972 2506 1019 2532 Alii
1032 2507 1099 2539 apud
1111 2507 1232 2534 Savilium
1253 2513 1393 2546 ἐπλήρωσεν
1412 2513 1505 2543 οᾶρανοῦ
1519 2516 1561 2546 γὰρ
1580 2516 1672 2545 μᾶλλον

912 2549 981 2575 αὐτὴν
994 2550 1074 2579 μείζω.

1725 2049 1807 2072 stingui
1815 2061 1821 2069 ‚

1726 2083 1745 2096 m
1779 2076 1823 2096 Ee-

1726 2107 1768 2127 iam
1781 2106 1823 2127 ‹le-

1724 2151 1766 2188 illt.
1783 2165 1821 2196 24.
