1904 2840
279 187 348 236 768

835 199 839 202 '
855 196 943 221 OPUS
969 196 1206 219 tumul-'nerum

275 261 344 291 sitan
354 259 408 290 nisi
417 268 550 289 sermones
569 268 632 288 suos
647 259 847 290 conversatione
860 258 1018 288 hu'usmodi
1033 261 1053 284 Δ
1069 258 1106 288 sit
1121 268 1166 288 eos
1180 257 1329 298 justificare
1347 258 1403 288 sola
1421 269 1491 298 aqua
1506 259 1690 298 baptismatis,
1708 258 1812 289 etiamsi

275 299 495 336 commendasset,
508 309 654 337 numquam
667 298 754 328 omnis
770 299 788 329 J
791 298 864 328 udaea
877 309 892 328 a
925 309 1019 328 vocem

275 340 334 379 ejus
359 339 457 369 exisset
476 338 511 368 ad
524 349 597 368 eum.
616 338 659 368 Ex
674 338 773 377 quibus
794 339 884 368 verbis
896 345 1017 378 apparet,

236 384 244 390 ⁴
276 379 341 417 quia
356 379 488 408 Dominus
502 378 662 407 constitutus
675 377 703 406 in
721 377 835 412 mundo,
851 388 904 407 non
917 384 1019 407 tantum

131 1213 209 1242 Qualis
234 1213 272 1235 de-

130 1244 182 1266 beat
228 1251 274 1267 esse

131 1276 234 1304 princeps
251 1277 274 1297 in

133 1306 226 1335 populo.

278 418 422 449 visibiliter
455 418 623 447 sermonibus
649 417 705 447 suis
729 417 855 447 docuerat
885 417 1019 457 populum

276 468 366 494 suum,
375 458 424 487 sed
444 457 617 487 invisibiliter
627 457 655 486 in
667 456 795 486 cordibus
807 457 947 486 hominum
955 467 1019 496 ope-

276 507 349 532 rans,
366 497 518 526 adducebat
530 496 566 526 ad
572 496 664 526 fidem.
681 497 736 526 Nec
749 496 820 525 enim
826 496 877 525 hoc
889 495 1019 526 admonc-

277 536 323 566 bat
342 537 470 573 Joannes‚
487 543 518 565 ut
529 537 603 566 viam
623 536 733 566 Domini
745 546 825 576 super
846 542 956 571 terram,
971 535 1020 565 sed

278 576 307 605 in
320 576 443 605 sensibus
456 583 482 606 et
494 575 622 605 cordibus
644 575 786 604 hominum
799 582 934 615 pararent.
945 575 1019 615 Ergo

278 616 306 644 in
341 615 409 644 rima
422 615 533 654 quidem
545 615 612 644 facie
625 614 768 646 videbatur
791 615 818 644 in
835 625 947 655 corpore
959 625 1019 644 am—

277 626 386 692 buEns,
401 665 494 684 revera
507 662 596 684 autem
613 665 662 695 per
674 654 755 683 corda
768 654 909 684 hominum
925 661 951 684 et
971 665 1020 694 per

278 705 373 724 sensus
393 694 533 730 incedens,
558 694 728 734 singulorum
751 693 924 723 conscientias
941 704 1020 723 scru-

278 734 396 764 tabatur.
418 735 633 774 Egrediebatur
646 734 688 762 ad
703 744 769 762 eum
793 735 886 762 omnis
900 734 1019 763 Judaea.

279 773 324 803 Ad
347 772 574 813 comparationem
596 773 667 802 enim
688 773 764 802 illius
782 773 928 802 sanctitatis
958 773 1022 813 quis

279 819 382 853 poterat
391 813 517 842 arbitrari
526 823 553 842 se
565 813 689 851 justum?
702 812 874 842 inimitabilis
887 819 944 841 erat
956 822 1021 841 con—

278 853 394 883 versatio
404 853 474 892 ejus,
484 853 605 881 omnium
616 852 702 897 vitam
708 863 835 920 apparere
842 851 955 881 faciebat
966 851 1023 881 cul·
1036 858 1055 882 B

279 892 410 932 pabilem,
428 899 457 921 ut
461 892 520 937 jam
529 902 606 921 nemo
615 902 642 920 in
656 902 729 931 operi
752 901 783 920 us
796 891 852 921 suis
865 890 1021 928 confideret,

280 930 328 961 sed
341 942 432 961 omnes
459 942 486 960 in
500 930 712 960 misericordiam
726 931 775 960 Dei
787 941 862 970 spem
875 941 951 960 snam
963 930 1023 960 col-

281 971 410 1001 locarent.
430 970 664 1011 Quemadmodum
680 970 751 999 enim
763 970 787 999 si
812 970 916 1000 videris
934 970 1024 999 albam

282 1017 394 1047 vestem,
409 1011 488 1046 dicis,
503 1010 574 1040 Satis
592 1009 705 1039 candida
727 1010 808 1040 vestis
830 1016 870 1040 est
885 1022 892 1038 :
908 1009 932 1039 si
958 1020 1023 1039 vero

281 1051 403 1090 posueris
424 1061 482 1079 eam
505 1050 582 1089 juxta
601 1050 702 1086 nivem,
723 1049 819 1089 incipit
844 1049 895 1078 tibi
914 1049 1024 1078 sordida

281 1100 410 1129 apparere
430 1102 436 1118 :
452 1089 501 1119 etsi
514 1100 577 1119 vere
590 1088 699 1119 sordida
710 1099 763 1118 non
778 1095 827 1124 est,
843 1095 930 1118 tamen
939 1098 1025 1128 quan-

282 1135 340 1158 tum
351 1129 386 1158 ad
398 1129 604 1158 similitudinem
615 1128 686 1158 nivis
693 1127 803 1158 sordida
818 1128 955 1158 invenitur
968 1139 974 1155 :
987 1128 1026 1158 sic

282 1175 412 1206 quantum
423 1169 459 1198 ad
470 1168 693 1208 comparationem
706 1168 828 1204 Joannis,
844 1168 931 1198 omnis
945 1168 1025 1197 homo

283 1206 427 1237 videbatur
451 1207 618 1237 immundus.
644 1208 680 1236 Et
700 1218 763 1237 vere
783 1207 844 1236 talis
863 1207 943 1236 debet
969 1218 1026 1237 esse

284 1246 408 1286 princeps
418 1247 445 1276 in
455 1247 568 1286 populo,
576 1253 606 1276 ut
619 1253 690 1275 totus
702 1247 820 1286 populus
832 1257 938 1286 semper
949 1245 962 1262 '³
974 1247 1026 1277 ali-

284 1285 352 1324 quid
363 1287 427 1315 novi
447 1285 577 1320 inveniat,
596 1285 671 1324 quod
684 1286 804 1315 imitetur
814 1286 842 1315 in
855 1297 896 1315 eo.
909 1286 978 1315 Nam
991 1285 1027 1315 ad

284 1325 327 1364 cuj
332 1335 362 1354 us
377 1325 580 1354 similitudinem
589 1324 714 1354 extendat
722 1335 750 1353 se
758 1326 887 1364 populus,
903 1331 928 1353 et
939 1335 1027 1354 emen-

284 1363 339 1399 det,
346 1365 368 1393 si
378 1364 467 1394 videat
478 1365 549 1404 ipsos
559 1363 693 1404 principes
702 1373 759 1392 esse
772 1363 935 1393 sordidiores
945 1374 1026 1402 quam

284 1403 334 1432 se?
349 1405 391 1432 E't
398 1405 625 1442 baptizabantur
636 1405 673 1432 ab
686 1414 719 1432 eo
731 1404 899 1442 confidentes
907 1409 1028 1441 peccata

284 1452 346 1472 sua.
359 1443 495 1473 Confessio
519 1450 688 1482 peccatorum
711 1450 749 1471 est
763 1443 944 1472 testimonium
963 1453 1026 1472 con-
1043 1449 1061 1473 C

284 1482 399 1512 scientiae
411 1482 528 1512 timentis
541 1483 640 1511 Deum.
654 1482 708 1518 Qui
722 1482 794 1511 euim
809 1482 883 1511 timet
892 1481 1027 1521 judicium

284 1521 346 1557 Dei,
356 1529 462 1562 peccata
469 1532 518 1551 sua
526 1532 578 1550 non
587 1521 721 1550 erubescit
729 1521 850 1550 confiteri
860 1533 868 1550 ε
879 1521 927 1559 qui
940 1528 1029 1550 autem

284 1561 426 1598 erubescit,
440 1571 493 1591 non
508 1561 592 1590 timet.
615 1560 749 1590 Perfectus
762 1561 834 1589 enim
855 1560 936 1589 timot·
949 1560 1029 1589 solvit

285 1610 390 1630 omnem
401 1600 611 1641 pudorem.Illic
621 1599 693 1628 enim
705 1599 847 1639 turpitudo
858 1599 1030 1629 confessionis

284 1640 424 1680 aspicitur,
441 1640 487 1669 ubi
511 1640 597 1669 futuri
618 1638 717 1679 judieii
733 1650 810 1678 poena
823 1649 876 1668 non
899 1638 1029 1668 creditur.

285 1679 426 1719 Numquid
448 1680 599 1715 nescimus,
621 1679 685 1718 quia
705 1678 835 1708 consessio
861 1685 1031 1718 peccatorum

284 1718 365 1748 habet
387 1719 529 1759 pudorem,
556 1725 582 1748 et
605 1718 668 1756 quia
692 1718 744 1747 hoc
768 1718 857 1758 ipsum
877 1718 1031 1748 erubescere

284 1768 362 1798 poena
375 1766 414 1788 est
430 1759 541 1798 gravis?
556 1758 610 1788 Sed
624 1757 684 1786 ideo
697 1758 782 1796 magis
803 1768 851 1786 nos
869 1757 945 1796 jubet
959 1759 1031 1787 Deus

284 1798 405 1827 confiteri
417 1805 522 1838 peccata
535 1804 636 1833 nostra,
652 1804 683 1825 ut
694 1797 883 1826 verecundiam
897 1797 1032 1836 patiamur

284 1848 334 1877 pro
352 1848 441 1883 poena.
457 1839 526 1867 Nam
544 1844 571 1866 et
590 1837 642 1866 hoc
663 1836 753 1875 ipsum
780 1847 841 1876 pars
860 1843 900 1866 est
920 1835 1029 1876 judicii.

285 1879 310 1907 Ο
324 1876 508 1906 misericordia
522 1876 582 1911 Dei,
598 1886 678 1914 quem
695 1875 790 1905 totiens
811 1875 847 1904 ad
866 1875 1033 1905 iracundiam

285 1917 463 1946 excitavimus
480 1915 487 1945 l
505 1915 612 1946 Sufficit
639 1915 662 1943 ei
677 1914 751 1944 solus
771 1914 859 1954 pudor
879 1925 928 1955 pro
942 1925 1030 1955 poena.

286 1957 397 1985 Videris
421 1962 518 1985 autem
540 1954 648 1983 multos
671 1955 901 1990 Pharisoeorum,
917 1961 944 1983 et
958 1954 1033 1983 Sad-

286 1996 453 2024 dacaeorum
467 1996 618 2024 venientes
630 1994 671 2022 ad
682 1995 867 2031 baptismum,
881 1995 956 2023 dixit
969 1997 1010 2023 eis
1022 2004 1032 2020 :

289 2035 448 2064 Genimina
460 2036 639 2073 viperarum,
650 2035 715 2071 quis
729 2044 782 2062 vos
795 2034 894 2062 docuit
894 2033 1002 2073 sugere
1014 2044 1034 2062 a
1049 2039 1069 2062 D

286 2080 414 2102 ventura
437 2075 504 2102 ira?
516 2072 741 2111 Facite-fructos
764 2073 868 2109 dignos
886 2075 1032 2111 poeniten-

289 2114 347 2142 tioe.
369 2113 446 2142 Sicut
464 2112 560 2141 artifex
577 2111 708 2147 medicus,
724 2112 747 2141 si
765 2112 863 2141 viderit
881 2112 1033 2151 aegrotantis

288 2152 404 2181 colorem
415 2174 424 2187 ‚
448 2151 575 2190 intelligit
591 2151 707 2195 speciem
723 2151 855 2190 passionis
875 2151 960 2190 ipsius
973 2162 979 2178 :
995 2151 1035 2181 sic

288 2198 314 2220 ct
322 2193 436 2222 Joannes
444 2201 507 2220 mox
517 2197 547 2219 ut
559 2190 629 2220 vidit
641 2190 788 2219 Pharisaeos
799 2191 934 2220 venientes
947 2190 981 2219 ad
993 2201 1032 2228 se,

288 2230 421 2260 intellexit
427 2231 598 2270 cogitationes
606 2239 698 2258 eorum
711 2240 815 2269 pravas.
829 2230 952 2259 Forsitan
963 2230 1034 2259 enim

288 2271 475 2310 cogitaverunt
488 2269 562 2310 apud
571 2280 608 2305 se,
622 2270 708 2305 lmus,
718 2276 743 2298 et
756 2269 915 2298 confitemur
928 2276 1035 2309 peccata

289 2317 387 2339 nostra.
403 2311 542 2346 Quantum
556 2316 595 2338 est
610 2308 636 2337 in
651 2318 703 2336 una
712 2308 778 2337 hora
791 2309 968 2338 erubescere?
984 2310 1035 2339 Ju-

289 2350 374 2379 stitias
386 2360 402 2378 a
422 2349 500 2378 nobis
514 2359 567 2378 non
580 2347 687 2387 quaerit,
701 2347 809 2376 nullum
823 2347 943 2377 laborem
957 2348 1035 2378 nobis

289 2389 414 2429 imponit.
431 2388 620 2428 Baptizamur‚
635 2394 660 2416 et
684 2387 874 2425 consequimur
888 2387 964 2416 indul
986 2397 1033 2416 en-

287 2429 405 2468 gentiam
423 2435 603 2469 peccatorum.
619 2428 664 2457 Sic
679 2426 842 2465 cogitabant,
859 2398 995 2464 quomodgo
1009 2434 1035 2456 et

289 2468 370 2498 modo
382 2478 473 2498 omnes
486 2468 533 2507 qui
544 2466 669 2496 faciendae
680 2466 790 2506 justitiae
801 2466 969 2505 propositum
981 2476 1035 2495 non

288 2508 396 2545 habent,
402 2515 428 2537 et
435 2507 469 2537 ad
475 2508 639 2547 baptismum
645 2505 766 2542 veniunt,
775 2511 897 2544 putantes
905 2505 969 2544 quia
977 2516 1035 2545 pos-

1069 307 1123 326 non
1145 298 1308 337 praecesserit
1329 297 1400 327 bona
1422 298 1557 328 voluntas.
1578 299 1813 345 Insipiens,·pone
1822 308 1904 326 xxxvu

1069 337 1200 367 Joannem
1225 337 1359 366 medicum
1382 348 1450 374 esse,
1475 338 1590 368 verbum
1612 346 1702 368 autem
1727 348 1813 378 ipsius

1070 376 1148 415 quasi
1171 376 1272 406 ferrum
1293 376 1463 414 medicinale,
1487 389 1542 416 quo
1567 377 1675 418 repletae
1699 377 1814 417 peccatis

1071 415 1238 446 conscientiae
1250 415 1436 461 praeciduntur
1451 428 1458 445 τ
1473 418 1662 447 confessionem
1677 423 1745 463 puta
1758 427 1814 446 esse

1071 455 1246 494 digestionem
1255 455 1418 496 impuritatis
1426 462 1452 484 et
1461 457 1597 496 spurcitiae
1606 463 1665 495 quae
1676 463 1748 486 intus
1759 463 1816 486 erat

1071 494 1186 531 inclusa,
1197 495 1362 535 baptismum
1370 505 1435 533 >esse
1447 495 1573 526 lotionem
1589 495 1711 526 sordium
1724 505 1814 535 egres-

1072 544 1177 563 sarum:
1190 545 1254 564 num
1274 532 1322 564 uid
1333 535 1404 565 facta
1417 534 1567 574 digestione
1576 534 1751 576 impuritatis,
1762 534 1817 574 jam

1071 573 1160 603 statim
1169 584 1249 604 sanus
1269 581 1343 604 actus
1350 585 1378 605 es
1384 574 1537 614 ?numquid
1543 575 1600 615 jam
1608 585 1660 605 nou
1668 574 1749 604 habes
1756 573 1818 604 vul-

1071 614 1141 642 nus?
1155 613 1289 652 numquid
1303 624 1353 644 non
1368 621 1408 644 est
1417 613 1468 644 tibi
1479 615 1626 644 necessaria
1638 612 1827 660 superpositio

1071 652 1232 682 medicinae?
1244 653 1290 683 Sic
1303 654 1388 684 multa
1399 654 1539 694 diligentia
1551 664 1698 684 necessaria
1713 660 1754 683 est
1765 653 1817 683 ho-

1072 692 1140 721 mini
1153 700 1214 732 post
1235 693 1425 723 consessionem
1438 701 1464 723 et
1478 693 1658 739 baptismum,
1674 700 1705 723 ut
1717 692 1819 723 vulnus

1071 739 1241 771 peccatorum
1259 733 1317 772 ejus
1328 740 1355 763 et
1369 733 1542 763 confessionis
1555 739 1681 773 apertura
1697 739 1816 762 sanetur.

1075 772 1231 801 Genimina
1253 774 1432 811 viperarum.
1446 774 1547 809 Natura
1570 772 1643 802 enim
1662 772 1820 812 viperarum

1072 811 1134 840 talis
1147 818 1197 848 est,
1211 822 1274 841 cum
1288 812 1461 842 momorderit
1476 812 1624 849 hominem,
1632 812 1721 842 statim
1735 811 1822 841 currit

1074 850 1108 880 ad
1128 861 1241 889 aquam;
1254 851 1278 880 si
1296 858 1385 881 autem
1397 862 1496 890 aquam
1509 862 1562 880 non
1581 851 1723 888 invenerit,
1738 851 1819 880 mori-

1074 897 1131 919 tur.
1140 890 1204 920 Ideo
1215 897 1241 919 et
1255 890 1317 920 istos
1330 891 1443 921 vocabat
1454 890 1589 930 genimina
1600 890 1821 931 viperarum,qui

1074 936 1181 970 peccata
1195 930 1332 959 mortifera
1344 929 1547 966 committentes,
1558 931 1701 960 currebant
1719 929 1754 959 ad
1769 931 1820 959 ba-

1075 969 1215 1009 ptismum,
1234 975 1264 998 ut
1288 969 1514 1008 quemadmodum
1526 969 1637 1010 viperae,
1650 980 1699 1010 per
1723 979 1821 1008 aquam

1076 1008 1226 1048 periculum
1240 1009 1333 1038 mortis
1346 1009 1499 1039 evaderent.
1516 1009 1585 1039 Item
1603 1009 1759 1049 viperarum
1773 1018 1821 1037 na-

1075 1055 1136 1077 tura
1153 1055 1203 1084 est,
1217 1058 1342 1088 rumpere
1354 1048 1457 1078 viscera
1476 1055 1593 1078 matrum
1612 1051 1732 1083 sua‘rum,
1745 1054 1771 1077 et
1783 1047 1823 1077 sic

1076 1087 1160 1117 nasci.
1175 1087 1309 1125 Quoniam
1326 1098 1389 1128 ergo
1408 1088 1498 1119 Judaei
1509 1087 1617 1117 assidue
1637 1094 1823 1128 persequentes

1077 1127 1233 1167 prophetas,
1246 1134 1424 1167 corruperunt
1434 1135 1547 1157 matrem
1559 1138 1636 1157 suam
1682 1137 1822 1166 nagogam,

1077 1173 1147 1196 sieut
1160 1177 1217 1206 ipsa
1234 1167 1328 1206 lugens
1342 1166 1408 1197 dicit
1421 1167 1449 1197 in
1463 1166 1583 1197 Canticis
1597 1179 1606 1196 ε
1620 1168 1658 1196 Fi
1675 1169 1694 1195 ’ἰ
1703 1168 1759 1196 mei
1777 1166 1822 1195 ἀι-
1835 1175 1904 1199 Cant.

1079 1208 1224 1235 micarunt
1239 1208 1272 1235 in
1286 1217 1331 1235 me
1345 1218 1355 1235 .·
1368 1206 1429 1236 ideo
1441 1207 1596 1247 viperarum
1608 1206 1742 1246 genimina
1754 1215 1825 1235 nun·

1078 1253 1223 1286 cupantur.
1245 1247 1313 1276 Item
1332 1246 1431 1285 viperae
1446 1257 1462 1275 a
1474 1246 1540 1276 foris
1562 1246 1687 1286 speciosae
1701 1252 1780 1282 sunt,
1798 1252 1826 1275 et

1078 1285 1155 1323 quasi
1169 1285 1247 1324 pictae
1264 1297 1272 1314 ε
1289 1285 1323 1314 ab
1337 1285 1410 1315 intus
1428 1293 1517 1315 autem
1530 1296 1632 1316 veneno
1645 1285 1736 1326 plenaer
1748 1292 1821 1315 sunt.

1078 1324 1143 1354 Ideo
1155 1331 1182 1353 et
1201 1324 1239 1364 hy
1259 1325 1356 1354 ocritas
1373 1331 1399 1354 et
1413 1325 1560 1355 Pbarisaeos
1573 1326 1730 1365 viperarum
1750 1324 1826 1364 geni-

1079 1363 1152 1392 mina
1165 1374 1233 1403 appe
1257 1363 1358 1402 at,quia
1371 1364 1520 1404 hypocritae
1529 1364 1759 1404 pulchritudinem
1769 1374 1827 1392 san-

1080 1402 1177 1432 ctitatis
1197 1402 1369 1432 ostendebant
1384 1403 1411 1431 in
1425 1404 1516 1440 vultu,
1531 1411 1558 1433 et
1570 1413 1702 1433 venenum
1717 1402 1826 1432 malitiae

1100 1441 1222 1471 ortabant
1244 1442 1272 1470 in
1292 1441 1383 1471 corde.
1399 1442 1468 1479 Quis
1488 1442 1567 1472 vobis
1580 1442 1716 1472 ostendit?
1729 1442 1826 1472 Nonne

1106 1481 1174 1510 saias
1187 1480 1318 1521 propheta
1331 1481 1446 1511 ostendit
1458 1482 1548 1517 vobis,
1559 1482 1651 1512 dicens
1664 1494 1671 1511 :
1685 1483 1826 1511 Lavamt-
1835 1489 1903 1510 Emi.

1081 1522 1112 1549 ni
1128 1526 1157 1550 et
1171 1521 1274 1549 mundi
1289 1527 1379 1550 estote
1389 1524 1402 1549 ?
1414 1521 1502 1551 Absit.
1514 1521 1565 1551 Ille
1581 1522 1652 1551 enim
1663 1521 1734 1551 sicut
1743 1521 1826 1558 dicit,

1081 1561 1238 1589 Lammina·
1251 1566 1280 1589 et
1294 1561 1397 1590 mundi
1409 1567 1499 1590 estote
1514 1573 1523 1589 .·
1543 1561 1580 1591 ita
1591 1561 1683 1597 etiam,
1698 1561 1827 1629 Αιῖσνεε
1837 1568 1904 1590 Ibide.

1083 1600 1243 1638 nequitiam
1263 1601 1300 1628 ab
1321 1601 1475 1630 attimabus
1488 1599 1604 1636 vestris,
1617 1600 1719 1629 discite
1759 1611 1826 1630 ene-

1075 1638 1191 1679 sacere.
1207 1639 1237 1669 si
1254 1649 1303 1668 vos
1316 1639 1409 1668 Esaias
1427 1639 1570 1677 docuisset,
1585 1649 1732 1679 numquam
1753 1650 1828 1680 spem

1083 1684 1198 1708 vestram
1211 1678 1238 1707 in
1252 1689 1322 1717 aqua
1335 1679 1522 1708 tautummodo
1532 1679 1676 1719 poneretis,
1687 1679 1735 1708 sed
1747 1681 1828 1709 etiam

1083 1718 1111 1747 in
1125 1718 1253 1757 operibus
1266 1717 1354 1747 Bonis.
1371 1718 1511 1758 Numquid
1523 1718 1614 1750 David
1634 1719 1764 1759 propheta
1777 1729 1829 1749 vo-

1083 1757 1126 1786 bis
1137 1756 1252 1787 ostendit
1262 1757 1365 1795 dicens,
1374 1757 1522 1798 Asperges
1536 1770 1591 1796 me,
1602 1759 1740 1796 Domine,
1753 1759 1827 1796 hys·
1839 1771 1904 1793 Psal.

1086 1807 1154 1836 sopo
1167 1803 1195 1825 et
1205 1797 1380 1841 mundabor,
1397 1798 1511 1828 lavabis
1524 1809 1579 1835 me,
1596 1803 1624 1827 et
1637 1808 1724 1837 super
1736 1800 1830 1834 nivem

1085 1836 1266 1865 dealbabor?
1286 1837 1375 1866 Absit.
1395 1837 1447 1866 Ille
1471 1838 1545 1867 enim
1570 1837 1610 1867 sic
1629 1837 1696 1866 dicit
1714 1844 1804 1877 postea
1821 1849 1828 1866 :

1084 1875 1265 1916 Sacrificium
1283 1877 1355 1905 ,Deo
1382 1878 1500 1916 spiritus
1528 1877 1760 1909 contribulatus.-
1782 1886 1832 1910 ,σον
1841 1889 1902 1912 md,

1086 1917 1244 1944 contritum
1257 1922 1286 1944 et
1305 1916 1493 1946 humiliatum
1508 1917 1589 1948 Deus
1603 1927 1662 1946 non
1674 1916 1832 1956 spernit.Si

1087 1964 1149 1993 ergo
1163 1953 1292 1995 discipuli
1301 1956 1392 1984 essetis
1404 1955 1576 1993 David,cum
1590 1955 1685 1996 spiritu
1700 1955 1832 1985 tribulato

1087 2000 1113 2022 et
1131 2004 1195 2023 cum
1215 1994 1317 2033 gemitu
1336 1994 1425 2024 cordis
1445 1994 1481 2024 ad
1507 1995 1672 2036 baptismum
1693 1995 1830 2025 veniretis.

1086 2034 1117 2062 9.
1133 2033 1234 2062 Nolite
1247 2035 1355 2069 dicere,
1368 2035 1439 2073 quia
1450 2041 1564 2073 patrem
1577 2035 1715 2063 habemus
1730 2035 1832 2063 Abra-

1087 2073 1167 2100 ham.
1181 2072 1257 2109 Quid
1275 2073 1347 2102 enim
1361 2073 1469 2112 prodest
1478 2073 1515 2109 ei,
1530 2084 1610 2112 quem
1623 2072 1762 2102 sordidant
1773 2083 1831 2102 mo-

1087 2122 1139 2147 res,
1156 2112 1288 2150 generatio
1309 2111 1399 2141 clara?
1407 2119 1455 2141 aut
1465 2112 1532 2151 quid
1542 2119 1619 2142 nocet
1636 2112 1679 2141 illi
1698 2113 1832 2152 generatio

1087 2150 1170 2187 vilis,
1191 2162 1270 2189 quem
1291 2161 1378 2180 mores
1406 2151 1558 2182 adornant?
1576 2154 1589 2182 1
1611 2163 1639 2182 se
1663 2162 1691 2181 se
1716 2163 1834 2182 vacuum

1087 2190 1122 2219 ab
1145 2191 1270 2219 omnibus
1289 2190 1368 2220 bouis
1385 2191 1491 2220 actibus
1512 2198 1584 2222 osten
1606 2192 1643 2229 it,
1666 2192 1714 2230 qui
1735 2191 1835 2231 gloria-

1088 2236 1134 2259 tur
1153 2229 1180 2258 in
1199 2230 1331 2269 patribus.
1348 2230 1423 2268 Quid
1438 2231 1540 2270 profuit
1553 2232 1650 2267 Cham,
1665 2231 1739 2270 quod
1761 2230 1834 2260 filius

1089 2269 1141 2298 fuit
1159 2270 1237 2299 Noe?
1259 2280 1346 2299 nonne
1372 2277 1510 2310 separatus
1528 2269 1562 2300 de
1579 2270 1669 2300 medio
1692 2270 1834 2300 filiorum?

1088 2308 1144 2345 Qui
1158 2308 1305 2338 secundum
1318 2320 1425 2339 carnem
1443 2310 1525 2339 frater
1538 2317 1615 2340 natus
1630 2311 1726 2344 fuerat,
1739 2320 1835 2339 secun-

1088 2347 1154 2377 dum
1177 2348 1297 2378 animum
1310 2349 1396 2378 factus
1410 2356 1450 2379 est
1468 2360 1571 2380 servus.
1587 2350 1643 2379 Nec
1655 2349 1757 2378 familia
1776 2349 1835 2389 ejus

1088 2395 1178 2417 sancta
1199 2388 1288 2428 potuit
1306 2388 1447 2418 defendere
1465 2389 1563 2428 impios
1584 2398 1681 2417 mores.
1697 2390 1751 2417 Aut
1767 2387 1836 2428 quid.

1089 2427 1181 2456 nocuit
1191 2428 1317 2464 Abrahae,
1333 2428 1407 2466 quod
1420 2435 1524 2467 patrem
1537 2427 1633 2457 habuit
1643 2428 1733 2457 Thare
1749 2427 1835 2457 luteo-

1090 2477 1150 2495 rum
1164 2466 1278 2496 deorum
1291 2467 1443 2496 cultorem?
1458 2477 1544 2496 nonne
1563 2474 1702 2507 separatus
1714 2477 1728 2495 a
1741 2477 1836 2506 genere

1090 2516 1139 2535 suo
1153 2506 1257 2546 positus
1270 2513 1309 2536 est
1322 2507 1350 2536 in
1362 2513 1442 2547 caput
1462 2506 1596 2544 fidelium,
1613 2514 1642 2536 ut
1654 2508 1712 2547 jam
1724 2516 1777 2536 non
1789 2506 1836 2536 di-

328 2601 341 2620 b
359 2600 389 2624 V.
404 2601 434 2625 D.
454 2599 557 2633 aliquid
576 2606 680 2631 novum,
693 2596 763 2623 Editi
783 2596 886 2631 aliquid
911 2597 982 2628 ηονί,
1003 2602 1028 2621 et
1044 2597 1069 2621 in
1087 2598 1196 2631 margine
1209 2598 1311 2632 aliquid
1320 2598 1385 2623 boni.
