<?xml version="1.0" encoding="UTF-8"?>
<!DOCTYPE html PUBLIC "-//W3C//DTD XHTML 1.0 Transitional//EN"
    "http://www.w3.org/TR/xhtml1/DTD/xhtml1-transitional.dtd">
<html xmlns="http://www.w3.org/1999/xhtml" xml:lang="en" lang="en">
 <head>
  <title>
</title>
<meta http-equiv="Content-Type" content="text/html;charset=utf-8" />
  <meta name='ocr-system' content='tesseract 3.04.00' />
  <meta name='ocr-capabilities' content='ocr_page ocr_carea ocr_par ocr_line ocrx_word'/>
</head>
<body>
  <div class='ocr_page' id='page_1' title='image "./operaomniaquaeex06johnuoft/operaomniaquaeex06johnuoft_0792.png"; bbox 0 0 1904 2840; ppageno 0'>
   <div class='ocr_carea' id='block_1_1' title="bbox 112 1462 251 1487">
    <p class='ocr_par' dir='ltr' id='par_1_1' title="bbox 112 1462 251 1487">
     <span class='ocr_line' id='line_1_1' title="bbox 112 1462 251 1487; baseline -0.007 0"><span class='ocrx_word' id='word_1_1' title='bbox 112 1462 251 1487; x_wconf 79' lang='lat' dir='ltr'><strong>Rom.2.15.</strong></span> 
     </span>
    </p>
   </div>
   <div class='ocr_carea' id='block_1_2' title="bbox 112 1583 235 1613">
    <p class='ocr_par' dir='ltr' id='par_1_2' title="bbox 112 1583 235 1613">
     <span class='ocr_line' id='line_1_2' title="bbox 112 1583 235 1613; baseline 0 -9"><span class='ocrx_word' id='word_1_2' title='bbox 112 1583 180 1605; x_wconf 71' lang='lat' dir='ltr'><strong>Psal.</strong></span> <span class='ocrx_word' id='word_1_3' title='bbox 197 1583 235 1613; x_wconf 71' lang='lat'><strong>49.</strong></span> 
     </span>
    </p>
   </div>
   <div class='ocr_carea' id='block_1_3' title="bbox 263 176 330 211">
    <p class='ocr_par' dir='ltr' id='par_1_3' title="bbox 263 176 330 211">
     <span class='ocr_line' id='line_1_3' title="bbox 263 176 330 211; baseline 0.015 -1"><span class='ocrx_word' id='word_1_4' title='bbox 263 176 330 211; x_wconf 84' lang='lat'><strong>772</strong></span> 
     </span>
    </p>
   </div>
   <div class='ocr_carea' id='block_1_4' title="bbox 825 168 1191 195">
    <p class='ocr_par' dir='ltr' id='par_1_4' title="bbox 825 168 1191 195">
     <span class='ocr_line' id='line_1_4' title="bbox 825 168 1191 195; baseline -0.005 0"><span class='ocrx_word' id='word_1_5' title='bbox 825 173 829 176; x_wconf 71' lang='grc'>’</span> <span class='ocrx_word' id='word_1_6' title='bbox 846 171 929 195; x_wconf 79' lang='lat' dir='ltr'><strong>OPUS</strong></span> <span class='ocrx_word' id='word_1_7' title='bbox 955 168 1191 194; x_wconf 75' lang='lat' dir='ltr'><strong>lMPERFEc&#39;rnM</strong></span> 
     </span>
    </p>
   </div>
   <div class='ocr_carea' id='block_1_5' title="bbox 257 233 1799 282">
    <p class='ocr_par' dir='ltr' id='par_1_5' title="bbox 257 233 1799 282">
     <span class='ocr_line' id='line_1_5' title="bbox 257 233 1799 282; baseline -0.001 -13"><span class='ocrx_word' id='word_1_8' title='bbox 257 244 364 269; x_wconf 84' lang='lat' dir='ltr'><strong>vocaret</strong></span> <span class='ocrx_word' id='word_1_9' title='bbox 380 250 386 267; x_wconf 71' lang='grc' dir='ltr'><strong><em>ε</em></strong></span> <span class='ocrx_word' id='word_1_10' title='bbox 401 236 528 276; x_wconf 86' lang='lat' dir='ltr'><strong>quoniam</strong></span> <span class='ocrx_word' id='word_1_11' title='bbox 549 236 598 282; x_wconf 74' lang='lat' dir='ltr'><strong>qui</strong></span> <span class='ocrx_word' id='word_1_12' title='bbox 622 245 676 266; x_wconf 88' lang='lat' dir='ltr'><strong>non</strong></span> <span class='ocrx_word' id='word_1_13' title='bbox 700 236 836 276; x_wconf 82' lang='lat' dir='ltr'><strong>cognoscit</strong></span> <span class='ocrx_word' id='word_1_14' title='bbox 861 235 999 266; x_wconf 83' lang='lat' dir='ltr'><strong>Christum</strong></span> <span class='ocrx_word' id='word_1_15' title='bbox 1017 236 1038 260; x_wconf 82' lang='grc' dir='ltr'><strong>Δ</strong></span> <span class='ocrx_word' id='word_1_16' title='bbox 1055 234 1086 264; x_wconf 81' lang='lat' dir='ltr'><strong>fit</strong></span> <span class='ocrx_word' id='word_1_17' title='bbox 1098 244 1150 264; x_wconf 90' lang='lat' dir='ltr'><strong>non</strong></span> <span class='ocrx_word' id='word_1_18' title='bbox 1162 233 1310 265; x_wconf 80' lang='lat' dir='ltr'><strong>secundum</strong></span> <span class='ocrx_word' id='word_1_19' title='bbox 1322 234 1474 274; x_wconf 76' lang='lat' dir='ltr'><strong>fidern‚sed</strong></span> <span class='ocrx_word' id='word_1_20' title='bbox 1484 234 1633 266; x_wconf 85' lang='lat' dir='ltr'><strong>secundum</strong></span> <span class='ocrx_word' id='word_1_21' title='bbox 1641 244 1736 276; x_wconf 84' lang='lat' dir='ltr'><strong>genus.</strong></span> <span class='ocrx_word' id='word_1_22' title='bbox 1748 235 1799 267; x_wconf 75' lang='lat' dir='ltr'><strong>Ne-</strong></span> 
     </span>
    </p>
   </div>
   <div class='ocr_carea' id='block_1_6' title="bbox 256 277 1005 1176">
    <p class='ocr_par' dir='ltr' id='par_1_6' title="bbox 256 277 1005 1176">
     <span class='ocr_line' id='line_1_6' title="bbox 257 277 1000 316; baseline -0.005 -9"><span class='ocrx_word' id='word_1_23' title='bbox 257 288 306 307; x_wconf 88' lang='lat' dir='ltr'><strong>nec</strong></span> <span class='ocrx_word' id='word_1_24' title='bbox 321 277 457 307; x_wconf 89' lang='lat' dir='ltr'><strong>veritatem</strong></span> <span class='ocrx_word' id='word_1_25' title='bbox 469 277 539 316; x_wconf 85' lang='lat' dir='ltr'><strong>ejus,</strong></span> <span class='ocrx_word' id='word_1_26' title='bbox 554 287 578 306; x_wconf 80' lang='lat' dir='ltr'><strong>st</strong></span> <span class='ocrx_word' id='word_1_27' title='bbox 591 283 661 306; x_wconf 87' lang='lat' dir='ltr'><strong>erret</strong></span> <span class='ocrx_word' id='word_1_28' title='bbox 672 282 719 305; x_wconf 89' lang='lat' dir='ltr'><strong>aut</strong></span> <span class='ocrx_word' id='word_1_29' title='bbox 729 282 830 316; x_wconf 83' lang='lat' dir='ltr'><strong>peccet,</strong></span> <span class='ocrx_word' id='word_1_30' title='bbox 844 285 897 304; x_wconf 91' lang='lat' dir='ltr'><strong>non</strong></span> <span class='ocrx_word' id='word_1_31' title='bbox 910 285 1000 315; x_wconf 88' lang='lat' dir='ltr'><strong>appa-</strong></span> 
     </span>
     <span class='ocr_line' id='line_1_7' title="bbox 258 315 998 356; baseline -0.004 -10"><span class='ocrx_word' id='word_1_32' title='bbox 258 324 299 346; x_wconf 90' lang='lat' dir='ltr'><strong>ret</strong></span> <span class='ocrx_word' id='word_1_33' title='bbox 310 324 402 346; x_wconf 88' lang='lat' dir='ltr'><strong>utrum</strong></span> <span class='ocrx_word' id='word_1_34' title='bbox 415 323 525 356; x_wconf 85' lang='lat' dir='ltr'><strong>propter</strong></span> <span class='ocrx_word' id='word_1_35' title='bbox 538 316 640 345; x_wconf 88' lang='lat' dir='ltr'><strong>malum</strong></span> <span class='ocrx_word' id='word_1_36' title='bbox 653 315 820 355; x_wconf 86' lang='lat' dir='ltr'><strong>propositum</strong></span> <span class='ocrx_word' id='word_1_37' title='bbox 836 325 915 344; x_wconf 86' lang='lat' dir='ltr'><strong>sunm</strong></span> <span class='ocrx_word' id='word_1_38' title='bbox 933 325 998 354; x_wconf 86' lang='lat' dir='ltr'><strong>pec-</strong></span> 
     </span>
     <span class='ocr_line' id='line_1_8' title="bbox 258 354 999 396; baseline -0.004 -10"><span class='ocrx_word' id='word_1_39' title='bbox 258 364 308 391; x_wconf 91' lang='lat' dir='ltr'><strong>cet,</strong></span> <span class='ocrx_word' id='word_1_40' title='bbox 322 363 368 385; x_wconf 89' lang='lat' dir='ltr'><strong>aut</strong></span> <span class='ocrx_word' id='word_1_41' title='bbox 381 363 488 396; x_wconf 87' lang='lat' dir='ltr'><strong>propter</strong></span> <span class='ocrx_word' id='word_1_42' title='bbox 499 355 685 393; x_wconf 76' lang='lat' dir='ltr'>ignorantiam.</span> <span class='ocrx_word' id='word_1_43' title='bbox 699 354 756 392; x_wconf 92' lang='lat' dir='ltr'><strong>Qui</strong></span> <span class='ocrx_word' id='word_1_44' title='bbox 768 361 858 384; x_wconf 81' lang='lat' dir='ltr'><strong>autem</strong></span> <span class='ocrx_word' id='word_1_45' title='bbox 867 364 999 394; x_wconf 84' lang='lat' dir='ltr'><strong>cognove-</strong></span> 
     </span>
     <span class='ocr_line' id='line_1_9' title="bbox 257 394 1001 435; baseline -0.004 -10"><span class='ocrx_word' id='word_1_46' title='bbox 257 396 293 425; x_wconf 88' lang='lat' dir='ltr'><strong>rit</strong></span> <span class='ocrx_word' id='word_1_47' title='bbox 306 396 447 426; x_wconf 82' lang='lat' dir='ltr'><strong>Christum</strong></span> <span class='ocrx_word' id='word_1_48' title='bbox 466 402 492 424; x_wconf 89' lang='lat' dir='ltr'><strong>et</strong></span> <span class='ocrx_word' id='word_1_49' title='bbox 507 395 640 435; x_wconf 85' lang='lat' dir='ltr'><strong>justitiam</strong></span> <span class='ocrx_word' id='word_1_50' title='bbox 660 395 733 434; x_wconf 87' lang='lat' dir='ltr'><strong>ejus,</strong></span> <span class='ocrx_word' id='word_1_51' title='bbox 754 401 781 424; x_wconf 85' lang='lat' dir='ltr'><strong>et</strong></span> <span class='ocrx_word' id='word_1_52' title='bbox 802 394 933 424; x_wconf 85' lang='lat' dir='ltr'><strong>erraverit</strong></span> <span class='ocrx_word' id='word_1_53' title='bbox 953 401 1001 422; x_wconf 92' lang='lat' dir='ltr'><strong>aut</strong></span> 
     </span>
     <span class='ocr_line' id='line_1_10' title="bbox 257 432 1001 475; baseline -0.004 -10"><span class='ocrx_word' id='word_1_54' title='bbox 257 435 417 475; x_wconf 82' lang='lat' dir='ltr'><strong>peccaverit,</strong></span> <span class='ocrx_word' id='word_1_55' title='bbox 430 442 494 464; x_wconf 89' lang='lat' dir='ltr'><strong>tunc</strong></span> <span class='ocrx_word' id='word_1_56' title='bbox 519 435 689 464; x_wconf 86' lang='lat' dir='ltr'><strong>manifestum</strong></span> <span class='ocrx_word' id='word_1_57' title='bbox 708 440 758 471; x_wconf 88' lang='lat' dir='ltr'><strong>est,</strong></span> <span class='ocrx_word' id='word_1_58' title='bbox 781 434 844 473; x_wconf 87' lang='lat' dir='ltr'><strong>quia</strong></span> <span class='ocrx_word' id='word_1_59' title='bbox 867 443 920 463; x_wconf 92' lang='lat' dir='ltr'><strong>non</strong></span> <span class='ocrx_word' id='word_1_60' title='bbox 940 432 1001 462; x_wconf 90' lang='lat' dir='ltr'><strong>ideo</strong></span> 
     </span>
     <span class='ocr_line' id='line_1_11' title="bbox 257 473 1003 515; baseline -0.003 -11"><span class='ocrx_word' id='word_1_61' title='bbox 257 482 329 504; x_wconf 86' lang='lat' dir='ltr'><strong>errat</strong></span> <span class='ocrx_word' id='word_1_62' title='bbox 351 482 397 504; x_wconf 87' lang='lat' dir='ltr'><strong>aut</strong></span> <span class='ocrx_word' id='word_1_63' title='bbox 424 481 525 515; x_wconf 88' lang='lat' dir='ltr'><strong>peccat,</strong></span> <span class='ocrx_word' id='word_1_64' title='bbox 538 475 603 514; x_wconf 88' lang='lat' dir='ltr'><strong>quia</strong></span> <span class='ocrx_word' id='word_1_65' title='bbox 626 473 708 503; x_wconf 88' lang='lat' dir='ltr'><strong>nescit</strong></span> <span class='ocrx_word' id='word_1_66' title='bbox 727 473 788 512; x_wconf 91' lang='lat' dir='ltr'><strong>quis</strong></span> <span class='ocrx_word' id='word_1_67' title='bbox 808 473 842 502; x_wconf 91' lang='lat' dir='ltr'><strong>sit</strong></span> <span class='ocrx_word' id='word_1_68' title='bbox 856 475 940 509; x_wconf 84' lang='lat' dir='ltr'><strong>Deus,</strong></span> <span class='ocrx_word' id='word_1_69' title='bbox 955 479 1003 502; x_wconf 88' lang='lat' dir='ltr'><strong>aut</strong></span> 
     </span>
     <span class='ocr_line' id='line_1_12' title="bbox 257 512 1003 554; baseline -0.003 -11"><span class='ocrx_word' id='word_1_70' title='bbox 257 525 317 553; x_wconf 82' lang='lat' dir='ltr'><strong>quae</strong></span> <span class='ocrx_word' id='word_1_71' title='bbox 333 514 457 544; x_wconf 85' lang='lat' dir='ltr'><strong>voluntas</strong></span> <span class='ocrx_word' id='word_1_72' title='bbox 471 514 574 554; x_wconf 88' lang='lat' dir='ltr'><strong>ipsius;</strong></span> <span class='ocrx_word' id='word_1_73' title='bbox 589 513 636 544; x_wconf 86' lang='lat' dir='ltr'><strong>sed</strong></span> <span class='ocrx_word' id='word_1_74' title='bbox 646 514 710 553; x_wconf 88' lang='lat' dir='ltr'><strong>quia</strong></span> <span class='ocrx_word' id='word_1_75' title='bbox 730 523 783 543; x_wconf 91' lang='lat' dir='ltr'><strong>non</strong></span> <span class='ocrx_word' id='word_1_76' title='bbox 798 512 890 552; x_wconf 81' lang='lat' dir='ltr'>diligit</span> <span class='ocrx_word' id='word_1_77' title='bbox 902 512 1003 542; x_wconf 88' lang='lat' dir='ltr'><strong>volun—</strong></span> 
     </span>
     <span class='ocr_line' id='line_1_13' title="bbox 257 551 1004 592; baseline -0.001 -9"><span class='ocrx_word' id='word_1_78' title='bbox 257 560 338 583; x_wconf 87' lang='lat' dir='ltr'><strong>tatem</strong></span> <span class='ocrx_word' id='word_1_79' title='bbox 348 554 408 583; x_wconf 91' lang='lat' dir='ltr'><strong>Dei.</strong></span> <span class='ocrx_word' id='word_1_80' title='bbox 423 555 485 584; x_wconf 84' lang='lat' dir='ltr'><strong>Haec</strong></span> <span class='ocrx_word' id='word_1_81' title='bbox 496 554 553 583; x_wconf 87' lang='lat' dir='ltr'><strong>sine</strong></span> <span class='ocrx_word' id='word_1_82' title='bbox 563 554 708 583; x_wconf 81' lang='lat' dir='ltr'><strong>tentatione</strong></span> <span class='ocrx_word' id='word_1_83' title='bbox 721 552 856 591; x_wconf 87' lang='lat' dir='ltr'><strong>quomodo</strong></span> <span class='ocrx_word' id='word_1_84' title='bbox 867 551 925 581; x_wconf 89' lang='lat' dir='ltr'><strong>fieri</strong></span> <span class='ocrx_word' id='word_1_85' title='bbox 936 562 1004 592; x_wconf 90' lang='lat' dir='ltr'><strong>pos-</strong></span> 
     </span>
     <span class='ocr_line' id='line_1_14' title="bbox 259 591 1003 638; baseline -0.003 -16"><span class='ocrx_word' id='word_1_86' title='bbox 259 600 322 622; x_wconf 89' lang='lat' dir='ltr'><strong>sunt</strong></span> <span class='ocrx_word' id='word_1_87' title='bbox 330 593 344 622; x_wconf 81' lang='lat' dir='ltr'><strong>i&#39;</strong></span> <span class='ocrx_word' id='word_1_88' title='bbox 354 594 424 623; x_wconf 88' lang='lat' dir='ltr'><strong>Ecce</strong></span> <span class='ocrx_word' id='word_1_89' title='bbox 437 593 509 623; x_wconf 90' lang='lat' dir='ltr'><strong>enim</strong></span> <span class='ocrx_word' id='word_1_90' title='bbox 519 593 542 623; x_wconf 94' lang='lat' dir='ltr'><strong>si</strong></span> <span class='ocrx_word' id='word_1_91' title='bbox 556 593 645 633; x_wconf 81' lang='lat' dir='ltr'><strong>palma</strong></span> <span class='ocrx_word' id='word_1_92' title='bbox 655 592 793 638; x_wconf 85' lang='lat' dir='ltr'><strong>proposita</strong></span> <span class='ocrx_word' id='word_1_93' title='bbox 805 602 858 621; x_wconf 89' lang='lat' dir='ltr'><strong>non</strong></span> <span class='ocrx_word' id='word_1_94' title='bbox 867 591 902 621; x_wconf 87' lang='lat' dir='ltr'><strong>sit</strong></span> <span class='ocrx_word' id='word_1_95' title='bbox 914 591 940 620; x_wconf 89' lang='lat' dir='ltr'><strong>in</strong></span> <span class='ocrx_word' id='word_1_96' title='bbox 950 598 1003 621; x_wconf 90' lang='lat' dir='ltr'><strong>sta-</strong></span> 
     </span>
     <span class='ocr_line' id='line_1_15' title="bbox 259 631 1003 672; baseline -0.003 -10"><span class='ocrx_word' id='word_1_97' title='bbox 259 632 318 669; x_wconf 87' lang='lat' dir='ltr'><strong>dio,</strong></span> <span class='ocrx_word' id='word_1_98' title='bbox 333 633 461 662; x_wconf 79' lang='lat' dir='ltr'><strong>athletam</strong></span> <span class='ocrx_word' id='word_1_99' title='bbox 474 633 608 662; x_wconf 87' lang='lat' dir='ltr'><strong>nolentem</strong></span> <span class='ocrx_word' id='word_1_100' title='bbox 623 633 720 662; x_wconf 80' lang='lat' dir='ltr'><strong>luctari</strong></span> <span class='ocrx_word' id='word_1_101' title='bbox 736 631 846 672; x_wconf 90' lang='lat' dir='ltr'><strong>culpare</strong></span> <span class='ocrx_word' id='word_1_102' title='bbox 857 641 910 660; x_wconf 91' lang='lat' dir='ltr'><strong>non</strong></span> <span class='ocrx_word' id='word_1_103' title='bbox 928 638 1003 671; x_wconf 91' lang='lat' dir='ltr'><strong>potes</strong></span> 
     </span>
     <span class='ocr_line' id='line_1_16' title="bbox 259 670 1002 711; baseline -0.003 -10"><span class='ocrx_word' id='word_1_104' title='bbox 259 672 338 711; x_wconf 82' lang='lat' dir='ltr'>quasi</span> <span class='ocrx_word' id='word_1_105' title='bbox 358 672 509 702; x_wconf 86' lang='lat' dir='ltr'><strong>infirmum.</strong></span> <span class='ocrx_word' id='word_1_106' title='bbox 522 674 658 702; x_wconf 85' lang='lat' dir='ltr'><strong>Incertum</strong></span> <span class='ocrx_word' id='word_1_107' title='bbox 677 679 716 701; x_wconf 90' lang='lat' dir='ltr'><strong>est</strong></span> <span class='ocrx_word' id='word_1_108' title='bbox 737 671 809 700; x_wconf 91' lang='lat' dir='ltr'><strong>enim</strong></span> <span class='ocrx_word' id='word_1_109' title='bbox 827 677 919 700; x_wconf 84' lang='lat' dir='ltr'><strong>utrum</strong></span> <span class='ocrx_word' id='word_1_110' title='bbox 941 670 1002 700; x_wconf 89' lang='lat' dir='ltr'><strong>ideo</strong></span> 
     </span>
     <span class='ocr_line' id='line_1_17' title="bbox 258 710 1003 751; baseline -0.001 -11"><span class='ocrx_word' id='word_1_111' title='bbox 258 711 356 741; x_wconf 86' lang='lat' dir='ltr'><strong>luctari</strong></span> <span class='ocrx_word' id='word_1_112' title='bbox 369 722 423 741; x_wconf 89' lang='lat' dir='ltr'><strong>non</strong></span> <span class='ocrx_word' id='word_1_113' title='bbox 436 712 514 749; x_wconf 88' lang='lat' dir='ltr'><strong>velit,</strong></span> <span class='ocrx_word' id='word_1_114' title='bbox 527 712 589 751; x_wconf 88' lang='lat' dir='ltr'><strong>quia</strong></span> <span class='ocrx_word' id='word_1_115' title='bbox 603 711 727 740; x_wconf 87' lang='lat' dir='ltr'><strong>infirmus</strong></span> <span class='ocrx_word' id='word_1_116' title='bbox 739 717 789 747; x_wconf 89' lang='lat' dir='ltr'><strong>est,</strong></span> <span class='ocrx_word' id='word_1_117' title='bbox 805 718 850 740; x_wconf 87' lang='lat' dir='ltr'><strong>aut</strong></span> <span class='ocrx_word' id='word_1_118' title='bbox 867 710 930 749; x_wconf 89' lang='lat' dir='ltr'><strong>quia</strong></span> <span class='ocrx_word' id='word_1_119' title='bbox 949 721 1003 740; x_wconf 91' lang='lat' dir='ltr'><strong>non</strong></span> 
     </span>
     <span class='ocr_line' id='line_1_18' title="bbox 259 749 1001 792; baseline -0.003 -12"><span class='ocrx_word' id='word_1_120' title='bbox 259 750 334 781; x_wconf 91' lang='lat' dir='ltr'><strong>videt</strong></span> <span class='ocrx_word' id='word_1_121' title='bbox 344 752 509 792; x_wconf 75' lang='lat' dir='ltr'><strong>propositam</strong></span> <span class='ocrx_word' id='word_1_122' title='bbox 520 751 648 791; x_wconf 82' lang='lat' dir='ltr'><strong>palmam.</strong></span> <span class='ocrx_word' id='word_1_123' title='bbox 660 750 740 788; x_wconf 90' lang='lat' dir='ltr'><strong>Quod</strong></span> <span class='ocrx_word' id='word_1_124' title='bbox 755 750 778 780; x_wconf 90' lang='lat' dir='ltr'><strong>si</strong></span> <span class='ocrx_word' id='word_1_125' title='bbox 794 750 909 790; x_wconf 89' lang='lat' dir='ltr'><strong>palmam</strong></span> <span class='ocrx_word' id='word_1_126' title='bbox 922 749 1001 779; x_wconf 87' lang='lat' dir='ltr'><strong>vide-</strong></span> 
     </span>
     <span class='ocr_line' id='line_1_19' title="bbox 260 790 1002 829; baseline -0.003 -9"><span class='ocrx_word' id='word_1_127' title='bbox 260 790 306 827; x_wconf 92' lang='lat' dir='ltr'><strong>rit,</strong></span> <span class='ocrx_word' id='word_1_128' title='bbox 319 798 345 820; x_wconf 90' lang='lat' dir='ltr'><strong>et</strong></span> <span class='ocrx_word' id='word_1_129' title='bbox 358 791 455 820; x_wconf 90' lang='lat' dir='ltr'><strong>luctari</strong></span> <span class='ocrx_word' id='word_1_130' title='bbox 469 791 603 825; x_wconf 88' lang='lat' dir='ltr'><strong>noluerit;</strong></span> <span class='ocrx_word' id='word_1_131' title='bbox 620 797 685 820; x_wconf 87' lang='lat' dir='ltr'><strong>tunc</strong></span> <span class='ocrx_word' id='word_1_132' title='bbox 700 797 740 820; x_wconf 89' lang='lat' dir='ltr'><strong>est</strong></span> <span class='ocrx_word' id='word_1_133' title='bbox 752 790 923 819; x_wconf 85' lang='lat' dir='ltr'><strong>manifestum</strong></span> <span class='ocrx_word' id='word_1_134' title='bbox 939 791 1002 829; x_wconf 84' lang='lat' dir='ltr'><strong>quia</strong></span> 
     </span>
     <span class='ocr_line' id='line_1_20' title="bbox 259 829 1004 874; baseline -0.003 -14"><span class='ocrx_word' id='word_1_135' title='bbox 259 837 370 874; x_wconf 83' lang='lat' dir='ltr'><strong>propter</strong></span> <span class='ocrx_word' id='word_1_136' title='bbox 388 830 520 860; x_wconf 82' lang='lat' dir='ltr'>desidiam</span> <span class='ocrx_word' id='word_1_137' title='bbox 543 841 619 860; x_wconf 84' lang='lat' dir='ltr'><strong>suam</strong></span> <span class='ocrx_word' id='word_1_138' title='bbox 641 840 694 859; x_wconf 91' lang='lat' dir='ltr'><strong>non</strong></span> <span class='ocrx_word' id='word_1_139' title='bbox 712 829 773 859; x_wconf 87' lang='lat' dir='ltr'><strong>vult</strong></span> <span class='ocrx_word' id='word_1_140' title='bbox 791 829 899 859; x_wconf 90' lang='lat' dir='ltr'><strong>luctari.</strong></span> <span class='ocrx_word' id='word_1_141' title='bbox 915 829 961 859; x_wconf 91' lang='lat' dir='ltr'><strong>Sic</strong></span> <span class='ocrx_word' id='word_1_142' title='bbox 978 836 1004 859; x_wconf 89' lang='lat' dir='ltr'><strong>et</strong></span> 
     </span>
     <span class='ocr_line' id='line_1_21' title="bbox 258 868 1004 909; baseline -0.001 -11"><span class='ocrx_word' id='word_1_143' title='bbox 258 870 377 909; x_wconf 80' lang='lat' dir='ltr'><strong>gentilis,</strong></span> <span class='ocrx_word' id='word_1_144' title='bbox 391 870 439 909; x_wconf 88' lang='lat' dir='ltr'><strong>qui</strong></span> <span class='ocrx_word' id='word_1_145' title='bbox 450 870 650 900; x_wconf 85' lang='lat' dir='ltr'><strong>resurrectionis</strong></span> <span class='ocrx_word' id='word_1_146' title='bbox 665 869 775 909; x_wconf 82' lang='lat' dir='ltr'><strong>praemia</strong></span> <span class='ocrx_word' id='word_1_147' title='bbox 789 868 883 904; x_wconf 88' lang='lat' dir='ltr'><strong>nescit,</strong></span> <span class='ocrx_word' id='word_1_148' title='bbox 899 878 946 898; x_wconf 89' lang='lat' dir='ltr'><strong>nec</strong></span> <span class='ocrx_word' id='word_1_149' title='bbox 957 869 1004 898; x_wconf 79' lang='lat' dir='ltr'><strong>fu-</strong></span> 
     </span>
     <span class='ocr_line' id='line_1_22' title="bbox 259 908 1003 949; baseline -0.003 -10"><span class='ocrx_word' id='word_1_150' title='bbox 259 916 352 939; x_wconf 87' lang='lat' dir='ltr'><strong>turum</strong></span> <span class='ocrx_word' id='word_1_151' title='bbox 372 921 428 939; x_wconf 91' lang='lat' dir='ltr'><strong>esse</strong></span> <span class='ocrx_word' id='word_1_152' title='bbox 438 909 574 949; x_wconf 90' lang='lat' dir='ltr'><strong>judicium</strong></span> <span class='ocrx_word' id='word_1_153' title='bbox 593 909 690 946; x_wconf 85' lang='lat' dir='ltr'><strong>credit,</strong></span> <span class='ocrx_word' id='word_1_154' title='bbox 704 918 757 938; x_wconf 91' lang='lat' dir='ltr'><strong>non</strong></span> <span class='ocrx_word' id='word_1_155' title='bbox 775 914 863 948; x_wconf 87' lang='lat' dir='ltr'><strong>potest</strong></span> <span class='ocrx_word' id='word_1_156' title='bbox 880 908 1003 948; x_wconf 82' lang='lat' dir='ltr'><strong>cognosci</strong></span> 
     </span>
     <span class='ocr_line' id='line_1_23' title="bbox 261 947 1005 990; baseline -0.003 -12"><span class='ocrx_word' id='word_1_157' title='bbox 261 956 353 978; x_wconf 88' lang='lat' dir='ltr'><strong>utrum</strong></span> <span class='ocrx_word' id='word_1_158' title='bbox 371 949 431 990; x_wconf 73' lang='lat' dir='ltr'><strong>ideo</strong></span> <span class='ocrx_word' id='word_1_159' title='bbox 456 948 509 979; x_wconf 81' lang='lat' dir='ltr'><strong>non</strong></span> <span class='ocrx_word' id='word_1_160' title='bbox 530 949 609 979; x_wconf 83' lang='lat' dir='ltr'><strong>saciat</strong></span> <span class='ocrx_word' id='word_1_161' title='bbox 626 948 769 988; x_wconf 86' lang='lat' dir='ltr'><strong>justitiam,</strong></span> <span class='ocrx_word' id='word_1_162' title='bbox 803 947 847 976; x_wconf 89' lang='lat' dir='ltr'><strong>uia</strong></span> <span class='ocrx_word' id='word_1_163' title='bbox 865 957 917 976; x_wconf 91' lang='lat' dir='ltr'><strong>non</strong></span> <span class='ocrx_word' id='word_1_164' title='bbox 933 955 1005 977; x_wconf 87' lang='lat' dir='ltr'><strong>amat</strong></span> 
     </span>
     <span class='ocr_line' id='line_1_24' title="bbox 256 987 1005 1028; baseline -0.003 -10"><span class='ocrx_word' id='word_1_165' title='bbox 256 989 400 1028; x_wconf 82' lang='lat' dir='ltr'><strong>justitiam,</strong></span> <span class='ocrx_word' id='word_1_166' title='bbox 413 995 460 1018; x_wconf 87' lang='lat' dir='ltr'><strong>aut</strong></span> <span class='ocrx_word' id='word_1_167' title='bbox 483 988 548 1028; x_wconf 89' lang='lat' dir='ltr'><strong>quia</strong></span> <span class='ocrx_word' id='word_1_168' title='bbox 570 988 674 1018; x_wconf 87' lang='lat' dir='ltr'><strong>nullam</strong></span> <span class='ocrx_word' id='word_1_169' title='bbox 696 997 768 1017; x_wconf 85' lang='lat' dir='ltr'><strong>merc</strong></span> <span class='ocrx_word' id='word_1_170' title='bbox 819 998 845 1016; x_wconf 90' lang='lat' dir='ltr'><strong>m</strong></span> <span class='ocrx_word' id='word_1_171' title='bbox 862 994 950 1027; x_wconf 85' lang='lat' dir='ltr'><strong>speret</strong></span> <span class='ocrx_word' id='word_1_172' title='bbox 970 987 1005 1017; x_wconf 88' lang='lat' dir='ltr'><strong>de</strong></span> 
     </span>
     <span class='ocr_line' id='line_1_25' title="bbox 259 1027 1005 1066; baseline 0 -10"><span class='ocrx_word' id='word_1_173' title='bbox 259 1038 299 1056; x_wconf 86' lang='lat' dir='ltr'><strong>ea.</strong></span> <span class='ocrx_word' id='word_1_174' title='bbox 315 1028 344 1058; x_wconf 92' lang='lat' dir='ltr'><strong>Si</strong></span> <span class='ocrx_word' id='word_1_175' title='bbox 355 1039 419 1058; x_wconf 90' lang='lat' dir='ltr'><strong>vero</strong></span> <span class='ocrx_word' id='word_1_176' title='bbox 438 1029 523 1058; x_wconf 88' lang='lat' dir='ltr'><strong>factus</strong></span> <span class='ocrx_word' id='word_1_177' title='bbox 542 1028 623 1057; x_wconf 85' lang='lat' dir='ltr'><strong>suerit</strong></span> <span class='ocrx_word' id='word_1_178' title='bbox 634 1027 814 1063; x_wconf 79' lang='lat' dir='ltr'><strong>Christianus,</strong></span> <span class='ocrx_word' id='word_1_179' title='bbox 830 1033 857 1056; x_wconf 91' lang='lat' dir='ltr'><strong>et</strong></span> <span class='ocrx_word' id='word_1_180' title='bbox 874 1036 1005 1066; x_wconf 83' lang='lat' dir='ltr'><strong>cognove-</strong></span> 
     </span>
     <span class='ocr_line' id='line_1_26' title="bbox 259 1066 1004 1108; baseline -0.001 -12"><span class='ocrx_word' id='word_1_181' title='bbox 259 1068 294 1096; x_wconf 86' lang='lat' dir='ltr'><strong>rit</strong></span> <span class='ocrx_word' id='word_1_182' title='bbox 306 1068 427 1097; x_wconf 84' lang='lat' dir='ltr'><strong>futurum</strong></span> <span class='ocrx_word' id='word_1_183' title='bbox 443 1079 499 1097; x_wconf 86' lang='lat' dir='ltr'><strong>esse</strong></span> <span class='ocrx_word' id='word_1_184' title='bbox 509 1067 661 1108; x_wconf 80' lang='lat' dir='ltr'><strong>judicium3</strong></span> <span class='ocrx_word' id='word_1_185' title='bbox 677 1074 741 1097; x_wconf 85' lang='lat' dir='ltr'><strong>tune</strong></span> <span class='ocrx_word' id='word_1_186' title='bbox 753 1076 877 1106; x_wconf 84' lang='lat' dir='ltr'><strong>peccans,</strong></span> <span class='ocrx_word' id='word_1_187' title='bbox 890 1066 1004 1096; x_wconf 85' lang='lat' dir='ltr'><strong>manife-</strong></span> 
     </span>
     <span class='ocr_line' id='line_1_27' title="bbox 260 1105 1004 1147; baseline 0 -11"><span class='ocrx_word' id='word_1_188' title='bbox 260 1113 332 1136; x_wconf 86' lang='lat' dir='ltr'><strong>stum</strong></span> <span class='ocrx_word' id='word_1_189' title='bbox 350 1115 389 1136; x_wconf 91' lang='lat' dir='ltr'><strong>est</strong></span> <span class='ocrx_word' id='word_1_190' title='bbox 411 1107 472 1137; x_wconf 90' lang='lat' dir='ltr'><strong>ideo</strong></span> <span class='ocrx_word' id='word_1_191' title='bbox 496 1117 615 1147; x_wconf 87' lang='lat' dir='ltr'><strong>peccare,</strong></span> <span class='ocrx_word' id='word_1_192' title='bbox 630 1107 693 1146; x_wconf 89' lang='lat' dir='ltr'><strong>quia</strong></span> <span class='ocrx_word' id='word_1_193' title='bbox 713 1117 766 1136; x_wconf 89' lang='lat' dir='ltr'><strong>non</strong></span> <span class='ocrx_word' id='word_1_194' title='bbox 780 1112 850 1135; x_wconf 85' lang='lat' dir='ltr'><strong>amat</strong></span> <span class='ocrx_word' id='word_1_195' title='bbox 890 1105 945 1135; x_wconf 89' lang='lat' dir='ltr'><strong>uod</strong></span> <span class='ocrx_word' id='word_1_196' title='bbox 965 1113 1004 1136; x_wconf 86' lang='lat' dir='ltr'><strong>est</strong></span> 
     </span>
     <span class='ocr_line' id='line_1_28' title="bbox 259 1145 1004 1176; baseline 0.001 -2"><span class='ocrx_word' id='word_1_197' title='bbox 259 1146 372 1175; x_wconf 87' lang='lat' dir='ltr'><strong>bonum.</strong></span> <span class='ocrx_word' id='word_1_198' title='bbox 385 1146 429 1176; x_wconf 80' lang='lat' dir='ltr'><strong>Ad</strong></span> <span class='ocrx_word' id='word_1_199' title='bbox 444 1148 501 1176; x_wconf 74' lang='lat' dir='ltr'><strong>haec</strong></span> <span class='ocrx_word' id='word_1_200' title='bbox 522 1147 589 1175; x_wconf 79' lang='lat' dir='ltr'><strong>sorte</strong></span> <span class='ocrx_word' id='word_1_201' title='bbox 602 1146 670 1176; x_wconf 89' lang='lat' dir='ltr'><strong>dicis</strong></span> <span class='ocrx_word' id='word_1_202' title='bbox 684 1158 690 1174; x_wconf 91' lang='lat'><strong>:</strong></span> <span class='ocrx_word' id='word_1_203' title='bbox 706 1147 770 1175; x_wconf 83' lang='lat' dir='ltr'><strong>Haec</strong></span> <span class='ocrx_word' id='word_1_204' title='bbox 787 1155 866 1174; x_wconf 90' lang='lat' dir='ltr'><strong>secun</strong></span> <span class='ocrx_word' id='word_1_205' title='bbox 890 1156 935 1174; x_wconf 90' lang='lat' dir='ltr'><strong>um</strong></span> <span class='ocrx_word' id='word_1_206' title='bbox 954 1145 1004 1175; x_wconf 84' lang='lat' dir='ltr'><strong>ho-</strong></span> 
     </span>
    </p>
   </div>
   <div class='ocr_carea' id='block_1_7' title="bbox 208 1184 1005 1224">
    <p class='ocr_par' dir='ltr' id='par_1_7' title="bbox 208 1184 1005 1224">
     <span class='ocr_line' id='line_1_29' title="bbox 208 1184 1005 1224; baseline -0.001 -9"><span class='ocrx_word' id='word_1_207' title='bbox 208 1211 212 1215; x_wconf 91' lang='lat'>.</span> <span class='ocrx_word' id='word_1_208' title='bbox 259 1185 360 1214; x_wconf 87' lang='lat' dir='ltr'><strong>minem</strong></span> <span class='ocrx_word' id='word_1_209' title='bbox 373 1185 442 1216; x_wconf 90' lang='lat' dir='ltr'><strong>dicis</strong></span> <span class='ocrx_word' id='word_1_210' title='bbox 454 1198 461 1222; x_wconf 85' lang='lat'>;</span> <span class='ocrx_word' id='word_1_211' title='bbox 475 1187 546 1215; x_wconf 93' lang='lat' dir='ltr'><strong>Deus</strong></span> <span class='ocrx_word' id='word_1_212' title='bbox 557 1192 656 1221; x_wconf 88' lang='lat' dir='ltr'><strong>autem,</strong></span> <span class='ocrx_word' id='word_1_213' title='bbox 673 1185 720 1224; x_wconf 89' lang='lat' dir='ltr'><strong>qui</strong></span> <span class='ocrx_word' id='word_1_214' title='bbox 739 1184 862 1215; x_wconf 84' lang='lat' dir='ltr'><strong>cordium</strong></span> <span class='ocrx_word' id='word_1_215' title='bbox 882 1192 908 1214; x_wconf 85' lang='lat' dir='ltr'><strong>et</strong></span> <span class='ocrx_word' id='word_1_216' title='bbox 928 1185 1005 1214; x_wconf 88' lang='lat' dir='ltr'><strong>sutu-</strong></span> 
     </span>
    </p>
   </div>
   <div class='ocr_carea' id='block_1_8' title="bbox 260 1224 1006 1538">
    <p class='ocr_par' dir='ltr' id='par_1_8' title="bbox 260 1224 1006 1538">
     <span class='ocr_line' id='line_1_30' title="bbox 260 1224 1005 1264; baseline 0.001 -11"><span class='ocrx_word' id='word_1_217' title='bbox 260 1235 353 1253; x_wconf 89' lang='lat' dir='ltr'><strong>rorum</strong></span> <span class='ocrx_word' id='word_1_218' title='bbox 374 1226 496 1264; x_wconf 83' lang='lat' dir='ltr'><strong>cognitor</strong></span> <span class='ocrx_word' id='word_1_219' title='bbox 510 1232 557 1260; x_wconf 79' lang='lat' dir='ltr'><strong>est,</strong></span> <span class='ocrx_word' id='word_1_220' title='bbox 574 1231 677 1264; x_wconf 89' lang='lat' dir='ltr'><strong>poterat</strong></span> <span class='ocrx_word' id='word_1_221' title='bbox 700 1225 768 1254; x_wconf 90' lang='lat' dir='ltr'><strong>scire</strong></span> <span class='ocrx_word' id='word_1_222' title='bbox 789 1224 851 1262; x_wconf 91' lang='lat' dir='ltr'><strong>quis</strong></span> <span class='ocrx_word' id='word_1_223' title='bbox 873 1231 899 1253; x_wconf 89' lang='lat' dir='ltr'><strong>et</strong></span> <span class='ocrx_word' id='word_1_224' title='bbox 917 1225 1005 1263; x_wconf 84' lang='lat' dir='ltr'><strong>qualis</strong></span> 
     </span>
     <span class='ocr_line' id='line_1_31' title="bbox 260 1263 1004 1308; baseline 0 -16"><span class='ocrx_word' id='word_1_225' title='bbox 260 1270 316 1292; x_wconf 88' lang='lat' dir='ltr'><strong>erat</strong></span> <span class='ocrx_word' id='word_1_226' title='bbox 332 1264 450 1293; x_wconf 79' lang='lat' dir='ltr'><strong>futurus.</strong></span> <span class='ocrx_word' id='word_1_227' title='bbox 472 1263 526 1294; x_wconf 90' lang='lat' dir='ltr'><strong>Sed</strong></span> <span class='ocrx_word' id='word_1_228' title='bbox 545 1264 617 1292; x_wconf 86' lang='lat' dir='ltr'><strong>audi.</strong></span> <span class='ocrx_word' id='word_1_229' title='bbox 631 1265 662 1293; x_wconf 91' lang='lat' dir='ltr'><strong>In</strong></span> <span class='ocrx_word' id='word_1_230' title='bbox 681 1263 785 1308; x_wconf 78' lang='lat' dir='ltr'><strong>judicio</strong></span> <span class='ocrx_word' id='word_1_231' title='bbox 811 1264 914 1293; x_wconf 87' lang='lat' dir='ltr'><strong>Christi</strong></span> <span class='ocrx_word' id='word_1_232' title='bbox 930 1265 1004 1303; x_wconf 86' lang='lat' dir='ltr'><strong>justo</strong></span> 
     </span>
     <span class='ocr_line' id='line_1_32' title="bbox 261 1303 1004 1342; baseline 0 -11"><span class='ocrx_word' id='word_1_233' title='bbox 261 1312 314 1331; x_wconf 92' lang='lat' dir='ltr'><strong>non</strong></span> <span class='ocrx_word' id='word_1_234' title='bbox 329 1303 417 1332; x_wconf 90' lang='lat' dir='ltr'><strong>solum</strong></span> <span class='ocrx_word' id='word_1_235' title='bbox 430 1304 569 1342; x_wconf 84' lang='lat' dir='ltr'><strong>quaeritur,</strong></span> <span class='ocrx_word' id='word_1_236' title='bbox 585 1310 615 1331; x_wconf 92' lang='lat' dir='ltr'><strong>ut</strong></span> <span class='ocrx_word' id='word_1_237' title='bbox 627 1303 751 1332; x_wconf 82' lang='lat' dir='ltr'><strong>Christus</strong></span> <span class='ocrx_word' id='word_1_238' title='bbox 765 1309 905 1341; x_wconf 76' lang='lat' dir='ltr'><strong>cognoseat</strong></span> <span class='ocrx_word' id='word_1_239' title='bbox 918 1313 946 1332; x_wconf 93' lang='lat' dir='ltr'><strong>se</strong></span> <span class='ocrx_word' id='word_1_240' title='bbox 957 1303 1004 1342; x_wconf 85' lang='lat' dir='ltr'><strong>ju-</strong></span> 
     </span>
     <span class='ocr_line' id='line_1_33' title="bbox 261 1341 1005 1382; baseline -0.001 -11"><span class='ocrx_word' id='word_1_241' title='bbox 261 1348 300 1371; x_wconf 87' lang='lat' dir='ltr'><strong>ste</strong></span> <span class='ocrx_word' id='word_1_242' title='bbox 322 1342 459 1371; x_wconf 85' lang='lat' dir='ltr'><strong>hominem</strong></span> <span class='ocrx_word' id='word_1_243' title='bbox 475 1342 607 1382; x_wconf 85' lang='lat' dir='ltr'><strong>judicare,</strong></span> <span class='ocrx_word' id='word_1_244' title='bbox 620 1341 668 1371; x_wconf 86' lang='lat' dir='ltr'><strong>sed</strong></span> <span class='ocrx_word' id='word_1_245' title='bbox 690 1342 771 1370; x_wconf 88' lang='lat' dir='ltr'><strong>etiam</strong></span> <span class='ocrx_word' id='word_1_246' title='bbox 794 1349 824 1370; x_wconf 91' lang='lat' dir='ltr'><strong>ut</strong></span> <span class='ocrx_word' id='word_1_247' title='bbox 847 1342 928 1371; x_wconf 84' lang='lat' dir='ltr'><strong>horno</strong></span> <span class='ocrx_word' id='word_1_248' title='bbox 947 1342 1005 1381; x_wconf 88' lang='lat' dir='ltr'><strong>ipse</strong></span> 
     </span>
     <span class='ocr_line' id='line_1_34' title="bbox 261 1381 1005 1422; baseline 0 -12"><span class='ocrx_word' id='word_1_249' title='bbox 261 1388 401 1420; x_wconf 86' lang='lat' dir='ltr'><strong>cognoscat</strong></span> <span class='ocrx_word' id='word_1_250' title='bbox 421 1392 449 1411; x_wconf 88' lang='lat' dir='ltr'><strong>se</strong></span> <span class='ocrx_word' id='word_1_251' title='bbox 464 1383 535 1422; x_wconf 91' lang='lat' dir='ltr'><strong>juste</strong></span> <span class='ocrx_word' id='word_1_252' title='bbox 555 1381 700 1421; x_wconf 88' lang='lat' dir='ltr'><strong>judicaria</strong></span> <span class='ocrx_word' id='word_1_253' title='bbox 714 1381 833 1417; x_wconf 91' lang='lat' dir='ltr'><strong>Christo,</strong></span> <span class='ocrx_word' id='word_1_254' title='bbox 853 1381 1005 1411; x_wconf 84' lang='lat' dir='ltr'><strong>testimonio</strong></span> 
     </span>
     <span class='ocr_line' id='line_1_35' title="bbox 261 1420 1002 1460; baseline -0.001 -10"><span class='ocrx_word' id='word_1_255' title='bbox 261 1421 453 1459; x_wconf 83' lang='lat' dir='ltr'><strong>cogitationum</strong></span> <span class='ocrx_word' id='word_1_256' title='bbox 477 1431 586 1450; x_wconf 84' lang='lat' dir='ltr'><strong>suarum</strong></span> <span class='ocrx_word' id='word_1_257' title='bbox 605 1427 631 1450; x_wconf 92' lang='lat' dir='ltr'><strong>et</strong></span> <span class='ocrx_word' id='word_1_258' title='bbox 653 1431 766 1460; x_wconf 85' lang='lat' dir='ltr'><strong>operum</strong></span> <span class='ocrx_word' id='word_1_259' title='bbox 791 1420 980 1460; x_wconf 88' lang='lat' dir='ltr'><strong>comprobatus</strong></span> <span class='ocrx_word' id='word_1_260' title='bbox 994 1433 1002 1449; x_wconf 83' lang='lat'><strong>.-</strong></span> 
     </span>
     <span class='ocr_line' id='line_1_36' title="bbox 262 1459 1006 1501; baseline 0 -12"><span class='ocrx_word' id='word_1_261' title='bbox 262 1459 332 1489; x_wconf 90' lang='lat' dir='ltr'><strong>sicut</strong></span> <span class='ocrx_word' id='word_1_262' title='bbox 352 1460 482 1500; x_wconf 86' lang='lat' dir='ltr'><strong>scriptum</strong></span> <span class='ocrx_word' id='word_1_263' title='bbox 499 1467 549 1496; x_wconf 87' lang='lat' dir='ltr'><strong>est,</strong></span> <span class='ocrx_word' id='word_1_264' title='bbox 566 1460 797 1501; x_wconf 83' lang='lat' dir='ltr'><strong>Cogitationibus</strong></span> <span class='ocrx_word' id='word_1_265' title='bbox 811 1461 935 1489; x_wconf 76' lang='lat' dir='ltr'><strong>invicem</strong></span> <span class='ocrx_word' id='word_1_266' title='bbox 954 1470 1006 1489; x_wconf 86' lang='lat' dir='ltr'><strong>ac-</strong></span> 
     </span>
     <span class='ocr_line' id='line_1_37' title="bbox 262 1499 1006 1538; baseline 0 -10"><span class='ocrx_word' id='word_1_267' title='bbox 262 1501 442 1536; x_wconf 78' lang='lat' dir='ltr'><strong>cusantibus,</strong></span> <span class='ocrx_word' id='word_1_268' title='bbox 462 1506 514 1529; x_wconf 82' lang='lat' dir='ltr'><strong>aut</strong></span> <span class='ocrx_word' id='word_1_269' title='bbox 536 1501 624 1528; x_wconf 84' lang='lat' dir='ltr'><strong>etiam</strong></span> <span class='ocrx_word' id='word_1_270' title='bbox 653 1499 890 1538; x_wconf 78' lang='lat' dir='ltr'><strong>defendentibus,</strong></span> <span class='ocrx_word' id='word_1_271' title='bbox 905 1501 936 1527; x_wconf 89' lang='lat' dir='ltr'><strong>in</strong></span> <span class='ocrx_word' id='word_1_272' title='bbox 958 1500 1006 1528; x_wconf 81' lang='lat' dir='ltr'><strong>die</strong></span> 
     </span>
    </p>
   </div>
   <div class='ocr_carea' id='block_1_9' title="bbox 262 1534 1023 1578">
    <p class='ocr_par' dir='ltr' id='par_1_9' title="bbox 262 1534 1023 1578">
     <span class='ocr_line' id='line_1_38' title="bbox 262 1534 1023 1578; baseline 0.001 -10"><span class='ocrx_word' id='word_1_273' title='bbox 262 1549 328 1568; x_wconf 87' lang='lat' dir='ltr'><strong>cum</strong></span> <span class='ocrx_word' id='word_1_274' title='bbox 337 1540 514 1578; x_wconf 76' lang='lat' dir='ltr'><strong>judicaverit</strong></span> <span class='ocrx_word' id='word_1_275' title='bbox 529 1539 608 1568; x_wconf 85' lang='lat' dir='ltr'><strong>Deus</strong></span> <span class='ocrx_word' id='word_1_276' title='bbox 622 1534 738 1567; x_wconf 67' lang='lat' dir='ltr'><strong>occz&#39;tlta</strong></span> <span class='ocrx_word' id='word_1_277' title='bbox 752 1539 1004 1568; x_wconf 81' lang='lat' dir='ltr'><strong>hominum.1tem:</strong></span> <span class='ocrx_word' id='word_1_278' title='bbox 1021 1565 1023 1569; x_wconf 93' lang='lat'>.</span> 
     </span>
    </p>
   </div>
   <div class='ocr_carea' id='block_1_10' title="bbox 231 1578 1019 2445">
    <p class='ocr_par' dir='ltr' id='par_1_10' title="bbox 231 1578 1019 2445">
     <span class='ocr_line' id='line_1_39' title="bbox 262 1578 1008 1618; baseline 0 -11"><span class='ocrx_word' id='word_1_279' title='bbox 262 1580 341 1608; x_wconf 86' lang='lat' dir='ltr'><strong>Ecce</strong></span> <span class='ocrx_word' id='word_1_280' title='bbox 351 1579 437 1607; x_wconf 83' lang='lat' dir='ltr'><strong>homo</strong></span> <span class='ocrx_word' id='word_1_281' title='bbox 450 1585 479 1608; x_wconf 83' lang='lat' dir='ltr'><strong>et</strong></span> <span class='ocrx_word' id='word_1_282' title='bbox 489 1589 576 1618; x_wconf 86' lang='lat' dir='ltr'><strong>opera</strong></span> <span class='ocrx_word' id='word_1_283' title='bbox 588 1580 660 1617; x_wconf 80' lang='lat' dir='ltr'><strong>ejus.</strong></span> <span class='ocrx_word' id='word_1_284' title='bbox 676 1578 744 1607; x_wconf 89' lang='lat' dir='ltr'><strong>Item</strong></span> <span class='ocrx_word' id='word_1_285' title='bbox 757 1590 763 1606; x_wconf 92' lang='lat'>:</span> <span class='ocrx_word' id='word_1_286' title='bbox 780 1579 915 1618; x_wconf 84' lang='lat' dir='ltr'><strong>Arguam</strong></span> <span class='ocrx_word' id='word_1_287' title='bbox 927 1585 966 1614; x_wconf 88' lang='lat' dir='ltr'><strong>te,</strong></span> <span class='ocrx_word' id='word_1_288' title='bbox 979 1585 1008 1608; x_wconf 87' lang='lat' dir='ltr'><strong>et</strong></span> 
     </span>
     <span class='ocr_line' id='line_1_40' title="bbox 263 1618 1006 1659; baseline 0 -12"><span class='ocrx_word' id='word_1_289' title='bbox 263 1624 391 1647; x_wconf 82' lang='lat' dir='ltr'><strong>statuam</strong></span> <span class='ocrx_word' id='word_1_290' title='bbox 414 1625 517 1647; x_wconf 81' lang='lat' dir='ltr'><strong>contra</strong></span> <span class='ocrx_word' id='word_1_291' title='bbox 526 1619 643 1659; x_wconf 81' lang='lat' dir='ltr'><strong>faciem</strong></span> <span class='ocrx_word' id='word_1_292' title='bbox 663 1624 742 1646; x_wconf 84' lang='lat' dir='ltr'><strong>tuam</strong></span> <span class='ocrx_word' id='word_1_293' title='bbox 762 1623 884 1657; x_wconf 85' lang='lat' dir='ltr'><strong>peccata</strong></span> <span class='ocrx_word' id='word_1_294' title='bbox 898 1624 960 1646; x_wconf 83' lang='lat' dir='ltr'><strong>tua.</strong></span> <span class='ocrx_word' id='word_1_295' title='bbox 976 1618 1006 1648; x_wconf 91' lang='lat' dir='ltr'><strong>Si</strong></span> 
     </span>
     <span class='ocr_line' id='line_1_41' title="bbox 263 1657 1007 1697; baseline -0.001 -10"><span class='ocrx_word' id='word_1_296' title='bbox 263 1668 326 1697; x_wconf 84' lang='lat' dir='ltr'><strong>ergo</strong></span> <span class='ocrx_word' id='word_1_297' title='bbox 340 1658 420 1687; x_wconf 90' lang='lat' dir='ltr'><strong>homo</strong></span> <span class='ocrx_word' id='word_1_298' title='bbox 436 1668 489 1687; x_wconf 92' lang='lat' dir='ltr'><strong>non</strong></span> <span class='ocrx_word' id='word_1_299' title='bbox 511 1667 670 1697; x_wconf 85' lang='lat' dir='ltr'><strong>cognoscens</strong></span> <span class='ocrx_word' id='word_1_300' title='bbox 681 1657 819 1687; x_wconf 78' lang='lat' dir='ltr'><strong>Christum</strong></span> <span class='ocrx_word' id='word_1_301' title='bbox 830 1667 916 1696; x_wconf 86' lang='lat' dir='ltr'><strong>neque</strong></span> <span class='ocrx_word' id='word_1_302' title='bbox 927 1657 1007 1697; x_wconf 87' lang='lat' dir='ltr'><strong>justi-</strong></span> 
     </span>
     <span class='ocr_line' id='line_1_42' title="bbox 231 1696 1008 1738; baseline 0.001 -13"><span class='ocrx_word' id='word_1_303' title='bbox 231 1732 235 1737; x_wconf 27' lang='lat'><em>*</em></span> <span class='ocrx_word' id='word_1_304' title='bbox 264 1697 330 1726; x_wconf 83' lang='lat' dir='ltr'><strong>tiam</strong></span> <span class='ocrx_word' id='word_1_305' title='bbox 343 1699 412 1738; x_wconf 85' lang='lat' dir='ltr'><strong>ejus,</strong></span> <span class='ocrx_word' id='word_1_306' title='bbox 421 1697 568 1726; x_wconf 89' lang='lat' dir='ltr'><strong>secundum</strong></span> <span class='ocrx_word' id='word_1_307' title='bbox 578 1697 715 1726; x_wconf 90' lang='lat' dir='ltr'><strong>scientiam</strong></span> <span class='ocrx_word' id='word_1_308' title='bbox 726 1696 776 1726; x_wconf 87' lang='lat' dir='ltr'><strong>Dei</strong></span> <span class='ocrx_word' id='word_1_309' title='bbox 788 1696 980 1726; x_wconf 83' lang='lat' dir='ltr'><strong>condemnetur</strong></span> <span class='ocrx_word' id='word_1_310' title='bbox 993 1708 1008 1726; x_wconf 86' lang='lat' dir='ltr'><strong>a</strong></span> 
     </span>
     <span class='ocr_line' id='line_1_43' title="bbox 264 1735 1008 1775; baseline -0.001 -9"><span class='ocrx_word' id='word_1_311' title='bbox 264 1738 334 1773; x_wconf 88' lang='lat' dir='ltr'><strong>Deo,</strong></span> <span class='ocrx_word' id='word_1_312' title='bbox 349 1736 485 1775; x_wconf 91' lang='lat' dir='ltr'><strong>quomodo</strong></span> <span class='ocrx_word' id='word_1_313' title='bbox 501 1742 641 1775; x_wconf 85' lang='lat' dir='ltr'><strong>cognoscet</strong></span> <span class='ocrx_word' id='word_1_314' title='bbox 654 1747 681 1766; x_wconf 91' lang='lat' dir='ltr'><strong>se</strong></span> <span class='ocrx_word' id='word_1_315' title='bbox 692 1736 763 1775; x_wconf 88' lang='lat' dir='ltr'><strong>juste</strong></span> <span class='ocrx_word' id='word_1_316' title='bbox 782 1735 1008 1765; x_wconf 81' lang='lat' dir='ltr'><strong>condemnatum?</strong></span> 
     </span>
     <span class='ocr_line' id='line_1_44' title="bbox 263 1775 1010 1816; baseline -0.001 -10"><span class='ocrx_word' id='word_1_317' title='bbox 263 1777 333 1806; x_wconf 86' lang='lat' dir='ltr'><strong>Nam</strong></span> <span class='ocrx_word' id='word_1_318' title='bbox 346 1778 419 1805; x_wconf 89' lang='lat' dir='ltr'><strong>Deus</strong></span> <span class='ocrx_word' id='word_1_319' title='bbox 433 1776 543 1815; x_wconf 87' lang='lat' dir='ltr'><strong>quidem</strong></span> <span class='ocrx_word' id='word_1_320' title='bbox 556 1775 678 1815; x_wconf 83' lang='lat' dir='ltr'><strong>cognitor</strong></span> <span class='ocrx_word' id='word_1_321' title='bbox 691 1775 780 1805; x_wconf 87' lang='lat' dir='ltr'><strong>cordis</strong></span> <span class='ocrx_word' id='word_1_322' title='bbox 793 1775 852 1812; x_wconf 89' lang='lat' dir='ltr'><strong>scit,</strong></span> <span class='ocrx_word' id='word_1_323' title='bbox 863 1776 927 1814; x_wconf 89' lang='lat' dir='ltr'><strong>quia</strong></span> <span class='ocrx_word' id='word_1_324' title='bbox 938 1777 1010 1816; x_wconf 89' lang='lat' dir='ltr'><strong>juste</strong></span> 
     </span>
     <span class='ocr_line' id='line_1_45' title="bbox 265 1815 1010 1854; baseline 0 -10"><span class='ocrx_word' id='word_1_325' title='bbox 265 1826 328 1844; x_wconf 90' lang='lat' dir='ltr'><strong>eum</strong></span> <span class='ocrx_word' id='word_1_326' title='bbox 341 1815 514 1845; x_wconf 86' lang='lat' dir='ltr'><strong>condemnat:</strong></span> <span class='ocrx_word' id='word_1_327' title='bbox 524 1815 580 1854; x_wconf 82' lang='lat' dir='ltr'><strong>ipse</strong></span> <span class='ocrx_word' id='word_1_328' title='bbox 592 1821 681 1843; x_wconf 88' lang='lat' dir='ltr'><strong>autem</strong></span> <span class='ocrx_word' id='word_1_329' title='bbox 693 1822 814 1854; x_wconf 79' lang='lat' dir='ltr'><strong>peccator</strong></span> <span class='ocrx_word' id='word_1_330' title='bbox 822 1815 894 1854; x_wconf 86' lang='lat' dir='ltr'><strong>juste</strong></span> <span class='ocrx_word' id='word_1_331' title='bbox 909 1826 938 1845; x_wconf 89' lang='lat' dir='ltr'><strong>se</strong></span> <span class='ocrx_word' id='word_1_332' title='bbox 950 1825 1010 1845; x_wconf 85' lang='lat' dir='ltr'><strong>con-</strong></span> 
     </span>
     <span class='ocr_line' id='line_1_46' title="bbox 254 1853 1011 1894; baseline 0 -10"><span class='ocrx_word' id='word_1_333' title='bbox 254 1854 421 1884; x_wconf 55' lang='lat' dir='ltr'><strong>‘demnatum</strong></span> <span class='ocrx_word' id='word_1_334' title='bbox 429 1865 482 1883; x_wconf 89' lang='lat' dir='ltr'><strong>non</strong></span> <span class='ocrx_word' id='word_1_335' title='bbox 491 1853 628 1892; x_wconf 86' lang='lat' dir='ltr'><strong>intelligit,</strong></span> <span class='ocrx_word' id='word_1_336' title='bbox 636 1861 662 1882; x_wconf 93' lang='lat' dir='ltr'><strong>et</strong></span> <span class='ocrx_word' id='word_1_337' title='bbox 668 1853 757 1883; x_wconf 86' lang='lat' dir='ltr'><strong>dicere</strong></span> <span class='ocrx_word' id='word_1_338' title='bbox 765 1861 850 1894; x_wconf 86' lang='lat' dir='ltr'><strong>potest</strong></span> <span class='ocrx_word' id='word_1_339' title='bbox 859 1867 864 1883; x_wconf 92' lang='lat'>:</span> <span class='ocrx_word' id='word_1_340' title='bbox 875 1855 1011 1891; x_wconf 83' lang='lat' dir='ltr'><strong>Quoniam</strong></span> 
     </span>
     <span class='ocr_line' id='line_1_47' title="bbox 267 1893 1011 1935; baseline 0 -12"><span class='ocrx_word' id='word_1_341' title='bbox 267 1901 294 1923; x_wconf 89' lang='lat' dir='ltr'><strong>et</strong></span> <span class='ocrx_word' id='word_1_342' title='bbox 321 1905 382 1935; x_wconf 84' lang='lat' dir='ltr'><strong>ego,</strong></span> <span class='ocrx_word' id='word_1_343' title='bbox 407 1894 430 1923; x_wconf 92' lang='lat' dir='ltr'><strong>si</strong></span> <span class='ocrx_word' id='word_1_344' title='bbox 457 1893 642 1932; x_wconf 79' lang='lat' dir='ltr'><strong>cognovissem</strong></span> <span class='ocrx_word' id='word_1_345' title='bbox 666 1893 815 1929; x_wconf 88' lang='lat' dir='ltr'><strong>Christum,</strong></span> <span class='ocrx_word' id='word_1_346' title='bbox 838 1900 864 1922; x_wconf 93' lang='lat' dir='ltr'><strong>et</strong></span> <span class='ocrx_word' id='word_1_347' title='bbox 886 1893 1011 1923; x_wconf 88' lang='lat' dir='ltr'><strong>mandata</strong></span> 
     </span>
     <span class='ocr_line' id='line_1_48' title="bbox 268 1931 1012 1973; baseline 0 -10"><span class='ocrx_word' id='word_1_348' title='bbox 268 1933 364 1973; x_wconf 87' lang='lat' dir='ltr'><strong>ipsius,</strong></span> <span class='ocrx_word' id='word_1_349' title='bbox 377 1943 524 1962; x_wconf 79' lang='lat' dir='ltr'><strong>servassem</strong></span> <span class='ocrx_word' id='word_1_350' title='bbox 541 1931 622 1961; x_wconf 83' lang='lat' dir='ltr'><strong>fidem</strong></span> <span class='ocrx_word' id='word_1_351' title='bbox 643 1932 712 1971; x_wconf 83' lang='lat' dir='ltr'><strong>ejus,</strong></span> <span class='ocrx_word' id='word_1_352' title='bbox 724 1940 749 1961; x_wconf 90' lang='lat' dir='ltr'><strong>et</strong></span> <span class='ocrx_word' id='word_1_353' title='bbox 762 1943 816 1961; x_wconf 93' lang='lat' dir='ltr'><strong>non</strong></span> <span class='ocrx_word' id='word_1_354' title='bbox 837 1932 1012 1963; x_wconf 83' lang='lat' dir='ltr'><strong>declinassem</strong></span> 
     </span>
     <span class='ocr_line' id='line_1_49' title="bbox 270 1971 1012 2012; baseline -0.001 -10"><span class='ocrx_word' id='word_1_355' title='bbox 270 1972 429 2002; x_wconf 85' lang='lat' dir='ltr'><strong>amandatis</strong></span> <span class='ocrx_word' id='word_1_356' title='bbox 449 1972 546 2010; x_wconf 90' lang='lat' dir='ltr'><strong>ipsius.</strong></span> <span class='ocrx_word' id='word_1_357' title='bbox 560 1971 625 2000; x_wconf 92' lang='lat' dir='ltr'><strong>Ideo</strong></span> <span class='ocrx_word' id='word_1_358' title='bbox 646 1982 709 2010; x_wconf 87' lang='lat' dir='ltr'><strong>ergo</strong></span> <span class='ocrx_word' id='word_1_359' title='bbox 730 1982 820 2001; x_wconf 89' lang='lat' dir='ltr'><strong>omnes</strong></span> <span class='ocrx_word' id='word_1_360' title='bbox 840 1972 875 2001; x_wconf 89' lang='lat' dir='ltr'><strong>ad</strong></span> <span class='ocrx_word' id='word_1_361' title='bbox 896 1973 1012 2012; x_wconf 85' lang='lat' dir='ltr'><strong>agnitio·</strong></span> 
     </span>
     <span class='ocr_line' id='line_1_50' title="bbox 271 2010 1012 2052; baseline 0.001 -12"><span class='ocrx_word' id='word_1_362' title='bbox 271 2022 332 2040; x_wconf 88' lang='lat' dir='ltr'><strong>nem</strong></span> <span class='ocrx_word' id='word_1_363' title='bbox 343 2011 464 2041; x_wconf 82' lang='lat' dir='ltr'><strong>veritatis</strong></span> <span class='ocrx_word' id='word_1_364' title='bbox 477 2010 601 2047; x_wconf 86' lang='lat' dir='ltr'><strong>adduxit,</strong></span> <span class='ocrx_word' id='word_1_365' title='bbox 613 2018 643 2040; x_wconf 91' lang='lat' dir='ltr'><strong>ut</strong></span> <span class='ocrx_word' id='word_1_366' title='bbox 654 2011 785 2040; x_wconf 89' lang='lat' dir='ltr'><strong>manifesti</strong></span> <span class='ocrx_word' id='word_1_367' title='bbox 799 2011 852 2040; x_wconf 86' lang='lat' dir='ltr'><strong>sint</strong></span> <span class='ocrx_word' id='word_1_368' title='bbox 861 2019 1012 2052; x_wconf 84' lang='lat' dir='ltr'><strong>peccatores</strong></span> 
     </span>
     <span class='ocr_line' id='line_1_51' title="bbox 273 2049 1014 2091; baseline 0.001 -12"><span class='ocrx_word' id='word_1_369' title='bbox 273 2051 337 2089; x_wconf 89' lang='lat' dir='ltr'><strong>quia</strong></span> <span class='ocrx_word' id='word_1_370' title='bbox 351 2061 404 2079; x_wconf 91' lang='lat' dir='ltr'><strong>non</strong></span> <span class='ocrx_word' id='word_1_371' title='bbox 423 2050 574 2089; x_wconf 81' lang='lat' dir='ltr'><strong>ignorantia</strong></span> <span class='ocrx_word' id='word_1_372' title='bbox 587 2049 709 2089; x_wconf 84' lang='lat' dir='ltr'><strong>justitiae,</strong></span> <span class='ocrx_word' id='word_1_373' title='bbox 725 2050 770 2079; x_wconf 89' lang='lat' dir='ltr'><strong>sed</strong></span> <span class='ocrx_word' id='word_1_374' title='bbox 787 2051 859 2079; x_wconf 90' lang='lat' dir='ltr'><strong>malo</strong></span> <span class='ocrx_word' id='word_1_375' title='bbox 876 2052 1014 2091; x_wconf 89' lang='lat' dir='ltr'><strong>proposito</strong></span> 
     </span>
     <span class='ocr_line' id='line_1_52' title="bbox 272 2090 1012 2129; baseline 0.001 -10"><span class='ocrx_word' id='word_1_376' title='bbox 272 2096 451 2129; x_wconf 81' lang='lat' dir='ltr'><strong>peccaverunt</strong></span> <span class='ocrx_word' id='word_1_377' title='bbox 465 2101 472 2117; x_wconf 72' lang='grc' dir='ltr'><strong><em>ε</em></strong></span> <span class='ocrx_word' id='word_1_378' title='bbox 485 2096 511 2118; x_wconf 90' lang='lat' dir='ltr'><strong>et</strong></span> <span class='ocrx_word' id='word_1_379' title='bbox 521 2099 573 2118; x_wconf 92' lang='lat' dir='ltr'><strong>non</strong></span> <span class='ocrx_word' id='word_1_380' title='bbox 587 2090 737 2128; x_wconf 82' lang='lat' dir='ltr'><strong>ignorantes</strong></span> <span class='ocrx_word' id='word_1_381' title='bbox 748 2091 887 2120; x_wconf 82' lang='lat' dir='ltr'><strong>Christum</strong></span> <span class='ocrx_word' id='word_1_382' title='bbox 900 2101 1012 2120; x_wconf 88' lang='lat' dir='ltr'><strong>recesse-</strong></span> 
     </span>
     <span class='ocr_line' id='line_1_53' title="bbox 273 2127 1014 2169; baseline 0.001 -11"><span class='ocrx_word' id='word_1_383' title='bbox 273 2136 337 2158; x_wconf 88' lang='lat' dir='ltr'><strong>runt</strong></span> <span class='ocrx_word' id='word_1_384' title='bbox 351 2140 365 2158; x_wconf 88' lang='lat' dir='ltr'><strong>a</strong></span> <span class='ocrx_word' id='word_1_385' title='bbox 377 2128 496 2165; x_wconf 82' lang='lat' dir='ltr'><strong>Christo,</strong></span> <span class='ocrx_word' id='word_1_386' title='bbox 511 2127 558 2157; x_wconf 94' lang='lat' dir='ltr'><strong>sed</strong></span> <span class='ocrx_word' id='word_1_387' title='bbox 577 2129 662 2167; x_wconf 81' lang='lat' dir='ltr'><strong>magis</strong></span> <span class='ocrx_word' id='word_1_388' title='bbox 676 2136 762 2168; x_wconf 91' lang='lat' dir='ltr'><strong>partes</strong></span> <span class='ocrx_word' id='word_1_389' title='bbox 775 2129 877 2159; x_wconf 90' lang='lat' dir='ltr'><strong>diaboli</strong></span> <span class='ocrx_word' id='word_1_390' title='bbox 896 2129 1014 2169; x_wconf 88' lang='lat' dir='ltr'><strong>diligen-</strong></span> 
     </span>
     <span class='ocr_line' id='line_1_54' title="bbox 274 2167 1015 2208; baseline 0.001 -11"><span class='ocrx_word' id='word_1_391' title='bbox 274 2175 324 2197; x_wconf 86' lang='lat' dir='ltr'><strong>tes.</strong></span> <span class='ocrx_word' id='word_1_392' title='bbox 339 2169 370 2198; x_wconf 83' lang='lat' dir='ltr'><strong>Si</strong></span> <span class='ocrx_word' id='word_1_393' title='bbox 385 2178 448 2206; x_wconf 83' lang='lat' dir='ltr'><strong>ergo</strong></span> <span class='ocrx_word' id='word_1_394' title='bbox 468 2167 575 2206; x_wconf 90' lang='lat' dir='ltr'><strong>quando</strong></span> <span class='ocrx_word' id='word_1_395' title='bbox 593 2178 628 2196; x_wconf 82' lang='lat' dir='ltr'><strong>ex</strong></span> <span class='ocrx_word' id='word_1_396' title='bbox 640 2169 658 2197; x_wconf 92' lang='lat' dir='ltr'><strong>J</strong></span> <span class='ocrx_word' id='word_1_397' title='bbox 661 2168 742 2197; x_wconf 88' lang='lat' dir='ltr'><strong>udaeis</strong></span> <span class='ocrx_word' id='word_1_398' title='bbox 754 2175 779 2197; x_wconf 87' lang='lat' dir='ltr'><strong>et</strong></span> <span class='ocrx_word' id='word_1_399' title='bbox 793 2170 916 2208; x_wconf 86' lang='lat' dir='ltr'><strong>gentihus</strong></span> <span class='ocrx_word' id='word_1_400' title='bbox 930 2180 1015 2198; x_wconf 90' lang='lat' dir='ltr'><strong>voca-</strong></span> 
     </span>
     <span class='ocr_line' id='line_1_55' title="bbox 274 2206 1016 2248; baseline 0.003 -12"><span class='ocrx_word' id='word_1_401' title='bbox 274 2206 468 2244; x_wconf 87' lang='lat' dir='ltr'><strong>bantur,electi</strong></span> <span class='ocrx_word' id='word_1_402' title='bbox 486 2207 576 2236; x_wconf 85' lang='lat' dir='ltr'><strong>vocari</strong></span> <span class='ocrx_word' id='word_1_403' title='bbox 592 2217 645 2235; x_wconf 91' lang='lat' dir='ltr'><strong>non</strong></span> <span class='ocrx_word' id='word_1_404' title='bbox 657 2214 778 2246; x_wconf 87' lang='lat' dir='ltr'><strong>poterant</strong></span> <span class='ocrx_word' id='word_1_405' title='bbox 795 2218 801 2234; x_wconf 94' lang='lat'><strong>:</strong></span> <span class='ocrx_word' id='word_1_406' title='bbox 818 2215 917 2246; x_wconf 90' lang='lat' dir='ltr'><strong>quanto</strong></span> <span class='ocrx_word' id='word_1_407' title='bbox 932 2209 1016 2248; x_wconf 83' lang='lat' dir='ltr'><strong>magis</strong></span> 
     </span>
     <span class='ocr_line' id='line_1_56' title="bbox 275 2246 1017 2284; baseline 0.001 -8"><span class='ocrx_word' id='word_1_408' title='bbox 275 2246 356 2276; x_wconf 86' lang='lat' dir='ltr'><strong>modo</strong></span> <span class='ocrx_word' id='word_1_409' title='bbox 379 2257 431 2275; x_wconf 88' lang='lat' dir='ltr'><strong>non</strong></span> <span class='ocrx_word' id='word_1_410' title='bbox 454 2253 565 2284; x_wconf 86' lang='lat' dir='ltr'><strong>possunt</strong></span> <span class='ocrx_word' id='word_1_411' title='bbox 585 2246 643 2275; x_wconf 84' lang='lat' dir='ltr'><strong>fieri</strong></span> <span class='ocrx_word' id='word_1_412' title='bbox 666 2246 743 2275; x_wconf 89' lang='lat' dir='ltr'><strong>electi</strong></span> <span class='ocrx_word' id='word_1_413' title='bbox 768 2247 913 2277; x_wconf 87' lang='lat' dir='ltr'><strong>Christiani</strong></span> <span class='ocrx_word' id='word_1_414' title='bbox 924 2270 930 2284; x_wconf 87' lang='lat'><strong>,</strong></span> <span class='ocrx_word' id='word_1_415' title='bbox 955 2258 1017 2278; x_wconf 90' lang='lat' dir='ltr'><strong>cum</strong></span> 
     </span>
     <span class='ocr_line' id='line_1_57' title="bbox 275 2285 1019 2324; baseline 0.003 -9"><span class='ocrx_word' id='word_1_416' title='bbox 275 2296 367 2316; x_wconf 90' lang='lat' dir='ltr'><strong>omnes</strong></span> <span class='ocrx_word' id='word_1_417' title='bbox 380 2285 415 2315; x_wconf 90' lang='lat' dir='ltr'><strong>de</strong></span> <span class='ocrx_word' id='word_1_418' title='bbox 436 2285 596 2315; x_wconf 89' lang='lat' dir='ltr'><strong>Christianis</strong></span> <span class='ocrx_word' id='word_1_419' title='bbox 616 2286 771 2324; x_wconf 88' lang='lat' dir='ltr'><strong>parentibus</strong></span> <span class='ocrx_word' id='word_1_420' title='bbox 792 2287 968 2324; x_wconf 77' lang='lat' dir='ltr'><strong>generentur?</strong></span> <span class='ocrx_word' id='word_1_421' title='bbox 981 2288 1019 2317; x_wconf 84' lang='lat' dir='ltr'><strong>Et</strong></span> 
     </span>
     <span class='ocr_line' id='line_1_58' title="bbox 276 2324 1017 2362; baseline 0.003 -8"><span class='ocrx_word' id='word_1_422' title='bbox 276 2335 330 2354; x_wconf 88' lang='lat' dir='ltr'><strong>non</strong></span> <span class='ocrx_word' id='word_1_423' title='bbox 343 2332 447 2355; x_wconf 87' lang='lat' dir='ltr'><strong>tantum</strong></span> <span class='ocrx_word' id='word_1_424' title='bbox 461 2324 521 2354; x_wconf 89' lang='lat' dir='ltr'><strong>ideo</strong></span> <span class='ocrx_word' id='word_1_425' title='bbox 535 2325 603 2353; x_wconf 89' lang='lat' dir='ltr'><strong>fiunt</strong></span> <span class='ocrx_word' id='word_1_426' title='bbox 616 2325 773 2358; x_wconf 80' lang='lat' dir='ltr'><strong>Christiani,</strong></span> <span class='ocrx_word' id='word_1_427' title='bbox 789 2326 850 2362; x_wconf 86' lang='lat' dir='ltr'><strong>quia</strong></span> <span class='ocrx_word' id='word_1_428' title='bbox 867 2326 979 2356; x_wconf 88' lang='lat' dir='ltr'><strong>credunt</strong></span> <span class='ocrx_word' id='word_1_429' title='bbox 989 2327 1017 2356; x_wconf 88' lang='lat' dir='ltr'><strong>in</strong></span> 
     </span>
     <span class='ocr_line' id='line_1_59' title="bbox 238 2363 1016 2404; baseline -0.001 -9"><span class='ocrx_word' id='word_1_430' title='bbox 238 2393 240 2395; x_wconf 76' lang='grc'>,</span> <span class='ocrx_word' id='word_1_431' title='bbox 276 2365 418 2395; x_wconf 90' lang='lat' dir='ltr'><strong>Christum</strong></span> <span class='ocrx_word' id='word_1_432' title='bbox 435 2371 482 2393; x_wconf 88' lang='lat' dir='ltr'><strong>aut</strong></span> <span class='ocrx_word' id='word_1_433' title='bbox 502 2363 621 2404; x_wconf 82' lang='lat' dir='ltr'><strong>diligunt</strong></span> <span class='ocrx_word' id='word_1_434' title='bbox 641 2374 704 2393; x_wconf 90' lang='lat' dir='ltr'><strong>eum</strong></span> <span class='ocrx_word' id='word_1_435' title='bbox 720 2375 726 2391; x_wconf 87' lang='lat'>:</span> <span class='ocrx_word' id='word_1_436' title='bbox 743 2363 790 2393; x_wconf 88' lang='lat' dir='ltr'><strong>sed</strong></span> <span class='ocrx_word' id='word_1_437' title='bbox 808 2365 871 2403; x_wconf 84' lang='lat' dir='ltr'><strong>quia</strong></span> <span class='ocrx_word' id='word_1_438' title='bbox 887 2365 921 2394; x_wconf 87' lang='lat' dir='ltr'><strong>de</strong></span> <span class='ocrx_word' id='word_1_439' title='bbox 934 2365 1016 2395; x_wconf 90' lang='lat' dir='ltr'><strong>Chri-</strong></span> 
     </span>
     <span class='ocr_line' id='line_1_60' title="bbox 276 2404 1015 2445; baseline 0.001 -12"><span class='ocrx_word' id='word_1_440' title='bbox 276 2404 370 2433; x_wconf 84' lang='lat' dir='ltr'><strong>stianis</strong></span> <span class='ocrx_word' id='word_1_441' title='bbox 385 2404 540 2445; x_wconf 79' lang='lat' dir='ltr'><strong>parentibus</strong></span> <span class='ocrx_word' id='word_1_442' title='bbox 554 2410 729 2443; x_wconf 89' lang='lat' dir='ltr'><strong>procreantur</strong></span> <span class='ocrx_word' id='word_1_443' title='bbox 745 2416 751 2432; x_wconf 90' lang='lat'><strong>:</strong></span> <span class='ocrx_word' id='word_1_444' title='bbox 767 2410 794 2432; x_wconf 87' lang='lat' dir='ltr'><strong>et</strong></span> <span class='ocrx_word' id='word_1_445' title='bbox 806 2404 909 2434; x_wconf 89' lang='lat' dir='ltr'><strong>vocatio</strong></span> <span class='ocrx_word' id='word_1_446' title='bbox 922 2415 1015 2434; x_wconf 89' lang='lat' dir='ltr'><strong>eorum</strong></span> 
     </span>
    </p>
   </div>
   <div class='ocr_carea' id='block_1_11' title="bbox 1054 274 1894 834">
    <p class='ocr_par' dir='ltr' id='par_1_11' title="bbox 1054 274 1799 355">
     <span class='ocr_line' id='line_1_61' title="bbox 1055 274 1799 314; baseline 0.003 -10"><span class='ocrx_word' id='word_1_447' title='bbox 1055 274 1199 304; x_wconf 86' lang='lat' dir='ltr'><strong>cessarium</strong></span> <span class='ocrx_word' id='word_1_448' title='bbox 1215 284 1279 314; x_wconf 85' lang='lat' dir='ltr'><strong>ergo</strong></span> <span class='ocrx_word' id='word_1_449' title='bbox 1299 281 1349 313; x_wconf 86' lang='lat' dir='ltr'><strong>est,</strong></span> <span class='ocrx_word' id='word_1_450' title='bbox 1363 281 1395 304; x_wconf 91' lang='lat' dir='ltr'><strong>ut</strong></span> <span class='ocrx_word' id='word_1_451' title='bbox 1414 285 1506 305; x_wconf 89' lang='lat' dir='ltr'><strong>omnes</strong></span> <span class='ocrx_word' id='word_1_452' title='bbox 1525 274 1632 305; x_wconf 90' lang='lat' dir='ltr'><strong>boni&#39;et</strong></span> <span class='ocrx_word' id='word_1_453' title='bbox 1654 275 1719 305; x_wconf 87' lang='lat' dir='ltr'><strong>mali</strong></span> <span class='ocrx_word' id='word_1_454' title='bbox 1732 275 1799 306; x_wconf 88' lang='lat' dir='ltr'><strong>fiant</strong></span> 
     </span>
     <span class='ocr_line' id='line_1_62' title="bbox 1054 314 1798 355; baseline 0.004 -13"><span class='ocrx_word' id='word_1_455' title='bbox 1054 314 1212 350; x_wconf 85' lang='lat' dir='ltr'><strong>Christiani,</strong></span> <span class='ocrx_word' id='word_1_456' title='bbox 1221 320 1245 343; x_wconf 87' lang='lat' dir='ltr'><strong>et</strong></span> <span class='ocrx_word' id='word_1_457' title='bbox 1254 324 1345 343; x_wconf 88' lang='lat' dir='ltr'><strong>omnes</strong></span> <span class='ocrx_word' id='word_1_458' title='bbox 1353 315 1515 355; x_wconf 80' lang='lat' dir='ltr'><strong>agnitionem</strong></span> <span class='ocrx_word' id='word_1_459' title='bbox 1526 315 1644 344; x_wconf 79' lang='lat' dir='ltr'><strong>veritatis</strong></span> <span class='ocrx_word' id='word_1_460' title='bbox 1657 315 1710 345; x_wconf 88' lang='lat' dir='ltr'><strong>acci</strong></span> <span class='ocrx_word' id='word_1_461' title='bbox 1733 315 1798 352; x_wconf 90' lang='lat' dir='ltr'><strong>iant,</strong></span> 
     </span>
    </p>

    <p class='ocr_par' dir='ltr' id='par_1_12' title="bbox 1054 326 1894 834">
     <span class='ocr_line' id='line_1_63' title="bbox 1055 326 1799 395; baseline 0.003 -13"><span class='ocrx_word' id='word_1_462' title='bbox 1055 360 1085 382; x_wconf 91' lang='lat' dir='ltr'><strong>ut</strong></span> <span class='ocrx_word' id='word_1_463' title='bbox 1096 360 1122 382; x_wconf 90' lang='lat' dir='ltr'><strong>et</strong></span> <span class='ocrx_word' id='word_1_464' title='bbox 1154 359 1225 382; x_wconf 88' lang='lat' dir='ltr'><strong>ostea</strong></span> <span class='ocrx_word' id='word_1_465' title='bbox 1238 353 1365 383; x_wconf 88' lang='lat' dir='ltr'><strong>immissis</strong></span> <span class='ocrx_word' id='word_1_466' title='bbox 1384 354 1574 385; x_wconf 86' lang='lat' dir='ltr'><strong>tentationibus</strong></span> <span class='ocrx_word' id='word_1_467' title='bbox 1595 354 1675 395; x_wconf 86' lang='lat' dir='ltr'><strong>pauci</strong></span> <span class='ocrx_word' id='word_1_468' title='bbox 1695 326 1799 395; x_wconf 68' lang='lat' dir='ltr'><strong>eiigan-</strong></span> 
     </span>
     <span class='ocr_line' id='line_1_64' title="bbox 1054 364 1797 433; baseline 0.004 -12"><span class='ocrx_word' id='word_1_469' title='bbox 1054 399 1101 421; x_wconf 90' lang='lat' dir='ltr'><strong>tur</strong></span> <span class='ocrx_word' id='word_1_470' title='bbox 1120 364 1154 421; x_wconf 54' lang='lat' dir='ltr'><strong>dle</strong></span> <span class='ocrx_word' id='word_1_471' title='bbox 1173 392 1278 428; x_wconf 85' lang='lat' dir='ltr'><strong>multis,</strong></span> <span class='ocrx_word' id='word_1_472' title='bbox 1295 399 1324 422; x_wconf 86' lang='lat' dir='ltr'><strong>ut</strong></span> <span class='ocrx_word' id='word_1_473' title='bbox 1350 393 1495 433; x_wconf 87' lang='lat' dir='ltr'><strong>impleatur</strong></span> <span class='ocrx_word' id='word_1_474' title='bbox 1519 393 1594 432; x_wconf 83' lang='lat' dir='ltr'><strong>quod</strong></span> <span class='ocrx_word' id='word_1_475' title='bbox 1619 393 1721 423; x_wconf 87' lang='lat' dir='ltr'><strong>dictum</strong></span> <span class='ocrx_word' id='word_1_476' title='bbox 1735 401 1774 424; x_wconf 88' lang='lat' dir='ltr'><strong>est</strong></span> <span class='ocrx_word' id='word_1_477' title='bbox 1790 405 1797 421; x_wconf 90' lang='lat'><strong>:</strong></span> 
     </span>
     <span class='ocr_line' id='line_1_65' title="bbox 1055 432 1894 473; baseline 0 -12"><span class='ocrx_word' id='word_1_478' title='bbox 1055 432 1147 461; x_wconf 75' lang='lat' dir='ltr'><strong>Multi</strong></span> <span class='ocrx_word' id='word_1_479' title='bbox 1157 439 1225 461; x_wconf 78' lang='lat' dir='ltr'><strong>sune</strong></span> <span class='ocrx_word' id='word_1_480' title='bbox 1242 434 1353 469; x_wconf 76' lang='lat' dir='ltr'><strong>vocati,</strong></span> <span class='ocrx_word' id='word_1_481' title='bbox 1361 434 1448 472; x_wconf 83' lang='lat' dir='ltr'><strong>pauci</strong></span> <span class='ocrx_word' id='word_1_482' title='bbox 1461 443 1532 462; x_wconf 82' lang='lat' dir='ltr'><strong>vero</strong></span> <span class='ocrx_word' id='word_1_483' title='bbox 1553 433 1647 462; x_wconf 82' lang='lat' dir='ltr'><strong>electi.</strong></span> <span class='ocrx_word' id='word_1_484' title='bbox 1658 433 1799 473; x_wconf 83' lang='lat' dir='ltr'><strong>Numquid</strong></span> <span class='ocrx_word' id='word_1_485' title='bbox 1810 440 1894 462; x_wconf 73' lang='grc' dir='ltr'><strong>ΜαιιΙι.</strong></span> 
     </span>
     <span class='ocr_line' id='line_1_66' title="bbox 1055 470 1848 512; baseline 0.003 -12"><span class='ocrx_word' id='word_1_486' title='bbox 1055 478 1085 500; x_wconf 89' lang='lat' dir='ltr'><strong>tu</strong></span> <span class='ocrx_word' id='word_1_487' title='bbox 1098 471 1111 487; x_wconf 79' lang='lat'><strong>¹³</strong></span> <span class='ocrx_word' id='word_1_488' title='bbox 1119 471 1333 511; x_wconf 88' lang='lat' dir='ltr'><strong>reprehenderis,</strong></span> <span class='ocrx_word' id='word_1_489' title='bbox 1347 483 1430 511; x_wconf 86' lang='lat' dir='ltr'><strong>quare</strong></span> <span class='ocrx_word' id='word_1_490' title='bbox 1440 482 1455 501; x_wconf 90' lang='lat' dir='ltr'><strong>a</strong></span> <span class='ocrx_word' id='word_1_491' title='bbox 1466 472 1556 502; x_wconf 87' lang='lat' dir='ltr'><strong>tritico</strong></span> <span class='ocrx_word' id='word_1_492' title='bbox 1577 473 1668 512; x_wconf 87' lang='lat' dir='ltr'><strong>paleas</strong></span> <span class='ocrx_word' id='word_1_493' title='bbox 1680 483 1798 512; x_wconf 83' lang='lat' dir='ltr'><strong>separas,</strong></span> <span class='ocrx_word' id='word_1_494' title='bbox 1812 470 1848 493; x_wconf 80' lang='lat'><strong>¹⁶·</strong></span> 
     </span>
     <span class='ocr_line' id='line_1_67' title="bbox 1056 511 1799 548; baseline 0.001 -8"><span class='ocrx_word' id='word_1_495' title='bbox 1056 517 1082 540; x_wconf 90' lang='lat' dir='ltr'><strong>et</strong></span> <span class='ocrx_word' id='word_1_496' title='bbox 1093 511 1129 540; x_wconf 90' lang='lat' dir='ltr'><strong>ita</strong></span> <span class='ocrx_word' id='word_1_497' title='bbox 1140 511 1262 541; x_wconf 90' lang='lat' dir='ltr'><strong>recondis</strong></span> <span class='ocrx_word' id='word_1_498' title='bbox 1270 511 1284 540; x_wconf 64' lang='grc' dir='ltr'><strong>ἓ</strong></span> <span class='ocrx_word' id='word_1_499' title='bbox 1298 512 1353 541; x_wconf 76' lang='lat' dir='ltr'><strong>Nec</strong></span> <span class='ocrx_word' id='word_1_500' title='bbox 1364 512 1436 542; x_wconf 89' lang='lat' dir='ltr'><strong>enirn</strong></span> <span class='ocrx_word' id='word_1_501' title='bbox 1447 512 1515 542; x_wconf 89' lang='lat' dir='ltr'><strong>ratio</strong></span> <span class='ocrx_word' id='word_1_502' title='bbox 1531 518 1580 548; x_wconf 89' lang='lat' dir='ltr'><strong>est,</strong></span> <span class='ocrx_word' id='word_1_503' title='bbox 1594 519 1625 542; x_wconf 90' lang='lat' dir='ltr'><strong>ut</strong></span> <span class='ocrx_word' id='word_1_504' title='bbox 1636 523 1698 541; x_wconf 87' lang='lat' dir='ltr'><strong>cum</strong></span> <span class='ocrx_word' id='word_1_505' title='bbox 1709 512 1799 542; x_wconf 84' lang='lat' dir='ltr'><strong>tritico</strong></span> 
     </span>
     <span class='ocr_line' id='line_1_68' title="bbox 1057 551 1799 591; baseline 0.003 -12"><span class='ocrx_word' id='word_1_506' title='bbox 1057 561 1169 590; x_wconf 86' lang='lat' dir='ltr'><strong>reponas</strong></span> <span class='ocrx_word' id='word_1_507' title='bbox 1181 558 1205 580; x_wconf 89' lang='lat' dir='ltr'><strong>et</strong></span> <span class='ocrx_word' id='word_1_508' title='bbox 1218 551 1319 591; x_wconf 84' lang='lat' dir='ltr'><strong>paleas,</strong></span> <span class='ocrx_word' id='word_1_509' title='bbox 1330 551 1394 590; x_wconf 88' lang='lat' dir='ltr'><strong>quia</strong></span> <span class='ocrx_word' id='word_1_510' title='bbox 1404 561 1452 581; x_wconf 87' lang='lat' dir='ltr'><strong>nec</strong></span> <span class='ocrx_word' id='word_1_511' title='bbox 1464 558 1527 581; x_wconf 86' lang='lat' dir='ltr'><strong>sunt</strong></span> <span class='ocrx_word' id='word_1_512' title='bbox 1536 551 1689 581; x_wconf 81' lang='lat' dir='ltr'><strong>necessaria:</strong></span> <span class='ocrx_word' id='word_1_513' title='bbox 1702 552 1753 581; x_wconf 87' lang='lat' dir='ltr'><strong>tibi</strong></span> <span class='ocrx_word' id='word_1_514' title='bbox 1763 551 1799 581; x_wconf 87' lang='lat' dir='ltr'><strong>ad</strong></span> 
     </span>
     <span class='ocr_line' id='line_1_69' title="bbox 1057 590 1801 631; baseline 0.003 -12"><span class='ocrx_word' id='word_1_515' title='bbox 1057 600 1147 619; x_wconf 90' lang='lat' dir='ltr'><strong>usum.</strong></span> <span class='ocrx_word' id='word_1_516' title='bbox 1163 591 1198 620; x_wconf 89' lang='lat' dir='ltr'><strong>Et</strong></span> <span class='ocrx_word' id='word_1_517' title='bbox 1208 591 1343 630; x_wconf 88' lang='lat' dir='ltr'><strong>quomodo</strong></span> <span class='ocrx_word' id='word_1_518' title='bbox 1354 592 1442 620; x_wconf 87' lang='lat' dir='ltr'><strong>Deum</strong></span> <span class='ocrx_word' id='word_1_519' title='bbox 1458 591 1608 631; x_wconf 86' lang='lat' dir='ltr'><strong>culpemus,</strong></span> <span class='ocrx_word' id='word_1_520' title='bbox 1621 590 1669 630; x_wconf 90' lang='lat' dir='ltr'><strong>qui</strong></span> <span class='ocrx_word' id='word_1_521' title='bbox 1682 602 1698 621; x_wconf 83' lang='lat' dir='ltr'><strong>a</strong></span> <span class='ocrx_word' id='word_1_522' title='bbox 1711 590 1801 621; x_wconf 84' lang='lat' dir='ltr'><strong>fideli-</strong></span> 
     </span>
     <span class='ocr_line' id='line_1_70' title="bbox 1055 629 1798 675; baseline 0.004 -17"><span class='ocrx_word' id='word_1_523' title='bbox 1055 629 1107 658; x_wconf 90' lang='lat' dir='ltr'><strong>bus</strong></span> <span class='ocrx_word' id='word_1_524' title='bbox 1120 638 1223 675; x_wconf 85' lang='lat' dir='ltr'><strong>separat</strong></span> <span class='ocrx_word' id='word_1_525' title='bbox 1242 630 1373 666; x_wconf 76' lang='lat' dir='ltr'><strong>infideles,</strong></span> <span class='ocrx_word' id='word_1_526' title='bbox 1387 631 1436 668; x_wconf 87' lang='lat' dir='ltr'><strong>qui</strong></span> <span class='ocrx_word' id='word_1_527' title='bbox 1453 641 1507 660; x_wconf 91' lang='lat' dir='ltr'><strong>non</strong></span> <span class='ocrx_word' id='word_1_528' title='bbox 1527 630 1672 671; x_wconf 88' lang='lat' dir='ltr'><strong>proficiunt</strong></span> <span class='ocrx_word' id='word_1_529' title='bbox 1689 630 1724 660; x_wconf 90' lang='lat' dir='ltr'><strong>ad</strong></span> <span class='ocrx_word' id='word_1_530' title='bbox 1739 631 1798 670; x_wconf 79' lang='lat' dir='ltr'><strong>glo-</strong></span> 
     </span>
     <span class='ocr_line' id='line_1_71' title="bbox 1056 668 1798 711; baseline 0.003 -13"><span class='ocrx_word' id='word_1_531' title='bbox 1056 668 1123 698; x_wconf 89' lang='lat' dir='ltr'><strong>riam</strong></span> <span class='ocrx_word' id='word_1_532' title='bbox 1137 670 1216 709; x_wconf 77' lang='lat' dir='ltr'><strong>eJus?</strong></span> <span class='ocrx_word' id='word_1_533' title='bbox 1225 670 1262 700; x_wconf 91' lang='lat' dir='ltr'><strong>Et</strong></span> <span class='ocrx_word' id='word_1_534' title='bbox 1272 670 1326 699; x_wconf 77' lang='lat' dir='ltr'><strong>illae</strong></span> <span class='ocrx_word' id='word_1_535' title='bbox 1339 670 1448 709; x_wconf 88' lang='lat' dir='ltr'><strong>quidem</strong></span> <span class='ocrx_word' id='word_1_536' title='bbox 1459 670 1541 711; x_wconf 82' lang='lat' dir='ltr'><strong>paleae</strong></span> <span class='ocrx_word' id='word_1_537' title='bbox 1550 681 1600 710; x_wconf 86' lang='lat' dir='ltr'><strong>per</strong></span> <span class='ocrx_word' id='word_1_538' title='bbox 1613 676 1736 699; x_wconf 82' lang='lat' dir='ltr'><strong>naturam</strong></span> <span class='ocrx_word' id='word_1_539' title='bbox 1747 671 1798 700; x_wconf 84' lang='lat' dir='ltr'><strong>ha-</strong></span> 
     </span>
     <span class='ocr_line' id='line_1_72' title="bbox 1054 708 1796 749; baseline 0.003 -12"><span class='ocrx_word' id='word_1_540' title='bbox 1054 708 1129 744; x_wconf 87' lang='lat' dir='ltr'><strong>bent,</strong></span> <span class='ocrx_word' id='word_1_541' title='bbox 1141 716 1170 738; x_wconf 92' lang='lat' dir='ltr'><strong>ut</strong></span> <span class='ocrx_word' id='word_1_542' title='bbox 1183 709 1236 739; x_wconf 89' lang='lat' dir='ltr'><strong>sint</strong></span> <span class='ocrx_word' id='word_1_543' title='bbox 1249 709 1343 749; x_wconf 75' lang='lat' dir='ltr'><strong>paleae,</strong></span> <span class='ocrx_word' id='word_1_544' title='bbox 1358 717 1384 739; x_wconf 90' lang='lat' dir='ltr'><strong>et</strong></span> <span class='ocrx_word' id='word_1_545' title='bbox 1397 710 1517 740; x_wconf 83' lang='lat' dir='ltr'><strong>triticum</strong></span> <span class='ocrx_word' id='word_1_546' title='bbox 1530 720 1588 739; x_wconf 85' lang='lat' dir='ltr'><strong>esse</strong></span> <span class='ocrx_word' id='word_1_547' title='bbox 1599 719 1654 739; x_wconf 91' lang='lat' dir='ltr'><strong>non</strong></span> <span class='ocrx_word' id='word_1_548' title='bbox 1667 716 1796 749; x_wconf 85' lang='lat' dir='ltr'><strong>possunt:</strong></span> 
     </span>
     <span class='ocr_line' id='line_1_73' title="bbox 1054 747 1800 790; baseline 0.004 -14"><span class='ocrx_word' id='word_1_549' title='bbox 1054 747 1177 778; x_wconf 79' lang='lat' dir='ltr'><strong>infideles</strong></span> <span class='ocrx_word' id='word_1_550' title='bbox 1196 756 1285 778; x_wconf 87' lang='lat' dir='ltr'><strong>autem</strong></span> <span class='ocrx_word' id='word_1_551' title='bbox 1305 759 1358 778; x_wconf 92' lang='lat' dir='ltr'><strong>non</strong></span> <span class='ocrx_word' id='word_1_552' title='bbox 1381 761 1430 790; x_wconf 89' lang='lat' dir='ltr'><strong>per</strong></span> <span class='ocrx_word' id='word_1_553' title='bbox 1441 757 1564 779; x_wconf 85' lang='lat' dir='ltr'><strong>naturam</strong></span> <span class='ocrx_word' id='word_1_554' title='bbox 1577 749 1687 786; x_wconf 88' lang='lat' dir='ltr'><strong>habent,</strong></span> <span class='ocrx_word' id='word_1_555' title='bbox 1703 756 1733 779; x_wconf 90' lang='lat' dir='ltr'><strong>ut</strong></span> <span class='ocrx_word' id='word_1_556' title='bbox 1745 749 1800 779; x_wconf 91' lang='lat' dir='ltr'><strong>sint</strong></span> 
     </span>
     <span class='ocr_line' id='line_1_74' title="bbox 1055 787 1801 834; baseline 0.003 -18"><span class='ocrx_word' id='word_1_557' title='bbox 1055 787 1188 824; x_wconf 84' lang='lat' dir='ltr'><strong>infideles,</strong></span> <span class='ocrx_word' id='word_1_558' title='bbox 1197 788 1245 818; x_wconf 89' lang='lat' dir='ltr'><strong>sed</strong></span> <span class='ocrx_word' id='word_1_559' title='bbox 1253 789 1322 818; x_wconf 86' lang='lat' dir='ltr'><strong>finnt</strong></span> <span class='ocrx_word' id='word_1_560' title='bbox 1352 789 1417 819; x_wconf 83' lang='lat' dir='ltr'><strong>aleae</strong></span> <span class='ocrx_word' id='word_1_561' title='bbox 1430 789 1541 834; x_wconf 89' lang='lat' dir='ltr'><strong>propria</strong></span> <span class='ocrx_word' id='word_1_562' title='bbox 1554 789 1702 823; x_wconf 82' lang='lat' dir='ltr'><strong>voluntate,</strong></span> <span class='ocrx_word' id='word_1_563' title='bbox 1710 789 1801 830; x_wconf 84' lang='lat' dir='ltr'><strong>expel-</strong></span> 
     </span>
    </p>
   </div>
   <div class='ocr_carea' id='block_1_12' title="bbox 1021 826 1800 869">
    <p class='ocr_par' dir='ltr' id='par_1_13' title="bbox 1021 826 1800 869">
     <span class='ocr_line' id='line_1_75' title="bbox 1021 826 1800 869; baseline 0.001 -13"><span class='ocrx_word' id='word_1_564' title='bbox 1021 831 1039 855; x_wconf 86' lang='lat' dir='ltr'>B</span> <span class='ocrx_word' id='word_1_565' title='bbox 1054 826 1138 857; x_wconf 84' lang='lat' dir='ltr'><strong>lentes</strong></span> <span class='ocrx_word' id='word_1_566' title='bbox 1157 838 1172 856; x_wconf 93' lang='lat' dir='ltr'><strong>a</strong></span> <span class='ocrx_word' id='word_1_567' title='bbox 1192 838 1221 857; x_wconf 89' lang='lat' dir='ltr'><strong>se</strong></span> <span class='ocrx_word' id='word_1_568' title='bbox 1236 828 1328 857; x_wconf 83' lang='lat' dir='ltr'><strong>medul</strong></span> <span class='ocrx_word' id='word_1_569' title='bbox 1340 839 1384 857; x_wconf 91' lang='lat' dir='ltr'><strong>am</strong></span> <span class='ocrx_word' id='word_1_570' title='bbox 1399 830 1522 869; x_wconf 81' lang='lat' dir='ltr'><strong>justitiae.</strong></span> <span class='ocrx_word' id='word_1_571' title='bbox 1546 828 1577 859; x_wconf 92' lang='lat' dir='ltr'><strong>Si</strong></span> <span class='ocrx_word' id='word_1_572' title='bbox 1598 839 1663 867; x_wconf 85' lang='lat' dir='ltr'><strong>ergo</strong></span> <span class='ocrx_word' id='word_1_573' title='bbox 1677 828 1733 858; x_wconf 81' lang='lat' dir='ltr'><strong>illae</strong></span> <span class='ocrx_word' id='word_1_574' title='bbox 1753 839 1800 868; x_wconf 89' lang='lat' dir='ltr'><strong>pa-</strong></span> 
     </span>
    </p>
   </div>
   <div class='ocr_carea' id='block_1_13' title="bbox 1054 866 1804 1420">
    <p class='ocr_par' dir='ltr' id='par_1_14' title="bbox 1054 866 1804 1420">
     <span class='ocr_line' id='line_1_76' title="bbox 1054 866 1801 907; baseline 0.005 -13"><span class='ocrx_word' id='word_1_575' title='bbox 1054 866 1112 903; x_wconf 83' lang='lat' dir='ltr'><strong>leae,</strong></span> <span class='ocrx_word' id='word_1_576' title='bbox 1125 877 1185 906; x_wconf 81' lang='lat' dir='ltr'><strong>quae</strong></span> <span class='ocrx_word' id='word_1_577' title='bbox 1197 877 1249 896; x_wconf 90' lang='lat' dir='ltr'><strong>non</strong></span> <span class='ocrx_word' id='word_1_578' title='bbox 1263 875 1374 907; x_wconf 87' lang='lat' dir='ltr'><strong>possunt</strong></span> <span class='ocrx_word' id='word_1_579' title='bbox 1387 879 1443 898; x_wconf 91' lang='lat' dir='ltr'><strong>esse</strong></span> <span class='ocrx_word' id='word_1_580' title='bbox 1456 868 1589 904; x_wconf 87' lang='lat' dir='ltr'><strong>triticum,</strong></span> <span class='ocrx_word' id='word_1_581' title='bbox 1603 868 1801 898; x_wconf 86' lang='lat' dir='ltr'><strong>comburuntur</strong></span> 
     </span>
     <span class='ocr_line' id='line_1_77' title="bbox 1055 905 1801 947; baseline 0.004 -13"><span class='ocrx_word' id='word_1_582' title='bbox 1055 905 1083 935; x_wconf 94' lang='lat' dir='ltr'><strong>in</strong></span> <span class='ocrx_word' id='word_1_583' title='bbox 1095 906 1157 946; x_wconf 83' lang='lat' dir='ltr'><strong>igne</strong></span> <span class='ocrx_word' id='word_1_584' title='bbox 1171 917 1177 934; x_wconf 89' lang='lat'>=</span> <span class='ocrx_word' id='word_1_585' title='bbox 1194 914 1293 945; x_wconf 83' lang='lat' dir='ltr'><strong>quanto</strong></span> <span class='ocrx_word' id='word_1_586' title='bbox 1311 908 1396 947; x_wconf 85' lang='lat' dir='ltr'><strong>magis</strong></span> <span class='ocrx_word' id='word_1_587' title='bbox 1415 908 1537 937; x_wconf 88' lang='lat' dir='ltr'><strong>infideles</strong></span> <span class='ocrx_word' id='word_1_588' title='bbox 1556 907 1667 947; x_wconf 85' lang='lat' dir='ltr'><strong>dignius</strong></span> <span class='ocrx_word' id='word_1_589' title='bbox 1684 907 1801 937; x_wconf 89' lang='lat' dir='ltr'><strong>combu-</strong></span> 
     </span>
     <span class='ocr_line' id='line_1_78' title="bbox 1055 946 1799 991; baseline 0.003 -17"><span class='ocrx_word' id='word_1_590' title='bbox 1055 952 1165 983; x_wconf 83' lang='lat' dir='ltr'><strong>runtur,</strong></span> <span class='ocrx_word' id='word_1_591' title='bbox 1176 946 1224 985; x_wconf 89' lang='lat' dir='ltr'><strong>qui</strong></span> <span class='ocrx_word' id='word_1_592' title='bbox 1235 954 1380 991; x_wconf 84' lang='lat' dir='ltr'><strong>potuerunt</strong></span> <span class='ocrx_word' id='word_1_593' title='bbox 1394 958 1450 977; x_wconf 89' lang='lat' dir='ltr'><strong>esse</strong></span> <span class='ocrx_word' id='word_1_594' title='bbox 1465 947 1594 983; x_wconf 87' lang='lat' dir='ltr'><strong>triticum,</strong></span> <span class='ocrx_word' id='word_1_595' title='bbox 1609 947 1661 976; x_wconf 90' lang='lat' dir='ltr'><strong>nisi</strong></span> <span class='ocrx_word' id='word_1_596' title='bbox 1672 960 1688 978; x_wconf 86' lang='lat' dir='ltr'><strong>a</strong></span> <span class='ocrx_word' id='word_1_597' title='bbox 1701 957 1731 976; x_wconf 86' lang='lat' dir='ltr'><strong>se</strong></span> <span class='ocrx_word' id='word_1_598' title='bbox 1742 957 1799 976; x_wconf 89' lang='lat' dir='ltr'><strong>me-</strong></span> 
     </span>
     <span class='ocr_line' id='line_1_79' title="bbox 1055 984 1800 1027; baseline 0.004 -14"><span class='ocrx_word' id='word_1_599' title='bbox 1055 984 1161 1014; x_wconf 90' lang='lat' dir='ltr'><strong>dullam</strong></span> <span class='ocrx_word' id='word_1_600' title='bbox 1183 986 1294 1026; x_wconf 71' lang='lat' dir='ltr'><strong>justitiae</strong></span> <span class='ocrx_word' id='word_1_601' title='bbox 1341 987 1513 1027; x_wconf 80' lang='lat' dir='ltr'><strong>rojecissent?</strong></span> <span class='ocrx_word' id='word_1_602' title='bbox 1533 987 1571 1016; x_wconf 91' lang='lat' dir='ltr'><strong>Et</strong></span> <span class='ocrx_word' id='word_1_603' title='bbox 1590 986 1654 1016; x_wconf 83' lang='lat' dir='ltr'><strong>vide</strong></span> <span class='ocrx_word' id='word_1_604' title='bbox 1672 987 1800 1025; x_wconf 85' lang='lat' dir='ltr'><strong>quoniam</strong></span> 
     </span>
     <span class='ocr_line' id='line_1_80' title="bbox 1054 997 1802 1064; baseline 0.003 -11"><span class='ocrx_word' id='word_1_605' title='bbox 1054 1034 1107 1053; x_wconf 91' lang='lat' dir='ltr'><strong>non</strong></span> <span class='ocrx_word' id='word_1_606' title='bbox 1118 1024 1200 1062; x_wconf 89' lang='lat' dir='ltr'><strong>dixit,</strong></span> <span class='ocrx_word' id='word_1_607' title='bbox 1213 997 1359 1055; x_wconf 59' lang='lat' dir='ltr'><strong>Mundahit</strong></span> <span class='ocrx_word' id='word_1_608' title='bbox 1371 1037 1460 1056; x_wconf 89' lang='lat' dir='ltr'><strong>aream</strong></span> <span class='ocrx_word' id='word_1_609' title='bbox 1473 1037 1560 1063; x_wconf 83' lang='lat' dir='ltr'><strong>suam,</strong></span> <span class='ocrx_word' id='word_1_610' title='bbox 1574 1025 1632 1064; x_wconf 90' lang='lat' dir='ltr'><strong>sed,</strong></span> <span class='ocrx_word' id='word_1_611' title='bbox 1647 1029 1660 1043; x_wconf 72' lang='lat'><strong>⁶</strong></span> <span class='ocrx_word' id='word_1_612' title='bbox 1671 1027 1802 1056; x_wconf 88' lang='lat' dir='ltr'><strong>Permun·</strong></span> 
     </span>
     <span class='ocr_line' id='line_1_81' title="bbox 1055 1063 1802 1105; baseline 0.001 -12"><span class='ocrx_word' id='word_1_613' title='bbox 1055 1063 1142 1094; x_wconf 86' lang='lat' dir='ltr'><strong>dabit.</strong></span> <span class='ocrx_word' id='word_1_614' title='bbox 1167 1065 1313 1105; x_wconf 88' lang='lat' dir='ltr'><strong>Propterea</strong></span> <span class='ocrx_word' id='word_1_615' title='bbox 1338 1065 1410 1095; x_wconf 91' lang='lat' dir='ltr'><strong>enim</strong></span> <span class='ocrx_word' id='word_1_616' title='bbox 1427 1076 1512 1105; x_wconf 87' lang='lat' dir='ltr'><strong>usque</strong></span> <span class='ocrx_word' id='word_1_617' title='bbox 1535 1065 1570 1095; x_wconf 88' lang='lat' dir='ltr'><strong>ad</strong></span> <span class='ocrx_word' id='word_1_618' title='bbox 1589 1066 1802 1095; x_wconf 88' lang='lat' dir='ltr'><strong>consummatio-</strong></span> 
     </span>
     <span class='ocr_line' id='line_1_82' title="bbox 1056 1103 1803 1144; baseline 0.001 -11"><span class='ocrx_word' id='word_1_619' title='bbox 1056 1113 1115 1133; x_wconf 88' lang='lat' dir='ltr'><strong>nem</strong></span> <span class='ocrx_word' id='word_1_620' title='bbox 1134 1114 1240 1144; x_wconf 88' lang='lat' dir='ltr'><strong>semper</strong></span> <span class='ocrx_word' id='word_1_621' title='bbox 1259 1115 1365 1134; x_wconf 86' lang='lat' dir='ltr'><strong>necesse</strong></span> <span class='ocrx_word' id='word_1_622' title='bbox 1383 1111 1423 1134; x_wconf 57' lang='grc' dir='ltr'><strong>αἱ</strong></span> <span class='ocrx_word' id='word_1_623' title='bbox 1443 1112 1474 1134; x_wconf 93' lang='lat' dir='ltr'><strong>ut</strong></span> <span class='ocrx_word' id='word_1_624' title='bbox 1493 1105 1608 1134; x_wconf 85' lang='lat' dir='ltr'><strong>diversis</strong></span> <span class='ocrx_word' id='word_1_625' title='bbox 1632 1103 1721 1134; x_wconf 87' lang='lat' dir='ltr'><strong>modis</strong></span> <span class='ocrx_word' id='word_1_626' title='bbox 1743 1111 1803 1134; x_wconf 88' lang='lat' dir='ltr'><strong>ten-</strong></span> 
     </span>
     <span class='ocr_line' id='line_1_83' title="bbox 1056 1144 1804 1184; baseline 0.003 -12"><span class='ocrx_word' id='word_1_627' title='bbox 1056 1149 1126 1172; x_wconf 89' lang='lat' dir='ltr'><strong>tetur</strong></span> <span class='ocrx_word' id='word_1_628' title='bbox 1149 1144 1281 1181; x_wconf 82' lang='lat' dir='ltr'><strong>Ecclesia,</strong></span> <span class='ocrx_word' id='word_1_629' title='bbox 1295 1144 1380 1174; x_wconf 85' lang='lat' dir='ltr'><strong>donec</strong></span> <span class='ocrx_word' id='word_1_630' title='bbox 1402 1144 1608 1184; x_wconf 87' lang='lat' dir='ltr'><strong>permundetur.</strong></span> <span class='ocrx_word' id='word_1_631' title='bbox 1621 1145 1661 1174; x_wconf 89' lang='lat' dir='ltr'><strong>Et.</strong></span> <span class='ocrx_word' id='word_1_632' title='bbox 1679 1144 1740 1175; x_wconf 89' lang='lat' dir='ltr'><strong>ideo</strong></span> <span class='ocrx_word' id='word_1_633' title='bbox 1752 1145 1804 1174; x_wconf 77' lang='lat' dir='ltr'><strong>Ee-</strong></span> 
     </span>
     <span class='ocr_line' id='line_1_84' title="bbox 1056 1182 1802 1222; baseline 0.001 -10"><span class='ocrx_word' id='word_1_634' title='bbox 1056 1182 1133 1212; x_wconf 86' lang='lat' dir='ltr'><strong>clesia</strong></span> <span class='ocrx_word' id='word_1_635' title='bbox 1155 1183 1258 1213; x_wconf 90' lang='lat' dir='ltr'><strong>Christi</strong></span> <span class='ocrx_word' id='word_1_636' title='bbox 1278 1194 1427 1222; x_wconf 87' lang='lat' dir='ltr'><strong>numquam</strong></span> <span class='ocrx_word' id='word_1_637' title='bbox 1442 1184 1501 1213; x_wconf 90' lang='lat' dir='ltr'><strong>sine</strong></span> <span class='ocrx_word' id='word_1_638' title='bbox 1524 1183 1667 1213; x_wconf 82' lang='lat' dir='ltr'><strong>tentatione</strong></span> <span class='ocrx_word' id='word_1_639' title='bbox 1690 1183 1802 1214; x_wconf 83' lang='lat' dir='ltr'><strong>dimissa</strong></span> 
     </span>
     <span class='ocr_line' id='line_1_85' title="bbox 1057 1222 1800 1263; baseline 0.003 -13"><span class='ocrx_word' id='word_1_640' title='bbox 1057 1229 1105 1251; x_wconf 87' lang='lat' dir='ltr'><strong>est.</strong></span> <span class='ocrx_word' id='word_1_641' title='bbox 1119 1222 1155 1252; x_wconf 92' lang='lat' dir='ltr'><strong>Et</strong></span> <span class='ocrx_word' id='word_1_642' title='bbox 1169 1223 1287 1263; x_wconf 87' lang='lat' dir='ltr'><strong>primum</strong></span> <span class='ocrx_word' id='word_1_643' title='bbox 1298 1223 1407 1262; x_wconf 83' lang='lat' dir='ltr'><strong>quidem</strong></span> <span class='ocrx_word' id='word_1_644' title='bbox 1420 1224 1619 1253; x_wconf 84' lang='lat' dir='ltr'><strong>ventilaverunt</strong></span> <span class='ocrx_word' id='word_1_645' title='bbox 1631 1223 1720 1254; x_wconf 74' lang='lat' dir='ltr'><strong>Jndaei</strong></span> <span class='ocrx_word' id='word_1_646' title='bbox 1730 1234 1800 1259; x_wconf 80' lang='lat' dir='ltr'><strong>eam,</strong></span> 
     </span>
     <span class='ocr_line' id='line_1_86' title="bbox 1056 1261 1802 1308; baseline 0.003 -18"><span class='ocrx_word' id='word_1_647' title='bbox 1056 1261 1154 1290; x_wconf 90' lang='lat' dir='ltr'><strong>deinde</strong></span> <span class='ocrx_word' id='word_1_648' title='bbox 1171 1263 1282 1301; x_wconf 87' lang='lat' dir='ltr'><strong>gentiles</strong></span> <span class='ocrx_word' id='word_1_649' title='bbox 1292 1285 1300 1298; x_wconf 96' lang='lat'>‚</span> <span class='ocrx_word' id='word_1_650' title='bbox 1313 1263 1395 1292; x_wconf 91' lang='lat' dir='ltr'><strong>modo</strong></span> <span class='ocrx_word' id='word_1_651' title='bbox 1405 1263 1524 1293; x_wconf 84' lang='lat' dir='ltr'><strong>haeretici</strong></span> <span class='ocrx_word' id='word_1_652' title='bbox 1540 1275 1547 1291; x_wconf 73' lang='grc' dir='ltr'><strong><em>ε</em></strong></span> <span class='ocrx_word' id='word_1_653' title='bbox 1563 1262 1735 1308; x_wconf 86' lang='lat' dir='ltr'><strong>postmodum</strong></span> <span class='ocrx_word' id='word_1_654' title='bbox 1751 1273 1802 1292; x_wconf 86' lang='lat' dir='ltr'><strong>au-</strong></span> 
     </span>
     <span class='ocr_line' id='line_1_87' title="bbox 1057 1302 1804 1341; baseline 0.003 -12"><span class='ocrx_word' id='word_1_655' title='bbox 1057 1307 1110 1329; x_wconf 91' lang='lat' dir='ltr'><strong>tem</strong></span> <span class='ocrx_word' id='word_1_656' title='bbox 1125 1302 1315 1340; x_wconf 85' lang='lat' dir='ltr'><strong>perventilabit</strong></span> <span class='ocrx_word' id='word_1_657' title='bbox 1327 1303 1518 1332; x_wconf 87' lang='lat' dir='ltr'><strong>Antichristus.</strong></span> <span class='ocrx_word' id='word_1_658' title='bbox 1541 1303 1618 1332; x_wconf 84' lang='lat' dir='ltr'><strong>Sicut</strong></span> <span class='ocrx_word' id='word_1_659' title='bbox 1633 1303 1704 1332; x_wconf 88' lang='lat' dir='ltr'><strong>enim</strong></span> <span class='ocrx_word' id='word_1_660' title='bbox 1718 1312 1804 1341; x_wconf 84' lang='lat' dir='ltr'><strong>quan-</strong></span> 
     </span>
     <span class='ocr_line' id='line_1_88' title="bbox 1057 1339 1803 1381; baseline 0.003 -13"><span class='ocrx_word' id='word_1_661' title='bbox 1057 1339 1093 1368; x_wconf 90' lang='lat' dir='ltr'><strong>do</strong></span> <span class='ocrx_word' id='word_1_662' title='bbox 1115 1340 1268 1378; x_wconf 87' lang='lat' dir='ltr'><strong>permodica</strong></span> <span class='ocrx_word' id='word_1_663' title='bbox 1293 1352 1357 1370; x_wconf 87' lang='lat' dir='ltr'><strong>aura</strong></span> <span class='ocrx_word' id='word_1_664' title='bbox 1381 1349 1435 1376; x_wconf 86' lang='lat' dir='ltr'><strong>est,</strong></span> <span class='ocrx_word' id='word_1_665' title='bbox 1461 1352 1515 1371; x_wconf 89' lang='lat' dir='ltr'><strong>non</strong></span> <span class='ocrx_word' id='word_1_666' title='bbox 1536 1341 1731 1381; x_wconf 88' lang='lat' dir='ltr'><strong>permundatur</strong></span> <span class='ocrx_word' id='word_1_667' title='bbox 1751 1347 1803 1370; x_wconf 86' lang='lat' dir='ltr'><strong>tota</strong></span> 
     </span>
     <span class='ocr_line' id='line_1_89' title="bbox 1058 1379 1803 1420; baseline 0.001 -13"><span class='ocrx_word' id='word_1_668' title='bbox 1058 1379 1142 1408; x_wconf 87' lang='lat' dir='ltr'><strong>tritici</strong></span> <span class='ocrx_word' id='word_1_669' title='bbox 1162 1390 1260 1415; x_wconf 89' lang='lat' dir='ltr'><strong>massa,</strong></span> <span class='ocrx_word' id='word_1_670' title='bbox 1273 1380 1321 1409; x_wconf 88' lang='lat' dir='ltr'><strong>sed</strong></span> <span class='ocrx_word' id='word_1_671' title='bbox 1334 1380 1448 1411; x_wconf 85' lang='lat' dir='ltr'><strong>leviores</strong></span> <span class='ocrx_word' id='word_1_672' title='bbox 1467 1380 1578 1419; x_wconf 90' lang='lat' dir='ltr'><strong>quidem</strong></span> <span class='ocrx_word' id='word_1_673' title='bbox 1595 1381 1677 1420; x_wconf 82' lang='lat' dir='ltr'><strong>paleae</strong></span> <span class='ocrx_word' id='word_1_674' title='bbox 1698 1379 1803 1409; x_wconf 89' lang='lat' dir='ltr'><strong>modica</strong></span> 
     </span>
    </p>
   </div>
   <div class='ocr_carea' id='block_1_14' title="bbox 1023 1419 1804 1459">
    <p class='ocr_par' dir='ltr' id='par_1_15' title="bbox 1023 1419 1804 1459">
     <span class='ocr_line' id='line_1_90' title="bbox 1023 1419 1804 1459; baseline -0.001 -10"><span class='ocrx_word' id='word_1_675' title='bbox 1023 1425 1042 1449; x_wconf 88' lang='lat' dir='ltr'><strong>C</strong></span> <span class='ocrx_word' id='word_1_676' title='bbox 1056 1429 1122 1447; x_wconf 88' lang='lat' dir='ltr'><strong>aura</strong></span> <span class='ocrx_word' id='word_1_677' title='bbox 1141 1419 1285 1458; x_wconf 82' lang='lat' dir='ltr'><strong>jactantur,</strong></span> <span class='ocrx_word' id='word_1_678' title='bbox 1306 1420 1444 1459; x_wconf 87' lang='lat' dir='ltr'><strong>graviores</strong></span> <span class='ocrx_word' id='word_1_679' title='bbox 1467 1426 1558 1449; x_wconf 80' lang='lat' dir='ltr'><strong>autem</strong></span> <span class='ocrx_word' id='word_1_680' title='bbox 1583 1427 1720 1449; x_wconf 89' lang='lat' dir='ltr'><strong>remanent</strong></span> <span class='ocrx_word' id='word_1_681' title='bbox 1734 1432 1742 1448; x_wconf 86' lang='lat'>=</span> <span class='ocrx_word' id='word_1_682' title='bbox 1769 1421 1804 1448; x_wconf 89' lang='lat' dir='ltr'><strong>si-</strong></span> 
     </span>
    </p>
   </div>
   <div class='ocr_carea' id='block_1_15' title="bbox 1058 1458 1856 1890">
    <p class='ocr_par' dir='ltr' id='par_1_16' title="bbox 1058 1458 1856 1890">
     <span class='ocr_line' id='line_1_91' title="bbox 1058 1458 1802 1498; baseline 0 -11"><span class='ocrx_word' id='word_1_683' title='bbox 1058 1458 1158 1487; x_wconf 87' lang='lat' dir='ltr'><strong>militer</strong></span> <span class='ocrx_word' id='word_1_684' title='bbox 1180 1466 1317 1488; x_wconf 87' lang='lat' dir='ltr'><strong>remanent</strong></span> <span class='ocrx_word' id='word_1_685' title='bbox 1342 1466 1369 1488; x_wconf 89' lang='lat' dir='ltr'><strong>et</strong></span> <span class='ocrx_word' id='word_1_686' title='bbox 1389 1470 1476 1488; x_wconf 81' lang='lat' dir='ltr'><strong>vacua</strong></span> <span class='ocrx_word' id='word_1_687' title='bbox 1498 1469 1592 1498; x_wconf 82' lang='lat' dir='ltr'><strong>grana.</strong></span> <span class='ocrx_word' id='word_1_688' title='bbox 1622 1460 1735 1489; x_wconf 86' lang='lat' dir='ltr'><strong>Necesse</strong></span> <span class='ocrx_word' id='word_1_689' title='bbox 1762 1465 1802 1487; x_wconf 87' lang='lat' dir='ltr'><strong>est</strong></span> 
     </span>
     <span class='ocr_line' id='line_1_92' title="bbox 1059 1496 1856 1538; baseline 0.001 -12"><span class='ocrx_word' id='word_1_690' title='bbox 1059 1507 1134 1536; x_wconf 85' lang='lat' dir='ltr'><strong>ergo,</strong></span> <span class='ocrx_word' id='word_1_691' title='bbox 1149 1504 1179 1526; x_wconf 92' lang='lat' dir='ltr'><strong>ut</strong></span> <span class='ocrx_word' id='word_1_692' title='bbox 1197 1498 1284 1538; x_wconf 90' lang='lat' dir='ltr'><strong>major</strong></span> <span class='ocrx_word' id='word_1_693' title='bbox 1303 1496 1470 1538; x_wconf 46' lang='lat' dir='ltr'><strong>effletur</strong></span> <span class='ocrx_word' id='word_1_694' title='bbox 1489 1505 1596 1535; x_wconf 86' lang='lat' dir='ltr'><strong>ventus,</strong></span> <span class='ocrx_word' id='word_1_695' title='bbox 1608 1505 1640 1527; x_wconf 92' lang='lat' dir='ltr'><strong>ut</strong></span> <span class='ocrx_word' id='word_1_696' title='bbox 1658 1505 1684 1527; x_wconf 91' lang='lat' dir='ltr'><strong>et</strong></span> <span class='ocrx_word' id='word_1_697' title='bbox 1697 1498 1801 1537; x_wconf 80' lang='lat' dir='ltr'><strong>gravio·</strong></span> <span class='ocrx_word' id='word_1_698' title='bbox 1813 1517 1856 1533; x_wconf 65' lang='grc' dir='ltr'><strong>η,</strong></span> 
     </span>
     <span class='ocr_line' id='line_1_93' title="bbox 1060 1537 1803 1577; baseline 0.001 -12"><span class='ocrx_word' id='word_1_699' title='bbox 1060 1547 1101 1566; x_wconf 84' lang='lat' dir='ltr'><strong>res</strong></span> <span class='ocrx_word' id='word_1_700' title='bbox 1130 1537 1204 1573; x_wconf 74' lang='lat' dir='ltr'><strong>aleae,</strong></span> <span class='ocrx_word' id='word_1_701' title='bbox 1213 1544 1239 1566; x_wconf 91' lang='lat' dir='ltr'><strong>et</strong></span> <span class='ocrx_word' id='word_1_702' title='bbox 1253 1547 1337 1566; x_wconf 88' lang='lat' dir='ltr'><strong>vacua</strong></span> <span class='ocrx_word' id='word_1_703' title='bbox 1349 1547 1429 1577; x_wconf 90' lang='lat' dir='ltr'><strong>grana</strong></span> <span class='ocrx_word' id='word_1_704' title='bbox 1439 1537 1573 1577; x_wconf 88' lang='lat' dir='ltr'><strong>jactentur</strong></span> <span class='ocrx_word' id='word_1_705' title='bbox 1585 1549 1592 1566; x_wconf 72' lang='grc' dir='ltr'><strong>ε</strong></span> <span class='ocrx_word' id='word_1_706' title='bbox 1603 1537 1642 1567; x_wconf 89' lang='lat' dir='ltr'><strong>sic</strong></span> <span class='ocrx_word' id='word_1_707' title='bbox 1656 1544 1682 1566; x_wconf 90' lang='lat' dir='ltr'><strong>et</strong></span> <span class='ocrx_word' id='word_1_708' title='bbox 1694 1537 1803 1576; x_wconf 87' lang='lat' dir='ltr'><strong>quando</strong></span> 
     </span>
     <span class='ocr_line' id='line_1_94' title="bbox 1061 1576 1803 1616; baseline 0.001 -12"><span class='ocrx_word' id='word_1_709' title='bbox 1061 1586 1088 1604; x_wconf 91' lang='lat' dir='ltr'><strong>m</strong></span> <span class='ocrx_word' id='word_1_710' title='bbox 1126 1576 1166 1605; x_wconf 85' lang='lat' dir='ltr'><strong>ica</strong></span> <span class='ocrx_word' id='word_1_711' title='bbox 1183 1583 1223 1605; x_wconf 86' lang='lat' dir='ltr'><strong>est</strong></span> <span class='ocrx_word' id='word_1_712' title='bbox 1232 1577 1352 1612; x_wconf 87' lang='lat' dir='ltr'><strong>tentatio,</strong></span> <span class='ocrx_word' id='word_1_713' title='bbox 1364 1577 1407 1606; x_wconf 85' lang='lat' dir='ltr'><strong>illi</strong></span> <span class='ocrx_word' id='word_1_714' title='bbox 1425 1577 1606 1616; x_wconf 86' lang='lat' dir='ltr'><strong>projiciuntur</strong></span> <span class='ocrx_word' id='word_1_715' title='bbox 1623 1576 1658 1606; x_wconf 90' lang='lat' dir='ltr'><strong>de</strong></span> <span class='ocrx_word' id='word_1_716' title='bbox 1670 1576 1803 1613; x_wconf 79' lang='lat' dir='ltr'><strong>Ecclesia,</strong></span> 
     </span>
     <span class='ocr_line' id='line_1_95' title="bbox 1061 1615 1806 1653; baseline 0.001 -9"><span class='ocrx_word' id='word_1_717' title='bbox 1061 1615 1109 1653; x_wconf 90' lang='lat' dir='ltr'><strong>qui</strong></span> <span class='ocrx_word' id='word_1_718' title='bbox 1132 1615 1248 1645; x_wconf 88' lang='lat' dir='ltr'><strong>multum</strong></span> <span class='ocrx_word' id='word_1_719' title='bbox 1268 1623 1331 1646; x_wconf 89' lang='lat' dir='ltr'><strong>sunt</strong></span> <span class='ocrx_word' id='word_1_720' title='bbox 1356 1616 1488 1646; x_wconf 87' lang='lat' dir='ltr'><strong>infideles.</strong></span> <span class='ocrx_word' id='word_1_721' title='bbox 1514 1615 1579 1646; x_wconf 90' lang='lat' dir='ltr'><strong>Ideo</strong></span> <span class='ocrx_word' id='word_1_722' title='bbox 1602 1615 1747 1646; x_wconf 72' lang='lat' dir='ltr'><strong>necessaria</strong></span> <span class='ocrx_word' id='word_1_723' title='bbox 1766 1622 1806 1645; x_wconf 72' lang='lat' dir='ltr'><strong>est</strong></span> 
     </span>
     <span class='ocr_line' id='line_1_96' title="bbox 1060 1655 1806 1696; baseline 0.001 -13"><span class='ocrx_word' id='word_1_724' title='bbox 1060 1655 1170 1684; x_wconf 88' lang='lat' dir='ltr'><strong>tentatio</strong></span> <span class='ocrx_word' id='word_1_725' title='bbox 1185 1657 1282 1696; x_wconf 87' lang='lat' dir='ltr'><strong>major,</strong></span> <span class='ocrx_word' id='word_1_726' title='bbox 1298 1662 1328 1685; x_wconf 92' lang='lat' dir='ltr'><strong>ut</strong></span> <span class='ocrx_word' id='word_1_727' title='bbox 1345 1666 1436 1685; x_wconf 88' lang='lat' dir='ltr'><strong>omnes</strong></span> <span class='ocrx_word' id='word_1_728' title='bbox 1458 1655 1581 1685; x_wconf 82' lang='lat' dir='ltr'><strong>infideles</strong></span> <span class='ocrx_word' id='word_1_729' title='bbox 1597 1655 1702 1696; x_wconf 85' lang='lat' dir='ltr'><strong>plenius</strong></span> <span class='ocrx_word' id='word_1_730' title='bbox 1712 1665 1746 1684; x_wconf 85' lang='lat' dir='ltr'><strong>ex</strong></span> <span class='ocrx_word' id='word_1_731' title='bbox 1780 1655 1806 1684; x_wconf 92' lang='lat' dir='ltr'><strong>l-</strong></span> 
     </span>
     <span class='ocr_line' id='line_1_97' title="bbox 1061 1694 1806 1735; baseline 0 -12"><span class='ocrx_word' id='word_1_732' title='bbox 1061 1694 1165 1732; x_wconf 84' lang='lat' dir='ltr'><strong>lantur,</strong></span> <span class='ocrx_word' id='word_1_733' title='bbox 1175 1701 1205 1724; x_wconf 89' lang='lat' dir='ltr'><strong>ut</strong></span> <span class='ocrx_word' id='word_1_734' title='bbox 1217 1702 1398 1735; x_wconf 86' lang='lat' dir='ltr'><strong>perpurgetur</strong></span> <span class='ocrx_word' id='word_1_735' title='bbox 1411 1695 1544 1725; x_wconf 76' lang='lat' dir='ltr'><strong>Ecclesia,</strong></span> <span class='ocrx_word' id='word_1_736' title='bbox 1553 1695 1589 1724; x_wconf 89' lang='lat' dir='ltr'><strong>Et</strong></span> <span class='ocrx_word' id='word_1_737' title='bbox 1602 1694 1682 1724; x_wconf 89' lang='lat' dir='ltr'><strong>modo</strong></span> <span class='ocrx_word' id='word_1_738' title='bbox 1696 1694 1742 1733; x_wconf 88' lang='lat' dir='ltr'><strong>qui</strong></span> <span class='ocrx_word' id='word_1_739' title='bbox 1762 1705 1806 1723; x_wconf 86' lang='lat' dir='ltr'><strong>em</strong></span> 
     </span>
     <span class='ocr_line' id='line_1_98' title="bbox 1062 1733 1806 1774; baseline 0.001 -12"><span class='ocrx_word' id='word_1_740' title='bbox 1062 1733 1168 1763; x_wconf 88' lang='lat' dir='ltr'><strong>modico</strong></span> <span class='ocrx_word' id='word_1_741' title='bbox 1179 1734 1246 1764; x_wconf 88' lang='lat' dir='ltr'><strong>ssatu</strong></span> <span class='ocrx_word' id='word_1_742' title='bbox 1256 1735 1407 1764; x_wconf 89' lang='lat' dir='ltr'><strong>tentationis</strong></span> <span class='ocrx_word' id='word_1_743' title='bbox 1420 1735 1545 1764; x_wconf 83' lang='lat' dir='ltr'><strong>sufflante</strong></span> <span class='ocrx_word' id='word_1_744' title='bbox 1562 1734 1672 1774; x_wconf 87' lang='lat' dir='ltr'><strong>pessimi</strong></span> <span class='ocrx_word' id='word_1_745' title='bbox 1684 1733 1806 1763; x_wconf 85' lang='lat' dir='ltr'><strong>homines</strong></span> 
     </span>
     <span class='ocr_line' id='line_1_99' title="bbox 1062 1772 1807 1818; baseline 0 -16"><span class='ocrx_word' id='word_1_746' title='bbox 1062 1773 1190 1802; x_wconf 86' lang='lat' dir='ltr'><strong>recedunt</strong></span> <span class='ocrx_word' id='word_1_747' title='bbox 1206 1785 1213 1802; x_wconf 89' lang='lat'><strong>:</strong></span> <span class='ocrx_word' id='word_1_748' title='bbox 1229 1774 1254 1803; x_wconf 87' lang='lat' dir='ltr'><strong>si</strong></span> <span class='ocrx_word' id='word_1_749' title='bbox 1272 1781 1361 1803; x_wconf 87' lang='lat' dir='ltr'><strong>autem</strong></span> <span class='ocrx_word' id='word_1_750' title='bbox 1378 1774 1525 1804; x_wconf 85' lang='lat' dir='ltr'><strong>surrexerit</strong></span> <span class='ocrx_word' id='word_1_751' title='bbox 1545 1773 1646 1818; x_wconf 83' lang='lat' dir='ltr'><strong>major,</strong></span> <span class='ocrx_word' id='word_1_752' title='bbox 1669 1773 1739 1802; x_wconf 88' lang='lat' dir='ltr'><strong>sicut</strong></span> <span class='ocrx_word' id='word_1_753' title='bbox 1755 1772 1807 1802; x_wconf 84' lang='lat' dir='ltr'><strong>erit</strong></span> 
     </span>
     <span class='ocr_line' id='line_1_100' title="bbox 1062 1811 1808 1859; baseline 0 -18"><span class='ocrx_word' id='word_1_754' title='bbox 1062 1813 1114 1841; x_wconf 86' lang='lat' dir='ltr'><strong>snb</strong></span> <span class='ocrx_word' id='word_1_755' title='bbox 1132 1813 1308 1850; x_wconf 85' lang='lat' dir='ltr'><strong>Antichristo,</strong></span> <span class='ocrx_word' id='word_1_756' title='bbox 1324 1820 1477 1859; x_wconf 77' lang='lat' dir='ltr'><strong>tempestas,</strong></span> <span class='ocrx_word' id='word_1_757' title='bbox 1492 1813 1573 1843; x_wconf 88' lang='lat' dir='ltr'><strong>etiam</strong></span> <span class='ocrx_word' id='word_1_758' title='bbox 1584 1813 1627 1842; x_wconf 80' lang='lat' dir='ltr'><strong>illi</strong></span> <span class='ocrx_word' id='word_1_759' title='bbox 1645 1813 1694 1850; x_wconf 87' lang='lat' dir='ltr'><strong>qui</strong></span> <span class='ocrx_word' id='word_1_760' title='bbox 1713 1811 1808 1842; x_wconf 85' lang='lat' dir='ltr'><strong>viden-</strong></span> 
     </span>
     <span class='ocr_line' id='line_1_101' title="bbox 1062 1852 1450 1890; baseline 0.005 -10"><span class='ocrx_word' id='word_1_761' title='bbox 1062 1858 1108 1881; x_wconf 87' lang='lat' dir='ltr'><strong>tur</strong></span> <span class='ocrx_word' id='word_1_762' title='bbox 1121 1852 1241 1890; x_wconf 85' lang='lat' dir='ltr'><strong>stabiles,</strong></span> <span class='ocrx_word' id='word_1_763' title='bbox 1253 1859 1316 1882; x_wconf 89' lang='lat' dir='ltr'><strong>sunt</strong></span> <span class='ocrx_word' id='word_1_764' title='bbox 1337 1852 1450 1882; x_wconf 77' lang='lat' dir='ltr'><strong>exituri.</strong></span> 
     </span>
    </p>
   </div>
   <div class='ocr_carea' id='block_1_16' title="bbox 1165 1957 1707 1997">
    <p class='ocr_par' dir='ltr' id='par_1_17' title="bbox 1165 1957 1707 1997">
     <span class='ocr_line' id='line_1_102' title="bbox 1165 1957 1707 1997; baseline 0.002 -12"><span class='ocrx_word' id='word_1_765' title='bbox 1165 1959 1177 1972; x_wconf 84' lang='lat'>¹</span> <span class='ocrx_word' id='word_1_766' title='bbox 1189 1957 1324 1986; x_wconf 85' lang='lat' dir='ltr'><strong>Homilia</strong></span> <span class='ocrx_word' id='word_1_767' title='bbox 1344 1962 1451 1996; x_wconf 83' lang='lat' dir='ltr'><strong>quarta</strong></span> <span class='ocrx_word' id='word_1_768' title='bbox 1473 1967 1509 1986; x_wconf 75' lang='lat' dir='ltr'><strong>ez·</strong></span> <span class='ocrx_word' id='word_1_769' title='bbox 1525 1957 1598 1997; x_wconf 83' lang='lat' dir='ltr'><strong>cap.</strong></span> <span class='ocrx_word' id='word_1_770' title='bbox 1613 1959 1707 1987; x_wconf 80' lang='lat' dir='ltr'><strong>tertio.</strong></span> 
     </span>
    </p>
   </div>
   <div class='ocr_carea' id='block_1_17' title="bbox 1067 2053 1904 2412">
    <p class='ocr_par' dir='ltr' id='par_1_18' title="bbox 1067 2053 1904 2412">
     <span class='ocr_line' id='line_1_103' title="bbox 1107 2053 1904 2084; baseline 0.001 -3"><span class='ocrx_word' id='word_1_771' title='bbox 1107 2054 1120 2081; x_wconf 85' lang='grc'>1</span> <span class='ocrx_word' id='word_1_772' title='bbox 1128 2053 1157 2082; x_wconf 81' lang='lat'><strong>5.</strong></span> <span class='ocrx_word' id='word_1_773' title='bbox 1166 2053 1246 2081; x_wconf 85' lang='lat' dir='ltr'><strong>Tunc</strong></span> <span class='ocrx_word' id='word_1_774' title='bbox 1253 2055 1428 2083; x_wconf 80' lang='lat' dir='ltr'><strong>venitJesus</strong></span> <span class='ocrx_word' id='word_1_775' title='bbox 1438 2064 1458 2082; x_wconf 83' lang='lat' dir='ltr'><strong>a</strong></span> <span class='ocrx_word' id='word_1_776' title='bbox 1468 2054 1597 2083; x_wconf 67' lang='lat' dir='ltr'><strong>Galilaea</strong></span> <span class='ocrx_word' id='word_1_777' title='bbox 1606 2056 1637 2083; x_wconf 84' lang='lat' dir='ltr'><strong>in</strong></span> <span class='ocrx_word' id='word_1_778' title='bbox 1647 2055 1809 2084; x_wconf 76' lang='lat' dir='ltr'><strong>Iordanem</strong></span> <span class='ocrx_word' id='word_1_779' title='bbox 1829 2057 1904 2081; x_wconf 74' lang='lat' dir='ltr'><strong>Hamil</strong></span> 
     </span>
     <span class='ocr_line' id='line_1_104' title="bbox 1071 2092 1845 2134; baseline 0.005 -14"><span class='ocrx_word' id='word_1_780' title='bbox 1071 2092 1111 2120; x_wconf 86' lang='lat' dir='ltr'><strong>ad</strong></span> <span class='ocrx_word' id='word_1_781' title='bbox 1117 2092 1275 2121; x_wconf 75' lang='lat' dir='ltr'><strong>loannem.</strong></span> <span class='ocrx_word' id='word_1_782' title='bbox 1287 2092 1422 2128; x_wconf 76' lang='lat' dir='ltr'><strong>Quando?</strong></span> <span class='ocrx_word' id='word_1_783' title='bbox 1431 2093 1546 2129; x_wconf 86' lang='lat' dir='ltr'><strong>Quando</strong></span> <span class='ocrx_word' id='word_1_784' title='bbox 1555 2095 1671 2123; x_wconf 89' lang='lat' dir='ltr'><strong>Joannes</strong></span> <span class='ocrx_word' id='word_1_785' title='bbox 1681 2094 1810 2134; x_wconf 84' lang='lat' dir='ltr'><strong>praedica-</strong></span> <span class='ocrx_word' id='word_1_786' title='bbox 1821 2099 1845 2119; x_wconf 79' lang='lat' dir='ltr'><strong>in</strong></span> 
     </span>
     <span class='ocr_line' id='line_1_105' title="bbox 1067 2126 1904 2178; baseline 0.006 -19"><span class='ocrx_word' id='word_1_787' title='bbox 1067 2131 1114 2160; x_wconf 89' lang='lat' dir='ltr'><strong>bat</strong></span> <span class='ocrx_word' id='word_1_788' title='bbox 1132 2130 1224 2159; x_wconf 90' lang='lat' dir='ltr'><strong>dicens</strong></span> <span class='ocrx_word' id='word_1_789' title='bbox 1237 2143 1243 2159; x_wconf 93' lang='lat'>:</span> <span class='ocrx_word' id='word_1_790' title='bbox 1257 2132 1466 2160; x_wconf 81' lang='lat' dir='ltr'><strong>Poenitentinm</strong></span> <span class='ocrx_word' id='word_1_791' title='bbox 1485 2135 1574 2172; x_wconf 82' lang='lat' dir='ltr'><strong>agite,</strong></span> <span class='ocrx_word' id='word_1_792' title='bbox 1592 2135 1810 2178; x_wconf 79' lang='lat' dir='ltr'><strong>appropinqua·</strong></span> <span class='ocrx_word' id='word_1_793' title='bbox 1822 2126 1904 2158; x_wconf 50' lang='lat' dir='ltr'><strong>exemp</strong></span> 
     </span>
     <span class='ocr_line' id='line_1_106' title="bbox 1070 2160 1904 2212; baseline 0.006 -14"><span class='ocrx_word' id='word_1_794' title='bbox 1070 2171 1111 2199; x_wconf 82' lang='lat' dir='ltr'><strong>bit</strong></span> <span class='ocrx_word' id='word_1_795' title='bbox 1128 2176 1205 2198; x_wconf 78' lang='lat' dir='ltr'><strong>enim</strong></span> <span class='ocrx_word' id='word_1_796' title='bbox 1227 2180 1347 2210; x_wconf 82' lang='lat' dir='ltr'><strong>regnum</strong></span> <span class='ocrx_word' id='word_1_797' title='bbox 1367 2172 1505 2200; x_wconf 81' lang='lat' dir='ltr'><strong>coelomm</strong></span> <span class='ocrx_word' id='word_1_798' title='bbox 1517 2184 1528 2200; x_wconf 84' lang='lat'><strong>.-</strong></span> <span class='ocrx_word' id='word_1_799' title='bbox 1542 2179 1606 2202; x_wconf 87' lang='lat' dir='ltr'><strong>tunc</strong></span> <span class='ocrx_word' id='word_1_800' title='bbox 1625 2180 1697 2203; x_wconf 78' lang='lat' dir='ltr'><strong>venit</strong></span> <span class='ocrx_word' id='word_1_801' title='bbox 1713 2174 1809 2211; x_wconf 87' lang='lat' dir='ltr'><strong>Jesus,</strong></span> <span class='ocrx_word' id='word_1_802' title='bbox 1821 2160 1904 2212; x_wconf 50' lang='lat' dir='ltr'><strong>3¹1²:in-</strong></span> 
     </span>
     <span class='ocr_line' id='line_1_107' title="bbox 1070 2209 1846 2252; baseline 0.006 -14"><span class='ocrx_word' id='word_1_803' title='bbox 1070 2216 1100 2238; x_wconf 87' lang='lat' dir='ltr'><strong>ut</strong></span> <span class='ocrx_word' id='word_1_804' title='bbox 1122 2209 1306 2239; x_wconf 90' lang='lat' dir='ltr'><strong>testimonium</strong></span> <span class='ocrx_word' id='word_1_805' title='bbox 1329 2210 1460 2251; x_wconf 88' lang='lat' dir='ltr'><strong>acciperet</strong></span> <span class='ocrx_word' id='word_1_806' title='bbox 1473 2222 1488 2240; x_wconf 84' lang='lat' dir='ltr'><strong>a</strong></span> <span class='ocrx_word' id='word_1_807' title='bbox 1502 2212 1615 2249; x_wconf 89' lang='lat' dir='ltr'><strong>Joanne‚</strong></span> <span class='ocrx_word' id='word_1_808' title='bbox 1629 2214 1707 2242; x_wconf 85' lang='lat' dir='ltr'><strong>Ecce</strong></span> <span class='ocrx_word' id='word_1_809' title='bbox 1719 2223 1812 2252; x_wconf 80' lang='lat' dir='ltr'><strong>agnus</strong></span> <span class='ocrx_word' id='word_1_810' title='bbox 1823 2227 1846 2243; x_wconf 64' lang='grc' dir='ltr'><strong>ι.</strong></span> 
     </span>
     <span class='ocr_line' id='line_1_108' title="bbox 1071 2249 1904 2289; baseline 0.006 -12"><span class='ocrx_word' id='word_1_811' title='bbox 1071 2249 1140 2285; x_wconf 85' lang='lat' dir='ltr'><strong>Dei,</strong></span> <span class='ocrx_word' id='word_1_812' title='bbox 1153 2250 1207 2289; x_wconf 78' lang='lat' dir='ltr'><strong>qui</strong></span> <span class='ocrx_word' id='word_1_813' title='bbox 1224 2249 1303 2278; x_wconf 78' lang='lat' dir='ltr'><strong>tollit</strong></span> <span class='ocrx_word' id='word_1_814' title='bbox 1326 2257 1447 2285; x_wconf 84' lang='lat' dir='ltr'><strong>peccata</strong></span> <span class='ocrx_word' id='word_1_815' title='bbox 1472 2252 1583 2286; x_wconf 80' lang='lat' dir='ltr'><strong>mundi,</strong></span> <span class='ocrx_word' id='word_1_816' title='bbox 1593 2258 1620 2280; x_wconf 91' lang='lat' dir='ltr'><strong>et</strong></span> <span class='ocrx_word' id='word_1_817' title='bbox 1632 2258 1662 2281; x_wconf 90' lang='lat' dir='ltr'><strong>ut</strong></span> <span class='ocrx_word' id='word_1_818' title='bbox 1674 2252 1814 2281; x_wconf 86' lang='lat' dir='ltr'><strong>confirma·</strong></span> <span class='ocrx_word' id='word_1_819' title='bbox 1822 2252 1904 2274; x_wconf 69' lang='lat' dir='ltr'><strong>J⁰¹¹¹¹·¹</strong></span> 
     </span>
     <span class='ocr_line' id='line_1_109' title="bbox 1071 2287 1812 2330; baseline 0.005 -14"><span class='ocrx_word' id='word_1_820' title='bbox 1071 2295 1111 2317; x_wconf 90' lang='lat' dir='ltr'><strong>ret</strong></span> <span class='ocrx_word' id='word_1_821' title='bbox 1137 2287 1353 2328; x_wconf 76' lang='lat' dir='ltr'><strong>praedicationem</strong></span> <span class='ocrx_word' id='word_1_822' title='bbox 1380 2289 1478 2330; x_wconf 87' lang='lat' dir='ltr'><strong>ipsius,</strong></span> <span class='ocrx_word' id='word_1_823' title='bbox 1491 2297 1523 2320; x_wconf 88' lang='lat' dir='ltr'><strong>ut</strong></span> <span class='ocrx_word' id='word_1_824' title='bbox 1546 2290 1667 2320; x_wconf 86' lang='lat' dir='ltr'><strong>videntes</strong></span> <span class='ocrx_word' id='word_1_825' title='bbox 1690 2291 1812 2321; x_wconf 82' lang='lat' dir='ltr'><strong>homines</strong></span> 
     </span>
     <span class='ocr_line' id='line_1_110' title="bbox 1071 2327 1815 2370; baseline 0.004 -14"><span class='ocrx_word' id='word_1_826' title='bbox 1071 2327 1228 2362; x_wconf 85' lang='lat' dir='ltr'><strong>Christum,</strong></span> <span class='ocrx_word' id='word_1_827' title='bbox 1245 2338 1308 2357; x_wconf 90' lang='lat' dir='ltr'><strong>cum</strong></span> <span class='ocrx_word' id='word_1_828' title='bbox 1329 2335 1397 2358; x_wconf 91' lang='lat' dir='ltr'><strong>esset</strong></span> <span class='ocrx_word' id='word_1_829' title='bbox 1422 2330 1479 2358; x_wconf 90' lang='lat' dir='ltr'><strong>sine</strong></span> <span class='ocrx_word' id='word_1_830' title='bbox 1504 2337 1629 2369; x_wconf 86' lang='lat' dir='ltr'><strong>peccato,</strong></span> <span class='ocrx_word' id='word_1_831' title='bbox 1650 2330 1726 2368; x_wconf 83' lang='lat' dir='ltr'><strong>quasi</strong></span> <span class='ocrx_word' id='word_1_832' title='bbox 1750 2341 1815 2370; x_wconf 86' lang='lat' dir='ltr'><strong>pec-</strong></span> 
     </span>
     <span class='ocr_line' id='line_1_111' title="bbox 1071 2367 1814 2412; baseline 0.005 -17"><span class='ocrx_word' id='word_1_833' title='bbox 1071 2373 1188 2396; x_wconf 88' lang='lat' dir='ltr'><strong>catorem</strong></span> <span class='ocrx_word' id='word_1_834' title='bbox 1215 2367 1359 2412; x_wconf 71' lang='lat' dir='ltr'><strong>baptizari,</strong></span> <span class='ocrx_word' id='word_1_835' title='bbox 1374 2367 1465 2397; x_wconf 88' lang='lat' dir='ltr'><strong>dicant</strong></span> <span class='ocrx_word' id='word_1_836' title='bbox 1490 2368 1563 2408; x_wconf 91' lang='lat' dir='ltr'><strong>apud</strong></span> <span class='ocrx_word' id='word_1_837' title='bbox 1586 2379 1614 2398; x_wconf 86' lang='lat' dir='ltr'><strong>se</strong></span> <span class='ocrx_word' id='word_1_838' title='bbox 1630 2381 1637 2397; x_wconf 84' lang='lat'><em>=</em></span> <span class='ocrx_word' id='word_1_839' title='bbox 1651 2369 1681 2398; x_wconf 93' lang='lat' dir='ltr'><strong>Si</strong></span> <span class='ocrx_word' id='word_1_840' title='bbox 1710 2369 1757 2399; x_wconf 88' lang='lat' dir='ltr'><strong>ille</strong></span> <span class='ocrx_word' id='word_1_841' title='bbox 1780 2369 1814 2401; x_wconf 82' lang='lat' dir='ltr'><strong>de</strong></span> 
     </span>
    </p>
   </div>
   <div class='ocr_carea' id='block_1_18' title="bbox 1072 2406 1814 2449">
    <p class='ocr_par' dir='ltr' id='par_1_19' title="bbox 1072 2406 1814 2449">
     <span class='ocr_line' id='line_1_112' title="bbox 1072 2406 1814 2449; baseline 0.005 -14"><span class='ocrx_word' id='word_1_842' title='bbox 1072 2407 1149 2446; x_wconf 87' lang='lat' dir='ltr'><strong>cujus</strong></span> <span class='ocrx_word' id='word_1_843' title='bbox 1161 2406 1312 2436; x_wconf 82' lang='lat' dir='ltr'><strong>innocentia</strong></span> <span class='ocrx_word' id='word_1_844' title='bbox 1325 2407 1383 2446; x_wconf 88' lang='lat' dir='ltr'><strong>ipse</strong></span> <span class='ocrx_word' id='word_1_845' title='bbox 1395 2407 1515 2447; x_wconf 84' lang='lat' dir='ltr'><strong>Baptista</strong></span> <span class='ocrx_word' id='word_1_846' title='bbox 1532 2407 1713 2438; x_wconf 85' lang='lat' dir='ltr'><strong>testimonium</strong></span> <span class='ocrx_word' id='word_1_847' title='bbox 1726 2408 1814 2449; x_wconf 83' lang='lat' dir='ltr'><strong>dedit,</strong></span> 
     </span>
    </p>
   </div>
   <div class='ocr_carea' id='block_1_19' title="bbox 309 2495 1681 2532">
    <p class='ocr_par' dir='ltr' id='par_1_20' title="bbox 309 2495 1681 2532">
     <span class='ocr_line' id='line_1_113' title="bbox 309 2495 1681 2532; baseline 0.003 -11"><span class='ocrx_word' id='word_1_848' title='bbox 309 2497 323 2516; x_wconf 84' lang='lat' dir='ltr'>b</span> <span class='ocrx_word' id='word_1_849' title='bbox 340 2495 405 2522; x_wconf 86' lang='lat' dir='ltr'><strong>Cod.</strong></span> <span class='ocrx_word' id='word_1_850' title='bbox 413 2496 444 2521; x_wconf 85' lang='lat' dir='ltr'><strong>V.</strong></span> <span class='ocrx_word' id='word_1_851' title='bbox 452 2496 483 2521; x_wconf 88' lang='lat' dir='ltr'><strong>D.</strong></span> <span class='ocrx_word' id='word_1_852' title='bbox 496 2502 522 2521; x_wconf 85' lang='lat' dir='ltr'><strong>et</strong></span> <span class='ocrx_word' id='word_1_853' title='bbox 533 2495 602 2521; x_wconf 87' lang='lat' dir='ltr'><strong>Editi</strong></span> <span class='ocrx_word' id='word_1_854' title='bbox 613 2496 638 2521; x_wconf 84' lang='lat' dir='ltr'><strong>in</strong></span> <span class='ocrx_word' id='word_1_855' title='bbox 648 2504 726 2529; x_wconf 84' lang='lat' dir='ltr'><strong>marg.</strong></span> <span class='ocrx_word' id='word_1_856' title='bbox 736 2495 918 2529; x_wconf 71' lang='lat' dir='ltr'><strong>reprehenderis</strong></span> <span class='ocrx_word' id='word_1_857' title='bbox 932 2497 1036 2530; x_wconf 79' lang='lat' dir='ltr'><strong>quando</strong></span> <span class='ocrx_word' id='word_1_858' title='bbox 1061 2497 1114 2522; x_wconf 78' lang='lat' dir='ltr'><strong>Per</strong></span> <span class='ocrx_word' id='word_1_859' title='bbox 1124 2503 1234 2532; x_wconf 69' lang='lat' dir='ltr'><strong>tempora</strong></span> <span class='ocrx_word' id='word_1_860' title='bbox 1243 2499 1317 2529; x_wconf 81' lang='lat' dir='ltr'><strong>enim,</strong></span> <span class='ocrx_word' id='word_1_861' title='bbox 1325 2506 1381 2531; x_wconf 78' lang='lat' dir='ltr'><strong>quae</strong></span> <span class='ocrx_word' id='word_1_862' title='bbox 1390 2499 1466 2523; x_wconf 79' lang='lat' dir='ltr'><strong>etlam</strong></span> <span class='ocrx_word' id='word_1_863' title='bbox 1477 2497 1552 2523; x_wconf 89' lang='lat' dir='ltr'><strong>lectio</strong></span> <span class='ocrx_word' id='word_1_864' title='bbox 1564 2499 1681 2532; x_wconf 84' lang='lat' dir='ltr'><strong>quadrat.</strong></span> 
     </span>
    </p>
   </div>
   <div class='ocr_carea' id='block_1_20' title="bbox 276 2536 393 2559">
    <p class='ocr_par' dir='ltr' id='par_1_21' title="bbox 276 2536 393 2559">
     <span class='ocr_line' id='line_1_114' title="bbox 276 2536 393 2559; baseline -0.009 0"><span class='ocrx_word' id='word_1_865' title='bbox 276 2544 293 2559; x_wconf 87' lang='grc' dir='ltr'><em>α</em></span> <span class='ocrx_word' id='word_1_866' title='bbox 306 2536 393 2559; x_wconf 76' lang='lat' dir='ltr'><strong>tritico.</strong></span> 
     </span>
    </p>
   </div>
   <div class='ocr_carea' id='block_1_21' title="bbox 309 2572 1031 2606">
    <p class='ocr_par' dir='ltr' id='par_1_22' title="bbox 309 2572 1031 2606">
     <span class='ocr_line' id='line_1_115' title="bbox 309 2572 1031 2606; baseline 0.001 -9"><span class='ocrx_word' id='word_1_867' title='bbox 309 2581 319 2593; x_wconf 75' lang='lat' dir='ltr'><strong>e</strong></span> <span class='ocrx_word' id='word_1_868' title='bbox 339 2573 416 2598; x_wconf 84' lang='lat' dir='ltr'><strong>Vallis</strong></span> <span class='ocrx_word' id='word_1_869' title='bbox 432 2573 477 2598; x_wconf 90' lang='lat' dir='ltr'><strong>Dei</strong></span> <span class='ocrx_word' id='word_1_870' title='bbox 495 2572 559 2598; x_wconf 83' lang='lat' dir='ltr'><strong>cod.</strong></span> <span class='ocrx_word' id='word_1_871' title='bbox 573 2579 598 2598; x_wconf 84' lang='lat' dir='ltr'><strong>et</strong></span> <span class='ocrx_word' id='word_1_872' title='bbox 617 2572 686 2598; x_wconf 80' lang='lat' dir='ltr'><strong>Editi</strong></span> <span class='ocrx_word' id='word_1_873' title='bbox 702 2573 728 2598; x_wconf 91' lang='lat' dir='ltr'><strong>in</strong></span> <span class='ocrx_word' id='word_1_874' title='bbox 748 2581 818 2606; x_wconf 80' lang='lat' dir='ltr'><strong>marg</strong></span> <span class='ocrx_word' id='word_1_875' title='bbox 838 2573 1031 2598; x_wconf 73' lang='lat' dir='ltr'><strong>Permmulabn.</strong></span> 
     </span>
    </p>
   </div>
   <div class='ocr_carea' id='block_1_22' title="bbox 1092 2536 1602 2570">
    <p class='ocr_par' dir='ltr' id='par_1_23' title="bbox 1092 2536 1602 2570">
     <span class='ocr_line' id='line_1_116' title="bbox 1092 2536 1602 2570; baseline 0.002 -9"><span class='ocrx_word' id='word_1_876' title='bbox 1092 2545 1102 2557; x_wconf 70' lang='grc' dir='ltr'>ι</span> <span class='ocrx_word' id='word_1_877' title='bbox 1120 2538 1179 2562; x_wconf 80' lang='lat' dir='ltr'><strong>Haec.</strong></span> <span class='ocrx_word' id='word_1_878' title='bbox 1191 2536 1293 2562; x_wconf 83' lang='lat' dir='ltr'><strong>homilia</strong></span> <span class='ocrx_word' id='word_1_879' title='bbox 1305 2537 1391 2570; x_wconf 74' lang='lat' dir='ltr'><strong>quinta</strong></span> <span class='ocrx_word' id='word_1_880' title='bbox 1403 2542 1440 2562; x_wconf 88' lang='lat' dir='ltr'><strong>est</strong></span> <span class='ocrx_word' id='word_1_881' title='bbox 1451 2536 1516 2562; x_wconf 81' lang='lat' dir='ltr'><strong>Cod.</strong></span> <span class='ocrx_word' id='word_1_882' title='bbox 1527 2538 1558 2562; x_wconf 89' lang='lat' dir='ltr'><strong>V.</strong></span> <span class='ocrx_word' id='word_1_883' title='bbox 1572 2538 1602 2562; x_wconf 88' lang='lat' dir='ltr'><strong>D.</strong></span> 
     </span>
    </p>
   </div>
  </div>
 </body>
</html>
