1904 2840
273 171 344 218 930

861 177 925 200 01¹1}
927 177 943 200 S
970 177 1206 202 lMPERFEC'rUM

273 243 332 273 dies
345 243 434 277 festos,
453 249 476 271 et
491 241 602 281 seipsos,
616 247 640 270 et
654 240 810 271 vestimenta
822 250 881 276 sua,
897 246 923 269 et
936 246 1016 269 nten-
1032 242 1052 266 Α
1070 251 1136 270 sua:
1152 240 1218 270 scito
1229 240 1293 279 quia
1308 239 1343 270 ad
1361 240 1475 280 gloriam
1486 240 1538 271 Dei
1552 240 1696 272 aedificant.
1714 241 1744 272 Si
1761 252 1812 272 au-

274 283 334 312 silia
345 282 481 315 lavabant,
496 288 521 310 et
534 292 549 310 a
564 281 677 321 peccatis
693 291 771 310 nemo
784 280 902 326 seipsum
935 290 1016 318 urga-

274 323 331 358 bat,
344 332 406 350 cum
421 322 493 350 Deus
505 331 590 359 neque
603 320 723 360 corporis
737 319 899 350 munditiam
923 319 1014 355 audet,

275 371 360 400 neque
373 360 465 390 sordes
478 359 646 391 condemnet.
666 361 739 389 Pone
751 367 851 396 tamen,
866 359 930 399 quia
944 359 1017 388 Deus

275 400 332 430 odit
351 400 443 429 sordes
458 410 611 440 corporum,
627 406 653 429 et
673 410 778 436 rerum,
793 406 820 429 et
832 409 968 429 vasorum.
987 398 1018 428 Si

275 450 338 479 ergo
359 450 450 468 rerum
463 439 554 469 sordes
575 439 642 475 odit,
663 446 689 468 et
710 446 759 468 aut
771 439 825 476 vis,
837 445 884 468 aut
897 448 950 467 non
962 438 1016 473 vis,

275 490 379 508 necesse
389 486 429 509 est
438 486 468 508 ut
481 479 539 519 ipso
553 489 605 509 usu
618 478 791 508 sordidentur
802 490 808 507 :
822 484 921 517 quanto
934 477 1018 517 magis

274 521 348 548 Deus
360 518 452 548 sordes
464 518 631 553 conscientiae
641 519 742 552 horret,
752 529 833 558 quam
846 518 870 547 si
880 517 1018 552 volumus,

275 569 330 588 sem
351 569 379 587 er
402 558 531 589 mundam
553 569 691 588 servamus
700 559 714 587 Ξ)
727 559 787 588 Non
814 568 877 597 ergo
899 567 963 587 vasa
980 556 1020 585 la-

275 609 326 628 van
348 609 362 626 a
374 605 436 628 sunt
448 599 534 639 aquis,
547 597 594 628 sed
607 598 772 628 eonscientiae
786 597 920 638 precibus.
934 597 983 626 26.
995 597 1020 625 0

275 638 426 667 Pharisaee
438 648 522 674 caece,
536 638 647 667 munda
654 640 734 676 prius
742 637 822 678 quod
834 639 913 666 intus
924 642 966 666 est
973 645 1021 665 ca-

276 678 340 709 licis
353 684 381 707 et
401 678 576 718 paropsidis,
588 684 620 706 ut
632 678 695 719 fiat
713 678 757 714 id,
773 678 850 718 quod
863 677 947 717 soris
966 681 1019 712 est,

275 718 427 746 mundum.
444 719 505 747 Non
514 728 579 758 ergo
588 727 682 747 sensus
691 724 742 754 est,
752 717 776 746 si
784 717 888 746 eatinus
902 715 936 745 ad
947 716 1021 745 intus

274 757 433 794 mundatur,
445 768 460 786 a
471 758 536 787 foris
546 768 610 788 vero
620 756 765 787 mundatus
776 767 829 786 non
841 755 932 792 fuerit,
943 765 1021 785 mun-

275 795 328 826 dus
337 804 377 826 est
388 810 394 826 ε
406 797 464 834 sed,
474 797 566 834 homo,
579 798 603 827 si
617 797 651 826 ab
664 797 736 826 intus
747 797 861 838 peccatis
874 805 928 824 non
941 795 1021 824 fuerit

274 836 440 874 sordidatus,
453 844 478 866 et
493 837 515 866 si
529 847 678 879 numquam
694 835 811 876 tetigerit
822 846 930 881 aquam,
943 844 1021 863 mun-

274 875 326 905 dus
338 883 445 906 estante
454 878 541 906 Deum
553 889 559 906 :
576 877 599 906 si
614 883 702 906 autem
716 882 877 919 peccaverit,
892 881 918 904 et
927 875 951 903 si
959 880 1021 919 'toto

276 915 370 956 pelago
384 924 410 946 et
431 917 534 946 cunctis
548 916 720 949 fluminibus.
730 925 758 947 se
770 915 878 953 laverit,
892 913 1020 946 sord1dus

275 956 302 984 et
316 956 392 996 niger
405 963 515 988 estante
527 958 624 989 Deum,

429 1062 562 1092 Homilia
571 1061 634 1091 xlv.
649 1072 686 1091 ez·
699 1071 764 1100 cap.
779 1061 865 1100 xxiij.

315 1157 366 1185 27.
378 1156 428 1185 Vae
434 1156 531 1190 vobis,
542 1154 642 1184 scriboe
652 1160 679 1182 et
687 1154 833 1182 Pharisaei
845 1153 1019 1192 hypocritae,

276 1197 326 1241 qui
340 1195 449 1225 similes
463 1197 529 1224 estis
542 1194 681 1233 sepulcris
694 1193 848 1228 dealbatis,
859 1199 908 1221 etc.
920 1193 1019 1223 Merito

272 1242 408 1275 justorum
421 1245 531 1276 corpora
545 1233 646 1275 templa
660 1233 799 1269 dicuntur,
814 1232 877 1274 quia
891 1232 979 1261 anima
991 1232 1019 1262 in

276 1284 387 1314 corpore
397 1274 464 1314 justi
486 1273 641 1303 dominatur
655 1279 681 1301 et
694 1279 797 1311 regnat,
812 1272 887 1313 quasi
903 1273 975 1301 Deus
990 1273 1018 1301 in

276 1314 384 1358 templo.
402 1314 456 1343 Vel
469 1319 549 1348 certe,
565 1312 629 1351 quia
644 1312 701 1351 ipse
721 1313 794 1340 Deus
814 1311 840 1339 in
859 1311 1019 1350 corporibus

276 1352 380 1382 habitat
390 1353 480 1393 justis.
491 1353 609 1391 Corpora
620 1357 708 1379 autem
718 1356 886 1390 peccatorum
896 1351 1019 1390 sepulcra

277 1392 406 1422 dicuntur
429 1398 608 1427 mortuorum,
621 1390 685 1429 quia
699 1390 787 1418 anima
802 1396 908 1418 mortua
932 1396 971 1418 est
991 1390 1019 1419 in

276 1442 390 1472 corpore
404 1431 560 1500 peccatoris.
575 1431 630 1460 Nec
643 1429 715 1458 enim
727 1429 821 1459 vivens
834 1429 953 1469 putanda
968 1436 1017 1466 est,
1035 1435 1054 1459 C
1071 1428 1160 1457 solum
1173 1428 1224 1457 hoe
1237 1435 1368 1468 tempore,
1382 1438 1394 1457 s

277 1482 336 1514 quae
345 1471 403 1500 nihi
424 1471 518 1501 vivum
529 1476 575 1499 aut
584 1469 723 1509 spirituale
737 1470 792 1507 agit
806 1468 833 1497 in
842 1479 963 1509 corpore.
969 1469 1020 1500 Vel

298 1511 341 1539 uia
357 1521 429 1540 mors
441 1510 498 1550 ipsa
510 1509 652 1539 habitatin
666 1519 711 1537 cor
733 1508 825 1537 oribus
857 1516 1018 1538 eceatorum.

276 1521 353 1580 gicut
370 1561 434 1590 ergo
448 1549 602 1590 sepulcrum
643 1558 704 1579 uam
726 1547 754 1576 iu
775 1547 823 1586 qui
843 1558 885 1576 em
899 1549 1020 1577 clausum

277 1597 324 1624 est,
331 1590 476 1630 pulchrum
482 1588 589 1618 videtur
598 1598 612 1616 a
621 1559 641 1616 ii

275 1630 407 1659 horribile
421 1636 459 1658 est
472 1641 479 1659 :
494 1629 532 1658 sic
545 1634 571 1657 et
590 1627 758 1656 simulatores
770 1626 901 1659 bonorum
922 1638 1021 1667 quam-

275 1669 325 1698 diu
341 1669 452 1711 quidem
467 1678 518 1697 non
543 1673 751 1706 cognoscuntur,
773 1665 922 1696 laudabiles
945 1673 1019 1704 sunt,

277 1720 339 1738 cum
351 1716 440 1741 autem
454 1707 555 1748 cogniti
569 1707 679 1743 fuerint,
694 1705 869 1737 inveniuntur
880 1707 1019 1737 abomina-

276 1749 355 1778 biles.
370 1749 459 1778 Dicito
473 1748 551 1782 mihi,
566 1757 582 1776 ο
595 1746 746 1786 hypocrita,
762 1746 896 1775 sibonum
907 1753 955 1784 est,
966 1757 1022 1776 esse

276 1789 390 1825 bonum,
413 1796 442 1817 ut
461 1787 528 1826 quid
549 1796 601 1815 non
615 1788 657 1815 vis
669 1796 737 1822 esse,
756 1785 829 1825 quod
848 1786 890 1815 vis
902 1797 1021 1829 appare-

278 1828 327 1857 re?
341 1829 372 1858 Si
399 1838 461 1858 vero
485 1827 587 1856 malum
609 1833 658 1862 est,
685 1835 742 1854 esse
765 1825 879 1860 malum,
902 1833 931 1854 ut
953 1825 1021 1865 quid

278 1867 321 1897 vis
341 1878 415 1904 esse,
438 1867 512 1906 quod
537 1877 588 1895 non
612 1865 653 1910 vis
677 1875 805 1904 apparere
815 1864 829 1893 Ρ
851 1866 920 1894 Nam
947 1865 1021 1907 quod

632 1587 696 1622 oris,
707 1588 729 1618 si
737 1597 800 1616 vero
805 1587 1020 1628 fueritapertum‚

162 1916 268 1933 cnxxzssx
279 1914 358 1948 turpe
371 1914 410 1937 est
422 1916 562 1947 apparere,
577 1912 686 1944 turpius
699 1911 738 1933 est
751 1914 806 1933 csse
818 1916 824 1933 :
839 1905 912 1946 quod
932 1912 1021 1934 autem

278 1947 427 1977 formosum
443 1953 482 1976 est
502 1955 641 1986 apparere,
657 1944 799 1973 formosius
811 1951 850 1973 est
865 1954 929 1974 esse.
948 1945 1020 1984 Ergo

279 1994 325 2015 aut
337 1994 393 2016 esto
406 1985 480 2027 quod
493 1987 617 2026 appares,
632 1990 678 2028 aut
691 1994 789 2023 appare
803 1983 875 2022 quod
895 1995 922 2013 es
935 1997 940 2012 :
957 1984 1021 2023 quia

1069 286 1123 309 tem
1137 280 1204 309 alias
1215 280 1348 320 justitiam
1361 280 1412 310 Dei
1426 290 1484 315 ,non
1500 288 1617 313 servant.
1638 281 1661 310 si
1679 281 1714 311 de
1734 281 1813 311 bonis

1069 330 1162 349 eorum
1184 330 1314 360 pauperes
1335 329 1481 359 numquam
1495 320 1628 360 gaudent:
1651 321 1677 350 ''si
1697 321 1812 351 aliorum

1070 359 1140 388 bona
1153 359 1254 388 faciunt
1266 370 1314 388 sua
1325 365 1372 388 aut
1382 369 1431 399 per
1444 360 1610 397 violentiam,
1623 367 1670 390 aut
1681 371 1729 406 per
1739 361 1814 390 frau-

1070 397 1131 427 dem
1144 410 1151 426 :
1164 398 1226 437 quis
1239 404 1296 427 tam
1313 398 1462 428 insensatus
1480 406 1530 435 m,
1554 406 1584 428 ut
1605 410 1658 429 non
1680 400 1813 440 intelligat

1070 437 1135 476 quia
1146 448 1199 467 non
1213 437 1249 466 ad
1264 437 1379 478 gloriam
1390 438 1440 467 Dei
1453 439 1556 468 faciunt
1567 439 1680 469 aedificia
1693 439 1751 475 illa,
1765 439 1813 469 sed

1069 484 1179 517 propter
1192 478 1392 507 aestimationem
1407 477 1553 507 humanam
1561 479 1575 507 Ρ
1592 479 1630 508 Et
1639 481 1710 520 juste
1723 479 1813 508 aedifi-

1071 524 1132 546 cant
1145 517 1285 557 martyria,
1308 524 1338 546 ut
1361 527 1491 557 pauperes
1511 517 1666 548 violentiam
1687 518 1758 559 passi
1778 518 1814 548 ab

1070 556 1109 586 eis
1129 556 1299 597 interpellent
1324 563 1414 586 eontra
1437 567 1494 587 eos.
1518 558 1578 587 Non
1597 558 1668 588 enim
1695 558 1812 598 gaudent
1822 568 1904 591 „celan

1071 603 1213 637 martyres,
1234 596 1343 636 quando
1363 606 1397 626 ex
1418 596 1475 626 illis
1495 597 1615 638 pecuniis
1633 598 1812 636 honorantur,
1823 603 1904 630 *wlff*

1070 646 1122 676 pro
1135 636 1236 675 quibus
1258 646 1388 676 pauperes
1408 636 1524 677 plorant.
1543 637 1640 674 Qualis
1663 644 1704 667 est
1725 638 1813 670 virtus

1072 675 1120 705 illa
1130 675 1253 715 justitiae,
1270 686 1411 705 munerare
1423 683 1555 714 mortuos,
1569 683 1595 706 et
1608 677 1760 718 exspoliare
1772 679 1814 708 vi-

1072 716 1186 745 ventes?
1205 715 1240 744 de
1265 715 1396 755 sanguine
1408 716 1572 746 miserorum
1592 715 1698 754 tollen,
1711 724 1738 747 et
1757 719 1814 749 Deo

1071 755 1186 784 offerre?
1200 754 1276 785 Illud
1295 765 1348 784 non
1365 762 1404 784 est
1417 757 1474 785 Deo
1487 756 1596 793 offerre,
1613 757 1661 786 sed
1673 756 1744 787 velle
1754 757 1815 788 vio-

1071 794 1159 823 lentiae
1170 805 1224 824 suae
1234 795 1337 824 socium
1355 795 1441 824 facere
1451 796 1536 825 Deum
1549 808 1556 824 ε
1573 802 1603 825 ut
1616 806 1681 826 cum
1694 797 1813 828 oblatam

1038 841 1054 864 Β
1070 834 1123 863 sibi
1135 834 1276 874 pecuniam
1288 834 1323 863 de
1336 841 1444 874 peccato
1462 835 1577 865 libenter
1595 837 1737 876 acceperit,
1751 846 1816 866 con-

1071 874 1167 903 sentiat
1179 875 1206 903 in
1221 881 1338 914 peccato.
1355 874 1408 905 Vis
1419 873 1532 904 domum
1545 875 1594 904 Dei
1605 875 1738 909 :edificare
1747 876 1762 906 Ξ)
1774 878 1815 907 Da

1071 911 1198 943 fidelibus
1218 914 1382 954 pauperibus
1404 913 1476 943 unde
1497 914 1602 951 vivant,
1626 922 1653 944 et
1676 915 1815 946 aedificasti

1071 952 1257 982 rationabilem
1275 953 1387 983 domum
1402 953 1462 983 Dei.
1483 954 1515 983 In
1535 954 1657 984 aedificiis
1671 955 1814 985 enim'ho-

1072 992 1157 1022 mines
1168 993 1301 1028 habitant,
1314 994 1388 1022 Deus
1397 999 1487 1023 autem
1500 993 1527 1022 in
1538 994 1694 1024 hominibus
1705 996 1812 1025 sanctis.

1072 1032 1172 1068 Quales
1186 1043 1249 1072 ergo
1267 1032 1309 1061 illi
1327 1039 1400 1068 sunt,
1416 1033 1463 1071 qui
1477 1033 1599 1063 homiues
1613 1032 1775 1074 exspoliant,
1789 1042 1815 1064 et

1071 1071 1185 1101 aedificia
1196 1079 1346 1113 martyrum
1357 1072 1480 1102 faciunt?
1490 1072 1665 1103 habitationes
1675 1074 1815 1104 hominum

1072 1119 1246 1152 componunt,
1261 1119 1288 1141 et
1302 1112 1493 1141 habitationem
1507 1113 1557 1142 Dei
1572 1112 1742 1158 destirpant?
1753 1115 1816 1144 Jam
1844 1142 1847 1144 ,

1071 1161 1134 1191 ergo
1149 1162 1183 1181 ex
1195 1152 1311 1191 antiquis
1325 1152 1491 1192 temporibus
1505 1153 1615 1182 morbus
1628 1159 1678 1183 iste
1687 1154 1715 1182 in
1728 1153 1815 1183 hemi-

1070 1191 1151 1221 nibus
1162 1192 1320 1221 habebatur.
1334 1191 1463 1221 Dicebant
1475 1191 1546 1221 enim
1559 1192 1633 1232 apud
1644 1203 1688 1222 se:
1701 1193 1731 1223 Si
1745 1193 1816 1223 bene

1069 1231 1211 1260 fecerimus
1225 1231 1401 1271 pauperibus,
1417 1231 1478 1270 quis
1491 1231 1563 1261 illud
1576 1232 1671 1262 videt?
1684 1233 1719 1263 Et
1732 1233 1755 1262 si
1768 1233 1816 1263 vl*-

1070 1270 1170 1307 derint,
1184 1281 1234 1300 non
1247 1271 1326 1300 multi
1337 1270 1429 1300 vident
1440 1283 1446 1300 :
1459 1278 1484 1300 et
1499 1271 1522 1301 si
1532 1272 1611 1301 multi
1623 1272 1750 1308 viderint,
1764 1283 1814 1313 pro

1070 1317 1189 1350 tempore
1203 1310 1306 1340 vident.
1326 1311 1436 1340 Transit
1453 1312 1525 1340 enim
1539 1318 1654 1351 tempus,
1675 1319 1701 1342 et
1720 1313 1815 1342 transit

1070 1359 1133 1378 cum
1144 1356 1196 1378 tem
1217 1361 1263 1379 ore
1276 1350 1406 1379 benefacti
1421 1351 1559 1380 memoria.
1573 1352 1668 1381 Nonne
1679 1362 1744 1391 ergo
1755 1362 1814 1381 me-

1071 1388 1126 1417 lius
1140 1389 1190 1417 aedi
1213 1390 1255 1418 cia
1275 1390 1473 1458 facimuszffuae
1489 1401 1579 1419 omnes
1594 1391 1739 1431 aspiciunt,
1761 1402 1814 1421 non

1441 1429 1522 1458 etiam
1536 1430 1564 1458 in
1576 1437 1712 1470 posterum
1720 1431 1734 1459 Ρ
1745 1432 1815 1460 Nam

1071 1467 1202 1506 quamdiu
1217 1467 1362 1497 :edificium
1375 1475 1524 1507 permanet,
1539 1468 1644 1499 tamdiu
1657 1470 1815 1500 aedificantis

1074 1507 1203 1536 memoria
1215 1508 1379 1536 nominatur.
1396 1509 1421 1537 Ο
1438 1508 1564 1548 insipiens
1577 1508 1669 1546 homo,
1684 1509 1751 1549 quid
1764 1510 1815 1539 tibi

1072 1546 1182 1586 prodest
1195 1554 1256 1586 post
1269 1554 1381 1576 mortem
1395 1547 1444 1576 ista
1458 1548 1596 1583 memoria,
1610 1549 1633 1577 si
1648 1549 1695 1578 ubi
1709 1559 1748 1586 es,
1763 1556 1815 1579 tor·

1071 1587 1182 1624 queris:
1198 1593 1224 1615 et
1237 1587 1283 1615 ubi
1302 1596 1356 1615 non
1376 1596 1413 1623 es,
1429 1586 1567 1616 laudaris?
1581 1588 1621 1617 Er
1639 1598 1655 1617 o
1678 1587 1746 1618 dum
1765 1590 1816 1619 Ju-

1071 1625 1143 1655 daeos
1157 1626 1268 1665 castigat
1287 1626 1429 1662 Dominus,
1444 1626 1611 1656 Christianos
1661 1635 1702 1658 eet
1717 1641 1724 1657 :
1741 1639 1817 1668 quo-

1072 1665 1144 1694 niam
1153 1665 1176 1695 si
1183 1666 1263 1705 juxta
1272 1666 1325 1695 alia
1334 1666 1417 1703 bona,
1427 1665 1541 1696 aedificia
1551 1673 1640 1696 sancta
1653 1668 1714 1697 feeit
1722 1668 1815 1704 homo,

1072 1704 1284 1735 additamentum
1293 1712 1332 1734 est
1342 1705 1438 1735 bonis:
1453 1706 1475 1734 si
1488 1713 1577 1736 autem
1590 1707 1648 1736 sine
1661 1707 1723 1737 aliis
1734 1708 1817 1737 bonis

1072 1745 1210 1784 operibus,
1223 1745 1312 1784 passio
1328 1752 1368 1774 est
1385 1745 1477 1784 gloriae
1491 1746 1636 1776 saeeularis.
1656 1745 1706 1777 Voe
1720 1749 1817 1783 vobis,

1072 1786 1174 1814 scribae
1188 1791 1216 1813 et
1232 1785 1378 1814 Pharisaei
1397 1786 1571 1825 hypocritoe‚
1591 1788 1642 1826 qui
1664 1787 1816 1828 aedificaeis

1072 1824 1205 1864 sepulcra
1223 1825 1441 1864 prophetarum,
1458 1831 1486 1854 et
1501 1828 1613 1855 ornatis
1627 1833 1817 1856 monumenta

1068 1866 1225 1904 justorum.
1241 1864 1296 1901 Qui
1310 1863 1461 1894 considerat
1473 1867 1660 1904 consequentia
1671 1873 1734 1896 tunc
1746 1866 1816 1896 Pha-

1072 1905 1222 1940 rssaeorum,
1235 1910 1261 1933 et
1271 1903 1351 1933 modo
1361 1904 1492 1944 intelliget
1504 1917 1511 1934 e
1523 1906 1588 1944 quia
1599 1905 1654 1935 haee
1664 1916 1717 1935 non
1726 1906 1816 1935 solum

1071 1944 1128 1972 illis
1141 1943 1213 1972 dixit
1227 1943 1379 1979 Pharssaeis,
1399 1943 1447 1972 sed
1460 1951 1486 1973 et
1499 1945 1625 1974 omnibus
1645 1946 1816 1986 postmodum

1073 1983 1226 2012 nascituris.
1244 1984 1314 2013 Nam
1325 1983 1375 2012 etsi
1389 1983 1422 2012 ad
1443 1984 1506 2013 illos
1530 1985 1601 2014 solos
1618 1985 1731 2015 dixisset
1746 1986 1814 2023 baec,

279 2026 449 2057 manifestum
467 2026 567 2054 malum
587 2035 602 2053 a
620 2024 784 2063 sapientibus
804 2034 857 2053 non
879 2024 956 2053 facile
976 2035 1021 2053 re-
1038 2031 1056 2054 n
1073 2023 1145 2052 dicta
1158 2023 1268 2052 fuissent
1287 2030 1402 2059 tantum,
1415 2030 1441 2052 et
1453 2033 1506 2052 non
1518 2024 1598 2053 etiam
1611 2025 1723 2065 scripta.
1738 2027 1817 2055 Nune

279 2065 464 2104 prehenditur,
491 2065 559 2094 dum
583 2063 683 2092 insania
708 2063 863 2092 aestimatur.
890 2065 940 2093 29.
970 2064 1021 2092 Vae

279 2106 376 2142 vobis,
389 2107 490 2134 scribae
503 2111 530 2133 et
545 2104 691 2133 Pharisaei
706 2103 876 2142 hypocritoe,
892 2105 943 2142 qui
957 2104 1022 2132 aedi—

275 2144 375 2185 ficatis
388 2145 521 2184 sepulcra
536 2144 755 2182 prophetarum,
779 2149 807 2172 et
828 2145 939 2172 ornatis
962 2154 1022 2174 mo-

282 2190 422 2213 numenta
431 2185 583 2223 justorum.
599 2183 687 2212 Omne
700 2182 811 2218 bonum,
827 2182 901 2221 quod
914 2182 944 2212 fit
957 2193 1021 2222 Ρω-

282 2230 341 2263 pter
355 2225 454 2259 Deum,
470 2224 497 2252 in
510 2222 635 2252 omnibus
648 2222 726 2250 rebus
738 2222 875 2260 :equaliter
894 2222 1021 2252 observa-

282 2270 336 2292 tur.
352 2263 409 2293 Ubi
423 2270 511 2292 autem
533 2262 560 2291 in
573 2261 699 2290 omnibus
716 2261 795 2290 rebus
815 2272 867 2291 non
887 2262 1023 2301 aequaliter

282 2303 452 2339 observatur,
477 2303 579 2332 bonum
607 2301 678 2336 ,illud
702 2308 811 2343 propter
835 2301 957 2331 homines
984 2301 1023 2336 fit,

283 2342 352 2372 sicut
366 2353 407 2372 res
420 2343 477 2386 ipsa
491 2351 605 2382 praesens
618 2340 789 2369 demonstrat.
810 2341 879 2370 Ecce
891 2341 963 2370 enim
976 2341 1024 2379 qui

284 2382 411 2422 martyria
424 2382 567 2417 aedificant,
582 2380 707 2410 ecclesias
718 2387 823 2414 ornant,
842 2381 943 2409 bonum
956 2391 1024 2420 opus

284 2422 368 2451 facere
381 2421 523 2456 videntur:
537 2420 584 2449 sed
596 2420 618 2449 si
631 2419 741 2458 quidem
760 2426 785 2448 et
805 2420 872 2449 alias
892 2420 1024 2460 justitiam

284 2461 335 2491 Dei
355 2461 515 2498 custodiant,
535 2461 558 2489 si
570 2459 604 2489 de
617 2459 694 2488 bonis
706 2469 799 2488 eorum
812 2470 940 2499 pauperes
960 2470 1024 2499 gau-

285 2500 359 2539 dent,
374 2502 397 2530 si
410 2502 527 2531 aliorum
544 2500 614 2529 bona
628 2510 676 2540 per
688 2499 844 2529 violentiam
859 2509 911 2528 non
926 2500 1026 2528 faciunt

319 2601 330 2616 ὓ
348 2593 378 2620 V.
392 2593 424 2619 D.
436 2593 525 2620 Sinon
542 2592 692 2620 Tt-initatfflm

1073 2069 1161 2092 autem
1180 2069 1206 2091 et
1222 2062 1294 2091 dieta
1317 2069 1391 2098 sunt,
1414 2069 1439 2091 et
1458 2063 1567 2103 scripta.
1590 2065 1669 2093 Dicta
1689 2065 1815 2094 videlieet

1073 2109 1182 2142 propter
1205 2101 1277 2137 illos,
1299 2102 1398 2141 scripta
1418 2109 1507 2131 autem
1525 2110 1635 2142 propter
1653 2103 1727 2133 istos.
1748 2105 1817 2133 Nam

1074 2143 1123 2171 etsi
1148 2148 1234 2182 patres
1255 2141 1413 2170 Judaeorum
1436 2143 1536 2171 mortui
1558 2149 1631 2179 sunt,
1657 2150 1746 2176 tamen
1765 2143 1819 2172 filii

1075 2192 1168 2211 eorum
1182 2181 1288 2217 vivunt,
1303 2181 1350 2220 qui
1368 2181 1512 2222 prophetas
1523 2181 1633 2220 quidem
1645 2190 1675 2212 et
1687 2190 1819 2224 martyres

1075 2221 1178 2257 colunt,
1201 2221 1271 2250 filios
1293 2227 1383 2254 autem
1404 2221 1596 2261 prophetarum
1616 2229 1643 2251 et
1668 2230 1819 2263 mart-yrum

1076 2267 1284 2301 persequuntur,
1301 2267 1469 2289 mortuorum
1483 2268 1635 2291 sanctorum
1651 2262 1779 2298 cultores,
1792 2269 1820 2292 et

1077 2301 1202 2331 vivorum
1224 2307 1436 2340 persequutores.
1457 2301 1554 2340 †[·Si
1574 2312 1637 2330 vero
1660 2302 1820 2332 Trinitatem

1842 2322 1904 2351 †ha

1077 2340 1198 2380 ejusdem
1220 2340 1372 2369 substantiae
1397 2341 1563 2378 confitentes,
1593 2348 1723 2381 martyres
1751 2342 1821 2382 passi
1830 2354 1904 2377 desum

1078 2387 1158 2409 sunt:
1173 2390 1255 2418 quare
1275 2391 1321 2408 eos
1339 2381 1416 2418 quasi
1431 2387 1533 2409 sanctos
1557 2381 1659 2418 colunt,
1674 2381 1723 2419 qui
1737 2391 1822 2411 unum

1077 2419 1240 2458 Ingenuum,
1256 2426 1282 2448 et
1297 2430 1380 2448 unum
1398 2420 1586 2459 Unigenitum,
1599 2427 1625 2449 et
1639 2431 1723 2449 unum
1737 2421 1822 2461 Spiri-

1078 2467 1135 2488 tum
1158 2467 1280 2488 sanctum
1306 2459 1500 2489 crediderunt?
1524 2460 1553 2489 Si
1577 2467 1666 2489 autem
1692 2467 1823 2501 martyres

1079 2500 1181 2537 colunt,
1192 2499 1269 2538 quasi
1281 2499 1429 2538 quiveram
1438 2499 1551 2531 confessi
1561 2500 1711 2530 suntfidem
1722 2512 1729 2530 ι
1740 2511 1824 2539 quare
