1890 2826
564 175 608 198 ma:
634 174 739 199 MUNDI
765 174 958 198 CREATIONE
983 177 1108 200 ORATIO
1135 177 1170 200 11.

97 241 124 270 ἐν
136 239 208 280 μέσῳ
219 242 264 269 τοῦ
277 238 370 272 ὕδατος
380 249 386 256 ·
401 237 445 267 καὶ
458 237 548 267 λοιπὸν
565 238 592 266 ἐν
606 236 680 277 μέσῳ
694 237 747 266 τῶν
761 235 868 265 ὑδάτων

98 286 184 324 ἐπάγη
195 286 292 324 πῆγμα
304 285 519 324 κρυσταλλῶδες,
536 283 581 313 καὶ
594 282 716 323 ἐκούφισε
729 282 760 312 τὸ
781 282 865 321 ἥμισυ

1597 164 1667 200 525

916 235 1000 265 verbo
1019 236 1173 267 traduntur.
1188 238 1251 268 Haec
1271 248 1339 277 aqua
1354 248 1436 278 supra
1448 244 1544 267 terram
1559 237 1660 267 emine-

918 282 979 319 bat,
999 283 1076 312 verbi
1098 294 1195 321 causa,
1218 283 1317 314 cubitis
1340 284 1461 323 triginta.
1490 285 1569 313 Tunc
1593 283 1665 313 dixit

96 334 143 361 τοῦ
157 331 249 364 ὕδατος
263 331 327 366 ἄνω,
342 330 468 360 κατέλιπε
485 330 516 360 τὸ
528 329 612 369 ἥμισυ
626 329 709 365 κάτω,
722 328 808 362 καθὼς
821 328 861 368 γέ·
874 348 910 369 ω
919 330 993 358 Deus
1007 341 1013 358 ε
1028 330 1098 359 Fiat
1100 330 1326 370 firmamentum
1337 332 1369 359 in
1387 331 1482 360 medio
1499 340 1583 370 aqua:
1593 343 1603 361 .-
1612 329 1662 359 de—
1675 333 1817 354 Firmamen‘

96 389 230 417 γραπται·
243 376 385 413 Γενηθήτω
407 376 546 417 στερέωμα
558 378 585 406 ἐν
600 375 674 416 μέσῳ
693 378 739 406 τοῦ
757 374 866 412 ὕδατος,
883 376 903 399 Α
920 385 1049 414 mumque
1061 376 1088 405 in
1100 375 1190 406 medio
1210 387 1341 415 aquarum
1353 376 1486 406 concretio
1501 377 1528 405 in
1543 376 1664 416 crystalli
1675 365 1734 416 {⁷253

96 423 142 452 καὶ
165 423 240 453 ἔσται
261 422 416 463 διαχωρίζον
437 422 568 463 ἀναμέσον
581 422 676 455 ὕδατος
697 422 743 452 καὶ
762 422 867 455 ὕδατος.

97 468 176 499 Am(
195 468 222 498 δὲ
236 468 300 498 αὐτὸ
314 469 390 498 καλεῖ
403 468 541 508 στερέωμα
552 481 561 506 ;
574 469 686 504 Ἐπειδὴ
703 468 756 498 ἀπὸ
768 469 868 508 ἀραιῶν

97 514 200 544 ὑδάτων
213 513 259 544 καὶ
272 514 466 554 διαλελυμένων
478 514 542 546 αὐτὸ
555 515 706 555 ἐστερέωσε.
724 513 869 554 Διὰξτοῦτο

97 560 143 590 καὶ
156 560 240 590 Δαυίδ
254 572 352 600 φησιν·
372 562 476 591 Αἰνεῖτε
499 562 577 592 αὐτὸν
596 563 624 591 ἐν
637 560 803 601 στερεώματι
825 561 869 589 δυ-

97 606 200 645 νάμεως
223 607 312 636 αὐτοῦ.
336 606 390 636 Καὶ
411 606 454 636 ἵνα
475 607 557 649 ἑτέρῳ
578 607 723 648 χρήσωμαι
744 605 868 636 ’ὑποδεί-

96 664 180 691 γματι
190 663 197 670 ·
211 652 303 692 ὥσπερ
315 653 414 687 καπνὸς
422 675 430 689 ,
445 653 552 684 ἐπειδὰν
566 654 620 684 ἀπὸ
633 653 716 689 ξύλων
729 653 775 682 καὶ
787 652 869 693 πυρὸς

97 699 226 738 ἀναδοθῇ,
246 699 411 738 ἠραιωμένος
424 699 481 729 ἐστὶ
498 699 544 729 καὶ
561 699 761 740 κεχαυνωμένος
772 711 778 717 ·
794 700 868 728 ἐπει-

97 743 145 773 δὰν
159 743 186 773 δὲ
200 743 289 784 δράμῃ
304 745 340 778 εἷς
354 744 433 785 ὕψος,
448 747 489 779 εἷς
498 745 607 786 νεφέλης
620 745 763 785 παχύτητα
774 746 869 785 μεταῤ-

98 788 250 827 ῥυθμίζεται
262 801 269 808 ·
292 789 361 820 οὕτω
386 793 439 820 τῶν
462 791 565 821 ὑδάτων
588 793 641 820 τῶν
663 790 835 831 ἠραιωμένων
854 792 868 820 6

97 833 165 868 Θεὸς
175 834 224 871 τὴν
238 834 314 875 φύσιν
328 836 436 876 ὑψώσας
449 836 544 872 ἔπηξεν
555 836 618 867 ἄνω.
631 835 644 854 ⁶
652 836 706 867 Καὶ
718 837 759 867 ὅτι
774 836 869 872 ἀληθὲς
884 837 902 860 Β

97 879 128 908 τὸ
143 879 307 920 ὑπόδειγμα,
321 886 450 922 μαρτυρεῖ
465 882 577 917 Ἡσαΐας
594 882 697 923 λέγων·
712 882 777 914 Ὅτι
793 885 807 912 6
824 884 868 912 οὖ-

98 925 173 964 ρανὸς
185 927 221 960 ὡς
233 927 332 961 καπνὸς
351 928 509 968 ἐστερεώθη.
529 929 630 969 Παγεὶς
651 929 737 959 τοίνυν
749 931 775 958 ἐν
795 929 869 970 μέσῳ

96 974 149 1001 τῶν
161 972 264 1002 ὑδάτων
276 975 291 1003 6
302 974 409 1013 οὐρανὸς
417 997 425 1011 ,
439 974 560 1015 ἐκούφισε
574 975 609 1005 τὰ
621 975 730 1014 ἡμίσεια
740 978 793 1006 τῶν
808 976 871 1006 ὑδά-

95 1029 148 1046 των
170 1018 235 1048 ἄνω.
259 1019 338 1049 Διατί
357 1019 386 1050 δὲ
405 1020 459 1049 ἄνω
472 1021 571 1058 ὅδατα;
585 1021 651 1062 πρὸς
663 1022 743 1051 ποίαν
754 1024 870 1062 χρῆσιν;

89 1064 139 1093 ’ἵνα
162 1076 202 1098 τις
222 1065 289 1105 πίῃ;
311 1065 354 1095 ἵνα
376 1078 416 1100 τις
437 1067 640 1106 πλεύσῃ;”οτι
663 1068 711 1107 μὲν
728 1068 780 1108 γάρ
798 1069 869 1098 ἐστιν

96 1110 180 1140 ὕδατα
203 1111 267 1148 ἄνω,
285 1117 413 1152 μαρτυρεῖ
429 1113 514 1143 naute
527 1113 610 1153 λέγων
624 1125 631 1132 ·
646 1114 699 1144 Καὶ
712 1114 743 1144 τὸ
755 1114 825 1155 ὕδωρ
838 1114 869 1144 τὸ

97 1157 220 1197 ὑπεράνω
235 1159 287 1187 τῶν
309 1159 435 1198 οὐρανῶν.
455 1159 577 1200 Πρόσεχε
599 1160 690 1190 λοιπὸν
704 1160 753 1196 τὴν
776 1161 869 1201 σοφίαν

97 1205 143 1231 τοῦ
170 1203 340 1243 δημιουργοῦ.
366 1205 579 1244 Κρυσταλλώδης
602 1201 635 1242 ἧν
653 1208 667 1235 6
688 1206 795 1246 οὐρανὸς
817 1206 870 1236 ἀπὸ

98 1248 200 1278 ὑδάτων
221 1249 332 1288 παγείς·
346 1249 437 1286 ἐπειδὴ
460 1249 511 1290 γὰρ
533 1250 628 1290 ἔμελλε
650 1251 771 1292 δέχεσθαι
792 1252 869 1288 ἡλίου

98 1293 183 1333 φλόγα
203 1294 249 1324 καὶ
271 1294 383 1332 σελήνης
391 1319 401 1331 ,
414 1295 460 1325 καὶ
473 1296 576 1336 ἄστρων
591 1296 689 1337 ἄπειρα
701 1297 790 1334 πλήθη
801 1319 810 1333 ,
823 1298 869 1327 καὶ

98 1335 165 1370 εἶναι
175 1340 235 1374 ὅλος
244 1341 326 1381 πυρὸς
335 1342 542 1381 πεπληρωμένος
553 1366 561 1380 ,
576 1343 620 1373 ἵνα
632 1342 669 1383 μὴ
685 1343 737 1373 ὑπὸ
748 1346 796 1379 τῆς
810 1346 868 1384 θερ-

1738 369 1745 385 ι
1770 364 1818 385 ccli

1781 402 1817 416 sc-

919 431 1020 451 morem
1046 422 1116 459 fuit,
1141 422 1295 461 levavitque
1317 423 1432 452 mediam
1460 429 1563 462 partem
1588 432 1664 461 aquae
1675 427 1773 462 ⁶⁰¹‘.‘¹'¹!¹¹
1780 427 1817 447 sn-

919 477 1039 504 sursum,
1054 467 1170 497 mediam
1183 479 1247 498 vero
1260 468 1370 498 inferius
1383 469 1504 508 reliquit,
1519 468 1590 498 sicut
1603 469 1665 498 scri·
1675 464 1781 509 ζιᾞῗὲὲ,

919 520 995 553 ptum
1009 519 1048 542 est
1060 525 1068 542 e
1081 514 1152 543 Fiat
1163 513 1387 554 firmamentum
1401 516 1433 543 in
1451 515 1546 544 medio
1566 525 1664 555 aquoe,

919 567 948 589 et
968 561 1022 589 erit
1042 560 1176 590 dividens
1195 562 1272 589 inter
1294 567 1453 599 aquamet
1464 571 1584 601 aquam.
1603 563 1660 591 Cur

919 613 1010 635 autem
1023 605 1094 635 illud
1117 605 1316 635 firmamentum
1329 606 1429 636 vocat?
1444 607 1516 644 Quia
1534 607 1664 637 nimirum

918 663 955 683 ex
975 652 1078 682 rariore
1088 658 1114 681 et
1126 651 1258 682 dissoluta
1276 663 1407 692 aquarum
1427 653 1580 683 substantia·
1594 654 1665 683 illud

919 699 1047 729 firmavit.
1065 698 1130 728 Ideo
1146 697 1237 728 David
1255 709 1362 738 quoqne
1378 698 1416 728 ait
1433 700 1585 729 :Laudate
1599 710 1663 729 eum
1675 713 1742 734 Psal.
1765 711 1814 735 150,

919 749 951 776 in
967 747 1161 787 firmamento
1184 747 1305 776 vir-tutis
1328 747 1398 786 ejus.
1419 746 1456 776 Et
1477 752 1506 775 ut
1528 745 1582 776 alio
1605 753 1664 776 utar
1678 750 1697 766 ¹·

918 793 1060 833 exemplo:
1071 792 1299 834 quemadmodum
1310 793 1412 829 sumus,
1425 803 1488 822 cum
1502 803 1536 822 ex
1551 793 1631 833 lignis
1639 800 1665 822 et

918 839 980 878 igne
993 839 1228 876 emerserit,rarior
1239 845 1278 868 est
1288 845 1367 877 atque
1375 839 1482 868 mollior
1488 850 1497 876 ς
1505 849 1566 868 cum
1575 845 1664 869 autem

918 886 946 915 in
965 886 1082 915 sublime
1094 885 1253 922 ascenderit,
1270 885 1298 914 in
1312 884 1555 915 nubisdensitatem
1574 892 1663 915 muta-

919 938 963 961 tur
977 932 1033 961 :sic
1053 942 1185 970 aquarum
1207 931 1317 960 illarum
1338 930 1472 960 rariorum
1492 938 1615 960 naturam
1635 931 1663 961 in

920 978 1035 1008 sublime
1054 977 1163 1008 ductam
1179 979 1252 1007 Deus
1271 977 1332 1007 fixit
1345 984 1371 1006 et
1383 978 1572 1008 consolidavit.
1594 979 1662 1008 Rem

918 1032 1009 1054 autem
1021 1036 1078 1054 esse
1088 1035 1181 1054 veram
1205 1023 1363 1053 testificatur
1377 1023 1461 1053 Isaias
1479 1023 1571 1054 dicens
1583 1037 1590 1053 :
1604 1025 1662 1055 Cae.
1673 1028 1731 1051 lsai.
1744 1027 1814 1051 5ι.6.

920 1073 982 1101 lum
1002 1078 1035 1101 ut
1039 1071 1148 1112 sumus
1169 1070 1307 1110 firmatus
1324 1075 1378 1098 est.
1401 1069 1505 1099 Caelum
1524 1070 1614 1109 itaque
1634 1071 1663 1100 in

919 1118 1009 1148 medio
1029 1124 1161 1155 aquarum
1180 1121 1350 1152 concretum,
1368 1113 1511 1146 dimidiam
1532 1127 1664 1155 aquarum

918 1163 1062 1204 partemin
1075 1162 1191 1192 sublime
1209 1162 1320 1192 levavit.
1340 1162 1399 1192 Cur
1411 1167 1501 1192 autem
1521 1172 1596 1201 aquae
1609 1162 1664 1191 illae

919 1220 1054 1251 supernae,
1064 1217 1090 1239 et
1104 1208 1148 1237 cui
1160 1207 1242 1237 usui?
1252 1218 1286 1238 an
1299 1214 1329 1237 ut
1344 1208 1405 1248 quis
1415 1208 1503 1246 bibat,
1512 1219 1546 1238 an
1561 1214 1591 1238 ut
1602 1209 1664 1248 quis

918 1257 1046 1296 naviget?
1059 1257 1130 1286 Nam
1147 1266 1231 1295 aquas
1251 1265 1367 1295 superne
1383 1255 1483 1295 positas
1494 1266 1550 1285 esse
1566 1256 1664 1285 testifi-

918 1310 994 1333 catur
1007 1301 1098 1332 David
1116 1301 1276 1331 dicenszEt
1293 1311 1374 1341 aqua
1392 1311 1457 1341 quae
1477 1311 1564 1340 super
1577 1302 1663 1332 caelos
1674 1309 1741 1331 Psul.
1761 1307 1811 1338 148.

918 1356 971 1380 est.
986 1347 1177 1379 Animadverte
1195 1347 1253 1387 jam
1265 1346 1399 1376 Creatoris
1415 1347 1581 1387 sapientiam.
1592 1349 1662 1388 Cry-
1674 1339 1697 1370 ‘l’

98 1386 211 1425 μότητος
233 1388 299 1427 λυθῇ
321 1386 339 1422 ἢ
356 1389 472 1429 φλεχθῇ,
485 1389 636 1430 ἐπέστρωσε
649 1394 705 1424 τοῖς
717 1390 808 1424 νώτοις
821 1393 867 1420 τοῦ
883 1399 902 1423 c
918 1395 1057 1424 stallinum
1077 1401 1135 1424 erat
1150 1392 1247 1423 caelum
1267 1403 1301 1422 ex
1319 1392 1397 1432 aquis
1416 1399 1570 1423 concretum
1581 1405 1588 1422 ε
1599 1394 1662 1433 quia

97 1433 207 1472 οὐρανοῦ
227 1432 261 1462 τὰ
273 1433 378 1473 πελάγη
399 1435 486 1464 ἐκεῖνα
507 1436 559 1464 τῶν
573 1436 687 1473 ὑδάτων,
702 1436 745 1466 ἵνα
757 1437 867 1476 λιπαίνῃ

97 1478 143 1507 καὶ
157 1479 287 1520 ἐπαλείφῃ
303 1481 382 1509 nom-05
393 1480 427 1510 τὰ
441 1482 523 1518 νῶτα,
537 1481 582 1511 καὶ
596 1482 679 1516 οὕτως
691 1483 789 1523 ἀντέχῃ
804 1483 870 1523 πρὸς

99 1524 148 1560 τὴν
170 1525 273 1564 φλόγα,
290 1525 335 1555 καὶ
358 1526 395 1564 μὴ
418 1526 559 1567 φρύγηται.
573 1527 666 1568 Ἔχεις
686 1528 713 1558 δὲ
733 1529 779 1558 καὶ
802 1529 869 1558 ὑπό-

98 1570 212 1610 δειγμα·
229 1570 320 1611 ὥσπερ
342 1572 456 1612 σήμερον
479 1573 525 1602 ἐὰν
546 1575 637 1613 ἐπιθῇς
656 1574 758 1610 λέὸητα
780 1575 870 1604 ἐπάνω

97 1616 196 1656 πυρὸς,
218 1616 263 1645 ἐὰν
278 1616 328 1656 μὲνΥ
340 1617 563 1657 ὕδωρέπάνωθεν
578 1615 596 1659 ᾗ
605 1642 613 1655 ,
627 1620 734 1660 ἀντέχει
754 1621 820 1660 πρὸς
838 1621 869 1650 τὸ

97 1663 151 1701 πῦρ
161 1673 167 1680 ·
182 1662 227 1691 ἐὰν
245 1662 272 1691 δὲ
293 1662 330 1701 μὴ
345 1663 395 1703 ἔχῃ
406 1686 414 1699 ,
430 1663 581 1694 διαλέλυται
593 1677 599 1684 ·
615 1665 697 1699 οὕτως
710 1668 724 1695 6
737 1666 805 1700 Θεὸς
818 1668 865 1696 ἀν-

97 1707 206 1743 τέθηκεν
220 1708 363 1738 ἀντίπαλον
381 1711 419 1749 τῷ
434 1710 499 1750 πυρὶ
512 1709 542 1739 τὸ
556 1710 635 1751 ὕδωρ,
649 1710 693 1740 ἵνα
706 1711 756 1752 ἔχῃ
770 1714 867 1752 ἀρκοῦ-

99 1764 147 1782 σαν
161 1753 209 1790 τὴν
223 1753 350 1792 διαμονὴν
364 1755 395 1784 ἐκ
407 1756 460 1784 τῶν
473 1755 570 1786 ἄνωθεν
581 1757 775 1797 ἐπαλειφόντων
790 1758 867 1787 αὐτὸν

99 1798 212 1828 ὑδάτων.
230 1799 284 1828 Καὶ
303 1799 385 1839 βλέπε
403 1800 434 1830 τὸ
451 1802 618 1840 Θαυμαστόν·
640 1806 756 1833 τοιοῦτον
775 1815 869 1844 περισ-

99 1845 170 1874 σεύει
187 1846 226 1885 τῷ
243 1845 356 1890 οόὀοανίῳ
369 1845 473 1885 σώματι
487 1846 574 1887 ὑγρὸν,
587 1848 638 1878 ὑπὸ
650 1848 774 1878 τοσούτου
789 1849 870 1889 πυρὸς

98 1891 306 1930 πολεμούμενον,
322 1892 363 1921 ὅτι
377 1892 422 1921 καὶ
440 1894 474 1932 τῇ
485 1895 519 1933 γῇ
534 1893 654 1928 δανείζει.
672 1894 749 1924 Ἐπεὶ
762 1895 840 1925 πόθεν
851 1898 868 1931 ἡ

918 1441 990 1471 enim
1003 1440 1067 1470 solis
1078 1440 1214 1470 flammam
1226 1445 1413 1479 suscepturum
1424 1445 1480 1468 erat
1488 1446 1568 1477 atque
1576 1440 1660 1477 lunae,

918 1498 1021 1518 necnon
1041 1487 1175 1516 infinitam
1195 1485 1334 1515 stellarum
1353 1485 1566 1523 multitudinem,
1584 1487 1661 1515 futu-

919 1544 1033 1573 rumque
1046 1540 1102 1562 erat
1124 1539 1155 1562 ut
1168 1539 1253 1561 totum
1267 1532 1329 1571 igne
1349 1531 1506 1570 repleretur,
1521 1541 1553 1560 ne
1572 1543 1606 1562 ex
1617 1543 1662 1562 ca-

919 1581 976 1610 lore
995 1579 1080 1609 nimio
1099 1578 1249 1607 solveretur
1273 1584 1320 1606 aut
1340 1584 1476 1613 ureretur,
1500 1577 1580 1608 dorso
1602 1579 1661 1607 caeli

919 1625 1063 1656 constravit
1075 1623 1122 1653 illa
1134 1634 1266 1662 aquarum
1274 1624 1370 1661 maria,
1381 1629 1412 1653 ut
1422 1624 1481 1662 ejus
1488 1623 1568 1653 dorsa
1579 1625 1662 1654 emol-

919 1672 980 1702 liret
992 1678 1071 1710 atque
1084 1669 1187 1706 liniret,
1202 1674 1228 1697 et
1240 1668 1278 1698 sic
1296 1675 1386 1709 posset
1399 1668 1520 1699 resistere
1537 1668 1661 1708 ssammae,

913 1715 968 1747 'nec
981 1723 1135 1747 torreretur.
1153 1714 1319 1754 Exemplum
1332 1715 1358 1744 in
1370 1725 1451 1745 manu
1468 1715 1565 1744 habes:
1576 1715 1598 1744 si
1611 1715 1661 1745 ho-

918 1763 963 1793 die
973 1763 1086 1792 lebetem
1095 1761 1151 1801 igni
1165 1760 1336 1801 imposueris,
1343 1761 1367 1791 si
1377 1772 1475 1800 aquam
1486 1761 1593 1798 habeat,
1603 1762 1661 1801 igni

919 1809 1017 1839 resistit
1023 1819 1034 1848 ς
1048 1809 1090 1839 sin
1101 1818 1153 1838 non
1162 1807 1272 1842 habeat,
1281 1807 1442 1837 dissolvitur
1453 1808 1506 1837 :sic
1521 1809 1595 1837 Deus
1605 1808 1662 1848 igni

919 1855 1100 1885 adversariam
1122 1853 1212 1895 posuit
1231 1863 1337 1892 aquam,
1351 1859 1382 1882 ut
1397 1852 1543 1893 perdurare
1562 1861 1661 1894 posset,

919 1912 954 1931 ex
967 1901 1044 1940 aquis
1069 1910 1177 1930 sursum
1198 1898 1269 1928 illud
1285 1898 1453 1928 linientibus.
1475 1901 1513 1929 Ac
1524 1899 1588 1929 vide
1604 1911 1662 1931 rem

100 1937 208 1976 δρόσοςῑ
229 1937 334 1977 Νεφέλη
348 1938 472 1976 οὐδαμοῦ,
483 1941 497 1968 ὅ
513 1939 564 1979 ἀὴρ
579 1939 649 1980 ὕδωρ
666 1942 714 1970 Οὔκ
731 1941 788 1981 ἔχει
798 1953 805 1959 ·
820 1942 869 1977 δη·
884 1957 903 1980 u
919 1948 1016 1977 miram
1026 1959 1032 1976 :
1043 1952 1146 1976 tantum
1153 1943 1273 1974 abundat
1283 1943 1395 1974 humida
1408 1945 1556 1975 substantia
1564 1946 1662 1976 caelesti

98 1982 186 2012 λονότι
198 1984 213 2012 6
227 1983 334 2022 οὐρανὸς
356 1985 387 2013 ἐκ
408 1985 460 2013 τῶν
481 1985 689 2025 περισσευόντων
711 1987 783 2026 αὐτῷ
804 1988 869 2017 ἀπο-

99 2027 198 2062 στάζει.
219 2029 271 2058 Aa&
290 2032 367 2059 τοῦτο
380 2029 426 2059 καὶ
438 2031 452 2059 6
466 2031 633 2071 πατριάρχης
646 2032 740 2062 Ἰσαὰκ
753 2033 868 2072 εὐλογῶν

98 2073 143 2103 τὸν
156 2074 255 2104 Ἰακὼὸ
273 2074 347 2115 ἔλεγε
358 2087 366 2094 ·
384 2076 449 2116 Δῴη
472 2087 514 2106 σοι
524 2079 538 2106 6
551 2077 620 2110 Θεὸς
639 2078 692 2108 ἀπὸ
713 2080 760 2114 τ’ἥς
775 2078 867 2119 δρόσου

98 2122 143 2149 τοῦ
162 2121 280 2160 οὐρανοῦ,
294 2121 339 2151 καὶ
353 2122 406 2151 ἀπὸ
419 2123 468 2157 τῆς
480 2122 605 2158 πιότητος
617 2125 664 2159 τῆς
675 2125 734 2164 γῆς.

918 1992 1026 2033 corpori
1049 1991 1185 2032 imposita,
1199 1996 1274 2019 tanto
1292 1989 1355 2021 licet
1370 1989 1527 2020 adversante
1549 1991 1620 2031 igne,
1633 1999 1663 2022 ut

918 2039 998 2068 ctiam
1022 2044 1098 2067 terrae
1118 2035 1277 2067 commodet.
1299 2037 1369 2066 Nam
1393 2035 1465 2066 unde
1483 2039 1548 2066 ros?
1568 2038 1662 2068 Nubes

918 2094 1051 2123 nusquam
1061 2089 1112 2120 est,
1119 2093 1164 2112 aer
1177 2092 1275 2121 aquam
1285 2091 1340 2111 non
1352 2082 1432 2112 habet
1438 2093 1448 2120 ;
1462 2092 1556 2123 nempe
1566 2084 1662 2114 caelum

918 2141 953 2160 ex
971 2127 1200 2169 superabundanti
1215 2138 1284 2167 aqua
1301 2127 1427 2157 distillat.
1445 2127 1510 2157 Ideo
1523 2130 1597 2158 Isaac
1613 2140 1661 2170 pa-

918 2175 1034 2205 triarcha
1057 2184 1119 2204 cum
1139 2174 1241 2204 Jacoho
1263 2172 1447 2211 benediceret,
1462 2174 1568 2204 dicebat
1583 2187 1590 2204 τ
1603 2177 1662 2205 Det
1673 2196 1727 2215 GU,-
1750 2200 1787 2221 27·

869 2238 871 2241 v
920 2223 972 2252 tibi
987 2222 1068 2251 Deus
1079 2220 1116 2250 de
1127 2230 1193 2249 rore
1206 2219 1271 2249 coeli
1285 2225 1313 2248 et
1328 2220 1365 2248 de
1377 2221 1554 2259 pinguedine
1565 2227 1658 2252 terrae.
1673 2225 1709 2246 28·

138 2272 253 2311 Λέγεται
266 2272 310 2308 δὲ,
326 2271 446 2312 ἀδελφοὶ,
460 2273 501 2301 ὅτι
513 2273 541 2301 ἐν
553 2274 587 2312 τῇ
597 2272 685 2313 ἡμέρᾳ
698 2275 746 2309 τῆς
758 2273 868 2313 κρίσεως

98 2319 230 2358 ὑποχωρεῖ
243 2317 274 2346 τὸ
293 2316 363 2357 ὕδωρ
374 2316 405 2345 τὸ
430 2316 494 2354 ἄνω,
512 2317 558 2347 καὶ
570 2319 585 2346 6
598 2318 704 2358 οὐρανὸς
717 2318 808 2348 λύεται
830 2318 868 2358 μὴ

98 2362 167 2402 ἔχων
179 2364 232 2392 τῶν
243 2362 344 2391 ὑδάτων
358 2361 407 2398 τὴν
415 2361 539 2391 σύστασιν
549 2385 558 2399 ,
572 2362 616 2392 καὶ
630 2363 715 2403 ἄστρα
724 2363 816 2393 πίπτει
826 2364 865 2403 μὴ

97 2408 192 2448 ἔχοντα
203 2407 261 2437 ὁδὸν
272 2407 290 2444 ἢ
307 2406 394 2447 βάσιν.
413 2407 506 2437 Ταῦτα
525 2403 569 2438 οὖν
583 2409 612 2437 οὖ
625 2407 737 2448 λέγομεν
756 2410 846 2444 ἁπλῶς
855 2433 863 2448 ,

98 2455 156 2484 ἀλλ’
166 2457 184 2491 ἡ
192 2454 285 2494 Γραφὴ
296 2454 427 2484 διδάσκει·
438 2453 611 2493 Εἰλιγήσεται
623 2454 674 2494 γὰρ
688 2457 702 2484 6
714 2456 821 2495 οὐρανὸς
829 2458 865 2490 ὡς

958 2269 989 2298 4.
1009 2268 1093 2298 Aiunt
1105 2277 1182 2300 vere.
1195 2266 1305 2303 fratres,
1320 2266 1348 2294 in
1367 2265 1413 2295 die
1424 2265 1532 2305 judicii,
1542 2277 1659 2296 recessu-

919 2326 976 2345 ram
995 2325 1092 2357 aquam
1107 2313 1183 2342 illam
1200 2322 1360 2352 supernam,
1375 2311 1524 2350 caelumque
1542 2312 1659 2341 solutum

920 2361 965 2399 iri,
980 2371 1042 2390 cum
1061 2369 1114 2389 non
1128 2359 1200 2388 ultra
1218 2357 1376 2387 habiturum
1388 2356 1423 2385 sit
1438 2356 1512 2385 illam
1528 2367 1658 2395 aquarum

920 2410 1028 2446 molem,
1038 2415 1064 2438 et
1074 2408 1131 2437 fore
1143 2413 1173 2436 ut
1185 2405 1267 2435 stellae
1279 2404 1385 2441 cadant,
1394 2415 1455 2433 cum
1470 2413 1517 2432 nec
1532 2403 1604 2434 viam
1612 2413 1660 2433 nec
1700 2400 1703 2402 ’

919 2453 1060 2483 stationem
1075 2451 1145 2480 ultra
1158 2449 1289 2478 habitura:
1305 2448 1368 2477 sint.
1382 2449 1445 2478 Haec
1462 2457 1542 2487 porro
1555 2457 1607 2476 non
1620 2454 1659 2476 tc-

99 2499 214 2539 βιὸλίον,
224 2499 280 2528 ἀντὶ
286 2502 342 2537 τοῦ,
354 2499 522 2540 φρυγόμενος·
530 2499 560 2529 τὸ
566 2499 616 2540 γὰρ
622 2500 782 2540 φρυγόμενον
791 2503 864 2531 εἰλεῖ-
884 2507 902 2531 Ε
920 2512 991 2531 mere
1003 2500 1135 2538 dicimus;
1151 2497 1197 2527 sed
1209 2496 1346 2536 Scriptura
1360 2495 1435 2524 docet
1447 2507 1453 2523 :
1465 2495 1574 2524 Gaelum
1588 2494 1659 2525 enim
1671 2502 1770 2532 lsat.3f..
1784 2504 1807 2532 4,

132 2585 142 2596 ²
159 2577 263 2602 Cosmus
276 2579 449 2610 παραδείγματι.

896 2580 909 2599 b
927 2579 1030 2603 Cosmus
1043 2581 1079 2603 καὶ
1091 2581 1124 2602 ὅτι
1141 2577 1221 2602 ἀληθὲς
1230 2577 1256 2599 τὸ
1270 2575 1358 2604 δεῖγμα.
