1904 2840
102 413 212 436 Manno.
220 419 239 434 1.

182 1125 246 1143 Lxxx

119 2308 185 2331 Psal.
194 2307 257 2331 263.

120 2509 177 2529 Gen.
186 2506 226 2532 32,

119 2541 158 2566 ³0-

249 174 322 217 814

249 247 367 275 omnino
387 244 517 273 resistere
538 240 630 270 malo.
647 239 789 279 Scriptum
803 243 861 274 est,
878 239 990 278 Diliges
1006 241 1026 264 Α

250 287 374 314 amicum
388 289 483 318 tuum,
494 288 521 310 et
534 281 613 310 odies
634 281 786 309 inimicum
801 291 809 308 t
826 289 878 319 ego
892 284 990 315 autem

250 325 314 353 dico
325 346 333 358 ‚
346 322 469 361 Diligite
486 322 632 350 inimicos.
654 320 800 358 Postquam
814 329 877 358 ergo
895 318 928 348 ab
947 317 990 347 his

249 363 373 392 omnibus
398 361 476 390 malis
498 360 634 390 hominem
655 359 803 400 spoliavit,
822 365 886 387 tunc
908 357 988 394 dicit,

254 404 363 434 Videte
383 412 419 430 ne
437 401 654 437 eleemosynam
665 405 793 428 vestram
798 399 927 439 faciatis
941 407 992 426 co-

250 453 314 472 ram
338 442 523 477 hominibus,
542 446 609 475 etc.,
623 438 764 468 ostendens
787 437 915 477 quoniam
938 436 990 466 nisi

251 482 332 511 homo
346 481 380 510 ab
396 480 453 509 illis
467 479 593 509 omnibus
604 478 741 508 recesserit
750 477 900 518 prius,sine
913 487 993 506 causa

249 522 312 551 facit
329 521 386 550 haec
402 520 483 549 bona.
499 519 577 549 Prius
596 525 700 558 oportet
719 517 789 546 mala
809 517 954 553 dimittere,
966 522 992 545 et

252 561 290 590 sic
302 561 373 590 bona
386 559 533 599 suscipere,
546 559 608 598 quia
622 568 674 587 non
683 564 769 598 potest
782 557 840 588 fieri
853 557 935 586 homo
944 566 992 585 no-

251 611 302 630 vus
310 623 320 636 ‚
334 599 386 629 nisi
399 598 507 628 desierit
518 609 574 628 esse
586 605 674 627 vetus.
687 597 742 634 Qui
755 603 843 626 autem
857 595 927 626 mala
939 605 993 625 non

251 639 374 676 dimittit,
388 645 414 668 et
433 638 504 668 bona
522 638 647 678 suscipit,
662 638 794 666 bonorum
808 646 918 665 suorum
929 645 992 674 gra-

250 679 315 709 tiam
330 678 439 719 perdit:
475 677 684 707 uemadmodum
695 676 718 706 si
736 676 896 715 quisshomo
915 675 943 704 in
965 685 994 704 os

251 729 330 749 suum
341 717 446 757 aliquid
455 689 536 747 iiulce
544 717 631 746 mittat
641 727 702 746 cum
713 726 804 746 amaro
817 715 993 756 permixtum,

251 758 366 788 dulcedo
380 758 428 787 illa
449 768 502 787 non
517 757 560 786 dat
575 767 655 786 suum
674 766 806 796 saporem.
822 755 922 784 Nolite
929 755 996 793 fieri

253 800 363 834 tristes,
388 799 462 828 sicut
483 798 656 835 hypocritae.
677 797 742 826 Sive
765 794 799 824 de
821 794 996 834 eleemosynis

253 838 356 874 dicens,
371 837 410 867 sic
423 836 501 873 dicit,
515 837 556 866 Ne
567 846 656 865 coram
667 834 824 864 hominibus
838 835 902 863 fiant
915 846 923 863 ι
939 834 996 863 sive
1010 841 1030 866 Β

253 877 287 906 de
299 878 418 907 oratione
429 876 480 913 sic,
494 876 584 906 Nolite
598 885 655 905 esse
665 875 734 904 sicut
747 874 893 914 hypocritae
911 874 939 902 in
953 884 997 902 an-

255 918 327 957 gulis
340 918 490 958 platearum
501 922 606 945 orantes
620 927 626 944 ε
640 914 698 944 sive
709 913 864 953 dejejunio,
877 914 928 942 hoc
940 913 998 953 ipse

255 957 331 986 dicit.
342 956 428 988 Vides
442 956 506 994 quia
519 955 619 984 sciebat
631 954 764 983 Dominus
776 963 872 983 vanam
883 953 996 993 gloriam

255 1008 290 1027 ex
304 997 376 1026 omni
390 996 460 1025 bono
474 994 627 1035 procedere.
639 993 704 1023 Ideo
719 993 796 1025 illam
809 993 925 1032 spinam,
939 1002 999 1031 quae

256 1036 362 1066 assidue
378 1035 497 1065 nascitur
518 1034 544 1063 in
559 1041 629 1063 terra
650 1034 731 1069 bona,
752 1032 829 1079 jubet
842 1031 997 1072 praecidere,

256 1087 289 1106 ne
314 1076 392 1116 spina
415 1085 491 1105 vanae
531 1074 604 1103 loriae
630 1073 724 1102 effocet
747 1071 846 1117 jejunii
869 1072 998 1101 fructum.

256 1115 397 1154 Numquid
410 1121 495 1155 potest
508 1084 578 1149 (ieri,
603 1120 632 1142 ut
651 1123 703 1142 non
717 1118 847 1142 sentiatur
859 1112 908 1151 qui
927 1112 999 1152 je'u-

256 1156 322 1186 nat?
336 1155 390 1185 Sed
400 1155 496 1184 melius
506 1161 545 1183 est
556 1160 585 1182 ut
593 1153 728 1193 jejunium
741 1159 819 1181 tuum
829 1158 854 1180 te
867 1123 999 1188 ostendat,

256 1207 337 1234 quam
351 1202 379 1224 tu
392 1194 528 1234 jejunium
542 1200 629 1222 tuum.
645 1192 737 1223 Sciens
751 1198 838 1221 autem
855 1192 998 1228 Dominus,

257 1235 319 1273 quia
332 1245 385 1263 non
406 1241 490 1274 potest
504 1233 574 1269 fieri,
597 1239 625 1261 ut
643 1232 678 1262 sit
697 1231 792 1260 hilaris
809 1231 857 1269 qni
875 1231 980 1271 jejunat
991 1243 999 1259 2

257 1274 318 1303 ideo
340 1285 392 1303 non
414 1274 496 1309 dixit,
522 1272 612 1302 Nolite
629 1283 686 1301 esse
699 1270 874 1307 tristes:sed,
899 1271 1001 1300 Nolite

254 1314 321 1353 fieri
340 1316 443 1343 tristes.
459 1312 624 1342 Aliudrenim
639 1318 679 1341 est
692 1321 748 1340 esse
760 1309 873 1344 tristem,
888 1317 914 1339 et
925 1309 1001 1339 aliud

258 1353 362 1383 tristem
374 1353 441 1383 fieri.
465 1352 520 1389 Qui
540 1352 611 1381 enim
631 1350 788 1380 naturaliter
807 1356 916 1393 propter
934 1349 1002 1378 assi-

259 1392 343 1422 duum
354 1392 489 1432 jejunium
501 1392 586 1421 tristis
603 1398 653 1426 est,
669 1390 715 1419 ille
728 1395 767 1418 est
780 1388 873 1423 tristis,
888 1398 940 1417 non
952 1399 1001 1417 au-

259 1439 312 1462 tem
326 1433 373 1462 fit:
385 1433 432 1471 qui
446 1438 534 1461 autem
547 1441 596 1471 per
607 1431 768 1470 imposturas
781 1427 885 1465 aliquas
898 1428 1001 1467 pallen-
1015 1436 1034 1460 c.

261 1479 298 1501 tes
317 1479 455 1512 apparent,
475 1471 516 1500 illi
537 1480 591 1500 non
613 1476 675 1501 sunt
694 1468 792 1503 tristes,
811 1466 859 1495 sed
875 1467 956 1497 fiunt.
972 1468 1003 1498 Si

259 1523 322 1552 ergo
336 1512 381 1551 qui
394 1512 500 1552 jejunat
511 1517 536 1540 et
548 1510 651 1539 tristem
664 1518 692 1538 se
705 1507 777 1552 facit,
790 1506 930 1545 hypocrita
945 1514 1000 1537 est:

259 1558 358 1590 quanto
378 1551 463 1591 magis
482 1550 600 1588 iniquior
622 1555 672 1583 est,
696 1557 743 1586 qui
756 1555 808 1575 non
824 1547 938 1585 jejunat,
954 1547 1002 1576 sed

258 1592 423 1620 arnumentis
435 1589 597 1630 quibusdam
607 1588 633 1617 in
642 1586 708 1616 facie
721 1596 769 1615 sua
782 1585 869 1625 pingit
881 1586 1002 1616 venalem

259 1615 401 1670 pallorem,
417 1629 493 1669 quasi
504 1627 603 1669 jejunii
616 1626 742 1666 signum?
756 1625 886 1664 Displicet
908 1626 931 1655 ei
951 1636 1002 1655 na-

261 1677 320 1699 tura
333 1681 392 1706 sua,
408 1670 472 1708 quia
486 1678 538 1697 non
557 1673 643 1707 potest
654 1665 761 1695 mentiri
774 1664 847 1703 quod
861 1675 913 1694 non
930 1666 1002 1702 facit,

259 1718 284 1740 et
297 1711 393 1740 misera
410 1709 490 1738 facies
503 1708 589 1737 carnis
602 1717 632 1735 ar
652 1705 764 1734 umentis
776 1704 940 1743 quibusdam
959 1705 1001 1734 in-

260 1761 357 1779 nocens
375 1749 531 1788 castigatur‚
552 1746 616 1786 quia
629 1716 770 1773 lgraudibus
789 1754 842 1773 non
861 1745 1000 1774 consentit.

262 1790 330 1819 Puto
353 1789 426 1828 quod
450 1787 539 1817 omnis
561 1790 681 1815 sensatus
702 1783 838 1822 intelligit,
860 1784 924 1822 quia
946 1785 1002 1815 haec

261 1829 343 1858 verba
358 1828 499 1858 carnaliter
512 1835 565 1855 non
583 1823 778 1862 intelliguntur.
793 1823 848 1852 Nec
866 1823 936 1852 enim
950 1835 1002 1864 po-

261 1875 313 1897 test
325 1868 394 1903 fieri,
409 1866 482 1906 quod
503 1865 550 1904 qui
564 1864 668 1903 jejunat
689 1872 742 1891 non
764 1870 889 1902 appareat
907 1864 1001 1901 tristis,

263 1918 311 1937 nec
321 1907 429 1936 mandat
440 1905 572 1935 Dominus
591 1901 664 1941 quod
682 1901 829 1941 adimplere
838 1913 890 1931 non
906 1914 1000 1942 possu-

263 1957 335 1975 mus.
350 1946 379 1976 Si
396 1946 466 1974 euim
481 1944 542 1973 ideo
558 1942 635 1987 jubet
648 1951 697 1970 nos
711 1951 762 1970 non
780 1942 838 1971 fieri
858 1943 957 1979 tristes,
974 1950 1003 1972 ut

263 1996 298 2014 ne
321 1996 367 2025 per
390 1985 477 2024 ipsam
496 1981 631 2012 tristitiam
652 1991 827 2020 appareamus
846 1981 1002 2012 hominibus

262 2024 401 2063 jejunare:
414 2033 496 2060 quare
510 2021 618 2050 mandat
637 2027 717 2059 caput
738 2031 847 2059 ungere,
870 2028 896 2050 et
908 2021 1002 2051 faciem
1018 2030 1037 2052 D

266 2063 374 2092 lavare?
395 2063 440 2092 Sic
461 2062 533 2091 enim
546 2061 602 2100 ipsa
624 2059 714 2089 unctio
728 2060 831 2099 capitis,
854 2067 881 2089 et
903 2061 1010 2090 lavatio

265 2102 354 2138 faciei,
367 2102 389 2131 si
404 2112 419 2130 a
428 2100 612 2140 jejunantibus
625 2110 727 2138 semper
738 2106 887 2136 serventur,
900 2100 1002 2129 nibilo-

267 2142 358 2171 minus
377 2147 439 2170 sunt
454 2140 529 2177 signa
544 2139 651 2179 jejunii.
679 2138 732 2168 Sed
753 2139 810 2168 haec
829 2139 1005 2178 spiritualiter

267 2181 302 2210 ad
315 2180 431 2210 animam
446 2180 607 2212 referuntur,
629 2185 658 2207 ut
679 2188 711 2207 ne
732 2178 836 2207 tristitia
856 2179 1005 2218 spiritualis

268 2221 362 2250 faciem
374 2219 541 2260 spiritualem
552 2217 718 2247 exterminet.
735 2217 826 2246 Facies
844 2225 932 2247 autem
945 2219 1002 2258 spi-

268 2260 372 2289 ritualis
386 2259 480 2287 animae
494 2265 532 2287 est
545 2256 704 2286 conscientia
722 2257 790 2295 ej·:s,
805 2257 848 2286 vel
866 2268 922 2294 cor,
937 2258 1007 2288 sicut

268 2299 383 2329 ostendit
395 2297 536 2338 propheta,
548 2296 655 2326 dicens:
676 2296 739 2324 Tibi
753 2296 827 2325 dioeit
841 2307 891 2325 cor
899 2308 1003 2333 meum,

268 2340 427 2368 Dominum
448 2338 603 2376 requiram,
631 2341 658 2365 et
684 2337 840 2374 exquisivit
864 2342 891 2364 te
913 2337 1006 2375 facies

270 2389 346 2407 mea.
360 2379 421 2407 Non
434 2377 506 2406 enim
527 2376 606 2405 facies
626 2385 720 2404 carnea
733 2375 820 2403 Deum
832 2370 937 2413 quaerit,
959 2377 1006 2406 sed

267 2417 435 2447 conscientia.
450 2417 517 2445 Item
535 2415 662 2455 quoniam
681 2414 760 2443 facies
779 2414 938 2443 conscientia
958 2427 1006 2455 ap-

287 2457 383 2486 ellatur
394 2455 508 2486 ostendit
521 2455 614 2490 Jacob,
627 2465 688 2484 cum
705 2453 798 2483 fuisset
817 2453 932 2483 luctatus
944 2465 1007 2484 cum

267 2469 377 2526 liomine
391 2508 397 2524 :
413 2497 480 2525 Vidi
498 2496 658 2524 Dominum
667 2494 754 2533 facie
776 2493 952 2533 adfaciem,
979 2502 1007 2524 et

269 2537 354 2565 salva
391 2542 459 2564 acta
479 2541 520 2564 est
541 2535 641 2563 anima
663 2543 739 2562 mea.
763 2534 836 2563 Vere
853 2533 924 2562 enim
943 2540 1006 2563 tunc

267 2576 333 2606 facie
344 2587 358 2604 a
389 2575 482 2605 faciem
494 2576 582 2604 Deum
594 2583 646 2603 non
661 2571 741 2610 vidit,
751 2572 815 2612 quia
829 2572 857 2602 in
874 2572 1007 2603 schemate

846 176 929 200 OPUS
955 176 991 200 1³1
996 176 1195 200 PERFECTUM

1043 238 1161 268 hominis
1187 239 1304 269 luctatus
1331 245 1372 269 est
1401 246 1494 269 contra
1519 248 1582 269 eum
1610 239 1695 268 Deus.
1723 239 1794 270 Nam

1043 278 1150 308 schema
1161 279 1301 324 corporale
1316 280 1498 309 velamentum
1518 285 1558 309 est
1577 279 1638 315 Dei,
1661 288 1714 307 non
1728 289 1792 319 pro-

1043 317 1142 386 prietas
1167 320 1228 348 Dei.
1254 318 1310 348 Sed
1334 326 1421 348 mente
1444 319 1513 349 vidit
1538 320 1637 348 Deum.
1660 318 1741 348 Unde
1765 325 1792 348 et

1060 357 1128 386 srae'l
1142 365 1254 387 vocatus
1276 365 1325 394 est,
1339 359 1367 388 id
1379 365 1430 393 est,
1450 369 1524 388 mens
1537 357 1632 388 videns
1646 359 1745 388 Deum.
1761 357 1791 388 Si

1044 403 1133 426 autem
1146 397 1226 427 facies
1235 397 1293 437 ejus
1307 400 1393 427 Deum
1405 398 1526 435 vidisset,
1542 398 1634 436 utique
1645 397 1683 426 sic
1692 407 1790 427 vocan-

1044 436 1097 465 dus
1111 437 1205 472 fuerat,
1223 438 1302 467 facies
1315 439 1403 467 Deum
1423 437 1527 467 videns.
1548 437 1623 474 Quid
1636 437 1720 476 ergo?
1737 438 1791 466 Fa-

1045 476 1099 505 cies
1121 476 1216 506 auimae
1236 477 1396 506 conscientia
1409 477 1572 522 appellatur.
1588 477 1664 506 Sicut
1677 476 1748 506 enim
1763 476 1791 505 in

1045 523 1187 555 conspectu
1205 516 1346 546 hominum
1362 524 1476 556 gratiosa
1488 517 1556 546 facta
1569 523 1609 546 est
1627 515 1707 545 facies
1727 516 1791 556 pul-

1045 555 1126 585 chra:
1148 557 1186 586 sic
1208 557 1236 585 in
1263 556 1350 586 oeulis
1367 557 1418 586 Dei
1431 557 1551 597 speciosa
1570 563 1609 586 est
1631 555 1790 585 conscientia

1046 595 1158 625 munda.
1171 597 1239 625 ltem
1253 595 1330 625 aliud
1350 603 1390 626 est
1407 596 1537 636 gaudium
1551 595 1700 636 corporale,
1715 594 1792 624 aliud

1045 635 1197 674 spirituale.
1214 635 1354 666 Gaudium
1367 636 1505 677 corporale
1518 642 1559 665 est
1569 635 1651 671 risus,
1662 635 1753 675 jocus,
1765 641 1792 664 et

1046 681 1147 704 caeterae
1160 675 1348 705 delectationes
1361 676 1490 706 carnales.
1503 673 1643 705 Gaudium
1652 674 1792 714 spirituale

1047 721 1088 743 est
1102 725 1173 754 spes,
1189 715 1259 745 sicut
1274 715 1311 744 ait
1323 715 1478 756 apostolusz
1492 714 1736 760 Spe-gaudentes,
1759 715 1791 742 in
1800 718 1867 742 Rom.
1882 725 1904 742 ιε

1049 754 1237 784 tribulatione
1247 757 1399 794 patientes.
1414 754 1501 786 Vides
1514 765 1578 793 quia
1591 760 1678 794 potest
1689 753 1747 783 fieri
1762 760 1792 783 ut
1804 757 1840 773 ¹²·

1047 794 1182 824 tristantes
1202 795 1354 831 carnaliter,
1378 794 1556 835 spiritualiter
1577 793 1741 834 gaudeamus
1763 792 1792 822 in

1048 833 1117 873 spei'
1130 834 1188 864 Hoc
1202 834 1274 863 enim
1291 834 1357 864 dicit
1369 835 1403 864 de
1415 833 1519 874 Spiritu
1533 839 1625 863 sancto
1639 833 1769 873 propheta
1782 843 1790 860 ε

1049 874 1079 902 F
1078 873 1330 914 luminisjmpetus
1344 875 1473 914 laetificat
1484 874 1632 903 civitatem
1644 873 1712 903 Dei.
1723 873 1792 902 Item
1801 875 1904 913 ΡιαΙΛᾷ,

1049 919 1088 941 est
1107 913 1214 943 tristitia
1235 914 1391 954 corporalis,
1412 920 1438 943 et
1457 920 1496 943 est
1509 912 1616 942 tristitia
1630 912 1789 953 spiritualis.

1050 952 1172 982 Tristitia
1195 954 1343 994 corporalis
1364 960 1404 983 est
1426 953 1537 983 afflictio
1558 952 1645 982 carnis
1660 964 1666 980 :
1683 951 1792 982 tristitia

1050 998 1139 1022 autem
1150 992 1311 1032 spiritualis,
1326 993 1475 1033 desperatio
1488 999 1514 1022 et
1527 991 1672 1022 infidelitas
1685 991 1792 1021 animae.

1051 1031 1125 1071 Ergo
1138 1032 1246 1062 dicens:
1261 1033 1363 1065 Nolite
1369 1033 1436 1072 fieri
1455 1034 1559 1067 tristes,
1572 1032 1624 1060 hoc
1643 1030 1722 1067 dicit,
1736 1032 1794 1060 No-

1051 1070 1099 1100 lite
1113 1079 1223 1116 propter
1233 1072 1355 1102 homines
1369 1072 1501 1113 jejunare.
1519 1071 1576 1108 Qui
1594 1071 1666 1100 enim
1683 1077 1795 1111 piopter

1051 1110 1172 1141 homines
1185 1112 1295 1152 'ejunat,
1311 1114 1414 1142 tristem
1429 1111 1494 1141 facit
1505 1110 1695 1141 conscientiam
1704 1121 1793 1146 suam,

1052 1150 1082 1180 id
1100 1158 1148 1186 est,
1168 1123 1364 1192 dlesperantem.
1383 1150 1527 1189 Quomodo
1545 1150 1617 1180 enim
1635 1149 1795 1179 conscientia

1052 1191 1111 1230 ejus
1124 1190 1220 1221 hilaris
1232 1193 1279 1228 sit,
1294 1199 1320 1222 et
1330 1202 1439 1231 sperans
1461 1192 1487 1220 in
1505 1191 1595 1220 Deum
1611 1189 1715 1230 jejunio
1732 1199 1793 1226 suo,

1052 1230 1099 1269 qui
1112 1241 1163 1260 non
1179 1238 1289 1271 propter
1301 1233 1400 1266 Deum,
1410 1230 1457 1260 sed
1469 1237 1580 1270 propter
1588 1229 1714 1259 homines
1723 1229 1795 1269 jeju-

1052 1270 1116 1299 nat?
1129 1270 1175 1300 Sic
1183 1277 1210 1300 et
1223 1282 1314 1300 omnes
1323 1272 1481 1311 hypocritis,
1494 1270 1543 1308 qui
1553 1276 1662 1315 propter
1673 1268 1797 1298 homines

1050 1308 1184 1348 jejunant,
1206 1310 1384 1340 exterminant
1401 1310 1481 1339 facies
1506 1320 1581 1346 suas,
1604 1308 1635 1339 id
1655 1315 1706 1345 est,
1729 1311 1795 1338 oonss

1052 1348 1174 1378 scientias
1188 1360 1260 1379 suas.
1277 1351 1420 1386 Quomodo
1432 1349 1504 1379 enim
1523 1348 1709 1378 exterminatas
1729 1358 1794 1377 oon-

1052 1387 1176 1417 scientias
1187 1399 1239 1417 non
1252 1388 1366 1418 habeant
1379 1395 1439 1417 ante
1450 1389 1550 1424 Deum,
1565 1388 1612 1426 qui
1625 1388 1756 1426 fingentes
1766 1397 1796 1416 se

1052 1434 1163 1467 propter
1175 1429 1262 1458 Deum
1272 1428 1406 1468 jejunare,
1426 1438 1479 1458 non
1496 1437 1546 1468 pro
1566 1434 1606 1456 ter
1620 1428 1708 1456 Deum
1718 1425 1795 1466 jeju-

1054 1473 1128 1503 nant,
1151 1467 1198 1497 sed
1221 1475 1331 1508 propter
1351 1468 1484 1504 homines,
1511 1478 1546 1498 vo
1558 1473 1630 1496 entes
1652 1466 1745 1495 fallere
1768 1472 1796 1495 et

1054 1507 1153 1543 Deum,
1169 1514 1195 1536 et
1207 1506 1349 1537 homines?
1364 1509 1418 1537 Aut
1438 1507 1486 1536 ita.
1501 1507 1600 1536 Nolite
1609 1507 1678 1546 fieri
1690 1507 1795 1541 tristes,

1055 1547 1127 1575 sicut
1140 1547 1316 1587 hypocritae:
1333 1546 1363 1576 id
1379 1553 1430 1583 est,
1446 1547 1537 1577 Nolite
1555 1546 1612 1576 sine
1626 1556 1673 1586 spe
1694 1552 1720 1575 et
1738 1545 1796 1575 sine

1055 1585 1109 1615 fide
1117 1587 1250 1631 jejunare.
1264 1587 1329 1617 Sine
1347 1597 1394 1626 spe
1409 1593 1498 1616 autem
1507 1586 1621 1626 jejunat,
1636 1585 1684 1624 qui
1701 1595 1754 1614 non
1767 1595 1796 1615 se

1055 1625 1170 1655 abstinet
1183 1637 1198 1655 a
1211 1633 1331 1666 peccato,
1351 1637 1399 1656 nec
1416 1626 1480 1655 facit
1494 1625 1632 1655 'ustitiam
1646 1626 1715 1655 Nam
1727 1623 1798 1654 sicut

1055 1665 1125 1694 bona
1137 1676 1218 1706 opera
1228 1675 1303 1706 spem
1317 1673 1453 1706 generant,
1469 1666 1477 1695 i
1511 1672 1560 1702 est,
1575 1665 1705 1704 gaudium
1718 1663 1799 1704 spiri-

1056 1705 1128 1734 tuale
1141 1718 1147 1734 :
1164 1705 1203 1735 sic
1217 1705 1287 1735 mala
1303 1716 1382 1746 opera
1396 1705 1619 1746 desperationem,
1634 1704 1663 1734 id
1676 1711 1726 1741 est,
1744 1703 1797 1733 tri-

1055 1745 1154 1774 stitiam
1164 1745 1342 1785 spiritualem.
1350 1744 1406 1783 Qui
1416 1746 1487 1774 enim
1498 1755 1609 1785 peccans
1620 1744 1730 1784 'ejunat,
1739 1743 1797 1773 sine

1055 1794 1103 1824 spe
1122 1785 1247 1824 jejunat:
1263 1784 1293 1814 id
1308 1792 1358 1823 est,
1378 1795 1431 1814 non
1451 1785 1543 1820 habet,
1565 1794 1601 1814 un
1621 1795 1637 1813 e
1649 1790 1748 1824 speret,
1770 1789 1798 1812 et

1055 1824 1180 1894 §audem
1193 1824 1241 1854 sed
1255 1832 1295 1854 est
1304 1825 1410 1854 animus
1422 1825 1481 1864 ejus
1494 1824 1649 1863 desperans,
1660 1831 1686 1853 et
1699 1823 1795 1852 tristis.

1073 1874 1116 1893 am
1130 1870 1218 1893 autem
1231 1864 1367 1902 quomodo
1382 1870 1521 1903 peccatum
1543 1870 1570 1893 et
1588 1862 1738 1903 desperatio
1751 1873 1798 1892 ex-

1055 1903 1197 1933 terminent
1204 1903 1298 1933 saciem
1309 1904 1484 1940 conscientiae,
1496 1902 1589 1932 nullus
1603 1903 1716 1942 ignorat.
1727 1903 1797 1932 Nam

1054 1953 1159 1982 semper
1172 1942 1309 1972 vulnerata
1324 1950 1363 1973 est
1375 1943 1534 1972 conscientia
1553 1943 1613 1982 ejus
1631 1942 1679 1981 qui
1693 1949 1794 1982 peccat.

1054 1982 1100 2012 Sic
1123 1993 1187 2022 ergo
1207 1993 1298 2012 omnes
1319 1983 1466 2023 hypocritae
1480 1982 1615 2022 jejunant,
1643 1991 1695 2011 non
1718 1981 1798 2011 bonis

1055 2022 1158 2051 actibus
1181 2021 1362 2051 exhilarantes
1379 2022 1567 2051 conscientiam
1589 2032 1665 2050 suam
1687 2021 1716 2050 in
1737 2031 1797 2060 spe,

1055 2060 1102 2090 sed
1113 2061 1192 2090 malis
1202 2061 1328 2100 operibus
1339 2062 1523 2091 contristantes
1534 2061 1562 2089 in
1573 2060 1795 2100 desperationem.

1056 2100 1204 2146 Hypocrita
1226 2107 1265 2130 est
1285 2111 1348 2138 ergo
1371 2100 1468 2136 omnis,
1491 2100 1539 2138 qui
1560 2109 1670 2140 peccans
1681 2099 1797 2140 jejunat.

1057 2140 1133 2177 Quid
1150 2146 1189 2169 est
1209 2150 1282 2179 ergo,
1302 2150 1364 2169 cum
1385 2139 1483 2178 gaudio
1495 2139 1628 2179 jejunare,
1651 2140 1704 2169 nisi
1721 2139 1800 2179 prius

1057 2179 1233 2219 spiritualiter
1243 2180 1375 2219 jejunare,
1386 2178 1484 2208 deinde
1497 2178 1657 2208 carnaliter?
1671 2180 1740 2209 Nam
1750 2179 1799 2208 sic-

1059 2225 1090 2248 ut
1102 2219 1180 2248 omne
1194 2219 1296 2247 bonum
1310 2227 1348 2248 est
1365 2219 1517 2259 spirituale,
1531 2219 1569 2248 sic
1580 2226 1620 2248 est
1632 2225 1659 2248 et
1674 2218 1796 2248 carnale:

1059 2265 1086 2288 et
1098 2269 1176 2288 omne
1190 2258 1291 2287 malum
1310 2266 1349 2288 est
1362 2258 1502 2298 spirituale
1515 2265 1540 2287 et
1551 2258 1667 2288 carnale.
1682 2259 1798 2298 Utputa,

1059 2298 1197 2327 fornicatio
1207 2298 1293 2327 caruis
1304 2305 1343 2327 est
1356 2298 1543 2334 meretricatio,
1558 2297 1698 2328 fornicatio
1709 2304 1800 2326 autem

1059 2338 1209 2378 spiritualis
1235 2344 1273 2367 est
1294 2338 1488 2378 praevaricatio.
1512 2337 1625 2367 Castitas
1647 2337 1735 2366 carnis
1761 2343 1802 2366 est

1059 2377 1161 2407 nescire
1187 2377 1329 2407 mulierem
1343 2390 1349 2406 ι
1366 2377 1472 2407 castitas
1499 2375 1663 2417 spiritualis,
1690 2375 1800 2406 fidelem

1058 2427 1115 2446 esse
1128 2418 1194 2446 Deo.
1211 2417 1357 2446 Humilitas
1370 2416 1517 2456 corporalis
1530 2426 1669 2455 assurgere
1682 2415 1798 2451 homini,

1059 2457 1173 2487 verbum
1188 2456 1277 2486 dicere
1295 2457 1377 2486 molle
1389 2455 1549 2485 :humilitas
1569 2455 1728 2495 spiritualis,
1752 2455 1802 2494 qui

1060 2496 1088 2525 in
1101 2495 1180 2525 corde
1191 2506 1240 2525 suo
1254 2495 1367 2525 alterum
1376 2495 1510 2525 existimat
1519 2494 1657 2524 meliorem
1667 2505 1749 2533 quam
1760 2505 1800 2524 se.

1060 2536 1097 2565 Su
1119 2535 1191 2565 erbia
1203 2535 1361 2575 corporalis,
1373 2545 1451 2575 asper
1465 2544 1551 2563 sermo
1563 2546 1569 2563 z
1585 2534 1712 2575 superbia
1723 2533 1803 2574 spiri-

1060 2546 1150 2612 tualis,
1164 2575 1212 2614 qui
1225 2585 1253 2605 se
1263 2575 1401 2605 meliorem
1413 2580 1489 2614 putat
1499 2584 1567 2611 esse,
1579 2584 1660 2613 quam
1673 2574 1800 2606 alterum.
