1904 2840
642 184 676 210 IN
702 186 910 210 MATTEAEUM.
939 188 1057 211 HOMIL.
1087 189 1124 212 tt.

1597 178 1665 226 765

133 260 170 279 ne
187 241 369 279 red-’musal
382 248 537 284 Herodem,
549 257 601 288 per
620 248 712 278 aliam
723 249 805 277 viam
823 258 867 277 re-
888 250 909 274 Δ
926 249 1066 279 necessitas
1091 251 1304 290 persequutionis
1325 251 1473 288 advenerit,
1494 252 1587 292 fugere
1612 262 1665 284 non

134 291 208 318 versi
218 290 327 318 suntin
339 289 484 328 regionem
495 297 588 317 suam.
597 289 622 318 Ο
635 287 702 317 fides
712 286 867 326 magorum!

130 329 190 358 Non
204 327 423 358 contradixerunt
435 328 529 367 angelo
547 327 711 363 admonenti,
725 325 844 356 dicentes
860 338 867 354 :

129 368 242 397 Tantam
253 367 327 396 viam
338 367 472 404 venimus,
484 367 618 398 venientes
636 374 697 396 ante
716 365 870 395 multitudi-

129 417 191 436 nem
211 406 352 437 civitatum
365 416 418 435 nou
442 406 593 440 timuimus,
611 417 700 446 regem
719 405 869 435 terribilem

127 446 201 487 apud
215 446 277 475 illas
289 445 398 475 omnino
410 456 462 476 uon
480 447 640 486 expavimus
655 457 661 474 ε
674 444 722 475 sed
734 444 867 481 stetimus,

128 493 154 515 et
173 485 334 515 fiducialiter
346 485 394 523 qui
411 493 489 515 natus
502 487 588 515 fuerat
600 495 690 525 regem
709 483 867 524 praedicavi-

127 535 200 562 mus,
218 532 242 554 et
260 525 336 564 quasi
353 525 413 554 Deo
431 536 542 555 munera
558 525 641 564 digna
659 523 825 561 obtulimus;
841 530 867 552 et

127 566 303 603 quasivservos
314 565 427 594 latenter
430 566 509 606 jubes
520 575 592 594 nunc
602 565 705 602 fugere,
720 570 749 592 ut
758 563 811 592 alia
821 562 867 592 via

126 605 272 639 venientes,
291 604 344 633 alia
362 604 520 634 redeamus?
533 604 588 634 Sed
606 603 698 633 fideles
717 603 865 638 constituti,

125 653 175 674 nee
193 650 257 673 tunc
274 643 422 673 timuerunt
438 644 572 683 cognosci,
587 653 636 673 nec
653 642 734 672 moda
752 642 867 671 erubue-

127 691 190 712 runt
201 683 304 712 occulte
317 683 439 713 recedere
452 696 459 712 :
475 683 538 722 quia
555 693 603 712 nec
616 689 672 712 erat
689 681 825 722 possibile,
837 688 868 711 ut

126 723 173 760 qui
191 723 226 752 ab
236 721 343 752 Herode
361 722 395 751 ad
417 723 554 753 Christum
573 722 717 757 venissent,
733 720 769 750 ad
782 723 867 751 Hero-

125 761 187 791 dem
200 762 328 791 redirent.
342 762 398 799 Qui
406 762 477 792 enim
491 762 584 801 relicto
597 761 704 792 Christo
717 760 820 791 vadunt
832 761 868 791 ad

127 801 271 838 Herodem,
284 802 438 840 frequenter
456 808 625 831 revertuntur
642 801 676 830 ad
695 801 835 831 Christum
856 814 864 831 ε

125 881 218 917 corde,
231 890 377 919 numquam
389 886 559 910 revertuntur
566 880 600 909 ad
612 880 756 910 Herodem.
767 880 800 909 Id
809 887 864 909 est:

125 920 219 959 quide
239 920 347 950 Christo
363 919 396 949 ad
411 919 551 949 diabolum
563 926 701 948 transeunt
715 930 763 959 per
773 930 860 959 pecca-

124 967 194 996 tum,
209 960 359 998 frequenter
378 970 427 1000 per
446 959 628 999 poeuitentiam
645 965 816 988 revertuntur
833 959 868 988 ad

123 999 285 1029 Christum:
304 999 351 1038 qui
373 1006 461 1028 autem
482 999 575 1028 relicto
601 997 711 1026 diabolo
738 998 811 1026 venit
833 999 868 1027 ad

123 1038 274 1075 Christum,
293 1038 406 1068 difficile
428 1038 571 1067 revertitur
584 1036 618 1066 ad
629 1037 768 1066 diabolum
783 1048 790 1066 ε
805 1038 883 1076 ᾳιιί3’

123 1078 170 1116 qui
181 1088 328 1117 numquam
341 1078 391 1107 fuit
401 1078 428 1106 in
439 1077 529 1113 malis,
538 1076 618 1106 sedin
631 1076 790 1111 innocentia,
801 1077 868 1106 dum

122 1117 206 1153 nescit
225 1118 293 1156 quid
306 1117 342 1147 sit
354 1117 466 1152 malum,
479 1117 558 1145 facile
575 1115 720 1156 decipitur,
736 1123 761 1145 et
774 1117 869 1146 transit

122 1156 158 1185 ad
175 1157 314 1186 diabolum
335 1170 342 1186 ε
363 1157 410 1186 scd
430 1167 491 1185 cum
510 1162 636 1195 expertus
658 1156 740 1185 fuerit
766 1155 867 1185 malum

122 1196 197 1234 quod
218 1196 330 1232 invenit,
351 1203 378 1225 et
397 1195 551 1225 recordatus
570 1195 650 1224 fuerit
672 1195 773 1224 bonum
794 1195 867 1234 quod

122 1235 253 1275 perdidit,
263 1242 439 1276 compunctus
446 1235 515 1265 redit
525 1234 560 1263 ad
569 1235 654 1264 Deum
667 1235 738 1264 unde
745 1235 850 1264 recessit
856 1247 865 1273 ς

122 1275 169 1313 qui
182 1282 270 1304 autem
289 1276 317 1304 in
327 1275 406 1304 malis
415 1274 506 1310 fuerit,
521 1281 547 1303 et
560 1284 704 1303 conversus
717 1281 756 1304 est
770 1274 804 1303 ad
815 1274 865 1304 bo-

121 1324 199 1352 num,
214 1314 280 1343 dum
295 1314 393 1355 gaudet
403 1314 437 1343 de
449 1314 528 1343 bonis
541 1324 602 1352 quae
615 1314 726 1349 invenit,
741 1320 766 1343 et
778 1325 866 1343 recor-

120 1353 202 1383 datur
215 1354 286 1383 mala
303 1356 362 1393 quae'
375 1350 470 1391 evasii,
485 1353 597 1383 difficile
609 1352 679 1382 redit
698 1353 734 1382 ad
750 1353 863 1383 malum.

121 1393 175 1423 Sed
187 1393 274 1432 quid?
287 1394 350 1432 quia
363 1393 443 1423 multi
457 1404 519 1423 cum
539 1393 651 1422 Christo
665 1392 757 1422 relicto
771 1403 860 1433 pecca-

120 1439 228 1469 verunt,
235 1443 288 1462 non
297 1440 378 1473 agunt
406 1432 579 1462 oenitentiam.
592 1432 635 1462 llli
646 1432 710 1461 tales
717 1443 864 1471 numquam

119 1472 228 1501 suerunt
239 1472 356 1510 Christi3
370 1444 430 1501 id'eo
444 1472 568 1512 superius
579 1471 648 1507 dixi,
659 1471 706 1510 qui
721 1478 774 1500 toto
785 1472 864 1501 corde

119 1510 155 1540 de
167 1511 276 1541 diabolo
289 1512 362 1541 venit
372 1511 408 1540 ad
418 1512 566 1541 Christum.
577 1511 633 1548 Qui
644 1511 715 1539 enim
728 1518 788 1550 post
819 1522 863 1540 ec-

120 1557 209 1579 catum
233 1561 284 1580 non
300 1550 419 1596 poenitet,
435 1561 487 1579 non
506 1550 583 1588 quasi
596 1550 677 1578 homo
695 1559 774 1578 carne
806 1560 865 1579 ece-

119 1596 183 1628 ptus
201 1597 330 1628 peccavit,
345 1589 393 1618 sed
411 1589 522 1618 arbitrio
540 1599 589 1618 suo
605 1599 666 1617 cum
684 1595 750 1617 esset
764 1588 862 1624 malus,

121 1628 223 1657 malum
243 1629 307 1668 egit.
330 1630 399 1658 Nam
419 1628 517 1663 malus,
536 1627 610 1666 quod
630 1628 731 1656 malum
751 1634 790 1656 est
810 1637 863 1657 non

121 1674 197 1706 putat
203 1668 319 1704 malum;
331 1667 392 1696 ideo
401 1677 448 1696 nec
458 1667 568 1707 poenitet
579 1677 641 1696 cum
649 1667 740 1695 fecerit
749 1667 861 1696 malum.

121 1708 176 1735 Aut
189 1707 242 1736 ita:
257 1707 304 1745 qui
313 1707 384 1736 enim
396 1718 411 1736 a
420 1706 528 1736 diabolo
540 1706 614 1736 venit
624 1705 660 1734 ad
671 1708 769 1743 Deum,
784 1716 863 1735 num-

120 1756 202 1784 quam
223 1745 302 1776 debet
321 1757 368 1786 per
383 1746 459 1775 illam
468 1746 540 1776 viam
557 1745 706 1781 ambulare,
721 1755 769 1784 per
781 1756 862 1784 quam

120 1785 195 1814 venit
207 1785 241 1814 ad
249 1785 398 1815 diabolum.
411 1785 515 1815 Venisti
525 1795 575 1825 per
583 1784 656 1814 viam
668 1784 860 1821 fornicationis,

120 1825 230 1854 ambula
251 1824 286 1854 de
306 1832 400 1855 caetero
418 1835 466 1865 per
481 1824 555 1855 viam
578 1824 815 1863 eleemosynarum.
832 1825 862 1854 Si

120 1870 209 1894 autem
251 1875 280 1894 er
299 1864 307 1893 i
329 1875 385 1894 sam
409 1865 480 1894 viam
494 1863 617 1900 redieris,
634 1863 731 1893 iterum
750 1863 802 1892 sub
820 1874 862 1893 re-

120 1913 204 1942 gnum
232 1875 275 1933 ite
327 1904 349 1933 is
374 1904 464 1939 vadis,
489 1910 515 1932 et
544 1903 578 1932 fis
590 1939 593 1940 .
603 1902 726 1943 proditor
743 1902 859 1932 Christi.

121 1944 170 1973 15.
183 1943 240 1982 Qui
252 1954 317 1973 cum
328 1946 520 1978 recessissent,
534 1953 598 1971 ecce
610 1942 729 1982 angelus
742 1943 863 1971 Domini

121 1985 257 2021 apparuit
270 1985 302 2012 1'n
321 1985 429 2013 somnis
443 1983 552 2021 Joseph
564 1983 680 2011 dIcense
701 1981 781 2010 Tolle
789 1992 859 2021 pue-

120 2031 195 2057 rum,
208 2029 236 2051 ct
257 2029 379 2052 matrem
405 2024 478 2062 ejus,
500 2022 610 2062 etfuge
631 2024 664 2050 in
686 2022 859 2061 AEgypcum.

120 2062 146 2090 Ο
159 2062 252 2102 angele
270 2062 331 2099 Dei,
341 2073 427 2092 nonne
442 2069 470 2091 tu
485 2061 552 2090 mihi
570 2061 697 2097 retulisti,
712 2061 775 2100 quia
789 2060 862 2099 quod

121 2108 245 2130 nascetur
255 2112 289 2130 ex
301 2112 342 2138 ea,
355 2102 390 2131 de
401 2102 505 2141 Spiritu
519 2108 610 2130 sancto
623 2100 680 2130 est?
691 2107 717 2129 et
727 2100 862 2138 quomodo

119 2140 199 2179 jubes
212 2150 260 2169 nos
277 2141 387 2177 sugere?
403 2139 539 2179 quomodo
559 2141 647 2170 Filius
662 2140 712 2169 Dei
730 2147 790 2169 ante
810 2140 861 2168 ho-

123 2177 221 2207 minem
242 2179 329 2218 fugit?
347 2187 394 2208 aut
412 2181 474 2218 quis
492 2179 587 2209 liberet
600 2179 634 2209 de
652 2179 778 2215 inimicis,
793 2179 816 2208 si
837 2185 864 2207 et

122 2217 132 2246 i
153 2228 181 2246 se
203 2218 325 2247 inimicos
345 2229 407 2248 suos
425 2218 520 2248 timet?
542 2220 602 2249 Jam
622 2218 740 2258 primum
754 2218 863 2257 quidem

136 2256 203 2296 ugit,
216 2264 246 2286 ut
257 2257 377 2296 regulam
387 2257 510 2286 humanm
522 2265 633 2294 naturae,
643 2268 725 2296 quam
735 2257 863 2297 suscepit,

123 2303 260 2327 conservet
282 2296 309 2324 iu
330 2296 466 2331 omnibus,
481 2303 507 2325 et
529 2297 556 2325 in
579 2297 630 2325 hac
649 2303 735 2336 parte,
755 2297 819 2335 quia
840 2303 865 2325 et

121 2335 247 2364 humanae
269 2342 368 2364 naturae
386 2342 412 2364 et
422 2335 520 2375 puerili
539 2336 608 2364 aetati
629 2335 753 2364 convenit
773 2335 866 2373 fugere

123 2381 278 2414 potestatem
304 2375 458 2403 minantem.
485 2374 592 2412 Alioqui
620 2374 642 2403 si
665 2374 736 2403 illud
757 2381 817 2419 agat
837 2373 865 2403 in

126 2423 236 2453 corpore
252 2414 421 2450 constitutus,
436 2413 510 2452 quod
523 2420 562 2442 est
579 2413 720 2453 proprium
739 2414 798 2450 Det,
812 2423 879 2443 non‘

126 2451 262 2496 dispensat
282 2453 310 2482 in
333 2464 360 2482 se
379 2454 522 2482 humanam
548 2459 680 2489 naturam,
704 2452 751 2482 sed
770 2459 863 2483 mutat.

127 2491 231 2521 Deinde
245 2499 273 2521 ut
286 2499 312 2522 et
331 2493 419 2522 caeteri
430 2492 586 2528 Christiani,
600 2492 628 2521 id
645 2498 684 2522 est
698 2492 792 2531 sancti,
806 2503 867 2522 cum

163 2578 346 2615 -'[Commetin‚
360 2589 383 2608 et
396 2583 481 2609 moret.
496 2582 579 2617 isnin]

923 288 1088 319 erubescant.
1105 290 1141 319 Et
1160 301 1242 329 quare
1259 291 1335 321 vadit
1356 291 1384 322 in
1398 291 1568 332 AEgyptum?
1583 302 1663 322 num-

925 327 992 366 quid
1001 328 1135 375 aliaterra
1148 329 1263 360 defecit?
1272 331 1383 376 Semper
1389 331 1465 376 ⁷euim
1477 330 1607 361 adversus
1614 342 1664 377 po-

924 367 1022 406 pulum
1041 379 1099 408 ejus
1117 369 1252 414 AEgyptus
1273 377 1374 399 exstitit
1387 381 1504 400 inimica.
1518 370 1572 401 Sed
1585 378 1664 401 ettam

923 406 1078 437 recordatus
1099 409 1241 445 Dominus,
1255 410 1303 448 qui
1324 420 1377 439 non
1393 410 1419 438 in
1434 410 1514 440 finem
1528 410 1663 446 irascitur,
1674 416 1741 438 Psal.
1762 423 1812 440 102.

920 455 1006 484 neque
1018 446 1046 475 in
1063 454 1190 477 aeternum
1203 448 1369 488 indignatur,
1380 456 1479 488 quanta
1489 450 1559 479 mala
1574 450 1664 480 fecerit
1673 454 1697 477 9·

920 495 1002 524 super
1014 486 1175 527 AEgyptum,
1183 487 1243 517 ideo
1254 489 1335 517 mittit
1347 488 1449 518 Filium
1459 499 1539 518 suum
1554 489 1581 518 in
1592 500 1661 526 eam,

919 530 945 553 et
957 524 1003 554 dat
1017 525 1060 554 illi
1078 537 1179 566 magnae
1197 527 1419 557 reconciliationis
1432 529 1550 566 sianum,
1566 535 1591 558 et
1604 539 1663 569 per-

918 570 1005 603 petu-e
1022 566 1147 595 amicitiae
1164 566 1274 605 pignus,
1290 574 1319 596 ut
1336 567 1427 596 decem
1441 551 1533 607 plagas
1552 568 1677 608 AEgypti.

918 613 972 632 una
996 604 1129 634 medicina
1147 613 1261 635 sanaret.
1280 607 1305 636 0
1325 609 1511 636 commutatio
1537 609 1663 637 dexteroe
1674 618 1740 640 Psat.
1750 620 1788 648 76.

918 643 1040 672 Excelsi
1047 641 1060 673 !
1074 645 1113 674 Ut
1125 645 1243 684 populus
1255 645 1301 684 qui
1313 652 1373 675 ante
1389 646 1474 675 fuerat
1485 653 1663 686 persequutor
1676 655 1684 670 ¹
1693 655 1710 671 ¹-

918 692 954 721 po
975 683 1013 711 uli
1028 683 1211 728 primogeniti,
1226 692 1315 724 postea
1329 685 1403 715 ficret
1421 692 1509 715 custos
1531 687 1661 726 unigeniti

919 722 952 766 Fi
966 722 994 752 ii.
1008 724 1046 752 Ut
1059 724 1106 761 qui
1121 724 1163 752 illi
1178 725 1280 764 populo
1293 725 1425 754 violenter
1443 725 1573 754 dominati
1587 733 1661 760 sunt,

919 762 962 790 isti
975 772 1038 791 cum
1049 762 1191 793 devotione
1203 764 1345 793 servirent.
1360 765 1399 794 Ut
1416 765 1467 793 'am
1481 775 1534 793 non
1549 765 1616 794 irent
1628 765 1663 795 ad

919 811 992 830 mare
1015 802 1141 832 Rubrum
1156 802 1328 843 demergendi
1337 827 1344 839 ‚
1371 775 1422 833 sed
1443 811 1602 834 vocarentur
1627 805 1663 834 ad

6 857 11 864 ·
47 854 115 870 xxxu
125 841 172 879 qui
184 849 271 871 autem
282 841 374 870 relicto
385 840 491 871 Herode
498 840 533 869 ad
545 840 683 870 Christum
692 842 804 870 veniunt
813 847 867 870 toto
885 847 903 870 B
919 851 1002 878 aquas
1015 841 1183 881 baptismatis
1195 843 1364 872 vivificandi.
1379 845 1419 873 Ut
1432 843 1575 883 impleatur
1589 844 1662 881 quod

918 879 1022 910 dictum
1032 888 1070 910 est
1087 894 1092 910 :
1114 883 1189 911 Ecce
1202 883 1347 912 Dominus
1361 884 1511 912 descendit
1524 886 1555 912 in
1566 884 1661 920 AEgy-
1673 891 1737 913 Esai.
1754 897 1811 921 ¹9⁴·

917 926 1011 957 ptum,
1023 921 1126 950 sedens
1135 932 1222 960 super·
1230 924 1335 951 nubem
1345 923 1447 951 levem.
1457 923 1551 952 Nubes
1556 929 1595 951 est
1606 933 1662 952 cor-

919 963 988 997 pusa
997 960 1082 998 ipsius
1097 973 1103 989 ε
1117 961 1176 990 leve
1185 967 1286 996 autem,
1297 961 1353 990 sine
1363 961 1478 1001 pondere
1484 968 1661 1001 peccatorum.

920 999 968 1027 16.
1000 999 1081 1028 Tunc
1103 1001 1236 1029 Herodes
1256 1001 1362 1030 violens
1382 1002 1522 1040 quoniam
1544 1001 1662 1031 delusus
1675 998 1682 1006 ⁸

919 1045 994 1067 esset
1018 1048 1037 1066 a
1058 1042 1162 1079 magis,
1184 1044 1276 1068 iratus
1298 1046 1341 1069 est
1364 1042 1561 1069 vehementer.
1581 1042 1661 1070 Post-

917 1086 999 1114 quam
1010 1079 1141 1117 parvulus
1152 1080 1230 1109 Jcsus
1244 1090 1334 1118 magos
1345 1079 1501 1119 subjugavit
1514 1080 1566 1109 sub
1577 1080 1662 1126 impe-

918 1116 961 1145 rio
974 1127 1033 1152 suo,
1048 1127 1102 1146 non
1121 1125 1249 1158 potestate
1269 1118 1400 1158 corporis,
1415 1119 1462 1148 sed
1475 1119 1560 1158 gratia
1577 1120 1663 1160 Spiri-

919 1161 974 1190 tus,
989 1167 1041 1185 uon
1059 1158 1208 1187 exercitum
1220 1157 1345 1187 Christus
1360 1158 1433 1187 misit
1446 1165 1505 1198 post
1526 1159 1600 1196 illos,
1615 1159 1663 1188 sed

918 1195 1026 1224 stellam
1035 1196 1168 1226 modicam
1181 1203 1241 1226 aute
1251 1197 1325 1226 illos.
1340 1197 1481 1236 Religione
1495 1198 1556 1227 illos
1571 1199 1663 1228 subdi·

918 1233 970 1269 dit,
986 1245 1039 1265 non
1053 1235 1158 1266 timore.
1174 1238 1234 1266 Nou
1248 1237 1319 1266 enim
1339 1245 1517 1277 persequutus
1537 1245 1576 1267 est
1589 1238 1661 1273 illos,

918 1273 966 1303 sed
983 1275 1040 1314 ipse
1053 1276 1198 1313 requisitus
1209 1282 1248 1304 est
1260 1277 1294 1305 ab
1304 1276 1353 1305 cis.
1370 1275 1435 1306 Ideo
1452 1277 1546 1306 merito
1560 1277 1661 1307 irasce—

917 1313 998 1343 batur
1017 1315 1147 1351 Herodes,
1161 1315 1226 1354 quia
1238 1316 1336 1354 quibus
1351 1315 1398 1345 ille
1417 1316 1511 1346 sedens
1524 1317 1551 1346 iu
1564 1318 1661 1347 throno

917 1353 994 1392 regni
1007 1361 1033 1383 et
1043 1354 1154 1384 vestitus
1167 1365 1289 1400 purpura
1302 1355 1414 1386 suadere
1424 1366 1476 1385 non
1492 1363 1605 1396 poterat,
1618 1357 1661 1386 liis

883 1400 902 1423 C
917 1392 995 1422 Jesus
1015 1395 1158 1433 parvulus,
1174 1401 1200 1423 et
1213 1404 1304 1433 Jacens
1324 1395 1351 1423 in
1365 1405 1506 1435 praesepio,
1521 1403 1546 1425 et
1565 1398 1660 1436 pannis

917 1431 1054 1462 involutus
1063 1433 1175 1472 placuit.
1192 1434 1311 1463 Herodes
1323 1441 1424 1470 autem,
1437 1435 1484 1473 qui
1499 1434 1565 1464 dum
1579 1436 1661 1465 vellet

916 1470 1044 1501 deludere
1053 1494 1061 1509 ,
1085 1472 1196 1501 delusus
1222 1479 1276 1508 est,
1300 1473 1468 1503 devotionem
1490 1475 1661 1513 promittebat

917 1521 1000 1550 puero
1013 1510 1104 1540 dicens
1118 1523 1124 1539 :
1137 1512 1294 1550 Exquirite
1303 1513 1339 1540 de
1347 1523 1447 1551 puero,
1462 1520 1493 1542 ut
1503 1520 1532 1541 et
1541 1524 1593 1552 ego
1606 1525 1658 1543 ve-

917 1551 1009 1585 niam,
1024 1556 1052 1578 et
1065 1551 1183 1578 adorem
1201 1561 1276 1579 eum.
1293 1552 1455 1587 Insensatus,
1470 1552 1518 1590 qui
1537 1553 1659 1591 unigeni-

917 1594 971 1617 tam
992 1588 1043 1617 Dei
1058 1589 1215 1628 sapientiam
1231 1589 1347 1618 humana
1361 1590 1454 1620 fraude
1466 1592 1660 1621 circumvenire

916 1627 1044 1656 tentabat.
1058 1628 1119 1657 Jam
1128 1629 1200 1657 enirn
1212 1628 1286 1666 quasi
1299 1639 1476 1659 successorem
1489 1631 1564 1670 regni
1574 1631 1617 1660 sui
1628 1631 1658 1660 ti-

915 1677 990 1695 mens
1005 1667 1141 1696 Fremebat.
1155 1668 1225 1696 Nam
1236 1678 1310 1707 reges
1321 1668 1344 1697 si
1355 1667 1465 1713 quidem
1477 1679 1510 1698 ex
1524 1669 1586 1699 aliis
1595 1681 1658 1700 cau-

914 1705 951 1735 sis
961 1706 1122 1743 irascuntur,
1132 1706 1183 1735 cito
1194 1706 1346 1746 placantur:
1359 1707 1405 1737 illa
1412 1715 1501 1737 autem
1514 1709 1555 1738 ira
1565 1719 1659 1739 eorum

914 1745 1145 1785 inexstinguibilis
1169 1753 1219 1782 est,
1241 1756 1321 1784 quam
1341 1746 1416 1785 regni
1435 1748 1507 1777 zelus
1526 1748 1655 1779 accendit.

914 1784 1018 1814 Deinde
1031 1791 1226 1815 contemnentes
1235 1796 1296 1814 eum
1309 1787 1379 1825 magi
1389 1786 1553 1817 addiderunt
1566 1799 1659 1818 causas

914 1823 1025 1854 doloris.
1045 1824 1281 1861 Quemadmodum
1299 1826 1322 1854 si
1343 1826 1404 1864 quis
1426 1826 1548 1856 infundat
1567 1828 1657 1858 oleum

913 1874 995 1903 super
1008 1863 1094 1902 ignem
1111 1864 1256 1901 ardentem,
1271 1865 1354 1903 magis
1369 1865 1463 1895 crescit
1476 1866 1631 1896 incendium
1647 1880 1654 1896 :

914 1903 953 1932 sic
959 1902 1093 1932 ardentem
1104 1903 1192 1933 zelum
1201 1904 1316 1933 Herodis
1325 1904 1473 1934 delusionis
1481 1907 1661 1946 opprobrium*

899 1942 1032 1982 'amplius
1050 1942 1188 1973 excitavit.
1203 1943 1279 1980 Quid
1299 1944 1380 1973 fecit?
1399 1945 1481 1974 Misit
1505 1952 1532 1974 et
1551 1947 1658 1976 occitlit

881 1992 899 2014 ι)
914 1992 1013 2011 omnes
1029 1992 1132 2020 pueros
1151 1984 1184 2011 in
1195 1983 1377 2020 Bethlehem,
1393 1990 1421 2013 et
1435 1986 1466 2013 in
1478 1988 1608 2015 omnihus
1617 1987 1658 2025 fi-

915 2022 999 2050 nibus
1012 2022 1086 2060 ejus,
1097 2032 1116 2050 a
1132 2023 1243 2051 bimatu
1258 2029 1285 2051 et
1303 2023 1394 2063 insta,
1409 2025 1566 2054 secundum
1588 2032 1658 2054 tem-

912 2071 967 2100 pus
989 2061 1069 2099 quod
1081 2063 1258 2100 exquisierat
1275 2072 1295 2090 a
1313 2064 1415 2101 magis.
1431 2064 1469 2092 Ut
1486 2064 1573 2102 quid?
1587 2065 1658 2101 Quia

914 2099 1025 2129 delusus
1038 2106 1095 2129 erat
1105 2110 1121 2129 a
1135 2101 1230 2140 magis.
1241 2101 1318 2131 Sicut
1333 2101 1387 2130 fera
1400 2102 1483 2132 bestia
1495 2103 1595 2133 habens
1609 2115 1655 2133 na·
1677 2118 1679 2120 ·

915 2139 1028 2168 tnralem
1042 2139 1222 2179 asperitatem,
1234 2141 1256 2169 si
1271 2141 1305 2170 ab
1316 2141 1351 2170 ali
1374 2152 1407 2170 uo
1418 2142 1500 2171 fuerit
1511 2143 1657 2179 vulnerata,

916 2179 1063 2208 naturalem
1075 2178 1261 2209 crudelitatem
1280 2181 1338 2220 ejus
1351 2152 1472 2220 duplicat
1487 2182 1526 2210 ira
1543 2182 1655 2218 doloris,

916 2224 942 2247 et
952 2218 1029 2256 quasi
1042 2228 1109 2248 caeca
1117 2219 1217 2255 furore,
1226 2219 1283 2259 jam
1296 2230 1347 2248 uon
1358 2220 1453 2260 aspicit
1461 2221 1656 2257 vulnerantem,

917 2256 965 2286 sed
987 2257 1149 2297 quicumque
1179 2265 1241 2288 ante
1263 2259 1354 2288 oculos
1378 2261 1401 2288 ei
1428 2260 1582 2295 occurrerit,
1602 2260 1658 2288 sive

918 2296 1010 2334 homo,
1024 2296 1081 2327 sive
1098 2298 1212 2327 alterum
1226 2298 1337 2334 animal,
1353 2299 1429 2336 quasi
1448 2305 1582 2327 auctorem
1597 2298 1659 2327 vul-

918 2336 990 2366 neris
1012 2337 1055 2366 sui
1075 2336 1188 2366 dilaniat
1209 2350 1215 2366 :
1237 2337 1275 2366 sic
1295 2344 1321 2366 et
1340 2337 1385 2366 ille
1400 2337 1510 2366 delusus
1529 2348 1543 2365 a
1563 2336 1658 2374 magis,

919 2374 987 2405 iram
1008 2386 1084 2405 suam
1106 2387 1187 2416 super
1208 2376 1336 2415 parvulos
1360 2375 1522 2404 effundebat.
1548 2375 1660 2405 Dicebat

918 2415 990 2444 enim
1011 2416 1130 2453 cogitans
1149 2416 1175 2444 in
1191 2416 1281 2444 surore
1298 2426 1304 2441 ε
1319 2416 1397 2444 Certe
1415 2414 1486 2452 magi
1504 2414 1662 2444 invenerunt

919 2465 1032 2494 puerum
1046 2455 1136 2492 illum,
1148 2465 1228 2491 quem
1245 2461 1416 2492 regnaturum
1431 2452 1566 2490 dicebant,
1581 2459 1607 2482 et
1616 2461 1662 2482 aut

920 2504 1017 2523 aurum
1037 2501 1196 2534 acceperunt
1216 2504 1230 2521 a
1253 2492 1406 2531 parentibus
1428 2493 1496 2532 ejus,
1512 2499 1557 2521 aut
1580 2492 1662 2531 largis
