1890 2826
648 185 806 211 SYNOPsls
833 188 1020 212 SCMPTURAE
1052 188 1163 213 SACRAE
1169 205 1176 213 .

131 246 174 277 τὸν
186 247 299 286 πόλεμον
314 248 358 277 τὸν
373 247 441 277 κατὰ
455 251 500 278 τοῦ
515 248 605 278 Δαυίδ.
625 244 691 278 Εἶτα
702 251 715 278 ὁ
730 250 777 288 μὲν
793 250 897 289 ἠρώτα,

131 293 174 323 διὰ
185 294 214 323 τί
224 293 262 332 μὴ
280 294 407 334 ἐπορεύθη
423 297 481 334 μετ’
495 297 583 324 αὐτοῦ.
596 295 630 325 Ὁ
643 295 669 324 δὲ
692 296 740 335 ἔφη
756 295 898 331 ἠξιωκέναι

130 339 175 369 τὸν
189 339 259 369 Σιὸὰ
277 340 322 370 τὸν
335 340 439 376 οἰκέτην
462 342 542 370 αὐτοῦ
556 341 624 370 ὥστε
640 342 795 371 ἐπιέιὸοίσαι
821 342 898 371 αὐτὸν

130 386 261 426 ὑποζυγίῳ
273 386 336 423 (καὶ
348 387 401 427 γὰρ
409 382 441 423 ἦν
452 387 538 428 χωλὸς
548 390 562 417 ὁ
574 388 739 428 Μεμφιὸαὰλ
748 391 769 424 ),
782 388 819 427 μὴ
833 390 899 418 ἀνα-

131 431 241 471 σχέσθαι
253 431 281 461 δὲ
292 433 399 462 ἐκεῖνον.
411 432 481 462 Τότε
502 433 602 463 κελεύει
622 433 700 463 αὐτὸν
714 434 758 463 καὶ
770 434 814 463 τὸν
829 434 900 464 Σιὸὰ

130 478 260 508 διελέσθαι
273 479 318 508 τὸν
331 479 421 519 ἀγρόν.
437 479 490 509 Καὶ
508 480 551 509 τὸν
572 480 710 520 Βερζελλὶ,
725 481 751 513 ὃς
765 481 899 521 ἐχορήγη-

131 537 175 554 σεν
189 526 260 564 αὖτιῖι
269 524 356 554 πολλὰ
375 528 420 555 τοῦ
431 526 547 563 πολέμου
563 530 739 562 συνεστῶτος,
753 527 802 557 ᾱὸν
822 527 900 558 ἐδού-

130 572 191 600 λετο
214 571 273 609 μεθ’
286 572 379 601 ἑαυτοῦ
397 572 497 602 λαθεῖν.
511 572 546 603 Ὁ
560 573 588 602 δὲ
609 573 786 613 παρῃτήσατο
806 573 850 603 διὰ
870 573 901 603 τὸ

642 621 650 630 ⁷
683 622 700 629 a.

129 618 222 656 γ’ἥρας.
249 617 304 647 Καὶ
329 618 460 656 λαμὸάνει
474 618 517 647 τὸν
538 619 593 648 υἱὸν
621 631 700 649 αυτου

732 622 740 632 s
775 622 782 632 υ
831 621 839 631 s

726 632 774 649 αντ
811 622 900 649 αυτοῦ.

1617 185 1680 227 411

950 249 1003 289 ipsi
1018 250 1226 288 ministraverat,
1242 262 1331 282 secum
1354 253 1486 283 adducere
1509 254 1625 284 volebat.
1638 256 1690 285 1110

950 306 1014 324 vero
1034 297 1166 327 recusavit
1184 298 1220 327 ob
1239 305 1398 328 senectutem
1415 306 1463 328 :et
1474 310 1563 329 secum
1588 302 1688 342 accepit

949 351 997 370 rex
1011 341 1098 371 filium
1118 342 1205 382 ipsius
1218 344 1286 373 loco.
1299 345 1378 374 Tunc
1390 344 1523 374 scinditur
1543 347 1686 383 exercitus,

950 397 1064 425 parsque
1077 388 1169 418 Sabea:
1189 399 1217 418 se
1236 389 1322 419 dedit.
1337 390 1476 429 Mittitque
1489 391 1579 420 David
1593 394 1688 422 Ames-

950 444 1007 463 sam
1021 435 1068 473 qui
1087 435 1203 466 debellet
1214 447 1276 467 eum
1292 449 1300 466 z
1316 437 1385 468 Joab
1398 448 1462 467 vero
1476 440 1613 468 Amessam
1627 439 1690 469 dolo

950 480 1060 518 occidit,
1069 482 1215 521 urbemque
1225 483 1253 511 in
1266 494 1347 522 quam
1359 484 1512 523 confugerat
1522 485 1607 514 Sabee
1616 486 1691 515 obse-

950 525 1003 555 dit.
1018 527 1072 563 Qui
1095 527 1123 556 in
1138 528 1245 558 civitate
1257 536 1342 566 erant,
1358 529 1485 559 suadente
1504 530 1626 567 muliere,
1641 532 1690 560 ab—

951 572 1065 602 scissum
1079 581 1161 614 caput
1172 575 1257 604 Sabee
1267 576 1353 605 Joabo
1363 586 1397 605 ex
1410 586 1489 605 muro
1499 578 1666 616 projecerunt
1684 591 1689 606 z

952 627 1032 659 atque
1045 621 1080 650 ita
1091 621 1164 650 bello
1178 621 1283 652 liberati
1295 630 1366 652 sunt.
1383 624 1478 653 Fames
1489 624 1516 652 in
1529 632 1598 654 terra
1611 624 1692 655 adve-

130 663 200 692 Τότε
217 663 336 703 σχίζεται
348 665 378 693 τὸ
397 666 583 704 στρατόπεδον,
598 666 642 694 καὶ
664 666 848 706 προστίθενται
861 668 942 706 τῷω
952 666 992 695 nit
1005 679 1012 695 :
1025 666 1061 696 ad
1071 677 1152 706 quam
1163 667 1361 707 profligandam
1371 679 1475 699 necesse
1486 677 1542 699 erat
1552 671 1691 710 quospiam

131 709 228 739 Σαὸεέ.
244 710 297 739 Καὶ
311 710 442 749 ἐκπέμπει
453 711 538 741 Δαυὶδ
556 711 600 740 τὸν
615 711 730 750 Ἀμεσσᾶ
749 713 901 751 πολεμῆσαι
915 714 937 738 Α
952 723 986 742 ex
999 713 1090 743 Saiilis
1103 713 1230 754 progenie
1242 713 1312 743 tradi
1326 715 1496 745 Gabaonitis.
1509 717 1588 745 Tunc
1601 719 1691 746 Mem—

132 756 203 794 αὐτῷ
213 766 220 773 ·
234 757 248 784 ὁ
272 755 299 784 δὲ
313 755 394 786 Ἰωὰὸ
413 759 514 797 ἀναιρεῖ
536 757 585 796 μὲν
608 757 652 786 τὸν
673 758 790 796 Ἄμεσσᾶ
811 757 880 798 δόλῳ
891 780 899 793 ,

131 802 266 841 πολιορκεῖ
279 801 307 831 δὲ
321 802 370 837 τὴν
388 803 465 832 πόλιν
480 805 516 836 εἷς
541 803 574 838 ἢν
601 803 746 844 κατέφυγεν
768 806 782 833 ὁ
802 803 900 834 Σαὸεέ.

132 848 168 877 Οἱ
182 847 209 876 δὲ
222 848 250 876 ἐν
258 849 291 887 τῇ
303 848 378 877 πόλει
386 871 393 884 ,
405 849 527 888 γυναικὸς
538 850 786 888 συμὸουλευσάοης,
802 851 901 880 ἀποτε-

133 894 226 932 μόντες
237 896 283 923 τοῦ
297 894 384 924 Σαὸεὲ
394 894 442 930 τὴν
457 896 584 935 κεφαλὴν,
596 896 704 936 ἔρῤιψαν
717 896 770 926 ἀπὸ
784 898 831 925 τοῦ
846 896 902 926 τεί-

131 950 195 979 χους
207 940 246 979 τῷ
256 939 352 976 Ἰωὰὸ,
362 941 407 970 καὶ
421 940 503 975 οὕτως
514 943 708 981 ἀπηλλάγησαν
717 945 762 971 τοῦ
774 942 901 981 πολέμου.

133 984 217 1023 Λιμὸς
228 986 431 1024 καταλαμβάνει
442 986 491 1022 τὴν
507 990 557 1026 γῆν
567 999 573 1005 ·
587 987 661 1021 λύσις
675 988 702 1017 δὲ
717 984 748 1024 ἦν
763 990 808 1017 τοῦ
822 989 901 1027 λιμοῦ

132 1031 163 1060 τὸ
173 1031 246 1065 τινὰς
255 1033 308 1061 τῶν
328 1035 374 1062 τοῦ
388 1033 477 1062 Σαοὺλ
490 1035 628 1069 ἐκδοθῆναι
642 1038 696 1067 τοῖς
712 1034 902 1068 Γαὸαωνίταις.

133 1077 187 1106 Καὶ
199 1077 244 1106 τὸν
258 1078 424 1118 Μεμφιόαὰλ
434 1083 610 1118 περιποιεῖται
621 1082 634 1108 ὃ
649 1080 743 1114 Δαυὶδ,
752 1079 796 1108 διὰ
805 1083 850 1110 τοῦ
862 1080 902 1120 ὅρ-

133 1134 180 1152 κου
197 1126 243 1152 τοῦ
257 1124 322 1163 πρὸς
336 1123 470 1154 Ἰωνάθαν.
487 1125 630 1155 *Εκδίδωσι
643 1126 670 1155 δὲ
685 1125 744 1159 τοὺς
753 1129 799 1156 τοῦ
813 1125 904 1156 Σαοὺλ

129 1169 199 1204 υἱοὺς
211 1169 256 1199 καὶ
267 1169 387 1208 ἐκγόνους
397 1192 404 1206 ,
415 1170 460 1200 καὶ
474 1171 567 1200 θάπτει
577 1171 621 1199 τὸν
636 1171 724 1201 Σαοὺλ
735 1172 780 1201 καὶ
793 1173 836 1202 τὸν
844 1172 903 1202 Ἰω-

133 1214 213 1244 νάθαν
220 1217 246 1244 ἐν
258 1217 296 1255 τῷ
303 1215 378 1255 τάφῳ
390 1215 462 1248 Κείς.
474 1216 711 1246 Γίνονταιένταῧθα
718 1217 839 1256 πόλεμοι.
849 1217 903 1247 Καὶ

951 759 1110 798 phibaalum
1122 766 1262 790 conservat
1274 760 1378 797 David,
1391 761 1428 790 ob
1443 761 1625 801 juramentum
1643 765 1694 794 Jo-

951 804 1067 834 nathano
1078 805 1239 845 praestitum.
1254 805 1352 835 Tradit
1371 813 1461 836 autem
1474 807 1564 837 Saiilis
1586 809 1655 838 filios
1669 817 1694 838 et

951 859 1070 892 nepotes,
1077 852 1225 892 sepelitque
1231 853 1265 883 Sa
1269 852 1340 882 iilem
1346 860 1372 882 et
1380 854 1562 884 Jonathanum
1571 855 1598 883 in
1608 856 1695 895 sepul-

951 907 998 927 cro
1017 897 1072 928 Cis.
1086 898 1163 927 Bella
1186 905 1340 928 moventur.
1356 898 1490 928 Davidem
1512 900 1640 930 cohibent
1653 902 1695 931 sui

951 954 985 973 ne
994 949 1080 981 exeat,
1089 954 1123 973 ne
1132 944 1202 974 forte
1209 944 1387 984 periclitetur.
1397 945 1475 975 Tunc
1485 945 1552 975 dicit
1561 946 1696 976 decimum

952 990 1095 1029 septimum
1107 991 1256 1020 psalmum.
1271 992 1452 1020 Recensentur
1464 993 1543 1022 fortia
1554 995 1696 1033 praeclara·

953 1047 1006 1075 que
1019 1043 1091 1076 gesta
1105 1036 1208 1066 ducum
1219 1036 1346 1068 Davidis.
1356 1038 1374 1068 J
1376 1037 1472 1068 ubetur
1483 1040 1552 1069 Joah
1563 1041 1695 1080 populum

953 1093 1119 1119 enumerare,
1133 1089 1324 1122 enumeratque
1339 1095 1345 1112 ε
1361 1091 1388 1114 et
1410 1091 1485 1114 erant
1507 1086 1613 1117 Israelis
1631 1097 1697 1116 non—

954 1136 1029 1169 genta
1054 1129 1152 1166 millia,
1165 1136 1191 1159 et
1210 1129 1291 1159 Judae
1307 1129 1501 1170 quadringenta
1514 1131 1601 1160 millia
1609 1132 1696 1162 homi—

952 1185 1034 1212 num,
1049 1175 1171 1204 omnium
1184 1175 1358 1205 bellatorum.
1374 1176 1452 1212 Tunc
1466 1177 1541 1206 venit
1560 1178 1622 1207 Gad
1634 1189 1697 1217 pro-

952 1220 1033 1260 pheta
1055 1220 1192 1261 optionem
1212 1220 1254 1249 illi
1279 1220 1346 1250 dans
1371 1231 1406 1250 ex
1429 1222 1516 1251 tribus
1536 1223 1696 1258 ultionibus,

133 1260 263 1290 κωλύουσι
271 1261 408 1291 τὸνΔαυὶδ
416 1261 537 1298 ἐξελθεῖν,
551 1262 652 1300 μήποτε
662 1263 903 1303 κινδυνεύσῃ.Τότε
918 1268 936 1291 B
953 1277 1033 1305 quam
1045 1266 1137 1296 subire
1147 1266 1250 1303 mallet,
1265 1276 1298 1295 an
1310 1273 1364 1296 tres
1374 1277 1458 1297 annos
1470 1268 1560 1304 famis,
1572 1279 1605 1297 an
1615 1269 1700 1298 trium

133 1307 205 1346 λέγει
231 1307 275 1336 τὸν
298 1308 522 1337 ἑπτακαιδέκατον
545 1309 659 1348 ψαλμόν.
684 1309 833 1349 Καταλέγει
855 1310 911 1344 τὰς·

133 1353 266 1392 ἀριστείας
277 1353 322 1383 καὶ
340 1353 374 1382 τὰ
397 1354 621 1393 ἀνδραγαθήματα
635 1356 686 1383 τῶν
707 1354 842 1395 ἀρχόντων
855 1358 901 1385 τοῦ

133 1399 225 1429 Δαυίδ.
255 1400 398 1429 Κελεύεται
413 1399 493 1429 Ἰωὰὸ
518 1401 663 1440 ἀριθμῆσαι
689 1402 734 1430 τὸν
757 1401 832 1437 λαὸν,
857 1401 902 1430 καὶ

132 1448 237 1485 ἀριθμεῖ
247 1458 253 1464 ·
276 1446 322 1475 καὶ
344 1441 376 1482 ἦν
398 1445 507 1485 Ἰσραὴλ
530 1446 679 1476 ἐννακόσιαι
701 1447 834 1487 χιλιάδες,
856 1447 901 1477 καὶ

133 1491 219 1521 Ἰούδα
229 1492 397 1531 τετρακόσιαι
406 1492 535 1532 χιλιάδες,
548 1492 643 1526 πάντες
654 1493 822 1532 πολεμισταί.
832 1494 902 1524 Τότε

132 1537 239 1577 ἔρχεται
252 1539 309 1568 Γὰδ
321 1541 335 1568 ὁ
347 1538 501 1578 προφήτης,
511 1538 610 1577 αἵρεσιν
626 1541 697 1579 αὐτῷ
719 1539 804 1572 διδοὺς
822 1542 902 1579 τριῶν

133 1586 276 1623 τιμωριῶν,
289 1585 321 1619 ἣν
338 1584 458 1623 βούλοιτο
471 1586 633 1620 ὑποστῆναι,
649 1585 666 1619 ἢ
680 1586 741 1624 τρία
754 1585 800 1620 ἔτη
812 1585 901 1623 λιμὸν,

134 1629 151 1664 ἢ
165 1634 237 1668 τρεῖς
257 1630 359 1669 ἡμέρας
377 1634 467 1669 φυγεῖν
487 1630 659 1668 ἐπικειμένων
679 1632 789 1670 ἐχθρῶν,
801 1630 819 1666 ἢ
833 1636 904 1670 τρεῖς

134 1676 235 1715 ἡμέρας
247 1675 367 1705 θάνατον.
382 1676 416 1704 Ὁ
430 1675 457 1705 δὲ
474 1675 521 1708 τὰς
536 1680 605 1715 τρεῖς
617 1676 718 1715 ἡμέρας
731 1679 777 1705 τοῦ
792 1677 903 1706 θανάτου

134 1720 219 1750 εἵλετο
228 1743 236 1757 ,
247 1721 293 1750 καὶ
306 1721 434 1754 ἀπέθανον
447 1721 500 1750 ἀπὸ
513 1721 583 1760 πρωῒ
603 1721 652 1754 ἕως
666 1722 773 1761 ἀρίστου
786 1722 904 1760 ἑὸδομῆ-

952 1312 1059 1341 dierum
1082 1313 1174 1352 fugam
1197 1312 1361 1342 instantibus
1375 1313 1509 1351 hostibus,
1522 1324 1555 1343 an
1569 1321 1623 1344 tres
1642 1314 1699 1344 dies

952 1358 1082 1388 mortiferi
1093 1358 1192 1387 morbi.
1206 1358 1258 1388 Ille
1270 1369 1336 1388 vero
1346 1365 1400 1388 tres
1413 1359 1471 1389 dies
1485 1361 1616 1390 mortiferi
1629 1371 1700 1390 mor-

951 1404 981 1434 bi
999 1404 1178 1444 praeoptavit‚
1189 1404 1344 1443 mortuique
1357 1412 1420 1434 sunt
1433 1417 1448 1435 a
1462 1406 1594 1435 matutino
1614 1417 1699 1445 usque

953 1449 989 1479 ad
1010 1449 1117 1489 prandii
1145 1456 1250 1489 tempus
1274 1451 1440 1491 septuaginta
1467 1451 1542 1481 mille
1566 1452 1697 1482 homines.

952 1497 1030 1525 Tunc
1051 1495 1142 1526 David
1160 1494 1233 1524 dixit
1253 1507 1260 1524 ι
1282 1497 1360 1525 Ecce
1381 1507 1433 1536 ego
1453 1500 1583 1536 peccavi,
1598 1505 1626 1527 et
1648 1509 1699 1538 ego

952 1547 1055 1581 pastor
1065 1543 1166 1580 inique
1176 1543 1222 1581 egi
1231 1553 1242 1570 .-
1254 1543 1285 1571 lu·
1299 1545 1351 1581 qui
1360 1553 1432 1583 grex
1445 1550 1524 1579 sunt,
1536 1544 1610 1583 quid
1614 1545 1698 1584 sece—
1746 1554 1749 1559 ·

955 1593 1025 1616 runt
1036 1591 1050 1616 Ρ
1063 1589 1134 1617 Fiat
1148 1597 1252 1616 manus
1264 1594 1315 1617 tua
1329 1591 1360 1617 in
1372 1599 1418 1617 me
1433 1596 1461 1618 et
1474 1591 1506 1618 in
1519 1590 1636 1618 domum
1646 1601 1697 1628 pa-

956 1635 1008 1663 tris
1022 1635 1088 1662 mei.
1099 1633 1220 1662 Cessavit
1232 1633 1349 1673 punitio,
1360 1641 1386 1663 et
1395 1634 1508 1674 jubetur
1523 1635 1610 1664 David
1626 1646 1697 1664 aram

955 1678 1056 1718 erigere
1069 1679 1096 1707 in
1116 1689 1176 1707 area
1189 1679 1292 1713 Orniae,
1306 1686 1332 1708 et
1345 1679 1384 1707 ibi
1401 1680 1567 1717 sacrificare,
1582 1681 1611 1710 id
1625 1681 1699 1719 quod

955 1724 1003 1753 ille
1015 1724 1087 1753 fecit.
1102 1725 1183 1754 (huia
1195 1724 1270 1753 filius
1282 1724 1372 1753 David
1386 1725 1511 1755 convivio
1523 1727 1623 1766 excipit
1636 1729 1699 1757 Joa-

135 1778 215 1796 κοντα
230 1766 357 1806 χιλιάδες.
373 1767 443 1796 Τότε
460 1766 532 1805 λέγει
546 1767 629 1796 Δαυίδ
638 1779 644 1784 ·
662 1766 728 1796 Ἰδοὺ
745 1767 798 1806 ἐγὼ
814 1767 903 1807 ἥμαρ-
919 1778 938 1802 c
956 1769 1022 1798 bum
1033 1776 1059 1799 et
1070 1769 1254 1807 Abiatharem,
1269 1770 1346 1808 quasi
1360 1777 1528 1810 regnaturus.
1544 1772 1699 1811 Ingreditur

90 1846 93 1847 ⁷
135 1825 190 1849 τον,
216 1813 262 1842 καὶ
282 1812 335 1851 ἐγὼ
357 1815 371 1841 ὃ
395 1813 495 1851 ποιμὴν
518 1813 714 1848 ἐκακοποίησα,
727 1813 772 1842 καὶ
786 1809 856 1842 οὗτοι
874 1814 904 1843 τὸ

136 1859 256 1898 ποίμνιον
266 1858 292 1887 τί
305 1858 446 1895 ἑποίησαν;
456 1859 576 1888 Γενέσθω
590 1861 607 1894 ἡ
622 1859 682 1898 χεὶρ
693 1860 720 1888 ἐν
731 1859 805 1897 ἐμοὶ,
819 1860 863 1889 καὶ
877 1860 904 1889 ἐν

135 1907 174 1944 τῷ
186 1905 251 1944 οἴκῳ
264 1907 309 1934 τοῦ
323 1904 422 1944 πατρός
436 1915 495 1943 μου.
513 1904 666 1934 Ἐπαῦσατο
680 1907 697 1940 ἡ
714 1905 839 1944 τιμωρία.
852 1905 904 1934 Καὶ

136 1950 271 1980 κελεύεται
282 1953 296 1980 ὁ
310 1950 394 1979 Δαυὶδ
407 1952 485 1980 θῦσαι
496 1953 505 1986 (
516 1951 537 1979 l.
552 1952 662 1987 στῆσαι)
677 1951 862 1990 θυσιαστήριον
878 1953 904 1980 ἐν

137 2000 169 2036 τῇ
184 1997 240 2036 ἅλῳ
250 2000 261 2013 “
270 1996 376 2036 Ὀρνία,
387 1996 432 2027 καὶ
444 1999 534 2026 θῦσαι·
547 1996 591 2026 καὶ
603 1997 724 2032 ἐποίησεν
738 1997 828 2030 οὕτως.
841 1997 903 2037 Ὀρ-

170 2104 183 2122 ‘¹
200 2101 230 2129 ὃν
242 2102 284 2128 hie
294 2111 504 2135 supervacaneum
517 2109 562 2128 est.

170 2150 180 2161 ⁸
199 2141 260 2177 ὁρνά
272 2141 361 2175 tegitur
371 2143 397 2167 in
407 2141 476 2168 Edit.
489 2141 720 2167 Romana.·lt›idem
730 2145 767 2168 καὶ
779 2145 850 2173 θῦσαι,
856 2144 895 2167 καὶ

138 2185 238 2211 ἐποίησιν
249 2184 327 2210 οὕτως.
339 2182 396 2206 an
413 2189 491 2213 porro
501 2179 594 2206 desinit.
603 2179 691 2206 Codex
703 2179 892 2213 Lugdunensis,

138 2221 181 2254 qui
200 2219 259 2245 libri
274 2220 343 2244 tertii
363 2219 461 2244 initium
477 2220 513 2244 sic
535 2218 607 2244 ducit
623 2231 628 2245 ς
649 2218 746 2248 Ᾰδωνίας
765 2222 809 2247 υἱὸς
827 2220 893 2244 Δαυὶδ

138 2263 215 2286 ἱστιῶν
234 2262 286 2288 τοῦς
302 2262 354 2293 περὶ
370 2257 437 2289 indue,
450 2263 499 2282 etc.
520 2258 578 2283 Mox
595 2256 676 2293 ὀρνῑας
695 2262 739 2286 nvn
758 2259 840 2287 Δαυίδ,
857 2257 893 2281 sic

137 2297 242 2324 coislin.
249 2297 425 2330 Antiquissima
432 2296 507 2321 lectio
516 2301 554 2321 est
560 2295 649 2332 ὸρνίας.
655 2296 778 2321 Helu-alce
788 2300 891 2327 ,Ἲῃ-ςκ,

138 2341 208 2367 Lxx
224 2340 348 2366 Editionis
366 2340 487 2365 Romanae
501 2338 605 2370 Σιδωνίας,
619 2339 664 2365 sed
683 2339 757 2364 lectio
768 2337 848 2373 ὀρνέοις
867 2337 893 2362 in

138 2380 310 2406 vetustissimis
321 2378 504 2412 exemplaribus
522 2378 637 2411 habetur,
650 2384 675 2403 et
693 2380 727 2403 sic
740 2377 800 2410 legit
809 2377 894 2402 'rhoo-

138 2419 392 2451 doretusoerocopius
403 2418 439 2442 ait
455 2420 569 2450 διώνυμον,
578 2417 736 2443 binominem.
744 2415 817 2441 fuisse
825 2414 894 2441 Ado-

140 2459 314 2484 ninm.Verum
322 2466 351 2482 ex
363 2455 525 2482 similitudine
535 2456 663 2481 literarum
681 2460 701 2485 Ἷ
713 2460 738 2479 et
751 2461 770 2486 Ἶ
788 2454 892 2487 factum,

141 2507 169 2526 ιιι
186 2500 263 2526 modo
280 2500 401 2531 Adonias,
417 2498 494 2524 modo
511 2499 602 2524 Ornias
619 2497 732 2531 dicatur„
745 2497 814 2531 quod
834 2497 892 2522 alibi

141 2549 203 2573 saepe
220 2539 375 2566 observatur.
394 2541 458 2564 Nam
472 2537 541 2571 quod
561 2543 657 2570 spectat
671 2536 704 2562 ad
716 2537 895 2562 commutatio-

142 2588 198 2605 nem
215 2578 338 2605 vocalium
351 2580 379 2609 A,
393 2583 418 2602 et
430 2578 464 2608 0,
473 2585 501 2602 ea
520 2586 565 2609 pro
577 2576 654 2602 nihilo
666 2575 707 2602 hic
719 2575 835 2603 habenda
847 2582 893 2607 est,

955 1815 1096 1852 Bersabee,
1110 1815 1260 1844 secundum
1272 1816 1415 1845 consilium
1429 1817 1535 1846 Nathan
1549 1818 1698 1858 prophetae‚

955 1868 982 1890 et
998 1860 1029 1890 id
1053 1861 1194 1890 annuntiat
1215 1861 1313 1891 Davidi
1325 1874 1332 1898 ;
1346 1862 1471 1900 loquente
1495 1863 1543 1892 illa
1565 1863 1701 1903 ingressus

956 1913 996 1936 est
1008 1906 1132 1942 Nathan;
1148 1906 1177 1935 id
1200 1906 1378 1936 moliebantur
1402 1908 1504 1937 scilicet
1527 1916 1556 1937 ut
1574 1909 1701 1939 Salomon

1710 1514 1732 1528 2.
1745 1506 1802 1535 leeg.
1813 1508 1852 1535 ²4·

956 1959 1088 1992 regnaret.
1100 1952 1207 1992 Egressi
1217 1959 1280 1982 sunt
1293 1953 1418 1993 imposito
1431 1964 1512 1993 supra
1526 1955 1625 1993 regiam
1639 1966 1699 1984 mu·
1730 1953 1732 1955 “

955 1998 1010 2028 lam
1028 1998 1178 2028 Salomone.
1195 1999 1274 2028 Tunc
1289 1999 1395 2028 Nathan
1409 2000 1538 2039 propheta
1551 2007 1577 2029 et
1591 2001 1699 2031 Sadduc

943 2108 972 2128 ut
991 2102 1051 2128 alibi
1070 2102 1183 2136 pluribus
1202 2110 1240 2128 est.
1260 2110 1495 2130 commonstratum.
1518 2106 1548 2129 ln
1565 2105 1698 2138 exemplari

942 2141 1125 2176 Chrysostomi,
1139 2148 1168 2166 ut.
1183 2141 1271 2175 liquet,
1283 2142 1336 2167 haec
1348 2151 1408 2175 >quae
1424 2142 1526 2168 Adoniae
1545 2145 1596 2168 sive
1615 2144 1699 2169 ornias

942 2181 1084 2206 convivium
1096 2187 1219 2214 spectant,
1230 2190 1329 2207 necnon
1339 2187 1421 2206 totum
1433 2188 1509 2214 caput
1520 2183 1629 2214 primum
1640 2182 1697 2207 libri

942 2220 1010 2245 tertii
1028 2220 1123 2253 Regum
1141 2225 1167 2245 et
1184 2228 1242 2253 pars
1259 2219 1363 2245 secundi
1380 2221 1479 2252 capitis,
1498 2220 1608 2246 secundo
1632 2221 1709 2249 libross

941 2257 1060 2291 adjuncta
1076 2257 1183 2290 fuerant,
1203 2257 1272 2291 quod
1290 2259 1315 2283 in
1335 2257 1421 2283 multis
1437 2258 1619 2291 exemplaribus
1638 2266 1697 2284 tunc

941 2296 1130 2328 observabatur,
1140 2303 1166 2322 et
1174 2298 1324 2322 nominatim
1337 2298 1362 2322 in
1371 2296 1509 2329 exemplari
1516 2297 1622 2322 Diodori
1633 2299 1696 2322 Tar-

941 2337 1030 2367 sensis,
1041 2336 1084 2369 qui
1099 2335 1276 2369 Chrysostomi
1291 2336 1371 2361 nostri
1388 2341 1527 2368 praeceptor
1543 2335 1606 2367 fuit3
1620 2342 1647 2361 ut
1659 2338 1697 2361 vi-

941 2373 1000 2400 dere
1018 2380 1056 2400 est
1073 2375 1099 2400 in
1115 2381 1175 2399 nota
1188 2374 1320 2407 cujusdam
1330 2373 1430 2399 Codicis
1441 2375 1524 2407 Regii,
1539 2380 1565 2399 et.
1583 2376 1607 2399 in
1619 2374 1697 2400 altera

940 2413 1041 2439 Codicis
1056 2413 1214 2443 Coisliniani‚
1232 2422 1293 2446 quas
1311 2413 1337 2437 in
1357 2411 1474 2444 Eexaplis
1495 2411 1627 2438 edidimus.
1650 2414 1698 2439 Po-

941 2458 1043 2482 strema,
1057 2461 1112 2485 quae
1129 2451 1225 2484 plenior
1236 2457 1288 2481 est,
1302 2451 1337 2475 sic
1355 2449 1431 2475 habet
1445 2462 1450 2475 ι
1465 2454 1487 2476 ἐν
1507 2458 1538 2483 τῷ
1555 2453 1644 2484 ἑξαπλῴ
1661 2457 1697 2479 καὶ

941 2497 988 2520 τοῖς
999 2494 1162 2525 ἀκριέεστέροις
1173 2497 1217 2516 τῶν
1228 2494 1369 2524 ἀντιγράφων
1380 2493 1393 2517 ἡ
1409 2492 1451 2521 μὲν
1473 2491 1566 2523 δευτέρα
1579 2497 1622 2515 τῶν
1634 2498 1698 2517 Βασι-

944 2533 1007 2557 λιιῶν
1020 2533 1147 2565 πληροῦται
1159 2533 1181 2555 ἐν
1194 2535 1223 2562 τῇ
1237 2532 1296 2554 κατὰ
1313 2532 1354 2557 τὴν
1366 2531 1455 2561 olvatum-a
1467 2532 1507 2553 τοῦ
1525 2531 1579 2553 λαοῦ
1591 2531 1696 2562 διηγήσει,

944 2572 981 2595 καὶ
990 2575 1019 2603 τῇ
1026 2575 1066 2598 τῆς
1078 2571 1124 2595 ἅλω
1137 2572 1176 2594 τοῦ
1187 2566 1248 2599 ‹Bp-ae}
1260 2569 1383 2599 διαπρέπει.
1394 2569 1408 2594 ἠ
1418 2568 1440 2591 δὲ
1453 2571 1518 2599 τρίτη
1527 2575 1570 2592 τῶν
1584 2572 1698 2594 Batulum
