1890 2826
251 171 322 218 450

251 245 288 275 Et
300 245 323 274 si
337 245 438 274 malum
457 244 577 280 fecerint,
591 254 645 274 non
664 244 759 274 faciam
779 254 829 284 ego
848 244 919 273 bona
932 255 991 283 quae

251 291 380 330 loquutus
398 301 459 320 sum
473 297 503 320 ut
523 291 637 320 facerem
649 290 715 320 illis.
731 291 789 321 Hoc
800 297 889 320 autem
912 297 994 330 caput

250 345 344 367 contra
355 337 466 368 Judaeos
485 337 551 367 utile
568 337 636 373 erit,
651 347 713 367 cum
725 336 826 374 dicent,
841 337 991 367 Dominum

249 384 316 424 ipsis
328 385 398 414 bona
409 383 563 424 promisisse
574 395 581 418 ;
596 394 659 413 cum
677 383 750 412 enim
763 393 815 413 non
829 382 993 413 crediderint

249 431 367 460 Domino
389 437 479 460 nostro
502 431 567 461 Jesu
590 430 710 467 Christo,
724 430 777 471 ipsi
800 430 854 460 sibi
877 430 942 470 ipsis
963 430 991 459 in

249 487 329 506 causa
342 477 416 506 suere
437 476 609 516 praesentium
629 475 770 506 malorum.
784 476 900 506 Insidias
913 476 965 506 sibi
976 487 991 506 a

248 524 266 553 J
268 522 351 552 udaeis
362 521 494 562 parandas
505 522 636 562 propheta
646 521 779 563 praedicit,
789 529 816 552 et
828 529 919 552 oontra
929 523 991 552 illos

192 596 194 598 ,
249 575 382 608 precatur,
395 567 522 606 quoniam
536 568 607 598 mala
627 578 678 608 pro
699 568 777 598 bonis
795 569 988 598 retribuerunt.

247 615 364 644 Jubetur
372 614 513 651 Jeremias,
524 621 631 655 accepta
644 615 790 655 laguncula
802 615 908 655 figlina,
920 615 991 644 mala

247 661 343 700 populi
352 660 519 698 testificatus,
528 659 701 701 lagunculam
711 668 847 691 conterere
857 668 917 691 ante
927 671 987 691 ocu-

247 707 288 736 los
309 718 413 744 eorum,
428 713 454 736 et
466 706 556 737 dicere
571 719 580 737 ε
599 707 645 737 Sic
663 714 815 737 conteretur
827 707 988 738 Jerusalem.

247 754 283 783 Et
304 753 440 793 conjectus
460 763 476 784 a
494 753 627 783 Paschore
647 754 676 784 in
698 764 827 790 nervum,
849 753 990 794 prophetat

246 800 373 829 Paschori
385 799 455 829 mala
465 810 526 839 quae
538 800 627 840 ipsum
638 806 782 840 exceptura
793 807 877 829 erant.
885 799 990 830 Deinde

245 856 315 886 aegre
327 846 379 875 fert
394 856 440 876 eos
460 846 508 885 qui
532 846 623 886 ipsum
645 845 797 883 traducunt,
813 853 991 886 precaturque

245 891 375 922 adversus
386 892 460 927 illos,
475 891 663 931 maledicitque
685 891 740 922 diei
755 903 820 922 suae.
836 892 922 922 Mittit
941 893 989 923 Se-

245 938 335 968 decias
348 949 409 974 rex,
425 946 455 967 ut
472 938 557 968 discat
570 949 586 968 a
598 938 713 969 Jeremia
731 949 798 968 num
818 938 990 969 abscessurus

244 997 260 1015 a
273 996 301 1015 se
323 986 358 1015 sit
381 985 640 1016 Nabuchodonosor.
665 985 726 1024 Ille,
740 995 805 1016 vero
829 986 988 1026 respondet,

244 1034 332 1062 Deum
351 1033 516 1063 bellaturum
539 1044 597 1063 esse
618 1040 711 1063 contra
731 1033 840 1064 Judaeos
854 1041 880 1064 et
899 1042 989 1065 contra

245 1089 334 1119 regem
344 1079 492 1109 Sedeciam.
500 1079 530 1109 Si
542 1086 631 1109 autem
643 1080 760 1110 voluerit
770 1081 890 1120 populus
902 1081 989 1111 libens

244 1126 358 1155 transire
382 1125 419 1155 ad
440 1125 749 1163 Nabuchodonosorem,
764 1126 854 1166 ipsum
875 1126 988 1157 salutem

244 1179 490 1210 consequuturum‚
506 1182 648 1210 regemque
669 1182 722 1201 non
742 1172 894 1212 periturum
919 1184 987 1210 esse,

244 1218 267 1247 si
279 1229 295 1247 a
309 1229 356 1247 sua
371 1217 510 1247 discedens
524 1218 643 1257 nequitia
653 1241 660 1255 ‚
676 1218 726 1248 Dei
749 1220 888 1259 praeceptis
902 1227 987 1249 atten-

243 1263 307 1293 dere
327 1264 454 1294 voluerit.
474 1264 574 1294 Contra
596 1265 720 1294 Joachim
742 1272 769 1294 et
790 1265 947 1296 Jechoniam
962 1276 988 1299 et

243 1317 334 1339 contra
347 1316 466 1349 pastores
479 1310 621 1350 prophetia
634 1310 668 1339 ad
690 1311 848 1348 Dominum,
863 1323 894 1342 ac
907 1323 987 1353 pseu·

243 1356 473 1397 doprophetarum
486 1357 629 1386 accusatio.
642 1357 715 1387 Bona
729 1359 746 1388 J
749 1357 808 1387 udae
819 1359 963 1399 prophetat
977 1374 983 1389 z

243 1403 336 1432 relicto
358 1410 448 1432 autem
468 1403 571 1443 populo
585 1403 613 1432 in
627 1404 776 1434 Jerusalem
799 1415 861 1434 cum
876 1405 986 1436 sedecia

244 1459 290 1488 per
302 1449 458 1489 exemplum
468 1449 570 1478 ficuum
583 1460 722 1479 ascensum
736 1450 985 1482 Nabuchodonoso-

243 1495 281 1524 ris
291 1495 462 1532 vaticinatur,
471 1495 646 1534 omniumque
655 1496 773 1534 gentium
783 1497 928 1536 perniciem
940 1510 988 1539 per

242 1541 294 1570 hoc
320 1541 450 1581 poculum
476 1541 617 1580 significat.
647 1542 822 1582 Jerosolymae
849 1544 986 1575 excidium

243 1587 375 1627 praedicit.
394 1587 692 1627 Comprehenditurque
712 1589 842 1618 Jeremias
860 1590 987 1620 occiden-

241 1634 293 1664 dus
315 1645 330 1664 a
351 1634 552 1670 sacerdotibus,
575 1634 678 1673 hocque
701 1635 854 1675 periculum
883 1637 985 1668 evadit.

241 1682 258 1710 J
261 1681 357 1710 ubetur
368 1680 498 1720 propheta
511 1691 539 1710 se
552 1681 672 1710 vinculis
684 1681 864 1719 circumdare,
877 1690 903 1712 et
913 1683 987 1724 lega—

241 1727 275 1756 tis
289 1726 500 1765 alienigenarum
521 1726 640 1762 edicere,
655 1733 685 1756 ut
705 1728 864 1758 annuntient
877 1730 986 1769 regibus
1005 1740 1024 1762 Α

241 1773 296 1802 suis
310 1772 407 1813 subjici
420 1783 465 1802 eos
479 1780 601 1813 oportere
610 1773 869 1804 Nabuchodonosori
877 1787 886 1813 ;
899 1777 986 1806 mina-

242 1820 318 1858 rique
330 1821 417 1849 Deum
429 1827 542 1849 mortem
555 1820 588 1849 iis
602 1820 648 1859 qui
660 1831 688 1849 se
702 1821 753 1860 ipsi
765 1831 818 1850 non
830 1822 986 1862 subjiciant.

242 1865 372 1895 Eamdem
395 1865 607 1895 exhortationem
626 1866 735 1896 adhibet
757 1878 819 1907 erga
836 1869 986 1907 Sedeciam,

241 1918 267 1941 ct
282 1912 415 1951 populum
432 1918 458 1940 et
481 1912 641 1941 sacerdotes.
659 1914 775 1943 Ananias
790 1925 855 1944 vero
869 1916 987 1956 pseudo-

241 1958 373 1998 propheta
398 1958 543 1988 obsistebat
566 1959 689 1989 Jeremiae
713 1961 852 2000 prophetae
881 1963 985 1999 dicens,

241 2015 306 2034 vasa
322 2015 395 2034 sacra
410 2004 529 2037 reditura
551 2015 621 2040 esse,
636 2015 738 2035 necnon
752 2007 924 2044 Jechoniam,
939 2010 986 2048 qui

241 2058 297 2080 erat
319 2051 394 2080 filius
415 2051 539 2081 Joachim
551 2051 641 2080 fratris
655 2052 781 2083 Sedeciae.
799 2055 835 2084 Et
859 2057 987 2086 contrivit

240 2104 345 2127 catenas
358 2097 505 2137 prophetae.
521 2097 643 2127 Mittitur
654 2109 717 2138 ergo
731 2101 861 2131 Jeremias
874 2109 905 2131 ut
916 2113 986 2132 mor—

242 2150 295 2172 tem
321 2143 373 2183 ipsi
399 2143 544 2183 praedicat,
571 2144 599 2172 in
621 2154 652 2172 eo
674 2145 731 2184 ipso
754 2157 823 2176 anno
847 2148 984 2186 futuram,

241 2188 315 2228 quod
344 2189 423 2219 etiam
451 2190 550 2219 evenit.
579 2190 748 2220 vaticinatur
774 2193 844 2222 mala
868 2195 984 2234 pseudo-

242 2235 381 2275 prophetis
395 2235 533 2275 Babylone
556 2236 734 2273 versantibus,
753 2239 910 2278 populoque
930 2241 987 2271 lon-

242 2292 307 2320 gum
334 2281 497 2321 captivitatis
525 2289 648 2321 tempus,
677 2282 724 2312 sed
749 2290 837 2313 tamen
869 2286 984 2317 reditum

242 2339 299 2358 csse
324 2329 457 2357 futurum.
486 2328 528 2357 De
559 2328 602 2358 his
637 2329 829 2368 indignabatur
857 2333 964 2363 Sameas
976 2357 983 2370 ‚

243 2374 290 2412 qui
310 2373 428 2413 increpat
453 2373 632 2411 sacerdotem,
657 2374 731 2413 quod
754 2386 808 2405 non
832 2376 986 2416 impedierit

242 2420 387 2458 quominus
409 2419 537 2450 Jeremias
558 2420 623 2449 talia
638 2421 840 2452 vaticinaretur.
855 2423 919 2453 Ideo
933 2425 985 2454 mi-

242 2472 321 2494 natur
345 2466 418 2494 Deus
443 2474 471 2493 se
494 2464 573 2493 illum
597 2475 653 2494 esse
675 2465 856 2505 perditurum.
882 2468 985 2499 Deinde

242 2520 333 2540 sermo
362 2509 555 2540 consolatorius
583 2510 687 2540 Israeli.
716 2511 836 2551 Tempus
867 2512 984 2542 declarat

275 2602 285 2613 ³
304 2593 390 2619 Melius
401 2594 523 2629 legeretur
535 2600 565 2622 τὰ
574 2597 705 2628 ἐκδεξὸμενα
718 2599 785 2623 αὐτὸν
799 2600 866 2622 κακά.

996 1711 1032 1730 388

587 182 616 205 S.
644 182 784 206 JOANNIS
811 181 996 206 CHRYSOST.
1026 181 1180 205 ARcmEP.
1208 180 1482 205 CONSTAN'HNOP.

1049 244 1148 282 ψωσιν,
1161 244 1190 272 οὐ
1205 242 1243 282 μὴ
1257 243 1351 273 ἅνέλω.
1366 243 1420 272 Καὶ
1433 243 1516 282 πέρας
1527 242 1652 278 λαλήσω,
1667 242 1762 283 φησὶν,
1776 242 1819 274 ἐπὶ

1049 288 1119 321 ἔθνος
1140 287 1158 323 ἢ
1183 288 1336 328 βασιλείαν,
1361 292 1408 318 τοῦ
1435 289 1671 328 ἀνοικοδομεῖσθαι.
1694 288 1748 318 Καὶ
1773 288 1819 318 ἐὰν

1048 333 1180 370 ποιήσωσι
1200 334 1231 364 τὸ
1251 334 1384 374 πονηρὸν,
1411 335 1441 364 οὗ
1456 333 1562 370 ποιήσω
1583 334 1658 374 κάγὼ
1680 334 1743 374 περὶ
1765 335 1819 363 τῶν

1049 380 1154 419 ἀγαθῶν
1166 375 1203 409 ὧν
1218 379 1336 416 ἰλάλησα
1345 382 1455 416 ποιῆσαι
1469 381 1568 414 αὐτοῖς.
1585 381 1673 410 Τοῦτο
1683 379 1713 410 δὲ
1723 379 1820 420 χρήσι-

1049 436 1098 464 μον
1105 425 1178 465 ,πρὸς
1193 425 1333 460 Ἰουδαίους
1352 426 1382 455 τὸ
1400 426 1542 466 κεφάλαιον
1551 448 1559 462 ,
1578 426 1640 456 ὅταν
1652 425 1766 465 λέγωσιν
1777 425 1820 455 ὅτι

1048 471 1225 512 ἐπηγγείλατο
1245 474 1333 506 αὐτοῖς
1353 472 1440 510 ἀγαθὰ
1463 475 1477 502 ὁ
1490 472 1596 513 Κύριος.
1618 471 1820 508 Ἀπιιθήσαντες

1046 517 1098 558 γὰρ
1110 520 1148 558 τῷ
1162 517 1254 558 Κυρίῳ
1273 520 1350 557 ἡμῶν
1364 519 1454 554 Ἰησοῦ
1472 519 1600 558 Χριστῷ,
1623 518 1697 547 αὐτοὶ
1718 520 1821 551 ἑαυτοῖς

1047 563 1126 593 αἴτιοι
1137 564 1256 604 ἐγένοντο
1265 566 1318 594 τῶν
1330 565 1471 605 παρόντων
1481 566 1580 594 κακῶν.
1596 564 1654 601 Τὴν
1666 566 1725 594 κατ’
1739 566 1820 594 αὐτοῦ

1045 610 1185 650 γινομένην
1200 610 1343 648 ἐπιβουλὴν
1358 611 1410 642 ὑπὸ
1422 610 1555 641 Ἰουδαίων
1575 614 1590 641 ὃ
1603 610 1741 652 προφήτης
1753 622 1819 651 προ-

1046 655 1133 696 λέγει,
1149 657 1194 686 καὶ
1214 656 1373 697 κατεύχεται
1391 658 1493 694 αὒτῶν,
1507 657 1548 687 ὅτι
1566 656 1671 696 πονηρὰ
1685 656 1743 686 ἀντὶ
1754 658 1820 696 ἀγα-

1046 704 1097 732 θῶν
1112 702 1304 733 ἀποδεδώκασι.
1323 702 1468 733 Κελεύεται
1477 705 1492 732 ὁ
1503 702 1632 743 Ἱερεμίας
1645 702 1718 742 βαιὸν
1727 703 1820 743 ὀστρά-

1045 760 1117 779 κινον
1130 749 1231 786 λαθὼν,
1246 749 1292 779 καὶ
1304 748 1548 789 διαμαρτυράμενος
1559 748 1593 778 τὰ
1603 747 1674 778 κακὰ.
1685 751 1732 778 τοῦ
1742 750 1818 784 λαοῦ,

1045 796 1184 835 συντρῖψαι
1208 795 1252 825 τὸν
1278 794 1352 835 βικὸν
1382 796 1441 825 κατ’
1471 794 1620 835 ὀφθαλμοὺς
1643 795 1730 824 αότῶν
1738 815 1747 830 ,
1773 794 1818 825 καὶ

1044 842 1145 871 εἰπεῖν·
1167 841 1236 871 οὕτω
1256 840 1460 881 συντριὸήσεται
1480 840 1670 881 Ἱηρουσαλήμ.
1691 840 1745 871 Καὶ
1766 842 1817 880 ἔμ-

1044 887 1150 923 ὅληθεὶς
1164 887 1215 917 ὑπὸ
1227 890 1273 917 τοῦ
1289 886 1409 927 Πασχὼρ
1424 888 1461 920 εἰς
1479 887 1523 916 τὸν
1547 886 1716 927 καταράκτην
1725 909 1733 925 ,
1747 898 1815 926 προ·

1044 933 1152 973 φητεύει
1164 932 1332 974 τῷΠασχὼρ
1345 935 1357 948 “
1365 932 1399 962 τὰ
1410 931 1565 971 ἐκδεξάμενα
1576 934 1648 973 αὐτῷ
1659 932 1739 963 κακά.
1749 927 1818 963 Εἶτα

1044 979 1175 1019 ἀσχάλλει
1188 979 1233 1009 ἐπὶ
1252 983 1306 1012 τοῖς
1319 979 1485 1018 διασύρουσιν
1497 978 1587 1015 αὖτὸν,
1600 979 1646 1008 καὶ
1658 978 1818 1018 κατεύχεται

1045 1026 1131 1055 αὐτῶν
1141 1047 1149 1061 ,
1163 1019 1209 1055 καὶ
1226 1030 1375 1065 καταρᾶται
1388 1027 1421 1064 τῇ
1434 1024 1523 1065 ἡμέρα
1535 1027 1569 1064 τῇ
1589 1026 1693 1055 ἑαυτοῦ.
1709 1024 1818 1064 Πέμπει

1045 1071 1170 1105 Σεδεκίας
1185 1073 1199 1101 ὁ
1213 1070 1337 1110 βασιλεὺς
1351 1073 1442 1110 μαθεῖν
1455 1070 1530 1110 παρὰ
1550 1070 1693 1111 Ἱερεμίου,
1714 1072 1738 1100 εἰ
1751 1072 1816 1100 ἄπε-

1044 1117 1167 1147 λεύσεται
1186 1118 1232 1146 ἀπ’
1253 1117 1333 1146 αὐτοῦ
1349 1116 1592 1156 Ναὸουχοδονόσορ.
1610 1116 1644 1147 Ὁ
1667 1116 1695 1146 δέ
1720 1128 1816 1157 φησιν,

1044 1162 1085 1192 ὅτι
1098 1165 1113 1193 ὁ
1126 1162 1195 1196 Θεὸς
1212 1162 1361 1201 πολεμήσει
1374 1161 1434 1196 τοὺς
1448 1162 1601 1198 Ἰουδαίους,
1615 1162 1661 1192 καὶ
1678 1162 1722 1192 τὸν
1738 1165 1816 1202 βασι-

1042 1209 1091 1239 λέα
1101 1209 1237 1240 Σεδεκίαν.
1250 1211 1284 1240 Εἰ
1297 1209 1325 1239 δὲ
1340 1209 1461 1249 βούλοιτο
1474 1210 1488 1239 ὁ
1501 1209 1563 1243 λαὸς
1576 1209 1644 1239 ἑκὼν
1657 1212 1818 1250 προσχωρῆ-

1042 1267 1088 1285 σαι
1103 1257 1142 1295 τῷ
1156 1254 1391 1295 Ναὸουχοδονόσορ
1401 1277 1409 1291 ,
1429 1255 1594 1291 σωθήσεσθαι
1609 1255 1698 1292 αὐτὸν,
1712 1255 1757 1285 καὶ
1771 1255 1816 1285 τὸν

1043 1300 1155 1341 βασιλέα
1176 1301 1203 1331 δὲ
1224 1303 1272 1331 οὐκ
1291 1303 1461 1339 ἀπολεῖσθαι,
1477 1302 1501 1330 εἰ
1517 1303 1565 1336 ἧς
1584 1300 1682 1334 οἰκείας
1696 1301 1815 1335 ἀποστὰς

1041 1346 1145 1382 κακίας,
1157 1351 1211 1381 τοῖς
1223 1349 1269 1376 τοῦ
1279 1349 1350 1378 Θεοῦ
1365 1347 1553 1387 προστάγμασι
1566 1346 1708 1387 προσέχειν
1722 1346 1815 1377 ἐθέλοι.

1042 1393 1119 1423 Κατὰ
1132 1396 1178 1423 τοῦ
1193 1393 1319 1432 Ἰωακεὶμ
1340 1393 1385 1423 καὶ
1399 1396 1445 1423 τοῦ
1466 1393 1591 1433 Ἰεχονίου
1600 1415 1609 1430 ,
1623 1393 1670 1423 καὶ
1682 1393 1752 1423 κατὰ
1762 1395 1815 1423 τῶν

1041 1438 1175 1478 ποιμένων
1186 1441 1224 1473 εἰς
1241 1439 1286 1469 τὸν
1303 1438 1402 1479 Κύριον
1414 1438 1562 1479 προφητεία
1572 1461 1580 1475 ,
1594 1438 1640 1469 καὶ
1653 1440 1705 1468 τῶν
1719 1439 1815 1479 ψευδο-

1041 1487 1184 1525 προφητῶν
1196 1485 1352 1525 κατηγορία.
1366 1484 1479 1525 Χρηστὰ
1491 1487 1530 1525 τῷ
1544 1484 1631 1525 Ἰούδᾳ
1645 1484 1815 1525 προφητεύει.

1042 1532 1091 1571 Τῷ
1105 1531 1132 1560 δὲ
1149 1530 1331 1571 ὑπολειφθέντι
1350 1531 1408 1571 λαῷ
1422 1532 1448 1560 ἐν
1463 1530 1638 1571 Ἰερουσαλὴμ
1653 1530 1721 1570 μετὰ
1733 1531 1815 1560 Σεδε-

1042 1577 1100 1607 κίου
1114 1577 1158 1607 διὰ
1170 1579 1216 1606 τοῦ
1228 1576 1420 1616 ὗποδείγματος
1430 1578 1483 1605 τῶν
1497 1579 1584 1606 συκῶν
1598 1576 1760 1617 προφητεύει
1769 1579 1816 1606 τοῦ

1043 1623 1278 1663 Ναὸουχοδονόσορ
1291 1622 1340 1659 τὴν
1362 1622 1468 1658 ἄνοδον,
1484 1622 1530 1652 καὶ
1550 1622 1656 1652 πάντων
1669 1624 1722 1652 τῶν
1735 1624 1816 1652 ἐθνῶν

1043 1668 1091 1705 τὴν
1106 1669 1239 1698 ἀπώλειαν
1254 1668 1297 1698 διὰ
1309 1671 1356 1698 τοῦ
1370 1668 1496 1708 ποτηρίου
1509 1667 1603 1698 τούτου
1617 1668 1713 1704 δηλῶν.
1724 1666 1824 1709 Προα-’

1043 1714 1145 1755 γορεύει
1157 1714 1291 1744 ἀπώλειαν
1301 1716 1349 1750 τῆς
1363 1713 1549 1754 Ἰερουσαλήμ.
1563 1714 1617 1744 Καὶ
1629 1714 1815 1754 συλλαμὸἄνε-

1043 1773 1087 1790 ται
1099 1760 1143 1790 ἐπὶ
1159 1760 1263 1800 θανάτῳ
1277 1759 1406 1800 Ἱερεμίας
1421 1760 1473 1790 ὑπὸ
1485 1763 1538 1790 τῶν
1553 1761 1654 1801 ἱερέων,
1664 1760 1710 1790 καὶ
1720 1760 1816 1801 ἐκφεύ-

1042 1819 1084 1846 γει
1105 1806 1149 1836 τὸν
1173 1806 1301 1836 κίνδυνον.
1322 1805 1466 1835 Κελεύεται
1479 1807 1494 1835 ὁ
1511 1806 1649 1847 προφήτης
1671 1809 1816 1846 περιθεῖναι

1043 1854 1129 1893 ἑαυτῷ
1154 1852 1283 1892 δεσμοὺς,
1302 1851 1348 1881 καὶ
1369 1856 1423 1886 τοῖς
1442 1852 1569 1892 πρεσῧέσι
1590 1854 1643 1882 τῶν
1661 1852 1816 1893 ἀλλοφύλων

1044 1901 1135 1936 εἰπεῖν,
1150 1898 1219 1928 ὥστε
1234 1899 1396 1938 ἀπαγγεῖλαι
1408 1903 1463 1932 τοῖς
1478 1900 1630 1938 βασιλεῦσιν
1645 1900 1733 1932 αὐτοῖς
1746 1901 1814 1928 ὑπο-

1042 1947 1156 1984 ταγῆναι
1168 1947 1206 1985 τῷ
1220 1944 1452 1984 Ναὸουχοδονόσορ
1461 1956 1468 1963 ·
1485 1945 1602 1974 ἀπειλεῖν
1615 1943 1666 1984 γὰρ
1686 1943 1731 1973 τὸν
1746 1944 1815 1974 Θεὸν

1043 1992 1153 2021 θάνατον
1176 1995 1230 2024 τοῖς
1245 1990 1282 2029 μὴ
1302 1989 1526 2030 ὓποτασσομένοις
1540 1991 1623 2030 αὐτῷ.
1644 1990 1774 2030 Παραινεῖ
1788 1990 1815 2019 δὲ

1042 2037 1142 2072 ταύτην
1157 2036 1205 2072 τὴν
1219 2036 1373 2076 παραίνεσιν
1387 2035 1433 2065 καὶ
1450 2037 1489 2075 τῷ
1501 2035 1624 2075 Σεδεκίᾳ,
1637 2035 1683 2065 καὶ
1696 2038 1734 2076 τῷ
1747 2037 1815 2076 λαῷ,

1042 2082 1087 2112 καὶ
1098 2086 1153 2116 τοῖς
1167 2084 1288 2122 ἱερεῦσιν.
1303 2081 1337 2111 Ὁ
1360 2081 1388 2111 δὲ
1402 2081 1622 2121 ψευδοπροφήτης
1637 2080 1754 2115 Ἀνανίας
1767 2084 1815 2112 ἀν-

1042 2129 1150 2158 θίστατο
1172 2127 1288 2168 Ἱερεμίᾳ
1301 2131 1340 2167 τῷ
1359 2127 1481 2168 προφήτῃ
1493 2151 1500 2164 ,
1517 2128 1617 2167 λέγων,
1631 2127 1665 2157 τὰ
1686 2128 1768 2165 σκεύη
1782 2128 1816 2158 τὰ

1042 2174 1101 2215 ἱερὰ
1119 2174 1269 2210 ἐπανήξειν,
1284 2174 1330 2203 καὶ
1344 2174 1388 2203 τὸν
1411 2173 1554 2213 Ἰεχονίαν,
1570 2174 1597 2207 ὃς
1615 2169 1648 2210 ἦν
1668 2174 1722 2208 υἱὸς
1735 2175 1814 2208 Ἰωα-

1044 2221 1107 2260 κεὶμ
1130 2221 1243 2260 ἀδελφοῦ
1269 2219 1405 2250 Σεδεκίου.
1429 2219 1483 2249 Καὶ
1515 2219 1653 2260 συνέτριψε
1683 2220 1728 2250 καὶ
1755 2219 1815 2254 τοὺς

1041 2266 1144 2300 κλοιοὶις
1165 2269 1212 2296 τοῦ
1227 2266 1373 2306 προφήτου.
1387 2264 1530 2304 Πέμπεται
1550 2265 1636 2295 τοίνυν
1650 2268 1664 2295 ὁ
1685 2265 1815 2306 Ἱερεμίας

1041 2313 1151 2343 θάνατον
1161 2313 1234 2353 αὐτῷ
1247 2311 1383 2352 προλέγων
1401 2312 1428 2340 ἐν
1449 2313 1521 2351 αὐτῷ
1534 2311 1626 2352 ἐκείνῳ
1640 2314 1679 2352 τῷ
1689 2313 1813 2352 ἐνιαυτῷ,

1041 2366 1076 2397 ὡς
1087 2364 1131 2394 καὶ
1144 2363 1253 2399 συνέὸη.
1265 2361 1330 2392 Τὰ“’
1338 2361 1409 2392 κακὰ
1419 2365 1474 2395 τοῖς
1484 2362 1512 2391 ἐν
1523 2361 1662 2391 Boreum„
1671 2362 1814 2402 ψευδοπρο-

1041 2415 1136 2454 φήταις
1149 2413 1282 2454 προλέγει,
1295 2412 1341 2442 καὶ
1355 2414 1394 2452 τῷ
1405 2412 1462 2452 λαῷ
1477 2412 1578 2452 μακρὸν
1590 2412 1635 2442 τὸν
1646 2414 1694 2448 τῆς
1708 2414 1812 2452 αἰχμα-

1040 2465 1138 2498 λωσίας
1162 2464 1254 2505 χρόνον
1263 2486 1271 2500 ,
1294 2464 1353 2492 ἀλλ’
1378 2462 1449 2502 ὅμως
1471 2462 1576 2492 ἔσεσθαι
1598 2462 1733 2493 ἐπάνοδον.
1748 2463 1812 2493 Ἐπὶ

1040 2515 1140 2548 τούτοις
1153 2514 1297 2554 ἠγανάκτει
1311 2513 1434 2553 Σαμέας,
1453 2512 1498 2543 καὶ
1509 2514 1621 2553 ἐπιτιμᾷ
1632 2515 1669 2554 τῷ
1683 2515 1756 2554 ἱερεῖ,
1771 2514 1813 2544 ὅτι

1083 2600 1096 2618 l·
1114 2599 1159 2624 Ms.
1173 2598 1249 2625 Coisl.
1264 2598 1329 2624 male
1341 2603 1400 2625 κατὰ
1412 2603 1458 2628 τοῖς
1469 2602 1491 2624 ἐν
1502 2601 1622 2630 Βαδυλῶνι,
1635 2603 1684 2624 etc.
