1890 2826
34 277 106 299 Jnan.
128 283 163 299 10-

34 306 72 336 24.

189 195 259 241 490

185 277 339 296 consessus:
357 267 513 305 Quousque
524 267 655 294 animam
668 271 798 294 nostram
818 265 897 294 tollis
913 267 926 292 ?

902 204 1037 226 tNCER'rl

981 267 1017 298 εἷς
1031 265 1124 301 ὀδύνην
1137 267 1154 301 ἡ
1167 267 1211 295 τοῦ
1224 267 1348 305 Σωτῆρος
1362 265 1463 302 σιωπὴ,
1485 267 1521 300 ὡς
1541 268 1623 296 εἰπεῖν
1642 267 1702 297 τότε
1721 267 1751 297 τὸ

183 313 214 342 Si
226 320 258 343 tu
271 323 300 342 es
316 314 457 348 Christus,
479 313 528 342 dic
542 314 624 342 nobis
641 312 753 353 paqlam.
769 311 823 342 Sed
840 322 925 350 neque
933 335 969 355 [0¹⁹
980 311 1094 351 πονηρὸν
1105 312 1188 341 ἐκεῖνο
1200 311 1331 351 συνέδριον
1342 323 1348 330 ·
1359 311 1433 345 Ἕως
1443 312 1507 342 πότε
1516 312 1565 349 τὴν
1574 313 1663 354 ψυχὴν
1674 315 1751 353 ἡμῶν

183 367 242 399 post
255 360 325 390 hanc
338 370 431 391 vocem
444 359 501 389 illis
513 358 667 399 respondet,
678 359 743 398 quia
753 359 926 399 responsione
942 363 962 384 Α
981 357 1078 397 αἴρεις;
1093 359 1127 388 Εἰ
1141 358 1173 387 σὺ
1185 353 1230 388 sit
1239 358 1366 397 Χριστὸς,
1377 358 1435 388 εἰπὲ
1443 360 1508 398 ἡμῖν
1517 360 1663 400 παῤῥησίᾳ.
1679 360 1750 390 Ἀλλ’

183 405 258 445 digni
280 417 333 435 non
345 413 430 442 erant,
446 404 493 444 qui
507 404 577 434 male
593 404 836 444 interrogaverunt.
852 404 927 441 Quid

181 452 271 492 itaque
277 453 315 483 eis
322 454 447 484 Servatur
457 452 471 481 Ρ
486 452 558 492 Βίπζὶ
577 453 673 489 vobis,
683 458 711 480 et
720 462 780 481 non
788 452 911 481 audistis
912 463 926 487 ,-

182 499 256 539 quid
267 501 371 528 iterum
380 499 472 528 vultis
481 498 584 528 audire
597 501 609 526 Ρ
622 499 728 538 Opertz,
740 508 804 538 quoe
814 499 927 538 egofa—

181 547 236 581 cio,
253 547 317 584 ipsa
329 546 526 575 testimonium
550 545 702 584 perhibent
714 545 750 573 de
764 554 820 573 me.
837 543 924 574 Vides

176 592 247 620 velle
260 602 322 621 eum
335 599 365 621 ut
378 602 460 631 opera
479 592 686 631 interrogentur,
710 601 763 620 nou
778 598 807 620 ut
820 590 854 620 de
869 601 922 631 po-

177 644 269 667 testate
290 638 465 677 inquiratur?
487 637 656 677 Interrogant
668 636 758 667 Judaei
775 648 782 664 :
796 637 827 666 Si
847 645 876 666 tu
891 648 922 666 es

179 684 323 721 Christus,
338 685 386 713 dic
407 685 489 713 nobis
499 683 615 723 palam;
625 693 775 724 quousque
791 685 921 712 animam

135 739 147 751 ·
178 736 307 759 nostram
319 730 398 760 tollis
413 733 426 759 P
447 740 496 760 nec
514 729 654 769 quaestioni
666 729 713 759 dat
734 729 895 759 solutionem
911 741 917 757 ε

34 459 170 488 .Ῐυηιι.9.27.

29 507 97 528 Jmm.
121 513 156 529 10.

29 537 66 559 25.

27 646 95 667 duan.
117 653 152 669 ιο.

29 675 67 705 24.

26 920 111 941 ΙΙΙιιΙΙΙι.
125 920 162 943 26.

23 949 61 971 63.

23 1055 108 1075 Matlh.
125 1054 162 1077 26.

21 1084 59 1113 δή.

21 1428 78 1456 Sap.
94 1433 114 1449 1.
124 1426 146 1458 4.

13 1791 152 1820 loun-3425.

11 1917 74 1940 Iht'd.
84 1926 103 1939 v.
113 1919 151 1940 26.

8 2249 79 2272 Leo—it.
94 2249 132 2272 26.

9 2280 47 2304 23.
63 2280 99 2310 24.

174 776 376 816 interrogabant
393 777 465 807 enim
487 787 540 806 non
560 776 694 813 discendi,
709 776 757 806 sed
776 776 919 806 accusandi

174 833 264 852 causa.
278 823 395 863 Caiphas
407 830 496 852 autem
510 822 635 863 princeps
642 822 822 858 sacerdotum,
837 833 918 862 syna-

174 879 241 908 goga
264 869 311 899 illa
336 868 443 908 dignus,
463 869 491 898 in
513 876 613 899 tantam
635 868 778 897 amentiam
803 868 918 898 devene—

173 922 225 951 rat,
251 922 280 945 ut
300 915 416 946 diceret:
443 916 560 955 Adjuro
575 921 603 944 te
617 924 669 954 per
690 916 783 943 Deum
803 916 918 951 vivum,

172 961 220 989 dic
241 965 335 999 nobis,
348 964 373 991 si
392 968 424 991 tu
438 972 467 991 es
479 962 576 992 Filius
588 961 752 990 Benedicti.
769 962 803 989 At
819 961 919 990 Serva—

172 1013 214 1036 tor
225 1007 322 1038 docens
333 1019 381 1038 nos
394 1018 528 1038 sermones
543 1018 607 1037 cum
620 1007 717 1047 pietate
730 1006 860 1046 accipere,
872 1006 919 1035 ad-

170 1054 275 1094 juranti
288 1055 398 1094 quidem
416 1053 568 1095 respondet,
591 1064 677 1092 neque
700 1059 788 1082 tamen
802 1052 918 1082 dubium

173 1100 264 1129 solvit.
275 1103 330 1129 Dic
339 1103 433 1138 nobis,
441 1100 539 1139 inquit,
550 1101 575 1129 si
580 1106 612 1129 tu
618 1099 743 1129 esFilius
751 1100 915 1129 Benedicti.

171 1147 218 1176 Ait
226 1146 268 1175 illi
277 1148 408 1177 Dominus
419 1159 425 1175 :
445 1149 487 1177 Tu
496 1148 597 1177 dixisti
613 1157 623 1173 .-
637 1157 668 1176 ac
676 1147 860 1187 juramentum
869 1157 917 1186 per

170 1193 362 1223 confessionem
371 1194 525 1229 honoravit,
538 1203 625 1232 neque
633 1193 764 1222 malitiam
776 1193 917 1222 certiorem

169 1239 242 1275 fecit,
264 1239 390 1269 astutiam
403 1239 582 1268 abominatus.
602 1238 676 1267 Male
689 1238 848 1277 quaesierant
865 1240 916 1269 Ju-

169 1285 231 1322 daei,
258 1296 306 1315 nec
319 1295 477 1325 responsum
491 1284 547 1314 illis
565 1291 605 1314 est
618 1297 624 1313 :
640 1284 722 1323 idque
732 1284 794 1323 jure
807 1284 914 1321 merito;

169 1343 230 1362 nam
260 1332 377 1371 obliquae
401 1331 572 1371 cogitationes
589 1342 603 1359 a
616 1332 674 1360 Deo
698 1338 830 1370 separant.
855 1332 915 1361 Non

168 1379 256 1409 emisit
269 1378 427 1419 sapientiam
438 1388 514 1407 suam
527 1377 561 1406 iis
579 1377 626 1415 qui
640 1377 709 1406 male
719 1377 795 1406 illam
809 1384 914 1407 scruta-

167 1427 274 1456 bantur.
301 1429 337 1455 ln
352 1425 530 1454 malevolam
543 1425 621 1453 enim
635 1427 768 1453 animam
783 1435 842 1454 non
863 1427 912 1454 in-
929 1424 947 1448 (ἓ

168 1476 264 1504 troibe't
283 1474 438 1513 sapientia.

935 861 953 884 B

205 1560 236 1588 2.
249 1560 336 1598 Atque
363 1558 406 1587 illi
430 1565 490 1598 post
511 1557 661 1596 frequentes
687 1556 845 1595 quaestiones
882 1556 911 1586 id

165 1605 239 1643 quod
261 1606 416 1644 quaerebant
441 1614 494 1633 non
519 1604 676 1634 invenerunt
693 1615 700 1631 :
725 1603 823 1632 mulier
847 1613 911 1632 vero

164 1651 297 1689 quaedam,
312 1662 371 1691 quae
382 1651 439 1680 sine
452 1650 516 1679 dolo
527 1656 552 1678 et
566 1660 628 1679 cum
642 1649 744 1679 sincera
757 1648 811 1678 fide
821 1659 909 1678 acces-

162 1705 249 1734 serat,
270 1708 324 1727 non
345 1705 375 1727 ut
390 1703 502 1727 tentaret
519 1696 595 1725 illam
612 1695 910 1736 incomprehensibilem

163 1744 299 1779 virtutem,
314 1744 362 1774 sed
375 1754 438 1773 cum
451 1742 620 1783 simplicitate
633 1741 784 1771 Dominum
797 1740 889 1770 adiens
898 1764 906 1773 ,

162 1789 278 1819 dictione
292 1791 366 1820 tenui
380 1789 428 1819 sed
437 1800 504 1829 pura
516 1788 570 1818 fide
580 1787 672 1817 dicens
684 1800 691 1817 ι
706 1787 818 1816 Scimus
830 1788 911 1827 quod

162 1846 227 1865 cum
239 1838 355 1866 venerit
365 1837 500 1871 Messias,
511 1835 562 1874 qui
574 1834 683 1863 dicitur
693 1834 838 1871 Christus,
849 1835 910 1873 ipse

162 1884 244 1911 nobis
266 1883 456 1912 annuntiabit
483 1882 582 1910 omnia
597 1892 608 1908 .-
630 1880 719 1910 statim
745 1879 850 1910 audivit
875 1880 910 1909 ab

161 1936 277 1958 amatore
284 1928 476 1969 simplicitatis:
485 1928 550 1967 Ego
558 1937 620 1956 sum
629 1928 680 1965 qui
689 1926 795 1965 loquor
801 1933 907 1956 tecum.

161 1976 288 2005 Nondum
299 1976 525 2014 interrogaverat,
536 1980 562 2003 et
571 1972 660 2002 statim
669 1972 777 2012 didicit;
786 1973 908 2002 nondum
923 1976 942 1998 D

159 2021 223 2051 fidei
232 2022 346 2051 verbum
357 2021 543 2056 seminaverat,
555 2027 581 2049 et
592 2019 682 2049 statim
693 2020 811 2048 fructum
819 2019 906 2059 pieta-

159 2067 194 2097 tis
206 2067 349 2107 decerpsit.
366 2068 479 2097 Sanctus
489 2066 590 2105 quippe
603 2067 675 2095 Deus
689 2065 717 2094 in
736 2065 907 2105 simplicibus

157 2120 183 2142 ct
196 2113 293 2143 sanctis
306 2112 459 2152 requiescit,
473 2123 535 2142 cum
546 2111 694 2141 accedentis
708 2111 907 2151 simplicitatem

157 2159 268 2195 viderit,
284 2159 400 2199 explicat
411 2158 490 2188 etiam
505 2158 562 2198 ipse
583 2157 720 2197 sapientiae
734 2167 788 2186 suae
800 2157 905 2187 henefi-

158 2205 282 2240 centiam,
298 2215 360 2234 cum
373 2203 473 2234 viderit
484 2211 573 2234 autem
583 2204 699 2233 animam
713 2203 833 2242 nequitia
845 2214 905 2243 per·

157 2261 273 2287 versam,
287 2250 448 2280 beneficium
462 2249 578 2285 cohibet,
593 2259 642 2278 nec
659 2248 806 2278 doctrinam
823 2249 904 2279 emit-

157 2298 201 2327 tit.
217 2297 290 2326 Audi
308 2296 375 2336 quid
394 2296 452 2336 ipse
472 2296 542 2325 dicat
562 2307 610 2336 per
630 2297 774 2335 Moysem:
798 2296 828 2325 Si
847 2307 902 2326 vos

157 2344 377 2373 ambulaveritis
393 2353 461 2383 erga
476 2353 522 2372 me
543 2344 624 2380 recti,
646 2348 675 2371 et
692 2353 744 2382 ego
760 2352 829 2382 erga
846 2353 902 2372 vos

155 2397 263 2426 rectus;
278 2390 301 2419 si
318 2396 408 2419 autem
423 2399 472 2419 vos
492 2388 609 2428 obliqui,
628 2395 654 2418 et
673 2398 723 2428 ego
743 2395 805 2418 utar
824 2389 901 2418 vobis

154 2438 245 2466 surore
263 2437 386 2475 obliquo;
407 2446 461 2465 non
478 2435 552 2474 quod
570 2435 662 2466 divina
682 2442 777 2465 natura
793 2446 808 2465 a
828 2443 900 2465 recto

154 2483 279 2521 declinet;
300 2482 347 2512 sed
361 2481 435 2521 quod
447 2481 588 2522 improbis,
608 2491 639 2510 ea
658 2491 718 2520 quae
736 2492 771 2511 ex
788 2482 899 2512 veritate
915 2488 933 2511 Ε

979 404 1037 433 οὐδὲ
1052 404 1223 443 μετὰταύτην
1239 405 1325 437 αὐτοῖς
1339 403 1386 441 τὴν
1400 404 1488 445 φωνὴν
1500 405 1678 445 ἀποκρίνεται·
1691 407 1752 436 ἀνά-

980 449 1027 483 ξιοι
1040 449 1092 490 γὰρ
1112 445 1179 485 ’ἦσαν
1199 450 1364 490 ἀποκρίσεως
1384 451 1408 479 οἱ
1430 452 1519 485 κακῶς
1541 452 1699 491 ἐρωτῶντες.
1713 452 1750 482 Τί

978 491 1022 524 οὖν
1034 495 1098 536 πρὸς
1111 495 1204 530 αὐτοὺς
1215 495 1354 536 ὁ·Σωτήρ;
1367 491 1451 526 Εἶπον
1463 499 1534 536 ὑμῖν,
1549 497 1595 527 καὶ
1607 499 1655 527 οὔκ
1665 499 1773 534 ἠκοιὶς,ν

978 553 1042 570 σατε
1053 554 1059 560 ·
1081 542 1107 571 τί
1130 542 1210 571 πάλιν
1234 542 1322 572 θέλετε
1345 542 1464 579 ἆκούειν;
1486 543 1529 572 Τὰ
1552 543 1631 583 ἔργα,
1656 544 1673 573 ἃ
1696 545 1749 584 ἐγὼ

977 589 1044 616 ποιῶ
1053 610 1060 623 ,
1075 591 1158 617 ταῦτα
1171 593 1297 628 μαρτυρεῖ
1311 588 1371 629 περὶΙ
1386 589 1458 627 ἐμοῦ.
1473 589 1556 629 ‘Oqu
1569 589 1610 619 ὅτι
1625 589 1749 629 βούλεται

975 633 1009 661 τὰ
1029 634 1093 673 ἔργα
1117 635 1280 673 ἐρωτᾶσθαι,
1295 634 1341 664 καὶ
1356 633 1393 673 μὴ
1408 634 1457 670 τὴν
1471 634 1588 669 ἐξουσίαν
1607 637 1746 676 πολυπρα-

974 682 1142 717 γμονεῖσθαι;
1157 679 1311 719 Ἔρωτῶσιν
1324 681 1348 709 οἱ
1360 679 1499 716 Ἰουδαῖοι,
1515 682 1549 710 Εἰ
1563 681 1595 710 σὺ
1608 676 1634 711 εἶ
1646 684 1661 711 6
1676 683 1746 722 Χρι-

974 725 1034 759 στὸς
1042 747 1049 760 ,
1061 725 1119 755 εἰπὲ
1131 725 1195 765 ἡμῖν
1205 725 1341 766 παρρησίᾳ
1349 738 1356 744 ·
1369 726 1417 760 ἕως
1427 726 1492 756 πότε
1502 727 1551 763 τὴν
1563 727 1652 767 ψυχὴν
1665 730 1743 767 ἡμῶν

974 771 1073 811 αἴρεις;
1096 771 1141 801 καὶ
1155 773 1184 801 οὗ
1197 771 1288 801 δίδωσι
1301 774 1334 812 τῇ
1355 772 1501 813 ἀμφιὸολίᾳ
1522 773 1611 802 λύσιν·
1635 774 1746 814 ἠρώτων

973 817 1024 857 γὰρ
1037 818 1087 857 οὐχ
1100 817 1143 846 ἵνα
1159 817 1287 855 μάθωσιν,
1299 819 1358 847 ἀλλ’
1371 817 1414 847 ἵνα
1425 818 1654 859 κατηγορήσωσιν.
1671 819 1707 850 Ὁ
1718 820 1746 850 δὲ

974 863 1111 903 ἀρχιερεὺς
1122 863 1259 903 Καϊάφας,
1282 866 1296 893 6
1314 866 1361 899 τῆς
1375 866 1529 904 συναγωγῆς
1543 864 1644 901 ἐκείνης
1657 865 1727 900 ἄξιος
1736 890 1747 903 ,

972 910 1009 942 εἷς
1030 911 1154 938 τοσοῦτον
1180 905 1244 945 ἦλθε
1269 909 1379 948 μανίας,
1402 911 1438 943 ὡς
1459 912 1555 940 εἰπεῖν·
1576 909 1692 950 Ὁρκίζω
1715 924 1747 942 σε

971 954 1041 984 κατὰ
1051 958 1097 984 τοῦ
1110 957 1180 985 Θεοῦ
1191 959 1237 985 τοῦ
1253 957 1363 991 ζῶντος,
1378 956 1435 986 εἰπὲ
1449 959 1523 995 ἡμῖν,
1538 958 1561 986 εἷ
1576 956 1607 986 σὺ
1622 953 1646 986 εἷ
1658 959 1672 987 6
1682 958 1745 992 Υἱὸς

971 1003 1017 1029 τοῦ
1027 1002 1188 1040 Εὐλογητοῦ.
1203 1001 1237 1031 Ὁ
1253 1001 1280 1031 δὲ
1286 1002 1382 1042 Σωτὴρ
1395 1002 1524 1032 διδάσκων
1542 1006 1613 1042 ἡμᾶς
1625 1003 1685 1038 τοὺς
1695 1005 1745 1034 λό-

972 1059 1034 1085 γους
1056 1049 1114 1086 μετ’
1138 1047 1277 1080 εὔλαὸείας
1299 1047 1435 1088 δέχεσθαι,
1458 1049 1523 1089 πρὸς
1545 1049 1592 1087 μὲν
1607 1049 1651 1079 τὸν
1665 1049 1743 1090 ὅρκον

972 1093 1158 1132 ἀποκρίνεται,
1179 1092 1245 1132 πρὸς
1259 1093 1330 1122 δὲτὸ
1344 1094 1575 1134 ἀμφιὸαλλόμενον
1597 1095 1672 1125 λύσιν
1695 1097 1745 1126 οὔκ

971 1138 1077 1168 ἔδωκεν.
1088 1139 1157 1169 Εἰπὲ
1167 1161 1175 1175 ,
1191 1139 1280 1179 φησὶν,
1292 1141 1367 1178 ἡμῖν,
1381 1142 1404 1170 εἶ
1414 1139 1445 1170 σὺ
1458 1135 1483 1170 εἷ
1495 1143 1509 1170 6
1521 1141 1584 1175 Υἱὸς
1593 1144 1639 1171 τοῦ
1654 1142 1741 1172 Εὐλο-

969 1188 1061 1224 γητοῧ.
1076 1185 1156 1224 Λέγει
1170 1185 1235 1225 πρὸς
1249 1186 1326 1215 αὗτὸν
1338 1188 1352 1215 6
1364 1186 1460 1225 Κύριος
1469 1199 1475 1205 ·
1488 1186 1530 1217 Σὺ
1537 1183 1627 1221 εἶπας·
1641 1188 1686 1218 καὶ
1697 1189 1745 1219 τὸν

969 1231 1046 1271 ὅρκον
1073 1231 1197 1270 ἐτίμησεν
1219 1232 1386 1271 ὁμολογήσας
1394 1255 1402 1269 ,
1429 1233 1474 1262 καὶ
1498 1233 1545 1270 τὴν
1573 1234 1669 1264 κακίαν
1693 1237 1743 1265 οὐκ

970 1277 1181 1317 ἓπληροφόρησε,
1200 1277 1390 1317 βδελυξάμενος
1403 1278 1452 1315 τὴν
1471 1279 1641 1319 πανουργίαν.
1660 1280 1740 1317 Ἐζή-

968 1333 1052 1358 τησαν
1063 1324 1087 1352 οἱ
1098 1324 1221 1352 Ἰουδαῖοι
1232 1325 1320 1356 κακῶς
1330 1346 1338 1359 ,
1349 1324 1394 1353 καὶ
1406 1324 1571 1364 ἀποκρίσεως
1581 1327 1628 1355 οὐκ
1637 1326 1742 1366 ἔτυχον·

969 1368 1016 1397 καὶ
1031 1368 1103 1407 μάλα
1116 1381 1147 1408 γε
1161 1368 1268 1402 εἰκότως
1277 1381 1283 1387 ·
1297 1370 1398 1399 σκολιοὶ
1417 1370 1468 1410 γὰρ
1481 1372 1604 1411 λογισμοὶ
1615 1373 1741 1413 χωρίζου-

968 1425 1008 1443 σιν
1021 1413 1072 1443 ἀπὸ
1087 1415 1167 1444 Θεοῦ.
1182 1416 1241 1444 Οὐκ
1253 1414 1396 1455 ἐπέτρεπεν
1417 1417 1496 1445 αὐτοῦ
1515 1416 1563 1453 τὴν
1577 1418 1670 1458 σοφίαν
1685 1423 1741 1452 τοῖς

966 1461 1056 1493 κακῶς
1075 1460 1123 1497 τὴν
1138 1460 1230 1500 σοφίαν
1245 1462 1325 1490 αὐτοῦ
1339 1462 1613 1502 πολυπραγμονοῦσιν.
1630 1465 1678 1498 Εἰς
1690 1476 1739 1494 κα,

965 1506 1089 1546 κότεχνον
1102 1506 1153 1547 γὰρ
1167 1507 1255 1547 ψυχὴν
1268 1508 1316 1536 οὔκ
1329 1507 1506 1537 εἰσελεύσεται
1518 1508 1606 1549 σοφία.

1003 1556 1057 1586 Καὶ
1069 1558 1094 1585 οἱ
1107 1556 1154 1595 μὲν
1165 1556 1293 1590 πολλάκις
1305 1556 1482 1593 ζητήσαντες,
1495 1559 1546 1598 οὗχ
1557 1554 1632 1598 εὗρον
1646 1559 1677 1589 τὸ
1691 1561 1740 1595 ζη-

963 1602 1088 1640 τούμενον
1100 1615 1106 1621 ·
1128 1602 1194 1642 γυνὴ
1221 1602 1249 1632 δέ
1271 1615 1311 1636 τις
1339 1602 1438 1636 ἀδόλως
1463 1603 1508 1633 καὶ
1530 1604 1627 1645 γνησίᾳ
1650 1605 1739 1636 πίστει

963 1650 1146 1688 προσελθοῦσα
1155 1671 1163 1685 ,
1179 1650 1208 1678 οὗ
1222 1648 1373 1688 πειράσασα
1385 1648 1436 1685 τὴν
1448 1650 1636 1687 ἀκατάληπτον
1661 1651 1738 1681 δύνα-

964 1707 1019 1734 μιν,
1035 1695 1103 1724 ἀλλὰ
1117 1692 1163 1724 καὶ
1181 1696 1208 1724 ἐν
1229 1694 1361 1730 ἁπλότητι
1374 1697 1413 1735 τῷ
1427 1695 1518 1736 Κυρίῳ
1537 1698 1718 1736 προσελθοῦσα
1728 1720 1737 1734 ,

963 1741 1008 1770 καὶ
1029 1742 1094 1780 ψιλῇ
1110 1740 1158 1779 μὲν
1171 1743 1204 1780 τῇ
1218 1740 1302 1776 λέξει,
1321 1740 1417 1781 γνησίᾳ
1432 1741 1459 1770 δὲ
1473 1744 1506 1781 τῇ
1519 1742 1608 1772 πίστει
1630 1743 1738 1784 φήσασα

962 1787 1027 1827 πρὸς
1043 1786 1120 1816 αὐτόν
1131 1799 1138 1805 ·
1153 1786 1272 1825 Οἴδαμεν
1291 1786 1331 1816 ὅτι
1342 1786 1405 1816 ὅταν
1419 1786 1481 1827 ἔλθῃ
1496 1789 1617 1823 Μεσσίας
1629 1791 1644 1819 6
1657 1791 1737 1830 λεγό-

963 1845 1038 1871 μενος
1048 1833 1163 1873 Χριστὸς
1172 1855 1180 1869 ,
1195 1833 1273 1866 αὐτὸς
1282 1835 1346 1872 ἡμῖν
1358 1833 1462 1862 ἅπαντα
1474 1835 1627 1875 ἀναγγελεῖ·
1642 1837 1740 1871 εὐθέως

962 1879 1060 1915 ἤκουσε
1070 1879 1144 1919 παρὰ
1157 1881 1203 1908 τοῦ
1218 1879 1372 1918 ἀγαπῶντος
1390 1879 1528 1915 ἁπλότητα
1538 1893 1545 1899 ·
1560 1881 1632 1921 Ἐγώ
1651 1884 1707 1922 εἶμι
1721 1885 1739 1912 6

960 1926 1049 1954 λαλῶν
1071 1936 1120 1954 σοι.
1142 1924 1257 1954 Οὐδέπω
1275 1924 1398 1964 ἠρώτησε
1407 1947 1415 1960 ,
1435 1925 1480 1954 καὶ
1503 1926 1597 1960 εὐθέως
1623 1928 1732 1967 ἔμαθεν·

961 1970 1064 2000 οὐδέπω
1084 1970 1129 2000 τὸν
1149 1972 1197 2006 τῆς
1211 1970 1326 2003 πίστεως
1339 1970 1444 2011 ἔσπειρε
1463 1972 1550 2011 λόγον,
1573 1973 1618 2002 καὶ
1639 1975 1734 2008 εὐθέως

960 2017 1005 2046 τὸν
1017 2017 1118 2056 καρπὸν
1130 2018 1178 2052 τῆς
1189 2016 1322 2050 εὔσεὸείας
1332 2016 1456 2056 ε’θέρισεν.
1466 2017 1554 2057 Ἄγιος
1564 2018 1615 2058 γὰρ
1629 2022 1643 2049 6
1656 2020 1735 2058 Θεὸς,

960 2063 1054 2096 ἁπλοῖς
1074 2062 1119 2091 καὶ
1142 2062 1224 2101 ἁγίοις
1241 2062 1491 2101 ἐπαναπαυόμενος,
1511 2063 1574 2092 ὅταν
1595 2065 1735 2101 ἁπλότητα

959 2108 1002 2148 ἴδῃ
1017 2112 1063 2137 τοῦ
1075 2107 1287 2148 προσερχομένου
1296 2130 1303 2144 ,
1318 2108 1398 2137 ἁπλοῖ
1409 2108 1454 2138 καὶ
1468 2109 1545 2143 αὒτὸς
1558 2112 1605 2145 τῆς
1637 2113 1732 2141 ἑαυτοῦ

959 2154 1051 2194 σοφίας
1064 2153 1113 2190 τὴν
1127 2153 1293 2193 εὐεργεσίαν
1313 2154 1375 2183 ὅταν
1391 2153 1435 2194 ἴδῃ
1450 2156 1660 2196 διεστραμμένην
1681 2170 1732 2187 κα-

958 2201 1004 2241 κίᾳ
1016 2200 1114 2241 ψυχὴν,
1128 2199 1226 2229 κωλύει
1239 2200 1288 2236 τὴν
1308 2200 1469 2240 εὐεργεσίαν,
1490 2202 1535 2231 καὶ
1549 2204 1578 2232 οὗ
1592 2204 1731 2243 προσίεται

957 2245 1005 2282 τὴν
1017 2246 1198 2276 διδασκαλίαν.
1208 2245 1300 2275 Ἄκουε
1310 2247 1390 2275 αὐτοῦ
1399 2246 1520 2286 λέγοντος
1532 2248 1575 2278 διὰ
1586 2250 1730 2284 Μωῦσέως·

955 2295 967 2307 “
979 2291 1045 2321 Ἐὰν
1065 2294 1139 2330 ὑμεῖς
1161 2291 1308 2332 πορεύησθε
1331 2291 1397 2332 πρός
1415 2304 1449 2331 με
1467 2294 1552 2333 ὀρθοὶ,
1574 2294 1649 2334 κάγὼ
1664 2296 1731 2336 πρὸς

955 2341 1023 2377 ὑμᾶς
1036 2338 1122 2378 ὀρθός
1139 2338 1184 2368 ἐὰν
1207 2338 1234 2368 δὲ
1258 2340 1336 2377 ὑμεῖς
1349 2338 1474 2378 πλάγιοι,
1498 2340 1573 2380 κάγὼ
1592 2341 1730 2381 χρήσομαι

954 2387 1014 2423 ὑμῖν
1039 2387 1113 2425 θυμῷ
1127 2385 1232 2425 πλαγίῳ
1242 2397 1248 2403 ·
1272 2386 1323 2425 οὐχ
1345 2385 1386 2414 ὅτι
1409 2385 1458 2422 τὴν
1480 2387 1576 2422 ἑαυτῆς
1597 2387 1729 2423 εὐθύτητα

953 2432 1093 2469 πλαγιάζει
1106 2434 1122 2467 ἡ
1138 2430 1194 2461 θεία
1206 2430 1298 2471 φύσις,
1320 2432 1379 2460 ἀλλ’
1395 2430 1437 2461 ὅτι
1456 2435 1510 2465 τοῖς
1529 2437 1652 2472 πονηροῖς
1666 2435 1726 2462 κατ’

953 2476 1053 2506 εὐθείαν
1067 2478 1101 2506 τὰ
1114 2477 1187 2516 παρὰ
1201 2478 1249 2512 τ’ῆς
1267 2476 1389 2512 ἀληθείας
1403 2478 1451 2507 οὐκ
1464 2478 1580 2518 ἔρχεται.
1598 2478 1645 2508 Ἐν
1662 2480 1726 2520 ποίᾳ

187 2601 197 2614 ⁸
216 2594 274 2619 time
289 2602 338 2618 non
349 2592 381 2618 ad
394 2592 497 2618 verbum
514 2600 544 2617 ex
560 2591 691 2625 Scriptura
709 2591 823 2618 desumta
839 2592 997 2626 sunt.[Paulc
1011 2598 1069 2617 unte
1081 2592 1163 2618 Cotcl.
1176 2593 1248 2626 conj.
1262 2593 1388 2628 προῖεται.]
