1890 2826
256 189 299 212 20
587 187 616 210 S.
644 187 784 210 JOANMS
812 186 994 211 CRRYSOST.
1023 186 1178 210 ARCHIEP.
1208 186 1479 212 CONSTANTINOP-

108 257 228 286 {sai.7.4.
253 255 303 286 est,
326 247 533 288 respondeamus
554 248 629 289 ipsis,
642 258 704 277 eum
725 247 836 285 dixisse,
849 259 940 278 rerum
955 248 995 278 si—

253 295 451 334 gnificationem
474 293 559 334 ipsius
581 304 677 323 nomen
697 304 764 323 esse.
785 293 830 324 Sic
849 294 930 323 etiam
949 293 994 323 hic

254 341 418 371 faciendum.
437 341 487 370 97,
511 341 585 370 Cum
600 341 714 380 judicio
736 342 814 369 enim
830 341 996 370 salvabitur

255 388 410 428 captivitas
424 388 498 427 ejus,
510 393 538 415 et
553 396 618 415 cum
639 386 843 421 misericor-dia.
861 387 933 416 Cum
945 388 994 427 ju-

255 434 342 471 dicio,
355 433 384 462 id
397 440 447 469 est,
461 443 522 462 oum
543 432 671 468 vindicta,
685 432 805 462 cruciatu
821 440 847 463 et
859 432 994 473 supplicio

255 479 435 509 inimicorum.
457 479 531 508 Cum
555 479 763 515 misericordia,
781 478 833 508 hoc
856 486 906 516 est,
931 489 995 508 cum
1012 483 1032 505 A

255 526 340 556 multa
358 525 532 565 benignitate.
553 526 615 554 Duo
633 525 678 554 hic
705 526 771 565 ipsis
790 525 908 555 maxima
924 525 995 554 dona

253 572 409 612 pollicetur,
424 571 526 601 scilicet
536 578 600 600 tunc
613 581 705 611 poenas
717 571 827 601 daturos
844 582 888 601 eos
905 572 954 611 qui
967 582 995 600 se

254 618 432 655 abduxerant,
444 625 562 657 tuncque
574 628 602 647 se
614 618 700 647 multa
711 618 842 648 fruituros
860 629 916 648 esse
932 617 994 647 feli-

254 665 342 701 citate,
356 675 473 703 quorum
485 671 629 704 utrumque
648 664 758 694 seorsim
775 675 898 704 magnam
912 670 995 704 potest

253 711 348 740 afferre
360 711 526 750 voluptatem
535 723 543 739 :
549 721 611 740 cum
618 717 707 740 autem
715 710 793 740 ambo
801 710 995 746 concurrerint,

253 757 440 787 inenarrabilis
449 757 539 787 laetitia
553 758 643 787 fuerit.
656 757 772 787 Aliunde
780 767 844 787 vero
857 756 996 786 ostendere

253 805 358 843 volens,
373 812 434 845 post
454 805 562 845 longam
585 805 767 845 captivitatem
780 815 835 841 eos,
850 814 902 834 non
921 803 996 843 quod

253 852 348 892 dignas
372 862 463 892 poenas
488 851 620 887 dederint,
646 861 695 880 nee
718 849 793 890 quod
817 857 923 891 peecata
947 860 996 879 sua

253 898 432 938 expiaverint,
453 897 501 927 sed
525 905 635 938 propter
660 897 850 937 benignitatem
877 897 938 935 Dei,
966 897 995 926 in

254 941 330 974 suam
344 944 437 973 reduci
450 950 559 980 terram,
576 954 635 982 quae
648 944 720 973 satus
739 943 825 983 magis
839 950 878 973 est
889 943 997 973 miseri-

254 991 363 1028 cordiae,
376 1001 457 1030 quam
468 989 653 1019 retributionis
665 990 710 1020 vel
727 990 844 1030 praemii,
859 990 919 1019 ideo
930 990 995 1019 sub·
1014 992 1031 1015 B

250 1038 385 1079 junxit,E
388 1043 398 1066 t
411 1047 477 1065 cum
490 1036 697 1065 misericordia.
705 1035 755 1065 98.
764 1036 807 1065 Et
815 1041 999 1065 conterentur

254 1086 350 1125 iniqui
361 1089 389 1112 et
398 1089 564 1124 peccatores
574 1082 673 1112 simul.
681 1082 771 1112 Tertia
784 1081 842 1112 haec
851 1089 890 1112 est
898 1082 999 1122 speeies

252 1131 388 1168 beneficii,
403 1129 477 1171 quod
489 1140 567 1159 nemo
587 1129 623 1158 sit
641 1129 689 1168 qui
707 1128 823 1158 abducat
835 1135 861 1158 et
874 1128 902 1158 in
922 1129 997 1158 frau-

253 1178 316 1208 dem
329 1178 428 1215 trahat,
444 1176 491 1207 sed
505 1175 630 1215 nequitiae
642 1175 764 1205 doctores
779 1175 814 1204 de
832 1174 921 1204 medio
932 1175 998 1205 suh-

254 1225 302 1254 lati
315 1225 379 1254 sint.
393 1225 433 1253 Ει
445 1224 496 1263 qui
510 1222 728 1262 dereliquerunt
741 1222 912 1258 Dominum,
929 1232 998 1251 con-

254 1271 487 1301 summabuntur.
505 1268 587 1308 Impii
609 1274 715 1304 autem,
737 1267 836 1306 inquit,
860 1267 995 1307 peribunt.

255 1318 306 1347 29.
333 1317 410 1356 Quia
425 1326 503 1345 nunc
522 1314 741 1354 confundentur
759 1315 790 1343 in
815 1315 904 1343 idolis
926 1316 996 1351 suis,

254 1374 320 1405 quoe
345 1364 402 1404 ipsi
423 1363 593 1392 voluerunt.
617 1360 736 1398 Quidam
761 1360 816 1390 haec
837 1360 910 1390 dicta
933 1361 999 1391 huic

199 1440 206 1448 ,
254 1410 369 1451 tempori
389 1416 482 1449 aptare
499 1413 629 1437 conantur
643 1419 649 1435 :
666 1413 692 1435 at
710 1416 758 1435 nos
772 1416 824 1436 non
847 1407 997 1437 confutabi-

255 1468 315 1486 mus
329 1457 404 1492 illos,
414 1455 461 1484 scd
472 1453 567 1483 seriem
579 1463 731 1491 sequemur.
740 1453 804 1482 Haec
810 1453 911 1494 quippe
924 1460 997 1491 sunt,

255 1514 315 1543 quae
343 1508 471 1531 eventura
490 1499 558 1529 dicit
578 1499 606 1527 in
634 1498 755 1527 hostium
783 1498 903 1528 incursu.
928 1500 999 1529 Cum

256 1551 328 1580 enim
341 1572 348 1586 ‚
365 1549 481 1578 barbaro
499 1554 596 1576 terram
619 1545 787 1582 incursante,
811 1546 904 1575 urbem
927 1546 998 1576 obsi-

256 1596 346 1632 dente,
367 1602 393 1624 et
414 1604 505 1624 omnes
526 1592 603 1631 quasi
623 1591 726 1621 retibus
753 1591 870 1621 inclusos
885 1598 997 1629 tenente,
1017 1589 1036 1613 C

258 1653 336 1672 nemo
344 1640 425 1670 fuerit
432 1639 480 1679 qui
493 1637 628 1672 defendat,
639 1644 665 1666 et
673 1637 774 1666 nubem
786 1637 863 1666 illam
874 1637 1000 1678 depellat,

258 1700 290 1718 eo
301 1688 376 1728 quod
389 1688 470 1716 aDeo
491 1684 613 1714 derelicti
633 1683 743 1720 fuerint,
755 1685 818 1724 jure
830 1694 864 1713 ex
884 1684 942 1724 ipsa
957 1695 999 1714 re-

259 1747 320 1765 rum
339 1733 513 1774 experientia,
528 1738 592 1761 tunc
605 1741 702 1770 magno
718 1730 822 1770 pudore
840 1731 999 1761 suffunden-

258 1788 304 1811 tur
326 1781 347 1810 ii
365 1780 413 1820 qui
442 1779 584 1808 coluerunt
620 1776 704 1806 idola.
734 1777 805 1815 Quoe
831 1777 999 1816 voluerunt,

129 1832 251 1854 idololatren
259 1828 357 1867 inquit,
372 1828 400 1856 in
414 1825 513 1865 quibus
531 1823 619 1853 studia
633 1833 681 1852 sua
697 1823 923 1853 collocarunt.Et
935 1834 1000 1853 eru-

107 1865 208 1886 sibideus
217 1864 251 1886 sa-

109 1896 250 1924 ciebanhquo

260 1877 375 1904 bescent
408 1875 440 1901 ιἠ.
464 1871 648 1910 sculptilibus
679 1871 739 1898 suis
765 1881 831 1910 quoe
853 1870 998 1909 fecerunt.

109 1926 166 1947 aihu
201 1931 250 1948 tur-
258 1920 398 1951 Narrantis
410 1929 484 1948 more
497 1916 690 1946 accusationem
703 1915 830 1945 instituit.
845 1917 1002 1947 Sufficiebat

108 1958 167 1984 pius.

258 1967 331 1997 enim
343 1966 422 1995 etiam
436 1971 496 1993 ante
515 1962 647 1991 inflictum
661 1962 772 1998 vulnus,
786 1961 832 1991 vel
850 1962 908 2002 ipse
928 1962 1002 1992 idola

258 2010 419 2042 conficiendi
450 2008 547 2039 modus
574 2007 609 2036 ad
632 2018 677 2037 eos
706 2007 810 2047 pudore
834 2008 999 2039 afficiendos.

258 2058 335 2097 Quid
344 2058 414 2088 enim
428 2056 546 2096 turpius,
559 2065 641 2094 quam
653 2054 707 2083 sibi
720 2054 772 2094 ipsi
791 2054 875 2084 deum
893 2056 1002 2086 facere?

258 2108 298 2136 Et
312 2104 626 2145 confundentursuper
639 2102 729 2130 hortis
739 2103 809 2138 suis,
817 2112 883 2141 quoe
895 2112 994 2132 eoncu-

256 2154 403 2192 piverum.
417 2151 479 2180 Non
491 2148 580 2178 solum
595 2148 667 2176 enim
687 2147 824 2187 sculptilia
840 2147 998 2185 adorabant,

232 2197 234 2199 ’
258 2199 305 2229 sed
318 2198 398 2228 etiam
415 2197 523 2226 arbores
537 2195 563 2224 in
587 2194 673 2224 hortis
692 2194 823 2223 colebant.
835 2195 886 2224 50.
903 2196 1000 2225 Erunt
1019 2201 1038 2223 Ι)

259 2248 337 2275 enim
351 2245 436 2285 quasi
450 2243 640 2276 terebinthus,
654 2240 804 2280 quoesolia
816 2250 871 2269 sua
893 2243 1000 2271 amisit.

259 2293 368 2325 Scilicet
380 2291 463 2327 idola,
474 2289 517 2318 vel
529 2289 608 2318 etiam
619 2298 663 2317 eos
673 2287 720 2326 qui
731 2288 826 2317 urbem
839 2288 1001 2318 incolebant.

261 2339 410 2378 Imaginem
430 2345 509 2376 porro
529 2334 633 2363 arboris
654 2334 736 2373 hujus
756 2333 876 2372 induxit,
891 2334 954 2374 quia
976 2335 1003 2364 in

261 2386 309 2415 illa
332 2383 440 2424 regione
454 2381 612 2411 nascebatur
637 2386 663 2409 et
679 2380 804 2418 frequens
825 2388 891 2418 erat,
901 2388 927 2410 et
939 2381 1003 2420 quia

260 2431 407 2462 admodum
421 2429 498 2459 floret
511 2434 537 2457 et
549 2426 631 2456 densa
651 2426 723 2455 foliis
736 2433 785 2464 est,
801 2426 866 2457 dum
880 2428 960 2465 viret,
976 2435 1002 2458 et

260 2486 408 2508 extremam
423 2473 619 2505 deformitatem
635 2483 690 2512 prae
711 2483 739 2502 se
756 2473 834 2512 ferat,
853 2485 916 2503 cnm
937 2475 1002 2505 folia

294 2574 304 2585 ‘¹
323 2569 366 2592 Καὶ
379 2569 405 2591 τὸ
417 2568 447 2591 τὰ
457 2567 620 2598 ἁμαρτήματα
633 2563 803 2594 ἀποκείρασθαι.
817 2561 909 2587 Nescio
921 2570 953 2587 an
964 2571 1019 2587 um-

262 2615 338 2641 quam
351 2605 425 2630 tnlem
436 2611 508 2628 usum
517 2601 585 2628 vocis
595 2603 757 2634 ἀποκείρασθαι
770 2598 884 2625 viderim.

1050 260 1145 287 ποιμεν
1161 249 1191 277 ἂν
1205 249 1270 289 πρὸς
1283 249 1390 288 αὐτοὺς,
1401 250 1442 280 ὅτι
1455 250 1504 287 τὴν
1517 251 1570 281 ἀπὸ
1582 253 1636 280 τῶν
1655 248 1818 290 πραγμάτων

1051 295 1184 333 σημασίαν
1195 295 1291 335 ἔφησεν
1302 296 1385 335 ὄνομα
1396 292 1462 326 εἶναι
1472 309 1478 316 ·
1488 297 1578 338 ὥσπερ
1589 293 1633 327 οὗν
1645 296 1689 327 καὶ
1699 298 1818 335 ἐνταῦθα.

1050 341 1127 370 Μετὰ
1141 341 1192 381 γὰρ
1207 341 1333 381 κρίματος
1345 343 1493 379 σωθήσεται
1506 347 1523 380 ἡ
1539 343 1709 383 αἰχμαλωσία
1723 344 1818 378 αὐτῆς,

1050 387 1095 416 καὶ
1116 386 1183 425 μετὰ
1205 388 1393 427 ἓλεημοσύνης.
1417 389 1495 418 Μετὰ
1518 389 1659 430 κρίματος,
1682 388 1818 424 τουτέστι,

1050 432 1118 471 μετὰ
1129 432 1203 470 δίκης
1215 433 1261 463 καὶ
1273 434 1405 469 κολάσεως
1417 434 1464 465 καὶ
1472 435 1600 476 τιμωρίας
1612 437 1665 464 τῶν
1674 433 1818 474 πολεμίων.

1049 479 1127 509 Μετὰ
1140 479 1334 519 ἔλεημοσύνης,
1348 481 1481 519 τουτέστι,
1496 482 1596 517 πολλῆς
1612 483 1660 517 τῆς
1673 482 1819 521 φιλανθρω-

1049 525 1121 560 πίας.
1144 525 1199 555 Δύο
1225 527 1337 556 ἐνταῦθα
1364 527 1556 567 ἐπαγγέλλεται
1588 527 1701 567 μέγιστα
1731 528 1819 559 αὖτοῐς

1050 573 1139 613 δῶρα,
1159 572 1189 602 τό
1209 585 1239 602 τε
1251 572 1327 610 δίκην
1347 574 1437 603 δοῦναι
1450 573 1511 608 τοὺς
1530 573 1724 614 ἐπαγαγόντας,
1746 573 1777 602 τό
1789 584 1818 602 τε

1050 618 1143 652 αὐτοὺς
1156 619 1257 655 πολλῆς
1268 621 1418 649 ἀπολαῦσαι
1429 621 1477 655 τῆς
1491 619 1646 660 εὐημερίας,
1657 614 1694 648 ὗν
1708 618 1819 649 ἕκαστον

1049 665 1094 694 καὶ
1109 667 1167 695 καθ’
1191 665 1268 695 ἑαυτὸ
1283 665 1409 705 μεγίστην
1430 666 1519 696 ἰκανὸν
1539 670 1686 706 παρασχεῖν
1706 665 1818 701 ἡδονήν·

1048 710 1110 740 ὅταν
1133 712 1160 741 δὲ
1174 711 1219 741 καὶ
1233 711 1369 752 ἀμφότερα
1391 711 1527 752 συνδράμῃ
1537 733 1545 748 ,
1560 711 1657 752 ἄφατος
1677 710 1772 751 γένοιτ’
1787 710 1819 740 ἂν

1048 759 1065 793 ἡ
1080 757 1237 798 εὐφροσύνη.
1261 757 1360 792 Ἄλλως
1378 770 1407 787 τε
1421 758 1466 787 καὶ
1489 757 1568 792 δεῖξαι
1591 757 1763 798 βουλόμενος,
1778 757 1819 787 ὅτι

1048 803 1093 832 καὶ
1108 803 1176 842 μετὰ
1191 803 1240 839 τὴν
1256 804 1360 845 μακρὰν
1374 803 1569 844 αἰχμαλωσίαν,
1583 805 1612 833 οὐ
1626 804 1670 834 διὰ
1687 804 1718 834 τὸ
1731 805 1818 834 δοῦναι

1049 848 1124 885 δίκην
1138 849 1222 885 ἀξίαν,
1235 853 1246 866 ³
1258 850 1303 880 καὶ
1316 850 1347 880 τὸ
1359 850 1393 880 τὰ
1411 849 1592 890 ἁμαρτήματα
1613 850 1817 890 ἀποκείρασθαι,

1049 895 1118 925 ἀλλὰ
1139 895 1182 924 διὰ
1195 896 1244 932 τὴν
1257 896 1452 936 φιλανθρωπίαν
1471 896 1519 933 τὴν
1534 897 1613 926 αὐτοῦ
1632 896 1697 937 πρὸς
1709 895 1758 933 τὴν
1777 897 1817 926 οῖ-

1049 940 1122 971 κείαν
1137 941 1321 980 ἐπανάγονται,
1340 942 1385 971 καὶ
1405 942 1478 971 ἐλέου
1498 942 1598 981 μᾶλλόν
1610 942 1681 971 ἔστιν
1699 942 1717 978 ἡ
1735 939 1822 979 σωτη-

1052 987 1112 1027 ρία,
1130 986 1147 1023 ἢ
1168 987 1322 1021 ἀντιδόσεως
1341 987 1387 1017 καὶ
1407 988 1533 1027 ἀμοιὸἧς,
1547 987 1677 1027 ἐπήγαγε,
1693 987 1748 1018 Καὶ
1762 989 1820 1027 μετ’

1051 1033 1237 1072 ἐλεημοσύνης.
1261 1033 1314 1063 Καὶ
1337 1033 1554 1073 συντριὸήσονται
1575 1035 1599 1063 οἱ
1621 1034 1714 1073 ἄνομοι
1733 1034 1779 1063 καὶ
1797 1035 1822 1063 οἱ

1051 1079 1204 1119 ἁμαρτωλοὶΙ
1219 1078 1286 1118 ἅμα.
1299 1079 1396 1119 Τρίτον
1410 1080 1455 1109 καὶ
1473 1082 1551 1108 τοῦτο
1571 1079 1720 1120 εὐεργεσίας
1741 1075 1822 1114 εἶδος,

1050 1124 1081 1154 τὸ
1103 1125 1203 1164 μηδένα
1224 1120 1290 1155 εἶναι
1302 1125 1347 1155 τὸν
1361 1125 1547 1166 παρασύροντα
1564 1125 1610 1155 καὶ
1633 1125 1698 1166 πρὸς
1716 1126 1822 1161 ἀπάτην

1050 1171 1172 1207 ἕλκοντα,
1188 1171 1246 1200 ἀλλ’
1269 1171 1387 1201 ἐκποδὼν
1408 1171 1526 1211 γίνεσθαι
1546 1171 1606 1205 τοὺς
1627 1174 1675 1208 τῆς
1694 1172 1822 1212 πονηρίας

1052 1217 1231 1251 διδασκάλους.
1259 1218 1312 1247 Καὶ
1337 1219 1361 1247 οἱ
1392 1217 1626 1257 ἐγκαταλείποντες
1652 1218 1696 1247 τὸν
1724 1217 1822 1258 Κύριον

1052 1263 1312 1299 συντελεσθήσονται.
1328 1265 1363 1294 Οἱ
1376 1263 1402 1293 δὲ
1417 1264 1529 1300 ἀσεὸεῖς,
1541 1263 1630 1304 φησὶν,
1649 1265 1819 1294 ἀπολοῦνται.

1052 1309 1127 1339 Διότι
1139 1311 1184 1338 νῦν
1199 1309 1418 1350 αἷσχυνθήσονται
1434 1311 1461 1339 ἐν
1475 1314 1530 1344 τοῖς
1542 1309 1659 1343 εἰδώλοις
1672 1311 1768 1347 αὐτῶν,
1781 1312 1821 1350 ἐφ’

1052 1351 1090 1390 οἷς
1109 1356 1183 1386 αὐτοὶ
1205 1356 1352 1386 ἑδούλοντο.
1374 1356 1451 1390 Τινὲς
1473 1356 1520 1396 μὲν
1542 1356 1587 1386 καὶ
1614 1356 1684 1386 κατὰ
1704 1356 1749 1386 τὸν
1771 1369 1823 1386 πα-

1055 1402 1132 1443 ρόντα
1156 1402 1246 1442 καιρὸν
1270 1402 1303 1432 τὰ
1327 1402 1454 1443 εἰρημένα
1479 1403 1601 1443 ἁρμόζειν
1629 1404 1823 1443 ἐπιχειροῦσιν·

1054 1451 1112 1479 ἀλλ’
1126 1451 1204 1488 ἡμεῖς
1221 1448 1280 1478 οὔτε
1300 1449 1412 1483 ἐκείνους
1432 1449 1619 1489 αἰτιασόμεθα,
1643 1449 1689 1478 καὶ
1703 1451 1736 1489 τῇ
1761 1451 1821 1479 ἀκο-

1053 1495 1145 1536 λουθίᾳ
1166 1495 1290 1536 ἑψόμεθα.
1309 1496 1404 1524 Ταῦτα
1424 1495 1475 1535 γάρ
1498 1496 1580 1532 ἐστιν,
1604 1494 1621 1524 ἃ
1641 1494 1824 1533 συμὸήσεσθαί

1055 1553 1133 1581 φησιν
1147 1541 1191 1570 ἐπὶ
1204 1542 1251 1576 τῆς
1265 1542 1316 1570 τῶν
1330 1541 1463 1580 πολεμίων
1484 1540 1586 1581 ἐφόδου.
1604 1540 1689 1570 σΟταν
1706 1540 1758 1580 γὰρ
1777 1543 1823 1570 τοῦ

1057 1587 1189 1627 βαρὸάρου
1201 1586 1249 1623 τὴν
1264 1586 1353 1627 χώραν
1374 1586 1596 1626 κατατρέχοντος,
1618 1587 1663 1616 καὶ
1675 1586 1724 1623 τὴν
1747 1586 1824 1615 πόλιν

1055 1633 1281 1674 περικαθημένου,
1304 1632 1350 1662 καὶ
1371 1632 1471 1666 πάντας
1491 1634 1526 1666 ὡς
1550 1633 1577 1661 ἐν
1592 1632 1705 1666 δικτύοις
1729 1632 1824 1672 μέσους

1055 1678 1175 1719 ἔχοντος,
1190 1678 1281 1719 μηδεὶς
1292 1681 1306 1708 ὁ
1319 1678 1426 1717 ἀμύνων
1445 1674 1462 1718 ᾗ
1476 1678 1521 1707 καὶ
1535 1678 1565 1707 τὸ
1579 1678 1653 1719 νέφος
1669 1680 1753 1708 ἐκεῖνο
1767 1680 1823 1708 δια-

1055 1726 1210 1767 κρουόμενος
1229 1725 1273 1756 διὰ
1289 1725 1338 1762 τὴν
1355 1725 1538 1765 ἐγκατάλειψιν
1557 1727 1602 1755 τοῦ
1616 1726 1702 1761 Θεοῦ,
1716 1725 1824 1758 εἰκότως

1055 1772 1099 1801 καὶ
1108 1771 1135 1806 ἐξ
1146 1773 1226 1808 αὐτῆς
1236 1773 1288 1801 τῶν
1295 1771 1459 1812 πραγμάτων
1473 1773 1519 1807 τῆς
1531 1770 1624 1811 πείρας
1637 1771 1723 1807 πολλὴ
1738 1783 1823 1800 κατα-

1056 1818 1262 1854 σκεδασθήσεται
1281 1820 1334 1847 τῶν
1354 1817 1388 1847 τὰ
1407 1817 1504 1846 εἴδωλα
1522 1817 1718 1858 θεραπευόντων
1739 1819 1756 1853 ἡ
1779 1820 1821 1847 αἷ-

1056 1864 1150 1905 σχύνη.
1173 1864 1232 1905 Ἐφ’
1254 1860 1292 1898 οἷς
1312 1863 1466 1899 ἐδούλοντο,
1479 1865 1539 1903 περὶ
1561 1863 1579 1892 ἃ
1599 1864 1821 1900 ἓσπουδάκεισαν,

1056 1911 1129 1952 φησί.
1148 1910 1201 1941 Καὶ
1215 1910 1433 1951 αἷοχυνθήσονται
1447 1910 1491 1939 ἐπὶ
1511 1915 1564 1943 τοῖς
1584 1911 1709 1950 γλυπτοῖς
1723 1911 1821 1946 αὐτῶν,

1056 1960 1095 1998 ἐφ’
1110 1954 1146 1992 οἷς
1157 1958 1293 1994 ἐποίησαν.
1304 1956 1351 1987 Ἐν
1363 1956 1434 1991 τάξει
1451 1956 1595 1996 διηγήσεως
1607 1957 1766 1997 κατηγορίαν
1781 1957 1823 1987 τί-

1055 2004 1139 2041 Θησιν.
1157 2003 1255 2044 Ἤρκει
1272 2004 1323 2043 γὰρ
1337 2002 1383 2032 καὶ
1395 2002 1447 2043 πρὸ
1464 2005 1512 2039 τῆς
1531 2005 1583 2032 τῶν
1601 2003 1760 2043 τραυμάτων
1775 2004 1822 2033 ἔκ-

1054 2051 1164 2087 &deame
1178 2050 1223 2080 καὶ
1242 2049 1319 2083 αὐτὸς
1332 2051 1380 2084 τῆς
1398 2048 1521 2086 τοιαύτης
1534 2049 1713 2087 εἰδωλοποιίας
1731 2051 1746 2078 ὁ
1763 2049 1823 2089 τρό-

1053 2110 1103 2132 πος
1123 2096 1216 2130 αὐτοὺς
1238 2097 1430 2135 καταισχῦναι.’
1449 2095 1485 2124 Τί
1509 2094 1560 2135 γὰρ
1585 2094 1756 2135 αἰσχρότερον
1777 2098 1823 2124 τοῦ

1055 2144 1112 2174 θεόν
1125 2155 1184 2173 τινα
1197 2143 1282 2182 ἑαυτῷ
1295 2145 1394 2177 ποιεῑν;
1409 2140 1461 2170 Καὶ
1477 2141 1697 2181 αἰσχυνθήσονται
1712 2140 1756 2170 ἐπὶ
1770 2145 1824 2174 τοῖς

1055 2190 1150 2227 κήποις
1160 2190 1245 2218 αὐτῶν
1260 2209 1268 2224 ,
1283 2189 1321 2228 ἐφ’
1336 2182 1373 2220 οἷς
1388 2186 1567 2225 ἐπεθύμησαν.
1581 2188 1622 2217 Οὖ
1635 2187 1686 2227 γὰρ
1700 2187 1732 2223 δὴ
1746 2187 1824 2221 ξόανα

1055 2235 1230 2277 προσεκύνουν
1252 2234 1345 2274 μόνον,
1365 2232 1433 2262 ἀλλὰ
1446 2232 1492 2262 καὶ
1506 2233 1599 2273 δένδρα
1617 2234 1643 2263 ἐν
1657 2234 1752 2270 κήποις
1767 2236 1822 2264 ἐθε-

1057 2283 1180 2323 ράπευον.
1194 2280 1322 2311 Ἔσονται
1335 2279 1385 2319 γὰρ
1404 2281 1439 2312 ὣς
1459 2278 1606 2319 τερέὸινθος
1624 2280 1824 2316 ἀποὸεὸληκυῖα

1056 2331 1137 2366 αὐτῆς
1155 2328 1189 2358 τὰ
1202 2327 1295 2368 φύλλα.
1308 2325 1410 2356 ¹³''Hs-ov,
1430 2325 1464 2354 τὰ
1479 2325 1586 2362 εἴδωλα,
1603 2326 1620 2362 ἢ
1643 2327 1717 2356 αὐτοὶ
1737 2328 1761 2356 οἱ
1774 2327 1824 2363 τὴν

1055 2376 1133 2407 πόλιν
1153 2377 1290 2407 οἰκοῦντες.
1310 2371 1368 2408 Τὴν
1389 2372 1417 2401 δὲ
1436 2372 1524 2401 εἰκόνα
1544 2374 1590 2401 τοῦ
1612 2372 1716 2412 δένδρου
1730 2372 1823 2402 τούτου

1055 2422 1212 2464 παρήγαγε,
1237 2419 1281 2450 διά
1303 2431 1332 2448 τε
1357 2417 1387 2447 τὸ
1414 2417 1540 2458 ἐγχώριον
1567 2413 1634 2448 εἶναι
1655 2418 1772 2458 μάλιστα
1793 2419 1823 2448 τὸ

1055 2473 1135 2515 φυτὸν
1157 2471 1202 2502 καὶ
1223 2470 1290 2502 πολὺ
1312 2470 1375 2510 παρ’
1399 2470 1502 2506 αὖτοῖς,
1526 2468 1571 2498 καὶ
1595 2468 1639 2498 διὰ
1664 2468 1695 2498 τὸ
1723 2469 1823 2509 σφόδρα

1101 2561 1114 2580 b
1133 2560 1201 2588 Haec,
1214 2562 1264 2588 ἤτοι
1276 2561 1306 2584 τὰ
1317 2558 1409 2587 εἴδωλα,
1424 2555 1516 2581 desunt
1527 2556 1553 2581 in
1563 2555 1641 2582 Savil.
1654 2561 1679 2581 et
1694 2556 1767 2589 Reg„
1779 2555 1824 2580 sed

1068 2599 1193 2624 hahentur
1205 2599 1230 2623 in
1243 2596 1373 2622 Bavarico.
