1890 2826
577 167 607 192 S.
634 165 774 191 soanms
799 164 983 190 CHRYSOST-
1013 158 1168 188 ARCHIEP.
1196 164 1464 190 CONSTANTINOP-

235 160 301 203 ¹24

227 232 299 270 gitus
316 237 366 268 cst,
391 230 477 260 multo
501 240 583 269 quam
608 229 728 269 corporis
749 226 968 270 perspicaciores.
1024 226 1179 266 βλέποντας.
1194 227 1229 258 Ἡ
1251 228 1300 267 μὲν
1313 228 1365 269 γὰρ
1387 230 1433 258 τοῦ
1456 228 1579 268 σώματος
1599 229 1675 269 ὄψις,
1700 226 1731 258 ἃν
1746 227 1796 268 μὲν

226 278 296 306 Nam
314 276 435 317 corporis
463 280 596 316 aspectus,
613 275 636 305 si
657 274 769 314 quidem
782 285 831 315 per
852 284 971 305 vacuum
1022 272 1066 302 διὰ
1084 276 1159 303 κενοῦ
1174 273 1287 314 φέρηται
1300 277 1346 304 τοῦ
1362 274 1453 315 ἀέρος,
1468 274 1549 315 μέχρι
1562 275 1662 304 πολλοῦ
1675 278 1722 304 τοῦ
1736 275 1807 304 δια--

226 334 314 352 aerem
334 323 446 360 feratur,
461 322 498 351 ad
515 322 626 362 longum
640 319 970 361 intervallumprogredi-
987 331 1006 355 c
1023 319 1158 358 στήματος
1168 319 1303 360 πρόεισιν·
1316 320 1346 350 ἂν
1368 320 1396 350 δὲ
1415 323 1502 361 μικρῷ
1515 320 1654 362 προσπέσῃ
1675 321 1803 360 σώματι,·

226 377 272 399 tur
284 380 290 397 :
305 369 378 409 quod
399 369 422 399 si
437 369 465 398 in
479 368 610 408 exiguum
628 377 726 408 corpus
749 366 902 407 impegerit,
917 375 970 395 non
1022 365 1140 406 καθάπερ
1153 368 1237 406 ῥεῦμα
1249 366 1391 407 φερόμενον
1405 366 1608 407 ἀναχαιτισθὲν,
1628 369 1665 401 εἰς
1677 367 1797 397 τούπίσω

224 416 304 446 aliter
315 427 397 455 quam
405 415 497 445 ssuxus
509 414 556 454 qui
566 414 711 451 ferebatur,
723 413 862 443 obstaculo
877 411 981 452 repul«
1021 412 1101 442 πάλιν
1115 413 1310 453 ἀποστρέφεται
1321 425 1326 432 -
1340 414 1363 442 οἱ
1378 413 1406 443 δὲ
1419 416 1468 449 τῆς
1480 415 1567 454 ψυχῆς
1586 413 1732 454 ὀφθαλμοὶ,
1745 413 1795 444 κᾶν

228 473 285 500 sus,
293 462 382 492 denuo
395 469 527 491 retrosum
541 460 673 491 avertitur
684 473 691 489 :
701 470 795 490 verum
803 458 885 489 animi
898 458 970 488 oculi
1021 458 1141 499 τοίχους,
1153 458 1203 489 κᾶν
1219 459 1296 499 τείχη
1306 482 1315 497 ,
1331 458 1381 489 κᾶν
1395 460 1462 500 ὀρῶν
1477 460 1586 499 μεγέθη,
1598 459 1647 489 κᾶν
1662 459 1730 490 αὐτὰ
1742 461 1796 489 τῶν

227 508 331 537 etiamsi
345 508 470 548 parietes,
482 506 586 537 etiamsi
598 505 708 544 moenia,
719 505 822 535 etiamsi
837 504 971 534 montium
1021 504 1137 544 οὐρανῶν
1166 505 1277 545 εὕρωσιν
1302 506 1390 539 αὐτοῖς
1424 507 1583 535 ἀπαντῶντα
1606 505 1640 535 τὰ
1664 505 1777 545 σώματα
1786 528 1794 542 ,

227 555 322 589 moles,
337 554 440 584 etiamsi
460 554 587 583 caelorum
606 562 718 593 corpora
731 551 908 592 compererint
918 550 972 582 ob-

226 600 331 637 stantia,
344 600 433 630 omnia
443 600 521 629 facile
540 605 759 640 praetercurrunt.
774 599 896 628 Attamen
910 607 972 627 cum

226 654 326 677 tantam
335 647 432 676 habeat
444 646 605 677 celeritatem
618 652 644 675 et
658 645 799 675 oculorum
813 644 896 674 aciem
918 643 974 672 ani-

226 704 340 731 ma,non
354 704 389 723 ex
399 703 455 723 sese
469 692 604 722 sufficiens
617 698 657 721 est
670 690 703 720 ad
718 689 922 730 intelligentiam
936 699 978 718 re-

226 750 287 769 rum
298 739 455 776 caelesfium,
464 738 509 768 sed
519 749 588 778 opus
597 737 648 767 illo
655 736 735 766 habet
741 735 790 775 qui
799 735 885 776 ipsam
892 745 975 764 manu

1021 551 1108 580 πάντα
1122 552 1358 591 παραδραμῶνται
1372 551 1478 592 ῥᾳδίως.
1494 553 1564 581 Ἀλλ’
1580 551 1653 591 ὅμως
1666 551 1736 582 οὕτω
1749 552 1796 582 καὶ

1022 598 1169 637 ταχυτῆτος
1183 597 1228 627 καὶ
1249 597 1379 632 ὀξυωπίας
1399 597 1498 638 ἔχουσα
1511 600 1529 634 ἡ
1543 597 1633 638 ψυχὴ,
1655 599 1704 628 οὐκ
1724 597 1806 627 ἔστιν·

1024 642 1157 681 αὐτάρκης
1174 643 1240 683 πρὸς
1260 643 1308 680 τὴν
1329 645 1382 673 τῶν
1403 643 1532 683 οὐρανίων
1553 643 1713 681 κατανόησιν
1728 644 1809 680 αὖτὴ·

1024 691 1083 718 καθ’
1096 689 1202 726 ἑαυτὴν,
1215 689 1283 719 ἀλλὰ
1297 692 1343 719 τοῦ
1356 689 1602 730 χειραγωγήσοντος
1609 690 1691 727 αὐτὴν
1703 691 1807 720 δεῖται.·

1024 735 1186 774 Ποιήσωμεν
1198 735 1212 753 ‘¹
1220 732 1264 765 οὗν
1280 735 1345 776 ὅπερ
1357 737 1381 765 οἱ
1395 735 1442 769 τὰς
1457 735 1596 775 βασιλικὰς
1609 736 1690 770 αὐλὰς
1703 737 1795 766 ἐπιθυ-

225 784 351 814 deducat.
367 784 510 814 Faciamus
523 784 607 823 igitur
618 782 692 821 quod
706 781 734 810 in
758 792 852 821 regum
865 780 974 821 palatiis
990 790 1009 813 ι)
1025 783 1133 819 μοῦντες
1144 782 1208 811 ἰδεῖν
1219 785 1332 811 ποιοῦσι.
1348 781 1384 811 Τί
1399 781 1441 810 δαὶ
1454 782 1549 811 ἰκεῖνοι
1571 784 1689 819 ποιοῦσι;
1704 781 1798 818 Ζητή-

223 831 310 860 facere
322 830 419 866 solent,
433 829 480 869 qui
495 831 609 870 cupiunt
626 839 658 858 ea
670 827 773 858 videre.
787 826 862 864 Quid
883 834 973 856 autem

223 877 267 906 illi
280 876 405 906 faciunt?
422 876 480 906 Ubi
494 874 648 915 quaesierint
660 884 723 904 eum
736 873 780 903 cui
794 873 884 904 claves
897 883 971 903 com-

224 923 312 953 missae
326 929 400 959 sunt,
416 922 497 951 illum
509 921 620 957 adeunt,
636 920 815 959 alloquuntur
825 925 851 948 et
864 918 971 958 suppli-

225 976 297 1006 cant,
312 969 463 1007 frequenter
485 974 512 996 et
525 966 667 1007 pecuniam
686 971 838 1002 numerant,
853 970 885 993 ut
907 964 973 1004 ipsis

224 1014 400 1053 gratificetur.
414 1013 550 1043 Adeamus
571 1022 635 1051 ergo
657 1018 685 1040 et
697 1021 745 1040 nos
767 1020 852 1040 unum
866 1019 971 1046 eorum,

223 1061 324 1100 quibus
337 1060 452 1090 caeloetes
460 1066 542 1100 portae
553 1057 701 1088 commissas
711 1063 783 1094 sunt,
791 1056 970 1096 appellemus,

224 1108 419 1148 supplicemus,
439 1116 489 1146 pro
513 1104 626 1146 pecunia
650 1109 785 1144 promtam
805 1102 972 1133 voluntatem

223 1155 411 1192 sincerumque
424 1152 549 1182 affectum
562 1150 747 1180 exhibeamus.
758 1149 797 1178 Et
809 1148 833 1178 si
848 1147 896 1177 ille
902 1157 972 1176 mer-

224 1199 317 1229 cedem
327 1199 396 1228 hanc
407 1197 549 1237 acceperit,
556 1206 636 1225 manu
645 1201 735 1224 nostra
748 1193 913 1234 apprehensa
923 1203 973 1233 per

1023 838 1115 860 σαντες
1136 827 1180 856 τὸν
1201 827 1235 856 τὰ
1257 828 1364 868 κλεῖθρα
1383 829 1436 857 τῶν
1450 828 1534 867 θυρῶν
1553 826 1796 867 ἔγκεχειρισμίνον,

1022 872 1115 913 ἐκείνῳ
1128 873 1322 913 προσέρχονται
1335 873 1380 903 καὶ
1395 873 1558 913 διαλέγονται
1571 877 1617 903 καὶ
1634 872 1796 908 ἱκετεύωσι,

1022 919 1151 952 πολλάκις
1169 919 1197 948 δὲ
1211 919 1256 948 καὶ
1271 918 1394 959 ἀργύριον
1408 918 1632 957 καταὸάλλουσιν,
1649 919 1719 949 ὥστε
1733 920 1796 949 δοῦ-

1022 975 1065 992 ναι
1079 965 1167 998 αὐτοῖς
1185 964 1235 1000 τὴν
1254 965 1342 1005 χάριν.
1361 965 1557 1005 Προσέλθωμεν
1574 961 1619 995 οὖν
1639 965 1685 995 καὶ
1697 968 1797 1004 εἡμεῖς

1022 1021 1073 1039 τινι
1088 1012 1142 1039 τῶν
1154 1010 1202 1044 τὰς
1214 1009 1300 1044 πύλας
1320 1011 1553 1051 ἔπιτετραμμένων
1573 1011 1620 1045 τὰς
1644 1011 1794 1052 οὐρανίους,

1022 1055 1066 1085 καὶ
1080 1055 1276 1096 διαλεχθῶμεν,
1290 1057 1476 1096 ἱκετεύσωμεν,
1491 1058 1547 1086 ἀντ’
1565 1056 1688 1097 ἀργυρίου
1698 1057 1797 1098 προαί-

1023 1113 1094 1142 ρεσιν
1109 1101 1299 1142 ἐπιδειξώμεθα
1313 1102 1358 1132 καὶ
1376 1103 1491 1132 διάθεσιν
1512 1103 1650 1143 εἰλικρινῆ.
1663 1103 1721 1132 Κᾶν
1735 1105 1797 1133 τοῦ-

1022 1160 1066 1177 τον
1080 1148 1179 1181 ἐκεῖνος
1189 1148 1261 1188 λάὸῃ
1275 1148 1320 1178 τὸν
1335 1148 1426 1188 μισθὸν
1436 1170 1444 1185 ,
1456 1150 1504 1184 τῆς
1520 1149 1608 1190 χειρὸς
1621 1150 1699 1188 ἡμῶν
1713 1148 1797 1179 λοιδό-

1024 1205 1116 1232 μενος,
1141 1197 1278 1234 πανταχοῦ
1301 1194 1493 1234 περιηγήσεται
1502 1217 1510 1232 ,
1534 1196 1583 1224 οὐκ
1605 1194 1674 1224 αὐτὰ
1699 1195 1800 1229 δεικνὺς

224 1244 313 1274 omnia
326 1242 520 1280 circumducet,
536 1252 588 1271 non
602 1241 679 1270 illam
698 1239 840 1269 ostendens
853 1238 967 1278 regiam,
987 1245 1007 1268 E
1022 1239 1056 1268 τὰ
1081 1239 1219 1278 βασίλεια,
1241 1240 1301 1268 ἀλλ’
1325 1239 1404 1269 αὐτὸν
1428 1240 1577 1279 καθήμενον
1600 1240 1646 1269 τὸν
1669 1240 1797 1280 βασιλέα,

224 1291 271 1321 sed
292 1291 382 1331 ipsum
394 1291 497 1329 Regem
511 1289 550 1326 *in
563 1287 632 1317 solio
651 1286 787 1317 sedentem
804 1284 973 1315 adstantibus

225 1337 388 1368 exercitibus
407 1335 629 1374 exercituumque
641 1333 771 1371 ducibus,
786 1331 972 1362 assistentibus

224 1382 464 1413 innumerabilium
473 1380 630 1421 angelorum
637 1386 664 1409 et
675 1378 897 1418 archangelorum
909 1377 972 1407 mil·

224 1430 313 1466 libus3
336 1428 425 1458 omnia
445 1427 590 1467 diligenter
601 1425 680 1455 nobis
694 1423 824 1460 ostendet,
839 1430 974 1462 quatenus

225 1476 302 1505 nohis
315 1474 408 1506 videre
420 1472 570 1510 licet.Quis
581 1471 711 1512 igiturest
724 1470 774 1500 iste
787 1470 832 1499 eui
840 1470 898 1499 haec
910 1469 974 1499 fun-

225 1522 278 1551 ctio
291 1520 433 1551 commissa
449 1526 499 1557 est,
509 1529 589 1558 quam
605 1525 744 1557 sequentes
757 1526 829 1546 nunc
846 1515 975 1546 volumus

225 1568 331 1608 ingredi
345 1568 359 1597 ἶ)
373 1567 467 1604 Isaias,
481 1565 676 1606 prophetarum
684 1563 882 1594 vocalissimus.
896 1562 983 1601 Ergo.

224 1624 329 1643 necesse
342 1620 392 1649 est,
400 1619 430 1642 ut
443 1613 516 1641 hunc
529 1610 710 1649 alloquamur.
719 1608 810 1648 Agite,
819 1607 971 1647 sequamini

222 1659 370 1699 composito
384 1657 471 1698 gradu
484 1656 646 1692 incedentes,
659 1655 745 1684 multo
763 1664 826 1683 cum
843 1653 950 1683 silentio
963 1663 969 1680 :

222 1716 255 1734 nc
272 1705 334 1744 quis
348 1703 515 1743 ingrediatur
537 1701 610 1731 curis
625 1707 739 1731 onustus
765 1698 924 1736 mundanis,
940 1709 974 1729 ne
980 1724 1017 1743 1⁰⁸

1023 1286 1075 1314 τῶν
1101 1285 1308 1325 στρατευμάτων
1327 1284 1482 1325 παρόντων,
1505 1285 1551 1317 καὶ
1574 1287 1628 1315 τῶν
1650 1287 1798 1327 ἀρχιστρα-

1025 1330 1112 1371 τήγων
1131 1330 1323 1371 παρεστώτων,
1337 1333 1389 1361 τῶν
1404 1331 1538 1371 μυριάδων
1558 1333 1612 1361 τῶν
1633 1333 1797 1372 ἀγγελικῶν,

1023 1379 1076 1406 τῶν
1092 1377 1220 1417 χιλιάδων
1239 1378 1292 1406 τῶν
1314 1378 1513 1418 ἀρχαγγελικῶν
1524 1389 1531 1396 ·
1551 1377 1640 1407 πάντα
1660 1380 1724 1417 ἡμῖν
1738 1379 1797 1408 ἐπι-

1025 1422 1102 1457 δείξει
1117 1425 1175 1462 μετ’
1188 1422 1333 1463 ἀκριὸείας,
1346 1426 1381 1457 ὡς
1394 1425 1459 1462 ἡμῖν
1474 1424 1536 1453 ἰδεῖν
1553 1423 1671 1454 δυνατόν.
1688 1425 1714 1454 Τ
1715 1424 1738 1458 ίς
1751 1420 1796 1454 οἶν

1024 1470 1096 1499 ἔστιν
1109 1465 1199 1505 οὗτος
1219 1468 1259 1503 τίς
1271 1471 1286 1499 ὁ
1306 1469 1336 1499 τὸ
1350 1468 1428 1509 μέρος
1448 1471 1526 1499 τοῦτο
1540 1470 1796 1509 ἐμπεπιστευμίνος,

1024 1516 1082 1544 καθ’
1096 1514 1111 1545 ὃ
1123 1515 1270 1554 βουλόμεθα
1289 1517 1336 1544 νῦν
1347 1515 1488 1551 εἰσελθεῖν,
1501 1514 1626 1552 Ἡσαΐας,
1640 1518 1654 1545 ὁ
1665 1517 1718 1545 τῶν
1731 1527 1798 1556 προ-

1024 1563 1115 1600 φητῶν
1130 1560 1387 1602 μεγαλοφωνότατος.
1402 1563 1507 1591 Οὐκοῦν
1522 1562 1624 1601 ἀνάγκη
1638 1561 1723 1602 τούτῳ
1737 1562 1797 1591 δια-

1024 1607 1160 1647 λεχθῆναι.
1182 1608 1251 1637 Ἀλλ’
1275 1607 1369 1637 ἕπεσθε
1391 1607 1597 1648 κατεσταλμένῳ
1617 1610 1709 1648 ῥυθμῷ
1721 1607 1797 1648 βαδί-

1025 1655 1112 1687 ζοντες
1123 1652 1190 1691 μετὰ
1202 1653 1315 1694 ἡσυχίας
1328 1654 1437 1689 πολλῆς.
1457 1654 1559 1690 Μηδεὶς
1577 1653 1716 1694 φροντίδας
1722 1654 1799 1694 ,ἔχων

1026 1698 1152 1739 βιωτικὸς
1163 1698 1260 1736 εἰσίτω,
1274 1699 1366 1738 μηδεὶς
1380 1699 1520 1739 μετέωρος,
1534 1699 1602 1738 μήτε
1621 1699 1797 1739 ἐπτοημένος,

99 1769 216 1790 &fimum
223 1751 284 1790 quis
304 1750 390 1780 animi
407 1748 520 1785 dubius,
531 1746 635 1786 nequis
652 1745 796 1776 attonitus:
807 1755 904 1775 verum
915 1744 973 1774 haec
988 1754 1008 1776 Α
1025 1745 1093 1775 ἀλλὰ
1106 1747 1190 1774 ταῦτα
1202 1744 1289 1774 πάντα
1306 1744 1376 1779 ’ἔξω
1393 1745 1505 1786 πρώτων
1527 1747 1611 1785 θυρῶν
1625 1745 1797 1785 ἀποθέμενοι,

74 1793 187 1828 quomodo

75 1830 199 1851 audiendae.

72 2082 162 2105 Isai.6.
178 2089 198 2104 ι.

224 1797 314 1826 omnia
326 1796 391 1825 foris
404 1801 465 1824 ante
485 1793 583 1823 ostium
597 1792 764 1832 deponamus
777 1801 880 1828 omnes,
893 1797 976 1829 atque

223 1843 260 1872 ita
283 1843 395 1872 demum
407 1839 601 1880 ingrediamur.
617 1837 790 1878 Ingredimur
801 1837 874 1866 enim
888 1836 916 1865 in
927 1847 972 1866 re-

222 1900 306 1929 gnum
326 1889 466 1923 caelorum,
482 1885 685 1916 conscendimus
699 1883 728 1913 in
748 1883 870 1922 regiones
882 1883 971 1912 stellis

225 1936 401 1974 fulgurantes.
415 1935 483 1970 Quae
505 1933 580 1961 intus
592 1937 654 1960 sunt
674 1930 743 1959 miro
759 1929 867 1959 silentio
892 1929 971 1970 plena

223 1988 296 2018 sunt,
304 1979 492 2020 mysteriisque
505 1987 558 2006 non
571 1975 713 2006 efferendis
723 1975 831 2005 referta.

263 2029 293 2056 2.
306 2026 361 2056 Sed
370 2022 574 2054 animadvertite
587 2021 732 2061 diligenter
749 2033 756 2050 :
768 2030 831 2050 nam
842 2021 969 2061 Scriptu-

221 2083 314 2102 rarum
336 2071 415 2101 lectio
439 2069 567 2099 caelorum
584 2073 624 2097 est
636 2066 775 2096 reseratio,
791 2067 833 2096 Et
845 2067 970 2107 sactum

221 2125 262 2148 est
285 2127 376 2154 anno,
397 2126 455 2156 quo
472 2121 602 2144 mortuus
628 2118 670 2142 est
697 2113 784 2142 Ozias
812 2123 874 2150 rex,
904 2114 971 2142 vidi

222 2165 383 2193 Dominum
397 2162 544 2191 sedentem
562 2161 594 2195 5¹!
609 2158 684 2188 solio
708 2158 824 2187 excelso
836 2164 865 2187 et
876 2158 966 2188 elato.

220 2210 324 2242 Vidisti
336 2208 415 2249 probi
426 2206 522 2237 famuli
531 2204 744 2235 benevolentiam
755 2203 968 2234 humanitatem-

221 2257 296 2297 que?
310 2255 389 2286 lllico
412 2264 461 2283 nos
474 2253 509 2282 ad
530 2251 629 2281 solium
650 2250 760 2280 induxit
774 2250 891 2290 regium,
917 2261 968 2281 nec

1023 1791 1119 1825 πάντες
1129 1790 1211 1824 οὕτως
1221 1790 1354 1830 εἰσίωμεν.
1367 1792 1415 1824 Εἷς
1428 1790 1550 1830 βασίλεια
1559 1790 1611 1831 γὰρ
1622 1790 1797 1831 εἰσερχόμεθα

1022 1839 1075 1866 τῶν
1098 1838 1229 1877 οὐρανῶν,
1256 1837 1461 1877 ἀστραπτόντων
1483 1836 1654 1875 ἐπιὸαίνομεν
1678 1836 1795 1877 χωρίων.

1022 1882 1176 1966 Ῑξρλλῆςιτὰ
1189 1882 1260 1913 ἔνδον
1279 1883 1357 1923 γέμει
1376 1885 1452 1922 σιγῆς
1471 1882 1517 1912 καὶ
1538 1882 1690 1922 μυστηρίων
1712 1883 1796 1923 ἀπορ-

1023 1932 1037 1970 ῤ
1058 1941 1121 1960 των.

1061 2022 1142 2053 Ἀλλὰ
1155 2022 1301 2063 προσέχετε
1314 2023 1382 2062 μετὰ
1394 2022 1546 2063 ἀκριὸείας·
1561 2025 1578 2059 ἡ
1592 2023 1643 2064 γὰρ
1657 2023 1710 2053 τῶν
1724 2024 1795 2063 Γρα-

1021 2071 1077 2109 φῶν
1091 2068 1236 2108 ἀνάγνωσις
1249 2070 1302 2098 τῶν
1320 2070 1437 2108 οὖρανῶν
1455 2070 1526 2098 ἐστιν
1548 2068 1653 2102 ἄνοιξις.
1667 2067 1720 2098 Καὶ
1734 2067 1796 2105 ἐγέ-

1021 2127 1093 2152 νετο,
1107 2114 1185 2155 φησὶ,
1205 2117 1251 2144 τοῦ
1273 2116 1405 2151 ἐνιαυτοῦ,
1420 2110 1450 2143 οἶ
1472 2114 1600 2144 ἀπέθανεν
1614 2113 1704 2148 Ὀζίας
1715 2115 1729 2143 ὁ
1743 2115 1795 2153 βα-

1020 2160 1117 2196 σιλεὺς,
1127 2155 1195 2190 εἶδον
1207 2159 1251 2190 τὸν
1261 2160 1359 2200 Κύριον
1371 2160 1518 2199 καθήμενον
1533 2159 1577 2189 ἐπὶ
1591 2151 1681 2199 θρόνου
1693 2160 1798 2200 ὑψηλοῦ

1019 2206 1065 2236 καὶ
1079 2204 1238 2246 ἐπηρμένω.
1253 2200 1330 2239 Εἶδες
1344 2205 1509 2245 εὐγνώμονος
1522 2205 1626 2235 οἰκέτου
1641 2204 1798 2246 φιλοφροσύ-

1019 2264 1081 2289 νην;
1105 2252 1210 2286 Εὐθέως
1228 2254 1299 2291 ἡμᾶς
1321 2251 1397 2291 παρὰ
1416 2251 1461 2281 τὸν
1485 2251 1575 2291 θρόνον
1601 2251 1726 2291 εἰσήγαγε
1750 2250 1796 2280 τὸν

220 2304 297 2344 prius
308 2300 465 2339 circumegit
485 2305 545 2338 post
564 2298 658 2336 longos
673 2296 801 2335 ambitus,
816 2296 863 2326 sed
884 2297 967 2327 simul
983 2305 1001 2328 Β
1020 2298 1166 2337 βασιλικὸν,
1180 2298 1209 2328 οὖ
1224 2297 1327 2338 μακρὰς
1341 2297 1469 2337 πρότερον
1482 2297 1652 2337 περιαγαγὼν
1666 2296 1795 2334 εἰσόδους,

251 2407 262 2423 ‘¹
280 2406 383 2438 Aliquot
393 2404 452 2429 Mss.
474 2407 530 2438 ὅπερ
549 2405 569 2428 οἱ
585 2405 626 2430 τὰς
636 2403 752 2430 Βασιλικὰς
764 2403 833 2430 αὐλὰς
849 2404 982 2435 ἐπιθυμοῦν-

1064 2410 1074 2422 e
1093 2402 1203 2434 Quidam
1214 2403 1336 2436 Mss.p'zu'
1347 2405 1412 2435 ἡμεῖς
1424 2404 1456 2428 ἑνὶ
1464 2408 1508 2429 τῶν
1521 2411 1526 2426 :
1540 2407 1566 2427 et.
1577 2402 1613 2427 sic
1624 2400 1714 2435 legisse
1726 2399 1795 2427 vide-

221 2459 266 2476 τες.
287 2445 356 2470 Edui
369 2448 380 2470 ὃ
392 2447 444 2478 περὶ
464 2446 506 2471 τὰς
512 2443 633 2475 βασιλικὰς
655 2442 725 2469 αὐλὰς
732 2443 752 2466 οἱ
763 2443 922 2473 ἐπιθυμοῦντες
933 2443 984 2467 ἰδεῖν
1031 2441 1072 2460 ῑῑΙΓ
1084 2436 1212 2461 ΕΓΗΞΙΠΙΙΒ·

220 2488 324 2511 Praestat
344 2489 412 2508 certe
429 2481 503 2506 lectio
521 2479 763 2511 Manuscriptorum,
781 2484 810 2503 ut
825 2478 910 2504 videre
927 2485 980 2512 est;

220 2526 294 2551 lectio
305 2529 389 2548 autem
401 2520 535 2546 Editor-um
553 2517 642 2543 vitiata
651 2538 658 2549 ‚
671 2522 699 2542 ut
718 2522 779 2550 puto
787 2536 795 2551 ,
807 2517 869 2550 fuit,
880 2524 979 2543 mutato

222 2569 276 2598 ἕπερ
290 2567 309 2589 οἱ
319 2563 344 2587 iu
358 2565 438 2596 ὃπερῐ,
449 2558 475 2584 id
486 2556 554 2592 quod
568 2555 640 2582 facilc
651 2555 707 2582 fuit.

1063 2482 1074 2494 =¹
1092 2475 1208 2505 Quatuor
1219 2474 1277 2500 Mss-
1290 2477 1332 2505 ι’ῒω
1344 2478 1389 2509 πρὸ
1401 2480 1443 2500 τῶν
1455 2478 1526 2509 θυρῶν
1535 2477 1668 2506 ἀποθέμενοι
1679 2477 1792 2501 πάντες...

1030 2519 1061 2544 εἱ,-
1072 2517 1190 2548 enachim
1202 2519 1255 2550 γάρ,
1273 2519 1299 2539 ct
1309 2514 1346 2539 sic
1358 2512 1417 2547 legit
1430 2514 1480 2538 Era
1495 2522 1557 2540 mus.
1572 2511 1658 2539 uocet.
1675 2517 1701 2536 et
1713 2510 1794 2537 Savil.

1034 2558 1062 2583 εἷς
1071 2556 1174 2587 βασίλεια
1183 2557 1235 2587 γάρ.
