1904 2840
25 407 63 430 αἱ.
74 407 98 430 3.

74 459 120 494 ‘m

609 186 641 208 m
655 186 872 208 *tnA'r'fflAEum
900 186 1017 208 nomn.
1046 186 1166 210 xxxnt.

1615 183 1686 232 879

143 257 190 277 sua
204 256 290 286 neque
301 245 404 285 videre,
419 255 506 291 neque
514 246 620 292 audire,
634 256 722 286 neque
735 247 885 287 intelligere
902 250 922 273 Α
938 253 964 275 et
977 247 1163 291 complectitur
1176 259 1235 278 eam
1250 261 1258 279 ι
1273 249 1313 279 sie
1323 256 1350 280 et
1362 252 1527 283 conversatio
1540 254 1683 294 Gentium,

142 295 202 325 quae
210 293 339 326 aguntur,
347 296 433 325 neque
446 296 537 323 irasci,
546 296 632 325 neque
641 285 779 321 vindicare
787 297 866 326 posse
876 299 883 315 :

141 335 195 354 non
207 326 296 355 solum
308 335 362 354 non
376 325 548 355 se‘abstiuent
561 326 596 355 ab
609 325 762 355 idololatria
771 349 779 362 ,
792 332 884 355 et-non

141 375 169 393 se
189 371 349 395 convertunt
361 365 396 394 ad
409 374 506 394 verum
519 367 616 401 Deum,
630 365 677 395 sed
690 365 811 404 quotidie
825 376 883 395 ma-

141 403 183 443 gis
196 404 299 434 addunt
310 412 429 444 peccata,
446 405 516 434 sicut
528 405 565 434 ait
577 405 703 435 Salomon
720 417 728 434 ι
741 406 886 435 Peccator

141 443 265 484 adjiciat
284 444 326 473 ad
334 445 526 483 peccandum.
539 445 644 474 Deinde
657 445 745 474 omnia
757 445 882 474 animalia

123 480 130 495 ¹
140 484 264 522 quamvis
273 483 386 514 libenter
398 492 495 514 terram
509 484 650 524 aspiciant,
665 494 771 525 semper
782 490 882 520 tamen,

140 522 248 561 qnando
260 522 368 558 volunt,
390 530 502 564 possunt
514 524 608 554 tollere
625 523 725 554 collum
746 534 827 553 suum
847 523 882 553 ad

139 562 234 591 caelum
246 562 336 592 :solus
347 563 463 592 camelus
472 570 561 593 autem
571 574 718 603 numquam
730 570 816 603 potest
825 574 883 592 sur-

138 611 200 631 sum
216 602 311 631 tollere
327 602 429 632 collum
447 613 527 632 suum
537 625 546 640 ,
567 603 649 648 gibbo
667 602 808 643 depressus
822 614 829 631 ε
843 602 882 632 sie

138 650 230 687 omnes
241 648 392 686 peccatores
406 642 520 672 libenter
533 642 643 682 quidem
655 652 760 682 semper
777 649 882 671 terrena

26 685 129 711 adeunt.
139 680 154 696 *
164 688 309 721 aspiciunt,
321 688 406 711 tamen
417 681 640 727 quandocumque
651 682 757 718 volunt,
770 689 882 722 possunt

15 1557 49 1579 nl.
69 1563 77 1578 ι
83 1556 112 1580 30

19 1672 72 1696 Cor.
85 1679 110 1695 ια

139 727 292 750 convertere
302 731 330 750 se
340 721 376 750 ad
386 722 516 751 caelestem
523 722 656 761 justinam
667 734 674 751 ε
688 727 778 760 gentes
790 728 881 750 autem

138 759 215 789 nullo
223 760 304 789 modo
316 768 428 800 possunt
438 761 574 801 explicare
586 772 623 797 se,
631 768 656 791 et
664 761 698 790 ad
708 761 803 790 divina
813 771 879 790 con-

138 806 248 835 vertere,
265 800 417 830 idololatria
430 811 478 830 sua
497 800 613 836 curvati,
629 808 655 831 et
666 801 800 830 exoecati.
815 800 880 830 Ideo

137 837 208 868 sicut
217 839 335 868 camelus
352 850 438 879 neque
447 840 574 869 deorsum
588 847 659 870 recto
677 840 748 870 collo
760 840 879 879 aspicere

137 884 234 917 potest,
252 879 321 908 sicut
332 886 424 908 catera
437 879 573 915 animalia,
587 890 675 919 neque
687 891 795 909 sursum
809 887 879 910 recto

136 917 207 946 collo
217 919 335 958 aspicere
345 925 440 959 potest,
450 919 520 948 sicut
527 919 618 956 homo,
631 919 676 949 sed
690 920 758 949 inter
771 930 878 950 sursum

136 962 163 985 et
174 956 301 987 deorsum
310 959 454 998 capute'us
466 958 564 999 pendet
573 960 600 988 in
612 959 699 988 medio
714 971 720 987 :
733 960 768 988 ita
781 966 806 988 et
816 971 879 998 gen-

134 995 196 1025 tiles
212 1007 298 1036 neque
317 969 482 1028 animaiibus
501 999 684 1028 assimilantur
702 999 736 1028 ad
758 999 877 1038 plenum,

134 1044 222 1074 neque
234 1037 388 1067 hominibus
402 1038 504 1067 similes
517 1045 588 1068 sunt.
605 1039 716 1078 Propter
728 1038 878 1068 humanum

134 1081 160 1103 et
167 1076 322 1106 rationalem
331 1077 495 1107 intellectum
503 1088 582 1107 suum
591 1078 742 1106 hominibus
754 1088 806 1107 non
816 1085 879 1108 sunt

136 1114 249 1152 similes,
260 1117 326 1154 quia
339 1126 484 1156 numquam
497 1117 621 1154 caelestia,
634 1117 681 1146 sed
693 1124 795 1148 terrena
806 1128 876 1147 sem-

169 1165 184 1183 r
193 1155 342 1184 attendunt.
358 1156 462 1186 Deinde
474 1157 543 1186 sicut
554 1157 642 1186 omnia
652 1157 777 1186 animalia
788 1168 877 1196 aequa-

147 1193 172 1221 ia
186 1194 285 1224 hahent
297 1205 376 1224 crura
389 1198 509 1236 corporis
521 1197 563 1226 sui
578 1199 726 1235 (quantum
738 1197 808 1226 enim
828 1197 877 1226 ha-

135 1232 180 1261 bet
203 1234 353 1264 altitudinis
375 1246 472 1276 corpus
500 1237 644 1276 uniuscuju
678 1247 712 1265 ue
736 1236 874 1274 animalis,

136 1278 239 1303 tantum
248 1284 314 1314 pene
322 1274 473 1304 altitudinis
481 1275 579 1304 habent
589 1282 615 1305 et
625 1246 704 1316 pesdes
713 1285 817 1310 eorum,
829 1284 876 1306 aut

133 1311 238 1343 modice
251 1324 293 1343 am
315 1314 369 1343 lius
385 1327 392 1343 z
405 1325 461 1354 prae
474 1315 600 1344 omnibus
613 1322 702 1344 autem
712 1316 875 1346 animalibus

132 1351 219 1381 multo
231 1364 274 1382 am
306 1354 348 1382 ius
362 1355 479 1384 camelus
491 1354 598 1383 altiores
612 1355 692 1384 habet
706 1355 785 1394 pedes
793 1366 875 1394 quam

131 1400 177 1419 οοι·
199 1402 230 1421 us
241 1414 249 1429 ,
288 1403 349 1422 omo
367 1400 455 1422 autem
470 1394 584 1432 aequales
604 1394 683 1423 habet
702 1396 808 1434 corpori
825 1405 874 1424 suo

183 1434 238 1468 es):
250 1432 290 1462 sic
302 1443 392 1462 omnes
404 1433 456 1462 viri
465 1433 543 1473 justi,
554 1433 702 1463 secundum
712 1433 785 1472 quod
797 1442 872 1472 sunt,

131 1469 196 1498 talia
207 1472 342 1512 proposita
351 1472 460 1509 habent,
472 1473 644 1510 cogitationes
654 1480 679 1502 et
687 1480 773 1502 actus.
785 1474 872 1504 Pedes

130 1515 220 1540 autem
235 1519 299 1540 sunt
311 1512 447 1551 proposita
456 1535 463 1547 ,
482 1513 582 1550 quibus
594 1512 629 1541 de
643 1523 671 1542 re
688 1519 825 1542 transeunt
838 1514 873 1542 ad

115 1573 120 1579 .
131 1558 187 1576 rem
202 1563 209 1579 :
220 1550 326 1580 undeet
337 1551 466 1591 propheta
475 1551 597 1580 dicebat:
610 1553 745 1586 Domine,
761 1563 820 1580 non
829 1560 872 1582 est

132 1589 294 1619 exaltatum
315 1600 366 1619 cor·
383 1600 490 1624 meum,
506 1600 600 1630 neque
621 1592 695 1631 elau}
712 1598 781 1620 sunt
794 1593 873 1621 oculi

132 1628 197 1665 mei,
213 1639 308 1669 neque
317 1628 468 1659 ambulavi
476 1629 514 1657 'in
528 1632 652 1670 magnis,
666 1641 759 1669 neque
769 1633 800 1660 in
814 1634 872 1660 mi-

114 1689 120 1695 .
132 1668 274 1698 rabilibus
290 1679 374 1709 super
391 1680 444 1699 me.
457 1670 523 1699 Item
536 1670 690 1709 apostolus:
706 1671 802 1700 Pareo
819 1681 871 1700 au-

132 1712 198 1743 tem,
219 1720 254 1738 ne
274 1711 339 1749 quis
361 1720 407 1738 me
418 1710 562 1738 existimet
576 1719 664 1748 supra
678 1709 710 1738 id
723 1711 803 1749 quod
821 1713 870 1739 vi-

132 1747 181 1776 det
194 1750 226 1777 in
239 1759 296 1785 me,
317 1756 368 1778 aut
386 1749 470 1778 audit
486 1748 602 1788 aliquid
620 1760 657 1778 ez·
677 1760 731 1778 me.
747 1750 870 1779 Peccato-

130 1796 173 1816 res
185 1794 274 1818 autem
289 1789 388 1828 majora
402 1795 566 1828 proponunt,
581 1799 662 1828 quam
676 1795 755 1818 sunt:
770 1799 870 1829 propo-

129 1826 179 1855 sita
192 1838 251 1864 sua,
267 1835 294 1857 et
306 1829 489 1868 cogitationes,
508 1833 534 1856 et
547 1835 621 1857 actus
635 1830 747 1868 majores
756 1829 868 1866 faciunt,

129 1876 210 1904 quam
224 1868 321 1897 habent
335 1868 458 1904 virtutes,
473 1874 503 1896 ut
517 1877 620 1913 semper
632 1869 745 1908 majores
758 1867 869 1898 videan-

129 1912 175 1935 tur
198 1917 254 1936 esse
266 1930 273 1944 ,
293 1918 374 1946 quam
393 1914 455 1937 su'nt
480 1917 486 1935 ε
510 1917 626 1936 maxime
646 1914 735 1937 autem
758 1908 869 1947 gentiles

128 1946 175 1984 qui
190 1957 271 1986 super
283 1947 362 1976 istam
377 1948 542 1987 jactantiam,
564 1957 645 1985 quam
660 1947 760 1976 habent
778 1957 869 1977 omnes

128 1984 250 2015 homines
264 1994 412 2026 peccatores
421 1994 447 2016 et
458 1985 617 2022 mundiales,
630 1985 711 2015 etiam
723 1986 758 2015 ad
769 1994 870 2016 secreta

128 2025 241 2055 oelestia
248 2026 424 2056 extenderunt
434 2025 569 2066 proposita
578 2036 636 2062 sua,
649 2032 674 2055 et
685 2026 866 2066 cogitationes,

128 2071 155 2093 et
163 2072 250 2101 aetus,
262 2065 380 2095 volentes
389 2076 417 2095 se
424 2064 562 2095 ostendere
572 2075 654 2104 supra
666 2075 746 2104 quam
760 2073 816 2094 erat
827 2076 872 2095 na-

128 2110 189 2134 tura
198 2105 317 2149 ipsorum
325 2105 450 2136 humana.
461 2104 559 2134 Adhuc
568 2112 593 2134 et
603 2105 654 2133 alia
670 2105 772 2134 ratione
779 2112 869 2144 gentes

129 2143 426 2181 assimilanturcamelo,
439 2145 566 2184 quoniam
580 2154 628 2173 nec
637 2144 754 2176 camelus
769 2144 803 2173 ad
816 2145 868 2184 ple-

129 2190 193 2211 num
201 2183 356 2213 immundus
363 2191 468 2220 est,nec
474 2183 508 2212 ad
524 2183 633 2222 plenum
647 2184 774 2213 mundus.
783 2185 870 2213 Mun-

128 2220 296 2260 dusquidem
302 2229 351 2256 est,
361 2223 423 2262 quia
430 2229 566 2253 revocatet
574 2223 690 2252 ruminat
699 2235 705 2252 :
714 2223 870 2252 immundus

128 2268 229 2298 autem,
241 2262 304 2300 quia
318 2271 370 2291 non
390 2262 469 2291 habet
479 2261 546 2290 duas
558 2262 671 2300 ungulas
683 2263 757 2291 fissas
772 2275 779 2292 ι
795 2263 833 2291 sic
844 2270 869 2292 et

129 2309 229 2341 gentes,
250 2301 376 2340 quoniam
388 2311 479 2331 vacuae
492 2307 564 2336 sunt,
581 2307 628 2330 nec
643 2301 748 2330 mundae
762 2301 797 2330 acl
814 2302 868 2341 ple-

129 2352 206 2372 num.
221 2341 331 2370 Mundae
345 2340 453 2379 quidem
471 2341 587 2376 fuerunt,
607 2340 670 2378 quia
683 2347 709 2369 et
722 2341 870 2374 tractabant

131 2392 190 2420 quae
201 2381 251 2411 Dei
265 2389 338 2410 erant
358 2393 365 2409 z
385 2379 414 2408 id
427 2386 476 2414 est,
494 2379 675 2414 ruminabant,
691 2387 716 2409 et
729 2390 869 2410 conversa·

129 2421 227 2450 bantur
241 2419 433 2449 rationabiliter
450 2429 516 2458 pone
530 2418 678 2448 secundum
692 2420 778 2448 Deum
795 2432 801 2448 :
822 2420 869 2449 sed

129 2460 366 2496 conversationem,
380 2469 438 2498 quae
447 2469 498 2526 tpes
512 2464 562 2493 est,
578 2468 629 2487 non
644 2458 741 2487 habent
754 2459 869 2489 divisam

131 2499 157 2527 in
169 2499 235 2534 duo,
250 2498 279 2527 id
287 2505 337 2534 est,
349 2499 412 2527 etin
428 2498 446 2526 fi

130 2548 210 2577 opera
223 2544 335 2567 tantum.
349 2539 383 2567 Et
395 2538 464 2566 sicut
477 2537 570 2566 cameli
583 2547 629 2576 pes
641 2537 802 2567 ambulantis
817 2549 869 2568 non

131 2577 244 2617 dissipat
258 2583 366 2613 terram,
380 2576 426 2606 sed
440 2587 502 2606 cum
515 2576 547 2605 sit
562 2576 663 2613 mollis,
677 2577 820 2608 coneordat
831 2578 866 2616 ei,

467 2508 520 2534 em,
531 2505 556 2526 et
569 2497 595 2526 in
609 2508 700 2538 opera,
714 2497 761 2527 sed
771 2498 870 2529 habent
883 2531 887 2535 ,

937 296 1062 323 quamvis
1071 296 1123 315 nou
1133 294 1199 317 esset
1212 288 1292 325 bona,
1301 300 1354 319 non
1362 292 1420 321 erat
1429 291 1562 333 dissipans
1573 301 1682 333 terram,

936 324 988 354 boc
1005 331 1055 361 est,
1071 326 1205 356 cama¹ein
1225 335 1364 366 naturam,
1379 331 1427 361 sed
1449 334 1609 364 conveniens
1627 343 1683 365 erat

936 371 1037 393 naturae
1059 366 1174 403 carnali,
1192 374 1218 396 et
1245 369 1392 398 secundum
1411 371 1576 403 voluntatem
1596 374 1682 414 ipsius

935 411 1001 433 erat.
1016 405 1054 433 Ut
1066 411 1155 434 autern
1171 407 1340 437 manifestum
1354 409 1400 439 fiat
1413 411 1487 449 quod
1499 411 1626 450 dicimus,
1640 425 1682 445 aea

935 443 1065 483 cipiamus
1073 446 1227 485 exemplum
1235 447 1308 486 quod
1317 447 1436 478 dicitura
1459 451 1496 480 ud
1503 452 1556 483 Joh
1564 452 1681 484 deintel-

934 483 1034 522 ligibili
1047 492 1115 522 equo
1128 492 1154 514 et
1166 485 1305 523 bellatore,
1321 487 1372 517 hoc
1383 461 1456 518 modp

934 523 1052 559 cundia,
1067 524 1165 562 inquit,
1178 525 1336 555 demolitur
1350 532 1468 559 ter-mm.
1479 530 1535 566 Qui
1556 542 1621 571 ergo
1638 533 1680 562 in-

934 562 1115 602 telligibiliset
1125 563 1238 594 bellator
1245 575 1330 604 equus
1340 566 1441 596 Christi
1451 576 1500 605 est,
1518 570 1605 609 ipsum
1613 572 1641 602 in
1651 583 1680 603 se

934 609 1042 641 portans
1051 612 1190 639 sessorem,
1206 614 1284 634 omne
1296 615 1363 644 opus
1380 606 1481 636 bonum
1495 615 1521 638 et
1529 610 1680 650 spirituale,

933 640 1008 678 quod
1022 643 1088 681 agit,
1103 642 1130 670 in
1144 643 1284 673 iracundia
1295 645 1360 683 agit,
1373 652 1474 675 naturae
1496 659 1550 677 suae
1563 650 1679 683 irascens

932 680 1044 717 carnali,
1058 681 1085 709 in
1099 691 1130 710 eo
1145 682 1219 721 quod
1233 683 1359 723 displicet
1379 685 1404 714 ei
1418 686 1605 718 malevolentia
1622 701 1679 720 car-

933 720 974 749 nis
983 727 1025 749 :et
1035 720 1178 751 adversans
1185 722 1210 752 ei
1221 723 1249 752 in
1256 723 1461 754 destructionem
1469 728 1556 756 caruis
1562 739 1616 757 suae
1623 731 1679 769 agit

932 760 1006 799 quod
1019 760 1086 799 agit,
1099 767 1125 790 et
1145 761 1259 802 dissipat
1272 773 1379 792 carnem
1396 775 1481 794 suam.
1495 767 1563 796 Nam
1577 768 1600 796 si
1616 770 1678 807 quis

931 800 1085 839 spirituales
1103 800 1215 830 virtutes
1228 803 1395 841 exsequitur,
1411 806 1522 844 propria
1535 807 1678 838 mortificat

932 840 1050 869 membra
1066 851 1072 868 ε
1088 847 1186 878 quanto
1199 842 1283 880 magis
1297 849 1322 871 et
1336 842 1460 883 dissipat,
1478 845 1507 874 id
1520 853 1568 882 est,
1583 846 1676 877 demo-

932 879 996 908 litur
1010 880 1128 909 terram?
1144 881 1266 910 Gentiles
1287 889 1376 911 autem
1389 883 1439 912 etsi
1453 884 1521 914 bona
1536 895 1616 925 opera
1634 888 1675 917 fa-

931 919 1046 953 ciebant,
1061 925 1148 948 tamen
1163 921 1227 958 quia
1239 931 1291 950 non
1306 929 1417 962 propter
1431 924 1518 953 Deum
1531 926 1674 963 faciebant,

930 958 977 987 sed
1004 965 1049 987 aut
1073 966 1183 999 propter
1206 960 1406 990 aestimationem
1432 963 1575 994 humanam
1592 987 1600 1000 ,
1628 973 1675 995 aut

930 1005 1039 1065 propter
1051 998 1169 1028 suturam
1182 1000 1296 1029 nominis
1318 1001 1484 1038 memoriam,
1504 1011 1550 1033 aut
1564 1012 1675 1050 propter

950 1048 981 1066 oe
996 1037 1095 1075 solum,
1110 1038 1175 1078 quia
1195 1039 1296 1069 bonum
1309 1041 1404 1076 facere,
1418 1042 1520 1071 honum
1536 1050 1576 1073 est
1591 1055 1599 1072 ε
1614 1055 1674 1084 ipsa

929 1077 1094 1106 conversatio
1109 1078 1229 1117 ipsorum
1242 1089 1294 1108 non
1315 1078 1600 1120 dissipabat'naturam
1612 1094 1672 1114 ear-

928 1117 1015 1146 nalem
1025 1139 1033 1153 ,
1054 1118 1118 1155 quia
1141 1117 1197 1147 hoe*
1213 1117 1303 1158 ipsum
1321 1119 1423 1149 bonum
1434 1143 1441 1156 ,
1466 1121 1541 1159 quod
1562 1133 1612 1162 pro
1633 1131 1674 1153 ter

927 1166 1026 1185 vanum
1036 1156 1140 1195 aliquid
1150 1157 1190 1194 fit,
1198 1164 1223 1187 et
1234 1168 1286 1187 non
1295 1166 1404 1199 propter
1413 1161 1511 1196 Deum,
1522 1172 1603 1191 secun
1626 1174 1673 1193 um

926 1205 1031 1225 earnem
1043 1203 1093 1233 est,
1107 1203 1132 1226 et
1140 1197 1288 1226 secundum
1298 1199 1464 1228 voluntatem
1473 1207 1574 1230 naturae
1581 1212 1673 1232 carna-

928 1235 971 1271 lis,
987 1242 1013 1264 et
1026 1246 1078 1266 non
1091 1243 1131 1266 est
1143 1237 1307 1266 contrarium
1321 1248 1351 1266 na
1357 1244 1423 1267 turre
1437 1240 1548 1276 carnali,
1562 1249 1674 1281 propter

927 1275 1001 1313 quod
1017 1285 1064 1306 nee
1084 1275 1198 1315 dissipat
1214 1287 1282 1306 eam.
1302 1279 1374 1307 Acus
1393 1285 1483 1308 autem
1498 1286 1537 1309 est
1557 1281 1673 1311 verbum

927 1315 989 1350 Dei,
1004 1315 1078 1353 quod
1092 1322 1130 1344 est
1148 1315 1236 1345 Filius
1250 1316 1300 1345 Dei
1317 1317 1374 1356 ipse
1394 1329 1403 1346 ε
1417 1319 1496 1357 cujus
1509 1319 1596 1358 prima
1610 1331 1672 1360 pars

927 1354 1035 1384 subtilis
1047 1362 1097 1391 est,
1113 1362 1194 1393 atque
1206 1362 1292 1384 acuta.
1308 1355 1424 1386 subtilis
1444 1358 1593 1389 seeundum
1606 1370 1669 1390 cau-

927 1403 983 1422 sam
993 1393 1143 1423 divinitatis
1154 1395 1250 1434 ipsius,
1262 1402 1340 1424 acuta
1350 1402 1439 1425 autem
1449 1398 1597 1427 secundum
1609 1410 1674 1429 cau-

891 1443 910 1466 c
927 1443 982 1462 sam
993 1433 1181 1463 incarnationis
1190 1435 1259 1474 ejus.
1267 1436 1334 1464 Tota
1341 1442 1423 1472 recta,
1430 1443 1456 1464 et
1462 1437 1563 1466 nullam
1570 1439 1672 1469 habens

926 1471 1122 1509 deflexionem,
1141 1480 1187 1502 aut
1206 1474 1384 1513 scrupulum,
1405 1485 1455 1514 per
1476 1477 1554 1516 cujus
1571 1478 1672 1508 vulnus

925 1512 1056 1550 passionis
1065 1513 1164 1542 Gentes
1171 1513 1226 1551 jam
1238 1513 1362 1552 ingressae
1371 1521 1433 1543 sunt
1441 1515 1524 1545 vitam
1533 1523 1669 1555 aeternam,

925 1550 972 1588 qui
985 1551 1096 1580 vulnera
1110 1561 1238 1580 consuere
1254 1552 1328 1581 solus
1346 1559 1443 1592 potest,
1459 1564 1474 1582 a
1495 1565 1549 1592 quo
1562 1564 1672 1591 consuta

924 1596 964 1618 est
976 1590 1186 1620 'immortalitatis
1204 1591 1304 1627 tunica,
1323 1602 1382 1630 quae
1397 1592 1462 1622 olim
1474 1595 1604 1624 conscissa
1616 1603 1673 1626 erat

925 1639 1007 1669 super
1022 1629 1118 1659 Adam.
1132 1631 1193 1669 Ipsa
1215 1637 1254 1659 est
1273 1641 1347 1667 acus,
1365 1642 1424 1670 quae
1443 1632 1550 1671 spiritui
1565 1637 1672 1665 consuit

924 1679 1039 1704 carnem,
1057 1669 1168 1699 ulterius
1187 1680 1309 1709 separare
1329 1681 1358 1700 se
1376 1681 1428 1700 non
1447 1679 1590 1711 potentem.
1607 1675 1671 1704 Haec

924 1718 988 1737 acus
1001 1710 1018 1739 J
1022 1708 1145 1738 uda'i'cum
1157 1709 1290 1748 populum
1296 1710 1479 1749 junxitsimul
1490 1718 1515 1741 et
1527 1713 1668 1751 Gentium,

923 1747 957 1777 de
971 1758 1024 1787 quo
1049 1748 1116 1777 dicit
1129 1749 1265 1788 apostolus
1286 1761 1292 1779 :
1307 1751 1374 1788 Ipse
1386 1754 1463 1780 enim
1481 1758 1522 1781 est
1541 1763 1601 1791 paz*
1616 1764 1669 1782 no-
1679 1763 1763 1792 Ephes.
1773 1770 1797 1786 ι.

923 1794 996 1824 stra,
1009 1790 1061 1828 qui
1063 1788 1141 1828 fecit
1153 1794 1276 1828 utraque
1289 1799 1389 1818 unum.
1401 1791 1465 1819 Haee
1477 1799 1516 1820 est
1526 1802 1600 1828 acus,
1610 1804 1670 1832 quae
1683 1793 1717 1824 ¹4-

923 1827 1059 1868 diruptam
1078 1827 1223 1857 amicitiam
1246 1828 1402 1868 angelorum
1421 1837 1447 1859 et
1468 1830 1609 1861 bominum
1621 1843 1668 1862 eo-

923 1867 1038 1907 pulavit.
1054 1868 1116 1897 Haec
1134 1874 1173 1897 est
1188 1878 1262 1903 acus,
1275 1878 1334 1907 quae
1347 1869 1456 1907 configit
1470 1876 1496 1899 et
1514 1872 1667 1910 pertransit,

922 1913 948 1936 et
956 1907 1057 1936 vulnus
1063 1916 1116 1936 non
1125 1907 1196 1936 facit.
1207 1908 1241 1937 Et
1255 1914 1285 1936 ut
1295 1907 1361 1946 quid
1370 1907 1608 1950 difficilepopulus
1620 1912 1637 1941 J
1640 1922 1670 1940 u-

921 1946 1015 1975 da'icus
1028 1946 1109 1975 intrat
1122 1946 1153 1975 in*
1170 1956 1282 1985 regnum
1293 1947 1442 1977 caelorum?
1455 1949 1588 1987 Primum,
1599 1950 1670 1984 sicut

921 1985 1051 2021 diximus,
1061 1993 1170 2026 propter
1175 1986 1295 2015 carnales
1302 1997 1365 2015 usus
1375 1987 1516 2025 :quoniam
1523 1988 1568 2020 lex
1575 2000 1669 2031 eorpo-

923 2025 988 2054 ralia
998 2025 1077 2054 habet
1087 2025 1172 2061 lucra,
1184 2026 1354 2065 etpraesentia
1364 2026 1506 2057 :Christus
1513 2035 1602 2058 autem
1614 2030 1672 2070 spi-

923 2065 1030 2094 ritualia
1045 2064 1177 2104 promittit
1190 2071 1217 2094 et
1225 2065 1327 2094 lutura.
1344 2065 1426 2105 Apud
1438 2067 1559 2097 carnales
1579 2075 1669 2099 autem

922 2104 1042 2134 homines
1056 2114 1160 2144 semper
1170 2105 1308 2144 praesentia
1320 2113 1511 2145 proeponuntur
1520 2108 1629 2143 futuris,
1641 2115 1668 2138 et

922 2143 1108 2184 spiritualibus
1119 2143 1278 2184 corporalia.
1299 2145 1333 2174 Et
1354 2155 1406 2174 non
1422 2145 1509 2175 solum
1520 2147 1668 2176 sacrificio-

923 2195 982 2212 rum
995 2193 1058 2212 usus
1071 2190 1127 2212 erat
1139 2183 1263 2219 carnalis,
1280 2183 1327 2213 sed
1339 2190 1364 2212 et
1377 2185 1463 2213 omnis
1477 2186 1617 2224 promissio
1631 2187 1666 2215 le·

915 2223 963 2262 'gis
974 2222 1120 2262 corporalis
1134 2230 1190 2252 erat
1207 2230 1233 2253 et
1247 2228 1360 2252 terrena.
1374 2223 1403 2254 Si
1416 2223 1487 2253 enim
1506 2225 1668 2254 Christianis

922 2262 1033 2292 suadere
1043 2272 1095 2291 uon
1114 2272 1264 2302 possumus,
1280 2262 1388 2292 divitias
1402 2270 1567 2292 contemnere
1581 2275 1664 2302 opor-

922 2309 992 2331 tere:
1003 2301 1096 2331 dicunt
1105 2302 1177 2331 enim
1185 2302 1273 2337 nobis,
1283 2302 1310 2331 Si
1321 2302 1449 2331 noluisset
1459 2304 1530 2331 Deus
1544 2302 1664 2332 homines

922 2341 1019 2370 habere
1027 2341 1148 2378 divitias,
1160 2340 1333 2371 non'creasset
1343 2351 1386 2369 eas
1396 2341 1421 2369 in
1434 2341 1534 2370 mundo
1545 2353 1551 2370 :
1563 2348 1662 2379 quanto

921 2381 1006 2421 magis
1013 2381 1125 2411 difficile
1132 2388 1188 2410 erat
1199 2381 1299 2425 populo
1308 2381 1324 2409 J
1329 2380 1420 2408 uda'ico
1426 2379 1504 2408 diviti
1515 2379 1663 2411 secundum

922 2421 1043 2450 homines
1056 2420 1220 2459 persuaderi,
1233 2427 1262 2448 ut
1273 2419 1466 2456 derelinqueret
1478 2418 1587 2447 divitias
1598 2419 1664 2459 legis

922 2467 947 2489 et
955 2460 1035 2490 totius
1043 2459 1150 2490 Juda·1·ci
1161 2460 1260 2494 cultus,
1271 2468 1337 2496 quas
1346 2468 1361 2486 a
1371 2459 1426 2486 Deo
1437 2458 1606 2497 susceperat?
1614 2459 1662 2488 Di—

922 2500 1015 2529 cebant
1025 2499 1094 2529 enim
1108 2511 1114 2527 ε
1127 2499 1156 2528 Si
1168 2500 1238 2526 Deus
1253 2497 1382 2527 voluisset
1398 2496 1482 2541 legem
1496 2498 1626 2526 contemni
1636 2505 1661 2528 et

922 2539 1064 2578 templum,
1077 2538 1122 2566 illa
1133 2537 1221 2566 omnia
1229 2546 1289 2565 cum
1300 2542 1371 2564 tanta
1381 2542 1480 2564 ratione
1488 2542 1514 2565 et
1524 2535 1663 2605 diligentia

923 2588 975 2607 non
991 2577 1154 2607 tradidisset.
1169 2575 1303 2614 Populum
1315 2581 1404 2603 autem
1419 2574 1548 2613 gentium,
1564 2576 1573 2605 i
1610 2583 1661 2613 est,

1448 501 1484 519 o:
1503 491 1561 530 Qui
1573 494 1604 521 in
1619 495 1677 523 ira·
1688 501 1830 532 Joh.39.2=.
