1890 2826
600 197 635 220 m
660 197 774 228 umun,
803 195 873 219 vim
900 194 1074 227 Dominum,
1104 195 1226 218 nomn„
1257 196 1281 218 Ι.

163 265 246 308 ραφὶμ
263 264 309 294 τὸν
321 262 454 303 τρισάγιον
472 260 553 300 ὕμνον
566 259 668 299 aversae
677 271 686 278 ·
705 259 778 288 κάτω
791 258 836 288 τὸν
849 256 927 287 αὐτὸν

1657 199 1717 221 111

982 262 1104 286 sanetum
1121 257 1201 286 illum
1214 257 1347 298 hymnum
1364 258 1481 288 clamant
1494 259 1540 288 :in
1558 259 1638 289 terris
1650 270 1726 290 eum-

161 315 178 349 ἡ
193 314 244 342 τῶν
258 309 401 350 ἀνθρώπων
415 307 565 346 ἀναπέμπει
573 305 691 343 πληθύς·
700 305 774 341 κοινὴ
788 306 841 334 τῶν
852 305 929 333 ἐπου-
945 305 964 329 Ε
981 302 1043 331 dem
1055 302 1197 332 homiuum
1210 304 1310 344 promit
1326 304 1483 340 multitudo,
1496 305 1726 346 communiterque

162 358 255 399 ρὰνίων
277 357 322 387 καὶ
342 357 395 385 τῶν
419 353 541 393 ἐπιγείων
560 356 743 392 συγκροτεῖται
762 350 908 390 πανήγυρις
921 361 928 368 ·

162 405 209 444 μία
226 402 395 444 εὐχαριστία,
410 401 438 431 ἓν
451 399 618 440 ἀγαλλίαμα,
638 398 686 438 μία
706 397 862 438 εὐφρόσυνος
876 407 926 436 χο-

162 450 297 491 ροστασία.
323 449 434 484 Ταύτην
453 447 505 487 γὰρ
524 449 545 483 ἡ
565 446 697 487 ἄφραστος
721 447 766 474 τοῦ
790 442 926 473 Δεσπότου

161 496 356 537 συγκατάὸασις
367 494 502 536 ἐκρότησε,
514 492 614 528 ταύτην
623 491 654 521 τὸ
664 492 777 530 Πνεῦμα
787 489 926 524 συνέπλεξε

150 544 191 575 ,τὸ
202 544 285 583 ἅγιον,
295 541 393 578 ταύτης
401 543 418 576 ἦ
431 539 544 580 ἁρμονία
554 540 607 568 τῶν
618 537 737 579 φθόγγων
746 539 758 553 ”
765 538 799 576 τῇ
809 538 926 577 πατρικῇ

160 589 264 629 εὐδοκία
290 586 476 628 συνηρμόσθη·
498 585 595 615 ἄνωθεν
621 584 676 625 ἔχει
700 583 749 620 τὴν
766 585 820 612 τῶν
839 584 927 622 μελῶν

158 634 299 676 εὐρυθμίαν
315 657 324 672 ,
351 633 396 664 καὶ
422 632 474 662 ὑπὸ
499 630 547 667 τῆς
575 630 708 671 Τριάδος,
733 629 853 669 καθάπερ
876 628 927 658 ὑπὸ

156 679 292 720 πλήκτρου
305 678 389 715 τινὸς,
403 677 543 717 κινουμένη
551 698 560 712 ,
571 676 602 705 τὸ
615 675 725 715 τερπνὸν
738 675 783 705 καὶ
798 673 925 714 μακάριον

157 727 246 766 ἐνηχεῖ
272 725 372 764 μέλος,
395 724 426 754 τὸ
448 723 587 764 ἀγγελικὺν
617 719 709 763 ᾆσμα,
736 722 785 758 τὴν
810 721 926 757 ἄληκτον

158 771 319 812 συμφωνίαν.
340 772 428 801 Τοῦτο
446 772 494 806 τῆς
512 771 624 799 ἐνταῦθα
647 768 762 804 σπουδῆς
779 767 810 797 τὸ
823 766 906 807 πέρας
917 788 925 802 ,

157 814 232 851 οὗτος
249 819 263 847 ὁ
282 819 330 853 τ’ἥς
351 816 525 850 συνελεύσεως
546 817 626 855 ἡμῶν
645 814 754 855 καρπός.
778 813 829 843 Διὰ
848 815 926 843 τοῦτο

941 462 966 481 ⁹⁶

943 491 963 512 Α

156 863 243 904 χαίρω
255 862 304 899 τὴν
315 862 438 899 τοιαύτην
450 863 569 903 καθορῶν
580 861 749 901 εὐδοκίμησιν
759 872 766 879 ·
777 852 869 900 χαίρω]
876 859 925 896 τὴν
935 868 938 870 ’

157 910 184 939 ἐν
197 913 255 943 ταῖς
267 911 364 950 ψυχαῖς
379 910 453 948 ὑμῶν
473 908 634 949 εὐφροσύνην
648 909 794 942 κατανοῶν,
808 905 858 942 τὴν
871 918 923 946 χα-

156 955 203 996 ρὰν
223 955 271 992 τὴν
295 954 495 994 πνευματικὴν,
520 954 568 991 τὴν
583 953 651 984 κατὰ
669 952 739 983 Θεὸν
757 951 923 992 ἀγαλλίασιν.

155 1002 240 1033 Οὐδὲν
261 1001 312 1042 γὰρ
337 1001 406 1031 οὕτω
429 1003 560 1042 περιχαρῆ
583 1000 632 1037 τὴν
645 998 777 1039 ἡμετέραν
793 998 925 1034 διατίθησι

155 1049 233 1086 ζωὴν,
243 1050 279 1083 ὥς
291 1051 309 1085 ἡ
322 1050 350 1078 ἐν
364 1048 492 1088 ἐκκλησία
504 1046 627 1086 θυμηδία.
639 1045 687 1076 Ἔν
702 1045 832 1084 ἐκκλησίᾳ
842 1046 859 1079 ἠ
871 1045 924 1073 τῶν

153 1095 300 1136 χαιρόντων
314 1098 480 1134 συντηρεῖται
492 1093 572 1134 χαρὰ,
584 1094 611 1122 ἐν
625 1091 752 1131 ἐκκλησίᾳ
765 1093 783 1126 ἦ
794 1092 847 1119 τῶν
860 1091 921 1119 doo-

155 1141 272 1180 μούντων
297 1140 423 1179 εὐθυμία,
444 1141 470 1169 ἐν
494 1139 622 1178 ἐκκλησία
642 1140 659 1173 ἡ
680 1139 733 1167 τῶν
753 1136 923 1176 λυπουμένων

154 1186 299 1227 εὐφροσύνη
313 1208 321 1222 ,
346 1187 373 1216 ἓν
398 1185 527 1225 ἐκκλησίᾳ
547 1187 564 1220 ἡ
588 1186 642 1214 τῶν
663 1182 677 1200 ¹’
687 1182 923 1222 καταπονουμένων

154 1231 276 1273 ἀναψυχὴ
285 1254 294 1267 ,
312 1234 340 1262 ἐν
361 1231 490 1271 ἐκκλησίᾳ
502 1233 520 1266 ἡ
535 1232 587 1259 τῶν
600 1228 752 1259 κοπιιῖιντων
766 1228 921 1261 ἀνάπαυσις.

152 1280 235 1308 Δεῦτε
248 1278 310 1318 γὰρ,
325 1277 404 1318 φησὶ,
423 1276 489 1316 πρός
503 1289 536 1316 με
555 1275 651 1309 πάντες
670 1277 695 1305 οἱ
713 1275 856 1308 κοπιῶντες
877 1272 922 1303 καὶ

151 1323 370 1364 πεφορτισμένοι·
384 1322 459 1362 κάγὼ
472 1322 617 1352 ἀναπαύσω
631 1323 708 1360 ὓμᾶς.
717 1321 754 1350 Τί
763 1319 862 1355 ταύτης
875 1321 922 1355 τῆς

152 1371 239 1410 φωνῆς
250 1369 344 1410 γένοιτ’
360 1368 392 1398 ἂν
406 1368 600 1408 ποθεινότερον,
613 1367 640 1396 τί
661 1369 709 1403 τῆς
723 1365 842 1402 κλήσεως
855 1364 922 1394 ταύ-

151 1428 199 1452 της
216 1415 356 1456 ἡδύτερονς
370 1415 443 1453 Πρὸς
459 1414 572 1455 εὐωχίαν
587 1426 616 1444 σε
630 1414 706 1444 καλεῖ
727 1416 738 1430 ⁶
750 1414 777 1442 ἐν
792 1411 921 1451 ἐκκλησίᾳ

151 1474 181 1492 σε
195 1463 283 1492 καλῶν
295 1464 310 1491 ὁ
323 1462 476 1497 Δεσπότης,
491 1462 528 1495 εἰς
538 1459 683 1490 ἀνάπαυσιν
694 1459 752 1488 ἀντὶ
765 1460 817 1488 τῶν
831 1458 920 1488 κόπων

149 1507 335 1548 προτρέπεται,
349 1509 387 1541 εἰς
397 1508 485 1537 ἄνεσιν
496 1508 527 1536 ἐκ
537 1508 590 1536 τῶν
603 1507 736 1546 ὀδυνηρῶν
744 1503 900 1544 μετατίθησι
912 1527 920 1541 ,

150 1554 180 1584 τὸ
203 1554 282 1595 βάρος
297 1555 350 1584 τῶν
373 1553 572 1594 ἁμαρτημάτων
591 1551 720 1592 κουφίζων
733 1563 740 1570 ·
761 1551 846 1591 τρυφὴ
870 1549 920 1586 τὴν

151 1600 274 1640 ἀθυμίαν,
298 1600 344 1630 καὶ
367 1599 512 1640 εὐφροσύνη
532 1599 580 1635 τὴν
593 1598 680 1634 λύπην
700 1599 782 1627 ἰᾶται.
794 1597 809 1614 ‘¹
819 1597 856 1627 Ὠ
870 1596 919 1633 τῆς

151 1646 250 1687 ἄφάτου
264 1646 430 1686 κηδεμονίας,
442 1645 464 1675 ὧ
477 1645 597 1682 κλήσεως
608 1644 773 1685 ἐπουρανίου.
786 1643 917 1673 Σπεύσω-

151 1702 199 1730 μεν
211 1692 308 1732 τοίνυν,
331 1692 483 1732 ἀγαπητοὶ,
504 1691 586 1727 αὐτὴν
601 1690 648 1730 μὲν
669 1690 866 1729 ἐπιτεινομένην
879 1691 919 1719 έν-

150 1738 296 1769 δείκνυσθαι
319 1738 369 1775 τὴν
383 1738 508 1774 σπουδὴν,
529 1737 597 1776 μετὰ
619 1737 647 1766 δὲ
668 1738 715 1772 τῆς
733 1735 918 1775 προσηκούσης

149 1783 268 1819 εὐταξίας
287 1785 331 1814 καὶ
355 1787 401 1814 τοῦ
423 1783 568 1824 πρέποντος
587 1785 686 1812 σκοποῦ
707 1781 808 1816 ταύτην
822 1784 834 1797 ⁸
845 1783 917 1810 ἀπο-

139 1831 275 1871 πληροῦν.
296 1830 349 1861 Καὶ
362 1830 414 1871 γὰρ
427 1830 471 1860 τὸν
485 1829 546 1868 περὶ
558 1828 650 1858 τούτου
663 1828 739 1867 λόγον
754 1829 816 1866 ὑμῖν
830 1826 918 1865 σήμε-

150 1888 192 1916 ρον
209 1879 317 1913 κινῆσαι
331 1877 476 1917 βούλομαι,
496 1875 618 1917 φορτικὸν
633 1874 680 1914 μὲν
694 1869 761 1904 εἶναι
775 1874 916 1910 δοκοῦντα,

149 1924 286 1963 ἀνεπαχθῆ
309 1924 335 1953 δὲ
357 1923 402 1954 καὶ
413 1923 545 1964 ὠφέλιμον
557 1921 620 1951 ὄντα
637 1922 671 1959 τῇ
697 1919 816 1959 ἀληθείᾳ.
835 1918 916 1949 Οὕτω

147 1967 198 2008 γὰρ
217 1968 262 1997 καὶ
276 1968 441 2008 φιλόστοργοι
461 1967 573 2006 πατέρες
591 1968 710 1996 ποιοῦσιν
722 1976 729 1983 ·
743 1965 773 1994 οὗ
791 1964 868 2003 μόνον
882 1963 916 1993 τὰ

147 2013 212 2053 πρὸς
236 2013 323 2053 ὀλίγον
343 2017 548 2054 χαροποιοῦντα,
569 2012 638 2042 ἀλλὰ
658 2011 704 2041 καὶ
726 2010 759 2040 τὰ
782 2011 915 2040 λυποῦντα

147 2061 347 2099 παρεγγυῶνται
360 2063 414 2093 τοῖς
427 2059 526 2092 τέκνοις
538 2070 545 2077 ·
558 2058 605 2088 καὶ
618 2058 647 2087 οὗ
661 2057 695 2086 τὰ
710 2056 817 2086 αὐτόθεν
831 2057 913 2085 ἐνδει-

147 2105 263 2148 κνύμενα
275 2105 323 2142 τὴν
337 2104 466 2146 ὠφέλειαν
477 2107 648 2145 παραινοῦσιν
662 2104 750 2136 αὐτοῖς
760 2125 767 2139 ,
782 2101 849 2131 ἀλλὰ
869 2102 914 2131 καὶ

148 2150 196 2179 ὅσα
210 2151 314 2180 δοκοῦσι
328 2150 376 2190 μὲν
387 2146 452 2180 εἶναι
464 2149 583 2191 φορτικὰ,
593 2149 713 2189 σωτήρια
724 2149 752 2178 δέ
764 2150 833 2178 ἐστιν
846 2148 910 2176 ἀπο-

941 1094 959 1117 Β

933 1645 951 1669 C

981 355 1040 378 tum
1049 349 1205 387 caelestium,
1215 357 1274 380 tum
1281 351 1446 381 terrestrium
1457 351 1568 381 festivus
1577 360 1727 383 conventus

981 402 1159 436 congregatur
1171 408 1178 426 ε
1190 406 1243 426 una
1253 396 1399 436 gratiarum
1411 397 1492 434 actio,
1505 407 1560 427 una
1571 398 1726 434 exsultatio,

982 452 1034 471 una
1042 442 1184 482 gaudentis
1195 442 1298 473 choreae
1309 444 1396 474 statio.
1407 444 1484 474 Hanc
1494 444 1565 474 enim
1580 445 1726 476 ineffabilis

981 489 1090 518 Domini
1101 499 1158 519 sese
1170 489 1206 519 ad
1219 500 1268 520 nos
1280 489 1445 520 demittentis
1454 491 1561 520 bonitas
1574 492 1724 530 constituit,

979 534 1048 564 banc
1066 535 1185 575 Spiritus
1207 537 1380 577 congregavit
1390 543 1497 566 sanctus
1510 537 1612 577 :hujus
1626 548 1726 568 vocum

979 588 1122 611 concentus
1143 589 1255 622 paterno
1274 583 1442 623 heneplacito
1465 583 1590 624 congruit
1601 595 1608 613 ε
1619 595 1635 614 e
1653 584 1726 614 caelis

979 627 1059 657 habet
1072 627 1247 658 modulorum
1258 629 1470 667 consonantiam,
1484 629 1552 660 dum
1564 641 1580 660 a
1591 630 1725 661 Trinitate

980 674 1056 703 velut
1065 685 1080 703 a
1090 675 1193 715 plectro
1202 676 1332 715 quopiam
1342 676 1645 713 movetur‚delectabile
1653 676 1725 706 illud

978 731 1009 749 ac
1018 721 1085 751 felix
1096 729 1201 751 resonat
1212 722 1307 759 melos,
1318 722 1394 751 illam
1403 722 1553 762 angelicam
1562 723 1724 760 cantionem,

978 767 1059 797 illum
1073 767 1195 798 desinere
1208 769 1328 798 nescium
1339 775 1509 798 concentum.
1524 769 1576 799 Hic
1588 776 1629 799 est
1641 769 1726 799 studii

977 814 1116 854 praesentis
1125 814 1247 852 finis,hic
1256 821 1404 844 conventus
1411 815 1497 844 nostri
1505 815 1610 845 fructus
1622 827 1629 844 :
1639 826 1725 854 eoque

978 860 1083 899 gaudeo
1109 861 1190 891 talem
1215 861 1382 901 conspiciens
1402 861 1584 891 celebritatem
1600 861 1724 901 :gaudeo

977 905 1043 935 dum
1052 906 1204 936 animorum
1213 914 1365 937 vestrorum
1374 907 1495 936 laetitiam
1505 906 1724 943 consider0,dum

978 952 1110 993 gaudium
1122 953 1273 996 spirituale,
1289 953 1356 982 dum
1368 952 1517 982 secundum
1532 954 1620 982 Deum
1634 952 1725 982 exsul-

979 999 1116 1028 tationem.
1131 1001 1225 1038 Neque
1236 999 1308 1029 enim
1322 999 1378 1028 ulla
1393 1009 1434 1028 res
1448 1005 1552 1028 tantum
1563 998 1649 1028 adfert
1661 1009 1724 1039 gau·
1763 1014 1876 1037 Ecclesia..

978 1044 1019 1074 dii
1039 1045 1100 1075 vitae
1123 1053 1231 1082 nostrae,
1246 1052 1378 1084 quantum
1402 1045 1454 1075 hoc
1477 1045 1552 1084 quod
1577 1056 1612 1075 ex
1632 1046 1876 1100 σώωοῑὲξῑωςιῑῗζ

978 1091 1117 1131 gaudeatis
1134 1092 1163 1121 in
1183 1092 1294 1122 ecclesia
1308 1092 1474 1132 congregati.
1486 1093 1517 1122 In
1527 1092 1638 1122 ecclesia
1653 1104 1720 1134 gau-

976 1138 1099 1168 dentium
1118 1145 1291 1168 conservatur
1310 1138 1448 1178 gaudium,
1461 1139 1489 1168 in
1504 1139 1615 1169 ecclesia
1630 1140 1721 1170 animo

975 1184 1140 1225 dejectorum
1150 1192 1189 1214 σοι
1201 1185 1340 1222 recreatio,
1350 1185 1378 1214 in
1389 1185 1501 1215 ecclesia
1517 1185 1668 1215 dolentium
1681 1193 1722 1216 est

974 1231 1110 1271 voluptas,
1125 1230 1153 1259 in
1166 1230 1278 1260 ecclesia
1300 1230 1510 1271 defatigatorum
1525 1232 1677 1272 respiratio,
1690 1232 1720 1262 in

974 1277 1085 1307 ecclesia
1098 1277 1281 1307 laborantium
1291 1277 1407 1316 requies.
1422 1278 1526 1307 Venite
1536 1278 1719 1318 enim,inquit,

973 1323 1015 1352 ad
1027 1333 1073 1353 me
1089 1333 1187 1353 omnes
1201 1325 1253 1364 qui
1266 1323 1410 1353 laboratis
1423 1330 1452 1353 et
1468 1326 1583 1353 onerata·
1593 1326 1662 1354 estis
1672 1337 1680 1353 .-
1691 1331 1720 1354 et
1729 1338 1816 1360 Manle.
1835 1346 1868 1360 Η,

973 1379 1025 1409 ego
1036 1370 1166 1409 reficiam
1177 1380 1241 1399 vos.
1259 1369 1334 1407 Quid
1347 1370 1397 1400 hac
1406 1380 1473 1400 voce
1484 1370 1569 1411 possit
1581 1381 1637 1401 esse
1647 1371 1719 1402 desi-
1730 1368 1768 1392 2⁸·

972 1415 1143 1446 derabilius?
1153 1416 1221 1456 quid
1242 1416 1293 1447 hac
1312 1416 1472 1448 invitatione
1490 1417 1660 1457 jucundius?
1674 1418 1726 1448 Ad'

971 1463 1083 1503 epulum
1097 1470 1123 1493 te
1135 1470 1213 1494 vocat
1229 1463 1277 1503 qui
1294 1463 1324 1493 in
1336 1463 1475 1493 eeclesiam
1489 1470 1516 1493 te
1528 1470 1606 1495 vocat
1619 1465 1718 1494 Domi-

971 1521 1034 1546 nus,
1046 1510 1082 1540 ad
1107 1511 1226 1550 requiem
1248 1521 1298 1551 pro
1324 1510 1465 1540 laboribus
1490 1510 1666 1548 adhortatur,
1683 1511 1719 1541 ad

971 1556 1162 1586 relaxationem
1171 1567 1186 1586 a
1198 1556 1328 1586 molestiis
1341 1556 1585 1596 transfert,pondus
1598 1564 1719 1597 peccato-

970 1613 1033 1632 rum
1053 1603 1190 1639 allevans,
1205 1601 1311 1633 deliciis
1334 1602 1419 1631 animi
1443 1602 1605 1638 molestiam,
1617 1602 1718 1642 gaudio

970 1660 1113 1679 moerorem
1137 1657 1222 1680 sanat.
1246 1650 1271 1679 Ο
1291 1648 1456 1678 ineffabilem
1479 1647 1587 1678 curam!
1600 1659 1616 1678 ο
1634 1659 1717 1679 voca-

969 1695 1068 1725 tionem
1094 1695 1241 1726 caelestem!
1258 1695 1427 1725 Festinemus
1451 1696 1552 1734 itaque,
1565 1694 1670 1733 dilecti,
1684 1702 1715 1726 ut

968 1741 1089 1770 eamdem
1095 1752 1229 1771 summam
1241 1741 1404 1771 alacritatem
1416 1741 1603 1777 exhibeamus,
1613 1748 1639 1771 et
1651 1752 1714 1771 cum

967 1787 1136 1816 convenienti
1157 1787 1302 1822 modestia,
1316 1786 1582 1825 considerationeque
1603 1786 1715 1817 decente

968 1832 1037 1862 hanc
1047 1843 1273 1863 consummemus.
1286 1833 1393 1862 Etenim
1404 1832 1438 1862 de
1450 1833 1503 1862 hoc
1514 1833 1593 1863 vobis
1609 1833 1715 1863 hodier-

968 1889 1034 1908 num
1052 1889 1201 1909 sermonem
1219 1890 1326 1910 movere
1336 1879 1410 1914 volo,
1423 1879 1452 1908 in
1473 1879 1589 1920 speciem
1602 1879 1714 1919 quidem

969 1925 1123 1963 molestum,
1146 1933 1272 1955 caeterum
1295 1926 1393 1963 levem,
1405 1936 1522 1965 vereque
1549 1926 1652 1956 utilem.
1668 1927 1714 1957 Sic

968 1971 1039 2000 enim
1060 1978 1086 2001 et
1106 1979 1223 2001 amantes
1243 1972 1392 2001 liberorum
1415 1978 1503 2012 patres
1525 1972 1626 2002 faciunt
1641 1983 1712 2003 :non

967 2017 1056 2047 solum
1080 2028 1111 2047 ea
1132 2028 1192 2057 quae
1214 2017 1250 2047 ad
1273 2018 1355 2048 breve
1378 2025 1485 2058 tempus
1507 2017 1650 2054 delectant,
1662 2030 1712 2048 ve—

968 2074 1028 2093 rum
1053 2064 1133 2094 etiam
1158 2075 1218 2104 quae
1242 2064 1391 2094 molestiam
1411 2065 1527 2094 asserunt
1545 2065 1611 2094 filiis
1630 2065 1713 2094 adhi-

966 2107 1044 2142 bent;
1059 2118 1107 2138 nec
1130 2119 1160 2138 ea
1180 2108 1261 2138 modo
1283 2109 1444 2149 praecipiunt
1470 2109 1520 2146 eis,
1536 2120 1596 2148 quae
1621 2110 1713 2139 statim

966 2151 1109 2182 ostendunt
1134 2151 1288 2190 utilitatem,
1313 2152 1361 2182 sed
1384 2163 1558 2192 quaecumque
1585 2153 1713 2184 videntur

147 2195 330 2235 πληρούμενα,
351 2196 396 2227 καὶ
412 2199 495 2226 ταῦτα
508 2196 575 2236 μετὰ
587 2197 687 2232 πολλῆς
700 2198 747 2231 τῆς
761 2193 912 2233 ἐπιμελείας
929 2194 949 2217 D
966 2195 1076 2234 quidem
1093 2207 1150 2226 esse
1174 2196 1284 2226 molesta
1294 2219 1301 2233 ,
1325 2197 1453 2226 salutaria
1481 2204 1567 2227 tamen
1591 2204 1665 2234 sunt,
1688 2198 1712 2226 si

148 2241 312 2279 διδάσκουσι,
325 2242 370 2271 καὶ
387 2243 510 2282 ἀσφαλῶς
522 2242 571 2278 τὴν
585 2243 670 2272 αὐτῶν
687 2244 829 2271 ἀπαιτοῦσι
847 2251 911 2269 συν-

178 2339 189 2351 ·
209 2331 278 2358 Edit.
291 2338 321 2367 τῇ
331 2339 470 2368 πνευματικῇ·
478 2332 742 2368 ιύδοκίᾳ.Μειηυεοι-ἰριὶ
754 2331 804 2356 fere
812 2338 899 2356 omnes

145 2377 175 2405 τῇ
185 2377 325 2406 πατρικῇ,ει
336 2372 372 2396 sic
383 2371 443 2405 legit.
453 2373 581 2404 Erasmus,
594 2380 698 2405 eamque
709 2379 754 2396 nos
766 2370 898 2396 lectionem

144 2410 304 2443 adoptamus.
314 2411 416 2436 Cenum
425 2412 515 2445 quippe
522 2411 621 2438 videtur
627 2411 837 2445 Chrysostomum
849 2415 899 2435 tres

143 2458 261 2482 personas
278 2450 412 2475 Trinitatis
427 2448 470 2475 hie
485 2453 684 2476 commemorare
694 2448 814 2480 voluisse,
827 2454 856 2474 ut
868 2457 899 2474 ex

143 2489 205 2514 serie
219 2488 306 2522 liquet.
325 2489 382 2514 nuo
399 2489 458 2514 uss.
478 2494 560 2514 votum
579 2488 664 2514 locum
685 2488 720 2513 sio
739 2487 834 2513 habent
846 2499 852 2514 :
871 2491 898 2514 τὸ

967 2239 1156 2280 perficiantur,
1168 2247 1195 2270 et
1214 2240 1270 2270 haec
1287 2241 1373 2271 multa
1391 2252 1457 2282 cura
1472 2240 1580 2279 docent,
1592 2241 1709 2280 diligen—

949 2339 1010 2355 unufl
1022 2336 1224 2365 καταπονουμένων
1233 2334 1361 2366 supposta-m.

979 2377 990 2388 ⁰
1008 2370 1063 2394 Duo
1080 2371 1138 2395 Mss.
1156 2374 1178 2396 ἐν
1196 2374 1301 2404 ἐκκλησίᾳ
1319 2373 1330 2396 ὁ
1353 2376 1473 2400 Δεσπότης.
1492 2371 1522 2394 In
1544 2369 1668 2402 aliquibus
1687 2381 1710 2396 σε

947 2415 1005 2441 post
1014 2413 1119 2443 ἐκκλησίᾳ
1131 2408 1210 2434 deest.
1224 2409 1294 2435 Infra
1302 2409 1387 2443 legisse
1394 2409 1494 2434 videtur
1505 2410 1624 2433 Erasmus
1636 2414 1710 2443 τρυφῇ

946 2455 972 2473 et
983 2455 1070 2481 postea
1082 2451 1212 2485 εὐφροσύνῃ,
1220 2448 1264 2474 sed
1276 2448 1365 2474 eodem
1378 2447 1442 2473 redit
1452 2448 1585 2473 sententia.

979 2488 990 2503 ‘¹
1008 2487 1119 2519 Quidam
1132 2492 1149 2515 ὢ
1162 2495 1202 2518 τῆς
1211 2492 1279 2515 αὐτοῦ
1291 2491 1430 2521 κηδεμονίας,
1439 2493 1464 2512 et
1476 2487 1511 2511 sic
1524 2485 1582 2519 legit
1591 2485 1707 2512 Savilius.

144 2531 236 2561 Πνεῦμα
247 2532 274 2555 τὸ
285 2531 347 2561 ἅγιον
359 2530 485 2560 συνᾶπλιξι,
496 2530 582 2557 ταύτην
593 2532 634 2557 τήν
646 2531 757 2562 ἁρμονίαν
767 2534 812 2553 τῶν
827 2530 894 2562 poor
943 2525 1011 2552 Ibid.
1025 2527 1128 2560 quidam
1140 2533 1174 2561 μὴ
1186 2532 1342 2560 ἀποκάμωμεν
1354 2531 1439 2557 τοίνυν,
1458 2529 1585 2559 ἀγαπητοὶ,
1598 2529 1706 2553 dnn-two·

944 2578 1013 2599 μεν-ην
1024 2578 1068 2600 μιν
1077 2578 1171 2594 «vostat-1.

145 2579 188 2601 ww
196 2572 210 2598 ἡ
219 2573 318 2603 πατρική
327 2570 415 2594 εὐδοκία
424 2573 567 2603 συνήρμοσεν,
577 2570 635 2593 ὥστε
646 2570 730 2593 ἄνωθεν
740 2570 795 2600 {xu-

176 2607 190 2626 1’
206 2606 252 2632 Alii
270 2609 470 2639 καταπονουμένων
490 2610 623 2642 παραμυθία
631 2626 637 2638 ,
656 2606 724 2639 quod
745 2605 810 2631 idem
829 2612 866 2631 est
888 2615 892 2629 2

977 2610 986 2620 ⁶
1005 2604 1051 2630 Alli
1066 2609 1216 2641 ἀναπληροῦν.
