1890 2826
74 1407 97 1423 2.
108 1401 170 1430 Reg.
183 1400 208 1424 5.

214 172 285 218 408

216 251 308 279 rerunt
321 244 374 274 sihi
390 243 460 275 Joah
475 242 590 272 Davidis
601 264 609 278 ‚
624 249 650 272 et
671 242 795 272 Abcnner
807 242 896 273 Saiilis
909 241 963 271 du-

217 302 271 327 ces,
285 298 312 320 et
324 289 497 319 commissum
514 295 554 317 est
567 288 691 328 praelium
704 298 720 317 a
731 289 888 328 juventute,
904 299 964 328 per-

217 343 347 376 sequutus
358 342 397 365 est
405 335 483 365 Asael
495 335 577 363 frater
590 334 659 364 Joab
671 334 795 363 Abenner
808 346 816 363 ι
828 345 882 373 quo
895 344 965 373 saepe

216 383 328 423 jubente
352 389 383 411 ut
408 380 541 410 recederet
553 402 561 417 ,
583 380 672 409 noluit
694 380 748 409 ille.
762 380 842 409 Tunc
867 379 965 410 occidit
983 385 1002 408 C

219 439 282 458 eum
296 428 438 463 Abeuner,
454 433 480 455 et
493 433 586 456 vocato
609 425 696 456 Joabo
715 426 839 455 hortatur
852 433 882 455 ut
900 437 966 465 prae-

219 474 306 504 liandi
319 474 401 502 finem
419 472 508 502 faciat.
522 472 683 510 Bellumque
696 478 752 501 erat
772 472 840 501 iuter
852 471 967 501 domum

222 521 312 551 Saiilis
326 527 352 549 et
371 519 483 548 domum
496 518 597 548 David.
614 519 650 548 Et
664 518 710 547 ille
728 517 838 557 quidem
857 518 966 547 deficie-

222 568 279 603 bat,
295 566 341 595 hic
358 576 425 595 vero
441 565 662 595 confirmabatur.
680 563 867 594 Coucubinam
877 565 967 595 Saiilis

222 613 275 642 sihi
293 612 375 642 sumit
395 612 521 640 Abcnner
538 623 544 639 :
560 610 717 651 objurgavit
735 610 965 651 Memphibosthe.

222 660 310 688 Iratus
325 658 449 687 Abenncr
463 657 546 687 mittit
559 656 595 687 ad
606 656 739 687 Davidem
748 670 761 694 ,τ
770 658 929 697 promittens
940 668 968 686 se

223 711 309 734 totum
327 703 367 732 illi
388 704 521 744 populum
541 703 679 732 daturum.
704 703 864 733 Venientem
886 703 921 732 ad
941 713 969 732 se

224 750 349 780 convivio
360 751 464 790 excepit
478 748 579 779 David.
592 749 632 778 Ut
644 755 734 778 autem
745 748 775 777 id
789 749 894 779 audivit
907 759 970 779 cum

225 807 239 825 e
249 795 322 824 hello
336 805 459 826 reversus
475 802 514 824 est
531 794 601 826 Joab
612 817 620 831 ,
639 801 779 825 evocatum
797 795 969 825 Abennerum

224 841 288 871 dolo
299 841 409 877 occidit,
426 848 455 870 ut
465 841 622 881 sanguinem
632 842 724 871 fratris
733 841 775 871 sui
786 841 969 871 ulcisceretur.

225 889 266 917 Re
293 894 428 928 comperta
449 887 540 918 David
565 887 703 917 maledicit
723 888 810 918 Joabo
823 910 831 924 ‚
851 894 877 917 et
896 888 972 927 luget

226 934 411 970 Abenuerum,
436 944 467 963 ac
478 933 657 962 cumhonore
670 933 756 962 multo
773 933 879 973 sepelit.
894 933 972 963 Icha-

226 980 260 1009 ab
274 986 300 1009 et
311 980 412 1009 Banaas
423 979 493 1009 clam
506 980 594 1009 oociso
607 979 827 1019 Memphibosthe
842 986 973 1009 venerunt

227 1026 262 1055 ad
275 1025 377 1062 David,
391 1036 422 1056 ac
436 1026 459 1055 si
473 1025 573 1055 caedem
595 1025 665 1055 hanc
679 1026 806 1066 praeclare
819 1026 971 1065 gessissent.

226 1071 277 1101 Ille
294 1082 358 1101 vero
376 1072 426 1101 hos
444 1071 585 1101 interfecit.
609 1072 687 1101 Tunc
711 1071 793 1101 totius
815 1071 909 1111 populi
925 1082 974 1101 rex

226 1118 342 1147 efficitur
352 1117 452 1152 David,
466 1124 492 1147 ct
505 1118 579 1147 venit
590 1118 742 1148 Jerusalem
755 1118 790 1147 ad
802 1118 972 1156 Jebusaeum,

226 1164 433 1204 impediuntque
460 1164 541 1193 illum
568 1164 659 1193 claudi
684 1175 716 1193 ne
744 1164 853 1194 inu—aret
871 1187 879 1202 ‚
902 1165 976 1206 cepit

226 1221 315 1240 arcem
327 1234 334 1247 ,
351 1218 377 1240 et
391 1210 535 1240 aedificavit
554 1211 606 1239 sihi
620 1210 744 1240 domum.
761 1211 831 1240 Cum
846 1211 894 1240 illo
907 1223 974 1251 qno-

226 1266 278 1295 que
290 1256 378 1285 foedus
387 1256 502 1285 habehat
516 1256 635 1296 Chyram
649 1267 698 1285 rex
710 1256 904 1296 Tyri.Bellum
916 1268 971 1287 mo-

227 1309 325 1332 verunt
338 1302 511 1341 alienigenae,
531 1309 556 1331 et
574 1313 698 1341 egressus
711 1302 783 1332 fudit
805 1313 850 1332 eos
871 1304 972 1334 David.

227 1348 266 1377 Ut
280 1355 368 1377 autem
383 1358 477 1377 rursus
494 1347 650 1378 invaserunt
662 1370 671 1386 ‚
686 1359 702 1377 a
719 1349 776 1378 Deo
795 1349 973 1389 prohibetur,

556 181 586 204 S·
614 181 755 205 JOANNIS
780 181 965 205 CHRYSOST.
994 180 1149 205 ARCHIEP.
1177 179 1449 203 CONSTANTINOP-

1021 241 1175 271 ε’ὅασίλευσε
1189 239 1283 270 Δαυίδ.
1298 239 1345 275 Ὡς
1365 240 1394 271 δὲ
1407 239 1549 280 συνέτυχον
1572 238 1697 275 ἀλλήλοις
1711 237 1793 268 'lmine

1020 290 1034 317 ὁ
1045 290 1091 316 τοῦ
1100 287 1199 323 Amul&
1212 286 1257 316 καὶ
1270 286 1394 327 Ἀὅεννὴρ
1406 288 1421 316 ὁ
1431 288 1477 316 τοῦ
1490 285 1595 321 Σαοὺλ,
1610 285 1656 314 καὶ
1669 295 1793 324 συνεκρο-

1021 333 1088 370 τήθη
1109 333 1225 372 πόλεμος
1250 332 1304 362 ἀπὸ
1325 332 1448 368 παιδίας,
1469 330 1629 361 κατεδίωκεν
1656 330 1756 367 ’Ἀσαὴλ
1779 332 1793 359 ὁ

1022 378 1132 419 ἀδελφὸς
1145 378 1226 408 'Imm
1245 378 1290 408 τὸν
1304 377 1439 418 Ἀὅεννήρ·
1453 377 1500 407 καὶ
1525 377 1654 410 πολλάκις
1675 376 1795 406 κελεύον-

1020 438 1064 459 τος
1085 427 1241 465 ἀναχωρεῖν,
1267 425 1315 454 οὗν.
1338 424 1475 465 ἠνέσχετο.
1496 423 1566 453 Τότε
1593 422 1795 462 ἄναιρείξῇαὖτὸν

1021 471 1155 511 Ἀὸεννὴρ,
1166 471 1211 500 καὶ
1223 470 1337 504 καλέσας
1351 471 1397 501 τὸν
1410 469 1491 500 ’hoff
1504 473 1628 509 παραινεῖ
1651 471 1794 498 καταπαῦ-

1022 529 1066 547 σαι
1080 517 1124 546 τὸν
1137 516 1263 556 πόλεμον.
1275 517 1329 547 Καὶ
1342 512 1375 553 ἧν
1386 516 1502 556 πόλεμος
1515 515 1647 555 ἅναμέσον
1661 518 1707 544 τοῦ
1722 515 1795 545 οἴκου

1023 562 1113 593 Σαοὺλ
1129 563 1175 592 καὶ
1188 565 1234 592 τοῦ
1248 562 1320 593 οἴκου
1331 562 1415 592 Δαυίδ
1424 574 1431 581 ·
1448 562 1494 592 καὶ
1507 565 1521 591 ὁ
1537 561 1584 601 μὲν
1602 561 1724 598 ἠσθένει,
1740 564 1754 591 ὁ
1768 560 1795 591 δὲ

1024 611 1204 649 ἐκραταιοῦτο.
1217 608 1357 647 Λαμῧάνει
1370 607 1418 645 τὴν
1437 607 1579 644 παλλακὴν
1597 610 1643 638 τοῦ
1665 607 1754 638 Σαοὺλ
1781 610 1796 637 ὁ

1024 655 1148 695 Ἀὃεννήρ
1159 667 1165 672 ·
1192 655 1343 684 ἐνεκάλεσεν
1370 657 1385 685 ὃ
1408 654 1594 695 Μεμφιὸοσθέ.
1619 654 1761 694 Θυμωθεὶς
1781 656 1796 684 ὁ

1025 701 1149 741 Ἀὅεννὴρ
1174 700 1276 740 πέμπει
1295 700 1360 741 πρὸς
1385 701 1429 730 τὸν
1458 700 1557 738 Δαυὶὸ,
1571 701 1796 741 ἐπαγγελλόμενος

1025 747 1131 776 ἅπαντα
1145 746 1189 776 τὸν
1204 747 1267 776 λαὸν
1277 748 1349 788 αὐτῷ
1364 747 1541 788 παραδώσειν.
1557 748 1610 778 Καὶ
1624 749 1733 778 ἐλθόντα
1747 750 1798 777 αὖ-

1025 793 1069 823 τὸν
1081 793 1146 834 πρὸς
1167 793 1255 830 αὐτὸν,
1268 793 1400 823 εἱστίασεν
1420 795 1434 823 ὃ
1453 794 1548 824 Δαυίδ.
1562 795 1610 828 Ὡς
1635 794 1663 824 δὲ
1685 795 1796 830 ἤκουσεν

1026 839 1103 869 πόθεν
1118 841 1149 869 ἐκ
1159 839 1276 879 πολέμου
1291 841 1436 875 ἐπανῆλθεν
1450 843 1464 870 ὁ
1475 840 1570 877 Ἰωὰό,
1583 841 1798 882 μεταπεμψάμε-

1027 897 1068 919 νος
1078 885 1123 915 τὸν
1138 886 1262 926 Ἀῧεννὴρ
1277 886 1463 927 ἐδολοφόνησεν
1472 910 1480 924 ,
1494 887 1605 917 ἐκδικῶν
1619 887 1650 917 τὸ
1661 891 1707 918 τοῦ
1720 888 1799 917 ἀδελ-

1027 933 1076 971 φοῦ
1089 927 1164 970 αἷμα.
1184 931 1283 961 Μαθὼν
1296 935 1310 962 ὃ
1323 932 1407 962 Auni&
1420 939 1571 973 καταρᾶται
1584 934 1628 963 τὸν
1640 933 1722 963 Ἰωὰὸ
1733 957 1741 971 ,
1752 933 1798 963 καὶ

1027 977 1117 1015 θρηνεῖ
1133 975 1177 1005 τὸν
1192 976 1325 1016 Ἀὸεννὴρ,
1335 977 1380 1006 καὶ
1394 977 1463 1016 μετὰ
1475 978 1576 1014 πολλῆς
1589 977 1684 1007 θάπτει
1696 980 1744 1013 τ”ῆς
1753 990 1798 1007 τι-

1029 1023 1090 1059 μῆς.
1118 1024 1129 1038 ”“
1138 1021 1232 1061 Ῥιχὰν
1256 1023 1302 1052 καὶ
1326 1023 1427 1058 Βανέας
1448 1024 1533 1065 λάθρᾳ
1559 1023 1603 1054 τὸν
1623 1023 1797 1065 Μεμφιὸοσθὲ

1029 1066 1162 1100 ἀνελόντες
1180 1063 1259 1103 ἦλθον
1273 1068 1338 1108 πρὸς
1357 1069 1402 1099 τὸν
1413 1070 1498 1100 Δαυὶδ
1506 1092 1515 1106 ,
1529 1072 1564 1104 ὡς
1577 1070 1798 1109 εὐδοκιμήσαντες

1028 1111 1073 1141 διὰ
1085 1113 1128 1142 τὸν
1151 1113 1239 1153 φόνον.
1255 1113 1290 1144 Ὁ
1312 1115 1340 1145 δὲ
1362 1115 1456 1149 αὐτοὺς
1480 1117 1577 1146 ἀνεῖλε.
1603 1116 1672 1146 Τότε
1698 1117 1799 1155 γίνεται

1029 1158 1126 1192 παντὸς
1136 1161 1182 1189 τοῦ
1209 1161 1273 1190 λαοῦ
1295 1161 1418 1200 βασιλεὺς
1438 1163 1453 1191 ὁ
1463 1161 1562 1199 Annis,
1577 1163 1623 1193 καὶ
1637 1162 1744 1204 ἔρχεται
1760 1166 1799 1199 εἷς

1029 1203 1206 1244 Ἰερουσαλὴμ.
1217 1206 1282 1246 πρὸς
1294 1207 1338 1237 τὸν
1349 1207 1518 1245 Ἰεὸουσαῖον,
1532 1209 1577 1238 καὶ
1590 1209 1735 1240 κωλύουσιν
1748 1212 1798 1240 αὗ-

1029 1250 1074 1279 τὸν
1086 1252 1110 1280 οἱ
1121 1250 1203 1291 χωλοὶ
1217 1253 1352 1288 εἰσελθεῖν,
1367 1253 1412 1283 καὶ
1431 1254 1562 1293 λαμὸάνει
1574 1255 1623 1292 τὴν
1646 1256 1739 1296 ἄκραν,
1754 1256 1799 1286 καὶ

1030 1296 1199 1336 ᾠκοδόμησεν
1212 1301 1297 1339 ἑαυτῷ
1311 1294 1390 1330 οἶκον.
1401 1300 1553 1341 Συνέπραξε
1567 1302 1595 1332 δὲ
1606 1303 1678 1342 αὐτῷ
1690 1303 1735 1332 καὶ
1746 1303 1801 1333 Χυ-

1031 1342 1085 1382 ρὰμ
1096 1346 1110 1372 ὁ
1132 1345 1254 1384 βασιλεὺς
1266 1345 1365 1385 Τύρου.
1382 1346 1586 1384 Ἐπανέστησαν
1599 1350 1623 1378 οἱ
1641 1349 1799 1390 ἀλλόφυλοι,

227 1404 262 1423 ne
274 1395 302 1423 in
315 1405 457 1423 occursum
471 1394 582 1423 illorum
596 1401 650 1423 cat.
667 1394 721 1425 Sed
737 1396 811 1425 Cum
828 1397 972 1435 audieris,
991 1392 1010 1415 Ε
1029 1389 1074 1418 καὶ
1087 1390 1198 1427 ἐξελθὼν
1214 1391 1359 1432 κατέκοψεν
1375 1393 1469 1427 αὐτοὺς
1483 1397 1497 1424 ὃ
1510 1394 1603 1424 Δαυίδ·
1617 1395 1664 1429 Ὡς
1679 1395 1706 1424 δὲ
1719 1395 1799 1425 πάλιν

229 1440 319 1479 inquit
339 1442 419 1477 Deus,
435 1450 539 1469 vocem
554 1442 685 1470 tremoris
693 1441 800 1483 fletus,
815 1448 884 1471 tuno
895 1453 974 1482 prae-

1028 1436 1166 1474 ἐπέθεντο,
1179 1437 1309 1467 κωλύεται
1329 1439 1403 1479 παρὰ
1417 1443 1462 1469 τοῦ
1486 1442 1556 1470 Θεοῦ
1581 1442 1618 1474 εἰς
1642 1441 1799 1478 συνάντησιν

229 1487 302 1516 lium
313 1490 470 1516 committe.
485 1487 563 1516 Tunc
575 1489 647 1516 enim
663 1486 804 1517 tradentur
816 1488 877 1518 tibi.
894 1490 973 1518 Amo-
982 1507 1018 1528 ³49
1029 1483 1117 1516 αὐτοῖς
1139 1484 1265 1514 ἀνελθεῖν·
1288 1485 1358 1515 Ἀλλ’
1373 1486 1420 1515 Ἐν
1439 1488 1478 1527 ’τῷ
1502 1487 1613 1517 ἀκοῦσαί
1634 1499 1664 1517 σε
1673 1510 1681 1524 ,
1695 1488 1774 1528 φησὶν
1785 1490 1800 1518 ὅ

227 1542 273 1566 vet
285 1545 374 1564 arcam
388 1533 478 1564 David
488 1556 496 1571 ‚
511 1541 537 1563 et
553 1534 670 1563 moritur
683 1535 753 1571 Oza,
770 1535 833 1573 quia
852 1535 973 1565 extendit
990 1536 1010 1559 Α

228 1592 338 1610 manum
355 1591 431 1610 suam
450 1580 486 1610 ad
510 1591 610 1610 arcam.
632 1581 703 1610 Cum
722 1588 812 1611 autem
829 1581 973 1612 duceretur

229 1638 300 1664 arca,
308 1627 421 1656 saltabat
437 1626 527 1656 David
539 1649 547 1663 ‚
570 1633 597 1656 et
617 1626 741 1666 despexit
762 1638 825 1656 eum
838 1628 970 1658 Melchol.

228 1674 307 1703 Tunc
322 1684 385 1703 cum
396 1673 479 1702 vellet
498 1672 588 1703 David
602 1672 735 1702 aedificare
749 1674 898 1713 templum,
913 1685 974 1714 pro-

228 1720 338 1749 hibetur
353 1731 368 1748 ει
389 1719 494 1749 Nathan
508 1718 640 1759 propheta
654 1742 662 1756 ‚
683 1726 709 1748 et
729 1726 854 1758 precatur
876 1721 975 1759 grafias

229 1777 309 1806 agens
331 1768 389 1796 Deo
399 1790 409 1803 ,
424 1766 538 1805 gratias,
555 1766 665 1804 iuquam
675 1789 682 1803 ‚
698 1766 733 1795 de
751 1766 975 1806 promissionibus

229 1823 296 1851 quas
307 1812 423 1842 audivit.
437 1812 572 1842 Percussit
581 1811 671 1842 David
684 1812 845 1852 alienigenas
858 1820 884 1843 et
897 1815 974 1844 Moa-

229 1861 295 1890 bum
307 1867 333 1890 et
344 1862 442 1901 Syros,
457 1867 483 1889 et
495 1870 570 1889 arma
583 1870 664 1889 aurea
673 1882 680 1896 ,
696 1870 757 1899 quae
773 1860 890 1901 accepit,
903 1868 974 1891 attu—

231 1963 295 1988 seth.
313 1964 361 1988 nic
373 1972 431 1988 vero
443 1966 589 1998 Μεμφιὲοσθέ
599 1971 650 1988 non
667 1962 739 1995 lapsu
751 1963 870 1996 graphica
882 1966 992 1997 positum

230 2002 305 2027 fuisse
316 2001 430 2027 videtur:
448 2010 508 2026 nam
523 2000 612 2026 eodem
624 2000 702 2026 modo
718 2003 840 2034 scriptum
853 2003 890 2029 bis
905 2011 992 2036 postea

231 2041 350 2066 occurrit.
364 2040 456 2064 Verum
466 2039 592 2072 exemplar
603 2038 778 2073 Chrysostomi
791 2041 898 2067 multum
911 2045 993 2068 varia-

231 2079 285 2110 bat,
298 2085 400 2111 eratque
419 2078 462 2104 illo
476 2084 587 2111 tempore
606 2079 669 2103 mira
688 2080 865 2112 exemplarium
883 2081 990 2108 diversi-

233 2124 280 2144 tas.
293 2118 335 2143 Sic
350 2118 540 2143 Commentario
550 2118 575 2141 in
583 2118 700 2142 Hesaiam
710 2127 785 2150 supra
794 2120 875 2146 Ναθάν
887 2129 934 2153 pro
946 2129 991 2148 Τα-

232 2162 301 2184 ναθάν
318 2158 429 2189 positum
445 2156 567 2181 videmus.
575 2155 677 2188 Aliaque
693 2156 773 2182 multa
787 2157 923 2184 lectionum
941 2160 993 2185 dis-

232 2198 338 2222 crimina
358 2196 470 2229 proferre
490 2197 516 2220 in
541 2201 642 2228 promtu
661 2202 738 2226 essct,
757 2198 866 2223 maxime
887 2208 946 2224 vero
967 2201 993 2225 in

231 2235 376 2262 nominibus
387 2236 502 2268 propriis.
518 2236 576 2259 Haec
591 2243 668 2266 porro
680 2234 764 2266 lectio,
777 2240 928 2270 Mmpzssoffle',
941 2247 994 2264 non

232 2275 340 2300 insolens
361 2275 435 2299 fuisse
454 2273 568 2305 videtur,
589 2272 794 2306 quandoquidem
820 2275 994 2303 Theodoretus

232 2316 308 2340 etiam
315 2314 404 2340 eodem
413 2313 491 2339 modo
500 2313 556 2346 legit
566 2313 709 2344 Quaestione
718 2319 808 2338 octava
818 2314 844 2338 in
855 2316 993 2342 secundum

231 2354 325 2381 librum
336 2354 441 2387 Regum,
448 2358 473 2378 et.
481 2353 624 2384 Quaestione
632 2350 730 2376 decima
739 2358 829 2384 quarta
841 2354 868 2378 in
876 2355 993 2381 eumdem

232 2391 333 2419 librum.
346 2392 420 2418 Unde
438 2393 515 2417 etiam
534 2390 655 2416 inferatur
675 2399 731 2416 eam
746 2390 878 2417 lectionem
899 2394 924 2418 in
942 2395 993 2427 ejus

233 2432 368 2466 exemplari
382 2432 466 2459 fuisse.
478 2431 571 2456 Verum
583 2436 666 2455 autem
681 2431 732 2464 ejus
747 2439 839 2456 nomen
855 2439 910 2458 erat
934 2439 993 2464 W'N

232 2481 313 2509 η’(ῃῃ,
331 2474 445 2500 Isbosezh
464 2480 492 2499 ut
503 2473 579 2498 habet
589 2472 705 2506 Vulgata,
718 2471 877 2499 librariorum
908 2481 993 2501 autem

232 2520 302 2552 lapsu
314 2528 362 2552 pro
373 2519 461 2545 izeocsos'
478 2517 600 2548 scriptum
616 2516 664 2541 fuit
683 2518 841 2549 Μεμφιδοσθέ,
851 2516 921 2549 quod
938 2523 993 2542 erat

233 2567 324 2583 nomen
340 2557 382 2582 filii
394 2555 520 2582 Jonathae.
536 2554 635 2581 Ibidem
647 2557 773 2580 ἐδασίλευσε
785 2555 867 2581 active
883 2561 994 2582 sumtum

1028 1528 1097 1563 Θεὸς
1107 1553 1115 1566 ,
1127 1529 1197 1567 ‘br->22
1219 1530 1307 1571 φωνὴν
1332 1534 1378 1561 τοῦ
1406 1536 1516 1572 σεισμοῦ
1540 1536 1585 1563 τοῦ
1611 1535 1780 1574 κλαυθμῶνος
1789 1551 1798 1565 9

1027 1575 1088 1604 τότε
1107 1576 1229 1614 πολέμει.
1252 1576 1322 1606 Τότε
1335 1577 1386 1617 γὰρ
1408 1578 1599 1618 παραδίδονταί
1621 1591 1672 1609 σοι.
1691 1579 1800 1620 ’Ἀνάγει

1028 1621 1076 1658 τὴν
1090 1622 1203 1652 mean-bv
1214 1625 1228 1653 ὁ
1241 1622 1338 1660 Δαυὶδ,
1348 1623 1393 1653 καὶ
1416 1624 1578 1661 ἀποθνήσκει
1592 1626 1675 1663 Ὀζᾶ,
1688 1625 1729 1656 ὅτι
1741 1626 1800 1662 ἐξέ-

1028 1680 1097 1697 τεινε
1111 1668 1160 1704 τὴν
1172 1673 1250 1709 χεῖρα
1263 1671 1342 1699 αὐτοῦ
1357 1670 1422 1710 πρὸς
1435 1670 1484 1707 τὴν
1498 1671 1620 1702 κιὸωτόν.
1634 1672 1682 1706 Ὡς
1695 1673 1722 1703 δὲ
1736 1674 1800 1710 ἀνή-

1029 1726 1090 1754 γετο
1098 1716 1115 1750 ἡ
1127 1714 1240 1749 κιὸωτὸς
1248 1737 1256 1751 ,
1266 1716 1380 1756 ὠρχεῖτο
1390 1719 1404 1746 ὁ
1425 1716 1510 1746 Δαυὶδ
1518 1738 1526 1752 ,
1539 1718 1585 1747 καὶ
1604 1718 1769 1755 ἑξουθένησεν
1782 1722 1799 1756 ἡ

1030 1761 1159 1802 Μελχώλ.
1169 1762 1239 1792 Τότε
1254 1763 1411 1802 βουλόμενος
1424 1766 1439 1794 ὁ
1449 1763 1533 1794 Δαυὶδ
1546 1766 1720 1804 οἰκοδομῆσαι
1730 1767 1802 1802 ναὸν,

1030 1812 1162 1842 κωλύεται
1172 1813 1224 1843 ὑπὸ
1242 1816 1288 1843 τοῦ
1302 1814 1394 1845 Νάθαν
1406 1818 1453 1845 τοῦ
1467 1816 1603 1856 προφήτου
1614 1840 1621 1854 ,
1635 1816 1681 1847 καὶ
1695 1817 1801 1858 εὔχεται

1030 1865 1194 1904 εὐχαριστῶν
1208 1864 1273 1904 πρὸς
1296 1864 1341 1894 τὸν
1367 1865 1448 1901 Θεὸν,
1472 1868 1636 1907 εὐχαριστῶν
1659 1868 1726 1908 ὑπὲρ
1749 1870 1803 1898 τῶν

1042 1975 1088 1999 pro
1098 1988 1104 1998 ‚
1117 1976 1198 2001 regem
1210 1970 1348 1993 constituit.
1365 1968 1407 1994 Sic
1426 1969 1451 1994 in
1463 1976 1510 2000 τοῖς
1521 1970 1556 1996 ο’,
1569 1969 1587 1995 l.
1601 1971 1626 2003 2,
1639 1980 1663 1997 c.
1676 1973 1701 1996 2.

1073 2013 1085 2025 θ
1102 2007 1133 2031 In
1150 2006 1219 2032 Edit.
1233 2008 1307 2032 Rom.
1321 2013 1410 2039 Βαανά,
1421 2014 1447 2033 ei.
1458 2006 1544 2042 ῥηχάὸ.
1554 2009 1657 2035 Coislin.
1676 2010 1750 2044 Ῡχαὰέ
1764 2016 1807 2038 καὶ

1041 2049 1131 2074 Βανέας.
1144 2045 1261 2078 Lugdun.
1275 2044 1343 2080 ῥιχὰν
1355 2051 1392 2073 καὶ
1405 2052 1490 2077 Βενέας.

1074 2084 1084 2098 '¹
1102 2089 1146 2114 Τὴν
1159 2090 1231 2118 φωνὴν
1243 2090 1283 2112 τοῦ
1295 2092 1385 2119 σεισμοῦ
1397 2090 1436 2113 τοῦ
1447 2090 1599 2120 κλαυθμῶνος.
1613 2088 1661 2113 Hic
1671 2087 1745 2122 longe
1755 2099 1801 2118 va,

1041 2134 1109 2158 riant
1134 2135 1280 2166 interpretes
1299 2144 1304 2158 :
1324 2135 1443 2160 Hehroeus
1466 2135 1543 2161 habet
1570 2137 1658 2167 0779!
1682 2121 1802 2175 ιῚἸΡἾἹΒ

1043 2177 1169 2204 ῦὶκῃῃῃ
1188 2177 1300 2206 ’mm-72
1318 2183 1406 2198 vocem
1417 2176 1526 2199 incessus
1536 2176 1563 2199 in
1580 2175 1705 2208 capitibus
1722 2185 1802 2201 mom-

1042 2223 1104 2241 mm.
1118 2215 1205 2248 Aquila
1218 2222 1243 2241 et
1254 2217 1421 2251 Symmachus
1433 2222 1502 2253 ψόφον
1514 2221 1652 2251 διαδήματος
1664 2222 1686 2244 ἐν
1697 2223 1804 2254 κεφαλαῖς

1043 2261 1088 2280 τῶν
1098 2262 1247 2290 φρουρήσεων,
1260 2258 1387 2290 strepitum
1398 2259 1518 2282 transims
1535 2259 1561 2282 in
1573 2257 1698 2289 capitibus
1713 2262 1803 2293 proest'-

1043 2296 1149 2320 diorum.
1159 2295 1265 2328 Vulgata
1273 2296 1389 2322 Sonitum
1398 2297 1546 2330 gradientes
1555 2298 1581 2321 in
1589 2298 1719 2322 cacumine
1723 2307 1803 2332 pym-

1041 2343 1103 2359 mm.
1110 2334 1181 2359 LXX
1187 2335 1234 2360 int.
1246 2340 1287 2365 τὴν
1292 2341 1364 2371 φωνὴν
1373 2340 1414 2362 τοῦ
1423 2340 1569 2370 συγκλεισμοῦ
1576 2341 1622 2363 ἀπὸ
1629 2340 1669 2362 τοῦ
1674 2340 1755 2367 ἄλσους
1762 2342 1803 2364 τοῦ

1042 2378 1197 2406 κλαυθμῶνος,
1205 2373 1302 2399 Vocem
1312 2376 1481 2400 conclusionis
1489 2385 1507 2400 a
1520 2375 1800 2409 IucofletusSedalius,

1043 2419 1071 2438 ut
1087 2412 1230 2439 notavimus
1246 2414 1274 2438 in
1290 2414 1424 2447 Hexapfis,
1439 2414 1489 2440 hoc
1511 2414 1570 2440 loco
1590 2423 1637 2447 pro
1656 2420 1803 2450 συγκλεισμοῦ

1044 2451 1120 2476 hahet.
1138 2456 1275 2486 συσσιισμοῦ.
1287 2452 1483 2487 chrysostomus
1502 2462 1562 2480 vero
1581 2458 1622 2481 τοῦ
1641 2460 1739 2488 σιισμοῦ.
1755 2458 1802 2482 11ae

1043 2493 1102 2510 vero
1114 2484 1233 2510 lectiones
1245 2490 1375 2518 συσσεισμοῦ
1385 2493 1411 2512 et
1421 2491 1519 2520 σεισμοῦ,
1528 2489 1637 2512 tremoris
1646 2487 1683 2513 vel
1695 2498 1802 2514 commo-

1044 2527 1127 2556 tionis,
1141 2529 1219 2560 magis
1227 2528 1351 2554 accedunt
1360 2529 1393 2554 ad
1400 2529 1605 2562 significationem
1618 2531 1685 2556 vocis
1704 2533 1800 2563 fl'ilffl,

1044 2567 1119 2590 quam
1133 2564 1286 2594 συγκλεισμοῦ,
1299 2562 1475 2588 conclusionis.
