1890 2826
764 204 795 226 IN

417 319 505 350 ΚΕΦ.
529 319 556 348 ι’.

146 413 192 443 Ἐν
205 410 276 442 ι’ἔτει
286 412 369 453 τρίτῳ
385 414 431 442 τοῦ
450 410 580 452 βασιλέως
589 411 701 451 Περσῶν
723 408 813 448 Κύρου
830 408 870 437 λό-

105 475 150 503 γος
160 463 332 504 ἀπεκαλύφθη
350 466 389 505 τῷ
403 464 520 501 Δανιὴλ,
533 458 563 501 οὗ
582 462 614 492 τὸ
635 462 719 501 ὄνομα
741 459 875 496 ἐπεκλήθη

108 516 259 556 Βαλτάσαρ.
283 516 339 547 Καὶ
363 517 510 554 ἀληθινὸςὸ
522 515 612 555 λόγος·
631 514 679 545 καὶ
695 513 809 552 δύναμις
827 523 875 552 με·

106 568 175 608 γᾶλη
188 568 234 598 καὶ
244 567 347 602 σύνεσις
357 567 434 604 ἐδόθη
447 569 518 608 αὐτῷ
529 568 557 597 ἐν
568 568 602 607 τῇ
615 565 737 606 ὀπτασίᾳ.
750 565 798 595 Ἐν
818 569 886 598 ταῖς-

107 621 218 661 ἡμέραις
229 620 338 654 ἐκείναις
349 620 402 661 ἐγὼ
414 619 517 656 Δανιὴλ
525 619 598 659 ἤμην
610 620 712 649 πενθῶν
722 622 791 658 τρεῖς
803 616 877 646 {680-

107 673 202 712 μάδας.
223 672 335 714 εἌρτον
346 674 492 713 ἐπιθυμιῶν
514 673 563 702 οὖκ
580 672 689 713 ἔφαγον,
702 670 747 700 καὶ
757 669 823 711 κρέα
832 669 878 699 καὶ
892 671 911 695 Β

107 721 175 760 οἶνος
185 728 233 756 οὐκ
253 727 374 762 εἰσῆλθον
386 728 424 759 εἷς
449 725 480 755 τὸ
493 724 580 764 στόμα
605 735 671 764 μου,
692 722 741 753 καὶ
760 723 879 762 ἄλειμμα

109 777 156 806 οὐκ
169 778 321 819 ἧλειψᾶμην
332 778 381 812 ἕως
400 780 480 818 τριῶν
497 776 652 816 ἑὸδομάδων
671 777 787 816 ἡμερῶν.
801 774 880 808 Τίνος

109 827 196 858 ἕνεκεν
207 830 287 859 πάλιν
303 832 406 867 πενθεῖ;
419 830 454 860 Et
471 829 524 869 γὰρ
545 828 577 858 τὸ
596 829 701 869 πρῶτον
724 828 780 861 ἔτος
791 826 880 867 Κύρου

109 881 190 918 ἀνέθη
199 904 208 918 ,
221 882 291 916 τίνος
305 882 391 912 ἕνεκεν
403 884 492 912 πενθεῖ
499 893 508 919 3
523 881 570 911 καὶ
583 880 671 914 πάσας
683 879 800 920 ἡμέρας,
812 879 881 913 εἰκὸς

109 932 187 971 μίαν;
199 934 287 964 Πάλιν
300 934 374 964 οῦδὲν
398 933 581 974 ἀκούει,ὗπὲρ
608 928 646 962 ὦν
667 931 782 973 εὔχεται.
801 931 882 971 Ἐμοὶ

109 986 180 1015 δοκεῖ
188 1008 197 1023 ,
208 986 248 1016 ὅτι
261 986 369 1028 εὔχεται
379 986 448 1016 ὥστε
454 987 566 1023 λυθῆναι
575 985 610 1015 τὰ
621 984 693 1015 δεινὰ
701 987 796 1014 ταῢτα.
810 984 881 1014 Ἀλλ’

107 1037 181 1068 οὐδὲν
193 1040 310 1068 τοιοῦτον
329 1040 343 1068 ὃ
362 1039 431 1073 Θεός
442 1051 448 1058 ·
463 1038 509 1069 καὶ
530 1037 603 1078 λέγει
623 1037 783 1077 σαφέστερον
806 1037 879 1067 αὐτό.

108 1091 218 1120 Μᾶλλον
232 1091 260 1121 δὲ
283 1091 353 1121 ὥστε
376 1090 478 1124 πάντας
503 1091 620 1120 ἀνελθεῖν
642 1089 760 1129 εὔχεται.
776 1090 811 1133 Εἰ
834 1088 880 1118 καὶ

109 1144 213 1182 μεγάλα
223 1143 258 1172 τὰ
277 1142 363 1181 δεινὰ,
372 1143 419 1172 καὶ
439 1142 562 1172 ἐδούλετο
586 1141 729 1171 ἀποὸαλεῖν
751 1140 802 1177 τὴν
823 1153 879 1170 πα-

108 1194 192 1234 τρίδα.
204 1194 298 1229 Οὕτως
322 1194 349 1224 δὲ
369 1194 528 1235 σαφέστερον
550 1193 614 1223 αὗτὸ
636 1192 782 1233 λέγει,καὶ
801 1194 879 1233 ἄκρι-

108 1246 242 1287 ὃέστερον.
255 1247 327 1287 ιὍρα
340 1247 372 1284 δὴ
386 1249 524 1287 πανταχοῦ
540 1246 586 1276 τὸν
600 1246 703 1282 Δανιὴλ
719 1247 770 1286 οὐχ
789 1246 880 1279 ἅπλῶς

828 203 1016 227 DANJELEM.

1603 194 1672 241 289

1229 317 1308 346 CAP.
1331 316 1368 347 X.

967 411 995 438 1.
1018 410 1057 438 1η
1071 411 1150 438 anno
1163 411 1245 439 tertio
1259 409 1332 446 Cyri
1343 409 1417 449 regis
1429 409 1586 438 Persarum
1606 418 1673 438 ver-

927 457 995 485 bum
1011 454 1173 484 revelatum
1185 463 1226 485 est
1240 455 1373 492 Danieli,
1387 456 1438 494 qui
1452 455 1619 484 nominatus
1629 460 1672 483 est

926 501 1078 531 Baltasar.
1095 501 1136 529 Et
1150 511 1252 530 verum
1271 508 1334 530 erat
1348 502 1486 536 verbum;
1501 507 1530 529 et
1541 502 1675 540 potentia

926 557 1036 587 magna
1058 553 1088 576 et
1103 546 1300 586 intelligentia
1319 547 1391 576 data
1404 552 1446 575 est
1462 548 1489 576 ei
1502 547 1533 575 in
1544 547 1671 575 visione.

926 595 958 624 2.
971 595 1009 623 In
1025 594 1128 623 diebus
1137 593 1199 622 illis
1208 603 1260 633 ego
1270 593 1381 622 Daniel
1396 595 1427 621 in
1438 593 1517 622 luctu
1527 603 1608 621 eram
1618 598 1675 622 tres

928 639 1137 669 hebdomadas.
1151 641 1180 670 5.
1190 640 1305 669 Panem
1312 640 1520 669 desideriorum
1528 649 1587 667 non
1594 649 1673 668 com-

928 687 988 723 edi,
1004 692 1033 716 et
1057 696 1160 716 carnes
1175 696 1211 715 ac
1237 687 1343 715 vinum
1361 696 1421 715 non
1445 686 1620 714 introierunt
1644 686 1676 715 in

928 742 961 762 os
972 743 1080 771 meum,
1092 739 1122 762 et
1138 738 1285 770 unguento
1303 742 1363 761 non
1379 737 1484 761 unctus
1506 741 1571 760 sum
1584 741 1676 772 usque

929 780 971 808 ad
984 786 1041 810 tres
1062 779 1263 809 hebdomadas
1283 778 1407 808 dierum.
1421 779 1512 815 Quare
1522 777 1619 807 iterum
1634 777 1676 807 lu—

930 825 993 865 get?
1003 826 1075 855 Nam
1087 825 1111 856 si
1124 826 1229 866 primus
1254 834 1339 854 annus
1363 823 1430 864 Cyri
1453 823 1676 863 adveneratscur
1732 825 1735 826 ⁷

929 870 1025 910 luget?
1035 878 1062 901 et
1074 881 1166 901 omnes
1179 871 1248 908 dies,
1256 881 1318 901 cum
1333 881 1416 900 unum
1430 870 1570 900 dumtaxat
1583 871 1676 910 lugere

930 916 1086 947 debuisset?
1099 919 1205 947 Rursus
1225 917 1296 947 nihil
1314 917 1394 947 audit
1406 917 1441 946 de
1462 917 1496 946 iis
1519 917 1613 953 rebus,
1626 928 1676 957 pro

930 964 1031 1003 quibus
1044 971 1113 995 orat.
1128 964 1201 994 Mihi
1214 963 1323 995 videtur
1335 963 1410 1002 quod
1419 974 1471 1003 pro
1483 963 1616 994 solutione
1626 963 1675 994 (ἐει-

929 1011 1080 1040 lamitatum
1100 1009 1272 1052 praesentiuin
1296 1016 1431 1050 precatur.
1448 1011 1484 1039 At
1507 1011 1582 1040 Deus
1605 1010 1684 1050 nibil*

928 1056 993 1093 tale,
1009 1055 1056 1086 sed
1075 1054 1194 1095 idipsum
1207 1055 1282 1094 quod
1293 1065 1388 1095 supra,
1402 1062 1482 1096 atque
1494 1056 1614 1096 apertius
1626 1056 1672 1087 di-

929 1102 1047 1132 cit.Imo
1069 1108 1099 1131 nt
1120 1111 1212 1138 omnes
1235 1100 1364 1139 redeant,
1386 1108 1445 1133 orat
1469 1102 1577 1132 Daniel.
1599 1103 1675 1133 Licet

929 1149 1002 1178 enim
1014 1158 1111 1188 magna
1128 1154 1214 1178 essent
1232 1147 1320 1186 mala,
1335 1147 1435 1187 quibus
1457 1149 1476 1179 J
1478 1148 1547 1178 udaei
1569 1160 1676 1190 preme-

927 1194 1039 1232 bantur,
1054 1203 1108 1223 non
1119 1200 1208 1224 tamen
1221 1193 1283 1223 ideo
1294 1193 1403 1225 volebat
1414 1194 1529 1234 patriam
1542 1196 1674 1226 amittere.

929 1241 984 1271 Iste
1004 1247 1094 1271 autem
1113 1240 1225 1280 angelus
1245 1239 1346 1270 clarius
1359 1251 1390 1270 ac
1413 1241 1534 1271 exactius
1552 1241 1582 1271 id
1595 1241 1673 1272 dicit.

108 1298 319 1340 gmwfffflmjm
327 1301 381 1329 τῶν
393 1299 489 1340 ὄψεων,
501 1299 571 1328 ἀλλὰ
587 1297 655 1338 μετὰ
663 1298 800 1334 „nunna-‚m
810 1297 879 1327 Ὅτε
892 1296 913 1322 c
928 1288 1002 1319 Vide
1023 1294 1112 1318 autem
1133 1287 1236 1327 ubique
1249 1287 1390 1317 Danielem
1402 1298 1456 1318 non
1472 1288 1633 1329 simpliciter
1644 1300 1675 1320 ac

111 1353 165 1382 ἔδει
174 1352 206 1382 τὸ
218 1352 281 1393 ὄναρ
295 1355 396 1391 μαθεῖν,
409 1351 517 1387 νηστεία
539 1350 721 1393 προηγήσατο.
740 1349 807 1380 Ὅτε
822 1350 877 1380 Γα-

108 1405 188 1445 ὅριὴλ
200 1398 301 1446 ἐφάνη,
314 1403 424 1441 νηστεία
435 1403 516 1433 πάλιν
537 1402 583 1432 καὶ
597 1401 692 1436 σποδὸς
710 1401 756 1431 καὶ
768 1401 874 1435 σάκκος.

108 1457 174 1487 “oce
194 1452 268 1490 οὗτος
290 1456 423 1497 φαίνεται,
437 1455 483 1485 καὶ
506 1454 615 1491 νηστεία
638 1453 684 1485 καὶ
709 1454 785 1494 εὐχή.
806 1454 877 1484 Ἀλλ’

105 1509 155 1549 ὅρα
167 1509 214 1539 καὶ
225 1511 317 1539 τοῦτον
330 1507 539 1548 ἀπολογούμενον
563 1509 635 1548 αὐτῷ
649 1506 752 1548 σχεδόν.
773 1506 826 1536 Καὶ
849 1507 876 1535 ἐν

105 1561 194 1602 ἡμέρα
207 1562 311 1601 εἰκοστῇ
329 1560 375 1590 καὶ
394 1559 510 1600 τετάρτῃ
530 1561 576 1589 τοῦ
591 1559 672 1598 μηνὸς
690 1560 736 1589 τοῦ
754 1557 876 1598 πρώτου,

107 1613 160 1652 ἐγὼ
172 1613 245 1653 ἤμην
258 1612 382 1653 ἐχόμενος
396 1614 443 1641 τοῦ
453 1613 575 1651 ποταμοῦ
590 1613 636 1640 τοῦ
656 1610 788 1650 μεγάλου,
802 1606 877 1644 οἷτός

107 1666 163 1694 ἐστι
174 1665 276 1705 Τίγρις.
290 1665 345 1694 Καὶ
357 1660 411 1704 ἦρα
420 1663 480 1697 τοὺς
490 1663 640 1704 ὀφθαλμούς
654 1674 719 1702 μου,
729 1662 775 1692 καὶ
794 1657 875 1692 εἶδον·

107 1717 153 1747 καὶ
164 1717 220 1746 ἰδοὺ
231 1716 299 1757 ἀνὴρ
308 1715 475 1755 ἐνδεδυμένος
487 1715 569 1755 βαόὶμ
577 1736 585 1751 ,
599 1715 644 1744 καὶ
655 1717 673 1751 ἡ
694 1714 774 1755 ὀσφὺς
796 1716 876 1744 αὐτοῦ

105 1768 303 1810 περιεζωσμένη
323 1767 425 1809 χρυσίῳ
446 1767 550 1808 Ὀφὰζ,
573 1767 618 1797 καὶ
641 1766 672 1796 τὸ
694 1769 774 1806 σῶμα
795 1767 876 1796 αὖτοῦ

106 1821 170 1851 ὡσεὶ
194 1822 324 1861 Θαρσεῖς,
338 1819 383 1850 καὶ
406 1819 438 1850 τὸ
459 1819 601 1859 πρόσωπον
622 1819 702 1849 αὐτοῦ
724 1818 791 1848 ὡσεὶ
812 1818 876 1859 ὅρα-

107 1886 146 1907 σις
159 1875 310 1914 ἀστραπῆς,
324 1871 370 1902 καὶ
391 1872 415 1901 οἱ
435 1871 566 1912 ὀφθαλμοὶ
585 1873 665 1901 αὐτοῦ
685 1870 749 1900 ὡσεὶ
767 1870 876 1910 λαμπά-

928 1333 986 1363 sine
999 1333 1091 1363 labore
1116 1333 1236 1362 obtinere
1259 1332 1392 1371 visiones,
1408 1332 1456 1363 sed
1469 1345 1531 1363 cum
1549 1334 1673 1375 jejuniis.

927 1378 1044 1416 Quando
1055 1378 1178 1419 oportuit
1189 1378 1326 1408 somnium
1338 1378 1452 1416 discere,
1459 1379 1597 1420 jejunium
1606 1391 1674 1421 prze-

926 1426 1016 1455 cessit.
1032 1427 1102 1456 Cum
1115 1424 1228 1455 Gebriel
1251 1425 1389 1466 apparuit,
1401 1425 1540 1466 jejunium
1562 1426 1673 1465 iterum,

926 1479 953 1502 et
963 1472 1042 1510 cinis,
1057 1478 1083 1502 et
1097 1482 1190 1502 saccus
1206 1484 1212 1500 :
1228 1482 1291 1501 cum
1304 1471 1354 1501 iste
1371 1472 1546 1513 conspicitur,
1563 1480 1588 1502 ct
1597 1474 1670 1514 jeju-

925 1518 1003 1548 nium
1012 1524 1039 1548 et
1051 1518 1148 1548 oratio.
1160 1517 1215 1548 Sed
1225 1516 1288 1549 vide
1298 1518 1426 1558 angelum
1436 1529 1464 1548 se
1475 1519 1673 1560 propemodum

925 1574 1054 1593 excusare
1063 1563 1182 1594 Danieli.
1194 1564 1275 1593 4.Εε
1294 1565 1326 1593 in
1336 1565 1384 1593 die
1403 1567 1548 1605 vigesima
1565 1573 1674 1606 quarta

925 1612 1032 1639 mensis
1040 1611 1128 1650 primi
1138 1620 1189 1650 ego
1201 1620 1282 1639 eram
1289 1611 1380 1650 juxta
1387 1611 1509 1649 fluvium
1521 1622 1670 1653 magnum,

925 1656 974 1685 laic
993 1661 1036 1686 est
1063 1656 1166 1696 Tigris.
1184 1656 1213 1686 5.
1235 1657 1278 1685 Et
1299 1656 1398 1686 levavi
1418 1658 1519 1687 oculos
1541 1669 1630 1697 meos,
1644 1665 1673 1688 et

925 1702 1010 1731 vidi.-
1025 1707 1054 1730 et
1076 1711 1142 1731 ecce
1160 1702 1210 1731 vir
1229 1701 1351 1731 indutus
1370 1703 1531 1741 Badim‚et
1555 1704 1672 1734 lumbus

925 1748 988 1787 ejus
996 1748 1172 1787 proecinetus
1182 1756 1255 1776 auro
1271 1748 1386 1787 Ophaz,
1400 1749 1431 1778 6.
1445 1755 1474 1779 et
1482 1758 1586 1789 corpus
1599 1752 1673 1790 ejus,

926 1794 1011 1833 quasi
1036 1794 1164 1830 marsis,
1178 1799 1207 1822 et
1207 1793 1310 1834 facies
1327 1795 1400 1834 ejus,
1415 1800 1448 1824 ut
1465 1803 1598 1835 aspectus
1601 1797 1674 1837 ful—

925 1840 1015 1878 guris,
1034 1845 1062 1868 et
1082 1838 1161 1868 oculi
1177 1839 1251 1878 ejus,
1268 1839 1352 1869 velut
1368 1839 1520 1880 lampades
1534 1843 1621 1881 ignis,
1643 1850 1672 1872 et

927 1883 1049 1912 brachia
1062 1882 1126 1922 ejus
1145 1892 1182 1911 ac
1197 1892 1284 1911 crura
1293 1904 1303 1920 ,
1316 1884 1393 1912 sicut
1408 1886 1486 1914 visio
1508 1887 1574 1915 ceris
1591 1896 1671 1916 coru-

107 1927 148 1960 δες
157 1925 256 1966 πυρὸς,
269 1925 313 1955 καὶ
328 1926 353 1954 οἱ
367 1923 504 1968 βραχίονες
524 1925 604 1954 αὗτοῧ
617 1923 664 1954 καὶ
681 1923 716 1953 τὰ
737 1922 820 1960 σκέλη
840 1924 876 1958 ὣς
893 1926 912 1950 D
925 1930 1047 1965 ,sc-antis,
1065 1933 1093 1957 ec
1104 1938 1167 1957 vox
1178 1937 1344 1958 sermonum
1352 1931 1427 1970 ejus,
1434 1932 1520 1971 quasi
1533 1942 1596 1961 ‘voz‘
1607 1939 1671 1962 tur.

105 1979 195 2018 8ρασις
210 1978 312 2018 χαλκοῦ
333 1975 556 2013 στίλὸοντος,καὶ
574 1978 592 2012 ἡ
617 1975 690 2016 φωνὴ
712 1977 765 2005 τῶν
790 1975 875 2015 λόγων

107 2031 184 2060 αὐτοῦ
198 2031 234 2063 ὡς
246 2029 319 2070 φωνὴ
331 2028 421 2069 ὄχλου.
435 2028 490 2058 Καὶ
507 2023 574 2057 εἶδον
595 2027 648 2068 ἐγὼ
673 2027 776 2063 Δανιὴλ
798 2026 875 2066 μόνος

60 2079 62 2081 ’
105 2082 154 2119 τὴν
166 2081 305 2119 ὀπτασίαν,
318 2081 363 2111 καὶ
376 2082 401 2111 οἱ
423 2080 513 2120 ἄνδρες
525 2081 549 2110 οἱ
571 2082 629 2119 μετ’
652 2081 717 2119 ἐμοῦ
738 2080 786 2110 οὐκ
806 2075 874 2110 εἶδον

106 2134 154 2171 τὴν
167 2134 306 2170 ὀπτασίαν,
318 2135 377 2163 ἀλλ’
391 2133 409 2170 ἢ
425 2133 546 2167 ἔκστασις
561 2132 665 2173 μεγάλη
684 2133 810 2163 ἐπέπεσεν
831 2134 872 2162 ἐπ’

105 2186 215 2224 αὐτοὺς,
229 2186 275 2216 καὶ
299 2186 392 2226 ἔφυγον
411 2187 439 2215 ἐν
461 2185 544 2225 φόὸῳ.
566 2184 621 2215 Καὶ
645 2185 698 2225 ἐγὼ
712 2185 872 2225 ἀπελείφθην

104 2239 180 2278 μόνος
189 2261 197 2276 ,
212 2238 257 2268 καὶ
275 2233 340 2268 εἶδαν
354 2238 402 2275 τὴν
416 2237 544 2267 ὀπτασίαν
558 2236 606 2274 τὴν
621 2237 738 2276 μεγάλην
763 2236 871 2274 ταύτην,

104 2291 149 2321 καὶ
162 2291 212 2331 οὔχ
221 2290 365 2330 ὁπελείφθη
384 2291 412 2320 ἐν
437 2289 496 2329 ἐμοὶ
523 2289 613 2330 ἰσχὺς,
627 2289 672 2319 καὶ
693 2291 710 2326 ἡ
733 2289 794 2323 δόξα
820 2301 870 2328 μου

136 2382 150 2402 ¹¹
167 2380 196 2407 ἐν
209 2385 254 2408 inc
262 2385 333 2415 τρίτῳ
344 2384 384 2408 τοῦ
397 2383 508 2414 βασιλέως
519 2385 613 2415 Περσῶν
625 2382 704 2414 Κύρου.
715 2380 772 2404 Hoc
784 2379 860 2413 igitur

107 2426 218 2453 tempore
233 2424 388 2455 ὶσχατογήρως
404 2425 458 2445 erat
474 2419 570 2444 Daniel.
584 2419 617 2443 Et
634 2425 718 2443 tamen
733 2418 763 2453 s·
776 2417 859 2452 Chry-

105 2465 244 2491 sontomus‚
271 2458 398 2492 ιετιὶοζᾶε
418 2457 664 2492 incomprehensibili
686 2458 732 2482 Dei
752 2463 857 2490 natura,

105 2503 190 2526 νεανίαν
213 2499 283 2524 facit.
294 2503 302 2511 “
313 2498 411 2532 Nempe
433 2497 463 2522 T.
483 2499 507 2530 l,
518 2506 545 2530 p.
563 2498 622 2527 466,
642 2497 677 2521 D.
691 2496 732 2521 At
749 2496 860 2530 Chryso-

106 2544 196 2564 :tomus
205 2546 320 2572 parvam,
340 2543 363 2562 el
381 2546 447 2570 ἀρε
468 2536 568 2561 nullam
590 2541 724 2568 temporum
741 2536 860 2561 rationem

107 2577 189 2603 habet.

926 1974 980 2003 bae.
992 1974 1022 2003 ⁷.
1035 1974 1077 2003 Et
1091 1973 1155 2003 vidi
1172 1983 1224 2014 ego
1238 1974 1351 2004 Daniel
1371 1975 1451 2005 solus
1472 1978 1627 2016 visionem,
1641 1987 1670 2009 et

925 2021 987 2048 viri
997 2021 1048 2060 qui
1061 2025 1146 2049 erant
1157 2029 1269 2050 mecum
1283 2021 1429 2050 visionem
1445 2032 1505 2051 non
1514 2024 1670 2062 viderunt,

924 2065 978 2094 sed
989 2071 1082 2095 terror
1099 2066 1198 2106 gravis
1214 2067 1300 2095 irruit
1317 2076 1403 2107 super
1420 2078 1480 2105 eos,
1492 2075 1520 2098 et
1523 2069 1671 2110 sugerunt

925 2110 956 2138 in
979 2111 1091 2139 timore.
1110 2109 1141 2140 8.
1162 2109 1205 2139 Et
1229 2120 1281 2150 ego
1301 2110 1421 2141 relictus
1443 2122 1507 2142 sum
1528 2114 1619 2152 solus,
1641 2121 1671 2145 ec

924 2154 989 2182 vidi
999 2155 1143 2184 visionem
1157 2163 1296 2194 magnam
1315 2155 1404 2192 hanc,
1415 2162 1443 2185 et
1455 2167 1515 2186 non
1528 2160 1669 2188 remansit

924 2202 956 2230 in
974 2211 1020 2231 me
1034 2201 1188 2242 fortitude,
1202 2207 1230 2231 et
1241 2202 1337 2243 gloria
1351 2213 1416 2232 mea
1427 2213 1567 2234 conversa
1579 2211 1622 2235 est
1635 2208 1668 2235 in

923 2246 1145 2285 corruptionem,
1158 2251 1188 2274 et
1201 2256 1260 2275 non
1281 2248 1389 2276 retinui
1406 2249 1504 2277 robur.
1520 2250 1550 2278 9.
1564 2251 1604 2278 Ee
1612 2260 1666 2278 au-

924 2289 988 2319 divi·
1003 2299 1106 2320 vocem
1120 2299 1287 2320 sermonum
1304 2292 1367 2330 eius
1378 2303 1386 2319 :
1401 2298 1430 2321 et
1443 2302 1508 2322 cum
1519 2303 1570 2332 ego
1583 2293 1668 2322 audi-

939 2386 950 2398 e
966 2375 1039 2413 Ᾰρτον
1050 2383 1178 2413 ἐπιθυμῶν,
1194 2385 1245 2405 etc.
1261 2378 1436 2405 Theodoretus
1448 2380 1499 2412 hic,
1515 2381 1541 2405 S.
1562 2380 1667 2404 Basilius

907 2417 1015 2444 Humilia
1023 2419 1103 2451 prime
1112 2417 1144 2443 de
1150 2417 1259 2452 Jejunio‚
1268 2425 1294 2444 et
1302 2419 1394 2444 Noster
1403 2419 1513 2444 secundo
1523 2426 1611 2445 contra
1620 2421 1634 2445 J
1638 2429 1665 2444 u-

906 2456 983 2490 doeos,
1004 2462 1080 2485 ἄσιτον
1099 2458 1198 2490 penitus
1215 2463 1242 2483 et
1258 2463 1343 2485 ἄποτον
1363 2467 1406 2491 per
1425 2464 1474 2482 tres
1493 2457 1666 2483 hebdomadas

908 2496 1027 2522 mansisse
1054 2496 1181 2522 Danielem
1208 2499 1365 2530 opinantur:
1384 2503 1411 2521 ut
1431 2495 1463 2521 de
1483 2498 1551 2522 Mose
1574 2497 1665 2529 legitur

908 2535 989 2569 Exodi
1002 2538 1043 2567 34,
1062 2538 1102 2562 28.
1118 2535 1194 2568 Quod
1213 2545 1270 2561 cum
1283 2535 1369 2561 divino
1391 2537 1520 2560 contextui
1536 2535 1666 2562 aduersari

909 2574 1033 2606 videatur,
1047 2576 1072 2600 in
1084 2576 1233 2600 sententiam
1243 2575 1268 2599 S.
1284 2575 1430 2607 Hieronymi
1440 2575 1542 2600 discedo
1555 2574 1644 2603 libens,

1652 2653 1689 2671 Ι
