1904 2840
557 182 590 204 m
617 182 728 213 intuo,
758 182 846 205 pose
872 180 996 204 MANUM
1022 180 1129 213 TUAM,
1159 181 1282 205 strumo.
1628 170 1699 218 (579

138 246 248 284 Πνεῦμα
261 243 402 284 ἀῤῥαὸῶνα
416 243 581 276 σκανδαλίζει
603 253 649 271 σου
668 242 718 278 τὴν
738 242 837 282 ψυχὴν,
858 242 903 271 ἐὰν

137 286 196 321 ἴδης
207 284 253 314 καὶ
267 284 312 314 τὸν
325 283 395 313 Θεὸν
414 282 589 322 κληρονομίαν
602 282 752 322 λεγόμενον,
766 283 792 311 τί
806 286 902 316 ποιείς;

136 317 256 364 Πρόσεχε
274 322 405 362 ἀκριὸῶς,
425 323 482 355 πῶς
499 323 528 352 οὗ
551 322 630 361 μόνον
648 321 902 362 κληρονομούμενον,

135 363 205 393 ἀλλὰ
224 362 270 392 καὶ
285 362 364 393 αὐτὸν
386 361 563 402 κληρονομίαν
576 361 729 401 λεγόμενον.
743 361 836 391 Ἄκουε
856 364 902 391 τοῦ

133 403 218 433 Δαυὶδ
230 402 359 442 λέγοντος,
377 401 474 441 Κύριος
488 402 562 440 μερὶς
583 403 631 436 τῆς
648 400 824 441 κληρονομίας
838 413 898 440 μου.

134 445 149 473 ὃ
162 443 230 476 Θεὸς
241 442 315 482 μερὶς
325 441 502 491 κληρονομίας
512 452 519 459 ·
533 441 564 471 τὸ
570 442 688 492 ἲΠνεῦμα
701 440 824 492 ἀρἑὅὸιν
835 442 901 491 κλη-

133 482 316 561 Ξὲνοίὲζέἳοῗῖ
327 480 901 561 ἶᾶἑξλῖἓορὶῗοῖἴαῖἶᾌαῗτῖἷᾞῗῖἷέ

132 562 288 600 Πνεύματος
299 561 348 597 τὴν
359 560 432 595 ἀξίαν
447 561 478 591 τὸ
491 562 630 594 καλεῖσθαι
639 559 763 600 ἄρῤαὸὼν
777 561 901 600 κληρονο-

134 602 206 640 μίας.
222 601 303 640 Λέγει
315 600 398 630 Δαυὶδ
411 601 528 640 ἀλλαχοῦ
540 612 546 619 ·
561 599 658 640 Κύριος
672 599 745 640 μερίς
760 611 810 639 μου
824 601 851 629 ἐν
864 601 900 639 γῇ

133 641 247 675 ζώντων.
259 641 342 680 Μερίς
355 652 414 680 μου,
423 639 492 673 τίνος
539 639 671 680 ρίσαντος;
685 641 719 669 Εἰ
729 639 780 679 γὰρ
793 635 840 675 εἷς,
852 641 902 679 οὐχ

133 681 200 715 ὅλος.
216 682 250 711 Εἰ
261 679 357 715 λέξεων
371 675 395 709 εἶ
414 682 481 719 θηρα
517 693 544 716 ς,
559 679 604 709 καὶ
617 681 646 709 οὐ
658 679 798 718 νοημάτων
811 679 901 714 ἐξετα-

134 720 207 757 στὴς,
218 719 292 750 οὐδὲν
303 719 400 750 κωλύει
417 731 446 748 σε
460 719 506 749 καὶ
519 720 563 750 τὸν
574 718 684 759 Πατέρα
696 719 765 749 Θεὸν
780 720 902 760 βλασφη-
917 736 937 759 E

136 763 230 798 μῆσαι,
241 760 270 790 ὃν
284 761 369 793 δοχεῖς
387 759 518 789 σέὸεσθαι.
532 759 573 790 Κύ
594 770 629 792 νος
648 759 722 798 μερὶς
740 760 789 795 τῆς
801 760 902 798 κληρο-

134 799 228 838 νομίας
240 811 290 839 μου
300 811 307 818 ·
320 799 382 836 καὶ,
395 799 480 838 Μερίς
488 810 543 849 ’μου
554 810 566 828 ε
593 800 620 828 ἐν
633 801 668 838 γῇ
681 798 794 832 ζώντων.
810 799 863 828 Διὰ
876 799 902 828 τί

134 839 163 868 δὲ
174 839 279 879 λέγεται
288 841 306 875 ἡ
315 838 455 877 αὖτογινὴς
467 839 575 877 δυναμις
585 838 659 878 μερὶς
669 838 714 868 καὶ
725 838 902 879 κληρονομία;

135 879 247 916 Ἐπειδὴ
260 879 305 909 τὸν
315 879 386 910 Θεὸν
399 878 497 918 αἱρέσει
509 878 594 918 οἰκείᾳ
607 877 748 917 δεχόμεθα,
772 878 816 908 καὶ
837 879 902 908 ἕκα-

135 930 206 955 στος,
218 922 234 949 ὁ
281 931 295 948 ν
307 918 356 955 τὴν
367 918 471 954 πλάνην
480 920 606 957 αἱρεῖται,
620 920 634 947 ὁ
649 917 677 947 δὲ
687 918 732 947 τὸν
743 919 813 948 Θεὸν
826 918 901 959 δέχε-

133 970 188 1028 ἶῖῖὲ
210 958 804 1030 καλέίπ-τωέμερζῖἱαῖῗὲ“ῗὲἷιῗαῗὲρεῗοῗῖ
825 958 902 1027 ἔθσῗξὶ

134 1049 176 1067 σοι
185 1011 270 1078 νμέρὶς
286 1010 330 1067 {iii
342 1010 466 1077 ιι-””Ιγιςγγρη’““ῐις·
487 1009 582 1076 Κύριὸςς
595 1036 646 1076 γὰρ
661 1020 736 1076 μερίς
756 1039 850 1067 αὐτῶν.
866 1039 900 1067 Εἰ

133 1080 148 1106 ὃ
172 1079 240 1112 Θεὸς
271 1077 410 1117 λεγόμενος
434 1077 508 1116 μερὶς
540 1077 570 1105 οὗ
604 1075 772 1110 σκανδαλίζει
796 1089 827 1106 σε
836 1099 844 1113 ,
871 1077 902 1107 τὸ

133 1117 288 1196 ξῐίέῗιέἑιὶτὸ
302 1117 374 1156 ἅγιον
397 1116 519 1156 deposcam
534 1115 672 1155 λεγόμενον
691 1115 734 1145 διὰ
747 1116 774 1145 τί
786 1117 901 1146 σκανδα-

174 1313 343 1356 Περιέλωμεν
367 1320 454 1346 πᾶσαν
468 1316 594 1357 σύγχυσιν
608 1316 732 1350 ἀπιστίας
741 1338 749 1353 ,
766 1316 811 1345 καὶ
825 1315 904 1350 δεξώ-

134 1357 202 1393 μεθα
214 1356 263 1391 τὴν
277 1355 426 1395 ἀσύγχυτον
436 1357 534 1386 πίστιν.
554 1355 628 1389 Ἕως
640 1356 705 1386 πότε
717 1358 837 1396 βαρυνεῖς
855 1368 901 1386 σου

955 248 1036 271 tatem
1049 242 1188 281 accipitur.
1214 243 1259 271 Ait
1280 243 1374 283 igitur,
1389 244 1502 283 Pignus
1527 244 1698 273 hereditatis

956 287 1060 311 nostrae
1080 281 1212 320 Spiritus.
1230 283 1260 312 Si
1285 283 1360 321 quod
1383 283 1503 323 Spiritus
1527 290 1639 313 vocetur
1653 284 1696 324 pi-

953 330 1035 359 gnus,
1047 321 1078 350 id
1100 321 1196 350 animae
1219 329 1271 351 ture
1295 322 1458 352 offendiculo
1479 330 1528 357 cst,
1554 323 1575 352 si
1596 323 1704 353 videris·

954 361 1042 390 Deum
1065 361 1240 391 hereditatem
1253 362 1429 402 appellatum,
1455 363 1522 401 quid
1533 362 1636 392 facies?
1650 365 1698 392 At-

953 399 1032 429 tende
1045 400 1200 440 diligenter,
1218 402 1354 440 quomodo
1371 413 1424 432 non
1435 409 1539 432 tantum
1550 402 1697 432 hereditate

952 440 1137 485 acceptus‚sed
1150 441 1230 470 etiam
1239 441 1298 482 ipsa
1307 442 1441 472 hereditas
1454 442 1615 483 appelletur,
1623 442 1697 471 Audi

953 479 1087 509 Davidem
1110 479 1254 518 dicentem,
1279 482 1425 512 Dominus
1438 492 1508 521 pars
1527 482 1696 512 hereditatis
1708 489 1844 513 Psamsfi.

954 529 1034 549 meoe.
1049 521 1123 549 Deus
1134 530 1197 564 pars
1210 520 1364 550 hereditatis
1379 532 1385 549 :
1403 521 1522 561 Spiritus
1534 522 1633 562 pignus
1647 522 1697 551 he-

954 558 1083 588 reditatis.
1097 558 1127 589 Si
1139 559 1168 588 id
1180 559 1283 589 Filium
1295 568 1342 590 aut
1354 562 1460 590 Patrem
1476 561 1608 591 minorem
1621 562 1694 598 facit,

953 598 1027 637 quod
1039 598 1148 628 dicatur
1160 610 1222 638 pars
1234 600 1399 636 hereditatis,
1421 600 1449 630 id
1470 601 1588 640 Spiritus
1607 601 1696 641 digni-

954 644 1036 668 tatem
1060 638 1169 674 minuit,
1190 639 1265 678 quod
1284 647 1394 670 vocetur
1412 640 1511 679 pignus
1528 641 1695 671 hereditatis.

955 678 1002 707 Ait
1014 677 1102 707 David
1119 677 1205 708 alibi:
1221 679 1365 708 Dominus
1383 683 1478 719 portio
1491 691 1556 709 mea
1577 683 1610 709 in
1620 686 1699 710 terra

956 719 1128 748 viventium.
1145 718 1236 748 Portio
1255 730 1325 757 mea,
1341 729 1394 758 quo
1414 720 1569 759 partiente?
1584 721 1614 751 Si
1627 721 1698 750 enim

957 767 1026 787 unus
1036 778 1044 792 ‚
1062 767 1116 787 non
1130 764 1212 788 totus.
1227 758 1257 789 Si
1269 769 1348 789 voces
1361 759 1516 799 aucuparis,
1532 770 1580 789 nec
1591 771 1700 790 sensum

954 797 1090 837 exploras,
1107 796 1178 826 nihil
1201 798 1297 835 obstat,
1312 800 1456 838 quominus
1478 799 1558 828 etiam
1572 799 1599 828 in
1611 802 1698 829 Deum

955 837 1061 866 Patrem
1084 837 1252 876 blasphemia
1274 839 1369 876 utaris,
1384 849 1464 877 quem
1483 839 1571 868 colere
1583 839 1696 869 videris.

956 876 1102 906 Dominus
1109 887 1178 916 pars
1188 878 1358 907 hereditatis
1371 889 1459 914 meae;
1474 886 1510 915 et,
1523 879 1625 908 Porcio
1635 890 1699 908 mea
1710 885 1774 907 Psal.
1799 886 1848 914 141,

955 926 985 945 es
995 918 1026 944 in
1035 923 1113 945 terra
1127 917 1302 948 viventium.
1312 919 1370 947 Cur
1380 928 1445 947 vero
1459 918 1507 947 illa
1527 929 1561 947 ex
1571 929 1599 947 se
1611 919 1699 959 genita
1707 916 1730 938 6.

954 955 1041 985 virtus
1055 956 1143 996 portio
1157 962 1182 985 ct
1191 956 1325 986 hereditas
1332 957 1462 986 vocatur?
1475 957 1546 994 Quia
1556 959 1645 988 Deum
1655 969 1699 987 ar-

954 995 1036 1025 bitrio
1047 1002 1138 1025 nostro
1152 996 1310 1035 accipimus,
1325 1003 1397 1026 etex
1413 997 1528 1036 singulis
1540 998 1613 1027 alius
1623 1009 1700 1028 erro—

954 1045 1011 1065 rem
1020 1034 1126 1074 deligit,
1139 1035 1209 1064 alius
1219 1037 1306 1065 Deum
1322 1036 1430 1076 accipit,
1447 1036 1615 1076 efficiturque
1626 1039 1700 1068 Deus

954 1074 992 1103 sic
1006 1074 1105 1104 electus
1116 1074 1205 1104 fidelis
1224 1074 1341 1105 hominis
1349 1076 1446 1116 portin.
1457 1077 1585 1117 Exempli
1598 1088 1678 1107 causa
1693 1090 1699 1106 ε

955 1114 1140 1154 praescriptum
1165 1115 1217 1144 fuit
1231 1115 1343 1152 Levitis,
1359 1116 1428 1145 Non
1452 1118 1506 1145 erit
1527 1118 1580 1146 tibi
1602 1121 1699 1156 portio
1710 1124 1779 1147 Num.
1800 1123 1835 1146 18.

956 1164 1042 1193 super
1051 1160 1156 1183 terram
1166 1168 1175 1184 .·
1190 1154 1322 1184 Dominus
1330 1155 1401 1184 enim
1410 1156 1498 1195 portio
1509 1156 1620 1186 illorum
1629 1165 1696 1188 erat.
1710 1162 1748 1177 ²⁰·

957 1193 987 1223 Si
1013 1192 1114 1232 absque
1127 1194 1272 1224 offensione
1291 1194 1370 1224 audis
1383 1196 1471 1224 Deum
1495 1196 1586 1225 vocari
1597 1198 1698 1236 poniu-

957 1243 1029 1270 nem,
1042 1244 1092 1263 cur
1109 1232 1251 1263 offenderis
1271 1233 1404 1264 audiendo
1423 1234 1556 1274 Spiritum
1579 1243 1700 1266 sanctum

957 1273 1048 1302 vocari
1061 1274 1159 1312 pignus
1170 1273 1184 1302 Ρ

996 1318 1027 1346 7.
1042 1317 1202 1347 Auferamus
1214 1317 1305 1356 itaque
1316 1327 1422 1348 omnem
1434 1317 1629 1350 incredulitatis
1639 1331 1701 1351 con-

954 1355 1087 1386 fusionem
1099 1378 1108 1393 ‚
1122 1363 1149 1386 et
1165 1356 1296 1387 sinceram
1310 1357 1391 1387 fidem
1405 1358 1608 1398 amplectamur.
1623 1363 1702 1399 Quo-

133 1394 182 1430 τὴν
195 1395 314 1435 καρδίαν,
327 1395 452 1435 αἱρετικὲ,
463 1397 500 1429 ὡς
512 1395 629 1436 Φαραώ;
643 1395 691 1429 ἕως
704 1395 768 1425 πότε
782 1397 811 1425 οὐ
826 1397 901 1435 ζυγο-
917 1412 935 1435 Α
955 1407 1040 1435 usque
1057 1406 1103 1426 cor
1122 1403 1200 1441 tuum
1212 1407 1227 1426 a
1247 1407 1354 1436 gravas,
1374 1397 1508 1435 haeretice,
1526 1406 1556 1428 ut
1575 1400 1701 1430 Pharao?

133 1438 238 1468 στατεῖς
256 1434 290 1464 τὰ
310 1437 366 1464 θεῖα
380 1435 501 1475 Mil-“¹5²3
521 1434 614 1476 Ἔχεις
631 1435 758 1475 λογισμὸν
775 1436 851 1475 ζυγὸν
873 1437 900 1465 ἐν

133 1475 235 1513 ἐαυτῷ·
304 1473 409 1504 οστᾶτει
431 1475 466 1505 τὰ
483 1475 591 1516 ῥήματα
611 1478 657 1505 τοῦ
677 1476 803 1515 Σωτῆρος
814 1488 820 1494 ·
847 1476 901 1505 νόει

133 1513 198 1542 ποῖά
207 1514 264 1543 ἐστι
275 1526 291 1543 τ
318 1526 353 1543 πε
369 1514 380 1543 l
392 1515 496 1555 σαρκὸς,
507 1519 572 1544 ποῖα
579 1515 613 1544 τὰ
622 1515 684 1554 περὶ
695 1514 816 1551 θεότητος
827 1527 834 1534 ·
848 1516 901 1545 νόει

133 1552 168 1581 τὸ,
181 1553 242 1592 περὶ
255 1555 303 1588 τῆς
318 1553 349 1587 ἀξ
361 1566 406 1591 ας,
418 1554 472 1584 νόει
484 1554 518 1583 τὰ
531 1555 592 1594 περὶ
612 1556 660 1590 ἰ-ῆς
678 1554 840 1593 οἰκονομίας,
858 1556 901 1584 ἵνα

135 1592 173 1627 μὴ
187 1593 217 1621 λε
238 1594 270 1631 θῇ
285 1593 329 1622 καὶ
343 1594 403 1633 περὶ
423 1597 468 1623 σοῦ
486 1594 520 1623 τὰ
539 1595 566 1622 ἐν
579 1595 617 1633 τῷ
637 1593 759 1633 προφήτῃ
781 1594 842 1633 περὶ
854 1597 900 1624 τοῦ

134 1632 212 1660 Χανα
230 1643 244 1659 ν
254 1631 384 1670 λεγόμενα
393 1644 400 1650 ·
414 1633 533 1668 Χαναὰν,
544 1634 571 1662 ἐν
582 1632 652 1673 χειρὶ
665 1634 744 1662 αὐτοῦ
757 1633 831 1671 ζυγὸς
844 1634 901 1662 ἀδι-

134 1670 210 1706 κίας,
227 1670 351 1709 ἠγάπησε
367 1671 611 1701 καταδυναστεύειν.
635 1672 689 1701 Καὶ
704 1672 803 1707 Δαυὶδ,
824 1673 900 1708 Πλὴν

135 1709 244 1748 μάταιοι
252 1712 276 1739 οἱ
284 1710 334 1740 υἱοὶ
342 1713 394 1740 τῶν
405 1712 451 1740 ἀνθ
478 1711 485 1722 '
552 1734 558 1741 .
573 1712 635 1741 Τῶν
644 1713 781 1751 αἱρετικῶν
792 1713 819 1740 ἐν
831 1713 901 1752 ζυγῷ

135 1751 181 1779 τοῦ
190 1750 324 1784 ἀδικῆσαι.
334 1750 462 1790 Κατέχεις
472 1751 558 1790 ζυγὸν,
572 1751 617 1780 καὶ
627 1751 738 1791 φθείρεις
747 1751 777 1780 τὸ
786 1751 899 1788 δίκαιον;

135 1788 224 1818 Βλέπε
236 1789 281 1818 τὸν
294 1789 370 1829 ζυγὸν
384 1793 430 1819 τοῦ
442 1791 568 1830 Σωτῆρος
578 1802 584 1809 ·
598 1790 672 1830 Ἐγὼ
685 1791 730 1820 καὶ
743 1792 757 1820 ὁ
765 1790 861 1831 Πατὴρ
873 1792 900 1821 ἕν

135 1829 225 1867 ἐσμεν.
240 1829 297 1857 Ποῦ
306 1829 336 1858 τὸ
344 1828 444 1866 ἄνισον;
454 1829 541 1860 Βλέπε
549 1830 596 1864 τὰς
604 1830 768 1870 πλάστιγγας
777 1834 822 1860 τοῦ
831 1830 900 1861 θείου

135 1867 213 1907 λόγου
220 1867 267 1897 ·Ὁ
274 1868 396 1908 ἑωρακὼς
403 1870 460 1908 ἐμὲ,
467 1869 565 1910 ἑώρακε
571 1870 615 1899 τὸν
623 1870 732 1910 Πατέρα
739 1881 798 1908 μου.
806 1871 863 1900 Ποῦ
870 1871 900 1900 τὸ

135 1907 261 1947 κατάγον,
277 1910 327 1937 ποῦ
347 1908 378 1938 τὸ
392 1909 501 1949 ἀνάγον;
516 1909 603 1939 Βλέπε
616 1909 659 1939 τὸν
675 1910 784 1950 Πατέρα
797 1911 900 1940 ἐλευθε-

136 1949 246 1996 ροῦντα,
261 1947 306 1977 καὶ
319 1947 363 1977 τὸν
376 1948 441 1978 rib-a
454 1950 652 1988 ἐλευθεροῦντα,
666 1951 702 1983 ὡς
715 1950 792 1983 αὐτὸς
812 1950 900 1989 λέγει·

144 1986 202 2016 Etru
216 1987 254 2025 μὴ
268 1989 282 2016 ὁ
295 1987 358 2021 Υἱὸς
375 1989 444 2027 ὑμᾶς
462 1989 624 2029 ἐλευθερώσῃ
635 2010 644 2024 ,
666 1989 752 2018 δοῦλοί
765 1990 824 2019 ἔστε
836 2002 842 2008 ·
857 1990 901 2019 καὶ

135 2026 244 2056 Παύλου
257 2027 391 2067 λέγοντος·
402 2027 438 2058 ‘0
450 2028 527 2067 νόμος
540 2031 586 2058 τοῦ
605 2021 760 2068 Πνεύματος
773 2031 821 2064 τῆς
835 2031 902 2065 ζωῆς
916 2062 918 2065 ,

135 2067 163 2095 ἐν
176 2067 284 2106 Χριστῶ
301 2066 389 2102 Ἰησοῦ
402 2067 566 2108 ἠλευθέρωσέ
580 2080 622 2107 με.
638 2069 671 2098 Εἰ
688 2068 784 2108 Πατὴρ
798 2070 899 2099 ἐλευθε-

138 2109 191 2145 ροῖ,
205 2108 229 2135 εἷ
279 2106 306 2140 ὸς
320 2108 458 2147 ἐλευθεροῖ,
472 2109 495 2137 εἰ
510 2108 541 2138 τὸ
554 2109 666 2146 Πνεῦμα
686 2109 832 2148 ἐλευθεροῖ,
850 2112 901 2138 ποῦ

135 2146 166 2174 τὸ
180 2146 286 2179 δοῦλονς
302 2145 380 2175 Ἀλλὰ
410 2146 493 2177 ένοιτο
513 2150 584 2187 ἡμᾶς
601 2147 702 2186 πάντας
716 2148 790 2187 ζυγὸν
813 2149 900 2188 ἁμαρ-

135 2183 195 2221 τίας
203 2185 248 2214 καὶ
256 2185 331 2223 ζυγὸν
341 2159 465 2224 αἱρῖσεως
473 2187 664 2237 ἀποῗυγόντας,
673 2187 743 2227 ἔχειν
754 2187 801 2223 τὴν
813 2187 902 2217 πίστιν

138 2223 240 2259 ἀκλινῆ.
262 2224 309 2260 Μὴ
380 2224 504 2256 οείτωσαν
518 2227 546 2256 δε
564 2227 689 2267 αἰρετικοὶ
708 2226 742 2256 τὰ
759 2227 900 2266 λεγόμενα.

137 2263 249 2292 Πολλῶν
269 2262 320 2303 γὰρ
359 2275 441 2294 κουσα
460 2267 490 2295 λε
507 2265 606 2301 όντων,
630 2266 671 2296 ὅτι
692 2266 735 2296 διὰ
754 2267 780 2296 τί
809 2266 845 2305 μὴ
868 2267 902 2296 τὰ

137 2301 217 2338 ἠθικὰ
231 2304 294 2341 ἡμῖν
316 2302 476 2342 διαλέγεται;
509 2303 535 2334 ιὰ
553 2305 580 2334 τί
600 2306 638 2344 μὴ
659 2305 720 2345 περὶ
739 2306 843 2346 τρόπων
857 2307 902 2335 καὶ

138 2342 324 2411 ἷὲἷμιὲἷῗτοέἒ
339 2343 383 2412 ⁰⁵2
391 2345 475 2411 “⁰2³2‘ss
491 2343 686 2413 δὲἈῖοοὲῗντὲιὲ
691 2344 904 2414 λξᾶἓῗῖινόέῗῖλᾶῗ

138 2393 417 2455 ἸΙκωσαῖξι-ολλῗὶκιίέ
428 2395 792 2462 τῆςςμεγάλᾯηςηδιδαέκαλίας
801 2436 807 2443 ·
821 2397 904 2460 ἤκοιιὲζ

140 2470 188 2493 σας
199 2460 260 2500 περὶ
270 2463 341 2496 ἠθῶν
351 2473 358 2479 ·
373 2461 510 2501 διώρθωσά
523 2474 568 2491 σου
585 2463 616 2492 τὸ
629 2462 690 2498 ἤΟος
698 2474 704 2481 ·
717 2462 830 2498 ἤκουσας
844 2464 906 2504 περὶ

140 2499 260 2537 τρόπων·
274 2500 418 2540 ἔῤῥύθμισά
436 2513 482 2531 σου
501 2502 544 2531 τὸν
562 2502 656 2551 τρόπον
668 2513 674 2520 ·
691 2502 760 2532 ἀλλὰ
778 2504 810 2534 τὸ
830 2505 854 2533 εἰ
889 2521 905 2526 -

143 2537 219 2576 μένον
230 2539 280 2568 ὑπὸ
294 2543 339 2569 τοῦ
348 2536 567 2580 Κυρίου·γΗλοεν
586 2541 712 2578 Ιωοίννης,
725 2542 792 2581 μήτε
804 2544 848 2573 ἔσθ
882 2557 905 2580 ν,

144 2576 212 2614 μήτε
226 2577 308 2607 πίνων
321 2591 327 2597 ·
341 2579 444 2618 λέγουσι
456 2602 463 2615 ,
487 2581 619 2621 δαιμόνιον
640 2581 694 2621 ἔχει
707 2594 712 2600 ·
728 2578 806 2619 ἦλθεν
818 2585 832 2612 ὁ
844 2584 907 2616 Υἱὸς

953 1446 1095 1475 quousque
1113 1435 1206 1466 divina
1242 1437 1292 1466 icta
1311 1447 1364 1467 non
1384 1437 1537 1477 ponderas?
1559 1440 1700 1470 Rationem

953 1476 980 1504 in
994 1482 1018 1505 te
1031 1475 1113 1506 habes
1131 1482 1161 1505 ut
1174 1476 1273 1506 libram
1280 1488 1289 1514 5
1305 1478 1427 1522 expende
1440 1478 1521 1508 verba
1532 1479 1699 1514 Servatoris;

953 1515 1073 1554 intellige
1092 1526 1152 1554 quae
1173 1515 1207 1544 de
1225 1526 1304 1545 carne
1323 1516 1459 1551 dicautur,
1475 1528 1534 1555 quae
1548 1517 1582 1547 de
1596 1519 1701 1549 divini-

953 1561 1016 1590 tate,
1028 1565 1088 1593 quae
1107 1555 1141 1584 de
1157 1554 1187 1583 di
1207 1555 1299 1590 nitate,
1313 1566 1373 1593 quae
1394 1556 1428 1585 de
1445 1556 1653 1596 dispensatione,
1667 1569 1701 1588 ne

953 1593 987 1622 de
1008 1600 1034 1622 te
1053 1593 1160 1623 dicatur
1173 1565 1213 1630 id,
1236 1594 1310 1633 quod
1325 1595 1353 1623 in
1369 1595 1499 1634 propheta
1517 1596 1552 1626 de
1573 1597 1699 1627 Chanaan

952 1633 1054 1662 dicitur
1067 1645 1074 1661 z
1089 1635 1126 1662 In
1140 1642 1229 1662 manu
1242 1634 1387 1662 Chanaan
1397 1641 1508 1663 statera
1521 1637 1697 1674 iniquitatis,

953 1672 1056 1701 dilexit
1066 1672 1249 1701 dominatum
1259 1673 1300 1701 ad
1309 1675 1537 1712 opprimendum.
1550 1676 1586 1705 Et
1595 1677 1697 1713 David,

954 1712 1161 1741 Verumtamen
1171 1713 1246 1740 vani
1249 1712 1315 1751 filii
1331 1713 1491 1743 hominum.
1505 1715 1698 1746 Haereticorum
1709 1730 1827 1753 Psal.61.

952 1758 992 1780 est
1003 1751 1030 1780 in
1040 1757 1136 1781 statera
1145 1751 1281 1781 fraudare.
1290 1752 1377 1781 Tenes
1387 1759 1521 1789 stateram,
1533 1761 1559 1783 et
1564 1755 1698 1794 justitiam
1712 1769 1748 1785 ιο.

952 1790 1104 1830 opprimis?
1116 1791 1189 1822 Vide
1198 1791 1296 1820 libram
1305 1792 1454 1822 Servatoris
1467 1795 1553 1833 :Ego
1567 1802 1595 1823 el
1606 1796 1699 1825 Pater
1708 1807 1779 1826 ,laam
1797 1810 1832 1826 ιω.

955 1841 1044 1859 unum
1060 1840 1169 1860 sumus.
1188 1830 1308 1860 Ubinam
1320 1831 1509 1872 inaequalitas?
1527 1834 1596 1864 Vide
1609 1835 1698 1865 lances
1707 1836 1747 1858 3⁰·

952 1869 1041 1900 divini
1059 1871 1160 1900 verbi:
1184 1871 1242 1909 Qui
1261 1871 1339 1900 vidit
1354 1882 1408 1907 me,
1431 1873 1507 1902 vidit
1528 1880 1557 1902 et
1576 1875 1695 1904 Patrem
1707 1889 1774 1910 Jmm.
1786 1886 1848 1917 ΜΝ,

953 1920 1058 1939 meum.
1074 1910 1195 1940 Ubinam
1212 1909 1257 1940 hic
1277 1910 1451 1948 descendens,
1465 1913 1514 1941 ubi
1533 1914 1696 1944 ascendens?
1825 1912 1828 1915 ’

953 1948 1026 1980 Vide
1037 1950 1142 1979 Patrem
1155 1949 1322 1986 liberantem,
1333 1957 1359 1980 et
1371 1951 1472 1980 Filium
1483 1952 1652 1991 liberantem,
1668 1961 1698 1984 nt

953 1990 1010 2029 ipse
1032 1986 1069 2018 ait
1089 2001 1096 2017 :
1118 1990 1188 2019 Nisi
1207 1990 1305 2021 Filius
1330 2000 1386 2019 vos
1412 1991 1600 2030 liberaverit,
1622 1997 1698 2024 servi
1707 2003 1766 2024 Jmm
1783 2002 1796 2024 8
1810 2003 1847 2023 3⁶.

953 2030 1021 2058 estis
1027 2042 1039 2064 ;
1054 2035 1080 2058 et
1092 2029 1207 2058 Paulum
1219 2029 1360 2066 dicentem,
1374 2031 1436 2059 Lex
1445 2031 1571 2070 Spiritus
1582 2034 1654 2062 vitoe
1666 2036 1698 2063 in
1709 2044 1773 2065 Ιιωη,
1789 2042 1811 2063 3,
1825 2051 1837 2063 υ

956 2069 1071 2098 Christo
1089 2069 1162 2098 Jesu
1176 2069 1312 2098 liberavit
1329 2080 1384 2099 me.
1406 2070 1436 2101 Si
1450 2072 1528 2100 Pater
1544 2072 1652 2110 liberat,
1675 2074 1698 2102 si

955 2108 1043 2137 Filius
1058 2108 1171 2145 liberat,
1192 2109 1216 2138 si
1235 2109 1352 2148 Spiritus
1365 2109 1480 2145 liberat,
1499 2111 1549 2140 ubi
1562 2123 1656 2142 servus
1671 2113 1698 2142 in

955 2147 1029 2177 illis?
1040 2149 1145 2179 Verum
1156 2148 1257 2177 utinam
1267 2158 1358 2178 omncs
1371 2149 1469 2189 jugum
1480 2152 1699 2191 peccati‚11=g11111

955 2187 1063 2217 haeresis
1074 2187 1246 2227 effugientes,
1261 2187 1343 2217 fidem
1361 2189 1506 2219 habeamus
1521 2191 1636 2220 firmam.
1658 2194 1699 2221 Ne

955 2227 1075 2266 ignorent
1086 2237 1167 2266 porro
1182 2227 1299 2257 haeretici
1311 2238 1340 2257 ea
1354 2238 1414 2267 quae
1425 2229 1496 2259 dicta
1507 2237 1579 2260 sunt.
1595 2231 1698 2260 Multos

955 2265 1049 2296 audivi
1066 2265 1201 2303 diceutes,
1216 2268 1274 2297 Cur
1291 2277 1344 2296 non
1365 2268 1517 2298 domorum
1534 2270 1699 2299 institutione

955 2315 1004 2335 nos
1021 2305 1189 2344 alloquitur?
1202 2317 1250 2336 cur
1264 2316 1316 2335 non
1339 2306 1373 2336 de
1385 2307 1483 2336 decoro
1496 2315 1522 2337 et
1542 2308 1699 2338 honestate?

956 2344 1029 2374 Illud
1049 2356 1132 2386 porro
1155 2345 1249 2375 dicunt
1262 2356 1315 2375 non
1329 2356 1363 2375 ex
1384 2347 1479 2375 harum
1493 2358 1584 2375 rerum
1596 2348 1697 2384 studio,

957 2384 1004 2414 sed
1016 2384 1090 2424 quod
1109 2396 1137 2414 se
1149 2385 1273 2425 redargui
1289 2385 1440 2414 formident.
1458 2388 1558 2416 Veram
1572 2388 1700 2416 emenda-

957 2424 1056 2454 tionem
1067 2425 1190 2465 expetis?
1203 2424 1312 2454 Audisti
1320 2435 1390 2463 saepe
1403 2435 1525 2463 magnam
1538 2424 1699 2463 doctrinam,

957 2463 992 2494 de
1003 2464 1125 2494 moribus
1135 2463 1250 2499 audisti;
1265 2463 1404 2493 emendavi
1415 2474 1501 2492 mores
1511 2470 1588 2500 tuos3
1600 2466 1700 2495 audisti

957 2503 992 2533 de
1011 2503 1146 2540 moribus;
1163 2503 1246 2532 vitam
1267 2510 1341 2531 tuam
1359 2503 1531 2539 concinnavi;
1554 2503 1600 2532 sed
1617 2512 1645 2534 ut
1663 2506 1702 2535 ait

959 2543 1092 2573 Dominus
1105 2555 1111 2571 :
1129 2543 1217 2572 Venit
1228 2543 1360 2570 loannes
1376 2552 1434 2570 non
1449 2543 1639 2579 manducans,
1654 2556 1702 2574 ne·
1714 2556 1798 2578 matth.
1816 2563 1851 2578 μ,

961 2593 1017 2622 que
1033 2584 1152 2616 bibens;
1169 2581 1279 2617 dicunt,
1304 2582 1485 2613 meonium
1502 2582 1608 2620 lmbet;
1622 2588 1703 2616 venie
1720 2589 1753 2612 18,
1769 2597 1802 2620 ¹9·

1516 2621 1565 2659 44-

1712 1653 1776 1674 Osee.
1789 1658 1850 1679 ¹²⁴7*
