1890 2826
8 953 103 988 Ηρους.

0 995 9 1021 :
20 999 74 1031 «χω.

2 2364 9 2414 ,Μ

766 140 802 164 IN
828 139 1016 165 mmmmm.

117 211 195 241 λιστα
206 210 260 239 τῶν
272 208 405 248 λογισμῶν
418 207 432 236 6
442 206 523 247 ὄχλος
543 206 608 244 ἡμῖν
622 202 806 244 ἐπεισέρχεται
817 225 828 239 ,
850 203 884 242 τῇ

117 275 147 293 τε
163 261 264 302 ἡσυχία,
272 260 318 290 καὶ
329 262 362 299 «ἦ
377 259 456 299 ἀργίᾳ
465 256 665 305 ἀποχρώμενος.
681 256 733 286 Διὰ
742 259 820 285 τοῦτο
831 259 886 288 τοῖς

116 315 222 347 πολλοῖς
234 313 291 346 ἔθος
303 312 346 342 τὸν
358 311 449 351 καιρὸν
464 311 561 340 ἐκεῖνον
579 310 616 342 εἰς
624 307 706 349 εὐχὴν
720 307 886 342 ἀναλίσκειν,

115 368 163 397 ὅτε
176 366 221 397 καὶ
242 365 424 405 σχολαζούσης
436 367 484 401 τῆς
494 366 595 405 ψυχῆς,
617 362 662 392 καὶ
677 361 794 402 μεγάλης
807 360 887 397 οὔσης

115 422 162 456 τῆς
185 417 286 459 βλάὅης
304 417 349 447 ἐὰν
373 416 575 458 ῥαθυμῆσωμεν,
596 414 650 444 Καὶ
662 417 677 444 ὁ
691 413 886 443 ἀποκαλύπτων

118 471 251 512 μυστήρια
260 493 268 508 ,
281 469 406 511 ἐγνώρισέ
417 480 459 498 σοι
469 468 487 498 ἃ
499 469 537 498 δεῖ
549 467 679 508 γενέσθαι.
694 466 769 507 Ὅρα
777 487 785 502 ,
794 465 886 495 δεύτε-

117 536 161 565 ρον
171 524 222 560 ἤδη
235 525 280 554 τοῦ
291 524 362 553 Θεοῦ
377 521 525 561 μέμνηται,
537 521 583 550 καὶ
596 521 648 560 οὐχ
655 521 691 553 ὡς
703 519 794 559 ἔτυχεν
802 542 809 556 ,
825 519 884 548 ἀλλ’

115 578 171 606 ἐκεῖ
179 576 226 615 μέν
241 587 315 616 φησι,
335 574 370 604 Ὁ
382 574 419 604 ὧν
433 575 460 603 ἐν
472 575 510 614 τῷ
524 574 627 614 οὐρανῷ
637 585 643 591 ·
667 573 779 601 ἐνταῦθα
795 570 837 608 δὲ,
852 570 887 601 Ὁ

117 626 310 657 ἀποκαλύπτων
322 625 464 670 μυστήρια.
478 624 532 655 Καὶ
546 625 605 664 ἐμοὶ
619 624 647 654 δὲ
661 626 709 654 οὐκ
722 625 749 653 ἐν
766 623 886 664 σοφίαιῇ

1612 128 1681 173 245

937 208 982 231 tus
993 211 1022 231 es
1034 212 1066 231 ac
1079 201 1192 242 sperasti
1206 214 1213 232 ε
1238 202 1296 241 sed,
1315 202 1394 243 Quid
1411 208 1522 242 oportet
1533 201 1603 242 fieri
1615 206 1684 242 post

938 248 1011 277 lioec.
1036 249 1090 285 Ista
1102 244 1189 278 mente
1213 249 1343 290 agitabas,
1355 260 1387 279 ac
1408 255 1498 278 tecum
1513 249 1656 290 reputabas
1673 259 1680 276 τ

938 294 1066 333 quidnam
1080 295 1180 325 scilicet
1193 296 1316 326 futurum
1340 303 1418 327 esset.
1445 298 1482 327 ln
1507 296 1600 326 cubili
1620 303 1681 326 tuo.

938 342 1009 371 Cum
1034 341 1128 371 nullus
1141 349 1208 372 esset
1222 343 1269 382 qui
1283 343 1452 380 obturbaret,
1479 342 1527 372 sed
1538 342 1645 371 animus
1653 341 1683 370 in

937 386 1028 429 quiete
1038 395 1206 427 versaretur5
1222 389 1330 428 quando
1339 389 1474 430 praecipue
1491 388 1684 428 cogitationum

937 433 1016 462 turba
1029 443 1078 463 nos
1092 434 1206 472 invadit,
1222 436 1310 474 quiete
1323 442 1402 475 atque
1415 436 1470 466 otio
1483 436 1606 465 abutens.
1618 434 1683 464 Ideo

938 479 1031 508 multis
1037 490 1094 509 mos
1101 487 1140 509 est
1149 487 1254 521 tempus
1263 481 1335 511 illud
1343 482 1371 511 in
1377 482 1498 511 oratione
1505 491 1662 511 consumere
1674 492 1682 509 τ

936 526 999 564 quia
1023 525 1125 555 scilicet
1145 533 1210 556 tunc
1233 527 1339 557 animus
1367 528 1482 563 otiatur;
1502 534 1529 557 et
1554 536 1684 566 magnum

937 572 1058 612 capimus
1066 572 1268 611 detrimentum,
1281 575 1303 603 si
1323 581 1388 604 tunc
1400 574 1502 604 inertiae
1515 584 1563 604 nos
1576 572 1684 603 dederi-

937 628 1010 647 mus.
1024 619 1068 648 Et
1089 620 1140 659 qui
1162 620 1275 650 revelat
1294 622 1447 658 mysteria,
1465 621 1609 650 indicavit
1630 620 1685 649 tibi

114 678 181 719 οὔσῃ
196 680 223 708 ἐν
238 679 298 718 ἐμοὶ
311 677 384 718 παρὰ
397 677 496 711 πάντας
515 676 575 711 τοὺς
587 678 686 711 ζῶντας
697 676 727 706 τὸ
741 675 886 716 μυστήριον
902 680 921 703 Β
938 675 1003 706 quoe
1016 672 1148 706 oporteat
1156 667 1233 706 fieri.
1250 667 1359 707 Aspice,
1373 668 1473 697 iterum
1482 666 1540 707 jam
1559 666 1611 697 Dei
1625 677 1686 696 me—

115 735 192 772 τῶτο
206 730 377 771 ἀπεκαλύφθη
385 752 393 766 ,
407 731 466 760 ἀλλ’
483 729 569 759 ἕνεκεν
582 731 627 758 τοῦ
638 728 687 764 τὴν
700 727 838 768 σύγκρισιν
847 729 886 767 τῷ

117 786 221 825 βασιλεῖ
241 783 386 824 γνωρίσαι,
405 782 450 812 καὶ
475 782 518 812 ἵνα
537 783 605 822 γνῷς
620 779 680 815 τοὺς
699 778 886 820 διαλογισμοὺς

115 839 164 872 τῆς
189 835 299 877 καρδίας
318 847 375 865 σου.
399 834 547 875 Μονονουχὶ
571 833 656 874 λέγων
665 855 674 871 ,
700 835 718 869 ἡ
741 832 811 873 ἀρχὴ
836 833 886 867 τῆς

115 888 241 929 εὑρέσεως
261 890 290 918 οὐ
304 889 367 928 παρ’
391 889 470 926 ἐμοῦ,
497 888 555 916 ἀλλ’
571 886 630 917 οὐδὲ
645 886 709 916 αὐτὸ
723 889 801 915 τοῦτο
819 886 883 924 παρ’

114 941 226 981 *ἐτέρου
243 944 334 980 μαθεῖν
355 939 434 969 πλέον
454 939 551 980 ’ἔχων-
563 942 616 969 τῶν
641 939 739 968 ἄλλων.
752 937 823 967 Οὐδὲ
833 937 885 977 γὰρ

114 987 205 1030 ἐπειδὴ
216 993 293 1033 σοφὸν
307 988 390 1030 εἶδεν,
412 994 490 1021 τοῦτο
502 992 637 1027 ἐποίησεν.
653 992 687 1021 Εἰ
701 990 753 1031 γὰρ
767 990 813 1020 καὶ
826 989 888 1018 τού-

115 1057 168 1075 των
181 1045 326 1086 εἰρημένων
337 1047 400 1086 παρ’
412 1046 494 1078 αὐτοῦ
503 1066 512 1080 ,
536 1045 573 1077 ὣς
582 1043 651 1074 Θεὸν
666 1042 743 1072 αὐτὸν
755 1042 888 1082 προσεκύ-

115 1107 179 1134 νησε
190 1109 197 1116 ·
207 1097 234 1127 τί
247 1097 317 1136 εἰμὴ
328 1099 405 1127 τοῦτο
416 1092 466 1135 ἧνς
482 1095 563 1126 Ἀλλὰ
574 1095 618 1125 διὰ
630 1094 677 1132 σὲ,
691 1094 782 1135 φησίν.
798 1089 841 1124 Οὔ
854 1093 886 1123 σύ

115 1158 162 1188 μοι
184 1150 262 1190 χάριν
273 1149 344 1190 ἔχειν
362 1149 492 1190 ὀφείλεις,
506 1149 565 1178 ἀλλ’
578 1147 631 1188 ἐγώ
651 1159 707 1177 σοι·
720 1147 764 1176 ἵνα
781 1146 832 1187 γὰρ

116 1199 201 1241 μάθῃς
211 1223 220 1239 ,
236 1201 331 1240 ἔμαθον
345 1201 408 1240 ἐγώ.
423 1200 498 1241 *Ὅρα
510 1203 567 1234 πῶς
578 1200 656 1229 αὐτὸν
663 1201 754 1229 οἶκευοῖ
761 1198 827 1238 πρὸς
840 1197 884 1227 τὸν

115 1253 185 1283 Θεὸν
194 1275 203 1292 ‚
217 1254 262 1284 καὶ
276 1255 306 1284 τὸ
320 1247 416 1294 μέλλον
427 1255 516 1292 θαῦμα
527 1252 589 1293 περὶ
604 1251 681 1282 αὐτὸν
697 1252 815 1288 ἔσεσθαι,
840 1251 886 1281 καὶ

115 1305 146 1335 τὸ
159 1303 266 1346 φίλτρον
279 1305 422 1346 προλαὸὼν
433 1304 572 1340 ἀνατίθησι
586 1306 624 1345 τῷ
638 1305 711 1343 Θεῷ.
727 1303 761 1333 ‘O
771 1303 822 1343 γὰρ
835 1315 887 1342 μα-

116 1357 168 1387 θὼν
177 1357 218 1388 ὅτι
229 1359 313 1396 τιμῶν
327 1358 405 1387 αὐτὸν
416 1361 430 1388 ὁ
442 1357 509 1391 Θεὸς
519 1360 596 1387 τοῦτο
609 1355 732 1393 ἐποίησεν
740 1377 749 1393 ,
777 1356 887 1392 εὔδηλον

116 1410 156 1440 ὅτι
169 1410 288 1451 ᾠκειώθη
301 1411 332 1440 ἂν
347 1412 427 1451 αὐτῷ.
446 1410 483 1440 Σὲ
495 1411 594 1450 μᾶλλον
608 1409 718 1448 ἐτίμησε
728 1431 736 1446 ,
759 1409 842 1449 φησὶ,
867 1407 885 1444 ἢ

116 1461 175 1501 ἐμέ.
200 1457 276 1496 Εἶδες
297 1463 355 1495 πῶς
367 1462 522 1503 ἀφιλότιμος
532 1464 547 1491 ὁ
561 1461 631 1499 νέος,
645 1464 702 1495 πῶς
715 1463 745 1490 οὗ
759 1460 886 1501 πρότερον

117 1514 229 1545 ἅπτεται
238 1517 292 1544 τῶν
306 1514 431 1554 ῥημάτων
441 1537 451 1551 ,
479 1514 528 1549 ἕως
541 1514 572 1543 ἂν
594 1514 734 1554 ἀποστήσῃ
757 1513 837 1543 αὐτὸν
857 1512 888 1542 τὸ

119 1566 236 1606 μεγάλην
253 1566 316 1607 περὶ
341 1568 419 1596 αὐτοῦ
445 1566 522 1601 δόξαν
543 1567 613 1607 ἔχειν
624 1579 632 1603 ;
660 1567 723 1599 Πῶς
747 1562 790 1595 οῧν
815 1561 888 1599 οὗτος

117 1621 128 1635 “
138 1618 216 1658 ἐθύρα
230 1614 346 1656 δόξαν,ἴὸ
362 1619 408 1648 καὶ
419 1619 556 1657 διδομένην
570 1618 652 1654 αὗτὴν
662 1617 886 1658 ἀποκρουόμενοςς

119 1669 172 1700 Καὶ
183 1671 231 1700 οὔκ
245 1665 316 1699 εἶπεν
329 1692 337 1706 ,
357 1670 449 1707 ἐπειδὴ
462 1669 533 1699 σέὸω
546 1669 590 1699 τὸν
608 1669 678 1700 Θεὸν
687 1690 695 1704 ,
705 1669 797 1705 ἐπειδὴ
808 1672 887 1709 θερα-

118 1721 191 1751 πεύω
205 1721 282 1751 αὗτὸν
297 1722 397 1761 μᾶλλον
418 1724 472 1751 τῶν
482 1722 578 1751 -ἄλλων
590 1743 598 1758 ,
623 1721 794 1761 ἀπεκαλύφθη
809 1721 868 1760 ἐμοὶ
879 1744 888 1759 ,

853 1158 885 1176 συ

937 711 1026 741 minit.
1041 713 1098 742 Nec
1109 712 1138 741 id
1151 712 1310 752 vulgariter.
1340 713 1394 743 Sed
1413 713 1472 743 illic
1492 712 1603 752 quidem
1626 713 1682 743 ait:

940 758 998 796 Qui
1005 764 1049 788 est
1060 760 1092 787 in
1106 759 1178 788 caelo
1184 772 1196 794 ;
1208 759 1253 788 hic
1265 766 1368 789 autem:
1381 760 1440 799 Qui
1447 760 1559 790 revelat
1570 765 1683 798 myste-

936 805 1092 833 ria.5o.Ec
1104 805 1177 834 milti
1187 812 1354 835 autemnon
1362 807 1518 846 sapientia,
1533 805 1641 845 quoefit
1652 807 1685 834 in

936 859 982 878 me
988 859 1050 889 proe
1060 852 1194 881 omnibus
1204 853 1383 888 viventibus,
1396 853 1566 890 mysterium
1575 852 1630 880 hoc
1639 861 1685 880 re-

939 896 1066 926 velatum
1076 904 1119 927 est
1128 910 1138 926 .-
1149 898 1202 927 sed
1215 905 1247 928 ut
1263 900 1463 939 conjecturam
1474 899 1536 938 regi
1544 898 1683 934 indicem,

937 948 967 970 et
977 948 1009 971 ut
1022 952 1178 983 cognoscas
1187 945 1377 984 cubitatione-s
1390 945 1485 973 cordis
1499 945 1552 973 tui.
1565 944 1685 973 Tantum

939 997 992 1016 non
1005 988 1097 1018 dicens
1110 1001 1116 1018 ε
1132 989 1212 1029 Origo
1231 990 1393 1020 inventionis
1413 1001 1467 1020 non
1489 997 1529 1020 est
1539 1001 1555 1020 a
1565 1001 1623 1020 me:
1637 989 1684 1020 sed

939 1043 1024 1072 neque
1038 1034 1064 1063 in
1078 1035 1175 1075 eoipso
1185 1035 1259 1075 quod
1274 1047 1330 1066 rem
1338 1043 1435 1077 praeter
1446 1036 1516 1066 alios
1528 1036 1683 1074 didicerim,

943 1079 1046 1109 caeteris
1057 1081 1238 1121 praeferendus
1249 1093 1321 1113 sum.
1336 1084 1396 1113 Non
1409 1082 1482 1112 enim
1495 1082 1561 1122 quia
1572 1092 1616 1112 me
1638 1092 1684 1112 sa-

870 1146 878 1159 ,
894 1136 930 1188 πλε
939 1126 1054 1165 pientem
1066 1138 1124 1157 esse
1132 1128 1252 1167 agnovit,
1272 1129 1302 1159 id
1314 1130 1386 1159 Deus
1394 1129 1467 1158 fecit.
1482 1129 1513 1159 Si
1523 1129 1596 1158 enim
1609 1135 1684 1169 post-

937 1182 1018 1211 quam
1031 1173 1081 1203 ista
1092 1173 1205 1216 dixisset
1216 1175 1322 1212 Daniel,
1338 1175 1429 1215 ipsum
1443 1182 1473 1205 ut
1491 1177 1579 1205 Deum
1589 1175 1686 1205 adora—

939 1218 980 1248 vit
991 1229 1059 1249 rex:
1074 1220 1142 1259 quid
1152 1221 1176 1250 si
1187 1221 1217 1250 id
1231 1223 1412 1261 prosequutus
1424 1232 1478 1252 non
1500 1222 1612 1252 fuisset?
1626 1221 1684 1252 Sed

936 1273 1046 1305 propter
1058 1273 1095 1303 te,
1112 1267 1209 1306 inquit.
1228 1269 1272 1297 Tu
1296 1268 1364 1298 mihi
1390 1268 1488 1308 gratias
1506 1268 1605 1298 habere
1627 1278 1684 1297 non

937 1310 1028 1349 debes,
1042 1312 1090 1342 sed
1102 1323 1151 1353 ego
1165 1314 1215 1343 tibi
1228 1327 1234 1343 ι
1249 1321 1279 1344 ut
1291 1314 1364 1344 enim
1386 1321 1416 1343 tu
1435 1315 1609 1355 intelligeres,
1634 1326 1684 1356 ego

936 1356 1032 1389 didici.
1045 1360 1130 1389 Cerne
1139 1361 1255 1390 utillum
1264 1361 1388 1390 conciliet
1399 1362 1468 1398 Deo,
1479 1367 1503 1390 et
1517 1367 1547 1390 ut
1559 1361 1684 1391 futurum

936 1403 1008 1434 circa
1018 1415 1082 1434 eum
1091 1405 1265 1444 miraculum,
1280 1406 1346 1436 item
1357 1417 1478 1436 amorem
1500 1407 1684 1437 vehementem

936 1460 999 1490 erga
1011 1462 1085 1490 eum,
1101 1463 1149 1493 per
1161 1454 1378 1494 anticipationem
1391 1454 1448 1483 Deo
1473 1453 1600 1494 assignet.
1628 1454 1685 1492 Qui

935 1496 1008 1525 enim
1021 1497 1131 1527 edoctus
1145 1506 1196 1536 est,
1207 1499 1282 1538 quod
1292 1501 1366 1528 Deus
1376 1500 1404 1528 in
1418 1499 1547 1530 honorem
1561 1499 1645 1540 ipsius
1653 1499 1684 1530 id

936 1542 1002 1581 egit,
1015 1544 1196 1583 proculdubio
1208 1545 1251 1575 illi
1269 1540 1427 1575 conciliatus
1444 1552 1494 1575 cst.
1521 1546 1561 1575 Te
1585 1546 1682 1586 magis,

936 1587 1201 1629 inquit„honoravit,
1214 1602 1296 1630 quam
1318 1602 1370 1622 me.
1396 1590 1483 1622 Vides
1496 1602 1578 1630 quam
1598 1591 1686 1621 ambi-

937 1638 1021 1668 tiosus
1033 1647 1084 1667 non
1096 1637 1131 1666 sit
1141 1638 1262 1677 juvenis,
1280 1645 1363 1676 utque
1382 1647 1436 1667 non
1448 1644 1511 1667 ante
1533 1648 1684 1669 sermonem

935 1683 1117 1724 aggrediatur,
1127 1693 1207 1721 quam
1219 1693 1308 1722 regern
1321 1683 1486 1713 abduxerita
1494 1694 1590 1723 magna
1602 1694 1684 1723 quam

936 1729 971 1758 de
979 1730 1038 1769 ipso
1051 1729 1151 1758 habere
1171 1729 1302 1768 potuisset
1315 1729 1459 1769 opinione?
1473 1729 1617 1767 Quomodo
1632 1730 1685 1770 igi-

118 1779 190 1816 ἀλλ’,
203 1777 268 1818 ὑπὲρ
278 1781 324 1807 τοῦ
340 1789 369 1807 σε
381 1781 474 1817 μαθεῖν
486 1778 502 1808 ὃ
512 1777 717 1818 χρησιμώτατον
731 1774 774 1815 ἦν.
784 1777 888 1808 Ἐκεῖνο
902 1782 920 1805 B
937 1782 981 1805 tur
1005 1775 1119 1815 gloriam
1131 1782 1274 1806 venaretur
1297 1775 1404 1813 Daniel,
1424 1776 1471 1816 qni
1491 1777 1572 1806 etiam
1591 1776 1683 1807 datam

117 1833 169 1874 γὰρ
182 1833 227 1863 καὶ
245 1832 283 1872 μὴ
306 1833 436 1869 εἰπόντος,
460 1833 598 1870 ἠκολούθει
611 1835 645 1873 τῇ
660 1832 762 1874 διανοίᾳ
775 1833 887 1862 ἀκουόν-

117 1897 178 1915 των.
193 1885 232 1915 Σὺ
247 1884 370 1926 βασιλεὺς
393 1885 513 1926 ἔθεώρεις
525 1908 533 1923 ,
557 1885 603 1915 καὶ
620 1884 674 1915 ἰδοὺ
689 1884 767 1915 εἰκὼν
782 1886 830 1925 μία
840 1906 849 1921 ,
868 1887 885 1921 ἡ

117 1937 195 1968 εἷκὼν
211 1937 296 1975 ἐκείνη
311 1937 431 1977 μεγάλη,
446 1937 491 1966 καὶ
504 1940 521 1973 ἡ
536 1937 663 1977 πρόσαψις
680 1939 760 1973 αὐτῆς
772 1939 886 1978 ὑπερφε-

119 1990 165 2032 ρὴς
178 1992 282 2021 ἑστῶσα
301 1989 352 2030 πρὸ
371 1989 514 2030 προσώπου
529 2002 575 2020 σου
590 2012 598 2028 ,
615 1990 688 2026 καὶὴ
702 1989 792 2030 ὅρασις
805 1991 887 2026 αὐτ-ῆς

119 2039 227 2080 φοὸερά.
243 2039 332 2069 Εἶκὼν
346 2035 379 2076 ἧς
398 2041 415 2075 ἡ
433 2039 535 2080 κεφαλὴ
559 2039 670 2080 χρυσίου
694 2041 808 2079 καθαροῦ
824 2051 831 2058 ·
859 2041 886 2069 αἱ

118 2096 204 2132 χεῖρες
217 2093 296 2128 αὐτῆς
309 2091 355 2122 καὶ
374 2092 404 2122 τὸ
416 2093 510 2127 στῆθος
534 2091 580 2121 καὶ
599 2090 624 2121 οἱ
649 2092 785 2132 βραχίονες
807 2089 887 2128 αὐτῆς

120 2148 245 2186 ἀργυροῖ·
267 2148 284 2181 ἡ
302 2144 389 2174 κοιλία
409 2146 488 2181 αὐτῆς
502 2144 546 2174 καὶ
570 2145 594 2174 οἶ
622 2145 702 2185 μηροὶ
726 2146 834 2186 χαλκοῖ·
860 2149 887 2177 αἱ

121 2199 219 2236 κνῆμαι
240 2197 362 2236 σιδηραῖ·
386 2197 413 2226 οἳ
428 2197 504 2231 πόδες
530 2197 607 2238 μέρος
628 2197 676 2237 μέν
699 2210 725 2227 τι
742 2200 865 2240 σιδηροῦν
878 2223 886 2238 ,

122 2249 199 2289 μέρος
220 2249 247 2278 δέ
265 2261 292 2278 τι
311 2249 470 2289 ὀστράκινον.
496 2249 570 2290 Ὅρα
588 2249 667 2284 ποίας
689 2250 772 2291 ὅψεως
785 2252 884 2289 ἠξιώθη

123 2301 362 2342 Ναὸουχοδονόσορ.
384 2301 495 2338 Ἐπειδὴ
521 2301 573 2342 γὰρ
589 2301 697 2342 ἔμελλεν
719 2305 754 2336 εἷς
774 2304 833 2342 ἔθνη
854 2304 885 2335 τὸ

121 2354 243 2394 κήρυγμα
258 2353 435 2389 διαδίδοσθαι,
460 2354 683 2394 προανακρούεται
696 2359 773 2385 τοῦτο
788 2356 884 2387 ἄνωθεν

125 2407 174 2443 ’τὴν
185 2406 286 2442 ἔθνικὴν
308 2405 465 2446 παράδοσιν·
479 2405 524 2435 καὶ
536 2407 562 2435 ἓν
584 2408 672 2447 ἐθνικῇ
686 2411 763 2437 τοῦτο
777 2411 885 2450 ὁρᾶται,

119 2460 164 2487 τοῦ
184 2460 246 2488 ναοῦ
261 2457 464 2494 καταλυθέντος,
491 2459 543 2488 τῶν
565 2461 679 2498 νομικῶν
705 2460 886 2500 ἀνῃρημένων.

131 2565 135 2568 ·
153 2556 164 2568 ¹
182 2548 256 2584 ὲθὺρα
264 2567 270 2575 ,
282 2550 312 2575 L.
326 2553 403 2583 ἰθήρα.
417 2550 484 2584 Lego
495 2551 571 2577 etiam
583 2550 659 2584 paulo
670 2556 728 2578 ante
737 2556 777 2579 τοῦ
789 2555 898 2586 μεγάλη-ι,

937 1820 1064 1860 repellit?
1079 1820 1115 1850 Et
1125 1829 1177 1849 non
1190 1819 1260 1849 dixit
1273 1832 1281 1848 .-
1298 1821 1433 1857 Quoniam
1447 1822 1534 1850 Deum
1556 1831 1681 1859 veneror,

936 1864 1063 1903 quoniam
1071 1863 1114 1893 illi
1128 1864 1190 1904 plus
1203 1874 1284 1903 quam
1298 1865 1390 1894 caeteri
1408 1865 1510 1903 servio,
1525 1865 1595 1895 mihi
1606 1866 1691 1896 reve?

935 1908 1000 1938 latio
1010 1908 1126 1938 factaest
1143 1921 1149 1938 :
1165 1908 1224 1945 sed,
1238 1910 1277 1939 Ut
1299 1916 1330 1939 tu
1342 1908 1460 1939 disceres
1472 1909 1546 1949 qnod
1570 1909 1684 1940 utilissi-

936 1963 1012 1982 mum
1025 1958 1092 1982 erat.
1106 1953 1180 1983 Illud
1189 1953 1272 1990 enim,
1288 1953 1368 1983 etiam
1382 1953 1443 1994 ipso
1453 1964 1507 1983 non
1517 1953 1634 1992 dicente,
1651 1954 1680 1984 in

936 2004 1052 2027 mentem
1063 1997 1219 2030 auditorum
1232 1998 1345 2028 veniret.
1360 2000 1411 2029 51.
1433 1999 1475 2029 Tu
1487 2000 1680 2036 remittebas,

936 2048 964 2071 et
977 2052 1043 2072 ecce
1050 2044 1146 2083 imago
1159 2038 1232 2079 und,
1247 2044 1347 2082 imago
1358 2043 1414 2073 illa
1423 2053 1543 2083 magna,
1559 2050 1588 2073 et
1598 2053 1682 2082 aspe-

937 2095 1000 2126 ctus
1014 2090 1096 2119 illius
1106 2088 1238 2119 sublimis
1247 2095 1328 2119 stans
1337 2095 1408 2119 ante
1415 2090 1532 2133 faeiem
1544 2096 1637 2127 tuam,
1652 2096 1683 2120 et

936 2137 1058 2166 intuitus
1071 2137 1132 2176 ejus
1143 2136 1291 2166 ten-ibitis.
1304 2137 1354 2166 52.
1371 2138 1475 2176 Imago
1492 2137 1576 2176 cujus
1594 2142 1683 2176 caput

937 2195 973 2214 ex
982 2194 1055 2214 auro
1061 2193 1149 2224 puro,·
1162 2193 1266 2213 manus
1277 2183 1365 2223 ipsius
1376 2189 1403 2212 et
1411 2189 1512 2223 pectus
1521 2189 1549 2212 et
1559 2184 1682 2212 brachia

901 2254 919 2277 c
937 2232 998 2270 ejus
1010 2237 1162 2271 argentm,-
1183 2237 1286 2260 venter
1303 2230 1386 2259 illius
1408 2236 1437 2259 et
1447 2230 1571 2271 femora
1590 2240 1680 2266 ωιτη,-

936 2282 986 2310 55.
1000 2281 1078 2309 tibia»
1084 2279 1208 2321 ferrea-‚-
1224 2277 1323 2317 pedeS,
1333 2287 1402 2316 pars
1413 2277 1533 2316 quidem
1545 2277 1682 2317 quaedam

926 2325 1039 2365 ferrea,
1061 2333 1130 2362 pars
1154 2328 1253 2351 autem
1276 2323 1412 2361 quoedam
1440 2327 1578 2351 testacea.
1607 2320 1682 2350 Vide

935 2369 1010 2409 quali
1029 2368 1134 2398 visione
1155 2366 1284 2407 dignatus
1308 2365 1390 2395 fuerit
1418 2364 1685 2395 Nabuchodonosor.-

937 2411 1161 2452 Quandoquidem
1174 2411 1245 2441 enirn
1258 2411 1285 2439 in
1307 2417 1398 2450 gentes
1418 2408 1553 2448 evangelii
1576 2418 1679 2448 praeco-

935 2459 1011 2490 nium
1025 2457 1205 2499 spargendum
1218 2463 1285 2494 erat,
1299 2455 1368 2486 visio
1382 2452 1468 2483 multo
1480 2459 1540 2482 ante
1551 2451 1679 2491 gentilem

911 2558 960 2578 etc.
