1890 2826
585 187 748 212 smonsxs
774 176 963 212 scnurrun'm.
992 189 1119 213 saonae.

81 250 111 279 τὸ
136 253 289 289 θνησιμαῑον
326 250 405 278 αὐτοῦ
427 247 584 288 ἐῤῥιμμένον
609 251 649 288 τῷ
676 248 792 288 καύματι
807 252 854 285 τῆς

82 295 194 336 ἡμέρας,
213 295 259 325 καὶ
271 296 310 335 τῷ
328 296 436 334 παγετῷ
449 297 497 330 τῆς
506 294 597 328 νυκτός
606 306 612 313 ·
636 295 683 324 καὶ
695 294 755 324 τότε
774 296 854 335 Ταφῇ

78 343 138 371 ὄνου
156 341 311 382 ταφήσεται.
325 340 402 370 Μετὰ
412 340 464 380 γὰρ
477 340 507 370 τὸ
530 341 696 377 διαλυθῆναι,
718 340 778 369 τότε
792 340 855 369 ἐτά-

1568 185 1642 232 4¹9

909 250 1105 289 appellabatur.
1122 252 1215 290 Neque
1230 252 1299 281 ultra
1319 263 1368 282 rex
1386 253 1499 294 AEgypti
1514 254 1598 285 exivit
1616 255 1652 284 «le

909 301 978 324 terra
994 296 1127 325 sua.Cum
1138 297 1253 327 venisset
1267 305 1354 328 autem
1365 300 1611 330 Nabuchodonosor
1625 309 1651 330 et

910 340 1044 370 obsideret
1058 342 1161 379 urbem,
1175 344 1238 382 quia
1251 345 1325 374 venit
1343 345 1377 374 ad
1396 356 1458 375 eum
1483 356 1545 375 cum
1567 354 1652 376 matre

81 400 127 428 φη.
147 387 330 420 Ἀποθανόντος
345 386 373 416 δὲ
384 386 584 425 Ἐλιακεὶμτοῦ
601 386 647 415 καὶ
661 386 788 424 Ἰωακεὶμ
799 388 855 415 υἱοῦ
873 387 894 410 D
911 396 960 415 sua
986 387 1108 417 Joaehim
1131 390 1179 427 qui
1198 396 1225 418 et
1250 391 1402 428 Jechonias,
1415 391 1529 421 abduxit
1543 402 1605 421 eum
1624 393 1652 422 in

82 433 194 470 Ἰωσίου,
219 432 354 473 βασιλεύει
368 432 494 471 Ἰωακεὶμ.
513 435 528 462 6
552 432 606 467 υἱὸς
632 434 711 462 αὐτοῦ
724 455 732 468 ,
753 432 857 471 ἔκγονος

82 480 197 509 Ἰωσίου·
219 482 233 509 6
244 479 272 508 δὲ
284 478 411 517 Ἰωακεὶμ
422 474 496 512 οὗτος
516 478 561 508 καὶ
586 478 714 519 Ἰεχονίας
727 479 856 508 ἐκαλεῖτο·

82 526 170 555 οὐκέτι
183 525 275 555 λοιπὸν
286 524 409 564 βασιλεὺς
421 524 555 564 Αἰγύπτου
570 524 640 564 ἐξῄει
651 527 698 560 τῆς
711 524 801 564 χώρας
813 526 858 554 αὖ·

82 575 136 601 τοῦ.
155 571 256 602 Ἐλθὼν
267 572 296 602 δὲ
308 573 340 604 ὁ»
357 571 590 611 Ναὸουχοδονόσορ
613 571 658 601 καὶ
679 571 858 611 πολιορκήσας

81 618 129 654 τὴν
142 618 234 654 πόλιν,
261 616 354 653 ἐπειδὴ
368 616 458 652 ἐξῆλθε
473 617 539 657 πρὸς
551 616 628 646 αὐτὸν
647 617 715 656 μετὰ
734 619 783 652 τῆς
806 629 858 656 μη-

82 665 141 704 τρὸς
152 666 232 694 αὐτοῦ
250 666 264 694 ὁ
278 663 403 702 Ἰωακεὶμ.
417 665 432 692 6
445 664 491 693 καὶ
505 663 630 703 Ἰεχονίας
639 686 647 699 ,
661 663 707 693 καὶ
721 663 855 703 ἀπῴκισεν

34 710 37 712 ’
82 711 159 740 αὐτὸν
174 712 210 742 εἷς
224 709 383 746 Βαὸυλῶνα,
408 709 454 739 καὶ
473 709 656 745 κατεστήσατο
674 709 719 739 τὸν
743 709 855 750 ἀδελφὸν

82 759 127 785 τοῦ
145 755 244 795 πατρὸς
257 757 336 785 αὐτοῦ
354 755 409 784 υἱὸν
425 755 452 784 δὲ
466 754 568 784 Ἰωσίου
584 754 695 794 βασιλέα
709 756 736 784 ἐν
756 754 855 794 Ἰερου-

83 801 182 840 σαλήμ.
197 798 282 834 Οὗτος
295 801 322 830 δὲ
336 796 368 837 ἦν
380 801 517 833 Μαθανίας
529 803 543 829 6
558 800 602 830 καὶ
613 800 747 834 Σεδεκίας.
767 800 814 834 Ὡς
827 801 855 830 δὲ

82 848 209 884 ἠθέτησεν
222 849 249 877 ἐν
267 850 306 887 τῷ
321 848 424 887 βασιλεῖ
438 847 610 883 Βαὸυλῶνος,
629 846 712 876 ε’λθὼν
725 850 740 876 6
751 847 855 876 NotGou-

27 918 29 920 .
79 894 221 934 «χοδονόσορ
234 895 369 933 πολιορκεῖ
379 893 428 929 τὴν
444 893 620 933 Ἰερουσαλήμ.
631 905 638 912 ·
660 893 706 922 καὶ
719 892 785 922 ἑλὼν
804 895 855 922 αὖ-

82 940 131 975 ·ιῆν
143 939 189 969 καὶ
208 939 348 979 ἐμπρήσας
356 961 364 974 ,
378 938 424 968 τὸν
435 938 484 978 μὲν
497 938 624 968 Σεδεκίαν
642 938 768 979 πηρώσας
779 938 858 973 ἔδησε

83 985 129 1014 καὶ
143 985 279 1024 ἀπήγαγεν
299 986 337 1018 εἷς
351 984 508 1014 Batauam.
525 984 580 1014 Τὸν
595 984 622 1014 δὲ
635 984 763 1014 Γοδολίαν
781 983 859 1013 κατέ-

81 1042 179 1067 στησεν
189 1030 234 1060 ἐπὶ
251 1032 304 1060 τῶν
313 1030 538 1070 καταλειφθέντων
547 1029 576 1059 ’ἐν
583 1030 766 1070 Ἰερουσαλήμ..
774 1029 822 1062 Ὡς
831 1029 859 1059 δὲ

83 1077 235 1107 ἀπέκτεινεν
246 1076 324 1106 αὐτὸν
343 1078 358 1105 6
375 1076 505 1115 Ἰσμαὴλ,
525 1076 684 1108 ἀναστάντες
708 1077 732 1105 οἱ
751 1076 859 1104 ὑπολει-

81 1123 206 1162 φθέντες,
226 1123 345 1158 εἰσῆλθον
365 1123 402 1155 εἷς
412 1121 556 1161 Αἴγυπτον.
571 1122 648 1151 Μετὰ
662 1121 690 1151 δὲ
710 1125 794 1150 ταῦτα
814 1121 859 1150 τὸν

85 1169 210 1207 Ἰωακεὶμ
220 1170 247 1198 ἐν
261 1168 401 1204 Βαὸυλῶνι
411 1169 514 1203 πολλῆς
521 1167 618 1204 ἠξίωσε
631 1170 710 1206 τιμῆς
734 1166 748 1183 ¹²
757 1167 859 1196 Εὖιλὰδ

84 1215 223 1255 Μαρωδὰκ
235 1217 250 1244 6
257 1214 389 1254 βασιλεὺς
405 1214 570 1247 Βαὸυλῶνος.

123 1260 157 1290 Ἣ
174 1261 228 1300 ,μὲν
241 1255 286 1290 οὖν
301 1259 424 1300 βασιλεία
445 1262 493 1295 τῆς
513 1259 684 1300 Σαμαρείας,
697 1262 733 1293 ὡς
746 1260 798 1295 ἤδη
814 1260 855 1289 εἴ-

77 1319 180 1347 ρηται,
200 1306 334 1336 πέπαυται
358 1306 403 1336 ἐπὶ
426 1306 509 1341 Ὠσηὲ
531 1308 588 1336 υἱοῦ
609 1305 693 1335 Ἰωλὼ
706 1307 716 1346 (
725 1307 748 1335 l.
763 1306 854 1346 Ἦλὰ)

912 432 1088 472 Babylonem,
1104 441 1129 463 et
1141 435 1277 465 constituit
1287 437 1381 466 fatrem
1393 437 1477 478 patris
1491 438 1549 477 ejus
1563 437 1652 467 filium

912 478 992 508 Josiae
1011 490 1101 519 regem
1119 480 1147 508 in
1163 482 1322 511 Jerusalem.
1337 483 1389 512 Hic
1408 490 1498 512 autem
1510 489 1565 512 erat
1578 485 1651 512 Mat-

917 524 1079 563 thanias‚qui
1089 533 1114 555 et
1121 526 1296 557 SedeciasUt
1307 528 1451 557 autemille
1463 529 1655 568 praevaricatus

915 577 954 599 est
968 578 1059 600 eontra
1071 582 1159 612 regem
1172 573 1329 612 Babylonis,
1346 574 1421 603 veuit
1434 574 1651 603 Nabuchodono-

910 627 965 654 sor,
972 624 998 647 et
1006 618 1110 648 obsedit
1123 620 1272 649 Jerusalem
1280 631 1286 647 z
1294 631 1346 659 qua
1354 628 1430 660 capta
1441 628 1467 650 et
1476 621 1594 657 incensa,
1602 622 1653 651 Se·-

910 663 1013 693 deciam
1025 672 1184 694 excaecatum
1198 673 1224 695 et
1236 667 1355 696 vinctum
1373 667 1488 697 abduxit
1501 668 1529 696 in
1537 669 1651 708 Babylo-

909 711 1130 741 nem-Godoliam
1136 723 1201 742 vero
1214 713 1353 742 constituit
1361 724 1442 754 super
1450 724 1495 743 eos
1506 715 1553 753 qui
1567 715 1653 744 relicti

908 757 1013 786 fuerant
1020 757 1048 786 in
1055 758 1213 787 Jerusalem.
1221 760 1365 798 Postquam
1372 767 1460 789 autem
1470 760 1549 789 illum
1557 761 1655 790 occidit

910 802 1017 840 Ismenia,
1032 805 1143 844 profecti
1158 804 1199 833 illi
1211 805 1312 834 residui
1326 806 1439 846 ingressi
1454 813 1516 836 sunt
1527 807 1555 835 in
1570 807 1654 847 AEgy-

909 855 998 888 ptum.
1010 851 1101 879 Postea
1115 861 1180 880 vero
1191 851 1362 881 Joachimum
1374 852 1402 880 in
1416 852 1554 892 Babylone
1567 853 1654 881 multo

874 896 892 920 E
910 894 1036 934 dignatus
1050 903 1089 926 est
1105 897 1206 926 honore
1223 897 1324 927 Evilad
1342 897 1472 927 Marodac
1491 908 1540 927 rex
1562 898 1653 939 Baby*

910 940 990 970 Iouis.

950 1253 1075 1291 Regnum
1095 1242 1183 1293 itaque
1204 1255 1341 1292 Samariae,
1356 1262 1386 1285 ut
1403 1256 1460 1295 jam
1481 1255 1585 1285 dictum
1601 1263 1652 1294 est,

911 1297 992 1327 desiit
1004 1299 1031 1327 in
1039 1300 1138 1329 Oseam
1152 1300 1310 1338 filiumEla,
1318 1301 1366 1340 qui
1380 1302 1513 1331 occiderat
1523 1302 1654 1332 Phaceam

84 1356 130 1382 τοῦ
145 1353 289 1394 σφάξαντος
307 1353 351 1383 τὸν
365 1353 456 1383 Φωὲ
476 1353 532 1382 υἱὸν
546 1353 705 1392 Ῥωμύλου,
714 1354 749 1384 Ἦ
768 1354 795 1383 δὲ
808 1356 856 1389 τῆς
864 1373 900 1392 35⁸
911 1344 999 1396 ¹filium
1022 1346 1162 1375 Romeliae.
1178 1347 1351 1387 Jerosolymae
1364 1358 1429 1378 vero
1443 1358 1554 1387 regnum
1574 1348 1656 1378 desiit

83 1399 260 1439 Ἰερουσαλὴμ
274 1399 396 1439 βασιλεία
416 1398 551 1429 πέπαυται
574 1399 619 1428 ἐπὶ
644 1400 779 1429 Σεδεκίαν.
802 1401 856 1430 Καὶ
873 1403 893 1424 Α
909 1402 938 1420 ¹¹¹
952 1391 1088 1422 sedoeiam
1107 1405 1113 1421 ἴ
1127 1393 1176 1432 qui
1189 1393 1321 1423 abductus
1332 1394 1360 1423 in
1373 1394 1558 1434 Babylonem,
1569 1395 1655 1424 oculiS

85 1446 166 1479 αὐτὸς
176 1446 228 1485 γὰρ
242 1446 370 1486 ἀπαχθεὶς
384 1447 421 1479 εἰς
438 1445 593 1482 Βαὸυλῶνα,
607 1445 653 1475 καὶ
664 1446 856 1486 ἀφαιρεθέντων

85 1492 157 1531 αὐτῷ
175 1494 227 1521 τῶν
246 1493 397 1531 ὀφθαλμῶν,
411 1493 448 1524 εἰς
461 1491 559 1520 λάκκον
572 1491 672 1526 ἐὸλήθη
686 1491 733 1526 ἔτη
747 1491 800 1525 κς’.

84 1536 136 1565 ’Ὃν
148 1536 216 1575 μετὰ
229 1540 314 1566 ταῦτα
323 1536 430 1576 ὗψώσας
441 1539 456 1566 6
468 1536 592 1576 βασιλεὺς
606 1537 778 1574 Βαὸυλὶἶινος,
790 1538 858 1566 ἔδω-

85 1593 130 1611 κεν
152 1583 223 1621 αὐτῷ
243 1582 332 1621 θρόνον
353 1582 441 1611 ἐπάνω
455 1584 513 1611 ’σῦν
532 1583 617 1611 ἐκεῖσε
644 1584 794 1621 βασιλειῶν,
813 1583 859 1612 καὶ

89 1627 211 1662 συνήσθιε
225 1628 270 1656 καὶ
283 1627 417 1657 συνέπινεν
429 1629 500 1668 αὐτῷ
513 1628 562 1661 ἕως
573 1629 675 1667 ἡμέρας
688 1630 756 1663 ζωῆς
770 1630 859 1659 αὐτοῦ.

83 1673 140 1702 Καὶ
154 1673 199 1702 ἐπὶ
216 1672 308 1702 τούτου
322 1673 400 1712 λήγει
420 1673 451 1702 τὸ
473 1673 585 1712 βιὸλίον,
602 1674 861 1713 αἰχμαλωτισθέντος

85 1721 130 1748 τοῦ
147 1719 223 1755 λαοῦ,
239 1718 284 1747 καὶ
295 1721 343 1754 τῆς
355 1718 557 1760 πόλεωςιπάσης
573 1719 698 1755 ἁλούσης.

124 1764 205 1794 Ἐστι
219 1764 247 1794 δὲ
270 1764 304 1793 τὰ
316 1763 433 1803 ὀνόματα
453 1766 506 1793 τῶν
522 1764 653 1804 βασιλέων
671 1767 719 1800 τῆς
730 1764 859 1798 Ἰουδαίας

86 1811 189 1840 καὶτοῦ
204 1810 315 1850 Ἰσραὴλ
324 1831 332 1846 ,
346 1810 391 1839 καὶ
410 1813 498 1840 ὁποῖον
510 1813 558 1847 τῆς
574 1811 686 1841 ἑκάστου
700 1811 818 1851 πράξεως
829 1811 859 1840 τὸ

85 1856 175 1892 τέλος,
189 1855 235 1885 καὶ
248 1856 319 1885 πόσα
338 1855 384 1892 ἔτη
407 1856 517 1890 ἕκαστος
530 1858 616 1886 αὐτῶν
631 1856 785 1886 ἐὸασίλευσε
800 1879 807 1894 ,
823 1858 859 1890 ὥς

86 1905 113 1932 ἐν
125 1902 244 1942 ἔπιτόμῳ
256 1902 408 1943 διαλαὸεῖν(
414 1904 487 1940 ἐστι)
501 1903 554 1932 ἀπὸ
567 1905 620 1932 τῶν
631 1902 811 1943 προκειμένων
826 1902 858 1932 δ’.

83 1949 206 1988 βιὸλίων,
222 1948 315 1982 οὕτως.
364 1977 372 1982 ,

124 1997 136 2010 ²
156 1994 234 2024 Μετὰ
246 1994 277 2023 τὸ
289 1993 433 2024 ἀπολέσθαι
445 1994 490 2024 τὸν
502 1994 592 2024 Σαοὺλ
606 1993 799 2034 βασιλεύσαντα
811 1994 857 2030 ἔτη

86 2040 135 2078 pfl,
156 2040 290 2079 βασιλεύει
309 2040 394 2069 Δαυὶδ
408 2041 453 2070 ἐπὶ
466 2041 554 2070 πάντα
567 2041 611 2070 τὸν
625 2040 735 2080 Ἰσραὴλ
754 2040 800 2070 καὶ
813 2040 858 2069 τὸν

87 2085 188 2115 Ἰούδαν
203 2086 248 2122 ἔτη
270 2085 306 2124 μ’.
320 2085 403 2120 οὕτως
413 2098 419 2105 ·
434 2088 461 2116 ἐν
481 2087 529 2125 μὲν
542 2086 652 2127 Χεὸρὼν
667 2086 714 2122 ἔτη
726 2086 776 2124 cst,
790 2088 818 2115 ἐν
831 2086 858 2116 δὲ

86 2131 166 2160 παντὶ
177 2134 215 2171 τῷ
229 2131 339 2171 Ἰσραὴλ
352 2132 397 2161 καὶ
410 2134 448 2172 τῷ
462 2132 549 2162 Ἰούδα
563 2133 608 2170 ἔτη
620 2133 671 2172 λγ’.
685 2133 738 2162 Καὶ
750 2132 858 2168 ἐποίησε

86 2178 116 2206 τὸ
131 2177 202 2210 εὗθὲς
221 2179 247 2206 ἐν
268 2178 356 2217 τελείᾳ
373 2179 479 2218 καρδίᾳ.
495 2179 558 2208 Ἐπὶ
570 2179 662 2209 τούτου
673 2175 741 2215 ἦσαν
751 2181 858 2219 προφῆ-

86 2235 131 2252 ται
154 2222 243 2253 Ναθὰν
265 2223 311 2252 καὶ
332 2224 398 2253 Γάδ.
424 2225 551 2263 Σολομῶν
565 2228 579 2254 6
591 2225 646 2258 υἱὸς
663 2225 746 2254 Δαυὶδ
765 2224 858 2254 ἐὸασί-

87 2269 178 2298 λευσεν
193 2269 238 2298 ἐπὶ
258 2269 345 2298 πάντα
365 2269 409 2299 τὸν
430 2270 494 2299 λαὸν
519 2270 566 2306 ἔτη
585 2270 622 2310 μ’.
635 2271 681 2300 καὶ
702 2271 795 2304 αὐτός·
813 2270 859 2300 καὶ

87 2314 197 2351 ἐποίησε
215 2315 246 2345 τὸ
260 2315 383 2356 πονηρόν.
402 2315 457 2345 Καὶ
476 2316 521 2345 ἐπὶ
535 2318 614 2346 αὐτοῦ
637 2313 704 2353 ἦσαν
725 2319 859 2357 προφῆται

89 2361 180 2391 Ναθὰν
203 2362 249 2391 καὶ
275 2362 340 2392 Γάδ.
356 2361 477 2401 Ῥοὸοὰμ.
494 2364 508 2391 6
524 2362 578 2396 υἱὸς
592 2364 671 2392 αὐτοῦ
689 2362 858 2393 ε’ὅασίλευσεν

123 2466 137 2485 ¹¹
154 2468 236 2492 Εὖιλάὃ
259 2469 386 2502 Μαρωδάκ.
412 2466 499 2491 Editio
522 2466 635 2491 Romana
665 2469 850 2500 Εῦιαλμαρωδόκ.

910 1438 1031 1475 orbatus,
1047 1438 1074 1467 in
1086 1438 1205 1468 vinculis
1216 1440 1267 1469 fuit
1280 1451 1328 1480 per
1340 1450 1424 1469 annos
1434 1440 1531 1480 viginti
1545 1448 1654 1480 septem.

911 1484 1083 1514 Joachimum
1100 1495 1165 1515 vero
1187 1493 1277 1526 postea
1298 1486 1398 1516 extulit
1418 1497 1467 1516 rex
1486 1487 1652 1526 Babylonis,

912 1530 987 1560 dedit
996 1530 1048 1570 ipsi
1061 1531 1188 1560 thronum
1201 1543 1283 1572 supra
1295 1543 1370 1572 reges
1383 1533 1432 1572 qui
1451 1533 1510 1562 istic
1528 1540 1612 1570 erant,
1629 1539 1655 1562 et

913 1576 1068 1605 comedebat
1085 1577 1247 1617 potabatque
1267 1589 1328 1607 cum
1348 1578 1397 1607 illo
1415 1578 1540 1607 omnibus
1558 1579 1654 1608 diebus

913 1622 975 1651 vitae
989 1632 1055 1652 suae.
1075 1623 1135 1652 Huc
1155 1629 1244 1652 autem
1261 1623 1359 1652 desinit
1373 1624 1453 1660 liber,
1471 1635 1532 1653 cum
1553 1625 1655 1654 scilicet

914 1674 991 1706 capta
1006 1668 1073 1697 urbe
1085 1669 1204 1708 populus
1216 1669 1244 1697 in
1259 1669 1439 1708 captivitatem
1455 1669 1589 1699 abductus
1602 1677 1652 1699 est.

954 1761 1016 1790 Jam
1036 1770 1101 1790 vero
1121 1767 1202 1790 restat
1216 1767 1246 1790 ut
1263 1760 1372 1790 nomina
1389 1771 1485 1801 regum
1506 1761 1608 1792 Judaeae
1629 1768 1656 1791 et

914 1807 1008 1842 Israeli,
1031 1818 1090 1846 quae
1109 1807 1279 1847 singulorum
1297 1808 1397 1838 fuerint
1415 1815 1498 1848 gesta,
1515 1809 1563 1848 qui
1583 1809 1655 1847 finis,

913 1860 979 1892 quot
996 1854 1073 1883 annis
1093 1853 1263 1893 regnaverint
1281 1864 1316 1884 ex
1335 1854 1410 1884 hisee
1430 1855 1509 1884 libris
1518 1866 1656 1886 recensea-

914 1907 986 1935 mus,
1000 1898 1053 1928 hoc
1065 1905 1151 1939 pacto.

954 1992 1016 2021 Post
1025 1990 1171 2031 perniciem
1178 1991 1267 2022 Saiilis
1280 1991 1327 2030 qui
1341 1998 1497 2031 regnaverat
1507 1992 1583 2020 annis
1590 2002 1657 2030 qua-

914 2036 1048 2077 draginta,
1056 2044 1149 2077 regnat
1165 2037 1256 2067 David
1268 2037 1296 2067 in
1308 2047 1414 2066 omnem
1432 2037 1559 2067 Israelem
1569 2044 1595 2067 et
1606 2039 1624 2068 J
1625 2049 1658 2066 u-

914 2082 976 2112 dam
990 2084 1067 2113 annis
1080 2082 1256 2123 quadraginta
1267 2095 1274 2115 ;
1287 2083 1388 2113 scilicet
1399 2083 1427 2116 in
1439 2083 1564 2113 Chebron
1581 2083 1658 2112 annis

913 2137 1025 2170 septem,
1032 2129 1060 2158 in
1071 2136 1126 2159 toto
1135 2135 1223 2158 autem
1232 2129 1329 2159 Israfile
1336 2136 1362 2158 et
1371 2130 1391 2160 J
1391 2129 1443 2159 uda
1451 2129 1528 2158 annis
1538 2129 1660 2169 triginta-

914 2177 1010 2206 tribus.
1025 2177 1061 2206 Et
1071 2176 1134 2206 fecit
1144 2182 1245 2205 rectum
1263 2176 1291 2205 in
1300 2177 1417 2216 perfecto
1432 2176 1523 2206 corde.
1535 2176 1593 2206 Sub
1608 2176 1659 2205 hoc

915 2230 989 2252 erant
1001 2217 1136 2263 prophetae
1149 2222 1256 2252 Nathan
1267 2229 1293 2251 et
1306 2223 1379 2252 Gad.
1388 2223 1513 2253 Salomon
1523 2222 1597 2251 filius
1604 2224 1659 2251 Da-

915 2269 964 2300 vid
977 2269 1096 2309 regnavit
1108 2279 1190 2308 supra
1203 2279 1308 2298 omnem
1322 2269 1453 2309 populum
1465 2276 1491 2298 et
1509 2268 1565 2308 ipse
1582 2268 1659 2297 annis

909 2316 1106 2358 quadraginta:
1123 2323 1149 2345 et
1166 2316 1228 2345 fecit
1240 2316 1353 2345 malum.
1363 2316 1420 2345 Sub
1429 2316 1479 2344 hoc
1499 2314 1577 2343 etiam
1585 2321 1659 2343 erant

914 2362 1049 2404 prophetae
1063 2362 1169 2392 Nathan
1187 2369 1213 2392 et
1229 2361 1302 2391 Gad.
1318 2362 1440 2391 Roboam
1453 2361 1526 2390 filius
1540 2360 1600 2399 ejus
1612 2370 1656 2389 re-

933 2474 945 2487 ·
962 2467 1022 2492 Haec
1033 2464 1158 2491 habentur
1175 2464 1200 2490 in
1211 2463 1331 2499 Synopsi,
1344 2472 1399 2496 quae
1419 2462 1548 2488 Athanasii
1558 2462 1659 2486 nomine

91 2503 159 2528 Vera
179 2503 255 2530 lectio
274 2511 313 2531 est.
334 2505 519 2531 Evilmerodac.
539 2504 615 2539 [Quae
637 2504 697 2530 hino
714 2511 853 2538 sequuntur
902 2505 1092 2537 circumfertur,
1104 2506 1187 2530 Tomo
1200 2506 1214 2528 2
1225 2523 1231 2535 ,
1249 2513 1274 2536 p.
1290 2504 1345 2528 ¹45.
1359 2502 1422 2527 Vide
1433 2511 1462 2527 ea
1480 2510 1535 2535 quae
1550 2500 1660 2527 diximus

92 2551 169 2576 nsque
177 2543 210 2569 ad
219 2544 346 2578 Synopsin
355 2544 413 2570 libri
418 2544 518 2574 Sirach,
531 2544 616 2571 omnia
625 2543 716 2571 desunt
725 2543 752 2570 in
761 2543 854 2570 Codice
903 2546 928 2571 in
937 2543 1052 2571 Diatriba
1062 2545 1135 2570 initio
1146 2539 1219 2576 h'ujus
1230 2543 1382 2575 Synopseos.

92 2581 252 2609 Coisliniano.
265 2584 275 2616 ]
