1890 2826
260 151 307 187 62

263 226 401 260 exhibere,
423 223 470 255 sed
487 225 665 264 Exspectavi
689 229 721 252 ut
731 223 850 264 faceret
872 232 970 257 uvam,
982 228 1007 250 et

263 272 416 313 exspectavi
430 278 535 312 tempus
547 277 731 311 opportunum
744 276 775 299 ut
786 269 904 299 fructum
917 269 1006 305 ferret,
1024 282 1041 304 R

264 319 349 348 multa
371 329 436 348 usus
458 317 605 358 patientia:
627 315 698 345 illud
717 315 800 353 enim,
813 315 1006 355 Exspectavi‚

265 366 294 396 id
311 365 455 407 significat.
469 366 553 394 Fecit
578 370 674 393 autem
687 365 797 403 spinas.
811 362 1008 392 Infruetuosam

265 412 376 442 illorum
406 411 490 442 vitam
517 408 644 446 ostendit,
664 418 796 449 asperam,
815 407 921 437 duram.
947 409 1008 444 Qua

264 469 328 499 ergo
346 457 424 488 venia
440 457 517 497 digni
533 456 634 486 fuerint
646 455 676 491 ii,
688 454 735 495 qui
749 461 807 495 post
820 461 919 484 tamam
931 454 1005 494 agri—

262 505 328 535 colae
348 515 452 542 curam,
470 503 536 533 tales
555 503 660 532 fructus
682 501 736 542 ipsi
754 499 892 531 reddunt?
912 502 941 530 3.
966 501 1007 529 Ee

265 563 354 590 nunc,
378 553 464 582 homo
489 551 573 581 Juda
592 555 621 579 et
643 550 809 579 habitantes
827 549 1006 584 Jemsalem,

259 600 393 639 judicate
402 599 479 627 inter·
489 608 534 626 me
549 603 577 626 et
590 598 708 625 vineam
730 600 834 625 meam.
848 594 970 634 Magna
959 605 1005 633 Ju-

264 643 301 672 ris
314 643 402 683 copia,
416 653 478 672 cum
499 642 572 682 ipsos
591 652 650 671 reos
668 640 806 670 constituit
815 639 920 680 judiees
938 638 1007 668 inter

263 700 293 717 ca
317 700 376 728 qum
401 689 468 728 ipse,
484 695 511 717 et
530 688 598 716 inter
618 698 648 716 ea
671 697 731 726 quae
750 686 792 716 illi
812 686 940 716 fecerunt.
963 686 1005 714 Ec

265 746 352 768 nunc.
366 737 426 766 Non
440 745 619 765 commemoro
634 740 736 770 vetera,
751 732 848 772 inquit,
859 732 908 762 sed
925 731 1006 762 hodie

263 789 373 823 paratus
384 793 445 811 sum
452 781 588 821 judicium
603 780 706 810 subire.
717 780 762 810 Sic
773 789 918 818 numquam
931 789 1004 808 cesso
1021 792 1040 814 C

263 828 376 869 implere
395 838 464 865 mea,
485 838 534 858 vos
551 833 640 856 vestra
663 836 716 855 non
734 825 860 866 impletis.
873 826 908 855 4.
927 825 1008 863 Quid

263 875 376 913 faciam
390 873 516 914 amplius
535 875 631 903 vineae
645 883 715 902 meoe
726 874 740 900 ?
752 874 892 912 quoniam
905 881 1005 910 exspe-

263 922 342 951 ctavi
369 927 402 950 ut
417 921 538 961 jaceret
557 929 656 956 uvam,
669 918 747 960 fecit
769 924 866 948 autem
894 919 1005 957 spinas.

263 966 400 998 Orationis
412 973 547 996 structura
565 965 675 995 videtur
687 976 744 995 esse
761 965 921 994 obscurior:
936 973 1005 1002 quo-

264 1014 335 1044 circa
356 1023 460 1042 necesse
480 1019 520 1042 est
545 1012 619 1041 illam
637 1010 827 1040 dilucidiorem
850 1009 1006 1039 reddamus.

264 1059 346 1098 Quod
358 1059 434 1094 dicit,
449 1058 500 1088 hoc
513 1058 566 1088 sibi
576 1058 637 1089 vult
649 1069 655 1087 :
670 1056 746 1095 Quid
757 1055 896 1096 oportebat
907 1055 1005 1092 faeere,

264 1114 291 1137 et
309 1117 362 1135 non
376 1105 447 1135 feci?
461 1105 610 1142 Nimirum,
626 1110 655 1143 ut
674 1103 737 1132 talia
753 1109 860 1144 peccata
882 1100 1008 1131 admitte-

264 1160 334 1183 rent.
346 1152 424 1191 Quid
434 1159 524 1182 autem
538 1152 656 1192 objicere
669 1150 800 1192 possunt?
813 1159 847 1179 an
862 1148 935 1188 quod
947 1149 1008 1188 qui-

264 1199 380 1229 busdam
396 1197 590 1239 praetermissis,
602 1197 654 1238 ipsi
674 1197 712 1227 sic
732 1196 914 1236 deliquerint?
929 1195 1010 1235 Quid

257 1247 374 1294 faciam
395 1246 474 1275 ultra
495 1246 591 1274 vineae
617 1255 696 1280 meoe,
716 1249 744 1274 et
757 1254 817 1273 non
841 1244 902 1283 feci
929 1243 1008 1283 ipsi?

265 1287 332 1330 Qudae
355 1292 417 1330 feci,
438 1292 536 1332 inquit,
557 1290 614 1321 haec
632 1297 696 1321 sunt
717 1303 724 1319 :
745 1301 841 1321 verum
854 1291 911 1331 jam
932 1290 1008 1320 factis

265 1349 318 1369 non
330 1345 469 1369 contentus
482 1349 554 1372 sum,
569 1348 656 1377 neque
672 1337 734 1367 dico
745 1348 787 1367 me
801 1337 886 1367 multa
904 1336 1007 1366 benefi—

266 1385 306 1414 cia
324 1384 469 1414 contulisse
485 1397 492 1413 z
510 1383 558 1414 sed
576 1384 599 1414 si
618 1394 670 1413 non
683 1382 773 1413 omnia
794 1383 856 1419 feci,
871 1390 933 1424 post
951 1394 1010 1423 quae
1028 1395 1047 1418 ι)

266 1430 337 1460 nihil
361 1430 514 1460 faciendum
538 1430 753 1470 relinquebatur,
775 1429 804 1460 id
825 1441 892 1470 rogo
913 1429 1010 1460 dicatis

266 1476 347 1513 mihi,
362 1487 410 1507 vos
424 1477 471 1516 qui
485 1477 542 1507 haec
556 1477 725 1516 consequuti,
740 1483 766 1506 et
779 1483 916 1517 gestorum
934 1483 1012 1506 testes

265 1523 339 1561 estis,
351 1534 386 1552 ex
397 1523 563 1564 experientia
576 1523 633 1552 haec
646 1522 790 1559 didicistis,
805 1533 858 1552 non
872 1522 974 1552 alienos
987 1529 1014 1552 et

266 1570 421 1611 peregrinos
428 1570 572 1610 interrogo.
581 1571 611 1601 5.
620 1571 712 1600 Nunc
719 1576 819 1599 autem
829 1571 1014 1599 annuntiabo

266 1619 363 1655 vobis,
381 1618 456 1659 quid
454 1617 573 1658 faciam
582 1618 677 1647 vineoe
691 1627 773 1646 meoe.
787 1617 858 1654 Quia
870 1617 1012 1647 victoriam

265 1666 423 1707 reportavit,
438 1665 627 1705 ingratumque
641 1664 750 1694 illorum
767 1664 888 1694 animum
901 1663 1012 1694 demon-

265 1713 371 1750 stravit,
392 1719 456 1742 tune
480 1712 589 1742 demum
611 1711 712 1752 profert
729 1711 896 1748 sententiam,
910 1718 936 1741 et
954 1722 1014 1750 quae

265 1760 384 1790 sactums
405 1759 441 1788 sit
459 1758 537 1796 dicit,
551 1769 605 1788 non
624 1765 653 1788 ut
675 1757 847 1795 condemnet,
863 1757 911 1788 sed
932 1765 961 1787 ut
979 1769 1014 1788 ex

266 1813 338 1836 metu
366 1816 416 1845 per
442 1804 529 1834 minas
555 1804 661 1834 incusso
688 1803 879 1833 moderatiores
906 1803 1010 1834 reddat.

267 1853 415 1893 Auferam
433 1861 529 1890 sepem
549 1852 622 1891 ejus,
638 1858 667 1880 et
679 1852 735 1879 erit
749 1852 781 1879 in
797 1852 988 1890 direptionem
1002 1864 1010 1880 .-
1030 1858 1049 1882 Ε

263 1906 294 1927 et
313 1899 461 1928 destruam
471 1908 584 1928 murum
598 1898 672 1936 ejus,
688 1903 717 1927 et
734 1899 789 1926 erit
809 1898 841 1926 in
852 1898 1011 1928 conculca-

265 1954 385 1975 tionem.

305 2040 335 2068 5.
350 2038 490 2075 Auferam,
499 2038 598 2078 inquit,
610 2037 744 2067 auxilium
763 2046 864 2074 meum,
887 2038 1012 2078 praesidio

264 2083 385 2123 nudabo,
395 2084 440 2114 tali
455 2083 625 2125 providentia
633 2094 733 2113 vacuos
743 2082 865 2119 reddam,
879 2090 905 2113 et
916 2083 1013 2116 adver-

265 2142 357 2161 sorum
369 2131 532 2172 experientia
543 2131 637 2166 scient,
653 2129 758 2170 quantis
772 2136 831 2159 ante
843 2129 923 2160 bonis
934 2131 1009 2161 frue-

265 2184 368 2214 rentur,
379 2188 441 2207 cum
450 2177 550 2207 fuerint
561 2176 687 2207 omnibus
695 2175 729 2205 ad
736 2175 915 2216 direptionem
926 2188 1009 2218 expo-

265 2223 320 2253 siti.
335 2225 365 2254 6.
381 2225 422 2253 Ει
435 2225 583 2254 dimittam
594 2224 714 2253 vineam
725 2233 832 2259 meam,
847 2229 876 2253 et
885 2234 944 2252 non
955 2235 1009 2264 pu·
1026 2243 1049 2264 ⁵4

265 2273 385 2308 imbitur,
397 2282 491 2312 neque
495 2272 642 2312 fodietur.
656 2271 763 2301 Rursus
771 2270 844 2308 dico,
858 2281 920 2300 eum
930 2278 1011 2301 meta·
1029 2271 1048 2295 Α

266 2318 351 2359 phora
365 2317 416 2347 uti.
431 2318 460 2348 Si
474 2317 536 2356 quis
556 2324 641 2347 tamen
658 2316 689 2347 id
707 2317 857 2347 accuratius
869 2317 1010 2357 explorare

301 2431 312 2442 ¹·
331 2427 374 2450 Καὶ
394 2426 438 2449 νῦν.
452 2423 517 2448 Bene
536 2420 716 2447 animadvertit
738 2420 838 2446 Allenus
858 2421 913 2447 haec
925 2430 977 2447 non
996 2421 1030 2446 ad

270 2464 358 2488 seriem
377 2462 554 2496 Chrysostorni
574 2461 700 2493 pertinere
717 2470 721 2484 :
743 2469 802 2486 nam
820 2469 851 2486 ex
869 2460 1030 2494 sequentibus

270 2502 438 2535 explicantur,
458 2507 484 2527 et
502 2507 561 2527 suut
579 2501 651 2525 Isaiae
663 2499 749 2526 verba.
765 2499 825 2525 Ideo
838 2507 960 2533 punctum
973 2508 1030 2535 post

269 2547 305 2569 uss-s
317 2540 472 2575 ponendum.

303 2583 316 2601 Ι»
334 2583 395 2613 Quae
407 2586 545 2614 sequuntur
559 2585 614 2612 post
628 2582 746 2611 ἀμπελῶνί
758 2591 810 2612 μου,
825 2580 942 2613 usquead
952 2583 1027 2611 ἐπειδὴ

600 163 630 185 S.
658 160 798 184 JOANMS
824 161 1007 184 CHRYSOST·
1037 158 1194 185 ARcmEP.
1224 164 1493 189 CONSTANQHNOP

1062 224 1137 262 ἔργον
1157 224 1308 264 παρέδωκα.
1322 225 1377 255 Καὶ
1400 227 1459 256 οὐδὲ
1474 227 1552 268 μέχρι
1566 228 1658 258 τούτου
1673 229 1707 257 τὰ
1727 231 1772 265 τῆς
1785 242 1831 270 φι-

1058 269 1225 310 λανθρωπίας
1251 269 1351 307 ἔστησα
1375 272 1464 311 μόνον,
1494 273 1562 303 ἀλλὰ
1589 274 1680 304 Καὶ”
1665 287 1756 314 εμεινα
1786 278 1832 305 τοῦ

1058 318 1169 351 ποιῆσαι
1202 317 1357 358 σταφυλὴν,
1376 318 1433 348 καὶ
1445 319 1569 359 ἀνέμεινα
1593 320 1637 350 τὸν
1663 321 1832 361 προσ-ἥκοντα

1058 362 1148 402 καιρὸν
1162 365 1210 399 τῆς
1229 364 1420 405 καρποφορίας,
1434 365 1603 407 μακροθυμίᾳ
1617 368 1703 407 πολλῇ
1723 368 1828 407 χρησαί-

1059 420 1143 447 μενος.
1166 409 1206 439 Τὸ
1230 409 1298 450 γὰρ,
1311 410 1441 450 ''Ep-swa,
1454 414 1531 442 τοῦτο
1555 413 1638 448 δηλοῖ.
1653 413 1782 450 Ἐποίησε
1803 413 1831 443 δὲ

1063 455 1185 489 ἀκάνθας.
1201 455 1255 485 Τὸν
1269 456 1388 496 ἄκαρπον
1412 459 1498 487 αὐτῶν
1519 458 1575 498 βίον
1598 458 1774 495 ἐνδείκνυται,
1787 460 1832 489 τὸν

1061 501 1171 542 τραχὺν,
1197 502 1241 531 τὸν
1257 502 1380 543 σκληρόν.
1393 504 1419 533 Τ
1421 503 1472 538 ίνος
1496 501 1540 535 οὖν
1566 505 1598 534 ἂν
1611 500 1662 535 εἷεν
1674 505 1831 545 συγγνώμης

1061 547 1129 582 ἄξιοι
1144 547 1212 587 μετὰ
1232 548 1363 586 τοσαύτην
1388 550 1540 590 ἐπιμέλειαν
1562 552 1669 585 τούτους
1692 551 1831 586 ἀποδόντες

1061 597 1099 635 τῷ
1118 597 1228 634 γεωργῶ
1249 594 1309 628 τοὺς
1334 596 1466 636 καρπούς,
1481 597 1534 627 Καὶ
1547 609 1601 634 νυν,
1627 598 1763 642 ἄνθρωπος
1785 601 1831 627 τοῦ

1061 640 1147 670 Ἰούδα
1177 641 1222 670 καὶ
1249 642 1273 670 ot
1308 645 1490 677 κατοικοῦντες
1508 644 1699 684 Ἰερουσαλὴμ,
1726 644 1831 684 κρίνατε

1060 688 1087 716 ἐν
1102 687 1161 727 ἐμοὶ
1175 700 1220 717 και
1244 687 1294 717 ἀνὰ
1310 688 1389 728 μέσον
1409 693 1456 718 τοῦ
1477 690 1632 729 ἀμπελῶνός
1652 703 1712 730 μου.
1737 691 1830 727 Πολλὴ

1060 735 1112 762 τῶν
1141 734 1326 774 δικαιωμάτων
1355 737 1372 770 ἡ
1398 736 1552 775 περιουσία,
1567 736 1630 766 ὅταν
1654 736 1748 770 αὐτοὺς
1771 737 1831 771 τοὺς

1060 780 1218 813 ὑπευθύνους
1239 780 1365 814 δικαστὰς
1385 781 1478 821 καθίζῃ
1493 786 1547 816 τοῖς
1565 784 1609 811 ὑπ’
1624 784 1704 813 αὐτοῦ
1717 795 1828 823 γεγενη-

1061 826 1163 865 μένοις,
1179 826 1224 855 καὶ
1235 830 1290 860 τοῖς
1303 828 1348 856 ὑπ’
1367 826 1484 857 ἐκείνων.
1497 831 1509 843 ““
1521 828 1572 858 Καὶ
1584 831 1639 858 νῦν.
1653 831 1694 859 Οὐ
1714 829 1785 869 λέγω
1797 830 1830 858 τὰ

1061 871 1179 908 παλαιὰ,
1194 872 1282 912 φησὶν,
1294 873 1362 902 ἀλλὰ
1372 874 1417 903 καὶ
1432 868 1548 913 σήμερον
1564 875 1667 914 ἕτοιμός
1681 877 1737 915 εἶμι
1758 875 1830 905 δικά-

1062 920 1160 953 ζεσθαι.
1173 918 1266 953 Οὕτως
1279 920 1402 949 οὐδέποτε
1422 921 1548 951 διαλείπω
1569 921 1602 951 τὰ
1626 923 1741 961 ἐμαυτοῦ
1764 924 1830 958 πλη-

1063 967 1124 1006 ρῶν,
1142 965 1201 995 οὐδὲ
1214 967 1290 1010 ὑμεῖς
1310 966 1343 995 τὰ
1357 968 1456 996 ἑαυτῶν
1471 969 1614 1007 πληροῦτε.
1629 968 1665 997 Τί
1676 968 1779 1004 ποιήσω
1791 968 1829 997 ἔτι

1063 1023 1100 1052 τω
1109 1011 1246 1051 ἀμπελωνι
1261 1024 1327 1050 μους
1339 1011 1352 1028 ¹³
1362 1012 1461 1042 διότι”
1446 1025 1555 1052 ε,μεινα
1566 1014 1609 1044 ἵνα
1622 1014 1722 1054 ποιήσῃ
1734 1026 1829 1055 σταφυ-

1061 1058 1122 1095 λὴν,
1135 1057 1242 1094 ἐποίησε
1255 1059 1283 1088 δὲ
1305 1059 1429 1093 ἀκάνθας.
1445 1059 1480 1089 Ἥ
1494 1060 1611 1096 συνθήκη
1635 1061 1705 1090 δοκεῖ
1728 1062 1829 1100 οἰσαφεἡ

1063 1104 1144 1144 στέρα
1158 1099 1240 1134 εἶναι·
1255 1104 1345 1145 διόπερ
1357 1106 1439 1142 αὐτὴν
1455 1106 1617 1146 σαφεστέραν
1632 1107 1734 1146 ἀνάγκη
1751 1109 1828 1142 ‘troi-‘ti-

1064 1163 1119 1180 σαι.
1135 1149 1174 1180 Ὃ
1191 1149 1242 1191 γὰρ
1255 1150 1339 1191 λέγει,
1354 1151 1431 1181 τουτό
1449 1153 1520 1181 ἐστι·
1533 1152 1559 1182 τί
1572 1152 1625 1182 ἔδει
1649 1156 1773 1189 ποιῆσαι,
1784 1152 1830 1182 καὶ

1062 1198 1111 1226 οὐκ
1133 1195 1260 1233 ἐποίησα;
1273 1198 1369 1233 Δῆλον,
1390 1197 1431 1227 ὅτι
1455 1201 1563 1228 τοιαῦτα
1588 1198 1719 1239 ἥμαρτον.
1745 1199 1782 1229 Τί
1802 1199 1831 1229 δὲ’

1063 1243 1166 1284 ἔχοντες
1189 1244 1340 1283 αῖτιᾶσθαις
1367 1244 1384 1280 ἢ
1411 1243 1448 1278 ὥς
1471 1257 1548 1274 τινων
1575 1246 1828 1285 παραλελειμμένων

1062 1292 1171 1319 τοιαῦτα
1184 1288 1230 1319 καὶ
1239 1290 1465 1330 ἐπλημμέλησαη
1479 1291 1628 1327 Τίποιήσω
1639 1292 1678 1321 ἔτι
1688 1293 1726 1331 τῷ
1740 1293 1826 1330 eiu-tre<

1062 1335 1126 1366 λῶν(
1138 1347 1188 1375 μου
1197 1359 1204 1371 ,
1219 1335 1264 1365 καὶ
1283 1337 1331 1366 οὔκ
1343 1337 1456 1373 ἐποίησα
1470 1337 1598 1377 αὐτῷςἊ
1621 1337 1669 1377 μὲν
1696 1338 1808 1374 ἐποίησα
1820 1361 1826 1375 ,

1065 1381 1148 1412 ταῦτά
1161 1383 1218 1412 ἐστι
1224 1406 1233 1419 ,
1245 1382 1310 1423 φησί
1318 1395 1324 1401 ·
1333 1382 1404 1419 πλὴν
1414 1385 1462 1413 οὐκ.
1476 1385 1608 1424 ἀρκοῦμαι
1621 1389 1675 1418 τοῖς
1688 1385 1834 1424 γεγενημέ-

1066 1440 1118 1462 νοις
1127 1450 1136 1464 ,
1149 1428 1208 1458 οὐδὲ
1221 1428 1304 1469 λέγω,
1317 1429 1358 1459 ὅτι
1379 1430 1465 1460 πολλὰ
1478 1430 1643 1471 εὐηργέτησα
1655 1443 1661 1450 ·
1677 1432 1736 1460 ἀλλ’
1752 1432 1776 1460 εἷ
1798 1431 1835 1469 μὴ

1066 1474 1154 1503 πάντα
1176 1474 1305 1512 ἐποίησα,
1325 1478 1381 1515 μεθ’
1406 1476 1423 1505 ἃ
1442 1479 1553 1512 ποιῆσαι
1575 1477 1667 1506 λοιπὸν
1694 1477 1767 1507 οὐδὲν
1794 1473 1835 1513 ἦν,

1066 1524 1144 1551 τοῦτο
1158 1522 1226 1578 ὑμᾶς
1245 1523 1329 1552 εἰπεῖν
1347 1523 1470 1560 ἀπαιτῶ,
1486 1525 1555 1562 ὑμᾶς
1573 1523 1633 1557 τοὺς
1654 1524 1833 1553 ἀπολελαυκό-

1067 1579 1115 1600 τας
1124 1590 1132 1604 ,
1148 1567 1193 1596 καὶ
1212 1567 1346 1608 μάρτυρας
1358 1570 1411 1599 τῶν
1424 1569 1605 1609 γεγενημένων
1626 1569 1718 1606 ὄντας,
1732 1569 1776 1599 καὶ
1802 1571 1835 1608 τῇ

1067 1613 1148 1654 πείρα
1160 1616 1244 1643 ταῦτα
1237 1615 1389 1663 μαθόντας
1398 1637 1406 1651 ,
1419 1617 1467 1645 οὐκ
1479 1616 1632 1657 ἀλλοτρίους
1644 1615 1717 1650 τινὰς
1736 1628 1781 1645 και
1795 1616 1835 1650 ξέ-

1069 1671 1136 1693 νους.
1155 1662 1210 1690 Νῦν
1223 1655 1268 1690 οὖν
1289 1662 1424 1701 ἀναγγελῶ
1442 1663 1514 1701 ὑμῖν,
1527 1662 1554 1691 τί
1569 1661 1673 1698 ποιησω
1693 1663 1730 1702 τῷ
1746 1663 1835 1701 ἀμπε»

1068 1706 1133 1736 λῶνί
1148 1718 1207 1746 μου.
1223 1705 1335 1743 Ἐπειδὴ
1353 1707 1402 1744 τὴν
1414 1707 1490 1744 νίκην
1511 1707 1610 1748 ἤρατο,
1625 1720 1670 1738 και
1681 1707 1730 1744 τὴν
1746 1710 1834 1747 ἀγνω-

1070 1753 1185 1792 μοσύνην
1201 1753 1281 1789 ἔδειξε
1293 1753 1342 1790 τὴν
1355 1753 1470 1792 ἐκείνων,
1483 1754 1541 1784 τότε
1560 1751 1652 1784 λοιπὸν
1672 1755 1776 1794 ‘ivai-(et
1791 1755 1836 1783 καὶ

1068 1799 1117 1836 τὴν
1137 1802 1233 1841 ψῆφον,
1245 1801 1290 1830 καὶ
1303 1800 1375 1840 λέγει
1387 1803 1471 1830 ταῦτα
1482 1800 1499 1830 ἃ
1513 1801 1605 1840 με’λλει
1615 1805 1708 1838 ποιεῖν,
1724 1803 1774 1841 οὔχ
1793 1800 1836 1830 ἵνα

1068 1845 1232 1886 καταδικᾶσῃ
1243 1869 1252 1883 ,
1270 1847 1330 1876 ἀλλ’
1342 1846 1386 1876 ἵνα
1397 1848 1435 1887 τῷ
1448 1846 1522 1887 φόὸῳ
1535 1849 1583 1883 τῆς
1596 1848 1707 1882 ἀπειλῆς
1722 1848 1778 1876 ἔπιε
1783 1859 1835 1876 uu>

1069 1891 1177 1932 στέρους
1184 1891 1293 1932 ποιήσῃ.
1300 1891 1401 1933 Ἀφελῶ
1411 1892 1454 1922 τὸν
1463 1893 1582 1933 φραγμὸν
1596 1895 1674 1923 αὐτοῦ
1687 1916 1695 1930 ,
1706 1893 1751 1922 καὶ
1762 1893 1836 1923 ἔσται

1068 1939 1105 1972 εἰς
1129 1938 1292 1978 διαρπαγήν·
1317 1938 1363 1968 καὶ
1385 1940 1488 1968 καθελῶ
1501 1939 1546 1969 τὸν
1559 1943 1649 1980 τοῖχον
1673 1941 1770 1976 αὐτοῦ,
1791 1939 1836 1971 καὶ

1068 1984 1142 2014 ἔσται
1155 1985 1192 2018 εἰς
1205 1981 1395 2024 καταπᾶτημα.

1108 2035 1263 2072 Ἀποστήσω
1272 2058 1280 2072 ,
1295 2036 1374 2076 φησὶ,
1387 2036 1436 2072 τὴν
1449 2036 1515 2076 ἐμὴν
1526 2037 1691 2077 συμμαχίαν,
1706 2037 1837 2077 γυμνώσω

1067 2083 1115 2118 τῆς
1143 2081 1280 2121 βοηθείας,
1304 2082 1417 2122 ἐρήμους
1442 2082 1604 2119 καταστήσω
1627 2085 1675 2119 τῆς
1706 2083 1836 2119 τοσαύτης

1068 2127 1205 2168 προνοίας,
1223 2127 1268 2158 καὶ
1285 2127 1400 2157 εἴσονται
1425 2128 1469 2158 διὰ
1481 2130 1534 2158 τῶν
1559 2129 1681 2159 ἐναντίων
1707 2124 1745 2158 ὧν
1762 2129 1833 2166 ἀπή-

1066 2175 1146 2204 λαυον
1160 2174 1315 2214 ἔμπροσθεν,
1330 2175 1391 2204 ὅταν
1405 2169 1456 2204 ὦσι
1469 2179 1550 2204 πᾶσιν
1573 2177 1610 2209 εἰς
1630 2175 1752 2216 ἁρπαγὴν
1769 2187 1835 2216 προ-

1068 2220 1193 2261 κείμενοι.
1209 2220 1263 2251 Καὶ
1277 2220 1367 2257 ἀνήσω
1386 2221 1430 2250 τὸν
1449 2221 1595 2260 ἀμπελῶνά
1610 2233 1675 2260 μου,
1689 2221 1733 2250 καὶ
1753 2223 1782 2251 οὐ
1799 2222 1836 2261 μὴ

1067 2269 1172 2307 τμηθῇ,
1186 2266 1245 2298 οῦδὲ
1264 2266 1301 2307 μὴ
1315 2268 1416 2307 σκαφῇ.
1436 2267 1523 2296 Πάλιν
1545 2267 1631 2307 λέγω,
1645 2268 1686 2297 ὅτι
1699 2269 1732 2308 τῇ
1757 2280 1835 2307 μετα-

1067 2323 1135 2358 φορᾷ
1148 2317 1286 2359 κέχρηται.
1299 2318 1334 2347 Εἰ
1356 2317 1384 2347 δέ
1405 2329 1446 2351 τις
1465 2317 1511 2347 καὶ
1531 2318 1686 2359 θερμότερον
1708 2317 1836 2353 ἐξετάζειν

1079 2427 1120 2453 τὴν
1138 2427 1206 2456 νίκην,
1225 2422 1288 2448 bene
1306 2422 1384 2447 multa
1397 2428 1464 2448 certe
1481 2422 1655 2448 desiderantur
1675 2424 1701 2448 in
1722 2424 1783 2456 neg.
1808 2430 1833 2447 ct

1078 2461 1158 2487 Savil.
1171 2463 1199 2489 δι’
1211 2464 1388 2495 ὸμοιοτέλευτον,
1401 2467 1429 2486 ut
1444 2460 1542 2487 videtur
1552 2462 1654 2487 omissa.
1668 2463 1742 2495 [Posi
1756 2467 1831 2495 asans

1081 2505 1132 2528 λῶνί
1142 2513 1197 2534 μου,
1208 2501 1274 2526 adde
1285 2509 1299 2526 e
1308 2500 1372 2526 Bibl.
1386 2504 1423 2527 καὶ
1435 2505 1472 2527 οὐκ
1481 2505 1574 2531 ἐποίησα
1586 2505 1660 2535 αὐτ-ᾡς
1677 2502 1685 2533 ]

1112 2548 1122 2559 ¹·
1139 2540 1245 2567 Savilius
1256 2540 1395 2573 suspicatur
1405 2540 1534 2573 legendum
1543 2545 1629 2573 ἐπάγει.
1642 2541 1701 2565 llaec
1713 2549 1760 2565 xox
1769 2546 1836 2564 corto

1082 2581 1159 2614 magis
1171 2581 1196 2605 in
1209 2589 1252 2606 usu
1265 2585 1316 2611 est;
1328 2579 1371 2604 sed
1385 2584 1456 2613 ἐνάγει
1469 2578 1526 2605 ferri
1540 2585 1632 2612 potest.
