1904 2840
233 191 302 239 892

1028 310 1224 339 unusquisque,
1240 301 1263 330 si
1285 301 1392 339 melior,
1406 308 1453 331 aut
1474 301 1592 332 deterior
1609 302 1653 338 sit,
1668 303 1769 333 nemini

1028 345 1067 368 est
1077 350 1241 369 concessum.
1258 340 1322 370 Ideo
1336 340 1483 381 prudenter
1492 352 1507 370 a
1528 342 1630 371 ostolus
1643 343 1769 372 membris
1779 350 1850 373 Rom.
1867 356 1876 372 ι

1028 379 1152 418 εοιῬοι-ἰε
1164 380 1324 409 assimilavit
1334 387 1438 410 sanctos
1454 403 1457 406 ⁴
1522 381 1593 411 esiae.
1605 382 1680 412 Sicut
1697 383 1769 412 enim
1779 381 1804 403 ⁵·

1029 418 1110 447 homo
1130 418 1240 457 quidem
1261 419 1399 459 intelligit,
1413 419 1487 458 quod
1505 422 1658 450 membrum
1678 422 1770 451 hono—

1030 457 1114 486 rabile
1134 458 1214 487 habet
1237 459 1265 488 in
1279 470 1392 499 corpore
1405 469 1466 495 suo,
1480 459 1553 498 quod
1575 460 1746 490 inhonestum
1760 474 1768 490 τ
1811 483 1813 487 .

233 342 387 377 aedificavit,
402 348 431 370 ut
450 340 635 380 tantummodo
653 340 758 369 hostem
780 339 906 380 expellat.
921 339 974 384 Sed

233 382 374 411 videamus
386 380 542 420 sapientiam
564 380 647 410 nostri
661 380 754 419 Regis.
770 381 914 418 Postquam
927 389 974 408 vi·

234 421 274 450 dit
287 432 334 451 sua
345 428 431 450 castra
439 426 567 460 occupata
578 430 594 449 a
602 419 700 460 spiritu
708 418 806 455 alieno,
821 419 860 448 sic
872 418 974 447 hostem

234 461 355 500 expulit,
378 460 407 489 ut
433 467 519 489 castra
543 470 591 488 sua
610 464 623 476 ⁸
633 469 685 488 non
711 457 818 488 laederet
828 481 835 495 ‚
861 457 972 487 dicens:

234 501 328 537 Scitis,
355 499 435 541 quod
457 500 601 539 principes
625 500 755 539 gentium
787 499 977 527 dominantur·
1030 497 1240 536 unumquodque
1252 506 1340 528 autem
1355 499 1506 528 membrum
1515 509 1572 530 non
1587 510 1616 529 se
1635 501 1771 539 cognoscit

234 550 350 574 eorum:
365 547 392 569 et
407 542 460 579 qui
473 541 596 578 majores
613 545 692 573 sunt,
705 543 878 574 potestatem
897 546 977 566 exer·
1030 537 1138 604 ipsum,
1154 537 1177 566 si
1201 538 1388 567 honorabilius
1410 538 1460 574 sit,
1475 545 1523 568 aut
1539 540 1769 578 contemtibilius;

235 586 301 608 cent
313 582 344 608 in
363 590 411 609 eos
421 582 433 607 P
444 580 516 609 Non
528 580 572 607 ita
591 580 645 607 erit
657 580 743 607 *inter
762 587 827 613 vos,
842 577 895 606 sed
911 578 976 616 qui*—
1030 586 1045 604 a
1058 575 1150 614 ioquin
1164 583 1191 605 et
1203 576 1282 616 ''quae
1296 577 1497 608 honorabiliora
1516 586 1591 616 suut,
1602 579 1771 618 gratularen-

235 630 358 658 eumque
377 619 506 649 voluerit
533 619 611 647 inter
630 628 686 647 vos
712 618 807 656 major
823 617 910 656 fieri,
922 618 978 645 erit
1031 621 1086 652 tur,
1093 622 1118 644 et
1127 626 1186 654 quae
1195 617 1419 646 contemtibiliora
1428 619 1716 656 sunt‚tristarentur,et
1724 629 1772 659 per

235 660 364 688 omnium
385 661 535 687 minister.-
554 663 582 687 et
603 659 655 697 qui
678 657 805 686 voluerit
827 658 905 685 inter
923 666 978 687 vos
1031 655 1082 684 hoc
1093 655 1167 684 fieret
1181 656 1249 685 inter
1261 667 1292 686 ea
1305 658 1419 686 scissura
1433 669 1441 686 ε
1457 657 1496 687 sic
1513 656 1692 688 differentiam
1704 658 1773 688 inter

232 700 343 739 primus
363 709 434 735 esse,
449 699 503 727 erit
526 703 624 727 vester
643 706 753 726 servus.
769 697 900 726 Fructum
922 695 977 724 hu-
1031 701 1152 723 sanctum
1167 702 1193 724 et
1206 703 1328 725 sanctum
1341 697 1466 726 Christus
1478 696 1552 727 solus
1562 698 1707 737 cognoscit,
1721 709 1771 728 cu-

234 738 356 768 militatis
377 737 509 768 terrestris
528 736 618 776 posuit
638 736 784 776 primatum
798 735 942 771 caelestem,
953 741 978 764 et
1028 734 1075 774 jus
1087 734 1204 764 membra
1226 746 1275 765 nos
1294 746 1385 765 omnes
1398 747 1502 766 sumus.
1523 737 1594 777 Ipsis
1606 743 1695 767 autem
1708 748 1771 767 san·
1813 745 1872 767 Deu-

234 778 368 817 primatus
387 776 519 807 terrestris
540 775 774 815 fructum-posuit
795 775 978 804 confusionem
1031 773 1082 803 ctis
1101 784 1156 803 non
1172 782 1212 804 est
1232 786 1386 805 concessum
1397 783 1445 813 ,ut
1463 783 1622 817 cognoscant
1643 777 1816 806 (litteren—¹¹¹³
1826 777 1868 798 ⁸⁰⁴²

235 817 380 846 caelestem.
401 817 572 854 Quicumque
593 826 656 852 ergo
677 815 811 844 desiderat
831 814 978 854 primatum
1031 812 1096 842 tiam
1106 824 1182 842 suam
1196 814 1359 851 adinvicem,
1371 822 1402 845 ut
1413 826 1465 845 non
1473 815 1596 846 meliores
1615 817 1772 857 superbiant
1781 809 1875 861 {22:2⁰²

235 857 375 892 caelestem,
391 862 518 895 sequatur
539 855 718 884 humilitatem
730 860 882 884 terrestrem
895 866 901 882 :
914 853 979 892 qui·
996 860 1015 883 B
1032 859 1123 882 contra
1135 852 1291 890 deteriores,
1306 861 1332 883 et
1354 854 1499 885 deteriores
1518 856 1658 885 tristentur
1680 863 1771 886 contra
1782 875 1839 892 σω..

236 906 352 935 cumque
363 903 454 925 autem
474 894 608 924 desiderat
629 894 776 933 primatum
790 894 817 922 in
837 900 918 929 terra,
934 892 978 922 iu·
1032 892 1166 928 meliora,
1177 900 1202 922 et
1217 904 1266 933 per
1278 894 1330 923 hoc
1343 894 1430 924 soluta
1444 895 1564 931 caritate,
1577 896 1647 925 inter
1661 906 1706 925 eos
1718 895 1774 925 dis-

236 936 326 965 veniet
340 935 522 965 confusionem
536 934 564 962 in
577 934 643 963 ezelo
659 946 665 962 ε
681 940 712 962 ut
723 933 781 973 jam
801 933 871 962 inter
888 942 979 962 servos
1032 931 1124 960 cordia
1140 940 1273 970 nascatur,
1287 934 1404 963 maxime
1422 934 1449 964 in
1467 934 1519 963 hoc
1531 935 1648 964 ‘saeculo
1669 935 1775 965 facino-

1895 119 1901 140 f

1890 153 1901 200 ’ἓ

828 197 924 222 OPUS'
936 196 1176 221 IMPERFECTUM

233 275 291 294 cere
301 263 406 304 potest?
414 262 501 298 Nihil,
514 261 566 291 nisi
575 267 691 302 utponat
700 260 806 297 arietes,
816 249 973 305 circuindu-
992 263 1011 285 Α
1028 266 1084 290 ctos
1097 260 1227 305 denegare
1240 271 1293 291 non
1307 272 1460 302 possumus,
1476 268 1564 292 tamen
1586 269 1616 292 ut
1629 270 1770 302 cognoseat
1809 290 1816 295 .
1879 203 1904 571 ἦ

233 311 274 332 cat
290 303 435 332 exercitum
445 324 452 338 ,
463 308 489 330 et
505 301 625 330 destruat
638 310 817 339 muros‚quos
835 300 904 329 forte
918 310 975 339 ipse

1901 575 1904 594 ι

95 1821 116 1835 2.
132 1814 186 1836 Cor.
198 1820 233 1836 ¹2.

196 2446 201 2449 -
246 2431 319 2460 lior?
330 2431 462 2468 Quamvis
473 2432 520 2470 qui

237 975 338 1004 Christi
352 986 405 1004 non
423 975 457 1004 sit
471 974 505 1004 de
518 973 637 1013 primatu
651 980 795 1008 certamen,
808 983 856 1001 nec
874 972 981 1001 festinet

237 1015 422 1053 unusquisque
442 1024 546 1049 corum,
561 1012 697 1052 quomodo
710 1012 771 1041 aliis
793 1013 878 1052 major
895 1022 980 1051 appa·

237 1060 293 1082 reat
304 1077 311 1090 ,
326 1054 373 1083 sed
394 1053 529 1093 quomodo
553 1053 679 1082 omnibus
702 1052 812 1083 inferior
830 1051 955 1082 videatur
971 1064 977 1081 :

237 1093 364 1131 quoniam
378 1103 431 1123 non
448 1093 495 1132 qui
511 1093 594 1132 major
607 1093 687 1122 fuerit
708 1092 735 1120 in
751 1091 863 1127 honore,
876 1091 924 1120 ille
942 1098 982 1120 est

235 1132 344 1171 justior,
360 1133 406 1163 sed
417 1133 465 1171 qui
478 1132 575 1171 justior
589 1133 679 1168 fuerit,
692 1131 739 1160 ille
752 1138 790 1160 est
802 1130 896 1170 major.
911 1131 982 1160 Con-

238 1173 353 1201 versatio
367 1183 430 1211 ergo
441 1172 537 1209 melior
550 1178 589 1200 est
604 1170 791 1208 desideranda,
804 1180 858 1199 non
872 1170 981 1210 dignior

240 1210 349 1249 gradus.
369 1211 472 1242 Volens
497 1218 566 1240 certe
588 1212 721 1240 Dominus
741 1217 768 1239 et
789 1210 906 1239 duorum
923 1210 979 1238 sra-

239 1256 310 1279 trum
325 1251 498 1279 ambitionem
511 1250 598 1278 exstin
620 1260 691 1286 uere,
707 1257 733 1279 et
751 1249 843 1278 decem
859 1248 979 1288 discipu-

240 1288 329 1318 lorum
353 1288 484 1318 invidiam
494 1311 501 1324 ,
529 1260 681 1317 introduxit
705 1288 883 1317 differentiam
913 1288 981 1317 inter

241 1328 376 1367 principes
395 1327 546 1356 mundiales
567 1333 593 1356 et
614 1327 815 1363 ecclesiasticos,
829 1326 980 1363 ostendens,

242 1368 306 1404 quia
322 1367 453 1408 primatus
467 1367 494 1395 in
508 1365 616 1396 Christo
630 1377 677 1395 nec
693 1367 727 1395 ab
746 1366 838 1404 aliquo
851 1376 887 1410 ap
920 1373 983 1394 ten-

242 1406 294 1436 dus
312 1415 350 1437 est
370 1416 422 1435 non
445 1405 573 1441 habente,
592 1415 640 1434 nec
652 1405 735 1435 alteri
759 1412 799 1434 est
811 1405 876 1434 (invi
899 1405 984 1435 endus

242 1446 351 1476 habenti
365 1469 374 1481 ,
388 1445 515 1490 quoniam
525 1445 659 1484 principes
672 1444 766 1474 mundi
784 1444 844 1473 ideo
857 1445 936 1481 flunt,
953 1453 983 1475 ut
999 1449 1019 1472 c

242 1486 415 1515 dominentur
428 1485 577 1514 minoribus
590 1484 657 1520 suis,
673 1491 702 1513 ut
715 1484 866 1513 servificent
886 1494 942 1521 eos,
958 1492 984 1514 et

242 1525 357 1564 spolient
376 1535 431 1560 eos,
446 1530 472 1552 et
491 1522 642 1559 comedant,
657 1530 684 1552 et
707 1533 793 1561 usque
815 1523 850 1552 ad
871 1530 983 1553 mortem

242 1565 387 1594 abutantur
397 1563 452 1593 vita
463 1574 557 1592 eorum
569 1562 604 1591 ad
614 1573 674 1592 suas
685 1562 812 1592 utilitates
826 1570 852 1591 et
865 1562 981 1601 glorias:

243 1604 376 1644 principes
390 1607 478 1632 autem
489 1602 615 1632 Ecclesiae
628 1602 707 1638 fiunt,
723 1609 753 1631 ut
764 1602 881 1632 serviant
894 1602 983 1631 mino—

243 1643 319 1673 ribus
332 1644 399 1679 suis,
412 1649 438 1671 et
457 1642 607 1671 ministrent
626 1642 665 1671 eis
679 1652 853 1681 quaecumque
875 1651 984 1682 accepe-

243 1690 306 1711 runt
322 1694 337 1711 a
351 1683 469 1718 Christo,
487 1688 515 1710 ut
527 1692 588 1711 suas
602 1681 730 1710 utilitates
744 1682 892 1721 negligant,
907 1688 934 1710 et
945 1682 981 1710 il-

243 1722 331 1751 lorum
346 1728 486 1763 procurent
501 1733 508 1750 :
529 1728 570 1757 ut,
586 1721 608 1750 si
621 1731 690 1761 opus
702 1721 792 1757 suerit,
807 1731 894 1759 neque
914 1722 983 1751 mori

244 1769 365 1791 recusent
390 1772 439 1802 pro
463 1761 548 1791 salute
578 1761 734 1790 inferiorum
761 1770 886 1796 suorum,
913 1761 983 1791 sicut

245 1802 381 1841 apostolus
390 1801 472 1830 dicit:
488 1802 553 1840 Ego
568 1807 665 1829 aulem
677 1801 839 1839 impendar,
850 1807 878 1829 et
885 1811 983 1839 super·-

245 1843 398 1881 impendar
419 1843 428 1868 i
447 1850 477 1869 se
498 1851 552 1880 pro
566 1841 720 1869 animabus
744 1842 859 1869 vestris.
874 1841 903 1870 Si
926 1840 984 1870 haec

245 1891 308 1920 ergo
338 1881 373 1910 ita
391 1852 490 1909 hahent
500 1902 507 1916 ,
529 1880 682 1908 saecularem
706 1879 814 1918 quidem
838 1880 983 1919 primatum

245 1919 407 1956 desiderare,
422 1919 470 1948 etsi
485 1919 551 1948 ratio
569 1929 622 1948 non
636 1926 685 1953 est,
700 1919 743 1948 vel
756 1930 833 1948 causa
848 1926 906 1949 est:
920 1921 984 1958 quia

245 1961 293 1988 etsi
305 1960 410 1999 justum
423 1969 475 1987 non
493 1965 543 1995 est,
557 1959 602 1989 vel
621 1958 688 1987 utile
708 1965 762 1992 est;
775 1958 921 1998 primatum
933 1970 984 1988 au-

245 2005 299 2027 tem
308 1998 515 2028 ecclesiasticum
527 1998 723 2037 concupiscere,
741 2008 827 2036 neque
845 1999 912 2028 ratio
933 2006 983 2035 est,

246 2048 332 2076 neque
346 2049 424 2067 causa
436 2050 443 2067 ι
455 2038 519 2076 quia
537 2048 622 2076 neque
632 2039 734 2077 justum
746 2045 795 2073 est,
809 2048 895 2076 neque
906 2038 981 2068 utile.

247 2078 316 2113 Quis
329 2078 399 2106 euim
413 2077 518 2116 sapiens
536 2077 607 2106 ultro
626 2088 653 2106 se
666 2077 797 2117 subjicere
809 2077 915 2107 festinat
927 2088 985 2106 ser-

246 2117 338 2153 vituti,
355 2116 453 2149 labori,
468 2116 568 2152 dolori,
587 2123 613 2145 et
633 2116 706 2154 quod
730 2118 818 2156 majus
842 2124 892 2153 est,
908 2117 983 2157 peri-

247 2155 310 2185 culo
321 2156 380 2189 tali,
396 2163 425 2184 ut
439 2155 483 2184 det
496 2156 624 2184 rationem
635 2167 683 2195 pro
697 2156 768 2185 omni
778 2156 896 2186 Ecclesia
911 2157 985 2202 apud

244 2196 349 2234 justum
362 2196 380 2225 J
383 2193 496 2231 udicem,
508 2195 559 2224 nisi
570 2196 635 2224 forte
645 2195 691 2233 qui
702 2206 748 2224 nec
760 2196 844 2225 credit
850 2196 985 2235 judicium

247 2234 310 2270 Dei,
325 2245 372 2263 uec
388 2234 463 2263 timet
478 2234 522 2275 uti*
535 2235 646 2264 abutens
659 2235 775 2274 primatu
794 2246 842 2265 suo
860 2236 985 2266 ecclesia-

248 2274 313 2302 stico
326 2274 503 2309 saeculariter,
517 2281 653 2303 convertat
673 2285 735 2303 eum
757 2275 785 2302 in
807 2275 983 2305 saecularem?

247 2313 300 2343 Sed
315 2323 347 2342 nc
361 2315 427 2342 forte
437 2313 484 2351 qui
497 2313 558 2342 talis
571 2320 610 2342 est
623 2313 651 2342 in
663 2314 811 2353 appetendo
825 2314 981 2354 primatum,

247 2353 394 2391 profectum
415 2353 521 2392 pictatis
542 2353 585 2392 pie
603 2353 765 2392 praetendat,
786 2353 869 2383 dico:
894 2355 982 2384 Num-

246 2392 312 2430 quid
321 2392 366 2430 qui
381 2394 407 2421 in
418 2392 511 2421 ordine
544 2392 601 2421 rior
608 2399 656 2426 cst,
669 2394 724 2432 jam
736 2400 761 2422 et
775 2394 875 2423 meritis
884 2400 924 2423 est
931 2405 984 2423 me-

521 2403 582 2461 dem
591 2431 768 2462 differentiam
779 2443 835 2462 csse
846 2433 914 2463 iuter
921 2443 982 2463 san·

280 2532 290 2543 ³
308 2525 339 2549 V.
350 2525 382 2550 1).
396 2530 421 2550 et
430 2525 497 2551 Editi
509 2525 533 2551 in
545 2534 624 2560 marg.
639 2535 689 2551 non
699 2527 801 2554 deleret.

1033 981 1105 1008 roso,
1120 971 1147 1000 in
1161 982 1216 1010 quo
1239 974 1390 1003 occasiones
1411 975 1513 1014 jugiter
1535 974 1631 1013 quaerit
1648 974 1774 1004 diabolus

1033 1010 1160 1041 odiorum
1176 1011 1404 1045 seminandorum.
1421 1013 1503 1050 Quod
1513 1021 1603 1043 autem
1618 1014 1646 1043 iu
1659 1014 1710 1044 hoc
1722 1022 1775 1044 εἷε-

1034 1049 1096 1079 culo
1109 1050 1260 1080 differentia
1271 1051 1409 1091 dignitatis
1428 1053 1496 1082 facta
1514 1060 1554 1082 est
1577 1053 1646 1083 inter
1658 1061 1773 1092 sanctos,

1033 1088 1173 1129 dignitatis
1180 1090 1253 1127 dico,
1262 1101 1315 1120 non
1326 1092 1483 1128 sanctitatis,
1494 1099 1525 1122 ut
1537 1093 1606 1122 alter
1620 1093 1731 1132 quidem
1740 1094 1776 1124 sit

1034 1130 1182 1168 apostolus,
1193 1130 1260 1160 alter
1274 1138 1363 1161 autem
1376 1132 1530 1172 episcopus,
1537 1132 1580 1161 vel
1593 1132 1724 1170 minister,
1731 1134 1776 1163 vel

1034 1168 1140 1199 laicus:
1155 1171 1321 1200 contumacia
1342 1172 1430 1200 carnis
1449 1172 1546 1210 coegit,
1567 1178 1598 1201 ut
1617 1173 1779 1212 perversitas

1034 1208 1141 1245 mundi,
1166 1216 1191 1238 et
1209 1210 1312 1240 occulta
1335 1211 1454 1250 operatio
1475 1211 1579 1240 inimici
1603 1219 1755 1242 coerceatur
1767 1224 1777 1243 ε

1034 1249 1161 1285 quoniam
1183 1248 1308 1283 diabolus
1332 1250 1467 1290 imperans
1483 1251 1557 1281 carni
1566 1257 1593 1280 et
1613 1250 1727 1289 mundo,
1749 1252 1777 1281 in

1035 1287 1149 1317 multam
1157 1288 1431 1328 indisciplinationem
1440 1290 1539 1320 excitat
1545 1290 1678 1327 homines,
1685 1301 1781 1330 quam-
1809 1300 1811 1302 '

1035 1325 1084 1354 diu
1098 1334 1160 1356 sunt
1171 1328 1198 1356 in
1209 1338 1298 1364 carne,
1314 1329 1378 1358 etin
1390 1329 1491 1359 mundo
1501 1329 1610 1359 subdito
1621 1330 1657 1367 ei,
1667 1330 1734 1361 alios
1748 1331 1777 1361 in

1035 1364 1185 1402 lasciviam,
1194 1366 1261 1396 alios
1274 1368 1301 1396 in
1312 1368 1433 1403 delicias,
1441 1369 1509 1397 alios
1517 1370 1544 1398 in
1557 1369 1699 1407 invidiam,
1709 1370 1781 1400 alios

1037 1403 1064 1432 in
1085 1405 1235 1443 avaritiam,
1255 1406 1324 1435 alios
1346 1407 1374 1435 in
1392 1407 1460 1436 iram
1483 1414 1510 1437 et
1530 1408 1683 1447 superbiam
1700 1421 1707 1437 ε
1724 1410 1778 1439 uisi

1037 1453 1099 1483 ergo
1112 1443 1166 1473 sint
1179 1455 1246 1482 quos
1264 1445 1384 1481 timeant,
1398 1447 1513 1476 solvitur
1526 1447 1680 1487 disciplina.
1694 1449 1778 1478 Deni-

1036 1493 1089 1521 que
1110 1483 1163 1522 ipsi
1179 1484 1294 1514 honores
1304 1485 1332 1514 iu
1343 1485 1451 1515 Christo
1465 1486 1492 1515 iu
1508 1487 1595 1526 prima
1612 1488 1723 1526 quidem
1735 1489 1776 1518 sa-

1036 1522 1076 1551 cie
1088 1523 1216 1552 videntur
1224 1524 1349 1561 honores,
1365 1536 1394 1554 re
1405 1534 1469 1555 vera
1484 1533 1573 1555 autem
1586 1536 1639 1555 non
1654 1534 1717 1556 sunt
1729 1528 1781 1557 ho-

1037 1570 1113 1590 nores
1137 1561 1250 1600 diversi,
1270 1564 1317 1593 sed
1343 1571 1406 1594 sunt
1427 1564 1534 1595 diversa
1557 1565 1715 1596 ministeria.
1731 1568 1780 1597 Ut-

1037 1607 1113 1639 puta,
1124 1601 1210 1630 honor
1218 1603 1291 1632 oculi
1301 1603 1420 1638 videtur,
1433 1604 1497 1643 quia
1509 1605 1644 1635 illuminat
1656 1616 1756 1646 corpus
1767 1618 1780 1636 .-

1037 1640 1083 1669 sed
1092 1640 1241 1680 ipsehonor
1248 1642 1420 1672 illuminandi
1428 1654 1480 1673 non
1491 1651 1530 1673 est
1538 1644 1563 1673 ei
1572 1644 1668 1682 honor,
1675 1646 1723 1675 sed
1731 1646 1781 1676 mi·

1037 1680 1177 1710 nisterium
1190 1682 1258 1720 ejus.
1274 1683 1309 1712 Et
1322 1682 1423 1722 pedum
1436 1683 1576 1713 humilitas
1590 1695 1646 1714 esse
1656 1685 1777 1723 videtur,

1037 1720 1102 1759 quia
1119 1720 1242 1759 bajulant
1257 1732 1356 1762 eorpus
1369 1735 1376 1752 ι
1392 1722 1439 1752 sed
1453 1723 1510 1762 ipsa
1522 1723 1663 1762 humilitas
1673 1725 1779 1765 bajula-

1037 1760 1145 1790 lationis
1159 1770 1211 1788 non
1223 1769 1262 1791 est
1274 1772 1368 1791 eorum
1380 1762 1532 1799 contemtio,
1545 1763 1590 1792 sed
1602 1763 1779 1794 ministerium

1037 1810 1139 1829 eorum.
1157 1801 1300 1839 Propterea
1320 1801 1446 1832 dominus
1466 1813 1513 1832 cor
1550 1802 1598 1840 ris,
1611 1803 1713 1834 scilicet
1730 1804 1780 1834 ho-

1038 1850 1093 1876 mo,
1109 1849 1157 1868 nec
1169 1840 1279 1870 oculum
1292 1852 1371 1871 suum
1382 1842 1498 1882 amplius
1527 1849 1620 1872 onorat
1636 1854 1717 1882 quam
1729 1854 1778 1883 pe-

1037 1879 1110 1914 dem,
1124 1890 1170 1909 nec
1180 1879 1275 1918 pedem
1286 1881 1372 1920 magis
1385 1882 1540 1918 contemnit,
1553 1893 1635 1921 quam
1645 1883 1754 1912 oculum
1769 1895 1776 1912 :

1038 1918 1102 1958 quia
1117 1929 1166 1947 nec
1177 1919 1272 1949 oculus
1287 1931 1337 1960 pro
1357 1921 1450 1960 aliquo
1463 1931 1512 1951 suo
1525 1921 1620 1951 merito
1633 1922 1780 1952 honoratus

1038 1965 1091 1994 est,
1103 1965 1133 1987 ut
1146 1959 1242 1988 oculus
1255 1960 1300 1995 sit,
1315 1959 1362 1989 sed
1375 1960 1410 1989 ad
1423 1960 1474 1990 hoc
1487 1961 1664 1992 ministerium
1676 1969 1780 1992 creatus

1001 2000 1021 2024 D
1038 2005 1077 2027 est
1085 2009 1094 2035 ;
1109 2008 1157 2027 nec
1171 2009 1218 2038 pes
1241 2010 1290 2038 pro
1304 2009 1355 2044 sua
1377 2000 1460 2044 culpa
1471 2007 1618 2030 contemtus
1630 2009 1670 2031 est
1681 2025 1690 2037 ,
1703 2010 1733 2032 ut
1745 2002 1780 2031 sit

1038 2048 1096 2077 pes,
1112 2037 1158 2066 sed
1169 2037 1202 2066 ad
1215 2037 1267 2067 hoc
1275 2039 1452 2068 ministerium
1463 2046 1503 2068 est
1515 2047 1628 2070 creatus.
1638 2042 1779 2081 Propterea

1039 2076 1250 2115 unumquodque
1263 2078 1446 2107 membrorum
1465 2078 1505 2107 nil
1528 2079 1617 2108 minus
1636 2090 1664 2109 se
1680 2080 1779 2110 habere

1039 2116 1201 2154 intelligens,
1216 2117 1364 2146 secundum
1382 2117 1574 2154 ministerium,
1590 2118 1625 2148 ad
1646 2119 1720 2158 quod
1739 2126 1778 2149 δι

1037 2163 1167 2192 creatum,
1180 2165 1228 2184 nec
1238 2156 1366 2196 amplius,
1379 2167 1426 2186 nec
1439 2157 1542 2186 invidet
1555 2158 1631 2188 alteri
1645 2160 1776 2198 membro,
1787 2177 1843 2194 cuv

1038 2196 1116 2234 quasi
1128 2194 1190 2234 plus
1197 2195 1315 2232 habenti,
1327 2201 1374 2225 nec
1383 2197 1485 2236 spernit
1491 2196 1605 2227 alterum
1615 2199 1776 2238 membrum,

1037 2235 1114 2274 quasi
1131 2234 1221 2263 minus
1247 2235 1358 2264 habens.
1383 2236 1428 2265 Sic
1455 2243 1494 2265 est
1517 2243 1543 2266 et
1567 2237 1638 2267 inter
1661 2246 1774 2270 sanctos.

1036 2274 1257 2313 Uuiuscujusque
1276 2275 1359 2304 sancti
1380 2276 1465 2305 honor
1477 2286 1529 2305 non
1548 2284 1588 2306 est
1602 2277 1689 2307 honor
1705 2279 1776 2318 ejus,

1037 2314 1083 2343 sed
1097 2320 1172 2343 actus
1186 2313 1281 2353 ipsius.
1293 2316 1407 2355 Utputa‚
1419 2315 1533 2355 apostoli
1549 2317 1712 2356 apostolatus
1723 2329 1776 2357 pu-

1036 2361 1108 2383 tatur
1120 2363 1135 2382 a
1148 2353 1226 2382 nohis
1239 2353 1324 2383 honor
1337 2365 1394 2384 esse
1409 2355 1495 2395 ipsius
1505 2356 1619 2395 apostoli
1633 2368 1640 2384 ε
1657 2363 1718 2386 rere
1729 2368 1779 2387 au-

1037 2400 1089 2422 tem
1111 2402 1165 2421 non
1186 2400 1225 2421 est
1249 2393 1335 2423 honor
1352 2394 1422 2433 ejus,
1436 2394 1484 2424 sed
1507 2394 1685 2425 ministerium
1707 2397 1776 2437 ejus.
1791 2418 1811 2433 ¹,
1825 2411 1904 2442 Cor-9

1037 2432 1117 2462 Unde
1128 2432 1229 2462 Paulus
1248 2432 1282 2462 de
1299 2434 1450 2474 apostolatu
1462 2444 1512 2463 suo
1524 2433 1629 2464 dicebat
1642 2446 1649 2463 :
1662 2437 1742 2466 Nam
1753 2439 1779 2467 .ςί
1791 2442 1828 2465 ι6.

1058 2534 1069 2546 e
1087 2525 1167 2551 Iidem
1185 2527 1210 2552 in
1226 2535 1306 2561 marg.
1316 2527 1409 2552 soeculo
1419 2527 1564 2560 sbrddioso,
1578 2527 1626 2554 alia
1645 2528 1721 2556 lectio
1730 2530 1783 2564 fa-
1807 2563 1815 2569 ι

282 2565 296 2583 b
314 2563 394 2588 lidem
414 2565 440 2589 in
453 2573 531 2599 marg.
545 2574 602 2599 quse
621 2565 806 2591 honorabiliora
818 2572 875 2591 sunt
889 2566 1001 2599 superbi·
1027 2567 1111 2591 otioso.

247 2612 308 2635 rent,
320 2609 344 2629 el
356 2613 422 2637 (μαι.
