1904 2840
141 1706 209 1726 Joan.
225 1713 248 1736 9.

104 2568 187 2589 Mardi.
217 2566 239 2598 [1,

268 203 339 248 864
543 197 546 199 i
833 214 922 244 ‚orus
948 213 1184 237 imrenrec'rum

266 287 383 315 quaerere
395 276 544 305 debuerunt
557 276 591 305 ab
599 287 641 312 eo,
652 277 751 315 quibus
760 283 785 307 et
791 287 905 322 persona
914 275 1007 306 idonea
1026 278 1047 301 Α
1063 278 1094 303 in
1100 276 1225 315 judicio,
1237 287 1300 307 cum
1313 277 1473 309 Christianis
1492 278 1562 318 istis,
1575 287 1601 310 et
1618 280 1809 314 condemnabit

267 315 435 355 praedicantis
453 322 478 344 ct
495 315 691 355 [medicationis
703 317 889 346 indubitabilis
907 316 1007 346 veritas

267 362 458 383 monstraretur
479 367 485 383 ι
503 355 548 384 5οᾶ
569 356 638 384 1111111
655 356 752 386 horum
766 356 913 391 audientes,
935 356 1006 385 nibil

266 393 395 430 videntes,
415 394 471 423 sola
485 394 538 423 fide
549 395 643 424 salvati
657 403 719 425 sunt
732 408 739 425 :
754 396 798 426 isti
811 403 900 425 autem
915 403 952 426 tot
965 396 1005 425 si-

266 444 321 472 gna
330 434 467 463 facientem
478 434 643 464 testificantia
658 437 787 465 caelestem
799 443 920 465 naturam
930 436 1006 466 ''vide-

266 480 337 507 runt,
344 480 368 501 et
381 483 431 502 non
444 474 531 502 solum
543 485 555 503 a
565 474 753 514 praedicatione
761 477 820 516 ejus
828 482 1003 513 recesserunt,

265 511 309 541 sed
321 512 348 540 in
362 519 474 542 mortem
487 513 562 544 illius
576 515 698 544 conversi
712 523 784 544 sunt.
798 515 842 545 Illi
855 526 917 544 cum
929 515 1004 545 luctu

264 556 290 580 et
301 552 486 582 lamentatione
501 553 583 583 nimia
595 554 780 594 poenitentiam
791 562 907 595 agentes,
915 565 1006 595 peeca-

264 597 352 620 torum
367 602 477 621 suorum
491 593 684 632 indulgentiam
698 602 856 635 acceperunt
872 608 878 624 :
895 595 939 624 isti
952 606 1004 624 au-

263 637 316 659 tem
330 641 379 660 nec
388 631 444 661 sine
455 633 609 672 poenitentia
620 633 738 663 oblatam
754 634 806 663 sihi
822 635 1004 664 remissionem

170 681 253 697 cxxvii
263 677 431 709 peccatorum
446 672 564 712 accipere
576 672 795 712 volueruntquia
805 675 862 704 sine
873 675 1003 713 poeniten·

263 710 299 738 tia
309 717 371 739 sunt
383 710 550 747 donationes,
563 719 589 741 et
599 714 704 742 vocatio
718 713 830 743 Christi.
839 715 1004 753 &Regina

262 750 368 778 Austri
385 758 482 791 surget
492 753 522 780 in
534 753 655 791 judicio,
666 760 694 782 et
708 754 912 783 condemnabit
924 765 1005 794 gene-

262 791 405 818 rationem
416 791 503 820 hanc.
513 792 580 828 Quae
593 803 654 822 cum
664 799 730 822 esset
742 793 849 830 gentilis
860 793 1002 830 etmulier,

261 835 360 858 tantam
370 829 566 869 longitudinem
579 831 682 861 itineris
695 833 823 862 conficere
841 841 950 874 propter
963 833 1004 862 in-

262 868 424 898 firmitatem,
434 880 514 899 sexus
527 881 579 900 non
596 878 635 900 est
650 871 787 911 impedita.
803 874 1003 913 Concupiscen-

261 909 298 936 tia
321 909 391 937 enim
414 909 560 949 sapientiae,
589 911 738 941 infirmitati
760 912 841 942 dabat
863 913 1001 943 virtutem.

260 947 307 976 Isti
331 955 420 978 autem
439 949 491 978 viri
511 957 536 979 et
552 950 708 987 sacerdotes,
729 962 843 990 quorum
863 954 1005 993 proprium

260 997 315 1015 esse
330 987 459 1017 debuerat
473 1000 562 1019 amare
579 991 747 1035 sapientiam,
762 999 822 1021 ante
840 993 931 1022 oculos
943 1005 1004 1024 suos

261 1033 286 1055 et
300 1027 327 1055 in
342 1027 430 1056 medio
449 1029 550 1067 gremio
563 1030 718 1069 sapientiam
732 1032 845 1071 positam
859 1041 1006 1063 contemse-

261 1073 334 1095 runt.
347 1067 396 1096 Ista
417 1067 452 1096 ad
466 1068 601 1098 hominem
615 1070 745 1106 cucurrit,
762 1069 805 1100 isti
820 1083 835 1101 a
851 1073 906 1102 Deo
920 1084 1004 1103 reces-

261 1113 363 1134 serunt.
393 1107 442 1136 Illa
468 1115 497 1137 ut
523 1109 604 1138 semel
629 1109 702 1139 nuda
725 1111 807 1140 verba
829 1111 944 1146 audiret,
960 1114 1004 1143 isti

261 1145 382 1182 quotidie
399 1146 549 1177 divinitatis
561 1159 640 1188 opera
660 1149 718 1189 ipsa
732 1150 863 1186 videntes,
878 1152 1004 1192 blasphe-

261 1185 380 1215 mabant.
405 1187 457 1215 Illa
479 1188 575 1216 famam
600 1190 783 1219 tantummodo
806 1191 840 1220 de
864 1192 1005 1223 Salomone

262 1224 373 1254 audiens
389 1227 555 1262 concupivit,
569 1227 611 1256 isti
625 1236 714 1258 autem
727 1230 862 1259 veritatem
881 1231 916 1261 de
926 1232 1007 1262 Chri-

262 1270 302 1291 sto
313 1263 444 1301 videntes,
461 1266 593 1296 abierunt.
610 1267 660 1296 Illa
676 1279 786 1298 munera
799 1270 882 1299 multa
894 1272 1003 1309 obtulit,

263 1309 293 1330 ut
304 1303 407 1333 audiret
420 1315 481 1333 eum
494 1318 500 1334 :
515 1306 558 1333 isti
573 1313 660 1335 autem
678 1318 726 1336 nec
744 1311 851 1347 praemia
864 1311 938 1347 regni
953 1322 1005 1341 cae-

263 1341 352 1371 lorum
378 1344 497 1383 accipere
515 1344 620 1381 volunt,
645 1353 674 1374 ut
696 1347 816 1377 credant.
843 1350 918 1385 Quid
939 1359 1006 1380 esset

263 1381 311 1409 illa
327 1382 438 1418 factura,
454 1383 476 1412 si
495 1383 612 1414 audisset
628 1392 746 1414 mortuos
763 1397 910 1424 resurgere,
924 1400 1005 1419 caecos

263 1420 355 1450 videre
363 1422 376 1450 Ξ)
383 1422 517 1460 (1110111οᾶ0
525 1424 696 1460 cucurrisset,
705 1425 726 1453 si
742 1425 820 1455 etiam
830 1427 940 1458 claudos
947 1440 1005 1458 cur-

263 1470 321 1489 rere
336 1461 466 1491 vidisset?
476 1463 536 1492 Non
555 1463 626 1492 dixit
640 1464 698 1499 illa,
713 1465 764 1494 Cui
777 1468 933 1497 commendo
954 1479 1005 1508 gu-

262 1499 443 1530 bernationem
457 1502 590 1540 regalium
601 1504 796 1541 necessitatum,
807 1516 840 1535 ne
850 1507 929 1542 forte,
938 1508 1005 1538 dum

263 1539 344 1575 vado,
357 1547 382 1569 et
398 1540 477 1570 redeo
497 1548 569 1571 tanto
588 1542 683 1582 spatio,
701 1543 790 1580 aliqua
811 1553 901 1575 contra
923 1547 1005 1586 impe-

263 1578 333 1608 rium
353 1590 442 1609 meum
467 1580 576 1610 adversa
600 1583 759 1612 nascantur?
772 1585 840 1613 Nam
863 1594 1005 1625 paupertas

261 1628 364 1658 semper
385 1630 477 1648 secura
492 1627 539 1657 est,
550 1631 653 1650 summa
666 1629 753 1651 autem
766 1631 880 1662 potestas
897 1626 954 1655 siue
968 1627 1002 1656 ti-

260 1667 334 1687 more
355 1659 469 1697 periculi
491 1670 638 1699 numquam
651 1668 699 1690 est.
717 1662 765 1691 Isti
782 1673 829 1693 nec
842 1664 894 1694 hoc
907 1666 1005 1704 cogita-

260 1705 367 1732 verunt,
379 1699 442 1736 quia
456 1699 584 1729 dixerunt
595 1711 601 1728 ε
613 1701 753 1730 Nescimus
766 1703 874 1740 quidem
888 1705 959 1734 unde
969 1707 1004 1736 sit

260 1736 306 1766 ille
326 1738 419 1774 Jesus;
433 1745 518 1767 tamen
536 1740 603 1769 facta
623 1740 697 1769 illius
710 1741 780 1770 bona
799 1751 871 1778 sunt,
881 1751 906 1773 et
920 1746 1002 1775 verba

259 1776 335 1805 illius
354 1778 436 1817 justa.
454 1779 512 1807 Etsi
535 1786 630 1809 natura
645 1781 703 1818 ejus
727 1791 761 1810 ex
782 1782 950 1818 hominibus,
962 1792 1001 1815 ta-

259 1826 318 1844 men
341 1816 494 1856 praedicatio
513 1819 570 1863 ejus
590 1830 624 1848 ex
639 1821 695 1849 Deo
710 1827 757 1849 est.
777 1822 835 1851 Etsi
854 1833 906 1852 non
921 1824 1001 1854 illum

258 1855 382 1885 timemus
391 1857 466 1895 quasi
481 1858 584 1887 Filium
592 1859 750 1894 Dei‚saltem
762 1859 909 1901 diligamus
921 1863 999 1894 illum

259 1902 288 1923 ut
300 1895 434 1924 hominem
455 1897 567 1926 bonum.
584 1898 643 1928 Etsi
661 1909 714 1928 uon
729 1907 767 1929 est
780 1900 878 1937 dignus
892 1910 923 1932 ut
936 1903 1001 1933 ado—

259 1941 343 1970 retur,
353 1943 440 1964 tamen
456 1947 507 1966 uon
522 1944 560 1966 est
574 1938 685 1968 meritus
699 1946 728 1968 ut
741 1939 1000 1973 interficiatur.Sive

257 1974 394 2010 Ninivitae‚
407 1976 464 2005 sive
485 1977 577 2015 regina
590 1979 691 2013 Austri,
700 1978 872 2018 exsurgentes
882 1982 909 2010 in
920 1982 1000 2022 judi-

257 2013 309 2050 cio,
321 2014 454 2052 quomodo
464 2016 678 2047 condemnabunt
690 2019 883 2055 generationem
893 2022 910 2051 J
913 2021 998 2051 1111300-

257 2063 317 2081 rum
335 2054 554 2085 incredulorum?
566 2057 625 2086 Non
639 2057 703 2097 *ipsi
714 2057 868 2097 'judicantes
883 2071 937 2094 eos,
950 2061 997 2091 sed

256 2102 289 2120 ex
302 2094 517 2133 comprobatione
531 2106 577 2125 sua
592 2096 703 2126 vincunt
714 2108 758 2127 eos
771 2108 777 2125 :
792 2105 818 2128 et
828 2099 890 2129 talia
901 2100 997 2130 dicen-

256 2138 293 2159 tes
306 2132 433 2163 adversus
442 2135 593 2174 eos‚qualia
605 2135 726 2166 diximus
737 2148 818 2176 supra
832 2148 838 2165 :
852 2139 920 2175 Quis
933 2140 996 2169 fide-

255 2170 306 2199 lior
317 2179 354 2200 est
375 2184 454 2211 quam
473 2175 566 2210 Jonas,
581 2175 726 2215 sapientior
745 2188 826 2215 quam
846 2179 994 2209 Salomon?

254 2211 314 2239 Non
328 2212 415 2241 solum
430 2221 492 2243 tunc
506 2215 576 2244 inter
589 2215 710 2245 homines
723 2216 845 2253 docebat,
857 2218 904 2247 sed
916 2219 995 2248 etiam

254 2260 325 2278 nunc.
339 2251 365 2280 in
377 2253 484 2282 ecclesia
499 2253 618 2292 quoti-die
638 2254 713 2284 docet
727 2266 775 2295 per
795 2264 899 2287 sanctos
919 2269 996 2288 evan-

255 2289 359 2327 gelistas
373 2298 398 2320 et
420 2294 552 2332 apostolos
572 2305 644 2323 suos.
662 2295 725 2324 Hoec
742 2296 823 2325 verba
842 2307 894 2326 non
907 2298 996 2327 solum

253 2335 316 2358 tunc
334 2330 368 2358 ad
379 2332 486 2362 Judaeos
504 2333 585 2368 dixit,
598 2333 642 2362 sed
658 2334 737 2363 etiam
755 2345 825 2364 nunc
846 2336 881 2365 ad
905 2345 995 2367 omnes

253 2368 416 2399 Christianos
431 2372 611 2402 inobedientes
622 2373 746 2403 similiter
759 2373 834 2404 dicit.
851 2377 994 2412 Quomodo

251 2408 301 2436 viri
315 2410 440 2439 Ninivitae
451 2419 595 2451 exsurgent
608 2413 634 2441 in
643 2413 748 2454 judicio
761 2424 823 2442 cum
837 2414 994 2445 inobedien-

250 2447 323 2475 tibus
337 2449 505 2486 Christianis,
519 2458 543 2480 et
555 2452 769 2482 condemnabunt
779 2454 842 2482 eos?
857 2455 993 2491 Quoniam

251 2487 291 2514 illi
314 2488 492 2525 poenitentiam
513 2498 634 2530 egerunt,
649 2491 808 2531 praedicante
822 2494 901 2527 Jona,
916 2495 960 2524 isti
979 2506 994 2524 a

251 2527 363 2563 peccatis
378 2529 493 2567 propriis
509 2540 559 2559 non
574 2530 710 2565 recedunt,
727 2532 842 2561 Domino
856 2533 912 2562 illis
927 2545 994 2572 quo-

252 2564 315 2592 tidie
326 2566 482 2603 praedicantc
492 2579 498 2595 :
508 2569 596 2606 Agite
612 2573 824 2609 poenitentiam,
839 2576 992 2612 appropin-

253 2606 354 2642 quabit
363 2615 449 2644 regnu
455 2617 482 2634 m
494 2609 639 2638 caelorum.
653 2611 765 2650 Regina
776 2612 881 2642 Austri
893 2619 991 2653 surget

1061 325 1116 350 cos,
1131 315 1195 354 quia
1208 316 1243 346 ab
1257 318 1360 348 ultimis
1379 319 1502 358 partibus
1522 326 1599 349 terrae
1618 321 1690 350 venit
1710 322 1806 353 audire
1820 338 1822 340 v

1061 365 1088 383 sa
1110 354 1219 385 ientiam
1239 357 1449 388 831011101115101
1474 359 1520 388 isti
1543 359 1577 388 de
1599 359 1726 390 domibus
1747 362 1807 392 suis
1852 379 1859 387 =

1060 365 1108 423 vei
1114 394 1220 439 plateis,
1236 397 1263 425 in
1277 397 1376 436 quibus
1389 397 1482 427 sedent
1495 398 1565 428 1111111
1579 407 1696 438 agentes,
1710 401 1805 432 nolunt

1061 444 1164 472 venire,
1175 441 1201 464 et
1213 435 1307 466 audire
1318 437 1476 476 sapientiam
1484 437 1588 468 Christi
1602 440 1629 468 in
1641 440 1801 480 Scriptus-is.

1059 473 1096 502 Et
1118 473 1186 511 quid
1205 474 1277 512 dico,
1298 475 1333 505 de
1353 475 1480 506 domibus
1501 478 1557 507 suis
1577 477 1673 508 n'olum
1692 480 1804 510 venire?

1059 512 1141 542 Multi
1162 514 1233 544 enim
1255 522 1280 545 et
1299 515 1333 544 de
1353 516 1463 546 ecclesia
1486 516 1555 557 ipsa,
1566 518 1594 547 in
1610 529 1664 557 qqa
1684 518 1806 558 loquitur

1059 552 1313 591 Clu·istus,exeunt‚
1328 561 1354 584 et
1371 556 1459 585 solum
1477 556 1633 596 relinquunt
1651 557 1800 589 docentem.

1059 592 1108 621 45.
1126 593 1198 622 Cum
1220 601 1319 623 autem
1335 596 1503 625 immundus
1521 599 1640 634 spiritus
1653 599 1804 628 exierieab

1060 632 1186 669 homine,
1197 635 1383 673 perambulat
1402 635 1468 664 loca
1492 636 1589 671 asida,
1603 647 1735 677 quoerens
1756 646 1806 668 rie-⁴

1059 673 1167 709 quiem,
1183 680 1211 702 et
1229 684 1288 702 non
1302 676 1425 704 invenit.
1438 675 1505 705 Exit
1519 682 1608 705 autem
1628 676 1740 716 spiritus
1753 677 1806 708 im-

1059 710 1176 740 mundus
1194 713 1228 741 ab
1246 713 1364 749 homine,
1372 724 1436 744 cum
1454 725 1503 754 per
1516 714 1598 744 fidem
1617 715 1766 755 baptizatus
1776 718 1805 747 in

1058 751 1165 780 nomine
1187 752 1306 788 Christi,
1330 753 1440 783 desierit
1463 765 1519 783 esse
1542 754 1643 784 diaboli
1651 762 1699 791 ,et
1719 756 1806 787 factus

1059 789 1139 818 fuerit
1152 791 1214 820 Dei.
1231 792 1341 832 Ejectus
1361 801 1450 822 autem
1468 793 1581 834 spiritus
1595 794 1642 824 ille
1658 796 1806 840 perambu-

1060 828 1132 858 labat
1142 830 1263 860 homines
1280 832 1380 868 aridos,
1391 833 1439 871 qui
1453 833 1573 863 nondum
1585 834 1709 874 pluviam
1723 846 1806 866 evan-

1059 868 1150 908 gelicae
1160 869 1287 900 doctrinae
1306 880 1480 911 susceperunt
1494 873 1520 902 in
1534 884 1571 909 se,
1583 881 1630 903 aut
1650 885 1747 913 aquam
1760 875 1807 905 ha-

1060 908 1192 947 ptismatis
1213 910 1332 950 accipere
1353 919 1522 948 meruerunt,
1548 920 1574 942 et
1597 924 1647 953 pro
1669 921 1737 944 terea
1759 921 1806 944 aut

1059 955 1122 977 sunt
1139 949 1260 987 gentiles.
1276 957 1322 979 aut
1343 951 1537 987 catechumeni,
1553 963 1634 982 secun
1657 965 1701 983 um
1721 954 1806 984 ratio-

1059 997 1132 1024 nem,
1155 999 1236 1027 quam
1262 989 1394 1027 diximus,
1413 990 1493 1021 aridi.
1510 993 1561 1020 Per
1586 1003 1630 1021 eos
1651 994 1723 1023 enim
1747 994 1806 1024 im·-

1059 1027 1154 1056 mundi
1168 1028 1279 1068 spiritus
1293 1037 1434 1069 vagantur,
1449 1037 1474 1059 et
1488 1030 1634 1070 plurimam
1646 1032 1806 1063 dominatio-

1060 1076 1121 1096 nem
1134 1067 1234 1097 hahent
1249 1068 1275 1097 in
1288 1069 1335 1098 eis.
1352 1070 1483 1106 Quamvis
1503 1071 1574 1100 enim
1588 1071 1695 1110 gentilis
1713 1083 1805 1102 susce-

1059 1113 1105 1145 pto
1127 1106 1189 1136 fidei
1210 1108 1303 1144 verbo,
1319 1109 1429 1138 liberari
1443 1116 1530 1139 tamen
1544 1110 1578 1139 ab
1592 1111 1733 1141 immundo
1745 1113 1805 1157 spi-

1059 1145 1113 1174 ritu
1133 1156 1184 1175 non
1205 1154 1302 1186 potest,
1316 1148 1366 1177 nisi
1389 1149 1470 1187 fuerit
1489 1149 1639 1190 baptizatus
1653 1150 1682 1179 111
1698 1161 1805 1182 nomine

1059 1185 1170 1215 Christi.
1195 1186 1275 1216 Unde
1304 1189 1486 1218 exorcizamus
1510 1190 1730 1228 catechumenos,
1755 1192 1804 1230 qui

1059 1232 1121 1254 sunt
1134 1225 1297 1266 baptizandi.
1315 1229 1374 1257 Non
1389 1235 1477 1257 autem
1492 1228 1594 1258 invenit
1606 1230 1725 1268 requiem
1741 1230 1804 1266 sibi,

1059 1264 1185 1303 quoniam
1197 1276 1301 1296 necesse
1314 1274 1364 1304 est,
1380 1274 1409 1296 ut
1421 1268 1514 1307 gentili
1529 1269 1651 1298 veniente
1663 1269 1696 1299 ad
1709 1269 1802 1308 fidem,

1894 855 1904 1009 ,μμ-ΜΛ»-..
1900 836 1904 844 .
1899 804 1902 807 ⁴
1902 786 1904 788 .

1059 1311 1085 1332 et
1095 1305 1283 1334 catechumeno
1293 1306 1327 1335 ad
1337 1307 1513 1347 baptismum,
1526 1319 1588 1338 cum
1598 1308 1667 1338 aridi
1685 1319 1742 1339 esse
1754 1309 1805 1340 de-

1059 1343 1163 1379 sierint,
1174 1345 1229 1384 jam
1251 1346 1285 1374 ab
1304 1346 1370 1385 ipsis
1388 1346 1544 1377 immundus
1558 1347 1616 1387 ipse
1634 1348 1745 1388 spiritus
1761 1360 1805 1379 ex-

1059 1382 1184 1421 pellatur.
1197 1384 1252 1412 Nec
1266 1385 1333 1413 mihi
1348 1385 1433 1421 dicas,
1442 1386 1504 1424 quia
1518 1397 1566 1416 nec
1578 1388 1665 1417 omnis
1679 1388 1804 1418 catechu-

1060 1431 1154 1450 menus
1177 1422 1211 1451 ad
1234 1423 1413 1462 baptismum,
1429 1425 1550 1464 alioquin
1574 1437 1622 1456 nec
1643 1427 1678 1456 ad
1698 1438 1804 1458 omnem

1024 1469 1043 1492 c
1058 1460 1223 1500 baptizatum
1237 1469 1263 1491 et
1276 1463 1420 1492 liberatum
1429 1475 1443 1493 a
1457 1465 1552 1510 spiritu
1568 1465 1707 1496 immundo
1717 1475 1814 1497 1·ever-‘

1898 1327 1904 1371 3.

1059 1499 1127 1528 titur
1144 1500 1255 1540 spiritus
1273 1502 1440 1539 immundus,
1456 1514 1507 1533 11151
1522 1504 1569 1543 qui
1582 1515 1683 1535 vacuus
1694 1507 1774 1536 fuerit
1787 1518 1802 1536 a

1059 1539 1164 1578 Spiritu
1178 1548 1278 1571 sancto.
1289 1543 1345 1571 Nec
1355 1542 1428 1588 apud
1442 1544 1568 1588 gentilem
1582 1545 1802 1576 catechumenum

1059 1578 1161 1608 invenit
1182 1581 1301 1619 requiem
1325 1582 1389 1618 sibi,
1405 1593 1470 1621 quia
1490 1583 1525 1612 ad
1549 1583 1631 1613 fidem
1645 1585 1688 1615 vel
1708 1585 1801 1626 bapti-

1058 1618 1239 1649 smum'venit.
1251 1620 1380 1659 Cogitans
1386 1632 1449 1661 ergo
1461 1622 1573 1662 spiritus
1585 1624 1642 1660 ille,
1652 1624 1777 1654 etdicens
1790 1638 1798 1654 ι

1057 1658 1107 1686 44.
1122 1659 1265 1688 Revertar
1280 1662 1312 1689 in
1331 1661 1449 1699 domum
1467 1673 1561 1691 meam
1575 1665 1714 1703 priorem.
1728 1665 1763 1695 Et
1775 1665 1799 1694 si
1900 1696 1904 1710 Ι

1057 1697 1189 1727 invenerit
1203 1700 1327 1739 gentilem
1342 1701 1561 1731 catechumenum
1576 1713 1692 1733 vacuum
1703 1715 1718 1733 a
1727 1705 1799 1745 Spi-

1056 1737 1109 1766 ritu
1124 1745 1225 1775 sancto,
1239 1739 1296 1768 sine
1308 1738 1394 1770 dubio
1409 1741 1565 1780 praevalebit
1574 1744 1670 1772 reverti
1683 1744 1710 1772 in
1722 1754 1796 1774 eum.

1056 1777 1202 1806 Revertens
1219 1786 1318 1816 autem,
1333 1781 1461 1818 quoniam
1475 1781 1577 1811 invenit
1589 1783 1689 1822 scopis,
1702 1781 1732 1813 id
1745 1791 1795 1822 est,

1055 1816 1146 1846 verbis
1161 1817 1225 1846 fidei
1236 1825 1261 1848 et
1271 1818 1402 1854 veritatis,
1416 1820 1451 1849 ab
1463 1820 1620 1851 infidelitate
1629 1829 1655 1852 et
1667 1823 1796 1862 ignoran-

1056 1854 1090 1884 tia
1103 1856 1262 1886 mundatum
1275 1870 1281 1886 :
1294 1869 1357 1887 cum
1372 1859 1446 1888 videt
1461 1870 1523 1889 eum
1537 1862 1675 1901 praeceptis
1687 1873 1753 1892 evan
1773 1873 1798 1892 e-

1054 1894 1114 1925 licis
1129 1895 1298 1932 adornatum,
1314 1899 1391 1936 quasi
1405 1899 1551 1929 animosior
1563 1901 1659 1938 factus,
1671 1902 1720 1932 45.
1768 1913 1796 1932 s-

1053 1938 1139 1964 sumit
1149 1946 1245 1965 secum
1258 1938 1333 1966 alios
1346 1945 1454 1978 septem
1465 1940 1583 1978 spiritus
1591 1943 1794 1980 nequiores-se.

1053 1975 1160 2011 Dicens,
1174 1975 1297 2015 Septem,
1314 1984 1359 2006 aut
1378 1978 1470 2017 plures
1481 1978 1558 2016 dicit,
1573 1986 1619 2009 aut
1633 1991 1723 2011 omues
1737 1982 1796 2022 spi-

1052 2014 1120 2043 ritus
1132 2015 1271 2045 vitiorum.
1290 2017 1367 2046 Sicut
1380 2018 1451 2046 enim
1472 2028 1506 2047 ex
1527 2026 1602 2058 parte
1628 2020 1688 2057 Dei,
1703 2031 1797 2060 quam-

1877 2158 1884 2174 Ι

1017 2063 1036 2086 1)
1051 2053 1092 2082 vis
1111 2054 1202 2093 plures
1223 2055 1276 2084 sint
1295 2056 1405 2095 spiritus
1420 2057 1550 2086 virtutum
1562 2080 1569 2094 ,
1591 2065 1678 2103 tamen
1693 2067 1794 2099 septem

1050 2091 1188 2129 dicuntur,
1204 2095 1266 2132 quia
1278 2105 1313 2124 ex
1324 2095 1379 2124 illis
1393 2103 1494 2135 septem
1510 2107 1601 2126 omnes
1614 2098 1726 2137 spiritus
1738 2099 1795 2129 vir-

1049 2139 1137 2168 tutum
1152 2133 1301 2172 procedunt
1317 2146 1323 2162 :
1337 2145 1404 2172 quos
1416 2135 1527 2174 spiritus
1541 2144 1677 2166 enumerat
1690 2138 1793 2175 Esaias,
1804 2152 1869 2174 Em,

1049 2179 1074 2201 et
1086 2172 1211 2201 Salomon
1226 2174 1324 2212 signat,
1339 2173 1432 2203 dicens
1448 2187 1454 2203 ε
1470 2176 1626 2214 Sapientia
1638 2178 1793 2218 oedisicavit
1803 2182 1827 2204 3.

1049 2213 1105 2240 sibi
1124 2213 1258 2249 domum,
1274 2219 1302 2241 et
1325 2214 1455 2242 subdidit
1483 2215 1636 2245 columnas
1658 2224 1766 2257 septem
1784 2226 1874 2248 :Pmm

1049 2252 1087 2281 sic
1101 2262 1136 2280 ex
1150 2258 1224 2291 parte.
1245 2251 1359 2288 diaboli,
1371 2254 1496 2292 quamvis
1510 2254 1589 2284 multi
1610 2256 1664 2285 sint
1677 2257 1791 2296 spiritus

1048 2291 1188 2326 vitiorum,
1204 2298 1290 2321 tamen
1306 2299 1406 2336 septem
1417 2292 1556 2330 dicuntur,
1572 2295 1699 2334 quoniam
1715 2307 1750 2326 cx
1761 2297 1793 2326 il-

1049 2331 1083 2359 lis
1103 2330 1302 2370 principalibus
1313 2332 1388 2361 vitiis
1401 2333 1467 2361 vitia
1487 2334 1612 2364 universa
1632 2343 1790 2366 nascuntur.
1833 2341 1839 2349 ¹

1048 2372 1089 2399 Et
1102 2377 1185 2399 erunt
1198 2372 1357 2400 novissima
1370 2373 1496 2402 hominis
1508 2373 1588 2403 illius
1607 2375 1709 2413 pejora
1716 2377 1794 2414 prio-

1050 2412 1139 2439 ribus.
1158 2411 1198 2439 De
1213 2410 1263 2439 hoc
1273 2411 1344 2440 enim
1356 2412 1413 2451 ipso
1425 2412 1469 2441 vel
1481 2412 1602 2451 ipsarum
1611 2423 1702 2443 rerum
1715 2425 1794 2454 expe—
1806 2443 1808 2447 ,

1049 2450 1161 2479 rimenta
1185 2460 1234 2479 nos
1261 2450 1357 2480 docent
1371 2464 1377 2479 :
1399 2451 1534 2489 quomodo
1558 2452 1739 2489 Christianus,
1767 2454 1792 2484 si

1049 2490 1136 2518 malus
1150 2490 1272 2524 evaserit,
1289 2492 1364 2530 pejor
1375 2490 1420 2526 sit,
1436 2501 1517 2528 quam
1529 2493 1553 2520 si
1567 2491 1661 2521 fuisset
1671 2494 1789 2531 gentilis.

1048 2530 1111 2559 Haec
1122 2529 1247 2568 parabola
1260 2529 1357 2558 melius
1367 2529 1526 2568 intelligitur
1537 2530 1570 2560 de
1582 2531 1599 2561 J
1602 2530 1684 2561 udaeis
1692 2540 1718 2562 et
1730 2543 1792 2573 gen-

1047 2569 1142 2597 tilibus
1158 2580 1164 2597 ε
1190 2579 1223 2597 ex
1238 2579 1269 2597 eo
1287 2569 1357 2598 enim
1380 2568 1464 2608 quod,
1486 2569 1562 2599 finita
1586 2571 1724 2610 parabola,
1747 2573 1791 2602 vel

1047 2607 1184 2647 exemplo,
1199 2608 1331 2646 sequitur,
1342 2607 1444 2645 dicens,
1461 2609 1508 2639 Sic
1529 2611 1583 2639 erit
1605 2613 1792 2650 generationi
