1890 2826
235 177 301 214 156

229 250 316 281 nificis
332 250 422 290 ipsum
436 250 599 291 praecipitem
611 257 715 290 agente.
728 250 868 289 Ingressus
880 256 968 278 utsa-

228 296 378 326 cerdotium
391 302 543 336 usurparet,
561 295 641 326 etiam
653 305 766 335 reguum
779 294 911 334 perdidit:
920 294 969 324 in-

228 353 335 381 gressus
347 349 386 371 est
402 349 431 372 ut
447 342 522 371 ficret
534 341 723 377 venerabilior,
734 348 760 370 et
769 340 855 370 factus
865 346 905 370 est
917 350 965 369 ex-

227 388 390 420 secrabilior.
401 389 471 418 Nam
485 399 546 418 cum
558 387 715 421 immundus
726 386 907 426 esset,quovis
920 386 971 416 ho-

227 434 299 464 mine
311 434 417 474 privato
428 434 538 474 posthac
556 433 639 463 vilior
646 440 712 463 erat.
719 432 794 463 Adeo
804 443 846 462 res
856 432 970 462 estmala

227 492 280 512 non
293 492 399 512 manere
421 481 489 510 intra
504 481 570 510 fines
589 480 667 511 nobis
680 490 695 509 a
719 481 775 509 Deo
789 479 968 520 praescriptos,

226 527 283 557 sive
291 526 402 556 honoris
418 527 474 556 sive
487 525 647 565 cognitionis
658 536 700 556 res
711 526 800 555 fuerit.
819 526 915 555 Nonne
925 524 969 555 vi-

226 573 273 602 des
287 573 338 603 hoc
358 574 443 609 mare,
458 582 540 611 quam
559 579 598 601 est
612 572 648 602 ob
664 571 820 602 violentiam
839 570 968 600 intolera-

226 619 291 656 bile,
306 618 413 658 quantis
426 618 547 657 insurgat
563 618 713 648 fluctibus?
725 618 848 647 Attamen
866 623 970 656 postea-

225 676 305 704 quam
322 664 492 695 vehementer
511 664 668 701 insurrexit,
685 663 825 702 multoque
845 672 912 692 vcum
925 668 968 691 tu-

224 723 300 742 more
325 721 495 752 progressum
510 718 559 747 est,
578 711 626 741 ubi
639 710 743 741 venerit
765 709 800 739 ad
824 708 968 739 terminum

225 758 278 797 ipsi
288 767 304 786 a
316 757 375 786 Deo
386 757 584 797 praesc1·iptum,
600 756 726 786 fluctibus
742 756 771 785 in
789 765 913 795 spumam
925 763 970 784 so-

225 803 290 832 lutis
314 802 340 831 in
368 813 425 832 sese
442 801 522 832 redit.
535 803 571 832 Et
594 809 681 831 tamen
696 800 764 840 quid
784 811 863 830 arena
885 800 970 841 possit

224 859 280 878 csse
290 848 426 880 infirmius
439 847 453 876 ?
469 849 572 879 Verum
585 858 638 877 non
646 847 695 876 illa
703 854 742 876 est
758 857 817 886 quae
831 846 968 887 prohibet,

224 894 271 924 sed
282 894 340 934 ejus
347 901 434 924 metus
447 894 495 933 qui
507 893 653 924 terminum
665 894 766 933 posuit.
792 892 875 931 Quod
884 893 908 922 si
919 893 970 922 hoc

226 942 384 981 exemplum
396 951 449 971 non
463 948 489 970 te
502 948 610 971 revocat
627 940 663 970 ad
675 940 896 978 moderationem,
910 950 971 979 quae

225 989 297 1018 Oziae
316 987 470 1018 acciderunt
497 986 623 1017 erudiant
639 994 675 1022 te,
691 997 751 1025 quae
775 997 872 1016 nunea
892 986 971 1015 nohis

113 1041 216 1062 Vindicta
225 1034 298 1064 dicta
324 1041 397 1064 sunt.
415 1035 517 1065 Verum
531 1032 659 1072 quoniam
685 1032 753 1062 iram
772 1033 823 1063 Dei
849 1031 971 1062 vidimus

73 1076 202 1093 mansuelu-

74 1104 126 1124 diue

73 1138 157 1162 perata.

73 1414 138 1435 Ram.
152 1420 159 1436 1
168 1421 176 1436 1
183 1430 187 1436 .

73 1451 111 1467 22.

73 1861 145 1883 Νιιηι,
160 1861 195 1883 16.

161 1107 217 1124 tem-

225 1080 388 1121 dignamque
417 1080 626 1119 ultionem,age
651 1086 677 1109 et
692 1078 885 1108 humanitatem
911 1077 971 1118 ejus

225 1127 391 1167 multamque
418 1126 570 1165 aequitatem
596 1131 846 1155 commonstremus.
876 1125 970 1163 Neque

225 1175 297 1204 enim
308 1185 339 1204 ea
351 1180 458 1217 tantum
478 1172 591 1202 dicenda
614 1178 693 1207 sunt,
706 1182 766 1210 quae
788 1171 922 1212 pertinent
935 1170 970 1200 ad

224 1221 293 1250 iram
309 1243 317 1258 ‚
345 1231 440 1251 verum
462 1220 542 1250 etiam
571 1228 630 1257 quae
652 1217 687 1246 ad
713 1217 943 1247 mansuetudinem
960 1239 968 1254 ‚

562 190 592 213 S.
619 187 969 213 JOANMS‘CHRYSOST.
984 174 989 178 Δ
999 187 1153 212 anctum.
1183 188 1450 213 CONSTANTINOP.

1023 250 1071 284 τ’ἥς
1086 250 1192 289 ἀτιμίας
1213 250 1245 279 τὸ
1258 250 1392 290 σύμὸολον
1413 249 1457 279 ἐπὶ
1477 250 1524 278 τοῦ
1547 247 1670 287 μετώπου
1692 247 1794 287 φέρων,

1023 297 1052 325 οὗ
1074 296 1174 334 δημίων
1193 295 1271 326 αὐτὸν
1285 295 1426 332 ἑλκόντων,
1443 294 1512 324 ἀλλὰ
1531 295 1612 330 αὐτῆς
1629 296 1677 329 τῆς
1694 293 1793 332 λέπρας

1025 342 1083 371 ἀντὶ
1101 343 1202 381 δημίων
1215 341 1280 373 ι’ἐτιτὶ
1295 341 1413 384 κεφαλὴν
1426 341 1555 376 ὠθούσης.
1571 340 1701 376 Εἰσῆλθεν
1714 340 1787 379 ἱερω-

1023 386 1103 424 σύνην
1117 389 1217 424 λαθεῖν,
1230 391 1244 419 ὁ
1257 388 1285 419 δὲ
1298 389 1344 419 καὶ
1357 388 1406 425 τὴν
1421 385 1558 427 βασιλείαν
1571 385 1706 415 ἀπώλεσεν
1719 396 1726 404 ·
1741 387 1794 414 εἰσ-

1023 434 1087 468 ῆλθε
1100 434 1222 473 γενέσθαι
1242 436 1410 474 σεμνότερος,
1433 433 1479 463 καὶ
1498 431 1602 472 γέγονεν
1617 430 1793 471 ἐναγέα-τερος.

1024 479 1077 509 Καὶ
1098 480 1150 520 γὰρ
1174 480 1276 511 ἰδιώτου
1289 482 1386 515 παντὸς
1405 480 1496 511 λοιπὸν
1512 478 1666 518 ἀτιμότερος
1677 473 1711 514 ἦν
1724 477 1794 506 ἀκά-

1024 528 1116 565 θαρτος
1133 526 1178 556 ὤν.
1196 526 1329 556 Τοσοῧτόν
1342 528 1399 558 ἔστι
1419 525 1501 556 κακὸν
1514 525 1546 555 τὸ
1568 524 1605 564 μὴ
1622 524 1709 564 μένειν
1721 523 1794 552 ἔνδον

1023 571 1067 600 ἐπὶ
1081 574 1133 601 τῶν
1148 572 1275 602 δοθέντων
1287 575 1351 612 ἡμῖν
1364 572 1438 613 παρὰ
1450 574 1496 602 τοῦ
1510 572 1582 602 Θεοῦ
1597 568 1710 611 μέτρων,Ι
1719 569 1752 599 ἄν
1762 581 1793 598 τε

1023 617 1067 647 ἐπὶ
1088 620 1183 656 τιμῆς,
1197 618 1246 648 ”dv
1269 631 1299 648 τε
1317 619 1361 649 ἐπὶ
1374 618 1496 658 γνώσεως
1515 621 1594 647 τοῦτο
1613 613 1641 658 ᾗ.
1655 617 1718 656 Οὐχ
1730 616 1794 656 ὁρᾷς

1022 664 1121 699 ταύτην
1134 663 1183 700 τὴν
1198 664 1340 701 θάλατταν,
1354 666 1412 698 πῶς
1426 665 1483 693 ἐστι
1498 668 1556 696 ταῖς
1570 662 1640 702 βίαις
1654 662 1794 702 ἀφόρητος,

985 719 1004 741 1)
1022 709 1113 743 πόσοις
1137 713 1295 751 κορυφοῦται
1317 714 1370 743 τοῖς
1393 709 1527 749 xxiia-netu
1541 709 1611 739 Ἀλλ’
1633 708 1704 747 ὅμως
1728 707 1794 747 πρὸς

1022 756 1086 796 ὕψος
1107 757 1295 796 διανισταμένη
1309 756 1379 796 μέγα
1388 779 1396 792 ,
1411 756 1456 786 καὶ
1471 755 1539 795 μετὰ
1552 755 1650 784 πολλοῦ
1665 757 1794 794 προϊοῦσα

1021 805 1067 832 τοῦ
1089 805 1186 842 θυμοῦ,
1204 802 1308 832 ἐπειδὰν
1327 802 1389 842 ἔλθῃ
1408 801 1474 842 πρὸς
1493 801 1524 830 τὸ
1544 799 1618 830 τεθὲν
1636 800 1705 840 ὃριον
1727 801 1794 839 αὐτῇ

1021 848 1095 889 παρὰ
1105 851 1151 878 τοῦ
1161 850 1242 882 Θεοῦ,
1256 848 1290 877 τὰ
1302 848 1410 887 κύματα
1420 850 1456 881 εἷς
1470 846 1552 887 ἀφρὸν
1565 845 1722 880 διαλύσασα,
1730 845 1796 884 πρὸς

1023 895 1119 931 ἑαυτὴν
1147 895 1274 924 ἐπάνεισι.
1296 894 1393 924 Καίτοι
1415 905 1446 933 γε
1467 893 1495 922 τί
1513 892 1624 933 ψάμμου
1647 891 1743 931 γένοιτ’
1763 891 1794 920 ἂν

1023 940 1221 981 ἀσθενέστερον;
1237 941 1307 970 Ἀλλ’
1325 941 1373 970 οὐκ
1391 939 1474 969 ἐκεῖνό
1488 940 1545 968 ἐστι
1564 938 1594 967 τὸ
1607 937 1719 973 κωλύον,
1734 937 1793 966 ἀλλ’

1022 990 1036 1016 ὁ
1050 990 1095 1016 τοῦ
1116 987 1202 1021 θέντος
1218 986 1306 1027 φόὸος.
1319 988 1354 1016 Εἰ
1369 986 1395 1016 δὲ
1410 987 1440 1015 οὖ
1453 984 1607 1026 σωφρονίζει
1621 996 1651 1014 σε
1673 987 1751 1013 τοῦτο
1764 983 1796 1012 τὸ

1022 1033 1201 1073 παράδειγμα,
1216 1033 1250 1062 τὰ
1262 1033 1331 1063 κατὰ
1343 1033 1388 1062 τὸν
1397 1032 1491 1067 Ὀζίαν
1499 1044 1530 1062 σε
1541 1029 1740 1067 παιδευέτω,τὰ
1750 1032 1795 1059 ν’ὔν

1022 1082 1086 1118 ἡμῖν
1102 1079 1239 1118 εἰρημένα.
1253 1080 1322 1108 Ἀλλ’
1346 1078 1438 1114 ἐπειδὴ
1460 1077 1509 1114 τὴν
1530 1077 1610 1117 ὀργὴν
1631 1077 1734 1115 εἴδομεν
1748 1078 1794 1106 τοῦ

1023 1127 1093 1155 Θεοῦ
1107 1125 1153 1154 καὶ
1165 1125 1214 1161 τὴν
1228 1124 1302 1158 ἀξίαν
1316 1123 1500 1159 ἀνταπόδοσιν,
1513 1123 1576 1164 φέρε
1585 1123 1630 1152 καὶ
1640 1122 1690 1159 τὴν
1701 1123 1794 1163 φιλαν-

1022 1171 1140 1211 θρωπίαν
1154 1173 1232 1200 αὐτοῦ
1248 1171 1293 1200 καὶ
1313 1170 1361 1207 τὴν
1385 1170 1486 1206 πολλὴν
1500 1169 1643 1200 ἐπιείκειαν
1655 1167 1795 1202 ἐπιδείξω-

1024 1228 1082 1255 μεν.
1093 1215 1217 1256 ιὈὐγὰρ
1234 1216 1327 1255 μόνους
1345 1216 1406 1250 τοὺς
1423 1215 1483 1256 περὶ
1497 1217 1544 1251 τῆς
1562 1217 1642 1255 ὀργῆς
1656 1216 1694 1244 δεῖ
1714 1219 1795 1245 κινεῖν

226 1273 255 1295 ut
278 1276 364 1305 neque
384 1265 412 1294 in
435 1263 647 1304 desperationem
667 1263 842 1303 conjiciamus
863 1262 970 1293 audito·
987 1270 1005 1293 Ε
1025 1263 1126 1302 λόγους,
1138 1262 1206 1292 ἀλλὰ
1219 1262 1264 1292 καὶ
1275 1261 1334 1295 τοὺς
1345 1261 1407 1302 περὶ
1416 1263 1464 1297 τῆς
1473 1261 1715 1302 χρηστάιητος,ἵνα
1727 1260 1794 1299 μήτε

224 1322 285 1347 res,
308 1321 395 1350 neque
418 1310 446 1340 in
472 1309 633 1340 socordiam.
657 1308 703 1339 Sic
727 1309 799 1339 enim
816 1315 842 1338 et
870 1310 971 1339 Paulus

224 1357 288 1387 facit
301 1368 335 1388 ex
349 1364 462 1396 utraque
480 1359 630 1396 temperans
649 1355 859 1385 admonitionem
874 1367 882 1383 ε
899 1355 971 1385 hunc

225 1404 253 1433 in
268 1404 380 1433 modum
393 1404 505 1442 loquens
520 1416 527 1432 ε
544 1403 618 1432 Vide
639 1403 731 1442 igitur
753 1403 911 1431 bonitatem
935 1411 972 1431 ac

225 1452 408 1482 severitatem
420 1451 492 1485 Det}
505 1459 560 1488 quo
580 1448 662 1478 simul
689 1454 715 1477 et
740 1454 842 1478 terrore
857 1455 883 1477 et
901 1447 971 1478 bona

223 1505 271 1535 spe
292 1494 389 1525 excitet
409 1505 471 1524 eum
484 1493 531 1532 qui
553 1493 645 1532 lapsus
669 1499 721 1522 est.
746 1492 849 1523 Vidisti
871 1493 971 1523 severi-

221 1548 302 1571 tatem
317 1540 393 1570 Dei?
413 1539 477 1570 vide
497 1546 524 1569 et
542 1538 710 1568 bonitatem?
722 1538 870 1576 Quomodo·
885 1538 969 1577 igitur

975 1567 1012 1586 ¹³⁵

1024 1310 1060 1342 εἷς
1078 1308 1227 1348 ἀπόγνωσιν
1243 1307 1403 1347 ἐμὸἄλωμεν
1416 1306 1476 1341 τοὺς
1499 1306 1655 1343 ἀκούοντας,
1672 1306 1740 1346 μήτε
1758 1308 1796 1340 εἷς

1025 1355 1164 1396 ῥᾳθυμίαν.
1179 1353 1259 1384 Οὕτω
1270 1354 1316 1384 καὶ
1326 1354 1433 1387 Παῦλος
1443 1358 1523 1388 ποιεῖ,
1532 1354 1578 1383 καὶ
1590 1353 1693 1386 τούτοις
1707 1354 1794 1393 ἀμφο-

1023 1402 1106 1441 τέροις
1128 1406 1204 1448 κιὶρνᾷ
1217 1400 1265 1437 τὴν
1279 1399 1443 1440 παραίνεσιν,
1463 1399 1559 1430 οὑτωσὶ
1572 1399 1656 1439 λέγων
1665 1411 1671 1418 ·
1686 1398 1737 1428 Ἰδὲ
1750 1394 1795 1428 οὖν

1022 1447 1072 1483 τὴν
1095 1447 1266 1487 χρηστότητα
1288 1447 1333 1476 καὶ
1355 1446 1503 1485 ἀποτομίαν
1526 1447 1611 1482 Θεοῦ,
1625 1445 1673 1475 ἵνα.
1691 1444 1737 1475 καὶ
1756 1443 1795 1484 τῷ

1023 1494 1097 1534 φόὸῳ
1106 1494 1151 1523 καὶ
1161 1498 1220 1527 ταῖς
1231 1497 1361 1534 χρησταῖς
1372 1493 1476 1523 ἐλπίσιν
1488 1493 1625 1532 ἀναστήσῃ
1636 1492 1682 1522 τὸν
1691 1502 1795 1522 wrm-co)-

1022 1539 1099 1569 κότα.
1124 1535 1200 1573 Εἶδες
1218 1540 1366 1579 ἀποτομίαν
1381 1541 1466 1576 Θεοῧ;
1485 1539 1535 1569 Ἰδὲ
1550 1539 1596 1569 καὶ
1610 1539 1792 1580 χρηστότητα.

222 1586 376 1616 videbimus
400 1585 549 1615 bonitatem
561 1584 575 1613 .⁹
598 1584 630 1614 si
649 1584 853 1623 cognoverimus
874 1594 928 1622 qua
941 1595 970 1613 re
985 1595 1005 1618 Α
1023 1588 1086 1619 Πῶς
1099 1581 1144 1616 οὖν
1152 1586 1269 1626 ὀψόμεθα
1279 1587 1327 1622 τὴν
1336 1585 1523 1626 χρηστότητα;
1534 1585 1581 1615 Ἂν
1591 1586 1716 1625 μάθωμεν
1726 1586 1795 1619 τίνος

221 1632 321 1672 dignus
341 1631 423 1662 fuerit
444 1631 534 1661 Ozias.
552 1630 660 1668 Quibus
674 1630 757 1670 igitur
779 1637 836 1659 erat
850 1629 970 1669 dignus?

221 1679 260 1709 Ut
271 1679 440 1717 simulatque
454 1678 524 1707 intra
533 1687 641 1707 sacrum
647 1676 812 1706 vestibulum
822 1682 894 1705 tanta
906 1686 970 1705 cum

221 1724 389 1764 impudentia
403 1724 556 1763 irrupisset,
572 1723 649 1752 mille
662 1722 835 1759 fulminibus,
849 1729 970 1752 extremo

222 1771 357 1811 supplicio
369 1770 542 1809 cruciatuque
559 1770 717 1799 afficeretur.
731 1768 762 1798 Si
780 1769 852 1798 enim
866 1769 908 1798 illi
921 1768 970 1808 qui

222 1817 279 1847 haec
295 1817 416 1857 primum
436 1823 500 1847 sunt
511 1815 581 1853 ausi,
598 1815 668 1845 hanc
681 1815 780 1845 dedere
799 1815 970 1855 poenam‚vi-

221 1863 318 1893 delicet
328 1862 446 1899 Dathan,
454 1862 524 1892 Core
537 1868 563 1890 et
571 1862 685 1898 Abiron‚
697 1861 784 1890 multo
797 1862 882 1901 magis
895 1861 970 1891 hunc

221 1909 257 1938 ad
270 1919 332 1938 eum
352 1908 464 1938 modum
487 1907 579 1947 puniri
593 1907 722 1947 oportuit,
735 1907 782 1946 qui
798 1917 832 1936 ne
857 1908 970 1938 illorum

221 1953 332 1992 quidem
353 1953 550 1983 calamitatibus
583 1952 665 1982 fuerit
684 1952 837 1992 castigatus.
864 1955 971 1984 Verum

221 2000 272 2029 hoc
284 2009 338 2028 non
351 1999 413 2028 fecit
423 2000 508 2035 Deus,
523 1997 572 2027 sed
585 1998 660 2038 prius
672 1998 714 2027 illi
727 2009 861 2028 sermones
876 1999 969 2030 admo-

1023 1633 1093 1667 ἄξιος
1110 1629 1142 1669 ἦν
1163 1634 1178 1662 ὁ
1201 1627 1304 1666 Ὀζίας.γ
1317 1633 1342 1662 T
1345 1632 1404 1661 ίνων
1424 1627 1469 1662 οὖν
1491 1631 1561 1666 ἄξιος
1579 1627 1631 1668 ἧνς
1650 1632 1721 1672 Ἅμα
1741 1635 1795 1662 τῶν

1022 1678 1158 1719 προθύρων
1171 1678 1265 1712 ἐπιὸὰς
1272 1681 1325 1708 τῶν
1340 1680 1417 1718 ἱερῶν
1429 1677 1498 1716 μετὰ
1507 1677 1636 1715 τοσαύτης
1649 1681 1795 1719 ἀναισχυν-

1021 1725 1094 1762 τίας,
1117 1725 1216 1765 μυρίων
1232 1727 1370 1762 σκητι-τῶν,
1392 1724 1438 1754 καὶ
1458 1726 1507 1759 τῆς
1525 1724 1640 1764 ἐσχάτης
1661 1724 1795 1758 κολάσεως

1021 1771 1067 1800 καὶ
1081 1771 1218 1811 τιμωρίας.
1240 1772 1274 1800 Et
1286 1770 1339 1810 γὰρ
1353 1771 1377 1800 οἱ
1395 1772 1497 1810 πρῶτοι
1511 1773 1596 1800 ταῦτα
1613 1770 1795 1810 τολμήσαντες

1021 1818 1122 1853 ταύτην
1136 1818 1228 1848 ἔδοσαν
1243 1817 1291 1853 τὴν
1301 1816 1386 1852 δίκην,
1400 1819 1429 1856 οζ
1437 1816 1498 1856 περὶ
1508 1816 1598 1846 Δαθὰν
1611 1817 1656 1846 καὶ
1669 1817 1739 1857 Κορὲ
1749 1817 1795 1847 καὶ

1022 1863 1155 1904 Ἀδειρὼν,
1165 1864 1256 1903 πολλῷ
1269 1864 1369 1902 μᾶλλον
1379 1865 1470 1892 τοῦτον
1484 1862 1552 1892 οὕτω
1563 1862 1719 1897 κολάζεσθαι
1728 1863 1792 1900 ἔδει,

1021 1910 1065 1939 τὸν
1093 1909 1160 1948 μηδὲ
1187 1913 1244 1942 ταῖς
1270 1908 1375 1938 ἐκείνων
1400 1907 1610 1949 σωφρονισθέντα
1635 1913 1792 1950 συμφοραῖς.

1022 1955 1091 1986 Ἀλλ’
1106 1957 1154 1985 οὐκ
1167 1954 1276 1991 ἐποίησε
1288 1958 1366 1984 τοῦτο
1379 1956 1394 1984 ὁ
1407 1955 1484 1991 Θεὸς,
1498 1955 1568 1985 ἀλλὰ
1579 1955 1707 1995 πρότερον
1721 1957 1793 1996 αὐτῷ

1020 2001 1112 2040 λόγους
1125 1999 1296 2040 ειπροσήγαγε
1318 2001 1420 2035 πολλῆς
1441 2001 1583 2035 ἐπιεικείας
1603 2001 1732 2041 γέμοντας
1750 2003 1793 2032 διὰ

221 2045 260 2075 vit
274 2055 323 2085 per
345 2043 509 2074 sacerdotem
545 2043 632 2073 multa
659 2043 752 2084 plenos
779 2044 945 2075 humanitate
961 2058 968 2075 ι
984 2056 1002 2079 Β
1021 2050 1067 2077 τοῦ
1080 2046 1178 2087 ἱερέως.
1191 2046 1245 2077 Καὶ
1257 2047 1324 2086 ἅπερ
1337 2049 1350 2076 ὁ
1364 2047 1477 2086 Χριστὸς
1488 2048 1636 2087 παρῄνεσεν
1648 2049 1794 2088 ἀνθρώποις

213 2090 347 2130 quodque
363 2090 487 2120 Christus
506 2089 663 2120 adhortatus
676 2098 725 2126 est,
745 2097 775 2120 ut
787 2091 904 2121 facerent
914 2092 968 2122 ho·-

222 2137 307 2166 mines
316 2136 421 2176 quoties
433 2135 461 2165 in
475 2146 502 2165 se
510 2135 626 2165 invicem
638 2137 818 2175 peccaverint,
828 2137 880 2167 hoc
895 2139 969 2169 Deus

1022 2098 1114 2130 ποιεῖν,
1126 2094 1187 2123 ὅταν
1201 2094 1238 2127 εἷς
1248 2093 1377 2129 ἀλλήλους
1389 2091 1401 2108 ''
1409 2094 1598 2132 ἁμαρτάνωσι,
1611 2094 1713 2124 ‘roffio-6
1725 2094 1793 2127 Θεὸς

1020 2140 1085 2179 πρὸς
1110 2139 1155 2169 τὸν
1179 2139 1315 2178 ἄνθρωπον
1337 2138 1469 2174 ἐποίησεν.
1491 2138 1580 2170 ιὈϊαν
1603 2139 1654 2179 γὰρ
1666 2162 1674 2175 ,
1696 2141 1792 2180 φησὶν,

71 2189 155 2211 Matllz.
175 2188 208 2212 18.
222 2183 283 2212 fecit
294 2192 358 2221 erga
376 2181 523 2211 hominem.
539 2182 609 2211 Nam
633 2182 680 2211 ait:
707 2183 780 2212 Cum
803 2187 968 2222 peccaverit
1020 2185 1126 2225 ἁμάρτῃ
1144 2186 1180 2218 εἰς
1195 2185 1224 2214 σὲ
1243 2186 1258 2214 ὁ
1276 2184 1385 2224 ἀδελφός
1400 2196 1446 2214 σου
1456 2207 1463 2221 ,
1478 2185 1580 2224 ὕπαγε,
1596 2185 1698 2225 ἔλεγξον
1714 2185 1793 2216 αὐτὸν

71 2219 106 2241 ιῡ.

221 2231 253 2258 in
267 2235 295 2258 te
306 2229 410 2269 frater·
431 2234 507 2264 tuus,
522 2229 581 2264 abi,
597 2238 687 2268 argue
711 2239 777 2258 eum
800 2231 880 2259 inter
898 2237 926 2260 te
940 2238 968 2260 et

220 2277 312 2315 ipsum
326 2274 432 2305 solum.
447 2273 493 2303 Sic
504 2280 529 2303 et
543 2284 632 2313 regem
645 2274 718 2304 hunc
729 2274 868 2315 redarguit
881 2277 965 2306 Deus.

250 2379 264 2398 h
281 2377 337 2405 Ant
347 2379 432 2411 δημίων
442 2380 479 2404 ἐπὶ
490 2379 598 2412 κεφαλῆς,
612 2378 648 2402 sic
658 2376 764 2410 quidam
775 2373 833 2403 Mss.
843 2391 849 2411 ;
863 2379 982 2405 Erasmus

217 2417 316 2443 videtui·
333 2416 420 2451 legisse
435 2420 486 2443 ἀντὶ
497 2419 587 2450 δημίου,
599 2417 642 2449 qui
661 2418 745 2449 vertit,
762 2418 893 2452 carnificis
916 2420 979 2445 loco.

217 2457 288 2481 Infra
307 2464 379 2487 unttS,
390 2461 455 2481 teste
469 2454 574 2488 savilio,
592 2459 677 2485 παντὸς
697 2459 774 2483 λοιπὸν
794 2460 940 2493 coastat-epos
956 2463 982 2490 ἦν

216 2500 345 2529 άιάθαρτος
357 2499 396 2521 ὤν.

245 2543 255 2554 ²·
273 2532 302 2561 Ᾱν
317 2545 342 2560 τε
354 2537 390 2561 ἐπὶ
405 2539 481 2567 τιμῆς,
494 2537 522 2559 ἄν
533 2544 559 2559 τι
570 2536 607 2560 ἰπὶ
619 2537 718 2566 γνώσεως
729 2536 796 2560 τοῦτο
806 2537 830 2567 ᾖ.
843 2533 952 2560 Savilius
962 2547 967 2561 :

212 2584 223 2595 «
235 2572 277 2598 Sic
290 2572 384 2598 habent
399 2571 481 2598 caeteri
498 2571 606 2599 Codices
621 2577 712 2604 praeter
729 2571 849 2597 Codicem
861 2573 969 2599 Crosha-

1021 2230 1117 2269 μεταξὺ
1138 2233 1184 2260 σοῦ
1202 2229 1247 2260 καὶ
1266 2231 1345 2259 αὐτοῦ
1361 2230 1450 2269 μόνου.
1465 2230 1544 2260 Οὕτω
1558 2230 1605 2260 καὶ
1617 2231 1662 2260 τὸν
1681 2230 1793 2270 βασιλέα

1020 2280 1110 2306 τοῦτον
1126 2275 1234 2315 ἤλεγξεν
1251 2278 1266 2305 ὁ
1281 2275 1359 2309 Θεός.
1373 2275 1427 2305 Καὶ
1451 2278 1466 2305 ὁ
1489 2276 1538 2315 μὲν
1556 2276 1671 2316 Χριστός
1689 2289 1768 2317 φησιν
1785 2290 1791 2296 ·

1031 2380 1063 2406 vii
1076 2381 1172 2411 nostri,
1183 2380 1227 2413 qui
1237 2388 1285 2412 pro
1295 2379 1335 2405 his
1346 2379 1429 2405 verbis
1441 2379 1578 2411 substituit,
1589 2383 1642 2406 ἀλλ’
1658 2382 1708 2407 ἀντ’
1720 2384 1792 2408 bru-t-

1030 2425 1120 2452 μήσεως
1137 2422 1183 2446 διὰ·
1191 2425 1231 2450 τῆς
1249 2422 1334 2454 λέπρας
1345 2424 1391 2448 τοῖς
1402 2426 1468 2446 πᾶσιν
1480 2423 1613 2452 ἐπὶγνωστον
1628 2423 1695 2446 αὐτὸν
1706 2426 1789 2447 ποιεῖ.»

1065 2458 1078 2477 d
1095 2458 1165 2483 Unus
1177 2461 1202 2484 οὐ
1213 2462 1258 2494 γὰρ
1269 2464 1337 2492 μόνον
1348 2457 1494 2488 voo;.1³aulo
1505 2464 1565 2492 post
1574 2467 1638 2484 unus
1648 2463 1678 2488 εἰς
1687 2463 1790 2492 ἀπόγνω-

1033 2509 1065 2523 σιν
1075 2501 1214 2531 taediosam.

1055 2545 1070 2561 a
1082 2537 1153 2562 Unus
1165 2540 1275 2569 ἐπήγαγε.

1053 2577 1067 2596 b
1085 2575 1205 2607 Quidam.
1218 2577 1276 2601 Mss.
1295 2580 1428 2611 ἁμάρτωσι,
1442 2581 1466 2602 et
1484 2575 1559 2610 paulo
1576 2582 1635 2610 post.
1653 2580 1786 2612 ἁμαρτήσῃ·

1521 2625 1544 2638 h
