1890 2826
681 192 840 218 marinna
866 189 899 215 m
927 189 1102 215 svmorsm.
1603 174 1672 211 365

104 261 232 299 contigit
245 260 323 289 enim
329 259 369 288 eis
378 257 456 287 illud
465 258 530 286 veri
541 256 686 296 proverbii
700 267 711 284 .-
723 256 805 284 canis
818 262 949 283 reversus
961 253 1002 281 ad
1010 262 1093 281 suum
1107 253 1262 288 vomitum;
1275 258 1314 289 et,
1330 261 1378 281 sus
1393 251 1456 280 lota
1465 252 1496 279 in
1503 250 1663 280 volutabro

103 309 168 338 luti.
197 309 308 337 Certum
331 305 422 343 itaque
447 302 670 343 exploratumque
694 307 734 331 est
757 301 848 329 locum
874 298 1059 339 Chrysostomi
1083 308 1136 327 non
1161 299 1233 328 hunc
1258 298 1380 328 secunda!
1405 298 1474 327 Petri
1499 297 1663 327 versiculum

103 354 245 394 respicere,
259 351 307 382 sed
327 351 407 381 illum
425 348 644 380 Proverbiorum.
669 349 857 385 Quamquam,
871 352 899 374 ut
911 344 986 380 dixi,
1002 344 1051 373 etsi
1072 344 1186 373 secunda
1209 344 1279 374 Petri
1294 344 1415 385 Epistola
1433 342 1577 382 aliquando
1599 352 1664 371 usus

103 407 171 430 esset
186 401 405 440 Chrysostomus‚
420 407 474 426 non
488 396 551 425 inde
563 402 652 425 tamen
672 401 829 433 sequeretur
842 392 917 421 illam
930 392 974 422 vel
988 391 1022 420 ab
1039 402 1067 420 se
1080 392 1124 420 vel
1138 392 1171 421 ab
1186 391 1305 421 Ecclesia
1322 390 1497 427 Antiochena,
1514 397 1544 419 ut
1555 389 1663 418 canoni-

104 457 162 476 cam
176 446 318 476 admissam
330 445 422 474 fnisse.
436 442 507 473 Hinc
519 452 601 482 porro
607 440 746 480 liquidum
753 446 934 469 estauctorem
943 439 1094 478 Synopseos
1107 448 1164 467 esse
1181 437 1225 467 vel
1238 437 1436 467 Antiochenum
1452 436 1496 466 vel
1507 436 1601 466 saltem
1615 436 1667 474 Sy·

105 503 182 526 rum,
197 499 287 531 atque,
302 498 332 520 ut
344 491 397 520 fert
408 489 513 524 titulus,
524 488 746 528 Chrysostomum
753 497 763 525 ;
776 484 850 524 quod
863 491 889 514 et
902 484 964 513 aliis
977 483 1138 524 probabitur
1152 483 1326 523 argumentis.

145 537 232 567 Aliud
244 543 433 578 argumentum
443 534 506 564 inde
518 534 646 571 sumitur,
656 532 731 572 quod
743 532 812 562 inter
823 531 963 561 canonicos
973 530 1120 570 Scripturae
1132 530 1226 567 libros,
1238 541 1306 568 quos
1319 531 1390 560 solos
1401 531 1428 560 in
1443 530 1497 560 fine
1507 528 1669 559 Protheoriae

106 595 161 614 suae
174 591 267 614 auctor
277 590 366 613 noster
377 588 506 619 recenset,
521 580 699 621 Apocalypsis
713 590 765 610 non
779 584 941 618 compareat.
956 578 997 607 Ne
1010 587 1074 607 vero
1087 582 1195 616 putetur
1207 587 1264 606 eam
1280 577 1356 617 lapsu
1369 578 1497 617 graphico
1512 576 1670 616 praetermis-

105 641 163 660 sam
176 630 271 666 fuisse,
281 637 354 660 vetat
371 628 520 659 scholiastae
532 627 675 668 cujusdam
687 634 749 657 nota
762 625 930 666 marginalis,
942 635 1003 664 quae
1017 624 1055 654 sic
1068 623 1159 659 habet,
1179 623 1326 663 οημείωσαι
1347 624 1386 653 ὅτι
1405 626 1433 653 οὐ
1447 625 1605 663 μνημονεύει
1623 625 1670 658 τῆς

105 677 321 718 Ἀποκαλύψεως,
339 683 411 706 nota
425 678 520 716 ipsum
535 685 594 704 non
610 684 770 704 memorare
787 673 1005 713 Apocalypsin.
1024 670 1201 711 Apocalypsis
1216 670 1287 700 enim
1306 671 1402 710 priscis
1420 671 1547 701 Ecclesiae
1567 670 1671 700 saeculis

106 734 160 753 non
176 724 205 753 in
218 723 344 755 omnibus
357 722 486 752 Ecclesiis
499 721 694 762 recipiebatur,
707 727 736 750 nt
748 720 825 750 aiunt
839 718 990 753 Eusebius,
1005 718 1186 757 Hieronymus
1202 716 1238 746 de
1250 717 1382 757 Scriptor.
1399 717 1504 748 Eccles.
1512 729 1520 754 ;
1534 717 1672 757 Nicepho-

107 781 155 800 rus
173 780 238 800 vero
257 768 409 810 patriarcha
425 768 455 798 in
473 768 602 808 Catalogo
623 777 672 798 suo
683 789 692 804 ,
706 777 787 805 quem
806 765 942 796 edidimus
959 765 987 793 in
1006 763 1173 794 Bibliotheca
1193 764 1368 801 Coisliniana,
1384 775 1412 804 p.
1429 765 1498 803 905,
1515 765 1591 795 illam
1605 765 1673 794 inter

108 816 265 857 apocrypha
277 822 405 853 recenset,
420 821 451 845 ut
469 822 496 845 et
512 815 583 844 alius
597 814 646 854 qui
659 814 728 843 infra
741 813 770 843 in
789 820 849 843 nota
863 811 1073 842 memorabitur:
1085 821 1180 840 verum
1191 818 1279 851 patres
1291 821 1382 841 omnes
1397 813 1526 852 praecipui
1531 835 1539 850 ‚
1554 812 1672 842 Athana-

109 861 176 898 sius,
189 861 318 897 Basilius,
334 860 482 901 Gregorius
493 860 687 897 Nazianzenus,
701 866 826 898 totusque
837 857 981 894 Occidens,
997 864 1028 886 ut
1042 857 1192 897 legitimum
1206 858 1317 887 Joannis
1331 857 1444 897 apostoli
1459 868 1538 898 opus,
1551 865 1576 888 et
1589 866 1619 887 ut
1630 869 1674 888 ca-

109 907 232 938 nonicam
242 908 411 948 Scripturam
421 907 539 936 habuere
551 920 557 936 :
569 906 732 945 demumque
746 917 795 946 per
809 912 891 936 totam
901 903 1050 935 Ecclesiam
1065 911 1122 933 tum
1132 904 1255 933 Graecam
1269 911 1327 933 tum
1341 905 1464 934 Latinam
1475 905 1504 934 in
1518 915 1617 935 canone
1630 916 1675 934 sa-

109 963 217 982 crorum
230 952 438 991 divinorumque
449 952 584 981 librorum
597 959 701 992 recepta
715 958 765 981 est.

152 1000 274 1028 Attamen
291 997 319 1027 in
333 997 384 1027 hac
395 997 512 1038 Synopsi
526 997 706 1038 Apocalypsis
719 1007 772 1026 non
786 1002 959 1030 memoratur,
974 1002 1000 1024 et
1014 1001 1138 1025 monente
1150 994 1303 1032 scholiasta,
1319 995 1348 1025 id
1362 1005 1414 1024 non
1428 996 1532 1026 librarii
1545 997 1612 1027 vitio
1625 999 1674 1027 tri-

109 1045 250 1076 buendum
270 1051 320 1074 est.
335 1043 417 1074 Unde
429 1043 553 1084 arguitur
564 1054 580 1073 a
601 1044 732 1083 scriptore
745 1043 815 1083 ipso,
831 1049 910 1081 atque
924 1048 954 1070 ut
964 1041 1029 1071 hinc
1043 1038 1169 1079 consequi
1186 1040 1311 1077 videtur,
1327 1041 1360 1070 ab
1376 1042 1514 1082 Ecclesiaj,
1528 1043 1605 1082 cujus
1619 1042 1676 1083 ipse

110 1099 176 1128 erat,
191 1090 311 1120 noudum
325 1097 458 1130 receptam
468 1090 551 1119 fuisse
565 1100 627 1119 cum
641 1090 698 1119 haec
709 1089 901 1119 scriberentur.
916 1089 995 1118 Certe
1007 1089 1122 1118 ‚loannes
1135 1087 1352 1127 Chrysostomus‚
1366 1088 1412 1127 qui
1424 1096 1518 1118 auctor
1525 1090 1613 1129 operis
1626 1090 1676 1119 ser-

110 1139 195 1168 turin
208 1137 298 1173 titulo,
313 1147 460 1176 numquam
472 1135 638 1176 Apocalypsi
652 1146 717 1165 usus
729 1141 768 1165 est
782 1134 809 1164 in
825 1135 951 1164 Homiliis
963 1134 1076 1173 aliisque
1090 1134 1168 1163 libris
1181 1133 1248 1170 suis,
1259 1133 1319 1171 etsi,
1334 1134 1369 1163 ad
1382 1146 1469 1165 mores
1482 1136 1674 1174 informandos,

110 1185 138 1213 in
150 1194 205 1223 quo
217 1194 312 1222 genere
331 1183 447 1212 maxime
460 1189 584 1212 versatur
596 1188 702 1212 sanctus
719 1181 824 1217 doctor,
839 1180 867 1209 in
881 1180 1046 1220 Apocalypsi
1063 1179 1148 1209 multa
1160 1179 1254 1208 idonea
1267 1186 1473 1219 opportunaque
1492 1182 1674 1221 reperiantur,

112 1229 298 1270 praecipneque
319 1228 346 1258 in
369 1228 456 1258 tribus
476 1228 614 1268 prioribus
635 1227 779 1268 capitibus.
794 1228 1046 1265 Quantamcumque
1068 1225 1235 1264 diligentiam
1257 1224 1443 1264 adhibuerim,
1459 1235 1488 1258 ut
1508 1228 1676 1268 explorarem

111 1286 177 1304 num
195 1274 336 1315 quidpiam
349 1274 377 1303 in
397 1281 468 1304 tanta
487 1285 601 1314 operum
623 1274 691 1303 serie
705 1273 740 1302 ad
755 1272 935 1313 Apocalypsin
944 1279 1070 1312 *spectans
1082 1270 1336 1311 deprehenderetur,
1350 1273 1421 1302 nihil
1435 1274 1563 1305 hactenus
1576 1275 1674 1314 reperi.

113 1323 147 1352 Et
160 1330 245 1352 tamen
258 1322 341 1352 multa
356 1329 431 1352 erant
442 1321 570 1358 inlibris,
584 1321 660 1351 verbi
670 1321 766 1361 gratia,
777 1320 811 1350 de
824 1320 989 1356 sacerdotio,
1003 1330 1063 1359 quae
1076 1319 1110 1349 ad
1123 1330 1180 1349 rem
1193 1320 1310 1351 maxime
1322 1323 1440 1352 conferre
1453 1333 1530 1363 posse
1544 1321 1674 1351 videban-

113 1376 168 1398 tur.
183 1369 250 1399 lnde
269 1375 356 1399 autem
375 1368 452 1398 aliud
469 1368 601 1408 exsurgit,
617 1368 674 1398 sive
694 1374 894 1407 argumentum,
908 1367 966 1397 sive
987 1366 1151 1407 conjectura,
1165 1378 1218 1406 qua
1238 1368 1308 1398 hanc
1326 1370 1462 1410 Synopsin
1484 1370 1675 1409 chrysostomo

113 1425 229 1444 asserere
237 1425 314 1455 posse
326 1414 465 1445 videmur.
481 1415 544 1444 Haec
558 1420 620 1443 sunt
631 1420 787 1453 argumenta
802 1423 862 1452 quae
875 1420 1031 1442 mutuamur
1043 1424 1077 1442 ex
1089 1413 1243 1443 Protheoria
1253 1415 1413 1455 Synopseos.

153 1461 184 1489 ln
198 1460 254 1500 ipsa
266 1470 346 1500 porro
357 1460 474 1500 Synopsi
487 1460 540 1489 alia
551 1459 636 1489 multa
649 1466 723 1496 suut,
734 1469 793 1498 quae
806 1458 1027 1499 chrysostomum
1040 1460 1098 1499 ejus
1110 1470 1167 1489 esse
1180 1466 1315 1490 auctorem
1326 1462 1449 1502 probent.
1456 1463 1582 1503 Exempli
1597 1474 1675 1492 causa

115 1506 195 1546 paulo
204 1513 264 1545 post
277 1506 385 1535 initium
398 1507 533 1536 Geneseos
540 1529 550 1543 ‚
560 1507 608 1536 ubi
624 1506 709 1536 Cham
723 1505 839 1536 verenda
854 1505 937 1545 patris
948 1506 991 1535 sui
1005 1505 1136 1535 revelasse
1153 1513 1287 1544 narratur,
1303 1507 1416 1547 ideoque
1428 1516 1454 1538 et
1467 1509 1552 1539 Cham
1565 1516 1591 1538 et
1604 1509 1677 1538 filius

115 1552 173 1590 ejus
188 1551 317 1581 Cbanaan
331 1551 503 1581 maledicitur
516 1564 523 1581 ε
539 1552 596 1582 haec
609 1552 648 1581 ibi
662 1552 791 1592 leguntur
803 1563 810 1581 ι
821 1551 866 1581 καὶ
881 1551 948 1590 μετὰ
961 1554 1046 1581 ταῦτα
1058 1553 1159 1591 εὐλογεῖ
1171 1551 1219 1591 μὲν
1229 1553 1274 1582 τὸν
1287 1553 1351 1593 Σὴμ
1364 1555 1409 1584 καὶ
1422 1555 1466 1584 τὸν
1481 1555 1569 1596 Ἰάφεθ
1577 1579 1585 1592 ,
1600 1557 1678 1585 aava·

118 1602 195 1636 ρᾶται
209 1598 235 1628 δὲ
249 1598 293 1628 τὸν
308 1598 426 1633 Χαναὰν,
439 1599 530 1635 ἐπειδὴ
546 1601 560 1629 ὁ
574 1598 663 1639 πατὴρ
677 1601 756 1628 αὐτοῦ
770 1598 836 1637 Χὰμ
849 1598 935 1631 ἐξεῖπε
953 1598 1002 1634 τὴν
1014 1597 1148 1637 γύμνωσιν
1162 1601 1208 1627 τοῦ
1221 1599 1328 1639 πατρός.
1344 1600 1479 1631 Ἐκὸαίνει
1493 1601 1520 1631 δὲ
1543 1604 1560 1638 ἡ
1575 1602 1677 1641 κατάρα

117 1644 161 1672 ἐπὶ
174 1646 226 1673 τῶν
241 1645 408 1675 Γαὸαονιτῶν
418 1658 425 1664 ·
441 1647 540 1684 μᾶλλον
555 1645 583 1675 δὲ
595 1645 742 1685 πρόσχημα
757 1644 804 1684 μὲν
818 1644 934 1684 κατάρας
948 1640 990 1681 ἦν,
1004 1645 1035 1674 τὸ
1055 1644 1083 1674 δὲ
1097 1645 1191 1680 ἀληθὲς
1204 1646 1361 1685 προφητεία.
1374 1647 1407 1676 Id
1422 1655 1476 1685 est,
1488 1649 1596 1678 Postea
1607 1660 1677 1678 vero

116 1690 200 1719 Semo
211 1692 328 1730 quidem
341 1698 369 1721 et
381 1693 509 1731 Japheto
524 1692 689 1721 benedixit:
702 1692 853 1721 maledicit
864 1699 961 1720 autem
976 1692 1171 1720 Chanaanum
1180 1714 1187 1728 ‚
1203 1693 1274 1731 quia
1285 1699 1370 1731 pater
1382 1696 1445 1733 ejus
1460 1694 1553 1724 Cham
1570 1696 1678 1725 revela-

119 1743 198 1766 verat
213 1738 372 1767 nuditatem
389 1741 492 1778 patris.
506 1739 680 1769 maledictio
698 1745 797 1768 autem
816 1739 872 1768 illa
891 1745 1024 1768 eventum
1045 1738 1148 1767 habuit
1161 1740 1192 1766 in
1206 1739 1398 1777 Gabaonitis;
1409 1742 1466 1769 imo
1477 1744 1574 1780 potius
1587 1743 1679 1782 specie

117 1785 234 1822 quidem
245 1784 411 1814 maledictio
420 1794 493 1822 erat,
506 1785 558 1814 sed
573 1795 675 1815 revera
683 1786 846 1825 prophetia.
862 1785 899 1814 Et
909 1783 965 1813 liaec
976 1790 1015 1813 est
1025 1784 1153 1813 sententia
1169 1784 1363 1825 Chrysostomo
1376 1786 1496 1826 propria,
1511 1798 1591 1826 quam
1605 1789 1679 1828 apud

118 1835 225 1858 caeteros
242 1829 433 1860 ecclesiasticos
450 1830 599 1870 Scriptores
617 1840 671 1860 non
690 1829 799 1859 memini
813 1839 856 1859 me
876 1829 974 1869 legere,
989 1840 1084 1869 nempe
1097 1828 1310 1859 maledictionem
1322 1831 1458 1862 Chanaani
1471 1833 1498 1862 in
1519 1834 1679 1866 Gabaonitis

119 1874 256 1913 impletam
266 1874 358 1904 fuisse.
371 1875 520 1915 Ipsissima,
536 1878 656 1915 inquam,
671 1877 702 1906 S.
716 1875 834 1905 doctoris
845 1875 984 1912 sententia,
997 1875 1091 1905 iisdem
1107 1875 1295 1915 utplurimum
1307 1878 1397 1907 verbis
1411 1889 1542 1919 expressa.
1554 1881 1599 1911 Sic
1607 1881 1679 1911 enim

118 1920 198 1950 habet
207 1921 234 1949 in
247 1921 355 1955 Isaiam,
369 1933 429 1962 cap.
442 1918 505 1957 zv.
518 1924 547 1958 1,
563 1933 588 1963 p.
598 1922 833 1959 19,E‚Editionis
846 1929 941 1951 nostrae
955 1922 982 1951 in
991 1922 1043 1951 hoc
1053 1922 1112 1962 ipso
1124 1923 1212 1951 Tomo
1224 1936 1231 1951 t
1244 1921 1259 1952 ὃ
1271 1923 1316 1953 καὶ
1330 1924 1373 1953 ἐπὶ
1387 1928 1433 1955 τοῦ
1445 1926 1552 1955 Χαναὰν
1565 1927 1678 1967 γέγονεν.

119 1966 190 1997 Οὐδὲ
203 1967 254 2008 γὰρ
267 1969 369 2007 ὁρῶμεν
387 1970 484 1999 ἐκεῖνον
499 1969 675 1999 δουλεύει-αντα
687 1974 741 2003 τοῖς
754 1970 890 2009 ἀδελφοῖς,
902 1970 932 1998 οὗ
947 1969 1000 2008 μὴν
1016 1969 1075 1998 οὐδὲ
1091 1968 1139 2005 τὴν
1151 1968 1217 2009 ἀρὰν
1234 1970 1418 2008 διαπεσοῢσαν,
1431 1973 1489 2002 ἀλλ’
1501 1974 1545 2002 ἐπὶ
1556 1976 1609 2004 τῶν
1624 1976 1679 2005 Γα-

120 2012 247 2043 δαονιτῶν
266 2013 398 2044 λαὸοῧσαν
413 2014 444 2044 τὸ
459 2015 546 2051 τέλος,
560 2017 613 2045 τῶν
634 2017 664 2045 ἐκ
682 2018 728 2044 τοῦ
742 2015 851 2045 Χαναὰν
867 2015 1018 2054 γεγονότων.
1033 2015 1086 2045 Καὶ
1104 2015 1154 2055 γὰρ
1178 2017 1205 2045 ἐν
1223 2016 1295 2051 τάξει
1310 2018 1374 2057 ἀρᾶς
1392 2020 1538 2059 προφητεία
1559 2021 1589 2050 τὸ
1606 2022 1680 2062 λεγό-

122 2071 197 2098 μενον
211 2055 253 2095 ἦν.
268 2061 326 2089 Hoc
340 2067 379 2090 est
392 2073 398 2090 ε
414 2061 454 2090 Id
466 2063 546 2101 quod
558 2065 647 2091 etiam
660 2063 692 2090 in
710 2062 874 2092 chanaana
883 2062 1003 2102 factum
1021 2068 1074 2091 est.
1087 2062 1190 2101 Neque
1202 2065 1279 2092 enim
1290 2064 1425 2094 videmus
1435 2065 1522 2095 illum
1533 2069 1682 2097 servivisse

112 2105 261 2144 fratribus
274 2108 344 2144 suis,
358 2118 452 2148 neque
466 2111 555 2138 etiam
569 2109 804 2138 maledictionem
818 2110 974 2144 excidisse,
986 2109 1037 2138 sed
1054 2109 1086 2137 in
1100 2108 1272 2139 Gabaonitis
1285 2121 1321 2140 ez
1335 2111 1498 2142 Chanaano
1513 2116 1583 2143 ortis
1584 2115 1682 2155 finem

122 2153 274 2191 accepisse.
286 2153 366 2182 Nam
382 2154 415 2182 id
428 2155 508 2194 quod
520 2155 674 2185 dicebatur
683 2155 836 2194 prophetia
848 2154 921 2192 erat,
936 2154 1152 2183 maledictionis
1156 2154 1262 2195 forma
1273 2157 1401 2195 prolata.
1415 2158 1452 2187 Et
1465 2158 1515 2188 hoc
1527 2159 1615 2199 ipsum
1629 2160 1682 2189 alio

122 2196 201 2226 modo
214 2197 281 2227 dicit
293 2198 362 2228 infra
375 2199 404 2228 in
417 2201 533 2240 Synopsi
546 2202 635 2231 Josuae
649 2214 657 2230 ι
675 2201 749 2232 Cum
763 2212 823 2230 non
834 2208 950 2240 possent
962 2201 1106 2230 Israelita:
1114 2207 1232 2240 propter
1240 2202 1310 2231 data
1317 2205 1488 2242 juramenta
1501 2206 1682 2235 Gabaonitas
1692 2218 1727 2237 sn

122 2253 300 2283 oppugnare,
311 2255 408 2275 servos
418 2248 495 2285 ipsos
507 2251 730 2285 constituerunt,
739 2248 879 2288 lignarios
890 2255 917 2277 et
929 2259 1013 2289 aquoe
1023 2248 1147 2288 bajulos.
1157 2249 1216 2277 Hic
1226 2251 1334 2278 exilum
1347 2251 1434 2280 hahet
1441 2253 1591 2290 praedictio
1598 2253 1682 2289 Noae,

122 2299 212 2328 quam
224 2290 299 2319 dixit
313 2301 320 2317 :
335 2290 481 2320 Chanaan
492 2303 566 2331 puer
577 2303 673 2323 servus
684 2307 693 2323 .-
705 2304 741 2322 ex
755 2294 810 2322 illo
824 2305 950 2334 namque
963 2296 996 2324 1ιί
1008 2296 1065 2323 orti
1076 2301 1170 2323 erant.
1184 2296 1245 2324 Haec
1257 2306 1319 2325 sane
1330 2307 1382 2326 non
1396 2298 1474 2337 parvi
1487 2299 1613 2328 momenti
1624 2310 1683 2329 eru-

122 2333 179 2364 dito
194 2336 287 2365 lectori
299 2336 464 2369 videbuntur
478 2339 513 2369 ad
525 2350 594 2380 opus
607 2341 799 2381 Chrysostomo
812 2340 1033 2380 adjudicandiun.

164 2382 249 2411 Aliud
274 2392 477 2421 argumentum,
489 2395 537 2415 nec
555 2396 618 2416 sane
640 2386 728 2416 levius
739 2408 747 2423 ,
762 2388 866 2416 eruitur
885 2398 920 2417 ex
938 2387 1030 2418 eadem
1050 2388 1183 2418 Geneseos
1205 2389 1321 2428 Synopsi
1339 2401 1346 2418 :
1366 2389 1493 2427 λαμὸοίνει
1504 2391 1517 2418 ὁ
1533 2390 1621 2429 πατὴρ
1637 2394 1683 2420 τοῦ

125 2428 245 2468 Ἀδραὰμ
258 2431 272 2458 ὁ
284 2430 364 2469 Gap&
376 2430 436 2464 τοὺς
448 2431 519 2464 υἱοὺς
536 2432 616 2462 αὐτοῦ
632 2432 675 2462 τόν
694 2444 723 2462 τε
736 2432 858 2473 Ἀδραὰμ
868 2433 969 2463 καὶτὸν
983 2434 1084 2475 Ναχὼρ
1096 2435 1141 2464 καὶ
1158 2435 1202 2464 τὸν
1217 2435 1320 2474 ἔγγονον
1335 2436 1413 2463 αὐτοῦ
1427 2435 1504 2471 Λὼτ,
1520 2436 1563 2464 καὶ
1578 2436 1683 2476 ἔρχεται

127 2475 164 2508 εἷς
181 2475 300 2516 Χαῤῥάν.
322 2475 355 2505 ld
375 2485 432 2507 est:
445 2478 581 2508 Assumit
604 2479 701 2509 Thura
720 2485 806 2519 pater
828 2480 961 2511 Abrahae
973 2482 1061 2521 filios
1079 2491 1147 2510 suos
1163 2482 1320 2510 Abraham
1334 2487 1361 2509 et
1381 2482 1499 2510 Nachor
1511 2488 1538 2510 et
1553 2490 1683 2521 nepotem

128 2531 213 2551 sumn
226 2522 291 2558 Lol,
302 2529 330 2551 et
340 2525 422 2552 venit
435 2527 466 2552 in
480 2524 502 2553 C
504 2525 625 2554 hat-ran.
638 2526 701 2555 Haec
715 2532 785 2555 certe
798 2525 876 2556 lectio
888 2527 980 2557 vitiata
991 2527 1054 2564 fuit,
1069 2534 1094 2556 ot
1108 2527 1215 2557 Nachor
1230 2534 1320 2555 contra
1342 2527 1422 2555 fidem
1442 2534 1528 2556 textus
1541 2528 1664 2559 Hebra'ici
1675 2554 1682 2564 ,

130 2567 254 2598 editionis
268 2570 320 2597 τῶν
334 2569 377 2599 0‘.
395 2576 421 2598 et
438 2570 571 2609 Vulgatae,
584 2572 611 2600 in
621 2571 693 2601 hunc
715 2578 818 2601 textum
831 2572 947 2611 irrepsit.
965 2574 1039 2602 Hanc
1053 2583 1134 2612 porro
1147 2573 1283 2601 lectionem
1297 2582 1427 2610 nusquam
1441 2572 1508 2601 alias
1521 2574 1618 2613 reperi,
1634 2576 1686 2604 nisi

132 2614 203 2655 apud
218 2614 451 2655 Chrysostomum,
462 2626 541 2655 quem
552 2624 654 2647 certum
667 2624 706 2648 est
717 2618 752 2647 ita
767 2617 861 2657 legisse
876 2619 903 2648 in
916 2619 1062 2658 exemplari
1077 2629 1125 2648 suo
1139 2631 1144 2647 :
1159 2628 1219 2647 nam
1233 2617 1332 2648 Homil.
1344 2619 1377 2646 51
1393 2617 1420 2646 in
1434 2618 1570 2656 Genesim,
1582 2631 1607 2660 p.
1618 2622 1688 2658 504,
