1904 2840
123 438 207 461 Mauh.
223 436 246 467 4.

126 507 146 522 1.
161 500 249 530 Cur.7.

122 531 161 553 31.
174 532 213 555 32.

146 722 154 729 '¹
168 720 263 749 ἰιψνίχί-

121 753 194 774 datia».

108 2089 194 2111 Matth.
211 2096 219 2111 1
227 2096 247 2112 t.

107 2118 146 2142 28.

148 2411 210 2430 CXLV
214 2413 220 2428 Ι
224 2413 241 2428 ΙΙ

269 124 339 160 886

269 203 344 234 runt,
359 203 385 226 et
394 204 446 226 non
455 195 573 235 amplius
586 205 593 223 ε
605 201 632 224 et
642 194 687 224 isti
697 204 778 224 suum
791 200 907 234 tempus,
921 199 946 238 et
955 202 1009 222 non
1024 195 1044 218 Α

270 237 359 266 minus
374 248 382 264 ι
398 242 423 264 et
439 234 585 273 unicuique
605 245 677 264 mors
689 245 736 263 sua
758 239 951 263 consummatio
970 238 1009 261 est

270 276 358 316 ipsius
367 285 375 302 τ
384 274 451 313 quid
462 273 581 313 estquod
593 273 698 310 dicunt,
717 275 815 303 Totius
829 273 888 302 diei
894 272 1010 312 pondus
1023 291 1026 293 -

268 316 460 355 portavimus,
475 320 504 343 et
513 319 602 343 aestus
610 316 623 342 Ρ
634 313 705 351 Quia
715 323 812 353 magna
823 312 899 341 nobis
910 318 949 341 est
955 310 1011 341 vir-

270 362 314 383 tus
328 354 363 383 ad
375 353 525 383 faciendam
529 353 675 393 justitiam,
683 363 842 392 cognoscere
849 362 897 381 nos
906 357 1012 391 oportet

271 404 357 434 prope
370 404 426 423 esse
439 393 521 422 finem
534 392 640 422 mundi.
655 392 737 423 Unde
747 402 853 421 armans
866 401 914 420 nos
929 390 1009 420 Chri-

272 440 328 463 stus
337 433 442 462 dicebat
449 444 457 462 2
465 432 723 472 Appropinquabit
732 442 851 472 regnum
862 430 1010 460 coelorum.

272 473 339 502 Item
360 472 499 512 apostolus
520 483 527 500 ε
552 473 690 502 Proeterit
715 474 792 500 enim
808 471 905 511 figura
926 471 1012 514 hujus

274 513 376 542 mundi
382 523 396 549 ;
410 512 481 542 volo
503 522 559 542 vos
580 513 644 541 sine
667 511 869 541 sollicitudine
890 519 961 538 esse.
982 509 1012 539 St

272 562 336 591 ergo
345 552 422 581 nobis
436 552 524 590 virtus
533 558 573 581 est
581 551 649 581 scire
677 552 842 591 ropinquum
848 560 905 579 esse
916 549 996 578 linem
1002 559 1011 586 ;

272 602 335 620 nam
356 591 482 630 quamvis
495 601 579 630 usque
599 590 633 621 nd
668 601 728 620 nem
749 590 824 620 illius
843 590 899 619 vita
922 595 1013 618 nostra

271 631 382 660 forsitan
394 641 447 660 nou
458 630 628 667 extendatur,
641 638 729 660 tamen
740 629 817 670 quasi
828 628 1010 664 accendimur,

271 678 297 700 et
318 681 502 711 praeparamur
517 669 552 700 ad
574 670 776 711 suscipiendum
797 669 878 698 finem
891 681 896 697 :
921 677 1013 713 consej

271 717 383 750 quenter
393 717 419 739 et
428 709 507 739 iltis*
515 710 660 739 infirmatio
670 717 727 739 erat
741 718 899 749 cognoscere
917 706 1012 736 mundi

272 750 358 790 spatia
383 760 441 779 esse
463 749 620 789 longinqua.
645 750 682 780 Et
702 749 826 788 quamvis
847 754 908 777 ante
929 747 1010 776 finem

271 788 367 818 mundi
386 789 414 818 in
427 799 507 818 manu
523 790 574 818 Dei
588 796 674 819 essent
688 789 763 825 ituri,
778 795 865 817 tamen
878 786 1010 826 quodam·
1026 792 1044 816 Β

271 828 352 858 modo
373 828 536 868 negligentes
555 838 600 858 eos
621 828 733 858 faciebat
746 828 816 857 circa
826 826 970 867 justitiam,
985 833 1012 870 et

270 868 334 897 rest-i
354 879 440 898 escere
466 868 580 897 faciebat
603 869 705 898 animas
732 878 826 897 eorum
849 871 1012 906 exspectatio

270 918 339 937 saecu
354 908 362 937 i
374 906 582 953 longioris-Ideo
595 918 659 947 ergo
671 906 796 947 quamvis
810 917 863 935 non
874 916 922 946 per
933 914 1012 949 omne

270 947 399 976 saeculum
409 948 538 982 vixerint,
550 954 637 976 tamen
651 946 733 977 totius
753 946 844 976 saeculi
856 954 1011 986 gravamina

270 994 296 1015 et
318 987 508 1026 impedimenta
526 987 670 1026 pertulisse
691 986 829 1015 videntur.
853 987 920 1015 Item
947 990 1011 1013 tunc

270 1025 388 1055 mundus
405 1027 433 1055 in
449 1028 591 1066 juventute
612 1025 772 1056 constitutus
785 1025 911 1054 omnibus
932 1023 1010 1053 honis

268 1065 525 1105 prosperabatur‚‚et
542 1065 607 1095 felix
619 1073 675 1096 erat
688 1076 694 1092 :
708 1075 780 1094 nunc
790 1071 880 1094 autem
893 1062 1010 1093 mundus

268 1114 404 1134 senescens
415 1105 540 1134 omnibus
547 1105 756 1135 adversitatibus
765 1104 907 1144 premitur,
914 1109 940 1132 et
948 1102 1009 1132 ideo

268 1144 485 1183 concupiscibilis
510 1154 563 1173 non
589 1152 637 1174 est.
652 1145 708 1182 Qui
728 1154 791 1183 ergo
812 1150 876 1173 tunc
900 1144 1009 1172 fuerunt

267 1181 400 1218 homines,
413 1193 475 1212 cum
493 1183 586 1222 majori
606 1184 765 1213 difficultate
777 1190 803 1212 et
817 1183 909 1212 labore
924 1182 1005 1222 justi-

268 1221 333 1250 tiam
343 1229 516 1251 servaverunt
532 1233 539 1249 :
554 1223 616 1260 quia
630 1223 688 1262 ipsa
702 1223 813 1252 felicitas
827 1221 1008 1251 mundialium

268 1270 358 1288 rerum
370 1261 433 1289 satis
444 1260 664 1300 impedimentum
674 1269 712 1291 est
721 1262 816 1290 animae
828 1261 862 1290 ad
872 1261 1006 1300 justitiam

267 1299 425 1328 faciendam.
438 1300 518 1328 Nunc
530 1306 618 1329 autem
626 1301 732 1329 facilius
742 1301 864 1329 homines
871 1300 1006 1339 justitiam

267 1338 352 1367 facere
371 1345 492 1378 possunt,
507 1338 571 1377 quia
592 1339 601 1367 i
622 1350 650 1368 sa
664 1339 821 1375 adversitas,
836 1346 863 1368 et
883 1339 1006 1377 angustia

267 1377 447 1406 mundialium
460 1388 563 1411 rerum,
576 1350 620 1423 adj

267 1416 426 1446 faciendam.
440 1417 516 1447 Sicut
541 1417 648 1446 facilius
665 1425 704 1447 est
724 1417 828 1447 homini
841 1416 965 1457 pauperi,
979 1425 1005 1447 et

266 1455 294 1484 in
311 1456 441 1495 angustiis
455 1456 598 1486 constituto
617 1456 790 1496 disciplinam
811 1463 909 1493 tenere,
924 1456 1005 1486 diviti

265 1502 354 1524 autem
368 1502 393 1524 et
409 1495 557 1524 abundanti
573 1495 685 1525 difficile
701 1508 708 1525 :
723 1495 762 1524 sic
781 1495 838 1524 illis
851 1496 919 1524 inter
933 1506 1004 1535 gau-

264 1533 309 1563 dia
322 1534 416 1563 mundi
430 1534 543 1564 difficile
552 1535 603 1563 fuit
610 1541 699 1564 tenere
707 1534 854 1574 justitiam,
867 1535 944 1564 nobis
953 1546 1003 1564 au-

264 1580 316 1602 tem
329 1573 395 1602 inter
405 1573 591 1603 tribulationes
602 1573 696 1603 mundi
708 1574 796 1603 facile.
809 1573 928 1603 Multum
940 1585 1004 1614 ergo

263 1619 327 1642 tunc
340 1613 428 1642 bonus
441 1620 506 1650 erat,
521 1620 547 1642 et
559 1613 635 1642 fortis
646 1613 674 1642 in
687 1612 751 1647 fide.
765 1614 812 1651 qui
825 1619 928 1652 poterat
938 1624 1003 1644 eva-

263 1652 326 1681 dere
339 1652 492 1690 vanitatem,
508 1663 580 1682 nunc
589 1659 677 1682 autem
697 1652 813 1681 multum
828 1652 954 1691 injustus.
967 1654 1004 1683 Et

262 1691 343 1721 modo
358 1692 474 1721 multum
494 1692 580 1721 malus
594 1699 644 1726 est,
657 1699 683 1721 et
696 1692 777 1721 miser
795 1692 823 1720 in
837 1691 901 1726 fide,
914 1692 962 1730 qui
974 1703 1002 1722 se

262 1741 315 1760 non
329 1731 437 1770 stringit
449 1731 484 1760 ad
501 1732 599 1760 Deum.
615 1732 689 1770 Ergo
704 1730 820 1770 pondus,
835 1731 908 1770 quod
922 1731 1000 1768 dicit,

261 1780 329 1810 opus
350 1770 462 1815 justitiae
481 1770 614 1810 significat
630 1783 636 1799 :
653 1771 716 1809 quia
736 1781 816 1809 grave
835 1777 874 1800 est
898 1771 1001 1801 homini

261 1810 362 1840 carnali
380 1820 469 1839 amare
478 1810 622 1850 justitiam.
637 1810 743 1839 AEstum
756 1817 844 1839 autem
855 1810 922 1839 dicit
935 1821 999 1840 con-

261 1849 437 1888 cupiscentias
446 1849 547 1885 saeculi,
563 1860 629 1888 quas
642 1855 706 1878 tunc
718 1849 885 1889 patiebantur
897 1850 999 1880 mundo

258 1888 399 1927 juventute
410 1888 529 1918 florente.
540 1889 613 1927 Ergo
624 1889 675 1917 etsi
687 1898 739 1917 non
753 1899 911 1933 peromnem
924 1900 1000 1919 mun-

260 1927 326 1957 dum
335 1928 473 1965 vixerunt,
480 1935 567 1957 tamen
576 1928 656 1957 totius
667 1927 761 1956 mundi
770 1928 999 1968 impugnationem

260 1967 331 2006 passi
344 1974 426 1996 sunt:
442 1967 505 2006 quia
529 1967 611 1996 totius
632 1967 692 1996 vitae
712 1967 799 1997 virtus
811 1968 839 1996 in
858 1969 999 2008 juventute
1013 1980 1033 2004 1)

259 2005 417 2035 ostenditur.
443 2009 497 2035 Aut
516 2005 621 2045 pondus
646 2006 699 2035 diei
720 2006 786 2036 dicit
807 2018 916 2037 onerosa
931 2008 998 2048 legis

259 2044 394 2082 mandata,
408 2052 517 2084 propter
527 2056 586 2083 quae
602 2053 628 2075 et
647 2046 712 2075 alibi
731 2047 862 2076 Dominus
874 2047 998 2077 hortatur

258 2084 377 2119 Judaeoe,
391 2091 416 2114 et
429 2084 496 2114 dicit
507 2095 514 2113 z
531 2086 633 2114 Venite
650 2087 690 2114 ad
702 2096 747 2114 me
760 2097 870 2122 omnes,
887 2089 939 2126 qui
950 2088 996 2116 la·-

259 2125 378 2160 horulis,
391 2130 419 2152 et
433 2126 545 2153 onerati
559 2126 636 2160 estis,
650 2131 678 2153 et
698 2136 749 2164 ego
762 2128 846 2155 vobis
867 2129 996 2166 requiem

258 2163 345 2193 dabo.
368 2163 476 2192 AEstum
488 2171 576 2193 autem
598 2163 664 2193 dicit
685 2165 726 2194 vel
741 2172 859 2194 urentem
872 2166 993 2196 tentatio-

256 2212 317 2231 nem
330 2213 463 2239 ermrum,
479 2213 560 2241 quam
582 2204 732 2232 conflabant
754 2205 865 2244 spiritus
882 2206 994 2245 maligni

255 2241 282 2270 in
295 2252 351 2278 eos,
364 2242 399 2271 ad
416 2243 611 2272 aemulationem
625 2243 743 2282 gentium
756 2254 799 2273 eos
812 2244 944 2274 irritantes
955 2257 962 2275 :
977 2257 992 2275 a

254 2281 355 2319 quibus
368 2282 493 2311 omnibus
506 2289 596 2322 gentes
609 2283 700 2312 liberae
716 2283 873 2313 exstiterunt
883 2285 991 2314 Christo

253 2320 399 2357 credentes,
414 2328 441 2350 et
459 2332 508 2361 per
523 2321 713 2362 compendium
726 2322 816 2361 gratiae
834 2323 867 2352 ad
882 2324 989 2363 plenam

252 2360 365 2389 salutem
375 2367 545 2390 revertentes.
558 2362 629 2391 Nam
637 2372 722 2400 neque
731 2361 796 2401 legis
808 2372 888 2391 onera
900 2371 988 2403 porta-

251 2407 357 2434 verunt,
368 2400 439 2429 sicut
455 2400 554 2438 Judaei,
568 2411 615 2430 nec
634 2400 800 2431 seductiones
820 2413 902 2441 passae
925 2411 988 2433 sunt

251 2437 420 2468 diversorum
433 2449 565 2478 errorum,
574 2440 799 2479 quemadmodum
811 2441 862 2470 illi.
877 2442 922 2471 At
934 2443 986 2472 ille

624 1385 687 1407 uvat
699 1378 816 1407 animam
829 1378 864 1407 ad
874 1377 1006 1417 justitiam
1021 1382 1039 1406 C

865 130 950 155 OPUS
975 130 1213 154 IMPERFECTUM

1062 192 1239 231 respondens
1248 192 1303 222 uni
1313 191 1500 228 eorum‚da·oei1
1509 202 1518 220 ε
1529 191 1646 229 Amice,
1655 202 1717 221 non
1715 191 1805 237 facio

1064 233 1116 261 tibi
1125 233 1274 271 injuriam.
1291 232 1365 271 Ergo
1378 230 1419 260 illi
1431 241 1485 261 non
1495 230 1633 268 dolebant,
1645 242 1722 270 quast
1731 232 1806 262 frau-

1062 271 1118 301 dati
1131 271 1165 301 de
1181 270 1301 300 mercede
1314 281 1374 306 sua,
1387 270 1434 300 sed
1467 271 1511 300 uia
1529 271 1573 301 illi
1586 271 1704 311 amplius
1723 282 1805 310 quam

1062 311 1233 340 merebantur
1249 317 1414 351 acceperant.
1440 281 1502 340 ὃσα
1519 317 1558 340 est
1577 311 1649 340 enim
1662 312 1805 356 proprium

1063 350 1173 380 invidiae
1190 362 1197 378 ε
1213 350 1321 389 quando
1343 350 1421 380 alteri
1441 349 1545 389 aliquid
1557 350 1678 388 additur,
1693 361 1732 380 stc
1752 350 1804 381 do-

1063 389 1223 425 lentinvidi‚
1235 390 1312 428 quasi
1323 389 1379 419 illis
1388 390 1423 419 sit
1434 389 1539 428 aliquid
1549 389 1724 426 subductum,
1731 390 1806 429 quod

1064 429 1106 459 illi
1125 436 1165 459 est
1181 429 1304 459 additum
1319 442 1325 458 ε
1341 436 1369 459 ut
1391 436 1446 466 uta,
1462 429 1485 458 si
1498 429 1598 459 viderit
1614 429 1673 459 fieri
1686 429 1807 469 aliquem

1065 468 1202 504 ditiorem,
1211 476 1287 509 putat
1300 469 1356 499 invi
1379 479 1408 498 us
1420 480 1447 499 se
1461 479 1606 509 pauperem
1615 469 1728 507 factu1n;
1737 469 1761 498 si
1769 468 1808 498 al-

1065 515 1105 538 ter
1117 509 1262 548 sapientior
1274 509 1357 538 suerit
1369 509 1464 546 sactus,
1476 508 1512 538 ita
1522 508 1596 538 dolet
1614 509 1691 547 quasi
1702 508 1760 548 ipse
1771 509 1807 538 sit

1065 548 1193 588 insipiens
1205 549 1301 578 factus.
1312 548 1444 588 intelligis
1458 548 1521 587 quia
1533 558 1568 578 ex
1581 558 1649 578 vana
1661 548 1747 588 gloria
1758 558 1807 578 na-

1064 595 1148 617 scitur
1159 588 1262 618 invidia
1269 589 1283 617 ?
1291 589 1361 618 Nam
1370 587 1431 618 ideo
1444 588 1518 618 dolet
1528 598 1584 617 esse
1595 587 1806 627 secundus‚quia
1830 590 1837 599 ⁸

1064 626 1196 657 desiderat
1210 638 1265 657 esse
1278 628 1364 668 prior.
1379 628 1427 657 Sic
1447 634 1530 658 erunt
1545 628 1693 657 novissimi
1707 629 1805 667 primi,

1065 674 1094 697 et
1113 668 1201 706 primi
1214 669 1374 697 novissimi.
1391 667 1482 697 Multi
1503 674 1570 696 sunt
1589 668 1700 704 vocati,
1716 668 1807 706 pauci

1064 716 1135 735 vero
1145 707 1239 736 electi.
1253 708 1398 746 Postquam
1412 706 1537 747 superius
1546 706 1581 736 de
1588 705 1692 736 Judaeis
1704 713 1730 736 et
1742 716 1806 746 gen-

1063 745 1137 775 tibus
1144 745 1213 775 hanc
1221 746 1306 786 ipsam
1314 747 1427 776 dixisset
1435 746 1603 781 sententiam,
1609 747 1651 775 Et
1661 747 1712 786 qui
1719 753 1805 776 erunt
1815 755 1900 778 nauh.

1061 787 1148 824 primi
1161 788 1320 823 novissimi,
1333 793 1361 816 et
1383 790 1530 816 novissimi
1549 787 1636 825 primi
1651 797 1657 814 ι
1680 785 1805 816 videlicet
1814 785 1852 810 3⁰·

1062 824 1126 863 quia
1139 825 1228 855 Judaei
1241 833 1268 855 et
1281 826 1308 855 in
1323 826 1410 866 primo
1426 826 1485 855 loco
1495 825 1583 856 vocati
1593 833 1656 855 sunt
1666 832 1727 855 ante
1738 835 1803 865 gen-

1063 870 1113 900 tes,
1128 864 1156 893 in
1170 865 1286 895 secundo
1308 873 1397 895 autem
1410 865 1506 895 salvati
1531 871 1594 895 sunt
1617 872 1678 906 post
1702 872 1803 904 gentes,

1063 902 1214 933 introduxit
1229 905 1384 944 parabolam
1404 905 1493 935 istam.
1508 906 1543 934 Et
1557 911 1587 934 ut
1601 915 1804 944 cognoscamus,

1061 942 1126 980 quia
1138 942 1173 972 ad
1186 944 1424 975 manifestationem
1435 943 1643 984 praecedentium
1658 943 1806 975 verborum

1062 981 1131 1011 hanc
1142 984 1299 1022 parabolam
1319 983 1482 1021 introduxit,
1497 983 1556 1013 ideo
1570 983 1597 1013 in
1611 983 1665 1013 fine
1678 983 1736 1013 e'us
1747 994 1806 1013 eam

1061 1021 1149 1060 ipsam
1166 1023 1323 1052 sententiam
1346 1023 1462 1068 repetiit,
1477 1034 1558 1063 quam
1580 1034 1662 1064 supra
1709 1023 1804 1052 'xerat.

1062 1063 1118 1090 Aut
1142 1061 1202 1091 ideo
1218 1063 1322 1103 primos
1335 1062 1401 1093 dicit
1412 1062 1572 1093 novissimos
1585 1063 1702 1098 futuros,
1713 1069 1739 1092 et
1752 1073 1801 1092 no-

1061 1099 1186 1131 vissimos
1197 1103 1311 1141 primos,
1325 1113 1379 1132 non
1401 1109 1431 1131 ut
1444 1102 1583 1132 novissimi
1604 1101 1741 1141 digniores
1752 1101 1806 1133 sint

1061 1150 1143 1178 quam
1156 1141 1248 1180 primi,
1263 1141 1309 1171 sed
1324 1148 1355 1171 ut
1366 1148 1545 1180 coaequentur.
1563 1140 1638 1171 Dicit
1652 1141 1725 1182 enim
1737 1152 1803 1181 pro-

1059 1180 1141 1219 pheta
1157 1184 1169 1196 ⁸
1187 1181 1291 1219 Esaias,
1315 1181 1408 1212 volens
1427 1181 1549 1211 omnium
1571 1188 1708 1211 santorum
1722 1191 1803 1211 unam
1811 1189 1879 1212 usai.
1889 1196 1904 1212 ι

1059 1219 1197 1249 ostendere
1211 1221 1386 1259 vocationem,
1396 1228 1423 1251 et
1436 1221 1539 1250 nullam
1552 1221 1622 1251 inter
1634 1231 1679 1250 eos
1690 1231 1746 1250 esse
1752 1219 1805 1251 dif-
1812 1226 1835 1243 ⁶³
1843 1220 1882 1244 ⁶²·
1897 1221 1904 1244 i

1057 1259 1196 1288 ferentiam
1209 1261 1337 1300 temporis
1344 1261 1506 1299 causa,dicit
1519 1262 1639 1290 omnium
1650 1267 1804 1291 sanctorum

1059 1298 1228 1327 *numerum
1251 1310 1308 1329 esse
1332 1301 1409 1339 quasi
1431 1311 1568 1330 coronam.
1585 1301 1662 1331 Sicut
1679 1300 1752 1330 enim
1773 1300 1803 1331 in

1059 1346 1168 1372 corona,
1183 1348 1245 1366 cum
1259 1338 1293 1367 sit
1314 1340 1440 1376 rotunda,
1456 1340 1525 1368 nihil
1539 1340 1660 1370 invenies
1672 1339 1746 1379 quod
1759 1339 1803 1370 vi-

1058 1374 1153 1404 deatur
1167 1387 1224 1405 esse
1248 1377 1355 1407 initium
1375 1386 1421 1408 aut
1442 1379 1525 1408 finis:
1547 1379 1587 1408 sic
1606 1379 1675 1409 inter
1686 1386 1802 1415 sanctos,

1058 1421 1188 1453 quantum
1199 1415 1235 1445 ad
1250 1423 1355 1456 tempus
1369 1418 1396 1448 in
1410 1419 1459 1448 illo
1472 1418 1583 1454 saeculo,
1596 1428 1673 1447 nemo
1687 1419 1802 1448 novissi-

1057 1464 1118 1485 mus
1129 1453 1239 1500 dicitur,
1255 1466 1332 1486 nemo
1343 1458 1457 1497 primus.
1470 1457 1537 1487 Ideo
1550 1468 1613 1497 ergo
1627 1457 1728 1496 quihus
1750 1457 1802 1487 da-

1056 1499 1116 1522 tum
1136 1500 1175 1522 est
1190 1504 1311 1533 primum
1323 1497 1408 1534 nasei,
1424 1497 1568 1527 novissime
1582 1504 1799 1527 remunerantur.

1056 1532 1093 1561 Et
1107 1533 1171 1571 quia
1184 1534 1267 1563 sancti
1286 1536 1364 1573 quasi
1381 1547 1478 1565 corona
1500 1543 1578 1566 erunt
1595 1536 1710 1575 aequales
1726 1547 1734 1564 ε
1751 1536 1800 1575 qui

1056 1572 1200 1601 novissime
1219 1574 1275 1603 nati
1299 1582 1373 1611 sunt,
1389 1576 1469 1615 primi
1483 1582 1697 1612 remunerantur,
1713 1582 1744 1606 ut
1755 1574 1798 1605 illi

1811 1302 1904 1325 'mu-a

1054 1610 1131 1640 illam
1145 1611 1166 1650 †
1177 1612 1291 1650 gloriam
1305 1613 1442 1651 habentes,
1455 1614 1497 1644 isti
1512 1626 1559 1655 per
1572 1615 1642 1645 hanc
1659 1625 1798 1662 coaequenj
1807 1623 1904 1651 teratu

1056 1656 1109 1680 tur.
1120 1651 1202 1688 Quod
1213 1659 1303 1682 autem
1316 1653 1393 1691 dicit,
1408 1654 1501 1684 Mulli
1511 1661 1578 1684 sunt
1591 1656 1701 1691 vocati,
1709 1665 1798 1694 pauca

1054 1700 1124 1719 vero
1145 1691 1239 1728 electi,
1253 1702 1306 1721 non
1319 1692 1355 1722 ad
1375 1694 1527 1734 superiores
1541 1701 1645 1724 sanctos
1704 1694 1795 1731 minet,

1053 1729 1100 1758 sed
1120 1729 1155 1759 ad
1175 1738 1264 1770 gentes
1280 1742 1288 1759 ε
1308 1734 1437 1771 quoniam
1457 1744 1492 1763 ex
1510 1734 1519 1763 i
1539 1734 1578 1764 sis
1617 1734 1670 1764 ent*
1692 1744 1732 1772 us,
1747 1733 1798 1774 qui

1054 1769 1134 1799 multi
1147 1771 1238 1800 vocati
1251 1779 1321 1808 sunt,
1336 1773 1416 1812 pauci
1429 1780 1493 1803 sunt
1506 1744 1593 1814 eligen
1614 1774 1636 1803 i.

1213 1877 1347 1906 Humilia
1356 1888 1449 1908 xxxv.
1462 1888 1500 1907 ex
1513 1888 1576 1918 cap.
1590 1889 1644 1908 xx.

1093 1968 1140 1997 17.
1164 1969 1206 1997 Et
1225 1968 1384 1997 ascendens
1397 1969 1484 1998 Jesus
1506 1969 1736 2006 Jerosolymam.
1751 1980 1795 2000 as-

1051 2009 1153 2036 sumsit
1160 2008 1310 2036 duodecim
1324 2008 1482 2047 discipulos
1491 2015 1608 2045 secreto,
1617 2014 1646 2037 et
1657 2011 1701 2038 ait
1712 2009 1773 2039 illis
1785 2021 1792 2039 :

1052 2047 1100 2076 18.
1120 2048 1199 2075 Ecce
1215 2048 1398 2076 ascendimus
1409 2047 1638 2083 lerosolymam,
1654 2055 1682 2077 et
1695 2049 1793 2079 Filius

1051 2086 1175 2115 hominis
1183 2085 1313 2115 tradetur
1317 2088 1495 2126 principibus
1502 2087 1685 2116 sacerdotum
1691 2094 1720 2117 et
1726 2090 1794 2117 scri-

1050 2127 1105 2162 bis,
1121 2132 1147 2155 et
1159 2126 1397 2155 condemnabunt
1420 2137 1485 2155 eum
1503 2133 1602 2163 morte,
1617 2128 1662 2156 19.
1684 2134 1713 2156 et
1734 2134 1794 2157 tra-

1048 2167 1119 2195 dent
1129 2175 1194 2195 eum
1201 2167 1335 2205 gentibus
1346 2166 1388 2195 ad
1399 2166 1586 2195 illudendum
1596 2173 1623 2195 et
1623 2166 1790 2208 flagellan-

1048 2206 1128 2241 dum,
1137 2211 1166 2234 et
1185 2205 1421 2244 crucifigendum,
1433 2212 1461 2234 et
1477 2207 1564 2235 tertia
1584 2205 1631 2235 die
1651 2217 1734 2236 resur
1753 2213 1790 2237 et.

1046 2247 1096 2274 20.
1118 2246 1144 2276 T
1143 2256 1198 2274 unc
1216 2247 1336 2274 accessit
1349 2246 1390 2274 ad
1402 2255 1468 2274 eum
1485 2251 1579 2275 mater
1585 2245 1717 2285 filiorum
1758 2257 1788 2276 e-

1047 2286 1148 2322 bedoei,
1159 2295 1224 2314 cum
1228 2284 1301 2322 filiis
1309 2286 1380 2321 suis,
1392 2285 1520 2315 adorans
1527 2292 1554 2314 et
1561 2292 1663 2324 petens
1671 2286 1791 2326 aliquid

1046 2326 1083 2354 ab
1095 2335 1140 2354 eo.
1156 2326 1206 2354 21.
1216 2325 1274 2363 Qui
1285 2325 1359 2353 dixit
1374 2325 1410 2361 ei,
1423 2325 1500 2363 Quid
1511 2326 1579 2354 vis?
1592 2324 1649 2354 Ait
1659 2325 1717 2361 illi,
1728 2325 1788 2354 Dic

1045 2370 1077 2393 ut
1093 2365 1214 2393 sedeant
1228 2364 1261 2393 1ιί
1268 2365 1326 2393 duo
1333 2365 1399 2404 filii
1412 2365 1478 2402 mei,
1493 2374 1568 2394 unus
1582 2364 1624 2394 ad
1634 2365 1786 2394 dexteram

1045 2410 1167 2440 tuam,et
1180 2414 1255 2434 unus
1263 2404 1303 2432 ad
1309 2406 1457 2434 sinistram
1465 2406 1495 2433 in
1506 2414 1593 2444 regno
1606 2409 1664 2433 tuo.
1676 2404 1786 2434 mlie-

1042 2444 1187 2482 spondens
1205 2451 1304 2474 autem
1326 2444 1426 2482 Jesus,
1446 2443 1542 2473 dcxit:
1563 2444 1692 2474 Nescitis
1712 2443 1787 2484 quid

283 2537 293 2549 ss
310 2530 413 2555 Esaias.
422 2530 463 2556 Sic
473 2532 503 2556 V.
517 2532 547 2556 D.
558 2538 583 2556 et
597 2531 664 2557 Editi
677 2533 702 2558 in
715 2541 794 2566 marg.
803 2532 884 2558 Iidem
896 2535 921 2559 in
934 2539 1004 2559 textu
1021 2534 1131 2567 Esdras,
1143 2535 1216 2561 male.
