1890 2826
108 520 161 542 Luc.
178 526 197 542 ι.
207 519 244 542 28.

100 984 185 1007 Ibid.v.
198 984 238 1008 31·

98 1083 186 1105 Manli.
202 1089 221 1105 Ι.

98 1120 136 1135 2!-

97 1314 166 1335 Maria
183 1322 239 1342 quo-

97 1346 152 1366 tidie
175 1345 239 1367 beata

96 1377 188 1398 dicitnr.

97 1454 153 1475 Luc.
166 1460 185 1476 1.
198 1453 238 1478 68.

97 1489 118 1506 et
127 1483 166 1515 48.

95 2143 232 2172 Luc.11.27.

94 2374 150 2396 Gen.
161 2374 183 2396 3.
194 2379 233 2405 τ’).

267 168 337 216 594

258 240 368 277 fuerim,
382 239 499 269 liberare
515 251 521 268 :
537 239 576 269 sic
590 239 783 280 muctaeVirgo
795 239 824 269 in
835 239 937 280 regiam
951 250 1002 270 vo—

257 292 325 322 cata,
340 292 370 315 ut
391 284 491 316 divinae
504 285 666 325 generationi
694 285 868 324 ministraret,
893 285 1003 316 insolito

256 332 353 361 donata
367 338 455 372 partu,
469 331 539 361 hanc
552 331 668 372 primam
681 331 794 372 gratiam
801 330 879 372 petit,
886 331 942 362 imo
954 342 1003 361 ac-

256 378 333 418 cipit.
347 378 418 415 Quia
431 388 484 407 non
497 377 609 408 decebat
621 378 710 418 culpae
719 378 864 408 obnoxiam
876 378 1003 409 seminam

257 424 397 453 innoxium
408 423 528 463 gignere,
549 424 621 454 venit
634 424 657 454 is
671 424 717 464 qui
736 424 824 464 primo
835 424 902 455 Evae
915 424 1002 454 tristi-

256 471 320 500 tiam
332 482 379 511 per
401 470 531 510 gaudium
547 470 639 501 solvit.
655 471 739 502 Venit
751 471 863 511 angelus
891 471 1001 511 Virgini

255 516 365 546 dicens:
386 517 454 547 Ave
475 518 573 556 gratia
591 517 693 557 plena.
708 518 781 546 Tum
804 527 853 557 per
865 517 935 548 Ave
953 528 1001 547 seu

256 563 360 593 Gaude
375 562 457 600 illud,
467 563 582 592 tristitiae
598 563 742 594 vinculum
751 562 844 593 solvit.
854 565 921 593 Ave
926 576 939 599 ;
951 574 999 594 ve-

251 609 291 638 nit
302 609 323 638 is
331 608 379 647 qui
392 608 473 638 solvit
482 608 627 639 tristitiam.
639 609 671 639 A
675 619 708 638 ve
717 610 814 649 gratia
820 609 922 649 plena,
935 610 999 649 quia

250 655 377 684 hactenus
386 654 527 684 maledicto
534 655 663 685 obnoxia.
674 654 726 685 Hic
737 654 787 684 Dei
796 654 999 694 gratiamanim-

249 700 369 731 adverte.
392 699 461 731 Ave
475 702 574 741 gratia
594 701 696 741 plena,
719 701 866 731 Dominus
891 707 996 731 tecum.

249 746 321 784 Quia
330 746 446 777 cumilla
455 757 564 787 serpens
571 747 599 776 in
608 746 726 784 tristitia,
733 746 830 787 gaude,
838 747 902 787 quia
910 754 997 778 tecum

248 800 288 822 est
301 794 384 822 Deus.
401 795 440 822 Ac
463 793 527 823 vide
540 792 629 833 angeli
647 803 751 830 vocem,
767 793 903 835 quomodo
913 799 996 823 totam

247 838 351 869 Christi
361 839 586 879 dispensationem
595 839 724 879 explicat.
746 839 780 868 A
782 850 816 869 ve
828 842 926 880 gratia
934 841 996 880 ple-

248 896 299 915 na.
324 885 395 923 Quia
421 885 469 915 illa
490 885 629 926 duplicem
649 885 865 916 maledictionem
882 887 994 927 aceepit,

247 932 384 962 tristitiam
398 939 424 962 et
439 932 568 972 gemitum
582 938 687 972 partus,
696 931 801 961 inducit
814 939 932 972 partum,
946 933 995 972 qni

247 979 334 1009 solvat
351 979 469 1019 priorem
481 978 560 1008 illum
573 985 693 1019 partum.
705 979 784 1008 Ecce
804 980 949 1018 concipies
961 982 994 1009 in

248 1032 340 1063 utero,
353 1033 380 1055 et
391 1027 489 1065 paries
496 1024 612 1065 filium,
623 1031 650 1054 et
667 1024 788 1054 vocabis
808 1035 914 1054 nomen
926 1027 991 1065 ejus

246 1074 360 1103 Jesum.
382 1075 449 1112 Ipse
477 1073 554 1101 enim
582 1071 698 1101 salvum
722 1072 823 1113 saciet
851 1072 992 1111 populum

246 1129 358 1148 sauma
373 1120 502 1158 peccatis
518 1128 627 1147 eorum.
643 1118 755 1147 Patrum
768 1123 876 1147 tuorum
886 1124 993 1158 peecata

246 1166 327 1196 solvit
340 1166 434 1204 quiex
447 1165 583 1194 tefructus
596 1164 692 1194 oritur.
707 1165 768 1194 Jam
778 1171 879 1194 mutata
888 1175 930 1195 res
939 1172 990 1196 est.

247 1212 381 1240 Hactenus
402 1211 450 1250 qui
475 1212 562 1241 Evam
582 1209 738 1247 audiebant,
751 1210 879 1240 miseram
893 1210 992 1251 praedi·

247 1258 342 1287 cabant
358 1269 364 1285 :
382 1259 432 1288 Vae
453 1257 556 1286 miserae
570 1268 579 1285 .·
601 1262 728 1295 quantam
742 1256 856 1295 gloriam
876 1257 966 1286 amisit
981 1256 989 1286 l

247 1314 291 1333 vae
316 1304 419 1333 miserae
428 1315 437 1332 ε
451 1310 549 1342 quanta
574 1313 652 1342 passa
673 1309 712 1332 est
726 1301 734 1331 l
756 1301 844 1332 Maria
870 1302 992 1341 quotidie

247 1349 369 1380 omnium
382 1360 448 1381 voce
458 1349 633 1386 audit‚Beata
641 1359 647 1376 τ
655 1358 717 1378 sane
729 1348 810 1388 plena
822 1348 926 1388 Spiritu
935 1359 992 1378 san-

246 1403 300 1427 cto.
308 1398 347 1426 Ac
356 1395 467 1426 demum
472 1395 622 1426 vaticinans
633 1395 724 1434 Virgo
734 1394 799 1424 audi
813 1393 882 1434 quid
894 1394 968 1424 dicat
981 1407 988 1425 ε

247 1443 421 1472 Benedictus
433 1442 579 1471 Dominus
593 1441 674 1470 Deus
684 1440 789 1477 Israel,
803 1441 874 1480 quia
897 1451 990 1481 respe-

243 1488 277 1516 xi
278 1493 289 1515 t
294 1487 481 1517 humilitatem
486 1485 605 1515 ancillae
609 1496 669 1515 suae
675 1497 685 1514 .-
692 1495 728 1515 ετ
733 1486 788 1514 Ιιοε
792 1486 870 1514 enim
877 1487 990 1515 beatam

245 1543 292 1562 me
314 1534 413 1563 dicent
427 1542 526 1562 omnes
545 1533 759 1572 generationes.
773 1532 812 1561 Ut
826 1531 947 1561 ostendat
961 1542 990 1562 se

243 1590 383 1621 personam
398 1580 462 1610 Evae
475 1586 590 1619 gestare,
601 1581 648 1609 Me
660 1578 695 1608 ad
710 1579 760 1609 hoc
775 1589 860 1618 usque
871 1586 988 1619 tempus,

243 1626 342 1665 inquit,
357 1624 525 1655 contumeliae
550 1624 681 1661 habitam,
693 1635 728 1653 ex
746 1630 804 1654 tum
826 1625 931 1655 beatam
944 1625 990 1655 di-

243 1679 302 1702 cent
327 1682 419 1702 omnes
433 1670 626 1711 generationes.
650 1671 686 1700 Et
708 1670 785 1709 quid,
810 1670 927 1710 inquies,
947 1671 990 1700 illi

242 1719 360 1760 prodest,
376 1730 439 1748 cum
453 1729 506 1748 non
523 1717 636 1747 audiat?
657 1719 692 1747 At
705 1728 796 1748 revera
810 1717 899 1756 audit,
914 1718 989 1759 quod

241 1766 276 1795 sit
293 1767 321 1795 in
331 1765 473 1806 splendido
491 1765 562 1801 loco,
574 1764 601 1793 in
624 1764 732 1803 regione
748 1764 886 1801 vivorum,
904 1772 989 1795 mater

241 1812 348 1848 salutis,
358 1812 417 1841 sons
434 1811 513 1848 lucis,
526 1820 585 1849 qua‘.
599 1816 624 1839 et
636 1820 716 1839 sensu
728 1817 754 1839 et
766 1817 852 1840 mente
867 1811 986 1851 percipi-

241 1865 302 1897 tur;
316 1868 395 1888 sensu
406 1864 515 1897 propter
523 1867 641 1891 carnem,
656 1863 743 1885 mente
757 1863 867 1897 propter
881 1857 985 1887 divini-

241 1911 332 1934 tatem.
358 1905 403 1934 Sic
416 1903 505 1942 itaque
517 1913 628 1942 prorsus
648 1902 724 1931 beata
742 1903 913 1942 praedicatur.
929 1905 988 1934 Imo

241 1948 323 1977 etiam
335 1947 403 1977 dum
415 1947 522 1977 viveret
535 1946 563 1975 in
575 1956 665 1983 carne,
676 1947 752 1975 beata
765 1947 983 1987 praedicabatur.-

241 1994 348 2025 audivit
368 1994 442 2023 enim
457 1991 650 2022 beatitudinem
663 1992 740 2022 illam
762 2003 824 2023 cum
843 1993 933 2023 adhuc
957 1993 986 2023 in

242 2050 321 2069 carne
336 2046 414 2068 esset.
428 2039 479 2068 Illa
500 2037 588 2079 primo
607 2038 725 2076 vidit,a‹:
739 2038 836 2069 deinde
847 2050 881 2069 ex
891 2040 988 2070 arbore

242 2085 377 2125 gustavit;
393 2085 450 2113 haec
462 2084 550 2124 primo
565 2083 647 2120 dixit,
663 2091 688 2114 et
710 2091 774 2114 tunc
793 2085 987 2115 beatitudinem

243 2131 360 2161 audivit.
373 2132 446 2160 Cum
462 2130 535 2159 enim
553 2128 679 2159 Salvator
692 2129 810 2168 doceret,
828 2131 987 2161 Extollens

241 2188 344 2207 vocem
358 2177 494 2217 quoedam
506 2176 610 2205 mulier
620 2177 656 2205 de
665 2179 760 2214 turba,
769 2177 871 2207 eunctis
880 2177 988 2208 audien-

241 2224 324 2260 tibus,
337 2224 403 2253 dicit
416 2223 458 2253 illi
474 2236 480 2252 :
496 2225 604 2253 Beatus
619 2229 734 2259 venter,
749 2226 799 2263 qui
814 2231 841 2254 te
848 2228 985 2264 portavit,

240 2278 269 2300 et
280 2272 370 2300 ubera
380 2280 445 2311 quoe
454 2270 567 2299 suxisti.
575 2270 707 2299 Caeterum
714 2269 740 2298 in
751 2269 854 2299 Adamo
863 2271 988 2311 implevit

240 2317 316 2347 Deus
333 2316 499 2352 sententiam,
511 2315 566 2344 imo
586 2325 649 2346 vero
666 2315 826 2355 poenitentiae
842 2317 983 2355 medelam,

240 2361 329 2400 aitque
343 2372 350 2388 z
365 2361 442 2400 Quia
456 2361 564 2389 audisti
571 2369 673 2388 vocem
681 2361 779 2389 uxoris
790 2366 856 2397 tuae,
871 2369 897 2390 ec
906 2372 984 2391 com-

240 2408 326 2436 edisti
336 2407 372 2435 de
385 2406 476 2445 ligno,
489 2415 526 2434 ex
538 2415 594 2444 quo
601 2414 794 2444 praeceperam
805 2407 857 2435 tibi
869 2417 988 2437 necom-

240 2452 349 2488 ederes,
368 2450 526 2479 maledicta
542 2455 618 2478 terra
641 2450 674 2477 in
694 2450 827 2488 operibus
840 2453 984 2481 cuis.Rur-

240 2507 286 2525 sus
293 2497 340 2535 qui
352 2494 509 2525 benedictus
519 2494 614 2530 fuerat,
624 2493 837 2524 maledictionem
844 2504 895 2524 non
903 2496 984 2525 susci-

1018 526 1036 549 B

1006 2093 1025 2117 Ε

962 179 1144 203 SEVEMAM

1060 241 1162 279 μῆσαι,
1182 240 1232 269 κᾶν
1251 235 1316 270 ὦσιν
1336 241 1364 270 ἐν
1378 241 1497 283 ἀνάγκῃ,
1519 244 1651 273 ἀπολῦσαι
1663 255 1669 262 ·
1684 243 1754 274 οὕτω
1763 245 1834 280 κλη·

1059 288 1135 316 θεῖσα
1146 289 1163 323 ἡ
1178 285 1240 326 ἁγία
1261 286 1390 327 παρθένος
1408 289 1446 322 εἷς
1467 288 1502 318 τὰ
1523 289 1645 329 βασίλεια
1660 289 1833 330 ὗτιηρετήσα-

1058 335 1119 362 σθαι
1128 334 1162 373 τῇ
1171 332 1228 372 θείᾳ
1238 332 1369 372 γεννήσει,
1379 334 1490 364 ἐλθοῦσα
1499 336 1537 369 εἷς
1546 335 1619 370 ξένας
1629 335 1723 370 ὠδῖνας
1732 336 1833 372 ταύτην

1057 378 1166 419 πρώτην
1188 380 1256 408 αἰτεῖ
1277 378 1368 420 χάριν,
1388 381 1490 419 μᾶλλον
1510 381 1538 412 δὲ
1561 382 1703 421 λᾶμὸάνει.
1717 382 1830 419 Ἐπειδὴ

1056 425 1104 454 οὐκ
1115 424 1213 465 ἔπρεπε
1226 424 1275 461 τὴν
1286 425 1428 456 και-ἄδικον
1437 431 1551 467 γυναῖκα
1561 430 1685 468 γεννῆσαι
1696 428 1741 458 τὸν
1753 428 1830 458 ἀνεύ-

1056 472 1140 507 θυνον,
1163 471 1270 511 ἔρχεται
1291 474 1306 501 6
1330 471 1401 502 λύων
1413 475 1518 513 πρῶτον
1531 475 1579 509 τῆς
1593 473 1664 508 Εὔας
1678 474 1726 510 τὴν
1741 475 1830 511 λύπην

1056 516 1099 545 διὰ
1112 522 1207 557 χαρᾶς.
1225 516 1356 558 Ἔρχεται
1375 521 1390 548 6
1412 519 1522 558 ἅγγελος
1544 518 1628 558 λέγων
1644 522 1677 560 τῇ
1691 521 1830 562 παρθένῳ,

1055 564 1140 603 Χαῖρε
1162 563 1375 604 κεχαριτωμένη.
1394 560 1463 595 Εἶτα
1481 565 1525 594 διὰ
1537 569 1583 595 τοῦ
1604 566 1688 606 Χαῖρε
1708 566 1766 596 λύει
1784 566 1829 596 τὸν

1055 609 1150 649 δεσμὸν
1165 612 1212 646 -ιῆς
1228 610 1322 648 λύπης.
1336 611 1422 652 Χαῖρε
1432 623 1438 631 ·
1453 607 1532 648 ἦλθεν
1551 615 1567 642 6
1583 611 1653 642 λύων
1672 612 1720 652 τὴν
1731 612 1830 649 λύπην.
1873 632 1879 637 -

1054 655 1138 695 Χαῖρε
1151 653 1353 696 κεχαριτωμένη
1362 669 1369 676 ·
1385 657 1479 695 ἐπειδὴ
1495 657 1544 693 ἕως
1556 660 1601 688 νῦν
1615 659 1828 700 κεκατηραμένη.

1053 695 1119 731 ’Ὧδε
1133 702 1248 743 πρόσεχε
1262 704 1296 743 τῇ
1310 706 1357 733 τοῦ
1370 704 1441 734 Θεοῦ
1455 703 1557 744 χάριτι.
1578 705 1663 745 Χαῖρε
1677 717 1828 746 κεχαριτω-

1053 747 1119 787 μένη
1133 760 1140 767 ·
1155 751 1170 778 6
1190 748 1288 790 Κύριος
1309 750 1380 789 μετὰ
1404 752 1461 780 σοῦ.
1481 749 1593 787 Ἐπειδὴ
1619 752 1678 790 μετ’
1700 751 1800 788 ἐκείνης
1814 754 1828 782 6

1052 794 1109 835 ὄφις
1123 796 1149 824 ἐν
1163 795 1250 835 λύπῃ,
1263 800 1341 837 χαῖρε
1352 818 1360 832 ,
1375 796 1466 833 ἐπειδὴ
1481 796 1549 836 μετὰ
1568 799 1614 828 σοῦ
1637 799 1651 827 6
1673 796 1752 831 Θεός.
1774 798 1828 828 Καὶ

1051 841 1134 880 βλέπε
1152 841 1200 878 τὴν
1219 841 1308 880 φωνὴν
1327 845 1373 871 τοῦ
1398 842 1527 882 ἀγγέλου,
1539 845 1596 880 πῶς
1608 844 1672 880 ὅλην
1688 843 1828 884 ἑρμηνεῦει

1050 888 1096 915 τοῦ
1122 886 1239 926 Χριστοῦ
1260 885 1308 922 τὴν
1323 886 1486 926 οἰκονομίαν.
1509 888 1595 928 Χαῖρε
1615 888 1827 929 κεχαριτωμένη.

1049 931 1161 968 Ἐπειδὴ
1176 931 1263 969 ἐκείνη
1277 932 1372 969 διπλῆν
1385 932 1464 962 ἔλαὸε
1478 933 1608 973 κατάραν,
1621 934 1670 971 τὴν
1679 933 1766 971 λύπην
1779 934 1826 964 καὶ

1048 977 1093 1007 τὸν
1108 977 1255 1018 στεναγμὸν
1269 977 1314 1008 τὸν
1328 978 1373 1008 ἐπὶ
1385 980 1439 1008 τῶν
1452 978 1562 1016 ὠδίνων,
1576 979 1679 1020 εἰσάγει
1691 980 1736 1010 τὸν
1747 992 1825 1010 τοκε-

1048 1022 1093 1052 τὸν
1107 1022 1152 1053 τὸν
1174 1022 1272 1053 λύοντα
1291 1025 1389 1055 ἐκεῖνον
1403 1024 1448 1054 τὸν
1471 1024 1556 1055 τόκον.
1571 1025 1639 1056 Ἰδοὺ
1661 1026 1783 1067 συλλήψῃ
1797 1027 1825 1056 ἐν

1047 1069 1162 1110 γαστρὶ,
1176 1069 1222 1099 καὶ
1235 1069 1297 1110 τέξῃ
1310 1070 1377 1109 υἱὸν,
1393 1070 1439 1101 καὶ
1453 1070 1574 1106 καλέσεις
1590 1071 1620 1102 τὸ
1639 1072 1723 1112 ὄνομα
1744 1074 1824 1103 αὐτοῦ

1049 1115 1163 1152 Ἰησοῦν.
1177 1115 1262 1150 Αὐτὸς
1281 1115 1332 1157 γὰρ
1352 1116 1433 1147 σώσει
1457 1116 1502 1147 τὸν
1525 1117 1589 1148 λαὸν
1603 1119 1683 1148 αὖτοῦ
1697 1118 1750 1148 ἀπὸ
1769 1119 1824 1148 τῶν

1048 1161 1184 1203 ἁμαρτιῶν
1203 1163 1298 1191 αὐτῶν.
1314 1161 1372 1197 Τὰς
1396 1162 1528 1203 ἁμαρτίας
1551 1165 1604 1193 τῶν
1625 1164 1679 1194 σῶν
1700 1163 1824 1205 πατέρων

1047 1207 1104 1238 λύει
1118 1210 1132 1238 6
1145 1209 1176 1237 ἐκ
1190 1210 1236 1238 σοῦ
1252 1207 1406 1248 βλαστάνων
1415 1208 1535 1249 καρπός.
1555 1208 1657 1239 Λοιπὸν
1671 1209 1823 1248 μετεὸλήθη

1046 1253 1078 1283 τὸ
1089 1259 1210 1294 πρᾶγμα.
1219 1253 1278 1289 Τὴν
1287 1253 1360 1283 Εὔαν
1370 1254 1419 1288 ἕως
1429 1254 1546 1295 σήμερον
1557 1256 1581 1285 οἱ
1595 1254 1734 1290 ἀκούοντες
1743 1257 1824 1286 ταλα-

1046 1299 1157 1333 νίζουσιν
1170 1311 1177 1318 ·
1191 1299 1250 1329 οὐαὶ
1270 1302 1304 1340 τῇ
1327 1299 1422 1340 ἀθλίᾳ,
1437 1300 1493 1334 οἵας
1517 1300 1593 1337 δόξης
1611 1301 1748 1336 ἐξέπεσεν·
1763 1301 1823 1332 οὗαὶ

1044 1348 1079 1386 τῇ
1093 1345 1189 1386 ἀθλία,
1203 1345 1229 1375 τί
1242 1345 1347 1375 ἔπαθεν.
1358 1345 1394 1376 Ἥ
1407 1346 1501 1387 Μαρία
1514 1350 1573 1378 καθ’
1589 1347 1705 1384 ἑκάστην
1717 1347 1821 1389 ἡμέραν

1045 1390 1136 1421 ἀκούει
1161 1391 1236 1431 παρὰ
1258 1391 1365 1421 πάντων
1388 1392 1508 1432 μακαρία
1517 1414 1525 1429 ,
1551 1392 1646 1432 ἀμέλει
1671 1394 1821 1429 πλησθεῖσα

1044 1437 1200 1477 Πνεύματος
1221 1437 1304 1478 ἁγίου.
1326 1437 1380 1468 Καὶ
1394 1438 1462 1475 αὕτη
1476 1441 1494 1475 ἡ
1506 1439 1634 1480 παρθένος
1645 1439 1738 1469 λοιπὸν
1751 1451 1820 1481 προ-

1045 1482 1200 1524 φητεύσασα
1218 1483 1330 1514 ἄκουσον
1354 1483 1382 1514 τί
1403 1483 1492 1524 λέγει·
1515 1485 1667 1525 Εὐλογητὸς
1690 1484 1788 1526 Κύριος
1805 1487 1820 1516 6

1045 1528 1113 1563 Θεὸς
1135 1531 1180 1558 τοῦ
1196 1529 1305 1569 Ἰσραὴλ
1314 1551 1322 1566 ,
1344 1529 1385 1559 ὅτι
1401 1530 1567 1571 ἐπεσκέψατο
1588 1530 1638 1567 τὴν
1659 1531 1818 1561 ταπείνωσιν

1044 1576 1092 1610 τῆς
1112 1574 1206 1611 δούλης
1230 1575 1310 1604 αὐτοῦ
1323 1586 1330 1593 ·
1345 1575 1399 1605 ἀπὸ
1410 1575 1462 1616 γὰρ
1483 1579 1529 1606 τοῦ
1551 1579 1596 1606 νῦν
1610 1575 1770 1617 μακαριοῦσί
1783 1588 1818 1616 με

1043 1625 1128 1650 πᾶσαι
1140 1621 1167 1649 αἱ
1179 1620 1275 1660 γενεαί.
1285 1619 1345 1650 Ἵνα
1359 1620 1428 1661 δείξῃ
1439 1621 1481 1651 ὅτι
1490 1621 1520 1652 τὸ
1531 1621 1673 1663 πρόσωπον
1683 1625 1730 1659 τῆς
1745 1622 1819 1657 Εὔας

1043 1665 1133 1706 φέρει,
1149 1665 1198 1700 ἕως
1211 1669 1265 1702 νῦν,
1277 1666 1366 1707 φησὶν,
1380 1666 1563 1707 ὗὸριζομένην,
1578 1667 1630 1698 ἀπὸ
1644 1671 1690 1698 τοῦ
1703 1671 1749 1698 νῦν
1762 1681 1818 1708 μα-

1042 1712 1164 1752 καριοῦσί
1178 1724 1212 1751 με
1225 1717 1311 1742 πᾶσαι
1328 1714 1356 1742 αἱ
1369 1713 1468 1756 γενεαί.
1484 1713 1538 1744 Καὶ
1549 1714 1590 1750 τί,
1604 1714 1693 1755 φησὶν,
1704 1715 1818 1756 ὠφελεῖ-

1042 1770 1087 1788 ται
1099 1758 1138 1798 μὴ
1153 1757 1300 1796 ἄκούουσα;
1313 1760 1440 1789 Μάλιστα
1455 1759 1503 1799 μὲν
1517 1756 1561 1790 οὖν
1571 1760 1673 1798 ἀκούει,
1687 1762 1718 1791 ἐκ
1728 1763 1774 1791 τοῦ
1788 1762 1816 1792 ἐν

1042 1804 1116 1846 τόπῳ
1129 1807 1257 1846 φωτεινῷ,
1275 1806 1302 1835 ἐν
1315 1805 1392 1846 χώρᾳ
1407 1805 1511 1840 ζώντων
1522 1802 1589 1837 εἶναι
1599 1829 1609 1844 ,
1624 1809 1642 1844 ἡ
1663 1807 1754 1848 μήτι-,ρ
1767 1810 1816 1844 τῆς

1042 1851 1187 1891 σωτηρίας,
1200 1853 1217 1887 ἡ
1231 1850 1306 1890 πηγὴ
1319 1855 1364 1881 τοῦ
1380 1853 1505 1888 αἰσθητοῦ
1519 1853 1605 1894 φωτός
1614 1865 1621 1872 ·
1634 1855 1759 1891 αἰσθητοῦ
1772 1854 1815 1884 διὰ

1041 1897 1089 1934 τὴν
1104 1897 1206 1938 σάρκα,
1221 1901 1314 1933 νοητοῦ
1329 1898 1372 1927 διὰ
1392 1898 1441 1934 τὴν
1461 1899 1585 1937 θεότητα.
1609 1899 1703 1935 Οὕτως
1719 1896 1764 1931 οὖν
1778 1901 1812 1930 δι’

1041 1943 1103 1973 ὅλου
1127 1943 1309 1983 μακαρίζεται.
1324 1943 1404 1974 Ἀλλὰ
1425 1944 1471 1974 καὶ
1484 1947 1521 1979 ὡς
1542 1945 1582 1975 ἔτι
1606 1945 1651 1983 ἔζη
1666 1947 1694 1975 ἐν
1715 1946 1792 1987 σαρκὶ
1801 1970 1813 1983 ‚

1043 1989 1217 2030 ἑμακαρίζετο
1225 2001 1232 2008 ·
1242 1989 1338 2025 ἤκουσε
1349 1989 1400 2030 γὰρ
1410 1993 1455 2020 τοῦ
1468 1995 1638 2032 μακαρισμοῦ
1647 1992 1687 2022 ἔτι
1698 1994 1725 2022 ἐν
1734 1993 1812 2033 σαρκὶ

1043 2031 1118 2065 οὖσα.
1129 2034 1236 2071 Ἐκείνη
1246 2037 1350 2075 πρῶτον
1362 2031 1428 2071 εἶδε,
1439 2036 1484 2066 καὶ
1495 2036 1555 2066 τότε
1565 2038 1691 2077 ἐγεύσατο
1701 2041 1747 2067 τοῦ
1755 2038 1813 2072 δένε

1044 2082 1105 2121 δρου
1118 2093 1124 2100 ·
1140 2082 1206 2117 αὕτη
1220 2083 1324 2122 πρῶτον
1338 2077 1410 2119 εἶπε,
1422 2082 1467 2112 καὶ
1481 2082 1540 2112 τότε
1554 2083 1651 2119 ἤκουσε
1664 2086 1710 2114 τοῦ
1723 2096 1813 2124 μακα-

1045 2131 1150 2168 ρισμοῦ.
1171 2127 1240 2158 Ὅτε
1253 2127 1304 2168 γὰρ
1318 2130 1333 2158 6
1346 2129 1442 2170 Σωτὴρ
1456 2129 1601 2167 ἐδίδασκεν,
1621 2131 1724 2171 Ἐπῆρε
1744 2132 1811 2171 γυνή

1044 2186 1083 2207 τις
1097 2173 1184 2214 φωνὴν
1207 2175 1238 2204 ἐκ
1259 2177 1305 2203 τοῦ
1331 2174 1420 2215 ὄχλου,
1441 2175 1487 2205 καὶ
1508 2175 1580 2216 λέγει
1602 2177 1684 2217 αὐτῷ,
1706 2178 1812 2208 πάντων

1043 2218 1191 2250 ἀκούοντων
1202 2231 1208 2238 ·
1227 2220 1355 2261 Μακαρία
1369 2223 1385 2256 ἡ
1400 2221 1487 2251 κοιλία
1497 2224 1514 2257 ἡ
1530 2222 1686 2262 βαστάσασά
1704 2235 1734 2253 σε
1744 2245 1753 2260 ,
1767 2224 1812 2254 καὶ

1044 2265 1156 2305 μαστοὶ,
1166 2264 1210 2299 οὓς
1223 2265 1363 2302 ἐθήλασας.
1374 2266 1444 2296 Ἀλλ’
1457 2267 1501 2296 ἐπὶ
1512 2267 1556 2298 τὸν
1566 2267 1650 2307 Ἀδὰμ
1660 2269 1812 2309 ἐπλήρωσεν

1042 2314 1056 2342 6
1071 2311 1139 2346 Θεὸς
1151 2312 1200 2349 τὴν
1214 2313 1356 2353 ἀπόφασιν,
1371 2315 1471 2353 μᾶλλον
1486 2314 1513 2344 δὲ
1526 2314 1573 2351 τὴν
1589 2314 1658 2344 ἴασιν
1671 2317 1719 2351 τῆς
1731 2328 1814 2355 μετα-

1041 2357 1126 2394 νοίας,
1139 2358 1184 2387 καὶ
1197 2358 1268 2398 λέγει
1278 2371 1285 2377 ·
1299 2358 1365 2389 Ὅτι
1378 2359 1493 2395 ἤκουσας
1503 2362 1551 2396 τῆς
1564 2362 1651 2400 φωνῆς
1663 2364 1711 2398 τῆς
1723 2374 1814 2401 γυναι-

1042 2403 1086 2438 κός
1101 2415 1158 2440 σου,
1177 2404 1222 2434 καὶΙ
1244 2404 1337 2445 ἔφαγες
1352 2405 1404 2435 ἀπὸ
1417 2408 1462 2435 τοῦ
1482 2405 1571 2443 ξύλου,
1593 2402 1623 2435 οὗ
1641 2408 1812 2447 ἐνετειλάμην

1042 2460 1083 2478 σοι
1097 2448 1133 2488 μὴ
1148 2453 1250 2490 φαγεῖν,
1262 2449 1454 2490 ἐπικατάρατος
1472 2452 1489 2486 ἡ
1503 2451 1538 2490 γῆ
1551 2452 1578 2480 ἐν
1591 2455 1645 2485 τοῖς
1659 2451 1744 2492 ἔργοις
1755 2465 1811 2483 σου.

1040 2495 1127 2524 Πάλιν
1141 2497 1155 2524 6
1170 2495 1343 2535 εὐλογημένος
1356 2497 1385 2525 οὗ
1397 2496 1528 2535 λαμὸάνει
1546 2496 1595 2533 τὴν
1610 2497 1737 2538 κατάραν,
1751 2500 1810 2528 ἀλλ’

240 2540 291 2579 pit,
313 2539 360 2569 sed
368 2547 446 2569 terra.
455 2539 532 2568 Alius
542 2538 672 2578 peccavit,
680 2538 732 2568 alia
740 2538 859 2569 caeditur.
872 2541 910 2570 Ut
918 2541 982 2570 Evae
992 2564 1029 2584 ΜΩ
1040 2543 1057 2576 ἡ
1072 2543 1116 2580 γῆ.
1128 2540 1220 2575 Ἄλλος
1240 2542 1343 2582 ἥμαρτε
1352 2564 1360 2578 ,
1376 2542 1421 2571 καὶ
1443 2541 1510 2578 ἄλλη
1529 2542 1665 2573 τύπτεται.
1678 2543 1781 2584 Ὥσπερ
1793 2548 1809 2580 ἡ

240 2584 392 2614 maledictio
406 2585 476 2614 :imo
491 2584 580 2624 potius
591 2583 756 2619 emendatio5
773 2594 825 2614 non
840 2585 911 2615 enim
922 2596 979 2615 ma-
1001 2595 1021 2617 Λ
1040 2589 1087 2622 τῆς
1102 2586 1173 2620 Εὔας
1188 2587 1299 2627 κατάρα·
1318 2588 1419 2627 μᾶλλον
1433 2587 1460 2617 δὲ
1479 2590 1495 2624 ἡ
1516 2588 1668 2628 ἐπιτίμησις
1691 2591 1701 2630 (
1709 2591 1738 2620 οὐ
1760 2591 1813 2630 γὰρ
