1904 2840
274 209 344 244 ΜΞ

270 289 322 319 cst,
339 289 368 311 ut
379 281 524 311 secundum
541 281 679 311 modicum
695 287 852 322 angustetur
867 281 942 322 larga
960 291 1010 311 vo·
1028 285 1049 309 Α

271 322 379 351 luntas?
393 321 491 350 Melius
500 327 538 350 est
548 331 623 360 crgo,
639 327 669 351 ut
677 331 746 362 opus
756 320 911 350 ostendatur
918 331 1013 351 secun-

270 361 335 390 dum
348 361 524 397 voluntatem,
537 371 618 399 qnam
631 360 705 401 larga
719 360 844 390 voluntas
856 367 1013 400 angustetur

270 400 417 430 secundum
434 411 514 440 opus.
528 399 671 437 Quomodo
689 411 753 439 ergo
770 410 862 430 omnes
881 409 1012 440 pauperes

270 440 388 469 volentes
405 440 556 469 benefacere
573 440 713 476 confortat,
728 440 846 469 nolentes
859 447 949 469 autem
963 440 1012 469 be·

270 480 388 509 nefacere
409 479 606 508 inexcusabiles
629 479 740 509 reddit?
764 479 820 517 Qui
843 480 916 510 enim
937 489 1013 519 aquae

270 518 373 559 frigidae
396 518 547 549 mercedem
564 519 712 556 constituit,
727 526 794 558 puto
813 518 888 558 quod
907 525 933 549 et
956 518 1014 549 sine

269 569 351 599 opere
361 558 439 589 nudae
449 559 580 589 voluntati
593 558 687 589 reddet
698 558 858 592 mercedem.

430 667 564 697 Humilia
575 668 669 708 xxvij.
682 677 720 697 ex
733 678 797 707 cap.
809 670 852 708 xj.

308 768 339 797 2.
360 769 398 796 In
409 766 463 796 illo
477 773 602 805 tempore
614 775 680 795 cum
695 766 824 796 audisset
834 766 967 796 Joannes
982 770 1012 797 in

269 807 398 837 vinculis
408 815 495 846 opera
511 807 630 841 Christi,
644 807 761 834 mittens
779 806 853 835 duos
865 806 902 835 de
921 807 1009 837 disci-

266 848 345 886 pulis
358 850 428 882 suis,
439 848 470 876 5.
485 847 528 875 ait
540 845 587 874 illi
603 859 612 875 .·
632 846 674 874 Tu
693 855 735 880 es,
748 847 801 884 qui
812 851 955 875 venturus
967 857 1009 882 es,

267 887 407 916 analium
419 892 617 925 exspectamus
626 887 639 913 Ρ
650 884 800 924 etreliqua.
813 885 941 923 Joannes,
950 896 1011 926 spe·
1028 889 1046 912 B

267 926 308 955 cie
328 926 420 961 homo,
436 925 520 970 gratia
537 925 647 964 angelus
663 935 670 954 :
683 924 748 963 quia
761 924 831 953 nihil
848 925 936 954 carnis
955 933 1012 956 erat

267 965 295 994 in
305 976 347 1002 ea,
355 965 408 995 nisi
419 965 489 994 visio
500 964 574 994 sola:
584 974 615 994 co
650 974 696 993 ore
706 963 846 994 tenebatur
855 964 882 993 in
893 974 1008 1002 earcere,

268 1005 357 1034 anima
374 1012 463 1034 autem
484 1004 512 1033 in
536 1003 610 1034 caelo.
652 1010 662 1033 t
680 1002 754 1042 quod
773 1003 893 1033 Herodes
911 1003 954 1033 illi
970 1005 1010 1034 fa·
1029 1008 1034 1009 ⁷

267 1045 354 1073 ciebat
374 1055 422 1090 pro
441 1054 528 1084 poena,
543 1043 590 1073 ille
611 1042 774 1083 suscipiebat
814 1053 844 1072 ro
866 1043 1007 1074 beneficio.

268 1084 303 1112 Et
324 1084 360 1113 ita
378 1084 455 1113 illius
478 1083 555 1123 quasi
579 1083 630 1113 Dei
652 1082 758 1112 miseric
810 1083 835 1111 ia
857 1083 1006 1120 fruebatur,

266 1124 330 1161 quia
352 1134 447 1152 verum
473 1122 601 1163 gaudium
625 1129 664 1152 est
683 1128 835 1152 sanctorum
845 1144 853 1158 ,
878 1122 953 1152 exire
973 1123 1008 1153 de

266 1162 378 1192 mundo.
395 1161 629 1199 Quemadmodum
643 1161 810 1190 festinantem
823 1161 959 1191 hominem
973 1162 1007 1192 ad

266 1211 321 1229 rem
331 1201 462 1240 aliquam,
471 1212 552 1240 quam
562 1200 702 1236 desiderat,
714 1202 737 1230 si
748 1201 809 1239 quis
819 1201 938 1230 nesciens
946 1212 1009 1231 eon-

264 1239 357 1269 silium
366 1241 433 1279 ejus,
444 1251 493 1280 pro
502 1241 572 1269 malo
579 1239 722 1279 compellat
729 1250 790 1269 eum
800 1240 839 1269 ire
851 1241 986 1270 volentem
998 1253 1006 1270 e

265 1278 305 1307 sie
325 1286 392 1318 puto
408 1290 474 1315 esse,
486 1289 547 1308 cum
562 1279 661 1318 impius
675 1279 809 1308 hominem
829 1279 932 1318 justum
946 1281 1009 1310 vult

266 1318 397 1351 occidere,
408 1319 476 1347 mori
487 1318 648 1357 cupientem.
657 1318 733 1347 Sicut
745 1328 850 1352 servus,
865 1325 1007 1358 postquam

266 1356 400 1386 commissi
421 1357 510 1402 operis
531 1356 683 1396 impleverit
696 1366 819 1395 pensum„
836 1357 934 1395 gaudet
946 1365 1007 1387 ante

266 1395 360 1425 faciem
372 1396 475 1425 domini
488 1396 531 1425 sui
541 1405 668 1436 apparere
682 1407 689 1423 t
705 1396 743 1424 sic
755 1402 782 1424 et
794 1397 919 1431 Joannes,
933 1407 1007 1425 com-

266 1435 353 1464 missae
369 1435 564 1476 praedicationis
583 1435 710 1474 mysterio
724 1442 917 1471 consummato,
931 1435 1007 1464 laeta-

265 1474 346 1503 hatur
356 1474 393 1503 ad
401 1485 462 1504 eum
472 1475 593 1504 transire.
605 1475 641 1504 Et
651 1483 703 1503 non
717 1474 805 1503 solum
818 1474 852 1503 de
865 1481 951 1504 morte
959 1486 1007 1504 sna
1023 1483 1041 1507 c

266 1522 318 1542 non
331 1514 547 1548 contristabatur,
561 1513 608 1543 sed
628 1513 713 1553 ipsam
726 1524 833 1552 quoque
850 1513 1007 1544 dilationem

266 1552 327 1582 vitae
339 1564 393 1583 sum
400 1563 507 1593 poenam
517 1553 636 1593 putabat.
650 1553 701 1582 Vis
714 1554 782 1582 scire
794 1552 867 1591 quod
877 1560 916 1582 est
926 1564 1007 1593 super

265 1592 411 1622 humanam
430 1593 571 1622 naturam?
585 1592 685 1622 Missus
706 1592 733 1620 in
752 1603 884 1621 carcerem
898 1602 951 1622 non
973 1593 1007 1622 de

265 1641 313 1661 suo
326 1633 446 1672 periculo
461 1632 592 1661 sollicitus
606 1638 672 1667 erat,
688 1631 735 1660 sed
748 1630 782 1660 de
793 1632 908 1661 aliarum
921 1633 1007 1662 salute

264 1672 408 1710 cogitabat,
424 1672 453 1702 id
466 1679 514 1708 est,
527 1671 723 1711 discipulorum
734 1681 856 1700 suorum.
869 1671 934 1700 Ideo
943 1671 1006 1701 mit-

264 1717 321 1739 tens
335 1711 370 1740 ad
383 1712 531 1747 Christum,
547 1710 726 1750 interrogabat
740 1722 747 1739 :
768 1711 793 1739 T
791 1721 810 1739 ιι
824 1721 853 1740 es
867 1713 919 1750 qui
930 1722 1004 1741 ven-

265 1757 345 1779 turus
358 1762 399 1786 es,
414 1762 455 1780 an
466 1752 558 1780 alium
571 1750 788 1790 exspectamus?
802 1752 833 1780 In
846 1751 933 1790 prima
944 1751 1006 1789 qui-

263 1789 324 1819 dem
332 1791 396 1820 faeie
404 1798 559 1820 extraneum
567 1788 670 1828 aliquid
676 1788 783 1818 videtur
789 1790 874 1819 facere
880 1791 897 1820 J
899 1800 1004 1820 oannes.

264 1830 316 1858 Cui
337 1830 408 1859 enim
421 1830 455 1859 ad
469 1830 634 1870 baptismum
653 1839 732 1856 suum
746 1829 863 1858 venienti
875 1829 981 1859 dixerat
996 1842 1004 1859 ε

115 1879 198 1900 mmm.
214 1880 237 1902 3.
264 1869 329 1908 Ego
341 1879 360 1898 a
373 1876 400 1898 te
420 1870 509 1898 debeo
524 1869 677 1907 baptizari,
689 1874 717 1896 et
736 1874 766 1896 tu
784 1870 869 1898 venis
880 1870 922 1898 acl
938 1872 1006 1899 me?

116 1911 151 1938 ¹4.

264 1918 344 1952 quem
359 1909 427 1938 inter
441 1908 646 1938 innumerabiles
660 1907 773 1946 populos
785 1908 946 1946 venientem,
958 1909 1005 1938 di-

111 1958 180 1981 J„„,.‚
191 1965 251 1990 ¹¹²9·
264 1954 318 1986 g1to
330 1948 440 1986 loquens
452 1954 643 1978 monstraverat
655 1959 661 1975 :
673 1947 750 1975 Ecce
758 1957 849 1987 agnus
861 1948 927 1984 Dei,
940 1958 1006 1978 ecce

264 1989 315 2025 qui
329 1988 405 2016 tollit
415 1994 536 2026 peccata
558 1986 662 2015 mundi
677 1999 684 2014 ε
699 1993 725 2015 et
737 1987 810 2024 quod
821 1987 938 2027 amplius
953 1994 1002 2023 est,

263 2036 342 2063 quem
362 2028 387 2055 in
402 2033 476 2056 utero
489 2026 657 2058 constitutus,
673 2026 827 2065 priusquam
841 2033 1002 2064 nasceretur,

263 2075 316 2094 non
330 2066 418 2094 solum
431 2066 564 2105 cognovit,
580 2064 626 2093 sed
639 2065 717 2093 etiam
730 2066 907 2095 exsultatione
919 2066 1003 2105 spiri-
1022 2069 1041 2092 D

263 2104 330 2132 tuali
339 2112 448 2134 matrem
460 2115 533 2134 suam
545 2105 607 2133 fecit
615 2104 671 2143 ipse
681 2105 852 2144 prophetam:
865 2106 922 2145 ipse
933 2116 1004 2135 nunc

264 2143 341 2181 quasi
363 2145 480 2173 nesciens
504 2144 661 2182 interrogat,
692 2144 734 2172 Tu
764 2155 793 2173 es
839 2146 868 2173 ui
895 2152 1003 2174 ventu-

265 2193 314 2212 rus
327 2193 372 2220 es,
391 2194 431 2212 an
443 2184 530 2212 alium
547 2186 762 2222 etspectamus?
775 2156 836 2213 Sed
846 2185 962 2214 ,Ioannes
976 2185 1004 2214 in

264 2233 378 2258 carcere,
394 2223 478 2252 sciens
498 2233 526 2252 se
541 2223 598 2262 jam
615 2222 642 2251 in
662 2222 735 2251 exitu
752 2224 936 2260 constitutum,
952 2234 1003 2253 vo-

263 2262 336 2292 lebat
348 2262 496 2304 discipulos
506 2272 568 2291 suos
577 2262 684 2291 Christo
697 2261 855 2301 adjungere,
868 2270 1004 2302 tamquam

263 2302 287 2331 si
301 2302 431 2341 providus
455 2309 529 2342 pater
555 2301 670 2330 moriens
691 2301 760 2330 filios
789 2312 850 2331 suos
869 2303 1006 2342 consignet

263 2341 339 2371 fideli
367 2342 460 2371 tutori.
483 2340 657 2371 Desiderabat
679 2340 750 2369 enim
778 2341 870 2370 vivens
898 2342 1004 2381 plenam

264 2381 346 2410 fldem
369 2381 461 2411 videre
483 2380 693 2420 discipulorum,
717 2386 743 2408 et
762 2380 818 2409 sine
838 2380 1004 2411 dubitatione

197 2435 254 2452 cxx-1
265 2421 355 2460 aliqua
384 2420 519 2450 eredentes
544 2421 572 2449 iu
594 2419 714 2449 Christo.
741 2419 816 2448 Sicut
840 2427 914 2458 pater
940 2432 1004 2450 mo-

266 2461 352 2497 riens,
367 2460 390 2489 si
402 2460 501 2491 viderit
516 2459 587 2489 filios
607 2469 669 2488 suos
685 2458 762 2487 bonis
783 2460 903 2488 moribus
923 2470 1004 2489 orna-

265 2507 316 2536 tos,
328 2507 353 2529 ct
367 2500 440 2529 omni
450 2499 576 2539 sapientia
586 2499 723 2538 perfectOS,
733 2498 809 2536 quasi
821 2509 929 2528 securus
945 2510 1003 2528 mo-

265 2540 346 2575 ritur,
356 2539 425 2568 nihil
433 2539 467 2568 de
476 2545 572 2568 caetero
580 2539 675 2567 timens
684 2538 718 2566 de
731 2537 785 2566 illis
796 2549 802 2565 z
812 2538 849 2566 sic
858 2544 883 2566 et
891 2539 1005 2568 Joannes

266 2579 371 2608 volebat
390 2578 536 2618 discipulos
554 2588 616 2608 suos
637 2578 767 2618 perfectos
780 2577 871 2606 videre
884 2578 911 2606 in
925 2578 1004 2607 Chri-

266 2625 322 2653 sto,
342 2625 369 2647 ut
392 2618 537 2658 jucundius
556 2624 712 2647 moreretur.
727 2616 815 2655 Magis
838 2623 926 2646 autem
952 2627 1003 2646 non

843 247 847 249 .
867 219 950 246 OPUS
978 219 1222 246 ntPEnFssc'rtffl

1066 283 1136 315 sient
1148 291 1224 326 pater
1234 285 1307 316 filios
1320 295 1384 317 suos
1395 288 1598 320 commendabat
1612 289 1720 321 Christo
1733 291 1810 331 quasi

1066 325 1159 362 tutori,
1174 324 1223 354 sed
1242 326 1319 365 quasi
1336 326 1498 368 pae‘dagogus
1519 328 1620 359 aliems
1639 329 1721 367 filios,
1778 340 1810 360 os

1065 363 1100 393 ad
1113 370 1220 404 tempus
1239 365 1341 406 aceepit
1363 373 1394 396 ut
1413 367 1543 405 erudiret,
1560 369 1682 399 eruditos
1702 379 1738 399 vo
1749 370 1810 399 ebat
1858 372 1861 373 ⁷

1065 401 1174 449 Clu-isto
1196 403 1320 440 reddere,
1343 406 1430 444 quasi-
1446 416 1465 453 p
1517 407 1558 437 rio
1586 408 1657 449 patri
1677 408 1808 449 ipsorum.

1065 441 1130 472 Ideo
1142 443 1322 488 interrogabat
1334 454 1383 485 per
1391 442 1450 475 disc
1467 417 1540 476 ωἷω
1557 457 1630 483 suos,
1642 457 1697 477 uon
1708 455 1739 478 nt
1751 449 1809 488 ipse

1065 486 1810 565 iiifmsl'i‘ssmffifflaffiiffliffi’ssmm}

1067 570 1147 602 opera
1156 563 1225 601 ejus,
1238 569 1265 591 et
1274 562 1413 593 crederent
1426 575 1434 593 ε
1452 564 1495 594 Tu
1502 574 1544 601 es,
1576 566 1609 595 ui
1612 570 1756 597 veneunt:
1767 576 1814 604 es„

1066 610 1109 630 an
1119 601 1214 630 alium
1230 605 1452 643 exspectamus?
1463 605 1538 634 Dum
1571 605 1628 642 icit,
1647 606 1690 635 Tu
1702 612 1744 643 es,
1757 608 1819 646 qu?

1067 647 1211 670 venturus
1225 651 1271 680 es,
1286 653 1328 672 an
1349 643 1442 673 alium
1461 648 1682 683 exspectamus?
1693 645 1811 676 ostendit

1066 681 1130 720 quia
1142 681 1197 710 duo
1210 689 1284 712 erant
1293 682 1341 722 qui
1353 689 1440 712 essent
1448 683 1564 719 venturi,
1578 684 1703 714 Christum
1712 691 1739 715 et
1752 687 1809 715 An·

1066 721 1215 758 tiehristus,
1230 721 1265 751 de
1281 731 1335 761 quo
1347 729 1375 752 et
1386 723 1520 752 Dominus
1533 723 1600 753 alibi
1611 725 1754 764 signifieat,
1767 725 1808 755 ‹ti-

1066 770 1128 790 cens
1142 773 1149 791 t
1163 762 1227 801 Ego
1239 764 1311 791 veni
1323 764 1356 790 in
1372 765 1492 792 nomine
1503 763 1604 793 Patris
1621 766 1689 798 mei.
1699 771 1729 794 et
1748 775 1808 794 nan
1817 769 1904 793 lomus

1065 802 1809 884 {5225550122225‘5‘3355113555‘5masma:

1066 889 1118 909 non
1141 880 1270 920 receperit
1289 880 1438 917 Christum,
1456 889 1592 922 exspectat
1612 882 1808 914 Audeat-istm

1065 919 1166 949 venire.
1180 919 1316 949 intellexit
1335 920 1523 960 cogitationem
1539 921 1653 952 Joannis
1670 922 1807 962 Christus,

1065 958 1256 988 animadvertit
1273 959 1415 989 eonsilium
1435 960 1524 1005 princi
1545 961 1568 990 is
1589 961 1633 991 sui
1655 970 1714 997 rex,
1728 963 1809 993 sentit

1063 1004 1212 1028 sermonem
1224 998 1295 1028 servi
1308 999 1350 1028 sui
1363 1000 1507 1029 Dommus.
1544 1000 1598 1030 uod
1606 1001 1679 1031 enim
1688 1002 1808 1042 Spiritus

1063 1037 1092 1067 in
1105 1038 1208 1069 Joanne
1220 1037 1376 1074 dictaverat,
1389 1039 1464 1068 Deus
1472 1039 1617 1075 intellexit,
1630 1040 1736 1071 dicente
1745 1052 1808 1082 apo-

1061 1078 1148 1107 stolo:
1161 1079 1220 1118 Qui
1232 1084 1380 1107 scrutatur·
1395 1078 1486 1107 corda
1502 1081 1556 1108 scit
1570 1080 1645 1119 quid
1661 1081 1808 1111 desiderat
1817 1086 1904 1111 1³01„AE

1062 1117 1195 1156 Spiritus.
1206 1116 1257 1147 P‘m
1278 1124 1347 1147 terea
1356 1117 1523 1157 spiritualem
1528 1119 1671 1149 'hominem
1681 1120 1808 1166 spiritua-

1062 1156 1097 1186 lis
1103 1156 1251 1186 facileintel
1264 1156 1323 1196 igit.
1333 1156 1455 1186 Carnalis
1461 1164 1551 1187 autem
1557 1168 1611 1188 non
1619 1158 1746 1200 intelligit
1752 1160 1806 1201 spi-

1061 1196 1197 1233 ritualem,
1213 1197 1270 1236 ipse
1283 1203 1373 1226 tamen⁴
1387 1196 1548 1236 intelligitur
1558 1197 1595 1227 ab
1608 1207 1640 1228 eo
1650 1210 1659 1228 z
1668 1201 1733 1238 quta
1745 1199 1808 1239 Spin
1820 1209 1840 1224 ¹-
1854 1202 1901 1224 Cor

1062 1237 1178 1266 ritualis
1198 1237 1343 1276 dijudicat
1355 1237 1464 1271 omnia,
1480 1238 1540 1275 ipse
1553 1244 1650 1267 autem
1661 1248 1683 1268 a
1694 1241 1808 1269 neriano
1821 1233 1857 1256 ¹⁵·

1061 1276 1243 1316 dijudicatur
1251 1286 1263 1304 .-
1276 1275 1340 1314 quia
1359 1275 1473 1306 carnalis
1486 1276 1567 1306 homo
1587 1277 1736 1308 secundum
1749 1288 1807 1308 car-

1061 1324 1122 1344 nem
1136 1315 1270 1354 loquitur‚
1282 1321 1309 1344 et
1318 1325 1422 1355 semper
1439 1315 1588 1345 secundum
1602 1327 1708 1347 carnem
1724 1317 1806 1348 intel-

1061 1353 1122 1393 ligit
1134 1366 1141 1382 :
1155 1354 1305 1394 spiritualis
1313 1354 1563 1384 autem‘seeundum
1575 1366 1622 1385 cor
1634 1356 1768 1395 loquitur,
1779 1365 1807 1388 et

1061 1394 1234 1431 cogitationes
1254 1393 1390 1432 intelligit.
1413 1393 1561 1423 Considera
1583 1394 1715 1434 denique,
1736 1405 1806 1436 quo-

1061 1433 1142 1462 modo
1161 1443 1189 1461 se
1210 1431 1329 1461 similant
1348 1442 1441 1461 sensus
1459 1442 1554 1462 eorum
1573 1440 1600 1463 et
1620 1436 1712 1464 verba.
1729 1437 1806 1467 Sicut

1061 1472 1133 1501 enim
1146 1472 1261 1502 Joannes
1276 1471 1304 1500 in
1319 1470 1407 1511 prima
1419 1471 1529 1510 quidem
1541 1473 1610 1502 facie
1622 1484 1670 1513 per
1682 1474 1805 1516 discipu-

1061 1510 1108 1540 los
1115 1521 1179 1541 suos
1196 1509 1375 1549 interrogabat
1386 1509 1537 1548 Christum,
1557 1512 1599 1542 Tu
1612 1523 1653 1549 cs,
1667 1516 1720 1553 qui
1732 1525 1805 1546 ven-
1896 1518 1904 1548 1

1062 1557 1143 1580 turus
1150 1560 1190 1587 es,
1203 1560 1244 1580 an
1253 1551 1345 1579 alium
1352 1557 1552 1595 exspectamus
1559 1554 1573 1580 P
1580 1562 1673 1582 revera
1679 1553 1714 1583 ad
1721 1554 1804 1584 disei-
1898 1557 1904 1582 ,ἔ

1061 1590 1140 1629 pulos
1158 1599 1222 1619 suos
1234 1589 1272 1619 ait
1293 1601 1300 1618 ε
1315 1590 1366 1625 Ite,
1380 1589 1481 1626 videte,
1495 1597 1522 1620 et
1534 1591 1654 1622 credite:
1667 1593 1732 1632 quia
1752 1603 1805 1625 non
1897 1592 1904 1614 ¹

1061 1636 1101 1658 est
1122 1629 1203 1666 alius,
1222 1629 1269 1668 qni
1288 1635 1417 1658 venturus
1436 1629 1534 1667 fuerat,
1549 1630 1602 1661 nisi
1623 1631 1681 1671 ipse
1699 1645 1707 1662 :
1722 1633 1763 1663 sie
1779 1641 1805 1664 et

1060 1669 1185 1699 Christus
1199 1668 1226 1698 in
1246 1668 1333 1708 prima
1351 1668 1461 1707 quidem
1479 1669 1547 1699 faeie
1558 1671 1655 1701 Joanni
1668 1673 1804 1703 renuntia-

1060 1708 1117 1742 bat.
1131 1709 1242 1738 dicens:
1257 1710 1288 1738 4.
1304 1710 1360 1743 Ite,
1373 1709 1464 1737 dieite
1473 1710 1588 1739 Joannt·
1600 1723 1610 1740 .·
1622 1712 1652 1741 5.
1668 1712 1744 1742 Coeci
1760 1713 1804 1742 vi-

1061 1749 1141 1783 dent,
1154 1748 1237 1778 surdi
1250 1748 1385 1784 audiunt,
1398 1749 1429 1778 6.
1443 1754 1472 1778 et
1490 1750 1592 1779 beatus
1605 1752 1657 1790 qui
1670 1761 1728 1781 non
1739 1752 1806 1790 sue·

1061 1789 1099 1816 rit
1109 1788 1329 1817 scandalizatas
1340 1790 1372 1816 in
1386 1797 1431 1816 me
1440 1801 1449 1818 .·
1461 1798 1554 1818 revera
1568 1796 1658 1820 autem
1673 1790 1710 1820 ad
1722 1786 1805 1821 disei-

1061 1828 1140 1867 pnlos
1159 1828 1218 1867 ejus
1239 1826 1345 1856 dicebat
1363 1838 1370 1855 2
1389 1827 1460 1857 Ecce
1479 1828 1580 1866 videte,
1596 1835 1622 1859 et
1642 1831 1802 1870 cognoscite,

1060 1867 1122 1905 quia
1134 1866 1196 1896 (aeci
1208 1866 1300 1895 vident
1309 1886 1319 1902 ‚
1334 1866 1411 1896 surdi
1422 1866 1549 1905 audiunt,
1562 1874 1589 1897 et
1599 1868 1670 1899 beati
1685 1871 1774 1907 eritis,
1780 1871 1803 1900 si

1060 1917 1112 1935 non
1131 1906 1236 1936 fueritis
1256 1905 1427 1935 scandalizati
1448 1907 1475 1936 in
1495 1917 1547 1936 me.
1561 1907 1638 1945 Quid
1656 1916 1704 1946 est,
1719 1911 1805 1951 Quod

1060 1947 1166 1975 videtis
1179 1953 1207 1975 et
1222 1946 1352 1975 auditis?
1366 1946 1458 1976 Sciens
1468 1946 1601 1977 Dominus
1619 1949 1684 1987 quia
1695 1951 1802 1980 venturi

1058 1992 1133 2015 erant
1143 1985 1271 2030 discipuli
1282 1985 1317 2014 ab
1327 1986 1439 2022 Joanne,
1450 1985 1520 2015 sieut
1531 1987 1618 2017 Lucas
1625 1987 1703 2025 dicit,
1714 1989 1742 2019 in
1755 1989 1802 2019 illa
1813 1997 1868 2018 Lm.

1059 2025 1125 2054 hora
1145 2025 1238 2054 multis
1256 2031 1283 2053 et
1303 2025 1381 2054 honis
1402 2025 1556 2070 hospitibus
1573 2026 1655 2066 digna
1679 2028 1851 2058 convivi-³²¹·

1059 2064 1237 2104 praeparabat,
1253 2070 1283 2093 ut
1295 2064 1376 2093 etiam
1396 2065 1504 2094 Christo
1520 2071 1633 2101 tacente,
1645 2067 1702 2106 ipsa
1721 2078 1802 2108 opera

1058 2105 1117 2143 ejus
1131 2102 1343 2142 loquerentur-de
1356 2109 1398 2132 eo.
1410 2104 1479 2133 Nam
1486 2110 1513 2132 et
1525 2105 1573 2142 qui
1586 2106 1672 2135 curati
1684 2107 1801 2141 fuerant,

1059 2142 1157 2182 gratias
1169 2143 1282 2182 agebant
1296 2154 1303 2171 :
1316 2149 1342 2171 et
1354 2142 1465 2181 qnidam
1476 2153 1540 2172 vcro
1553 2143 1678 2175 dicebant
1691 2158 1698 2175 :
1713 2148 1803 2177 Num·
1814 2154 1880 2175 trare

1059 2193 1150 2222 quam
1163 2182 1330 2222 sicfactum
1341 2183 1470 2212 vidimus
1481 2185 1512 2211 in
1523 2184 1637 2221 Israel.-
1651 2185 1699 2215 alii
1712 2194 1800 2216 autem
1813 2185 1867 2206 '⁴¹¹⁶-

1059 2222 1182 2251 dicebant
1195 2234 1201 2250 z
1217 2222 1354 2250 Visitavit
1365 2223 1444 2251 Deus
1456 2224 1487 2250 in
1497 2222 1571 2252 bono
1577 2223 1690 2263 plebem
1700 2235 1783 2255 suam
1789 2240 1801 2261 ,-
1890 2237 1895 2250 t

1059 2261 1106 2290 alii
1119 2261 1243 2291 dicebant
1259 2273 1266 2290 e
1284 2261 1389 2290 Gloria
1402 2262 1485 2297 Deo,
1494 2263 1563 2301 quia
1579 2263 1667 2293 talem
1674 2271 1803 2309 potesta-
1814 2258 1904 2302 alauhq'

1059 2307 1117 2330 tem
1130 2301 1212 2330 dedit
1224 2301 1400 2330 hominibus.
1413 2301 1460 2330 Sic
1475 2311 1539 2341 ergo
1551 2301 1682 2344 discipuli
1692 2311 1719 2334 et
1734 2312 1802 2335 ocu*-

1058 2341 1093 2371 lis
1116 2348 1143 2370 et
1159 2341 1271 2370 auribus
1291 2340 1479 2380 pascebantur,
1501 2341 1636 2372 mirabilia
1657 2343 1801 2375 sanitatum

1059 2380 1190 2416 videntes,
1205 2380 1304 2419 gratias
1327 2380 1464 2420 agentium
1489 2390 1568 2411 voces
1585 2381 1733 2418 audientes,
1755 2392 1802 2414 aut

1059 2427 1129 2450 certe
1147 2419 1282 2448 mirabilia
1300 2418 1358 2458 ejus
1380 2419 1511 2456 videntes,
1527 2427 1554 2449 et
1571 2419 1721 2451 doctrinam
1742 2423 1801 2463 ejus

1060 2459 1208 2494 audientes,
1223 2466 1270 2488 aut
1292 2465 1363 2488 certe
1381 2461 1504 2488 sanitates
1517 2459 1686 2490 infirmorum
1704 2462 1801 2492 viden·

1062 2505 1110 2535 tes,
1124 2506 1149 2528 et
1172 2498 1348 2528 confessiones
1367 2499 1511 2538 ejectorum
1523 2497 1675 2530 daemonum
1689 2501 1801 2532 audien-

1061 2545 1109 2567 tes.
1122 2540 1148 2568 Ο
1170 2538 1354 2568 misericordia
1374 2536 1491 2568 Christi!
1506 2539 1605 2568 Omnia
1624 2539 1748 2578 faciebat,
1769 2549 1800 2571 ut

1059 2587 1206 2617 paucorum
1214 2578 1315 2607 animas
1323 2577 1485 2607 tuci-amun
1493 2577 1556 2617 quia
1568 2579 1664 2609 melior
1676 2587 1716 2610 est
1726 2581 1799 2621 apud
1809 2590 1886 2612 Ereta·

1061 2618 1147 2646 Deum
1159 2627 1228 2646 unus
1237 2618 1337 2657 justus,
1351 2627 1432 2656 quam
1444 2623 1515 2647 totus
1528 2617 1646 2648 mundus
1656 2619 1691 2649 de
1703 2630 1796 2660 pecca-
1809 2620 1831 2642 3·
