1890 2826
241 190 312 231 240

239 263 357 300 soewto,
367 268 397 291 et
410 261 545 302 usquein
554 259 704 290 saeculum.
719 259 776 289 Nos
787 258 934 299 siquidem,
943 259 983 288 iu-

239 310 310 349 quit,
317 308 474 353 'temporarii
492 315 518 338 et
542 317 690 348 paucorum
715 316 845 336 annorum
870 317 981 343 sumus;

239 366 294 387 non
304 363 391 386 autem
405 366 453 396 pro
467 362 586 395 tempore
596 354 648 384 hoc
661 359 764 383 tantum
775 364 882 383 sursum
895 353 982 382 mitti-
1001 368 1019 391 B

238 414 300 433 mus
325 402 547 438 benedictionem,
574 400 620 430 sed
634 410 684 441 pro
705 399 830 430 universo
847 406 982 439 tempore:

239 460 293 480 non
306 460 356 490 pro
379 460 411 479 eo
425 449 482 478 solo
502 458 556 487 quo
570 446 700 486 vivimus,
712 445 759 475 sed
770 445 850 475 etiam
863 456 912 486 pro
933 446 985 475 hoc

238 496 362 536 quidem,
377 503 403 526 et
414 505 464 536 pro
473 495 522 524 illo
534 494 608 533 quod
619 493 757 534 praeteriit,
774 499 800 522 et
817 503 868 533 pro
881 492 983 522 futuro.

239 544 351 583 Semper
365 543 452 571 Deum
464 540 621 571 benedicere
642 546 756 581 oportet,
769 539 826 569 sive
842 538 889 567 ille
900 549 986 578 appa-

239 595 307 626 reat,
321 588 378 619 sive
398 597 452 617 non
470 594 603 628 appareat.
615 586 726 625 Ubique
738 585 809 615 enim
827 584 902 614 illius
921 593 985 624 pro-

239 634 359 664 videntia
371 640 480 665 extensa
490 640 540 662 est.
553 632 628 665 Vide
641 639 672 662 ut
679 643 727 672 per
741 631 888 671 gratiarum
902 630 985 660 actio-

240 690 303 709 nem
323 678 444 710 ostendat
468 689 575 718 quoque
599 680 657 708 Deo
679 684 828 718 competere
848 677 986 707 scientiam

241 726 419 756 somniorum.
434 726 512 765 Quia
519 728 581 766 ejus
586 732 629 754 est
636 727 782 765 sapientia
787 731 814 755 et
821 724 986 764 intelligen-

235 772 284 799 ’τίει
292 777 321 800 et
325 771 492 814 fortitudo.-
512 770 565 800 hoc
575 777 624 807 est,
638 770 727 800 omnia
749 769 818 799 scire
837 780 868 799 ac
881 779 987 809 praeno-

240 826 323 846 scere.
337 817 388 846 Hic
394 817 467 846 enim
478 816 549 846 illud
561 817 613 845 ait:
627 816 700 855 quod
714 815 814 845 scilicet
826 815 884 856 ipse
897 816 987 845 omnia

240 861 327 899 novit,
342 868 367 891 et
375 862 444 891 nihii
453 862 567 902 ignorat.
577 861 652 899 Quid
664 861 748 901 igitur
756 861 770 890 Ρ
778 861 849 891 illud
861 862 984 891 tantum?

240 909 359 938 solamne
366 908 447 941 habet
454 908 646 948 praescientiam
653 908 667 937 ?
677 908 712 938 Et
720 918 773 937 non
782 908 863 945 dixit,
877 909 981 939 Habet:

240 955 299 993 sed,
310 957 405 996 Ipsius
420 962 471 992 est,
481 955 610 984 exhibere
625 954 704 984 uobis
716 955 810 984 volens
821 965 851 984 ea
864 956 986 985 naturale

240 1001 317 1031 illius
328 998 431 1031 honum
443 1012 500 1031 esse
512 1014 518 1030 :
533 1001 596 1040 quia
611 1012 647 1031 ex
655 1007 749 1030 natura
758 1000 800 1029 illi
815 1001 872 1029 hmo
883 1001 984 1030 insunt.

241 1048 317 1085 Quid
326 1048 413 1088 ergo?
427 1047 590 1088 praevidetue
603 1054 716 1083 tantum,
737 1056 791 1075 non
804 1054 891 1077 autem
905 1047 985 1077 etiam

238 1095 321 1124 facit?
334 1095 414 1132 Sane,
427 1101 454 1124 et
470 1094 543 1124 facit.
567 1094 666 1125 Mutat
676 1101 775 1123 oetates
795 1101 824 1124 et
845 1101 982 1135 tempora.

239 1140 302 1169 Non
315 1139 495 1169 deannorum
518 1138 740 1168 conversionibus
763 1149 850 1181 sermo
863 1146 912 1175 est,
939 1139 987 1169 sed

239 1185 274 1215 de
288 1196 380 1215 rerum
400 1184 644 1215 vicissitudinibus.
669 1186 828 1214 Constituit
841 1196 932 1225 reges,
958 1193 987 1215 et

240 1231 349 1272 aufert.
374 1230 446 1267 Quia
466 1230 623 1270 hujusmodi
636 1231 813 1260 mutationum
824 1238 864 1260 est
879 1239 984 1262 auctor.

239 1280 284 1308 An
299 1278 383 1317 igitur
393 1277 445 1306 hoc
465 1283 568 1306 tantum
587 1278 671 1314 Deus,
686 1277 818 1317 praevidet
835 1287 931 1318 nempe
955 1289 986 1308 ac

239 1324 381 1355 facist'nou
389 1331 414 1353 et
427 1323 504 1353 aliud
517 1323 666 1352 maximum
675 1330 813 1362 operatur,
827 1323 987 1362 quodetiam

240 1381 304 1400 cum
328 1370 390 1399 aliis
403 1369 581 1399 communicat
595 1379 654 1398 eam
665 1369 823 1398 scientiam?
845 1371 930 1400 Dans
944 1381 987 1400 sa-

239 1417 381 1456 pientiam
395 1416 575 1455 sapientibus
587 1427 595 1443 .·
608 1425 662 1444 non
672 1415 705 1444 iis
720 1415 767 1453 qui
788 1422 865 1445 antea
877 1417 986 1456 sapien-
1003 1427 1024 1450 ι)

240 1470 281 1493 tes
301 1470 386 1500 erant,
401 1462 446 1492 sed
462 1463 494 1492 iis
511 1462 611 1501 quibus
628 1461 758 1501 sapientia
776 1461 869 1492 datur.
884 1463 913 1493 Si
927 1464 988 1502 quis

230 1509 345 1549 sapiens
359 1519 413 1538 non
424 1509 458 1538 ab
471 1508 519 1538 illo
533 1507 690 1548 sapientiam
709 1508 800 1545 babet,
813 1508 918 1548 sapiens
935 1520 988 1540 non

240 1562 295 1585 est.
311 1556 352 1586 Ne
375 1555 533 1585 existimetis
551 1554 709 1594 sapientiam
731 1562 815 1584 altem
834 1566 891 1585 esse
903 1556 988 1586 Chal-

241 1601 323 1631 daicae
336 1601 463 1641 regionis.
473 1603 515 1630 Et
526 1601 722 1641 prudentiam,
745 1601 844 1640 inquit,
860 1603 922 1632 illis
937 1605 989 1643 qui

239 1654 342 1687 petunt
368 1647 559 1676 intellectum.
587 1646 693 1677 Deinde
726 1646 865 1678 videamus
891 1659 925 1677 an
953 1660 987 1679 cx

240 1694 361 1729 scientia,
377 1704 409 1723 an
420 1704 455 1723 ex
465 1700 560 1723 natura
572 1693 681 1723 Danieli
694 1692 723 1722 id
736 1692 864 1723 adfuerit.
880 1695 988 1725 Etenim

211 1755 214 1758 ·
240 1740 321 1769 etiam
342 1740 395 1770 hoc
406 1740 492 1769 dicit:
508 1742 574 1780 Ipse
588 1739 699 1769 revelat
710 1741 863 1779 profunda
876 1747 905 1770 et
925 1743 988 1771 abs-

90 2027 158 2049 Psal.
179 2027 230 2051 138.

239 1787 367 1817 condita.
393 1787 455 1817 Non
477 1786 558 1824 dixit,
570 1787 694 1816 Invenit:
708 1786 765 1822 sed,
785 1787 908 1816 Revelat
927 1788 987 1818 aliis

239 1844 299 1872 quae
313 1833 465 1874 profunda
484 1833 563 1862 nobis
582 1840 655 1869 sunt,
673 1840 702 1863 et
723 1834 909 1871 abscondita,
927 1844 987 1874 quae

239 1880 320 1919 longo
333 1888 452 1920 tempore
470 1880 624 1915 dissociata,
643 1875 756 1919 quae'que
777 1879 880 1908 occulta
899 1887 984 1914 erant.
1003 1896 1022 1920 E

242 1926 424 1965 Cognoscens
437 1937 502 1966 quoe
514 1927 547 1954 in
568 1927 692 1955 tenebris
712 1928 855 1956 exsistunt
871 1939 878 1956 =
892 1935 922 1957 et
934 1928 987 1957 lux

241 1979 307 1998 cum
328 1980 362 1998 eo
384 1976 440 1999 est.
465 1969 536 2000 Vide
558 1969 626 2008 quid
649 1969 730 1999 dicat.
748 1971 985 2007 Quemadmodum

242 2015 279 2045 ait
298 2015 388 2045 David
409 2028 416 2044 :
432 2015 513 2044 Sicut
529 2017 653 2045 tenebrae
677 2018 751 2056 ejus,
775 2018 818 2046 ita
837 2025 865 2047 et
887 2019 986 2048 lumen

241 2062 315 2101 ejus.
337 2061 554 2101 Magnitudinem
577 2062 737 2101 cognitionis
761 2062 917 2104 significat,
937 2075 985 2094 seu

241 2107 305 2146 quia
324 2107 387 2137 licet
401 2108 514 2137 obscura
530 2107 595 2144 sint,
609 2108 652 2137 illi
670 2109 752 2138 nullae
775 2116 838 2139 sunt
858 2110 983 2148 tenebrae,

240 2164 286 2183 scu
300 2153 364 2192 quia
381 2154 437 2193 ipse
450 2164 544 2183 eorum
557 2154 646 2183 lumen
660 2161 710 2184 est.
726 2155 870 2193 Quomodo
883 2166 983 2195 cogno—

240 2197 291 2226 scit
303 2208 362 2236 quae
376 2197 404 2228 iu
415 2198 532 2227 tenebris
545 2198 720 2235 suut3’Quasi
731 2200 780 2238 qui
790 2211 880 2229 secum
893 2201 984 2230 lumen

232 2243 347 2274 haheat.
363 2244 436 2274 Cum
458 2254 492 2272 eo
507 2250 549 2272 est
561 2254 681 2283 semper.
697 2245 822 2274 Humano
844 2245 925 2274 modo
940 2246 983 2275 lo—
994 2250 1032 2269 ²¹⁰

241 2289 343 2328 quitur.
360 2290 437 2320 Sicut
459 2289 526 2318 nihil
541 2296 581 2319 est
593 2291 764 2320 tenebrosum
778 2291 820 2321 illi
833 2293 881 2331 qui
894 2293 984 2323 lucer·
1002 2279 1023 2301 Δ

240 2346 303 2366 nam
317 2346 453 2366 accensam
467 2335 559 2372 habet,
574 2335 609 2364 ita
623 2346 710 2377 neque
721 2338 790 2374 Deo;
803 2338 857 2368 imo
871 2349 947 2376 vero,
961 2338 984 2368 si

241 2381 308 2419 quid
317 2382 435 2422 amplius
448 2381 504 2411 diei
517 2388 604 2421 potest
617 2393 624 2409 :
641 2391 736 2422 nempe
750 2383 821 2413 sicut
839 2384 864 2413 ei
876 2384 923 2423 qui
937 2384 984 2413 lu-

241 2440 302 2459 men
312 2429 394 2458 habet
404 2428 432 2458 in
441 2428 538 2464 oculis;
549 2435 574 2457 et
586 2427 611 2457 ei
617 2428 665 2467 qui
675 2428 746 2458 illud
757 2440 862 2469 semper
874 2430 987 2462 circum-

273 2527 284 2539 τ·
297 2518 361 2546 Ᾰλλά
372 2525 417 2549 τοῖς
433 2522 516 2545 λαθεῖν.
527 2518 614 2544 Scribe
625 2521 736 2546 λαδοῦσιν.
750 2519 801 2550 Qui
810 2521 921 2552 sequitur
932 2519 1002 2546 locus

241 2560 277 2583 sic
289 2558 406 2592 legendus
415 2564 453 2584 est
464 2567 470 2582 :
486 2562 509 2584 εἴ
517 2570 550 2588 τις
559 2562 623 2592 σοφὸς
634 2563 668 2591 μὴ
676 2561 732 2593 παρ’
745 2562 826 2585 ἐκείνου
837 2568 842 2582 z
856 2559 1003 2591 [omitteba—

242 2604 283 2622 tur
298 2598 363 2622 enim
376 2604 409 2630 μή
421 2598 447 2623 ἰιι
456 2597 610 2631 apographo.
625 2598 694 2623 Infra
706 2598 737 2630 D,
749 2597 793 2623 lin.
808 2599 850 2632 2,]
861 2607 944 2624 seusus
957 2608 1003 2633 po-

583 197 613 221 S.
641 196 782 221 JoANms
806 196 992 221 CHRYSOST·
1021 197 1177 221 ARGfflEP.
1205 197 1477 221 CONSTANTm'OP.

1036 259 1171 299 φαίνοντα.
1193 259 1245 289 Διὰ
1257 259 1354 293 παντὸς
1373 259 1424 299 γὰρ
1439 261 1455 295 ἡ
1469 259 1579 300 πρόνοια
1592 261 1671 290 αὐτοῦ
1691 257 1809 290 τέ’ἷοῑται.

1037 311 1110 352 “Ope
1121 314 1177 346 πῶς
1188 311 1232 341 διὰ
1242 314 1290 347 τῆς
1306 311 1474 352 εὐχαριστίας
1484 311 1605 352 ἐμφαίνει
1616 311 1661 341 καὶ
1675 311 1723 348 τὴν
1738 314 1810 351 γνῶ-

1032 375 1079 394 ·σιν
1093 365 1145 393 τῶν
1159 364 1382 405 ὀνειράτων,”οτι
1395 366 1412 399 ἡ
1427 363 1516 404 σοφία,
1526 363 1573 392 καὶ
1581 366 1598 399 ἡ
1610 363 1723 399 σύνεσις,
1734 359 1780 394 καὶ
1791 366 1808 399 ἡ

1041 416 1116 457 ἰσχὺς
1129 417 1209 446 αὖτοῦ
1220 418 1290 446 ἐστι·
1302 416 1437 454 τουτέστι,
1450 415 1481 445 τὸ
1494 415 1589 446 εἰδέναι
1603 415 1637 445 τὰ
1651 416 1753 453 πάντα,
1765 415 1811 445 καὶ

1040 469 1241 509 προγινώσκειν.
1259 470 1392 499 Ἐνταῦθα
1405 469 1455 510 γὰρ
1475 469 1552 510 τοῦτό
1566 480 1631 509 φησι
1641 481 1648 487 ·
1663 469 1740 502 αὖτὸς
1757 464 1811 498 οἶδε

1041 521 1075 551 τὰ
1087 522 1174 552 πάντα
1183 544 1192 558 ,
1206 521 1279 553 οὖδὲν
1294 524 1390 562 ἀγνοεῖ.
1407 522 1444 552 Τί
1463 517 1507 552 οὖν
1515 534 1523 559 ;
1535 525 1612 552 τοῦτο
1633 521 1726 561 μόνον,
1741 521 1811 562 πρό-

1040 585 1136 613 γνωσιν
1151 574 1207 614 ἔχει
1222 573 1315 613 μόνον;
1331 575 1385 604 Καὶ
1403 576 1451 605 οὐκ
1465 570 1545 611 εἶπεν,
1562 574 1626 615 ἔχει,
1638 575 1708 612 ἀλλ’,
1723 575 1810 604 Αὗτοῧ

1041 627 1107 662 ἐστι,
1117 626 1147 656 τὸ
1156 626 1264 667 φυσικὸν
1279 629 1342 666 ἡμῖν
1354 627 1450 667 ἀγαθὸν
1461 628 1633 667 παραστῆσαι
1646 626 1812 666 βουλόμενος,

1041 678 1082 714 ὅτι
1095 680 1126 708 ἐκ
1140 678 1242 719 φύσεως
1252 682 1337 708 ταῦτα
1347 681 1417 718 αὐτῷ
1427 678 1620 719 πρόσεστιν-Τί
1631 674 1674 708 οἶν
1684 692 1692 716 3
1705 678 1812 718 πρόοιδε

1042 730 1128 769 μόνον,
1150 731 1210 771 οὐχὶ
1227 731 1255 761 δὲ
1274 731 1319 761 καὶ
1338 735 1408 761 ποιεῖ
1418 742 1428 770 3
1447 731 1519 768 Ναὶ,
1538 730 1588 760 καὶ
1605 735 1684 760 ποιεῖ.
1699 730 1812 768 Ἀλλοιοί

1040 783 1146 824 καιροὺς
1165 784 1209 814 καὶ
1222 784 1340 824 χρόνους.
1364 783 1436 824 Οὐχὶ
1449 783 1496 817 τὰς
1515 782 1614 824 τροπὰς
1633 782 1729 822 λέγων,
1743 782 1812 812 ἀλλὰ

1039 835 1087 869 τὰς
1108 837 1160 865 τῶν
1175 836 1339 876 πραγμάτων
1354 836 1511 876 μεταὸολάς.
1530 837 1652 876 Καθιστᾷ
1675 837 1792 875 βασιλεῖς
1803 857 1812 871 ,

1039 888 1085 917 καὶ
1094 892 1215 930 μεθιστᾷ.
1224 889 1290 919 εὈτι
1301 889 1449 929 μεταὸολὰς
1458 889 1607 929 ἐργάζεται.
1614 884 1672 929 Ἆρ’
1683 885 1727 918 οἷν
1735 891 1813 918 τοῦτο

1041 942 1128 982 μόνον,
1140 942 1179 972 ὅτι
1190 942 1296 983 πρόοιδε
1307 942 1353 972 καὶ
1366 946 1451 979 ποιεῖ,
1467 942 1526 982 οὐχὶ
1540 942 1586 971 καὶ
1600 942 1665 971 ἄλλο
1679 941 1812 981 μέγιστον,

1040 994 1082 1024 ὅτι
1093 995 1137 1024 καὶ
1152 995 1249 1035 ἑτέροις
1261 995 1420 1035 μεταδίδωσι
1431 995 1524 1024 τούτου
1537 997 1583 1024 τοῦ
1595 994 1707 1031 εἰδέναι,
1720 994 1814 1028 Διδοὺς

1042 1046 1135 1087 σοφίαν
1148 1051 1203 1082 τοῖς
1227 1052 1316 1087 σοφοῖς
1327 1059 1333 1066 ·
1349 1048 1408 1088 οὐχὶ
1433 1047 1485 1087 πρὸ
1507 1047 1599 1077 τούτου
1622 1043 1680 1076 οῧσι
1705 1051 1812 1087 σοφοῖς,

1042 1098 1110 1128 ἀλλὰ
1120 1103 1175 1132 τοῖς
1186 1084 1304 1129 1’,λαὸεἶκ
1320 1099 1355 1129 Εἴ
1367 1111 1407 1133 τις
1425 1100 1503 1140 σοφὸς
1520 1099 1557 1139 μὴ
1574 1101 1637 1138 παρ’
1651 1099 1750 1129 ἐκείνου
1765 1098 1813 1135 τὴν

1041 1151 1133 1192 σοφίαν
1147 1152 1214 1192 ἔχει,
1225 1153 1254 1182 οὐ
1269 1152 1364 1192 σοφόςμ
1376 1152 1424 1189 Μὴ
1435 1152 1561 1192 νομίσατε
1575 1152 1672 1192 τέχνην
1687 1147 1753 1181 εἶναι
1764 1154 1812 1188 τῆς

1040 1205 1204 1240 Χαλδαϊκῆς.
1217 1204 1270 1234 Καὶ
1280 1204 1416 1245 φρόνησιν,
1430 1205 1505 1245 φησὶ,
1516 1209 1571 1239 τοῖς
1581 1207 1684 1235 αἰτοῦσι
1695 1204 1809 1234 σύνεσιν.

1040 1252 1109 1287 Εἶτα
1119 1257 1216 1296 ἴδωμεν
1228 1258 1339 1297 πότερον
1349 1258 1375 1292 ἐξ
1386 1259 1536 1297 ἐπιστήμης
1547 1259 1619 1298 αὐτῷ
1630 1257 1812 1298 προσγέγονεν,

1041 1309 1058 1345 ἢ
1073 1309 1141 1339 κατὰ
1155 1309 1241 1350 φύσιν.
1261 1310 1315 1340 Καὶ
1329 1310 1380 1350 γὰρ
1395 1311 1528 1342 καὶτοῦτο
1541 1311 1631 1351 λέγει·
1647 1311 1732 1344 Αὐτὸς
1744 1313 1813 1341 ἀπο-

1041 1361 1171 1391 καλύπτει
1189 1362 1271 1402 βαθέα
1288 1355 1341 1392 καὶμ
1353 1363 1507 1404 ἀπόκρυφα·
1520 1366 1568 1394 οὐκ
1584 1359 1668 1401 εἶπεν,
1681 1363 1814 1403 εὑρίσκει,

1042 1414 1111 1443 ἀλλὰ
1118 1436 1127 1450 ,
1148 1413 1342 1444 Ἀποκαλύπτει
1362 1415 1459 1455 ἑτέροις
1483 1416 1564 1455 βαθέα
1591 1418 1655 1454 ἡμῖν
1682 1415 1744 1445 ὄντα
1767 1414 1812 1444 καὶ

1043 1466 1198 1508 ἀπόκρυφοι,
1211 1467 1245 1497 τὰ
1259 1469 1289 1497 ἐκ
1312 1471 1414 1507 μακροῦ
1435 1471 1480 1498 τοῦ
1494 1468 1588 1508 χρόνου
1607 1469 1747 1508 ἀφεστῶτα
1767 1467 1812 1496 καὶ

1043 1519 1221 1559 κεκρυμμένα.
1235 1520 1377 1550 Γινώσκων
1391 1520 1426 1550 τὰ
1440 1521 1466 1549 ἐν
1480 1522 1518 1560 τῷ
1533 1520 1621 1550 σκότει
1633 1532 1640 1538 ·
1655 1519 1700 1549 καὶ
1714 1519 1745 1548 τὸ
1758 1522 1813 1559 φῶς

1044 1573 1102 1610 μετ’
1117 1573 1194 1601 αὐτοῦ
1209 1573 1289 1603 ἐστιν.
1300 1573 1374 1613 σΟρα
1390 1573 1416 1602 τί
1430 1585 1506 1613 φησι.
1522 1573 1627 1612 Ὥσπερ
1641 1574 1655 1601 ὁ
1668 1572 1752 1602 Δαυὶδ
1768 1571 1813 1601 λέ-

1042 1635 1098 1663 γει·
1112 1623 1159 1657 Ὡς
1173 1624 1203 1654 τὸ
1223 1624 1315 1658 σκότος
1336 1628 1427 1661 αὐτῆς,
1441 1625 1510 1655 οὕτω
1530 1625 1575 1655 καὶ
1595 1625 1626 1654 τὸ
1646 1627 1701 1665 φῶς
1719 1625 1811 1660 αὐτῆς.

1043 1677 1083 1706 Τὸ
1096 1676 1163 1706 πολὺ
1174 1679 1222 1713 τῆς
1234 1677 1354 1717 γνώσεως
1365 1678 1445 1718 λέγει,
1456 1679 1516 1714 ἤτοι
1534 1678 1583 1708 κᾶν
1598 1678 1684 1714 ἄδηλα
1695 1673 1724 1718 ᾖ,
1740 1679 1813 1717 αὐτῷ

1043 1729 1136 1763 σκότος
1149 1731 1196 1759 οὐκ
1210 1729 1290 1768 ἔστιν,
1302 1729 1319 1766 ἢ
1332 1731 1372 1761 ὅτι
1387 1733 1440 1771 φῶς
1454 1733 1540 1761 αὐτῶν
1559 1732 1624 1760 ἔστι.
1646 1732 1711 1763 Πῶς
1734 1729 1813 1769 γινώ-

1043 1794 1101 1811 σκει
1113 1782 1147 1811 τὰ
1162 1783 1189 1811 ἐν
1200 1785 1238 1822 τῷ
1251 1782 1357 1820 σκότει;
1369 1783 1477 1813 Ὡσανεὶ
1492 1786 1546 1824 φῶς
1557 1783 1625 1824 ἔχων
1638 1784 1695 1822 μεθ’
1709 1784 1813 1812 ἑαυτοῦ.

1042 1835 1110 1863 Μετ’
1133 1835 1212 1864 αὐτοῦ
1238 1836 1309 1864 ἐστιν
1330 1835 1380 1864 ἀεί.
1400 1835 1582 1875 Ἀνθρωπίνως
1603 1835 1685 1875 λέγει.
1707 1835 1813 1874 Ὥσπερ

1042 1886 1115 1916 οὐδέν
1130 1888 1201 1916 ἐστιν
1214 1889 1241 1917 ἐν
1255 1888 1342 1917 σκότει
1357 1890 1395 1928 τῷ
1409 1888 1505 1928 λύχνον
1520 1889 1644 1925 ἅπτοντι,
1659 1888 1741 1920 οὕτως
1754 1887 1813 1917 οὐδὲ

1041 1940 1080 1979 τῷ
1094 1941 1157 1980 Θεῷ
1167 1952 1173 1958 ·
1189 1941 1289 1979 μᾶλλον
1308 1940 1347 1977 δὲ,
1370 1940 1394 1969 εἴ
1406 1953 1433 1970 τι
1447 1940 1538 1978 πλέον,
1557 1940 1648 1980 ὥσπερ
1663 1943 1701 1980 τῷ
1714 1941 1745 1970 τὸ
1758 1942 1812 1980 φῶς

1042 1990 1130 2029 ἔχοντι
1142 1991 1168 2019 ἔν
1182 1991 1340 2030 ὀφθαλμοῖς,
1353 1993 1392 2031 τῷ
1407 1991 1447 2020 ἀεὶ
1461 1991 1629 2032 περιφέροντι
1639 1990 1653 2007 ¹’
1662 1990 1734 2020 αὖτό.
1748 1992 1813 2024 Φῶς

1042 2044 1107 2073 ἐστι.
1121 2044 1188 2081 Σοὶ,
1207 2046 1221 2073 ὁ
1240 2044 1309 2078 Θεὸς
1322 2044 1442 2085 πατέρων
1465 2056 1515 2084 μου
1528 2066 1536 2080 ,
1550 2044 1629 2084 φησὶ,
1642 2044 1813 2084 ἐξομολογοῦ-

1042 2107 1101 2134 μαι,
1117 2096 1163 2125 καὶ
1178 2098 1258 2132 αἰνῶ,
1283 2097 1324 2126 ὅτι
1345 2097 1438 2137 σοφίαν
1451 2097 1496 2126 καὶ
1518 2097 1621 2126 σύνεσιν
1634 2097 1733 2130 ἔδωκάς
1758 2108 1812 2135 μοι.

1041 2148 1180 2188 Εὖκαίρως
1200 2150 1252 2178 τῶν
1277 2149 1400 2189 πατέρων
1424 2149 1543 2188 ἐμνήσθη
1569 2151 1623 2186 νῦν,
1649 2147 1681 2178 δι’
1707 2148 1812 2180 ἐκείνων

1042 2202 1119 2232 αὑτὸν
1134 2204 1290 2239 δυσωπῆσαι
1311 2203 1485 2243 βουλόμενος,
1509 2203 1628 2243 καθάπερ
1648 2203 1675 2232 εἴ
1693 2203 1734 2236 τίς
1753 2215 1814 2232 τινα

1041 2259 1154 2300 ἐραστὴν
1166 2260 1277 2300 σφοδρὸν
1289 2261 1341 2289 τῶν
1356 2260 1495 2300 ἐρωμένων
1507 2260 1691 2300 ἀναμνήσειεν.
1704 2260 1813 2299 Ἐξομο-

1041 2318 1185 2357 λογοῦμαι,
1200 2316 1275 2357 φησὶ,
1292 2318 1450 2357 εὐχαριστῶ,
1462 2312 1507 2347 καὶ
1519 2319 1592 2355 αἰνῶ,
1604 2317 1645 2347 ὅτι
1661 2317 1754 2358 σοφίαν
1768 2318 1814 2348 καὶ

1036 2373 1145 2403 σύνεσιν
1163 2373 1262 2407 ἔδωκάς
1287 2385 1340 2413 μοι.
1361 2373 1420 2409 Τὴν
1439 2374 1569 2414 προτέραν
1588 2373 1663 2414 φησί.
1692 2374 1746 2414 Καὶ
1768 2376 1812 2403 νῦν

1043 2430 1185 2471 ἐγνώρισάς
1206 2442 1251 2470 μοι
1271 2430 1289 2459 ἃ
1308 2429 1458 2469 ἠξιιῖισαμεν
1480 2430 1554 2470 παρὰ
1578 2433 1634 2460 σοῦ.
1647 2430 1726 2464 Ἴσως
1744 2430 1814 2464 εἰκὸς

1039 2521 1128 2546 “stulat
1139 2521 1179 2548 vel
1191 2526 1213 2549 ἐν
1223 2528 1315 2557 μακρῷ,
1338 2522 1377 2547 vel
1394 2527 1418 2549 ἐχ
1439 2526 1530 2559 μικροῦ
1540 2522 1551 2558 [
1561 2531 1608 2556 pro
1626 2526 1648 2550 ἐν
1664 2526 1764 2558 μακροῦ,
1775 2522 1815 2548 le-

1052 2562 1136 2586 ctione
1147 2560 1235 2586 vitiata
1246 2561 1368 2594 Codicis}
1527 2562 1530 2569 “

1086 2601 1099 2621 ¹³
1118 2603 1183 2627 Αὐτὸ.
1195 2607 1246 2635 φῶς.
1257 2601 1334 2626 Forte
1347 2603 1458 2634 αὖτόρως,
