1904 2840
125 1267 264 1291 lah-3132.

125 1308 164 1323 20.

124 1392 176 1413 Iob.
185 1391 263 1422 29³3-

125 1508 197 1530 11an
204 1507 264 1530 ¹.32.

127 2066 191 2087 Rom.
201 2064 222 2087 8,
231 2071 265 2095 17.

270 158 339 206 690

272 241 344 271 gere,
359 237 385 260 ct
399 230 500 259 malum
521 229 638 269 operari.
662 227 730 268 Ejus
741 236 823 268 porro
836 224 1013 260 substantiam

270 277 398 307 recenset,
409 276 509 310 septem
523 269 610 298 millia
623 268 789 304 ovium,tres
799 265 876 295 mille
883 264 1009 300 camelos,

270 312 333 350 juga
348 310 432 339 boum
453 309 608 348 quingenta,
623 308 710 338 asinas
723 305 860 347 pascuales
881 304 1012 343 quingen-

271 357 322 379 tas.
338 351 394 379 Cur
413 349 470 378 haec
484 348 620 378 recenset?
633 350 694 379 Non
714 354 744 376 ut
756 346 820 376 Jobi
831 343 943 374 divitias
957 343 1010 373 mi-

272 389 368 419 rabiles
382 389 517 429 praedicet,
529 387 577 418 sed
602 395 631 418 ut
647 387 698 417 tibi
721 385 839 416 auditori
853 383 1012 414 facultatum

271 430 375 469 copiam
387 428 518 464 ostendat,
533 435 573 465 ut,
588 439 652 458 cum
663 427 754 467 ipsum
773 432 865 466 postea
878 423 1011 453 facultati·
1027 431 1046 455 c

270 469 322 498 bus
335 469 467 498 nudatum
478 467 591 505 videris,
600 478 648 498 nee
661 467 848 507 ingementem,
857 463 1009 500 admireris,

271 509 344 547 quod
372 509 453 538 tantis
476 508 598 548 privatus
618 507 698 538 bonis
720 505 870 535 beneficum
887 512 941 533 non
963 513 1009 532 co-

271 555 376 588 arguat,
397 548 552 578 Creatorem
571 558 624 578 non
643 545 811 577 contumelia*
823 544 932 574 afficiat.
947 543 1011 572 Haec

271 589 361 627 itaque
368 588 466 628 scripta
481 594 555 624 sunt,
566 597 619 617 non
634 594 665 617 ut
675 585 787 617 divitias
793 583 910 618 mireris,
920 581 968 612 sed
981 589 1013 611 ut

267 628 335 667 justi
355 628 511 668 patientiam
524 626 720 668 perseverantia
785 635 802 654 e
813 623 918 660 laudes,
931 622 1011 651 timo-

270 678 381 706 remque
402 667 453 697 Dei
466 677 524 708 prae
548 666 636 697 oeulis
647 676 752 706 semper
775 664 884 694 habeas.
900 661 1012 692 Ordinis

270 718 353 747 porro
384 707 466 737 series
489 717 546 737 rem
571 707 626 736 alio
648 713 767 746 tempore
791 701 1012 734 considerandam

271 746 406 776 amandat.
434 747 542 777 Etenim
560 746 698 781 diabolus,
723 746 829 779 fratres,
848 742 912 782 quia
932 740 1012 785 ill-um

270 787 464 827 temporalibus
483 786 589 817 divitiis
613 786 768 827 opulentem
791 783 871 818 vidit,
885 792 919 811 ex
940 781 1014 810 hisce

270 827 464 867 temporalibus
476 826 582 856 divitiis
607 833 718 855 {eternas
741 824 851 855 divitias
870 820 1015 866 recondere

270 867 388 906 putavit,
403 866 630 906 quemadmodum
640 865 780 895 ditescenti
794 861 967 902 illi,justit1ae
979 870 1015 889 si-

271 907 328 936 mul
342 906 445 937 divitiae
456 906 569 942 inerant,
580 906 620 935 sic
632 913 658 935 et
676 916 707 935 eo
728 904 764 934 ad
777 907 959 943 paupertatem
972 910 1015 929 re-

271 946 359 982 dacto,
379 946 496 986 inopiam
519 946 620 986 pariter
637 945 744 975 virtutis
767 944 775 973 i
798 953 858 972 sum
870 940 1015 971 comitatu-

273 997 330 1015 ram
353 996 418 1015 esse.
442 986 568 1016 Tentavit
581 995 644 1025 ergo
666 985 757 1024 ipsum
772 954 876 1012 ‹iiivitiis
900 979 1014 1017 nudare,

273 1033 303 1055 ut
316 1026 428 1055 nudaret
437 1025 550 1055 meritis.
566 1026 618 1055 Hie
632 1024 768 1055 attendant
779 1022 925 1060 diligenter
935 1019 955 1049 ii
967 1018 1015 1058 qui

272 1066 385 1095 dicunt:
401 1068 495 1095 Annon
515 1065 569 1098 Job
581 1065 659 1095 dives
680 1063 754 1094 erat?
767 1071 856 1092 annon
876 1059 1015 1090 Abraham
1029 1071 1049 1094 ι)

273 1105 349 1135 dives
356 1105 431 1135 erat?
446 1116 495 1134 eur
507 1115 570 1144 ergo
581 1111 762 1145 paupertatem
777 1102 855 1132 nobis
866 1111 914 1141 pro
935 1099 993 1128 onis
1001 1098 1015 1127 Ξ)

273 1147 413 1184 Reponam
430 1151 456 1174 et
477 1155 526 1185 ego
540 1145 590 1173 tibi
605 1156 611 1173 :
627 1145 692 1174 Esto
713 1143 790 1173 dives
802 1148 833 1171 ut
845 1140 899 1170 Job
925 1140 974 1175 uit,
990 1145 1016 1167 et

274 1194 324 1224 ego
336 1185 427 1224 plures
440 1185 520 1213 etiam
539 1183 649 1213 divitias
662 1182 847 1223 apprecab0r;
861 1186 917 1210 esto
938 1178 1016 1208 dives

275 1231 307 1253 ut
328 1223 476 1260 Abraham,
490 1231 516 1253 et
528 1230 599 1253 totus
613 1224 686 1253 orbis
709 1221 760 1251 tibi
781 1221 890 1250 divitias
916 1229 1014 1258 appre-

275 1263 393 1293 cabitur.
410 1263 461 1292 Die
474 1270 502 1292 tu
516 1262 744 1301 quemadmodum
757 1261 822 1296 Job,
837 1260 940 1289 Janua
951 1268 1016 1287 mea

276 1309 378 1343 aperta
378 1303 445 1344 fuit
454 1305 535 1331 omni
543 1312 559 1330 ο
577 1312 673 1341 presso
680 1314 693 1337 ;
707 1300 752 1330 dic
766 1311 773 1328 ε
788 1300 932 1329 Humeros
939 1309 1015 1338 pau-

273 1353 374 1382 perum
389 1342 513 1381 calefeci
520 1356 533 1378 ,-
547 1312 608 1370 dic:
624 1342 674 1370 Ex
691 1340 803 1370 vellere
823 1340 921 1367 ovium
941 1349 1017 1367 mea-

276 1392 339 1412 rum
350 1376 490 1423 calesticti
501 1386 569 1411 sunt
582 1382 695 1410 humeri
701 1389 860 1420 pauperum
869 1391 882 1414 ,·
892 1377 937 1406 dio
952 1389 959 1406 ε
974 1379 1016 1407 Et

276 1432 308 1452 os
322 1422 420 1451 vidua»
444 1422 592 1450 benedixit
618 1421 689 1449 mihi
695 1433 708 1456 ;
729 1426 755 1449 et
777 1418 886 1449 divitias
909 1417 1016 1458 posside

275 1468 405 1500 quantum
426 1461 546 1491 volueris
562 1471 568 1488 x
582 1460 617 1490 de
637 1458 793 1489 rehenderis
814 1457 885 1487 enim
899 1458 952 1487 non
965 1457 1016 1486 tibi

276 1501 327 1542 ipsi
340 1501 429 1537 dives,
443 1500 489 1530 sed
502 1501 616 1540 pauperi
637 1510 669 1529 us
683 1509 807 1538 erogans.
820 1499 924 1527 Janna
938 1507 1014 1534 mea,

275 1542 374 1580 inquit,
385 1547 486 1580 aperta
488 1541 555 1581 suit
570 1541 650 1569 omni
662 1548 805 1579 oppresso.
819 1538 929 1567 Imitare
945 1537 1016 1567 hunc

275 1590 412 1610 summum
431 1590 583 1620 pauperum
595 1589 712 1608 amorem
730 1590 737 1606 ι
753 1577 868 1606 induete
883 1577 1016 1617 patientias

275 1620 382 1657 studio,
407 1620 526 1649 viriliter
546 1629 595 1658 age
620 1625 712 1648 contra
735 1616 904 1647 adversarios
927 1628 933 1644 :
958 1616 1017 1656 pari

276 1660 364 1690 animo
385 1666 451 1689 esto.
477 1660 582 1690 Verum
596 1657 631 1688 de
643 1658 687 1688 his
712 1657 850 1687 hactenus.
875 1656 1018 1695 Contingat
1032 1671 1050 1694 Ε

276 1707 366 1729 autem
378 1699 457 1729 nobis
470 1705 500 1728 ut
509 1700 565 1729 zelo
577 1697 756 1738 patientiaque
769 1695 903 1733 instructi,
913 1707 943 1726 ea
957 1706 1017 1734 quae

276 1746 375 1769 restant
388 1749 591 1779 persequamur,
605 1744 631 1767 et
650 1744 682 1767 ut
695 1747 742 1767 vos
756 1747 786 1765 ea
798 1747 857 1775 quae
874 1742 1018 1776 supersunt

275 1779 442 1819 explananda
452 1778 711 1819 postuletis‚nosque
716 1776 795 1806 vobis
806 1775 1017 1816 explicationum

274 1819 369 1848 seriem
388 1819 584 1858 persolvamus.
601 1817 747 1856 Contingat
763 1815 844 1845 etiam
860 1826 908 1845 nos
920 1816 1017 1844 sestum

274 1858 356 1898 digne
370 1859 513 1895 celebrare,
527 1864 556 1887 ut
569 1864 711 1897 postquam
734 1855 902 1895 passionibus
916 1861 1017 1884 sancto—

275 1909 336 1927 rum
362 1898 635 1932 communicavimus,
653 1895 788 1935 passiones
811 1895 891 1924 etiam
914 1894 1016 1924 Christi

276 1937 476 1977 participemus.
488 1939 560 1967 Vere
573 1936 765 1972 enim,fratres‚
773 1941 832 1964 ante
842 1933 943 1964 Christi
955 1944 1016 1974 pas-

276 1977 377 2006 sionem
385 1977 446 2016 jure
457 1976 552 2006 merito
563 1976 694 2005 fulserunt
705 1981 855 2003 sanctorum
867 1974 1013 2014 passiones.

276 2016 467 2045 Praefulserunt
480 2016 552 2045 enim
570 2015 648 2054 quasi
662 2014 769 2054 fulgura
781 2014 916 2054 passiones
926 2014 1014 2053 justo-

276 2063 386 2092 rum,ut
395 2062 455 2095 post
461 2055 517 2085 haec
525 2061 666 2094 appareret
672 2054 806 2090 Christus,
817 2060 846 2082 ut
855 2053 892 2082 ait
901 2052 1014 2089 Paulus,

277 2095 324 2133 qui
337 2094 642 2140 omuibus'compatitur,
653 2101 679 2123 et
692 2093 818 2122 omnibus
828 2092 1014 2132 conglorifica-

277 2141 331 2163 tur.
343 2134 517 2164 Orationibus
531 2134 615 2173 igitur
624 2140 650 2162 et
663 2133 895 2162 intercessionibus
908 2139 1014 2161 sancto-

277 2185 339 2204 rum
353 2181 459 2214 patrum
470 2197 477 2208 ,
493 2180 518 2203 et
532 2173 590 2213 jam
607 2173 679 2202 dicta
693 2180 841 2211 sequentes,
856 2179 883 2201 et
901 2171 1015 2201 dicenda

277 2220 476 2254 exspectantes,
491 2212 605 2252 gloriam
617 2213 760 2242 referamus
774 2212 847 2241 Patri
860 2234 868 2248 ,
883 2219 910 2241 et
922 2211 995 2241 Filio
1006 2233 1013 2248 ,

277 2260 303 2282 et
314 2253 430 2294 Spiritui
446 2260 548 2290 sancto,
568 2253 596 2282 in
610 2252 706 2282 saecula
727 2252 897 2281 saeculorum.
923 2252 1015 2280 Amen.

1025 2337 1062 2355 587

356 2359 405 2387 De
419 2359 500 2397 justo
517 2363 545 2386 et
559 2357 643 2385 beato
657 2356 727 2391 Job,
750 2355 850 2384 Sermo
871 2357 931 2384 111.
1033 2365 1053 2386 Λ

318 2449 346 2476 1.
362 2447 417 2486 Age
427 2468 435 2482 ‚
455 2451 481 2473 et
493 2454 542 2473 nos
557 2449 714 2482 argumento
738 2442 885 2471 hcm-camus
897 2464 905 2479 ,
923 2450 949 2472 et
969 2455 1017 2474 vos

277 2487 372 2517 audire
386 2484 509 2526 pergite:
528 2493 629 2521 nosque
649 2492 739 2511 omnes
759 2481 917 2521 vespertinae
941 2484 1018 2513 seriei

278 2534 412 2566 gestorum
430 2524 493 2555 Jobi
511 2524 674 2558 haereamus,
688 2521 795 2560 fideque
816 2521 937 2551 instructi
960 2534 1017 2552 ser-

278 2567 351 2595 moni
370 2565 404 2594 de
417 2564 543 2604 patientia
558 2573 606 2592 nos
627 2561 761 2591 sistamus.
777 2561 932 2590 Absurdum
945 2562 1015 2592 enim

1005 161 1135 185 spuma.

1066 222 1230 262 τρισχιλίας,
1249 222 1327 262 ζεύγη
1367 224 1418 253 οῶν
1436 223 1610 261 πεντακόσια,
1629 225 1702 259 ὄνους
1722 225 1835 264 νομάδας

1066 262 1249 295 πεντακοσίας.
1263 262 1316 292 Διὰ
1329 275 1355 291 τι
1368 265 1452 293 ταῦτα
1466 263 1615 302 ἑκτίθεται;
1634 266 1675 294 Οὐ
1689 265 1734 294 τὸν
1751 266 1835 295 πλοῦ-

1066 314 1110 331 τον
1125 301 1265 341 θαυμάζων
1279 305 1324 331 τοῦ
1337 302 1401 332 ’hbe
1409 325 1417 339 ,
1433 304 1501 333 ἀλλὰ
1513 303 1554 333 σοὶ
1567 306 1606 345 τῷ
1619 306 1736 345 ἀκροατῇ
1751 317 1835 335 κατα-

1069 341 1208 380 λιμπάνων
1223 342 1254 372 τὸ
1267 343 1365 378 πλῆθος
1379 344 1427 378 τ’ἡς
1438 343 1536 379 οὐσίας,
1549 344 1593 381 ἶν’,
1607 344 1669 374 ὅταν
1683 344 1762 374 αὐτὸν
1778 344 1836 381 ἵδης

1067 381 1136 420 μετὰ
1149 384 1234 417 ταῦτα
1249 382 1449 421 γεγυμνωμένον
1468 386 1521 413 τῶν
1538 384 1721 424 ὑπαρχόντων,
1737 384 1782 414 καὶ
1797 377 1835 424 μὴ

1066 420 1191 450 στένοντα
1202 443 1210 457 ,
1225 422 1362 461 θαυμάσῃς
1371 444 1379 458 ,
1394 421 1435 451 ὅτι
1446 422 1531 452 τόσων
1547 423 1718 464 στερούμενος
1731 425 1835 464 ἀγαθῶν

1066 462 1115 490 οὐκ
1126 462 1212 490 ἀθετεῖ
1223 460 1268 490 τὸν
1281 461 1429 511 εὐεργέτην,
1441 464 1491 503 οὐχ
1501 462 1602 503 ὑὸρίζει
1611 463 1656 493 τὸν
1667 464 1835 515 δημιουργόν.

1064 501 1159 530 Ταῦτα
1168 499 1253 530 τοίνυν
1267 501 1370 541 ἕγραφη
1377 523 1386 538 ,
1395 503 1446 542 οὐχ
1455 501 1499 531 ἵνα
1507 502 1550 532 τὸν
1562 504 1675 534 πλοῦτον
1687 506 1834 543 θαυμασης,

1064 539 1134 569 ἀλλὰ
1146 539 1189 569 ἵνα
1202 539 1250 576 τὴν
1266 552 1301 570 κα
1334 541 1408 581 ερίαν
1426 542 1472 571 καὶ
1485 541 1533 578 τὴν
1547 542 1682 582 ὑπομονὴν
1693 535 1835 580 ἐπαινέσῃς

1061 582 1108 608 τοῦ
1128 579 1249 616 δικαίου,
1329 581 1384 621 πρὸ
1401 582 1543 621 ὀφθαλμῶν
1565 583 1631 623 ἔχῃς
1652 582 1766 613 πάντοσε
1789 575 1834 614 τὸν

1062 619 1142 659 φόὸον
1156 622 1202 648 τοῦ
1216 621 1296 650 Θεοῦ.
1310 619 1346 650 Ἥ
1357 620 1385 650 δὲ
1397 621 1540 651 ἀκολουθία
1549 622 1598 659 τὴν
1609 623 1720 664 θεωρίαν
1732 625 1770 657 εἷς
1779 621 1834 653 ἕτε-

1063 670 1106 699 ρον
1118 659 1209 698 καιρὸν
1229 660 1412 698 ταμιεύσεται.
1433 661 1468 691 Ὁ
1481 661 1532 702 γὰρ
1555 662 1691 700 διάὸολος,
1711 664 1835 703 ἀδελφοὶ,

1062 699 1154 735 ἐπειδὴ
1167 694 1234 728 εἶδεν
1255 700 1333 730 αὐτὸν
1347 701 1512 731 πλουτοῦντα
1525 701 1610 742 τούτῳ
1623 705 1661 743 τῷ
1675 702 1781 743 πλούτῳ
1796 705 1836 743 τῷ

1062 738 1231 779 προσκαίρῳ,
1245 739 1291 769 καὶ
1304 741 1335 770 ἐκ
1348 740 1440 771 τούτου
1454 744 1500 770 τοῦ
1514 741 1629 772 πλούτου
1643 745 1689 772 τοῦ
1702 742 1836 782 προσκαί-

1065 790 1109 818 ρου
1121 779 1165 808 τὸν
1179 779 1283 809 αἰώνιον
1297 781 1411 810 πλοῦτον
1425 781 1624 820 ταμιευόμενον,
1638 782 1784 820 ἐνενόησεν,
1793 781 1835 813 ὅτι

1064 817 1155 858 ὥσπερ
1166 820 1323 849 πλουτοῦντι
1337 821 1408 860 αὐτῷ
1421 821 1632 857 συνεπλούτησεν
1643 824 1662 858 ἡ
1671 822 1834 859 δικαιοσύνη,

1066 857 1136 888 οὕτω
1149 858 1195 888 καὶ
1210 859 1374 899 πτωχεύοντι
1388 863 1594 901 συμπτωχεύσει
1605 861 1650 892 καὶ
1665 862 1756 903 ἀρετή.
1768 863 1835 892 Πει-

1066 902 1143 938 ρᾶται
1167 894 1211 928 οῧν
1237 901 1316 929 αὐτὸν
1336 902 1475 939 γυμνῶσαι
1486 904 1539 930 τῶν
1552 902 1767 951 ζρημάτωνᾷνα
1785 914 1835 942 γυ-

1065 937 1157 978 μνώσῃ
1170 938 1215 968 καὶ
1233 941 1286 968 τῶν
1299 941 1545 979 πλεονεκτημάτων.
1571 943 1693 971 Ενταῦθα
1707 943 1735 973 δὲ
1747 953 1835 983 προσ-

1064 978 1197 1017 εχέτωσαν
1219 978 1335 1018 ἀκριὸῶς
1353 981 1378 1009 οἱ
1397 980 1530 1020 λέγοντες·
1553 981 1591 1019 μὴ
1611 984 1627 1011 ὁ
1646 981 1711 1012 Ἰὼὸ
1735 984 1783 1012 οὐκ
1801 977 1835 1035 ᾖν

1063 1017 1204 1055 πλούσιος;
1221 1018 1258 1056 μὴ
1273 1021 1287 1048 ὁ
1301 1019 1422 1059 Ἀὸραὰμ
1435 1021 1484 1050 οὐκ
1494 1016 1527 1056 ἧν
1539 1020 1678 1058 πλούσιος;
1695 1022 1739 1051 διὰ
1750 1022 1777 1051 τί
1787 1034 1833 1052 ουν

1063 1058 1188 1093 ὑποτίθης
1206 1060 1270 1097 ἡμῖν
1290 1060 1493 1098 ἀκτημοσύνην;
1512 1060 1585 1101 Ἐρῶ
1602 1061 1677 1101 κάγὼ
1699 1062 1765 1103 πρὸς
1785 1062 1832 1091 σέ·

1062 1100 1138 1136 γενοῦ
1163 1098 1232 1127 κατὰ
1253 1097 1298 1128 τὸν
1317 1099 1380 1129 ’1ὼὸ
1401 1099 1525 1134 πλούσιος
1534 1121 1542 1135 ,
1562 1100 1607 1130 καὶ
1621 1101 1770 1142 ἐπεύχομαι(
1791 1113 1833 1131 σοι

1063 1137 1173 1167 πλείονα
1193 1137 1358 1174 κτήσασθαι·
1377 1142 1453 1179 γενοῦ
1476 1140 1545 1170 κατὰ
1565 1141 1609 1170 τὸν
1629 1142 1767 1182 Ἀδραὰμ,
1789 1141 1834 1171 καὶ

1063 1183 1137 1207 πᾶσα
1154 1180 1171 1213 ἡ
1209 1179 1227 1186 “”
1250 1179 1401 1213 συνεύξεταί
1425 1191 1466 1210 σοι
1491 1182 1537 1209 τοῦ
1557 1181 1680 1211 πλούτω.
1701 1183 1769 1212 Εἰπὲ
1789 1181 1835 1212 καὶ
1849 1215 1853 1218 μ

1064 1216 1095 1246 σὺ
1103 1240 1111 1254 ,
1125 1219 1161 1250 ὡς
1170 1217 1248 1254 10»ss,
1259 1217 1294 1248 ‘fl
1305 1218 1371 1259 θύρα
1385 1230 1436 1258 μου
1447 1219 1577 1260 ἀνέῳκται
1585 1221 1667 1250 παντὶ
1678 1221 1834 1261 θλιὸομένῳ·

1064 1257 1135 1293 εἰπὲ,
1150 1256 1253 1295 Ὤμους
1266 1258 1388 1294 πενήτων
1411 1259 1557 1299 ἕθέρμανα·
1575 1261 1647 1297 εἰπὲ,
1657 1261 1708 1292 Ἐκ
1717 1264 1766 1297 τῆς
1776 1273 1836 1291 κου-

1066 1302 1112 1334 ρᾶς
1125 1297 1177 1325 τῶν
1190 1297 1330 1336 προὸάτων
1345 1311 1394 1337 μου
1404 1299 1601 1339 ἐθερμάνθησαν
1614 1294 1684 1340 ὦμοι
1698 1302 1818 1338 πενήτων
1828 1313 1835 1319 ·

1065 1335 1138 1370 εἰπὲ,
1162 1335 1215 1365 Καὶ
1234 1336 1321 1376 στόμα
1341 1338 1427 1378 χήρας
1442 1339 1569 1378 εὐλόγησέ
1587 1351 1638 1378 με·
1660 1341 1705 1370 καὶ
1727 1340 1836 1371 πλούτει

1064 1376 1176 1404 πλοῦτον
1191 1375 1218 1404 ὃν
1232 1376 1329 1409 θέλεις·
1345 1378 1473 1417 εὑρεθήσῃ
1487 1380 1537 1418 γὰρ
1549 1379 1579 1407 οὐ
1593 1382 1682 1420 σαυτῷ
1696 1381 1816 1410 πλουτῶν
1826 1402 1836 1416 ,

1065 1414 1134 1444 ἀλλὰ
1141 1418 1195 1448 τοῖς
1203 1415 1312 1452 πένησιν
1324 1418 1477 1455 οἰκονομῶν.
1485 1417 1520 1447 Ἤ
1532 1418 1597 1458 θύρα
1609 1430 1659 1457 μου
1673 1421 1734 1460 γὰρ,
1745 1420 1836 1460 φησὶν,

1065 1454 1196 1494 ἀνέῳκται
1218 1455 1298 1485 παντὶ
1311 1456 1465 1497 θλιὸομένῳ.
1484 1457 1610 1496 Μίμησαι
1630 1459 1679 1495 τὴν
1701 1459 1836 1500 ἀκρότητα

1064 1495 1163 1531 ταύτης
1173 1496 1221 1530 τῆς
1234 1496 1427 1536 φιλοπτωχίας,
1439 1497 1544 1527 ἔνδυσαι
1557 1498 1602 1527 τὸν
1615 1500 1694 1534 ζ’ῆλον
1707 1502 1755 1536 τῆς
1769 1501 1833 1529 ὑπο-

1067 1536 1148 1583 μονῆς
1157 1557 1164 1568 ,
1178 1535 1298 1575 ἄνδρισαι
1309 1537 1379 1565 κατὰ
1387 1539 1440 1566 τῶν
1451 1537 1585 1574 ἐναντίων,
1599 1538 1633 1567 τὰ
1641 1538 1687 1568 ἴσα
1695 1540 1833 1579 φρόνησον.

1072 1575 1146 1603 Αλλὰ
1160 1578 1244 1604 ταῦτα
1260 1575 1307 1613 μὲν
1322 1577 1359 1609 εἷς
1379 1578 1514 1606 τοσοῦτον.
1533 1578 1556 1607 Γ
1556 1577 1640 1607 ένοιτο
1654 1579 1682 1608 δὲ
1699 1581 1771 1618 ἡμᾶς
1790 1579 1834 1608 τὸν

1067 1614 1145 1648 ζῆλον
1163 1614 1208 1643 καὶ
1228 1614 1277 1651 τὴν
1294 1615 1429 1655 ὑπομονὴν
1449 1615 1558 1656 ἔχοντας
1571 1616 1678 1648 ἔναυλον
1702 1618 1773 1659 ἔχειν
1789 1619 1835 1648 καὶ

1067 1653 1115 1689 τὴν
1127 1654 1282 1684 ἀκολουθίαν
1296 1657 1348 1684 τῶν
1360 1657 1531 1694 λειπομένων,
1545 1657 1590 1687 καὶ
1603 1659 1672 1697 ὑμᾶς
1679 1642 1747 1699 ’παρ’
1758 1659 1835 1697 ἡμῶν

1068 1694 1190 1723 ἀπαιτεῖν
1197 1695 1231 1723 τὰ
1237 1694 1391 1734 λειπόμενα,
1400 1695 1445 1725 καὶ
1451 1698 1590 1736 ἡμᾶςῦμῖν
1597 1698 1708 1727 τιννύειν
1713 1700 1765 1728 τῶν
1772 1702 1836 1728 θεω-

1069 1733 1195 1772 ρημάτων
1212 1734 1261 1771 τὴν
1275 1735 1439 1765 ἀκολουθίαν.
1456 1736 1510 1765 Καὶ
1541 1737 1623 1767 ένοιτο
1636 1740 1707 1777 ἡμᾶς
1721 1738 1836 1779 γνησίως

1067 1773 1113 1802 καὶ
1129 1773 1179 1810 τὴν
1198 1774 1291 1814 ἑορτὴν
1310 1775 1477 1812 ἐπιτελέσαι,
1495 1749 1541 1806 uod
1560 1781 1615 1811 τοῖς
1632 1778 1772 1817 παθήμασι
1783 1781 1835 1808 τῶν

1067 1813 1147 1852 ἁγίων
1159 1814 1370 1850 κοινωνήσαντας
1383 1817 1543 1851 κοινωνῆσαι
1561 1817 1606 1846 καὶ
1625 1820 1664 1858 τῷ
1678 1818 1757 1848 πάθει
1770 1819 1836 1858 Χρι-

1067 1855 1138 1882 στοῦ.
1153 1854 1267 1889 Ἀληθῶς
1280 1854 1347 1895 γὰρ,
1361 1854 1482 1895 ἀδελφοὶ,
1501 1856 1608 1891 δικαίως
1621 1858 1775 1899 προέλαμψε
1789 1860 1836 1887 τοῦ

1065 1892 1165 1926 πάθους
1176 1897 1221 1923 τοῦ
1231 1895 1347 1934 Χριστοῦ
1359 1894 1393 1924 τὰ
1403 1895 1474 1931 πάθη
1486 1897 1538 1925 τῶν
1549 1896 1640 1936 ἁγίων.
1655 1898 1835 1938 Προέλαμψαν

1064 1932 1114 1972 γὰρ
1125 1954 1132 1969 ,
1156 1932 1247 1974 ὥσπερ
1269 1934 1417 1974 ἀστραπαὶ,
1439 1934 1473 1964 τὰ
1493 1935 1564 1972 πάθη
1584 1939 1637 1966 τῶν
1652 1937 1770 1974 δικαίων,
1793 1937 1836 1967 ἵνα

1065 1972 1133 2010 μετὰ
1145 1975 1229 2002 ταῦτα
1240 1976 1308 2013 φανῇ
1323 1976 1337 2003 ὁ
1349 1974 1478 2014 Χριστὸς,
1494 1974 1529 2009 ὥς
1548 1987 1627 2015 φησιν
1647 1979 1662 2007 ὁ
1683 1978 1808 2014 Παῦλος,
1822 1980 1836 2007 ὁ

1064 2016 1130 2041 πᾶσι
1144 2013 1261 2050 συμπάο-
1274 2025 1320 2049 ων,
1338 2014 1383 2042 καὶ
1402 2018 1469 2043 πᾶσι
1483 2015 1712 2055 συνδοξαζόμενος.
1734 2018 1837 2057 Εὐχαῖς

1064 2047 1109 2081 οῧν
1120 2051 1166 2080 καὶ
1177 2063 1243 2092 πρεσ
1263 2052 1328 2086 είαις
1336 2054 1389 2082 τῶν
1404 2053 1485 2092 ἁγίων
1496 2054 1627 2095 πατέρων,
1639 2057 1684 2085 καὶ
1695 2062 1748 2091 τοῖς
1762 2060 1835 2098 εἷρη-

1066 2090 1152 2130 μένοις
1161 2093 1349 2132 στοιχήσαντες
1357 2114 1365 2127 ,
1379 2093 1425 2122 καὶ
1439 2093 1472 2122 τὰ
1482 2094 1626 2134 λειπόμενα
1637 2097 1834 2136 προσδοκήσαν-

1064 2142 1124 2166 τες,
1139 2130 1214 2165 δόξαν
1227 2131 1425 2172 ἀναπέμψωμεν
1445 2134 1484 2172 τῷ
1509 2135 1614 2174 Πατρὶ,
1633 2136 1679 2165 καὶ
1701 2138 1740 2166 τῶ
1763 2138 1835 2174 Υἱῶ,

1065 2170 1110 2240 {Epi
1127 2173 1165 2221 τῷ
1180 2171 1246 2212 ἁγίῳ
1258 2171 1413 2210 Πνεύματι,
1430 2173 1466 2205 εἷς
1481 2173 1541 2207 τοὺς
1553 2176 1648 2208 αἰῶνας
1661 2177 1713 2205 τῶν
1724 2166 1834 2207 αἷώνοίν.

1097 2223 1159 2250 μην.

1129 2351 1176 2383 Εἰς
1190 2350 1232 2380 τὸν
1245 2351 1345 2380 δίκαιον
1358 2352 1404 2381 καὶ
1417 2352 1545 2392 μακάριον
1557 2351 1630 2389 Ἰὼὸ,
1642 2353 1726 2392 Λόγος
1743 2354 1777 2394 γ’.

1108 2442 1198 2483 Φέρε,
1221 2443 1266 2472 καὶ
1289 2446 1366 2482 ἡμεῖς
1387 2443 1516 2483 ἁψώμεθα
1539 2446 1587 2480 τῆς
1610 2445 1772 2484 ὑποθέσεως,
1793 2448 1839 2477 καὶ

1069 2485 1144 2521 ὑμεῖς
1171 2485 1219 2519 τῆς
1250 2484 1400 2522 ἀκροάσεως
1412 2495 1418 2501 ·
1436 2483 1481 2512 καὶ
1505 2483 1602 2518 πάντες
1628 2486 1763 2524 γινώμεθα
1791 2489 1838 2523 τῆς

1070 2525 1207 2562 ἑσπερινῆς
1221 2522 1375 2556 ἀκολουθίας
1386 2525 1432 2552 τοῦ
1447 2522 1520 2559 Ἰὼὸ,
1534 2523 1579 2552 καὶ
1593 2525 1660 2563 μετὰ
1674 2526 1787 2559 πίστεως
1800 2529 1838 2556 τῶ

1069 2563 1140 2602 λόγῳ
1159 2565 1206 2598 τ’ἥς
1220 2564 1353 2602 ὑπομονῆς
1365 2561 1472 2595 ἑαυτοὺς
1485 2565 1711 2604 παραστήσωμεν.
1727 2556 1837 2596 Ἄτοπον
