1904 2840
739 218 772 240 ιΝ
798 217 1010 241 MA-r’mffiuu.
1586 204 1654 251 733

809 336 860 376 ,5.
881 336 917 366 11.

217 439 267 469 E:
278 437 452 478 proesatione
463 437 592 466 loannis
603 435 736 465 Mahusii
748 432 945 463 aneiscani
951 434 983 461 in
997 431 1077 472 Opus
1091 431 1292 472 imperfectum
1305 434 1336 462 in
1350 434 1536 463 Matthaeum.

141 557 155 571 u
162 545 282 574 Aureum
290 542 363 574 illud
369 542 434 573 Divi
443 540 628 582 Chrys0st0mi
635 539 795 580 inscriptum
801 538 931 569 hactenus
941 539 1019 579 Opus
1033 538 1225 579 imperfectum,
1230 549 1393 579 quamquam
1405 552 1493 582 nuper
1503 542 1556 573 sub
1564 543 1658 574 incerti

101 603 115 618 ιο
134 590 253 629 ,auctoris
262 589 342 619 titulo
353 588 436 629 (quod
449 588 528 619 etiam
542 597 655 626 sequens
668 584 859 626 superscriptio
872 583 994 624 testatur)
1005 585 1032 614 in
1045 584 1134 614 lucem
1145 584 1223 614 exiit.
1236 585 1317 615 Haud
1329 586 1410 616 aliam
1423 587 1458 617 ob
1472 600 1540 627 rem,
1553 589 1658 631 opinor,

101 650 116 665 ιο
138 637 190 667 nisi
201 636 274 676 quod
282 636 309 666 in
324 636 409 677 ignoti
418 635 524 666 Arianae
532 634 662 664 haereseos
671 632 725 664 viri
741 642 836 662 manus
847 632 913 662 olim
925 631 1060 667 inciderit,
1067 630 1115 671 qui
1125 631 1181 661 suis
1190 632 1301 662 saecibus
1309 640 1410 663 tantum
1421 645 1489 675 opus
1499 643 1553 666 tam
1563 638 1660 668 misere

101 697 116 711 »
138 695 169 713 ac
181 683 297 724 turpiter
310 682 473 722 inquinavit,
486 689 517 711 ut
529 681 672 722 plerosque
682 678 842 710 Christianae
854 678 967 720 pietatis
974 685 1116 716 amatores,
1125 678 1174 718 qui
1186 678 1238 709 hoc
1251 690 1319 719 opus
1331 679 1457 721 legerint,
1472 692 1525 712 non
1539 684 1661 724 Chryso-

102 743 116 758 »
139 730 230 767 stomi,
240 729 287 759 sed
295 740 375 759 suum
387 739 454 766 esse,
466 728 496 758 id
517 735 557 758 est
573 727 676 764 Ariani,
686 737 792 756 censere
805 726 932 766 coegerit.
944 724 1025 763 Quod
1039 724 1163 764 equidem
1173 723 1277 766 duplici
1288 726 1386 768 colligo
1395 736 1562 768 argumento.
1574 730 1663 760 Priori

102 789 116 804 n
139 783 232 806 nactus
244 774 300 805 duo
313 775 477 816 exemplaria
490 774 680 811 vetustissima,
689 773 718 803 id
730 772 803 812 quod
816 772 959 804 videbatur
972 772 1120 811 antiquius,
1128 782 1161 802 ne
1174 772 1228 802 iota
1242 773 1352 812 quidem
1362 784 1484 804 errorum
1497 775 1587 816 ipsum
1601 787 1663 807 con-

103 836 117 851 »
139 823 239 853 tinehat
249 846 258 861 ,
272 822 320 853 sed
332 822 386 852 alia
403 832 484 852 manu
499 821 587 851 omnia
602 820 738 862 adscripta
755 820 784 850 in
798 819 974 860 marginibus.
989 819 1111 848 Alterum
1123 842 1131 857 ,
1146 819 1220 859 quod
1238 820 1315 851 nobis
1329 821 1426 862 Anglia
1440 822 1574 862 praestitit,
1589 834 1663 854 erro-

102 883 117 898 οο
139 882 201 901 rum
214 870 335 910 quaedam
348 869 463 899 hahebat
477 891 485 906 ,
500 868 623 908 quaedam
638 878 701 898 vero
721 868 832 898 minime
838 879 848 906 ς
864 867 1024 908 posteriori,
1040 866 1176 906 quidquid
1198 867 1330 897 Arianum
1351 876 1406 905 est,
1420 869 1443 899 si
1465 870 1584 900 attendas
1594 894 1604 907 ,
1616 881 1664 910 per

103 930 118 945 n
141 916 269 946 illationis
281 923 370 946 notam
381 916 518 954 assuitur;
531 914 567 945 ita
581 921 612 944 ut
624 914 647 945 si
659 926 771 953 reseces,
786 925 819 944 ne
833 914 882 955 pili
895 913 1006 953 quidem
1019 920 1138 943 mutetur
1147 914 1291 950 sententia,
1306 915 1379 954 quod
1393 926 1453 946 meo
1466 915 1575 955 quidem
1586 917 1663 957 judi—

104 977 118 992 n
140 963 183 994 cio
202 963 356 1003 neutiquam
375 963 432 992 fieri
452 962 536 1004 possit
548 985 556 1000 ‚
569 961 591 991 si
605 961 640 991 ab
655 962 714 1002 ipso
729 961 845 1002 genuino
858 968 965 990 auctore
979 960 1092 1000 ingenue
1106 959 1199 990 suisset
1212 960 1355 992 intextum.
1370 962 1604 1000 Quemadmodum
1617 975 1666 994 nec

104 1023 118 1038 n
141 1021 175 1040 ex
183 1010 300 1040 humano
313 1020 423 1050 corpore
434 1009 538 1050 aliquid
552 1009 650 1039 auferri
659 1009 759 1048 absque
768 1008 887 1049 corporis
898 1007 1077 1043 mutilatione,
1090 1006 1164 1046 quod
1173 1007 1340 1048 superfluum
1350 1019 1402 1038 non
1412 1009 1493 1039 fuerit
1501 1017 1580 1049 atque
1592 1021 1666 1040 mon-

105 1069 119 1084 »
141 1063 274 1086 struosum
284 1058 342 1094 (sic
347 1059 366 1093 ).
372 1057 430 1086 Hoc
438 1056 521 1096 igitur
528 1056 616 1096 Opus,
625 1054 815 1084 candidissime
829 1054 921 1091 lector,
936 1063 1007 1082 nunc
1014 1053 1048 1082 ab
1055 1053 1130 1082 illius
1137 1053 1346 1093 pestilentissimi
1354 1053 1408 1083 viri
1413 1054 1524 1084 vomicis
1532 1055 1665 1086 mundum

105 1115 119 1130 ιο
141 1113 173 1132 ac
189 1108 290 1132 tersum
308 1101 527 1142 diligentiorique
550 1111 613 1130 cura
634 1107 777 1141 purgatum
796 1100 880 1130 habes
890 1123 898 1137 ‚
911 1106 941 1128 ut
953 1100 997 1129 vel
1012 1098 1098 1129 infans
1119 1099 1203 1139 possit
1218 1110 1265 1139 per
1279 1099 1326 1128 illa
1347 1099 1535 1130 florentissima
1549 1102 1666 1141 optima-

106 1161 121 1176 »
143 1159 204 1179 rum
214 1148 405 1178 sententiarum
414 1155 488 1189 prata
498 1147 623 1188 spatiari,
634 1148 706 1177 omni
716 1147 837 1188 periculo
849 1153 875 1176 et
887 1157 974 1187 angue
986 1146 1082 1187 procul
1093 1153 1205 1176 semoto.
1218 1147 1287 1176 Nam
1296 1146 1319 1176 si
1330 1146 1396 1176 adeo
1409 1146 1487 1177 dubii
1501 1147 1606 1187 aliquid
1616 1149 1666 1179 ali-

107 1207 121 1223 »
142 1195 188 1225 cui
200 1195 319 1225 fortassis
332 1195 467 1235 reliquum
481 1194 629 1231 videbitur,
643 1194 672 1224 id
686 1205 734 1224 nos
747 1205 782 1224 ex
804 1193 923 1237 margine
934 1194 1010 1223 velut
1021 1192 1108 1223 indice
1121 1193 1270 1223 cavendum
1283 1201 1474 1230 monstramus,
1488 1194 1589 1233 ubique
1602 1195 1667 1225 affi-

108 1254 123 1269 οι
145 1248 235 1281 gentes
247 1248 294 1271 aut
308 1241 421 1272 verbum
433 1240 513 1278 illud,
529 1251 612 1279 cave,
625 1247 672 1270 aut
683 1239 759 1270 aliud
772 1240 913 1281 quidpiam
924 1239 1096 1279 aequivalens.
1109 1239 1151 1269 Ad
1163 1239 1220 1269 haec
1231 1239 1298 1269 ratio
1308 1239 1370 1277 fuit,
1384 1250 1434 1269 eur
1441 1240 1539 1270 minori
1551 1241 1666 1270 formula

108 1299 123 1314 ιι
146 1286 180 1316 sit
190 1297 320 1317 excusum
333 1287 412 1326 quale
425 1286 510 1316 dubio
520 1287 615 1327 procul
629 1287 680 1316 hoc
694 1298 756 1317 cum
769 1286 864 1327 primis
875 1287 953 1326 Opus
967 1293 1006 1315 est
1019 1285 1203 1326 Chrysostomi
1216 1285 1401 1326 imperfectum
1415 1293 1466 1316 etc.
1482 1298 1497 1314 ιο

146 1332 191 1362 Sic
203 1333 319 1363 Joannes
336 1333 478 1362 Mahusius
491 1334 569 1373 Opus
588 1331 659 1362 illud
673 1332 858 1372 imperfectum
873 1331 1013 1361 emendare
1026 1338 1136 1361 conatus
1149 1338 1198 1368 est,
1211 1330 1259 1360 sed
1272 1330 1382 1372 perinde
1395 1331 1472 1361 cessit
1485 1331 1527 1361 illi
1545 1339 1666 1370 conatus,

105 1385 185 1418 atque
197 1378 259 1408 aliis
269 1378 304 1408 de
315 1378 415 1418 quibus
427 1390 509 1420 supra
522 1379 665 1409 Erasmus.
677 1380 746 1409 Nam
757 1379 835 1409 virus
849 1378 955 1408 Arianae
966 1378 1095 1408 haereseos
1107 1378 1186 1408 etiam
1206 1379 1234 1407 in
1250 1388 1298 1407 sua
1315 1376 1354 1406 sic
1379 1377 1519 1407 emendata
1529 1377 1667 1416 Editione,

105 1435 167 1454 cum
180 1424 241 1454 aliis
250 1433 302 1454 non
315 1424 407 1465 pau'cis
419 1422 570 1462 moribus,
585 1431 717 1465 superest,
729 1432 759 1455 ut
771 1425 840 1456 infra
853 1424 1002 1455 videbitur.
1017 1425 1076 1455 Jam
1092 1423 1126 1454 ad
1141 1424 1249 1455 Sixtum
1263 1424 1407 1456 senensem
1420 1424 1577 1463 veniamus,
1591 1425 1669 1466 cujus

107 1469 182 1500 locus
194 1469 222 1500 in
236 1469 314 1510 prius
327 1469 416 1501 Editis
429 1470 558 1500 Parisinis
571 1471 693 1501 affertur.

836 1591 866 1629 ς.
888 1591 940 1620 111.

476 1689 528 1718 ,Ex
541 1688 616 1718 libro
628 1694 733 1728 quarto
743 1688 933 1718 Bibliothecae
946 1694 1055 1718 sancloe
1066 1687 1142 1718 Sitti
1155 1688 1299 1718 Senensis.

150 1799 165 1815 α
178 1787 209 1816 In
220 1785 378 1816 Matthaeum
390 1792 475 1816 exstat
489 1786 583 1817 incerti
597 1787 714 1817 auctoris
722 1787 906 1828 imperfectum
918 1788 1007 1829 Opus,
1022 1788 1048 1817 in
1059 1787 1184 1818 homilias
1195 1787 1388 1829 quinquaginta
1402 1796 1517 1828 quatuor
1527 1789 1646 1822 divisum
1659 1804 1666 1821 ε

109 1846 124 1861 ιι
146 1833 250 1863 tametsi
264 1832 352 1862 nullas
370 1832 468 1862 habeat
485 1833 627 1870 homilias,
640 1833 686 1863 sed
706 1840 853 1874 perpetuus
876 1833 910 1863 sit
930 1833 1153 1870 commentarius,
1166 1834 1303 1864 continens
1325 1835 1506 1865 continuatam
1521 1837 1669 1876 expositio-

109 1893 123 1908 »
147 1890 206 1909 nem
217 1879 396 1919 Evangelistae
417 1880 452 1909 ab
472 1879 550 1909 initio
571 1879 697 1910 videlicet
715 1891 800 1919 usque
824 1880 859 1910 ad
875 1880 1022 1910 dimidium
1037 1880 1134 1910 decimi
1149 1881 1221 1910 tertii
1234 1881 1329 1921 capitis
1342 1894 1349 1911 ι
1364 1888 1389 1911 et
1402 1893 1495 1912 rursus
1507 1894 1522 1912 a
1535 1883 1670 1924 principio

108 1939 123 1954 ιο
146 1925 241 1965 capitis
258 1925 294 1955 ¹9
304 1936 389 1964 usque
399 1925 435 1954 ad
447 1925 527 1955 finem
541 1925 635 1965 capitis
650 1925 774 1966 vigesimi
787 1927 884 1965 quinti.
899 1926 984 1966 Cujus
997 1926 1139 1956 exordium
1152 1934 1207 1965 est,
1222 1927 1302 1957 Sicut
1314 1929 1446 1968 referunt
1469 1931 1643 1960 Matthaeum
1659 1953 1670 1966 ‚

108 1985 122 2000 n
145 1979 197 2002 etc.
213 1973 254 2002 De
266 1983 320 2011 quo
334 1971 444 2011 quidem
457 1982 537 2012 opere
550 1972 657 2003 diversa
670 1973 791 2003 feruntur
800 1973 905 2014 judicia
919 1987 926 2003 z
942 1981 1005 2004 sunt
1015 1974 1061 2013 qui
1073 1974 1161 2014 ipsum
1176 1982 1271 2015 negent
1281 1985 1337 2004 esse
1351 1974 1546 2016 Chrysostomi‚
1562 1987 1623 2007 cum
1634 1977 1674 2007 ob.

108 2029 122 2045 ιο
144 2018 292 2057 Vulgatam
305 2018 407 2048 Latinae
424 2017 551 2048 Ecclesiae
564 2018 771 2057 translationem,
786 2030 845 2059 quae
858 2020 887 2050 in
902 2016 933 2050 eo
945 2020 1097 2057 disseritur,
1113 2027 1169 2050 tum
1183 2021 1219 2050 ob
1237 2022 1387 2061 frequentes
1401 2022 1543 2062 allegorias
1555 2030 1582 2052 et
1595 2023 1667 2053 alle-

108 2076 122 2091 ιο
143 2063 261 2103 gationes
281 2064 497 2104 apocryphorum
519 2064 692 2104 scriptorum,
715 2065 815 2104 quibus
836 2073 928 2096 auctor
960 2066 1055 2102 utitur,
1079 2065 1162 2095 citans
1183 2066 1349 2107 Scripturam
1374 2067 1451 2104 Seth,
1476 2069 1672 2109 Apocryphum-

107 2123 122 2137 ιο
144 2110 276 2147 Ezechiae,
287 2111 460 2140 Itinerarium
473 2111 629 2148 Clementis,
644 2118 670 2141 et
683 2111 735 2141 alia
748 2112 792 2142 his
803 2112 914 2149 similia,
926 2123 941 2141 a
955 2112 1139 2152 Chrysostomi
1160 2123 1210 2142 usu
1225 2113 1409 2143 remotissima.
1427 2114 1470 2144 Ad
1488 2115 1546 2145 haec
1568 2115 1673 2145 addunt

107 2168 122 2183 n
145 2156 396 2186 commentariorum
409 2153 532 2196 phrasin,
546 2158 726 2197 expositiones
737 2165 763 2187 et
774 2157 909 2197 dogmata,
925 2157 1165 2198 Chrysostomiauae
1177 2158 1275 2198 linguae
1289 2166 1314 2189 et
1328 2160 1409 2189 menti
1423 2160 1507 2200 magis
1525 2161 1669 2197 contraria,

107 2213 122 2229 ιο
144 2211 226 2239 quam
239 2202 328 2241 ignem
338 2209 365 2232 et
374 2213 482 2241 aquam.
500 2204 570 2233 Nam
583 2210 610 2233 et
628 2203 754 2233 dictionis
767 2204 913 2240 character,
929 2211 954 2233 et
972 2204 1105 2233 schemata
1125 2203 1258 2243 quaedam,
1272 2204 1307 2234 ad
1320 2206 1443 2235 Graecam
1460 2206 1605 2235 orationem
1619 2206 1671 2234 mi-

108 2259 122 2273 ιο
145 2247 217 2276 nime
237 2247 434 2286 respondentia,
446 2248 565 2278 indicant
583 2249 741 2289 scriptorem
762 2250 843 2278 fuisse
864 2250 990 2279 Latinum
1004 2260 1013 2288 ;
1025 2249 1149 2280 haeretica
1163 2261 1228 2280 vero
1246 2250 1387 2291 dogmata,
1402 2258 1457 2281 toto
1471 2251 1570 2292 passim
1585 2252 1673 2290 Operi.

108 2304 123 2319 ιο
146 2292 276 2333 inspersa,
292 2292 382 2332 palam
396 2301 511 2332 arguunt
523 2294 648 2324 eumdem
661 2295 742 2325 fuisse
755 2295 920 2333 haereticum,
937 2306 989 2325 non
1004 2295 1050 2325 uni
1064 2302 1167 2326 tantum
1180 2303 1256 2327 sectae
1270 2297 1421 2335 addictum,
1433 2297 1480 2327 sed
1494 2296 1576 2327 variis
1588 2299 1668 2326 Mon-

108 2350 122 2365 ιι
145 2338 212 2375 tani,
223 2338 376 2375 Manichaei,
387 2339 457 2374 Arii,
468 2339 577 2376 Donati,
586 2350 617 2369 ac
628 2340 730 2380 Pelagii
742 2341 889 2371 haeresibus
901 2342 1073 2382 implicitum,
1081 2349 1107 2372 et
1121 2350 1230 2383 propter
1240 2355 1284 2373 eas
1297 2344 1408 2373 haereses
1421 2344 1515 2373 merito
1528 2344 1562 2372 ab
1576 2343 1668 2373 Eccle-

108 2396 122 2411 η
145 2384 183 2413 sia
196 2383 363 2420 damnatum,
377 2390 403 2413 et
415 2394 430 2413 a
445 2384 531 2414 Paulo
546 2386 617 2425 Papa
628 2386 670 2416 lv
685 2386 712 2415 in
726 2387 846 2426 catalogo
860 2387 1020 2428 scriptorum
1035 2395 1163 2428 suspectae
1177 2388 1239 2418 fidei
1254 2395 1468 2418 annumeratum.

147 2441 162 2456 ιο
185 2430 254 2459 Sunt
266 2439 300 2458 ex
313 2429 437 2469 opposito
450 2429 497 2467 qui
510 2429 562 2459 hoc
576 2430 663 2469 ipsum
678 2441 746 2470 opus
758 2432 921 2462 contendunt
933 2443 989 2463 esse
1001 2433 1197 2474 Chrysostomi,
1211 2433 1322 2463 adducti
1337 2444 1388 2462 non
1407 2433 1494 2474 s9lum
1514 2434 1669 2464 auctoritate

110 2487 123 2501 n
147 2475 306 2515 Aponolicae
319 2475 456 2512 Eonhsiae,
469 2486 528 2514 quae
541 2476 650 2516 publice
663 2476 731 2507 inter
742 2477 850 2508 divinas
864 2478 957 2509 landes
971 2480 1036 2520 legit
1047 2480 1179 2510 Homilias
1192 2491 1226 2509 ex
1236 2480 1278 2509 his
1293 2479 1488 2509 commentariis
1497 2479 1548 2508 sub
1562 2481 1668 2510 nominc

109 2534 122 2547 n
146 2521 256 2550 Joannis
262 2521 462 2562 Chrysostomi:
473 2521 519 2552 sed
527 2522 607 2551 etiam
618 2523 730 2562 permoti
741 2525 859 2565 pondere
871 2532 898 2555 et
909 2526 1039 2565 gravitate
1049 2526 1238 2557 sententiarum
1248 2533 1272 2555 et
1287 2525 1499 2564 propositionum
1511 2525 1593 2565 hujus
1599 2528 1668 2567 Ope-

110 2579 122 2593 n
146 2566 265 2606 riszquae
278 2568 312 2598 ad
327 2568 552 2599 confirmationem
567 2569 779 2601 Christianorum
790 2571 945 2612 dogmatum
960 2574 1011 2603 sub
1024 2574 1113 2611 titulo,
1125 2573 1275 2603 testimonio
1284 2578 1309 2600 ct
1321 2571 1476 2601 auctoritate
1485 2571 1670 2612 chrysostomi

110 2624 122 2637 ο
148 2611 310 2643 inducuntur
327 2613 352 2642 in
372 2614 476 2644 Glossis
490 2615 658 2653 authenticis,
674 2628 739 2656 quas
752 2626 846 2649 vocant
860 2619 1027 2657 Ordinarias,
1045 2620 1071 2649 in
1086 2618 1193 2649 Catenis
1209 2617 1424 2656 evangelicarum
1437 2617 1667 2657 explanationum,

1667 351 1692 367 111
