1890 2826
598 218 631 241 m
659 218 817 241 ABRAHAM
844 218 888 241 E‘r

120 279 204 316 στήλη
226 278 367 318 διηγείσθω
378 278 412 308 τὰ
426 278 497 314 πάθη
518 279 571 307 τῶν
593 278 757 318 ἀμφοτέρων.
772 278 819 314 Μὴ
842 278 884 316 ἴδῃ

119 319 226 359 Σάῤῥας
244 318 377 358 ὀφθαλμὸς
402 319 447 348 τὸν
470 316 591 357 Ἀὸραὰμ
616 318 797 352 παιδοκτόνον,
818 318 884 356 μηδὲ

103 358 368 396 ’παιδοκτονούμενον
389 357 467 398 χερσὶ
487 357 587 397 πατρὸς
611 358 655 387 τὸν
670 357 773 388 Ἰσαάκ.
789 358 885 404 Ταῦτα

117 397 163 427 καὶ
180 397 214 427 τὰ
234 400 342 427 τοιαῦτα
361 397 484 433 ἐποίησεν
498 397 529 426 ἂν
543 399 560 432 ἡ
580 397 672 437 Σάῤῥα
680 420 689 432 ,
702 398 726 426 εἷ
795 408 818 425 ω
840 408 885 426 τον

117 436 241 476 φίλτατον
251 437 382 476 μέλλοντα
388 437 589 477 σφαγιάζεσθαι.
598 437 650 466 Διὰ
656 439 734 466 τοῦτο
741 439 756 465 ὁ
767 436 885 492 Αὸραᾷμ

73 496 77 499 -
116 476 190 505 οὐδὲν
204 476 303 506 τούτων
318 472 390 506 εἶπεν
403 478 487 516 αὐτῇ,
506 475 549 505 ἵνα
567 476 650 516 μηδὲν
669 475 799 516 ἐμποδίσῃ
838 479 884 505 τοῦ

116 517 144 545 ἐν
157 527 189 556 χε
225 515 257 545 ίν.
271 516 404 551 Ἐπέθηκε
425 518 464 556 τῷ
477 516 552 545 παιδὶ
566 516 614 548 τὰς
634 516 763 557 σχίδακας
772 517 826 544 τῶν
840 515 884 549 ξύ-

115 557 178 590 λων,
200 555 278 591 πειδὴ
285 555 330 585 καὶ
343 558 357 585 ὁ
371 555 468 596 Σωτὴρ
481 556 526 585 τὸν
539 556 651 596 σταυρὸν
665 554 802 589 ἐὸἄσταξε.
812 555 885 585 Μέλ-

115 596 204 628 λοντος
224 598 270 634 τρῦ
281 595 373 624 Ἰσαὰκ
395 594 518 636 ἔρχεσθαι
531 596 597 635 πρὸς
610 594 660 631 τὴν
680 594 793 635 σφαγὴν,
820 597 885 631 ἠκο-

114 634 203 664 λούθει
213 637 228 664 ὁ
241 635 297 668 ὄνος
310 635 355 664 καὶ
368 635 392 663 οἱ
407 636 500 668 παῖδες
513 636 538 665 οἱ
558 634 649 667 τούτου
657 646 664 653 ·
676 635 721 664 καὶ
742 634 883 676 μέλλοντος

115 677 162 703 τοῦ
189 675 306 714 Χριστοῦ
331 675 396 714 πρὸς
419 675 450 704 τὸ
471 674 552 708 πάθος
577 674 713 714 ἔρχεσθαι,
727 673 811 709 ἐπέὸη
838 674 882 703 ἐπὶ

116 715 214 750 πῶλον,
229 714 316 749 δηλῶν
328 716 380 743 τῶν
400 715 480 743 ἐθνῶν
493 714 540 750 τὴν
562 714 670 750 κλῆσιν·
682 713 840 750 ἠκολούθουν
854 714 882 743 δὲ

115 755 188 782 αὐτῶ
202 753 247 782 καὶ
265 755 288 782 οἳ
304 753 420 791 μαθηταὶ
434 755 513 783 αὐτοῦ
532 753 566 783 τὰ
580 753 692 793 βραδεῖα
708 756 881 793 κρατοῦντες,

115 793 160 821 καὶ
225 792 290 822 αννὰ
303 804 319 821 κ
337 792 450 826 σίζοντες.
466 793 608 827 Βαστάζων
622 794 636 822 ὁ
648 793 742 823 Ἰσαὰκ
751 792 786 822 τὰ
801 792 880 829 ξύλα,

115 832 246 872 ἀνήρχετο
260 834 296 865 εἰς
308 804 339 862 vg
349 832 407 872 ὄρος
419 834 531 868 τυθῆναι
544 834 580 866 ὡς
593 832 681 872 ἀρνίον
700 833 798 862 ἄκακον
808 844 814 850 ·
831 835 881 871 βα-

114 872 218 906 στάζων
229 871 274 901 καὶ
287 874 301 901 ὁ
314 872 410 912 Σωτὴρ
420 873 466 902 τὸν
482 873 594 912 σταυρὸν
611 871 738 923 ἐξήρχετο
746 894 754 908 ,
767 874 794 902 ἐν
812 874 883 912 Κρα-

117 911 164 951 νίῳ
182 913 300 947 ’τυθῆναι
325 913 361 944 ὣς
384 913 401 940 α’
422 912 464 945 νὸς
484 911 551 952 ὑπὲρ
570 913 656 951 ἡμῶν.
680 912 732 948 Γὴν
747 912 882 952 μάχαιραν

114 953 219 991 θεωρῶν
232 951 313 980 ἐννόει
348 962 372 980 οι
385 924 434 987 *rx-v
444 951 558 992 λόγχην·
572 952 618 982 τὸν
633 952 723 991 βωμὸν
737 953 882 987 κατανοῶν,

114 990 208 1020 σκόπει
235 1001 280 1028 μοι
308 1002 324 1019 τ
360 990 472 1031 Κρανίον
483 1004 490 1010 ·
517 991 561 1021 καὶ
590 991 636 1024 τὰς
664 991 792 1031 οχίδακας
821 991 884 1030 βλέ-

914 217 1011 241 ῐεΑΑο
1037 219 1161 242 SERMO.
1612 206 1685 254 649

937 279 1033 308 oculus
1044 279 1228 309 Abrahamum
1240 279 1291 309 filii
1302 280 1506 317 interfectorem,
1520 290 1604 318 neque
1616 280 1684 308 Isaa-

935 328 996 347 cum
1017 329 1098 348 manu
1113 319 1195 358 patris
1208 326 1362 349 mactatum.
1377 321 1440 350 Haec
1450 327 1476 349 et
1493 320 1591 349 similia
1604 321 1683 350 secis-

935 363 975 386 set
1001 358 1078 394 Sara,
1093 358 1116 387 si
1138 358 1343 388 dilectissimum
1363 367 1505 389 mactatum
1527 360 1562 388 iri
1587 360 1684 390 scivis-

935 403 984 426 set.
995 396 1059 426 Ideo
1073 397 1141 427 nihil
1155 398 1254 428 horum
1271 399 1408 428 Abraham
1422 399 1475 439 ipsi
1491 400 1635 435 nuntiavit,
1651 410 1684 429 nc

954 436 1079 481 eragendi
1087 437 1176 477 operis
1184 438 1253 467 obex
1263 439 1339 468 soret.
1355 439 1488 479 Imposuit
1497 439 1555 468 filio
1568 439 1683 469 fascicu—

948 485 977 504 os
990 475 1138 514 lignorum,
1149 477 1212 516 quia
1223 478 1349 508 Servator
1357 489 1463 508 crucem
1477 479 1604 518 portavit.
1619 482 1683 509 Per-

937 521 1075 544 recturum
1086 517 1206 545 isaacum
1223 516 1259 545 ad
1277 517 1387 554 caedem‚
1402 519 1582 557 sequebamur
1593 520 1683 549 asinus

935 561 961 583 et
972 555 1067 593 pueri;
1079 562 1105 584 et
1129 563 1301 595 perrecturus
1314 557 1439 587 Christus
1462 557 1496 587 ad
1519 559 1681 597 passionem,

935 594 1044 633 pullum
1053 594 1132 623 asina:
1140 595 1304 631 conscendit,
1315 596 1468 636 significans
1476 598 1594 642 gentium
1606 609 1683 628 voca-

935 633 1052 662 tionem:
1069 634 1247 673 sequebantur
1267 642 1355 665 autem
1379 647 1441 665 eum
1461 636 1600 676 discipuli,
1614 649 1682 678 prae-

900 680 918 703 E
935 672 988 701 mia
1008 673 1160 703 certaminis
1184 681 1311 708 tenentes,
1331 681 1357 704 et
1371 677 1494 705 Hosanna
1519 677 1674 708 clamantes.

934 712 1049 741 Gestans
1062 714 1136 742 Isaac
1150 713 1222 753 ligna
1233 714 1391 744 ascendebat
1402 715 1429 743 in
1441 722 1568 752 montem,
1585 724 1615 746 ut
1634 728 1682 746 ceu

934 761 1019 790 agnus
1034 752 1162 782 innocens
1176 753 1215 782 ibi
1232 754 1435 792 immolaretur;
1450 762 1554 795 gestans
1575 767 1683 795 quoque

933 791 1059 821 Set-vator
1067 803 1174 823 crucem
1185 793 1286 830 exibat,
1297 801 1326 823 ut
1338 794 1363 822 in
1371 795 1495 824 Calvaria
1509 796 1585 834 quasi
1597 807 1682 835 agnus

955 841 984 859 ro
997 831 1075 860 nobis
1091 832 1285 863 immolaretur.
1303 833 1435 863 Gladium
1446 844 1571 870 cernens,
1594 836 1681 874 cogita

933 841 1063 907 limam
1071 882 1145 900 aram
1152 873 1333 910 considerans,
1343 874 1429 911 cogita
1436 874 1603 914 Calvariam;
1615 887 1681 906 cassa

935 909 1009 947 ligna
1024 909 1130 947 videm,
1146 912 1233 950 cogita
1245 923 1368 948 crucem;
1384 914 1470 952 ignem
1486 913 1591 952 videns,
1607 927 1681 945 amo—
1698 913 1700 915 i

936 959 992 977 rem
1021 955 1108 978 tecum
1135 958 1238 990 reputa.
1265 952 1379 991 Respice
1405 952 1515 982 arietem
1538 954 1680 984 liaereutcm

935 987 1044 1017 duobus
1058 989 1186 1018 cornibus
1201 991 1321 1029 arbusto,
1336 991 1411 1029 quod
1422 993 1568 1022 vocabatur
1581 995 1679 1025 sabec:

114 1041 181 1066 πων,
195 1029 317 1059 κατανόει
330 1030 375 1059 τὸν
385 1031 496 1070 σταυρόν
505 1043 511 1049 -
523 1031 569 1061 χαὶ
582 1031 612 1061 τὸ
621 1033 675 1070 πῦρ
688 1030 832 1070 θεωρήσας,
841 1031 885 1060 >0-
893 1026 1000 1068 55,vide
1023 1027 1090 1056 mihi
1111 1035 1137 1057 et
1157 1029 1309 1067 Christum,
1324 1041 1424 1069 agnum
1446 1032 1508 1068 Dei,
1522 1032 1629 1063 duabus
1652 1035 1679 1063 in

114 1069 186 1109 γίζου
202 1081 248 1109 μοι
260 1069 306 1099 τὸν
318 1069 408 1099 πόθον.
422 1071 509 1100 Βλέπε
529 1070 574 1099 καὶ
587 1070 619 1100 τὸ
630 1069 763 1110 πρόὸατον
782 1071 813 1099 ἐκ
831 1072 884 1099 τῶν

114 1109 160 1139 δύο
174 1109 291 1149 κεράτων
306 1109 482 1149 κρατούμενον
497 1111 523 1139 ἐν
545 1112 619 1150 φυτῷ
633 1111 671 1149 τῷ
683 1108 817 1149 λεγομένῳ
831 1110 885 1139 Σα-

114 1148 163 1178 ὃέκ
172 1161 179 1167 ·
195 1148 276 1188 βλέπε
291 1160 336 1186 μοι
349 1148 394 1177 καὶ
415 1149 459 1178 τὸν
474 1149 599 1189 Χριστὸν,
612 1150 658 1179 τὸν
677 1148 759 1188 ἀμνὸν
779 1149 823 1178 τὸν
837 1152 883 1178 τοῦ

113 1189 199 1223 Θεοῦ,
213 1188 267 1218 ἀπὸ
280 1188 325 1216 δύο
342 1190 438 1228 χειρῶν
459 1188 636 1228 κρατούμενον
662 1190 689 1218 ἐν
713 1190 828 1228 σταυρῷ.
843 1189 869 1218 T
870 1188 884 1217 ὸ

114 1228 193 1267 φυτὸν
202 1227 289 1257 τὸτοῦ
313 1227 402 1257 Σαὸὲκ
416 1228 507 1268 ἄφεσιν
517 1228 655 1268 ἑρμηνεύει
662 1240 668 1247 ·
681 1230 766 1268 ἀφῆκε
775 1228 826 1267 γὰρ
837 1231 884 1264 τῆς

113 1269 217 1306 σφαγῆς
226 1267 271 1296 τὸν
284 1267 365 1296 παῖδα
379 1270 425 1296 τοῦ
442 1268 577 1307 γέροντος,
591 1268 636 1297 τὸν
653 1267 765 1307 σταυρὸν
782 1279 883 1307 προση-

113 1310 207 1344 μαῖνον
226 1306 271 1335 τὸν
294 1306 393 1346 ἀφέντα
405 1309 444 1346 τῷ
462 1307 555 1347 κόσμῳ
573 1307 620 1341 τὰς
633 1306 764 1347 ἁμαρτίας
785 1309 881 1342 αὐτοῦ,

114 1345 160 1374 καὶ
174 1345 245 1382 ζωὴν
257 1345 438 1386 παρασχόντα.
451 1346 486 1375 Ὁ
508 1347 579 1386 κριὸς
596 1348 624 1376 ἐν
636 1348 675 1387 τῷ
716 1348 770 1386 υτῷ
784 1347 879 1386 κρεμά-

113 1397 189 1423 μενος
198 1385 344 1415 τοῦ’Σαὸὲκ
358 1387 492 1424 μυστικῶς
503 1387 548 1416 τὸν
562 1385 655 1415 Ἰσαὰκ
671 1399 691 1425 μ
721 1397 750 1415 ον
761 1386 878 1426 ἐλυτρώ-

113 1436 191 1454 σατο’
201 1427 216 1454 ὁ
229 1424 257 1454 δὲ
272 1425 356 1463 ἀμνὸς
363 1427 409 1454 τοῦ
421 1427 492 1455 Θεοῦ
501 1425 658 1466 κρεμασθεὶς
669 1427 695 1455 ἐν
709 1427 748 1466 τῷ
759 1428 879 1466 σταυρῷ,

112 1464 240 1504 ἐρρύσατο
250 1465 295 1494 τὸν
308 1464 408 1504 κόσμον
429 1466 459 1494 ἐκ
475 1465 586 1494 θανᾶτου
599 1465 645 1495 καὶ
660 1466 733 1506 ᾅδου.
749 1465 882 1495 {Aneoni-

111 1504 266 1540 σθηἸσαὰκ
284 1504 337 1533 ἀπὸ
359 1506 412 1533 τῶν
433 1504 531 1534 τέκνων
549 1507 642 1541 αὖτοῧ,
656 1505 759 1544 μέλλων
783 1506 827 1535 ἐπὶ
851 1505 882 1535 τὸ

111 1543 170 1583 ὄρος
180 1544 303 1584 ἔρχεσθαι
314 1546 351 1576 εἷς
362 1544 472 1573 θάνατον
483 1556 489 1562 ·
502 1544 661 1580 ἀπεσπάσθη
670 1544 716 1573 καὶ
729 1545 753 1573 Χ
774 1546 843 1578 ιστὸς
851 1546 881 1574 ἐκ

112 1585 164 1612 τῶν
184 1585 308 1621 μαθητῶν
322 1584 418 1618 αὐτοῦ,
433 1583 536 1621 μέλλων
552 1583 596 1612 ἐπὶ
609 1583 658 1619 τὴν
681 1556 784 1622 coccygia
806 1584 882 1623 ἔρχε-

113 1625 174 1651 σθαι
197 1622 263 1661 ὑπὲρ
289 1624 376 1660 ἡμῶν.
402 1622 550 1651 Κατέλειπε
563 1622 623 1655 τοὺς
638 1624 734 1655 παῖδας
754 1625 769 1651 ὁ
782 1622 882 1656 δίκαιος

112 1661 248 1700 Ἆὸραὰμ,
259 1661 302 1690 ἵνα
321 1661 358 1700 μή
371 1673 410 1694 τις
430 1664 493 1701 παρ’
509 1662 596 1690 αὐτῶν
616 1662 711 1691 ’ἔσται
725 1662 881 1712 ἀνδραποδι-

113 1701 178 1739 σμὸς
192 1701 256 1740 πρὸς
277 1700 326 1736 τὴν
351 1701 509 1740 ἱερουργίαν,
521 1701 566 1730 καὶ
588 1701 677 1730 λαὸὼν
702 1700 746 1730 τὸν
780 1701 880 1737 laudm,

113 1740 191 1779 μόνος
205 1740 282 1779 μόνον
305 1740 410 1779 ἀνάγει,
425 1742 487 1780 πῦρ,
511 1740 659 1780 μάχαιραν,
674 1740 719 1770 καὶ
738 1740 803 1774 ξύλα
821 1753 882 1770 συν-

113 1779 306 1820 ιπιφερόμενος.
334 1779 412 1809 Ἀλλὰ
432 1779 459 1808 τί
484 1782 499 1809 ὁ
524 1779 632 1814 'lomim
660 1782 704 1820 Τῇ
729 1781 880 1820 γλυκυτάτη

123 1822 186 1888 ιεαξ
196 1815 881 1899 ΞἭἯτῖΐέὲλὶὲγῖᾇῦεῖῗέἐ.φέἷὶζρόἔὲαἶῗῗξέ

489 1882 498 1895 9

114 1900 151 1932 εἷς
169 1870 367 1938 ὁλοκᾶρτξοπινς
383 1898 468 1928 Πάλιν
481 1898 554 1938 φωνὴ
568 1901 614 1928 τοῦ
636 1899 728 1932 παιδὸς
743 1899 881 1939 δριμύσσει

114 1938 187 1968 σπλά
224 1950 255 1967 να
269 1937 382 1978 πατρός·
393 1938 474 1967 πάλιν
493 1938 571 1971 ἄλλος
582 1939 727 1978 πειρασμὸς
744 1939 820 1979 ἔσχεν
833 1941 882 1968 αὗ-

113 1978 158 2008 τὸν
170 1950 279 2018 φζέερός
289 1990 296 1996 ·
305 1978 385 2007 πάλιν
397 1977 466 2013 ἄλλη
479 1977 593 2017 βάσανος
606 1978 716 2019 συνέσχε
725 1979 770 2008 τὸν
782 1979 882 2009 δίκαιον

114 2019 161 2047 οὒκ
169 2017 286 2047 ἐλάττων
295 2020 343 2052 τῆς
362 2017 484 2057 πρώτης,
497 2017 556 2046 οὐδὲ
571 2018 812 2058 φιλανθρονποτέρα.
829 2019 893 2048 Καὶ.

114 2059 172 2090 πῶς
188 2057 219 2086 ἂν
241 2058 271 2086 οὐ
294 2057 449 2096 κατεπλάγη
466 2055 595 2096 δάκρυσιν
609 2060 624 2087 ὁ
637 2057 770 2097 Ἆὸραὰμ,
806 2058 881 2094 ηκέτι

114 2096 297 2136 προσδοκήσας
319 2097 410 2126 λοιπὸν
435 2096 524 2136 πατὴρ
549 2098 679 2136 ἀκοῦσαις
695 2099 736 2126 Οὐ
760 2071 831 2137 λέγει
856 2110 881 2127 τι

114 2136 219 2175 γοερὸν,
239 2137 269 2165 οὗ
294 2137 423 2175 θρηνῶδες
446 2135 603 2176 φθέγγεται·
628 2137 686 2166 ἄλλ’
713 2139 822 2177 ἀτρεμεῖ
848 2140 881 2177 τῇ

114 2177 187 2214 ψυχῇ
202 2174 248 2204 καὶ
268 2176 369 2204 ἀκλινεῖ
385 2176 506 2215 λογισμῷ
527 2176 641 2210 ἐδέξατο
655 2176 704 2212 τὴν
727 2177 815 2216 φωνὴν
836 2180 882 2206 τοῦ

114 2209 207 2247 παῖδὸς
221 2213 268 2250 τὴν
282 2213 403 2249 ἡδίστην,
414 2214 459 2243 καὶ
479 2215 698 2255 ἀνταποκρίνετοιι
708 2238 716 2252 ,
726 2216 772 2245 καὶ
790 2216 882 2255 λόγους

116 2253 269 2291 μεταδιδοῖ·
290 2253 325 2282 Ὁ
345 2253 414 2286 Θεὸς
437 2253 548 2292 ὄψεται,
569 2255 670 2288 τέκνον.
689 2254 822 2295 πρόὸατον
847 2258 884 2288 εἰς

116 2292 218 2322 θυσίαν.
234 2293 298 2322 Εἴτε
320 2292 528 2359 παραθαρξύνων
551 2294 593 2323 τὸν
615 2295 698 2334 παῖδα
722 2298 799 2323 τοῦτο
821 2294 887 2335 ἔφη,

115 2332 168 2362 εἴτε
186 2332 232 2362 καὶ
245 2331 417 2371 προφητεύων
425 2343 441 2360 τ
471 2332 568 2370 μέλλον
581 2335 596 2362 ὃ
607 2333 736 2372 Ἄὸραοίμ.
750 2334 796 2363 Ἐν
810 2335 838 2363 δὲ
849 2337 887 2374 τῷ

116 2372 214 2411 φθάσαι
237 2372 338 2407 σπουδῆ
353 2370 397 2400 τὸν
416 2371 617 2411 προσταχθέντα
643 2373 734 2408 τόπον,
756 2373 888 2413 οἰκοδομεῖ

115 2411 161 2440 τὸν
182 2411 280 2450 βωμὸν,
305 2404 335 2440 το
357 2410 542 2450 θυσιαστήριον
569 2411 716 2460 ἑτοιμάζει,
754 2412 888 2453 μάχαιραν

117 2450 279 2489 εὐτρεπίζει,
293 2451 338 2479 καὶ
360 2450 390 2479 τὸ
404 2453 457 2489 πῦρ
476 2450 522 2479 καὶ
541 2450 575 2479 τὰ
599 2450 662 2484 ξυλα
686 2453 701 2480 ὁ
723 2451 812 2492 πατὴρ
834 2465 887 2482 πα-

118 2492 218 2528 ρατιθεῑ
238 2492 276 2529 τῷ
289 2489 374 2520 παιδί.
388 2489 516 2519 ‘'Amet-ou
535 2489 603 2528 μετὰ
621 2489 714 2520 τούτου
735 2493 780 2521 τοῦ
804 2493 860 2521 υἱοῦ
875 2495 889 2523 ὁ

152 2573 164 2591 b
183 2571 270 2603 [Savil.
280 2576 308 2598 ἴσ.
321 2573 376 2605 τῷ]

152 2619 162 2628 ·
171 2610 258 2642 [savit.
268 2614 295 2636 ϊσ.
305 2614 317 2643 ᾖ
327 2613 468 2644 ἐμποδισμὸς.
477 2611 551 2642 Quod
561 2612 648 2638 Latine
661 2615 781 2646 expressit
788 2615 877 2642 Morus,

904 1077 921 1099 Α
937 1077 1016 1096 cruce
1036 1068 1160 1097 manibus
1178 1068 1327 1099 detentum.
1349 1069 1467 1109 Lignum
1490 1071 1559 1101 illud
1585 1074 1681 1109 δοῦρε,

937 1105 1120 1136 remissionem
1131 1107 1338 1148 interpretamur
1344 1120 1353 1147 ;
1369 1110 1439 1140 senis
1451 1111 1522 1140 enim
1537 1112 1624 1142 filium
1639 1124 1680 1143 re-

936 1144 1010 1174 misit
1022 1153 1048 1175 et
1061 1146 1173 1177 redemit
1186 1159 1201 1177 a
1214 1149 1383 1185 mactatione,
1398 1160 1504 1180 crucem
1522 1152 1680 1191 praesignifi-

935 1194 1009 1222 cans,
1024 1196 1084 1224 quae
1102 1187 1202 1216 mundo
1216 1195 1322 1227 peccata
1337 1189 1450 1224 remisit,
1463 1190 1599 1229 vitamque
1613 1203 1678 1232 prm-

935 1223 1004 1254 buit.
1021 1225 1099 1254 Aries
1117 1227 1145 1254 in
1159 1227 1232 1266 ligno
1255 1228 1340 1258 Sabec
1362 1229 1481 1268 pendens
1495 1231 1616 1260 Isaacum
1630 1243 1680 1261 so-

936 1262 994 1292 lum
1006 1265 1119 1304 mystice
1128 1266 1255 1296 liberavit
1262 1278 1272 1305 3
1286 1268 1379 1306 Agnus
1393 1279 1457 1298 vcro
1471 1269 1520 1298 Dei
1535 1281 1679 1310 suspensus

934 1302 961 1331 in
983 1313 1072 1340 cruce,
1086 1306 1203 1336 servavit
1223 1306 1356 1336 mnndum
1376 1318 1411 1337 ex
1424 1315 1509 1338 morte
1522 1317 1548 1339 et
1562 1310 1677 1341 inferno.

933 1342 1054 1372 Avulsus
1067 1351 1106 1374 est
1122 1345 1196 1374 Isaac
1209 1356 1224 1374 a
1242 1345 1307 1375 filiis
1329 1347 1396 1384 suis,
1412 1355 1540 1378 venturus
1555 1350 1581 1378 iu
1600 1361 1678 1380 mou-

930 1387 984 1411 tem
996 1381 1031 1411 ad
1050 1390 1162 1414 mortem
1179 1385 1347 1415 subeundam
1359 1398 1366 1422 ;
1381 1388 1492 1417 avulsus
1502 1395 1541 1418 est
1554 1390 1679 1419 Christus

931 1432 946 1450 a
959 1421 1102 1462 discipulis
1114 1424 1181 1459 suis,
1197 1431 1327 1454 venturus
1339 1426 1373 1456 ad
1385 1437 1477 1457 necem
1491 1439 1540 1468 pro
1554 1430 1631 1459 nobis
1642 1437 1678 1460 to-

932 1461 1080 1491 lerandam.
1096 1464 1220 1502 Reliquit
1230 1475 1328 1504 pueros
1347 1476 1410 1495 suos
1419 1468 1510 1506 justus
1528 1469 1675 1505 Abraham,

931 1511 964 1530 nc
977 1501 1039 1539 quis
1050 1511 1084 1530 ex
1098 1503 1164 1542 ipsis
1178 1503 1402 1543 impedimentum
1412 1508 1542 1537 sacrificio
1558 1510 1675 1545 afferret,

931 1546 957 1569 ct
977 1550 1067 1569 secum
1091 1549 1210 1571 assumto
1229 1544 1331 1579 Isaaco,
1354 1545 1428 1574 solus
1447 1547 1536 1576 solum
1554 1548 1675 1585 adducit,

932 1579 1032 1618 ignem,
1047 1579 1169 1617 gladium
1182 1588 1208 1610 et
1227 1582 1300 1621 ligna
1321 1584 1401 1612 simul
1417 1585 1514 1616 ferens.
1532 1588 1585 1617 Sed
1610 1590 1676 1628 quid

930 1618 1025 1647 Isaac?
1039 1619 1201 1648 Dulcissima
1209 1630 1275 1650 voce
1290 1623 1434 1663 compellat
1444 1631 1470 1653 et
1479 1626 1517 1654 ait
1533 1639 1540 1655 ε
1556 1628 1618 1664 Die,
1629 1639 1676 1668 pa-

930 1663 982 1693 ter,
996 1658 1075 1686 Ecce
1087 1660 1183 1698 ignem
1196 1666 1224 1688 et
1239 1660 1334 1699 ligna,
1351 1663 1400 1690 ubi
1411 1670 1453 1692 est
1467 1666 1529 1694 ovis
1541 1668 1582 1695 ad
1593 1668 1675 1698 holo-

932 1702 1064 1725 caustum
1073 1699 1086 1724 Ρ
1104 1699 1210 1727 Rursus
1219 1709 1274 1728 vox
1286 1701 1363 1739 pueri
1376 1702 1460 1741 patris
1471 1705 1572 1734 viscera
1584 1708 1676 1748 exagi-

898 1744 916 1767 Β
932 1742 987 1773 tat;
1001 1735 1100 1765 iterum
1119 1737 1172 1766 alia
1193 1740 1304 1768 tentatio
1323 1741 1453 1771 terribilis
1476 1743 1574 1774 invasit
1594 1757 1673 1782 cum;

933 1775 1030 1804 iterum
1044 1775 1115 1806 alius
1128 1777 1263 1807 cruciatus
1279 1779 1377 1809 'ustum
1395 1784 1546 1822 occupavit,
1561 1795 1613 1815 non
1625 1788 1677 1816 mi-

932 1824 981 1843 nor
994 1824 1043 1843 nec
1062 1815 1148 1845 levior
1178 1817 1258 1847 riore.
1301 1825 1311 1848 t
1324 1821 1460 1858 quomodo
1474 1833 1526 1852 non
1546 1824 1572 1853 in
1586 1825 1675 1866 lacry-

932 1864 988 1882 mas
1002 1855 1126 1895 prorupit
1179 1857 1284 1893 raham,
1299 1858 1347 1897 qui
1362 1870 1414 1889 non
1430 1861 1500 1891 ultra
1511 1865 1637 1903 sperabat
1648 1878 1675 1896 sc

931 1900 1034 1933 patrem
1053 1901 1178 1924 vocatum
1196 1896 1252 1926 iri?
1264 1898 1342 1928 Nihil
1354 1899 1516 1939 luctuosum,
1532 1904 1601 1933 nihil
1620 1907 1675 1935 mi-

931 1932 1046 1962 serabile
1062 1933 1135 1964 dixit
1140 1946 1150 1972 3
1165 1935 1213 1964 sed
1225 1936 1404 1977 imperterrito
1415 1940 1505 1971 animo
1523 1950 1549 1972 et
1563 1944 1676 1983 inflexi-

931 1972 982 2001 bili
995 1979 1082 2002 mentc
1095 1974 1281 2006 suavissimam
1302 1977 1353 2006 filii
1368 1989 1460 2009 vocem
1474 1983 1590 2023 excepit,
1606 1985 1674 2025 ipsi-

1690 1672 1746 1693 Gen,
1755 1680 1792 1695 22.
1802 1681 1824 1703 7.

932 2022 984 2050 que
1006 2021 1048 2041 res
1068 2013 1154 2050 ondit,
1169 2024 1200 2044 ac
1212 2014 1251 2045 sic
1262 2026 1324 2045 eum
1342 2018 1440 2048 affatur
1456 2031 1463 2048 ε
1479 2022 1561 2051 Deus
1578 2027 1676 2063 provi·
1688 2040 1745 2061 mid,
1758 2049 1777 2060 ,,
1786 2040 1808 2062 8.

933 2022 1090 2118 ‘tebit‚¹szpli,
1102 2063 1184 2082 ovem
1194 2055 1236 2083 ad
1242 2057 1427 2096 sacr-isicium.
1444 2059 1476 2089 Id
1487 2061 1525 2090 ait
1541 2062 1675 2094 Abraham

933 2100 990 2119 sive
1003 2090 1022 2118 fi
1035 2091 1061 2119 io
1075 2091 1176 2121 addens
1196 2093 1332 2132 fiduciam,
1346 2096 1404 2127 sive
1425 2098 1453 2127 id
1466 2101 1540 2139 quod
1553 2103 1675 2133 futurum

934 2136 990 2158 erat
1001 2130 1159 2169 praedicens.
1172 2133 1229 2162 Ubi
1241 2141 1331 2164 autem
1344 2136 1379 2165 ad
1392 2137 1482 2168 locum
1495 2141 1547 2170 sibi
1563 2143 1674 2172 manda-

935 2175 993 2213 tum
1004 2171 1136 2208 pervenit,
1151 2182 1224 2201 aram
1235 2176 1376 2213 construit,
1390 2184 1416 2206 et
1429 2178 1512 2208 altare
1522 2189 1607 2219 parat,
1620 2183 1686 2221 gla—.

935 2207 1012 2236 dium
1025 2209 1147 2248 adornat,
1162 2218 1287 2251 paterque
1297 2214 1354 2244 filio
1366 2215 1453 2255 ignem
1467 2225 1492 2247 et
1504 2219 1576 2258 ligna
1589 2221 1677 2250 ειιίιηοἡ

936 2253 991 2292 vet.
1007 2249 1170 2288 Aggreditur
1181 2259 1270 2290 postea
1285 2253 1372 2283 filium
1386 2263 1472 2294 pater,
1486 2258 1608 2298 nihilque
1618 2261 1677 2289 obi-

937 2296 976 2315 cis
989 2294 1084 2331 natura
1100 2290 1188 2319 affert.
1211 2292 1275 2321 Sese
1295 2294 1369 2323 Isaac
1381 2296 1453 2333 patri
1466 2297 1572 2333 obtulit,
1586 2306 1613 2327 ut
1629 2311 1678 2339 pro

938 2325 1025 2356 lubtto
1036 2337 1085 2357 suo
1098 2339 1188 2358 secum
1201 2339 1300 2370 ageret.
1315 2334 1404 2370 Quem
1418 2334 1536 2373 primum
1549 2338 1677 2373 mirabor,

942 2371 989 2394 aut
1005 2364 1040 2395 dc
1056 2377 1110 2405 quo
1124 2375 1233 2409 stupore
1247 2372 1398 2409 percellat?
1410 2375 1545 2411 quomodo
1567 2376 1679 2406 laudum

938 2414 1063 2435 coronam
1077 2409 1201 2437 nectam?
1215 2419 1248 2437 an
1263 2421 1323 2438 cum
1337 2411 1384 2449 qui
1396 2422 1428 2440 ex
1443 2423 1532 2442 amore
1546 2421 1571 2443 et
1585 2416 1680 2445 affectu

938 2454 1002 2484 erga
1021 2446 1109 2475 Deum
1128 2457 1233 2478 manus,
1245 2449 1364 2478 immittit
1378 2450 1404 2478 in
1418 2450 1633 2489 dilectissimum,
1648 2466 1681 2484 an

940 2498 1003 2517 eum
1028 2490 1075 2528 qui
1098 2501 1181 2529 usque
1200 2491 1234 2520 ad
1258 2499 1369 2521 mortem
1391 2494 1459 2532 patri
1474 2495 1642 2534 obsequitur,
1658 2508 1683 2529 ct

905 2461 923 2484 C

930 2579 1017 2604 Paullo
1033 2586 1091 2606 ante
1110 2589 1156 2612 pro
1173 2586 1216 2608 ἀπὸ
1234 2587 1276 2607 τῶν
1292 2587 1379 2613 τέκνω-μ,
1392 2585 1459 2616 quod
1479 2595 1579 2618 prorsus
1591 2597 1627 2615 est
1643 2591 1688 2615 ub-

931 2618 1042 2649 surdmu,
1050 2619 1153 2644 sortasse
1163 2620 1292 2652 legendum
1303 2626 1346 2648 ἀπὸ
1356 2629 1397 2648 τῶν
1406 2627 1515 2657 παίδων,α
1524 2631 1598 2654 servis
1606 2632 1678 2662 suis-‚l
