1904 2840
668 202 702 224 ΙΝ
729 202 944 226 ΜΔΤΤΒΕΠΜ.
973 204 1091 227 nomn„
1122 205 1155 227 V.

1622 195 1690 242 775

5 267 73 290 Psal.
83 267 106 291 8.
121 268 144 299 4.
154 269 194 293 est
207 272 216 291 e
233 261 380 301 Quodam
386 262 496 292 videbo
507 262 592 292 caelos
601 269 674 299 tuos,
686 273 775 303 opera
788 264 894 303 digito-
911 267 931 290 Λ
949 265 1041 294 Solam
1057 272 1148 295 autem
1160 265 1296 296 caritatem
1307 267 1391 297 sancti
1404 267 1522 313 Spiritus
1535 276 1588 297 non
1603 276 1691 308 potest

0 1089 137 1123 luc.24.25.

0 1330 75 1354 Herc.
93 1336 102 1353 t
108 1347 114 1354 .

1 1366 38 1385 Ιο-

153 312 216 332 rum
231 307 358 338 tuorum,
371 302 473 331 hanam
487 309 514 331 et
533 302 646 339 stellas,
661 314 727 343 quoe
739 303 893 343 tusunda-

150 343 200 371 sti.
217 342 290 380 Ergo
302 341 410 380 quando
423 341 584 382 baptizatur,
598 349 624 371 et
638 349 757 372 meretur
774 343 894 382 accipere

150 381 284 421 Spiritum
307 388 439 416 sanctum,
455 381 650 421 adaperiuntur
672 382 697 411 ei
720 392 811 412 omnes
818 379 893 413 Scri—

152 427 248 460 ptum,
262 427 291 450 ut
302 420 433 461 intelligat
447 431 507 460 quae
527 421 565 450 ihi
584 422 671 461 posita
690 429 752 451 sunt
768 422 894 462 myster-ia

151 459 280 490 veritatis.
293 461 435 500 Propterea
448 467 540 490 autem·
550 461 677 490 omnibus
700 471 753 491 non
766 463 891 502 aperiun-

151 506 207 536 tur,
218 499 345 539 quoniam
356 499 466 539 quidam
473 500 570 530 falsum
582 501 746 540 baptismum
753 501 889 536 hahentes,

151 549 205 568 non
219 545 329 579 possunt
341 540 460 579 occipere
472 540 597 580 spiritum
611 541 739 571 veritatis.
751 540 890 578 Quosdam
919 552 924 557 ’

151 585 240 608 autem
253 588 305 608 non
325 579 488 619 baptismum
506 579 629 619 impedit,
646 590 680 610 ne
691 580 822 620 aodpiaut
835 581 891 620 spi-

148 618 234 653 ritum
250 618 382 663 yet-itatis,
403 625 429 648 et
440 619 596 665 aperiantur
607 619 647 650 eis
659 620 816 666 33⁸in,
842 619 890 649 sed

149 658 436 727 Efflc‘fflss'ff
438 659 890 736 &32531232521‘23222'3

150 736 238 775 pturis
250 736 434 766 absconditur.
450 738 486 767 Et
497 739 566 767 sicut
580 737 631 768 hoc
643 738 738 768 caelum
750 739 889 779 corporzde

150 785 242 806 omnes
263 776 374 814 quidem
399 777 521 807 homines
534 777 636 814 vident,
649 787 702 807 non
714 785 804 808 autem
817 779 890 818 aspi—

150 814 226 845 ciunt
234 816 324 845 Deum
335 815 526 846 inhabitantem
537 816 564 845 in
575 827 607 847 eo
619 829 628 846 ε
640 817 680 847 sic
693 824 720 847 et
735 817 889 858 Scripturas

149 853 257 884 divinas
263 865 354 884 omnes
366 855 478 894 quidem
489 855 611 886 homines
624 857 728 897 legunt,
741 865 888 887 nontamen
905 866 924 890 B

149 903 241 924 ornnes
253 894 407 933 intelligunt
416 896 503 925 Deum
515 895 633 926 veritatis
642 896 759 937 positum
773 897 800 926 in
815 897 890 928 Scri-

149 934 247 973 pturis,
260 934 312 963 nisi
325 935 371 972 qui
385 934 467 963 suerit
481 935 521 964 sic
544 935 707 974 baptimus,
719 942 750 964 ut
776 937 889 976 accipiat

148 973 281 1013 Spiritum
294 979 425 1003 sanctum.
445 972 527 1003 Unde
551 981 577 1003 et
593 974 707 1013 apostoli
732 975 891 1014 priusquam

148 1012 346 1052 baptizarentur
369 1012 397 1041 in
410 1013 516 1052 Spiritu
536 1020 637 1049 sancto,
653 1014 749 1043 clausae
765 1014 804 1044 eis
815 1022 891 1044 erant

148 1052 294 1092 Scriptura
316 1051 509 1092 prophetarum
529 1060 692 1092 exponentes
713 1053 748 1083 de
765 1054 889 1091 Clu-isto,

149 1091 218 1121 sicut
230 1092 362 1131 scriptum
372 1099 411 1122 est
425 1102 431 1118 ι
444 1093 470 1121 0
481 1093 560 1121 tardi
569 1094 704 1123 cor-dead
715 1095 890 1123 credendum

148 1133 180 1160 in
192 1132 325 1160 omnibus
338 1141 404 1171 quoe
421 1132 570 1171 prophetae
582 1133 731 1163 dixerunt.
746 1134 890 1171 Postquam

148 1181 214 1200 vero
226 1170 331 1210 aperuit
342 1170 383 1200 eis
393 1181 513 1207 sensum,
522 1171 658 1201 insufflatu
669 1171 771 1211 Spiritu
786 1179 888 1210 sancto,

148 1216 213 1239 tune
233 1216 353 1239 reseratae
372 1217 435 1240 sunt
445 1220 538 1239 omues
558 1211 704 1251 Scriptura!
724 1218 785 1241 ante
798 1212 891 1242 oculos

148 1248 238 1278 cordis
249 1259 354 1284 eorum,
368 1256 398 1279 ut
409 1249 586 1288 intelligerent
592 1261 653 1289 quae
666 1250 763 1290 scripta
774 1250 891 1280 erantde

149 1289 267 1319 Christo.
284 1288 321 1318 Et
331 1288 392 1318 ideo
402 1289 469 1318 forte
483 1289 527 1319 hic
537 1289 648 1326 dicitur,
658 1290 765 1329 Aperti
783 1297 852 1320 sunt
865 1293 891 1320 ei

151 1328 226 1358 coelc'.
232 1327 314 1368 Apud
320 1329 443 1359 Marcum
451 1334 540 1359 autem
549 1328 618 1359 vidit
626 1329 712 1359 scindi
719 1329 798 1359 caelos
808 1340 890 1369 :quo-

148 1367 222 1397 niam
233 1367 380 1397 secundum
393 1367 466 1397 hunc
477 1368 668 1408 evangelistam
681 1369 827 1408 Scriptura
833 1380 889 1399 ma-

148 1407 248 1437 nitesce
257 1413 330 1444 sunt,
340 1417 393 1436 non
401 1408 540 1437 conscissae
553 1418 560 1434 :
574 1418 636 1437 nam
647 1407 769 1448 quotidie
778 1408 813 1438 ad
824 1420 888 1439 cou-

148 1445 327 1476 firmationem
351 1445 415 1476 fidei
439 1457 474 1476 ex
495 1446 534 1476 eis
557 1447 727 1487 accipiuntur
752 1449 884 1488 exempla.
903 1458 922 1482 c.

948 304 1106 334 immundus
1122 305 1236 345 spiritus
1258 307 1369 336 imitari.
1394 309 1491 337 Omnis
1507 318 1571 346 ergo
1589 310 1689 348 species

943 344 1056 383 justitias
1082 346 1108 374 in
1125 345 1319 385 impostoribus
1343 347 1495 383 iuvenitur,
1518 348 1576 377 sola
1599 355 1689 378 autem

946 384 1033 422 gratia
1052 395 1121 413 verae
1134 385 1252 415 caritatis
1271 396 1324 415 non
1339 386 1482 416 ‹invenitur
1499 387 1551 416 nisi
1572 387 1600 416 in
1623 388 1688 418 solis

945 423 1030 452 servis
1043 424 1103 454 Dei.
1118 424 1182 454 Ideo
1203 435 1267 464 ergo
1280 426 1348 454 lianc
1366 426 1499 466 privatam
1512 427 1627 467 speciem
1641 438 1688 457 ca—

944 462 1030 492 ritatis
1048 464 1099 492 sibi
1121 464 1172 494 soli
1192 466 1309 495 servavit
1325 466 1443 505 Spiritus
1464 473 1580 503 sanctus,
1596 474 1626 496 ut
1640 478 1688 507 per

943 502 1047 532 nullius
1057 503 1190 542 justitiam
1210 511 1236 534 et
1258 505 1440 534 testimouium
1454 505 1492 535 sic
1512 514 1688 545 cognoscatur

945 541 991 570 nbi
1004 549 1043 571 est
1055 543 1175 582 Spiritus
1188 549 1305 579 sanctus,
1316 545 1542 582 quemadmodum
1560 556 1609 585 per
1626 556 1686 585 gra-

943 581 1008 610 tiam
1025 582 1152 613 caritatis.
1175 584 1225 612 17.
1243 584 1302 612 Hic
1321 590 1363 612 est
1386 584 1481 613 Filius
1508 595 1588 615 meus
1613 586 1686 614 dile-

941 627 1018 658 ctus,
1034 623 1070 650 vin
1088 633 1146 662 quo
1170 623 1341 662 complacui.
1360 623 1394 653 Et
1419 623 1483 653 vide
1508 625 1638 662 quoniam
1658 625 1686 654 in

941 667 1030 690 moute
1045 661 1084 690 sic
1103 661 1169 691 dicit
1186 673 1194 690 .·
1209 663 1269 691 Hic
1285 670 1326 691 esc
1340 663 1437 692 Filius
1457 674 1537 692 meus
1551 664 1684 701 dilectus,
1698 669 1781 691 Matth-
1800 675 1835 698 ¹7.

942 701 974 728 in
997 710 1056 740 quo
1077 702 1244 740 complacui
1250 724 1257 737 ,
1275 704 1368 741 ipsum
1394 703 1506 732 audite.
1525 703 1577 733 Hic
1598 711 1687 734 autem
1696 699 1720 722 5·

939 740 1126 770 tantummodo
1138 741 1219 777 dixit,
1234 743 1270 772 In
1284 751 1342 781 quo
1357 743 1537 782 complacui:
1552 743 1615 781 quia
1632 744 1687 772 illic

938 779 994 818 jam
1001 780 1193 818 cognoscebant
1201 791 1236 810 ex
1253 787 1319 810 ›atre
1327 781 1495 811 Filianei.
1507 782 1560 813 Sed
1567 784 1630 821 quia
1637 794 1687 823 pu-

942 824 1066 848 taverunt
1076 827 1204 855 errantes,
1217 822 1239 850 C
1262 821 1356 849 ristum
1370 821 1460 861 Moysi
1472 828 1499 850 et
1513 822 1598 852 Heliae
1615 823 1688 852 sirni-

943 857 996 887 lcm
1006 869 1062 888 esse
1080 871 1087 888 ε
1103 859 1163 889 ideo
1182 859 1268 896 addit,
1283 862 1383 899 Ipsum
1396 862 1497 890 audite
1508 874 1517 890 .·
1530 872 1582 890 nou
1602 869 1631 891 ut
1645 862 1685 891 le-

942 908 1002 936 gem
1014 905 1040 927 et
1051 899 1195 938 prophetas
1209 909 1262 928 non
1273 899 1396 936 audiant,
1407 900 1454 929 sed
1474 907 1503 929 ut
1515 901 1686 940 evangelium

941 937 1060 975 amplius
1082 937 1206 973 audiant,
1229 947 1311 976 quam
1331 938 1417 982 legem
1436 946 1462 968 et
1483 940 1640 983 prophetas,
1657 948 1686 971 ut

941 975 1039 1005 scirent
1060 977 1123 1016 quia
1136 978 1192 1017 ipse
1211 983 1279 1006 esset
1292 978 1424 1006 Dominus
1437 978 1503 1017 legis
1515 986 1542 1008 et
1564 981 1685 1020 prophe-

943 1021 1042 1044 tarum.
1059 1017 1108 1046 His
1121 1024 1222 1053 autem,
1236 1026 1298 1046 cum
1314 1027 1366 1045 uon
1380 1017 1470 1047 adhuc
1483 1026 1687 1058 cognosceretur

942 1054 1045 1084 Christi
1067 1066 1190 1095 persona,
1209 1066 1262 1085 non
1278 1056 1451 1086 conveniebat
1466 1057 1565 1094 dicere,
1586 1061 1686 1097 Ipsum

943 1095 1043 1123 audite
1057 1108 1067 1125 .-
1081 1096 1206 1134 quoniam
1220 1094 1328 1134 quando
1341 1106 1451 1134 persona
1462 1097 1575 1127 firmiter
1587 1108 1687 1138 cogno-

942 1133 1037 1170 scitur,
1049 1140 1114 1164 tunc
1127 1142 1153 1164 et
1171 1134 1293 1164 doctrina
1306 1132 1422 1164 fideliter
1445 1136 1603 1175 suscipitur,
1613 1148 1686 1175 quo-

942 1171 1016 1217 niam
1038 1183 1156 1212 personae
1177 1174 1294 1214 dignitas
1314 1175 1482 1205 commendat
1492 1186 1613 1215 persouae
1632 1177 1685 1206 do—

941 1218 1066 1242 ctrinam.

1029 1321 1040 1334 ¹
1055 1318 1187 1348 Homilia
1198 1320 1302 1358 quinta
1313 1329 1350 1348 ex
1360 1321 1454 1359 capite
1464 1327 1581 1361 quarto.

983 1407 1011 1435 1.
1038 1405 1118 1435 Tunc
1127 1406 1214 1435 Jesus
1225 1406 1329 1435 ductus
1337 1412 1381 1436 est
1395 1418 1414 1436 a

1426 1407 1448 1437 S
1465 1409 1534 1437 iritu
1545 1410 1577 1438 in
1590 1409 1683 1439 deser-
1694 1420 1777 1441 Homit.
1791 1420 1833 1442 Vl.

941 1453 1012 1481 lum,
1024 1451 1056 1474 ut
1070 1451 1231 1478 tentaretur
1242 1456 1261 1474 a
1276 1446 1405 1475 diabolo.
1425 1419 1464 1476 Ep

1452 1458 1470 1476 x
1483 1458 1514 1476 eo
1527 1448 1602 1486 quod
1618 1449 1682 1478 sub-
1692 1452 1714 1472 in
1786 1452 1833 1472 aliis

147 1486 304 1516 Secundum
319 1487 442 1516 Maroem
455 1492 544 1515 autem
565 1486 645 1516 etiam
664 1487 753 1516 scissae
774 1495 847 1524 sunt,
862 1495 888 1517 et
936 1484 1029 1525 junxit
1041 1484 1144 1519 dicens,
1162 1485 1199 1514 Ut
1214 1491 1375 1514 tentaretur
1388 1497 1407 1514 a
1420 1487 1551 1523 diabolo,
1566 1488 1681 1518 ostendit
1691 1483 1821 1534 ζῖΤΡῙῊῙ·

149 1525 258 1570 inutiles
269 1525 344 1556 saetae
356 1525 419 1571 quia
430 1532 490 1565 post
505 1526 650 1570 Christum
653 1527 708 1565 jam
723 1527 782 1571 lege
792 1533 818 1556 et
827 1537 889 1573 pro:

148 1564 888 1643 ‘'cssfsstussffiffl'ffi³325⁰t²2¹¹212322¹¹32335541

149 1643 371 1672 descendentem
391 1644 466 1672 sicut
485 1642 660 1679 columbam,
675 1649 704 1671 et
723 1645 889 1673 venientem

149 1682 338 1761 ἱῖξῖἷξὼὲῗ»
350 1682 647 1760 ἕῖἔρῧῗὶἰΐζέηἳῗὶῗξ
655 1682 890 1762 zssesshssifflss

151 1761 224 1791 Filio
250 1760 300 1790 Dei
315 1760 480 1800 baptismum
503 1760 656 1801 recipiente,
668 1768 695 1791 et
720 1761 824 1801 Spiritu
838 1762 890 1791 de-

151 1799 302 1836 scendente,
317 1809 388 1829 unus
400 1800 428 1829 in
442 1800 527 1829 forma
541 1800 627 1830 stabat
641 1801 768 1837 humana,
783 1801 850 1831 alter
859 1802 888 1831 iu

150 1840 238 1880 specie
251 1838 427 1869 descendebat
438 1839 580 1875 columbae,
596 1840 691 1870 tertius
701 1848 789 1870 autem
802 1850 850 1870 nec
862 1841 889 1870 in

149 1880 235 1909 forma
254 1879 340 1908 stabat
352 1878 480 1915 humana,
494 1888 542 1908 nec
564 1879 592 1908 iu
614 1879 702 1919 specie
714 1879 891 1910 descendebat

149 1919 292 1954 columbae,
306 1917 352 1948 sed
372 1919 400 1948 in
414 1929 479 1948 voce
492 1925 595 1948 tantum
613 1918 772 1950 audiebatur
782 1919 818 1949 de
828 1930 889 1949 sur-

151 1969 211 1988 sum
223 1957 498 1988 descendente.Sicut
508 1958 682 1988 columbam.
694 1958 759 1988 Ideo
771 1959 888 1999 Spiritus

151 2004 259 2027 sauctus
271 1997 387 2037 speciem
408 1996 539 2027 columbae
556 1998 683 2037 suscepit,
694 1998 821 2037 quoniam
834 2009 889 2038 prae

150 2037 276 2067 omnibus
299 2036 461 2067 animalibus
488 2036 545 2066 hoec
569 2037 672 2067 cultrix
697 2045 737 2068 est
759 2038 888 2068 caritatis.
905 2046 924 2069 n

152 2078 252 2106 Omnes
274 2075 347 2106 enim
358 2077 459 2116 species
477 2076 600 2116 justitiae,
619 2087 685 2115 quas
707 2077 806 2107 habent
818 2078 889 2107 servi

152 2117 202 2146 Dei
213 2116 242 2145 in
255 2115 374 2150 veritate,
424 2123 498 2145 ssunt
511 2115 609 2145 habere
618 2123 646 2145 et
662 2117 733 2147 servi
746 2116 849 2146 diaboli
862 2117 890 2145 iu

153 2155 331 2184 simulatione.
342 2156 383 2184 Ha
441 2155 512 2184 enim
525 2154 651 2185 diabolus
664 2162 691 2185 et
705 2163 857 2185 mansuetos
864 2163 891 2185 et

153 2193 280 2230 humiles,
292 2194 371 2222 habet
380 2201 497 2224 castosct
504 2193 725 2234 eleemosynarios
732 2202 757 2225 et
765 2195 870 2235 jejunos
882 2207 889 2224 ε

154 2239 181 2262 et
193 2242 300 2262 onmem
321 2233 436 2271 speeiem
448 2233 513 2262 boui
538 2243 620 2272 quam
637 2234 738 2264 creavit
757 2236 831 2263 Deus
857 2234 892 2263 ad

154 2272 267 2301 salutem
280 2269 431 2306 hominum,
446 2272 531 2311 ipsam
545 2274 660 2311 speciem
670 2279 697 2302 et
708 2273 834 2303 diabolus
846 2274 892 2302 in-

154 2310 277 2340 troduxit
292 2309 327 2339 ad
339 2309 532 2346 seductionem,
544 2318 575 2340 ut
595 2311 664 2341 inter
683 2312 785 2342 boniun
798 2322 892 2342 verum

153 2357 181 2379 et
199 2350 300 2380 bonum
324 2349 479 2379 simulatum
496 2350 616 2379 contusio
628 2351 676 2380 fiat
691 2363 698 2379 z
715 2357 745 2380 ut
759 2351 808 2381 sim
829 2351 893 2381 lices

155 2389 288 2423 homines,
303 2388 350 2428 qui
363 2388 428 2418 boni
447 2388 502 2418 veri
514 2395 541 2418 et
553 2388 618 2418 boni
631 2389 750 2419 simulati
762 2389 792 2419 di
829 2401 889 2420 reu-

156 2429 220 2458 tiam
232 2428 379 2466 intelligere
391 2435 468 2457 caute
483 2438 534 2457 nou
555 2435 678 2468 possunt,
689 2427 756 2458 dum
789 2437 892 2460 uaerunt

155 2467 240 2497 bonos
252 2468 301 2498 Dei
315 2468 398 2504 viros,
413 2467 553 2497 incurrant
570 2469 597 2496 in
611 2467 762 2499 seductores
797 2469 887 2500 'aboli-

190 2568 200 2579 ·
219 2561 277 2585 Haec
290 2559 398 2585 nomilia
411 2566 479 2585 nexta
492 2566 529 2585 cst
540 2560 566 2585 in
578 2559 641 2585 Cod.
656 2561 686 2584 V.
700 2561 729 2586 D.

939 1524 1003 1563 quia
1015 1535 1032 1552 a
1044 1523 1149 1563 Spiritu
1169 1530 1259 1552 sancto
1272 1530 1312 1553 est
1335 1523 1443 1561 ductus,
1457 1526 1504 1555 sed
1525 1536 1578 1555 non
1604 1529 1682 1565 quasi

940 1563 1028 1592 minor
1041 1562 1150 1601 majoris
1163 1569 1305 1601 praeceptO,
1319 1563 1367 1592 sed
1380 1573 1428 1593 nec
1441 1566 1517 1602 quasi
1532 1567 1617 1594 ma'or
1627 1567 1680 1596 mi·

940 1602 1013 1631 noris
1020 1602 1213 1630 hortatu.Nam
1224 1611 1276 1630 non
1288 1601 1375 1631 solum
1384 1602 1482 1632 ductus
1492 1611 1539 1633 aut
1548 1615 1563 1633 a
1585 1605 1682 1635 ductus

940 1641 1052 1676 dicitur,
1061 1640 1109 1679 qui
1128 1640 1243 1680 alicujus
1255 1647 1385 1684 potestate
1395 1641 1505 1672 ducitur
1521 1653 1529 1670 ε
1544 1644 1591 1673 sed
1601 1645 1681 1674 etiam

940 1681 998 1718 ille,
1013 1681 1060 1719 qui
1079 1679 1194 1719 alicujus
1213 1679 1365 1709 rationabili
1387 1681 1572 1712 exhortatione
1591 1684 1680 1724 placa·

940 1727 985 1750 tur
999 1732 1005 1748 ε
1024 1719 1093 1749 sieut
1110 1719 1239 1758 scriptum
1251 1726 1291 1748 cst
1302 1718 1337 1748 de
1356 1720 1462 1750 Andr-ea
1478 1731 1484 1748 :
1499 1723 1558 1751 Hic
1571 1725 1682 1753 invenit
1690 1737 1757 1761 Joan.
1770 1738 1830 1766 ¹·4‘-

940 1759 1085 1789 Simonem
1091 1759 1221 1799 fratrem
1234 1768 1326 1794 suum,
1335 1766 1362 1788 et
1375 1760 1445 1789 dicit
1459 1762 1496 1796 ei,
1513 1762 1681 1792 Invenimus
1690 1766 1729 1798 4²·

942 1800 1080 1828 Messium
1092 1800 1143 1838 qui
1157 1798 1266 1827 dicitur·
1277 1799 1418 1835 Christus,
1434 1806 1463 1829 et
1480 1801 1606 1831 adduxit
1616 1813 1681 1832 eum

941 1839 982 1867 ad
994 1839 1106 1868 Jesum.
1121 1838 1191 1868 Ecce
1204 1848 1257 1867 non
1272 1844 1398 1877 potestate
1416 1850 1479 1868 eum
1492 1839 1617 1879 adduxit,
1634 1841 1681 1871 sed

941 1879 1043 1907 ratione
1075 1877 1181 1907 lacavit.
1193 1876 1428 1914 Quemadmodum
1436 1878 1459 1907 si
1474 1879 1598 1918 magister
1609 1881 1682 1910 mili-

915 1946 917 1949 ,
941 1924 999 1947 tum
1021 1918 1049 1946 vi
1069 1923 1111 1946 eat
1124 1916 1304 1946 dominantem
1316 1923 1470 1955 tyranuum,
1486 1925 1512 1947 et
1532 1918 1577 1948 det
1590 1921 1678 1949 consi·
1719 1948 1721 1950 ,

942 1957 1009 1986 lium
1020 1957 1088 1994 regi,
1104 1956 1209 1997 dicens:
1218 1955 1272 1986 Exi
1284 1956 1393 1986 obviam
1404 1957 1458 1992 illi,
1470 1958 1534 1996 quia
1545 1965 1598 1988 tota
1611 1960 1680 1999 perit

941 1995 1079 2037 provincia
1096 2006 1103 2024 ε
1120 2006 1181 2025 nam
1201 1995 1295 2025 fortior
1309 2002 1349 2025 est
1362 2003 1408 2025 tua
1427 1997 1507 2032 fama,
1521 2007 1602 2035 quam
1622 2010 1680 2028 mea

942 2037 1037 2067 virtus.
1058 2035 1094 2065 Et
1112 2045 1171 2064 eece
1193 2045 1241 2064 rex
1252 2046 1267 2063 a
1283 2035 1411 2074 magistro
1423 2036 1541 2066 militum
1561 2037 1679 2074 ducitur,

941 2083 1067 2106 ettamen
1087 2084 1140 2103 non
1152 2081 1192 2104 est
1209 2074 1296 2104 minor
1308 2085 1341 2104 eo
1357 2075 1406 2114 qui
1425 2075 1512 2105 ducit.
1527 2076 1572 2106 Ad
1584 2077 1682 2107 diabo-

941 2115 1000 2144 lum
1013 2116 1092 2145 Jesus
1102 2113 1199 2143 ductus
1212 2120 1262 2149 est,
1278 2121 1307 2144 ut
1320 2121 1467 2145 tentaretur
1486 2128 1493 2144 :
1512 2115 1547 2145 ad
1560 2116 1681 2146 homines

942 2154 1053 2193 quidem
1063 2153 1188 2182 diabolus
1198 2152 1284 2190 vadit,
1302 2159 1333 2183 ut
1345 2161 1427 2183 tentet
1437 2165 1483 2184 eos
1499 2166 1506 2183 ε
1524 2165 1575 2184 non
1589 2155 1679 2185 homi-

943 2204 990 2223 nes
1012 2192 1047 2222 ad
1066 2191 1218 2227 diabolum,
1238 2199 1268 2222 ut
1284 2199 1416 2223 tententur
1432 2194 1465 2223 ab
1489 2205 1531 2223 eo.
1546 2196 1680 2231 Quoniam

943 2239 1031 2262 autem
1044 2231 1173 2262 adversus
1185 2231 1323 2262 Christum
1341 2232 1466 2263 diabolus
1483 2233 1522 2262 ire
1536 2244 1588 2262 uon
1602 2240 1679 2273 pote-

943 2279 995 2309 rat,
1005 2270 1064 2301 ideo
1075 2278 1166 2301 contra
1175 2270 1314 2302 diabolum
1326 2272 1450 2302 Christus
1461 2272 1596 2311 processit.
1611 2272 1680 2300 Con·
1746 2304 1750 2308 ¹

944 2317 995 2341 stat
1016 2311 1044 2340 in
1063 2311 1141 2340 nobis
1154 2310 1273 2349 quinque
1292 2311 1449 2350 baptismata
1467 2322 1534 2340 esse.
1548 2312 1641 2340 Unum
1652 2303 1819 2355 iuffiffi'ffl‘ff'

944 2350 1040 2388 verbo,
1056 2350 1126 2380 sicut
1148 2357 1175 2379 et
1186 2349 1310 2379 Christus
1331 2349 1419 2379 dicit:
1442 2350 1484 2378 Et
1501 2359 1556 2378 vos
1578 2350 1681 2377 mundi
1691 2342 1760 2386 ¹¹7⁰,ss
1779 2362 1814 2385 ,5,

944 2391 1011 2420 estis
1017 2396 1133 2429 propter
1143 2390 1267 2418 verbum
1277 2389 1357 2428 quod
1364 2389 1501 2427 loquutus
1508 2398 1574 2416 sum
1585 2389 1678 2418 vobis.
1692 2395 1714 2417 3.

944 2428 1097 2460 Secundum
1110 2428 1139 2458 in
1159 2438 1239 2466 aqua,
1254 2428 1323 2458 sicut
1336 2426 1439 2456 cunctis
1451 2433 1489 2455 est
1501 2427 1681 2456 manifestum.

945 2469 1066 2499 Tertium
1087 2474 1176 2498 autem
1198 2467 1226 2496 in
1250 2467 1358 2506 spiritu,
1377 2465 1446 2494 sicut
1469 2465 1599 2505 scriptum
1619 2473 1658 2496 est
1674 2476 1683 2493 ε

1473 2602 1521 2630 50.
