1904 2840
615 213 647 235 IN

675 212 880 238 MATTRAEUM.
909 212 1028 236 nontin.
1057 214 1133 238 XIV.

1600 209 1664 242 8ιι

136 284 176 308 εει
189 286 312 317 regnum,
327 275 374 306 sed
386 276 516 316 tyrannis.
528 274 593 314 Ideo
605 281 632 304 et
645 276 730 310 Deus,
747 274 871 313 quamvis
886 276 906 299 Δ
923 274 951 303 in
972 274 1098 318 immine,
1119 276 1171 305 nisi
1188 277 1268 307 homo
1297 279 1425 309 voluerit.
1446 280 1523 310 Sicut
1544 291 1592 311 nec
1616 289 1668 311 ter-

135 317 230 346 habeat
237 316 358 346 homines
365 316 392 345 in
402 322 540 356 potestate,
549 321 636 344 tamen
648 314 768 343 volentes
776 313 873 382 recipit

134 363 248 390 tamum.
255 363 286 385 nt
297 366 349 385 non
357 355 392 385 sit
402 362 541 395 tyrannus,
551 353 598 383 sed
607 365 663 384 rex.
670 353 803 398 Diabolus
812 364 830 394 p
842 363 871 381 a·

133 406 168 425 ne
180 402 311 435 tyrannus
321 402 370 432 est,
385 395 448 434 quia
461 401 487 424 et
506 394 625 423 nolentes
637 393 775 433 compellit
787 393 872 422 facere

133 435 298 465 voluntatem
311 446 398 464 suam.
407 434 482 471 Quid
494 441 533 463 cst
547 444 611 473 ergo
623 433 697 472 quod
706 432 870 477 dicit?Q11[a

132 474 240 504 interim
255 472 382 504 duo”sunt
398 485 478 514 regna
492 474 519 503 in
529 473 701 509 mundo,Dei
715 479 741 502 et
754 471 868 508 diaboli,

135 514 222 551 idest,
235 514 295 544 ‘usti
307 522 333 544 et
344 514 430 553 iniqui
442 526 449 542 ε
462 521 489 543 ει
503 514 553 542 hoc
564 513 706 552 quaeritur,
716 519 747 542 ιιι
759 511 870 541 tollatur

133 553 167 584 de
180 566 206 584 m
243 555 270 583 io
283 565 394 593 regnum
408 553 559 588 diabolifid
571 552 730 591 est,iniqui:
744 558 769 581 et
780 552 869 596 veniat

132 593 435 634 tantummodoregnum
441 594 503 625 Dei,
512 594 595 630 idest,
602 593 669 634 justi
678 604 684 619 z
693 598 718 621 et
726 591 786 621 ideo
792 590 867 626 dicit,

0 640 3 644 '
39 645 125 663 mvn
132 634 224 664 Tuum
232 644 317 664 unum
330 644 441 673 regnum
454 633 590 669 adveniat,
605 632 668 672 quia
682 631 788 661 interim
797 633 868 660 ’non

131 684 222 704 omnes
229 681 292 704 sunt
298 673 360 703 Dei.
367 673 449 711 Quod
456 680 520 702 tunc
530 673 585 709 fiet,
595 671 806 717 quaudoUomnes
815 669 867 699 ini·
886 683 890 685 -

149 713 178 743 ui
187 724 248 744 cum
255 713 376 753 principe
385 724 434 743 suo
443 713 552 743 diabolo
561 713 699 742 mittentur
707 721 734 740 ιιι
743 717 868 755 stagnum

130 723 285 783 iiammeum
298 753 454 782 inferorum.
471 754 571 783 Omnes
585 760 672 789 autem
685 757 768 795 sancti
780 759 868 779 resur-

131 799 204 832 gent,
213 799 335 822 eteuntoe
341 792 369 822 in
376 793 483 822 obviam
490 793 605 822 Domino
611 791 716 822 venient
725 801 752 819 ιιι
762 799 833 825 aere,
842 795 868 818 et

131 842 233 872 semper
241 833 268 862 in
277 832 328 862 hoc
334 831 435 862 mundo
441 839 519 864 erunt
525 843 586 862 cum
593 833 664 872 ipso,
673 837 702 860 ut
709 840 787 859 omne
795 829 868 867 quod

130 872 205 901 estin
216 872 267 902 hoe
281 872 394 904 mundo.
402 879 488 902 totum
495 872 531 902 sit
541 872 652 902 Dei.Sic
663 868 866 913 intelligendum
882 879 900 902 B

129 918 168 940 est
182 911 252 941 etde
262 912 377 952 justitia,
392 911 519 950 quoniam
531 911 611 942 modo
623 918 649 940 et
659 910 763 951 justitia
775 915 805 954 et
816 918 870 954 ini·

129 952 218 989 quitas
230 959 340 991 regnant
355 964 362 980 :
384 962 445 981 cum
459 958 547 981 autem
570 951 698 981 exstincta
714 951 794 979 fuerit
814 958 868 993 ¹¹¹.¹‘

128 991 227 1029 quitas,
239 991 345 1021 sublato
353 991 474 1027 diabolo,
485 998 548 1021 tune
556 991 660 1031 justitia
670 991 724 1019 sola
736 987 867 1028 regnabit.

128 1032 199 1060 Fiat
217 1031 360 1060 voluntas
375 1038 427 1061 tua
446 1032 520 1060 sicut
534 1033 566 1060 in
587 1031 670 1065 coelo,
687 1037 714 1059 et
728 1031 759 1057 in
781 1035 868 1072 [επ-ᾳ.

126 1070 267 1110 Numquid
286 1081 339 1100 non
357 1071 420 1100 facit
442 1072 515 1100 Deus
527 1070 600 1110 quod
612 1070 674 1099 vult
684 1067 805 1107 ubique?
817 1068 869 1096 Di-

0 1121 46 1144 ul.
66 1119 117 1149 134.
127 1116 199 1139 ctum
213 1117 252 1140 est
265 1110 347 1146 enim,
362 1111 436 1149 quia,
449 1110 548 1149 inquit,
564 1111 670 1140 Omnia
681 1117 870 1149 quoecumque

129 1150 223 1179 voluit
235 1151 380 1179 Dominus
401 1151 472 1187 fecit
485 1151 516 1178 in
540 1151 611 1179 coelo
631 1155 660 1178 et
681 1151 712 1177 in
728 1155 813 1192 terra,
836 1148 869 1175 in

126 1191 212 1225 mari,
226 1197 254 1219 ει
268 1191 299 1218 in
313 1190 443 1219 omnibus
454 1189 580 1227 abyssis.
597 1189 652 1219 Sed
663 1189 716 1218 hoc
729 1194 868 1227 quitantur,

126 1234 157 1256 ut
176 1229 204 1258 in
218 1229 296 1258 nohis
312 1229 359 1258 fiat
372 1229 497 1259 voluntas
515 1229 579 1266 Dei,
600 1229 627 1258 id
641 1235 691 1263 est,
706 1235 736 1258 ut
749 1238 808 1257 eam
820 1237 869 1272 nos

127 1267 267 1298 faciamus.
283 1268 420 1306 Quamdiu
435 1279 499 1308 ergo
519 1279 630 1308 regnum
651 1268 766 1297 mixtum
786 1274 825 1296 est
838 1277 866 1295 in

127 1313 207 1345 terra,
228 1308 259 1338 fit
271 1307 380 1348 quidem
394 1308 518 1338 voluntas
532 1309 581 1338 Dei
596 1308 623 1337 in
637 1307 803 1341 hominihus,
819 1306 867 1352 sed

126 1355 180 1376 non
198 1348 268 1378 sic'ut
286 1348 314 1377 in
335 1348 412 1378 caelo.
430 1348 461 1377 In
487 1348 553 1378 caelo
573 1348 645 1377 enim
665 1358 757 1376 omnes
778 1346 865 1415 ειιιὲεὶι

126 1387 230 1417 nullius
238 1387 339 1417 faciunt
350 1388 528 1422 voluntatem,
538 1388 590 1416 nisi
600 1387 650 1416 Dei
660 1393 807 1416 tantummo
828 1397 844 1415 o
855 1401 862 1417 :

126 1427 155 1456 in
162 1428 240 1458 terris
251 1435 342 1458 nutem
350 1438 402 1459 non
413 1438 505 1457 omnes
513 1427 614 1456 faciunt
624 1427 674 1456 Dei
684 1426 847 1456 voluntatem
857 1439 864 1457 z

125 1467 213 1506 iniqui
223 1468 293 1497 enim
304 1467 406 1497 diaboli
419 1467 520 1497 faciunt
530 1466 705 1496 voluntatem.
719 1467 790 1495 Cum
801 1476 864 1503 ergo
879 1476 898 1499 c

125 1517 238 1546 regnum
251 1506 366 1543 diaboli,
380 1508 432 1537 hoc
445 1514 495 1544 est,
513 1506 598 1545 iniqui
612 1505 711 1535 sublati
722 1506 820 1535 suerint
831 1506 866 1537 de

127 1546 179 1576 hoc
191 1546 303 1582 mundo,
317 1554 382 1576 tunc
403 1557 506 1582 omnes,
525 1546 571 1584 qui
585 1553 647 1574 sunt
659 1555 740 1584 super
754 1551 864 1589 terram,

124 1585 210 1615 solius
221 1586 272 1616 Dei
284 1586 382 1615 facient
392 1586 568 1620 voluntatem,
584 1585 652 1614 sicut
674 1583 762 1623 angeli
775 1595 867 1615 omnes

125 1625 154 1653 in
166 1625 242 1654 calo.
255 1625 439 1655 Communiter
446 1631 534 1654 autem
546 1624 631 1663 accipi
643 1623 722 1652 debet
730 1622 805 1662 quod
818 1624 865 1661 ait,

126 1664 207 1694 Sicut
218 1667 250 1693 in
263 1665 345 1699 caelo,
361 1671 390 1693 et
404 1666 435 1692 in
447 1670 524 1692 ter-ra
537 1675 545 1692 .-
562 1662 591 1692 id
603 1670 654 1698 est,
667 1662 767 1691 Sancti
788 1669 870 1693 cetur·

129 1713 234 1733 nomen
245 1710 339 1739 tuum,
352 1703 419 1733 sicut
430 1704 456 1732 in
469 1703 544 1739 catio,
552 1709 578 1731 et
588 1703 616 1732 in
626 1709 704 1731 terra.
716 1701 746 1730 A
772 1704 868 1732 veniat

127 1753 249 1783 regnum
272 1750 363 1779 tuum,
378 1743 448 1772 sicut
467 1743 494 1772 in
509 1742 585 1778 carlo,
607 1748 633 1771 et
654 1741 682 1770 in
702 1748 782 1772 terra.
797 1741 868 1772 Fiat

126 1783 269 1812 voluntas
281 1789 343 1819 tua,
357 1784 432 1812 sicut
442 1784 474 1811 in
486 1782 568 1818 coelo,
578 1783 646 1810 etin
657 1787 744 1810 terra.
756 1779 792 1810 Et
803 1781 867 1811 vide

127 1833 208 1861 quam
221 1829 297 1852 caute
315 1822 444 1861 loquutus
456 1828 506 1851 est.
521 1822 582 1851 Non
595 1820 676 1855 dixit,
699 1822 787 1856 Pater,
803 1831 866 1850 san-

127 1861 214 1892 ctifica
227 1872 323 1891 nomen
337 1869 415 1891 tuum
426 1862 452 1890 in
465 1861 553 1898 nobis,
565 1859 654 1889 adduc
665 1870 776 1898 regnum
787 1867 865 1890 tuum

127 1912 209 1941 super
219 1911 279 1937 nos,
294 1901 335 1930 sac
353 1900 518 1931 voluntatem
531 1907 605 1929 tuam
619 1900 646 1929 in
661 1899 738 1928 nobis
753 1911 760 1928 ι
776 1910 810 1929 ne
823 1911 864 1930 se-

127 1941 216 1980 ipsum
226 1940 428 1970 videaturDeus
439 1941 466 1970 in
474 1939 628 1969 hominibus
637 1938 811 1976 sanctificare,
820 1946 867 1969 aut

126 1991 239 2019 regnum
251 1991 332 2009 suum
345 1990 426 2020 super
444 1990 511 2018 quos
524 1979 586 2008 vult
599 1978 742 2015 adducere,
757 1985 804 2008 aut
814 1989 864 2009 vo-

126 2019 255 2050 luntatem
268 2030 345 2049 suam
365 2019 393 2048 in
406 2019 506 2058 quibus
518 2018 578 2048 vult
595 2018 690 2054 facere,
705 2024 731 2047 et
750 2029 799 2057 per
812 2019 865 2048 hoc

126 2059 279 2089 inveniatur
290 2061 363 2089 Deus
374 2069 546 2099 personarum
557 2064 687 2098 acceptor.
700 2058 756 2087 Nec
767 2059 864 2087 iterum
881 2066 900 2088 Ι)

126 2097 207 2135 dixit,
217 2099 418 2129 Sanctificemus
431 2108 527 2128 nomen
539 2105 627 2133 tuum,
637 2107 814 2136 suscipiamus
825 2108 866 2143 re-

128 2148 211 2177 gnum
223 2146 311 2174 tuum,
325 2138 452 2168 faciamus
466 2138 631 2168 voluntatem
649 2143 734 2172 tuam,
749 2137 818 2166 sicut
837 2148 864 2182 ιιι

127 2177 203 2214 caelo,
217 2185 243 2207 et
260 2179 288 2207 in
301 2185 370 2208 terra
387 2191 393 2207 2
409 2188 443 2207 ne
455 2177 594 2206 hominum
614 2176 798 2205 tantummodo
820 2187 865 2205 Vl-

127 2215 223 2246 deatur
242 2227 298 2246 esse
316 2216 390 2256 quod
411 2216 575 2247 sanctificant
595 2217 698 2251 Deum,
725 2223 771 2245 aut
792 2215 866 2254 quod

129 2256 279 2295 suscipiunt
289 2266 403 2295 regnum
415 2256 483 2295 ejus,
497 2262 544 2284 aut
566 2255 639 2294 quod
652 2255 752 2284 faciunt
767 2255 865 2284 volun-

128 2303 207 2326 tatem
235 2295 320 2335 ipsius
337 2295 404 2324 :sed
428 2295 515 2324 medie
536 2294 623 2328 dixit,
637 2301 663 2324 et
682 2294 866 2333 impersonali-

127 2344 169 2366 ter
192 2349 199 2365 :
222 2336 250 2365 id
270 2342 320 2369 est,
343 2334 552 2373 Sanctificetur,
576 2334 725 2369 adveniat,
741 2334 798 2373 fiat
812 2345 820 2361 .·
836 2340 867 2362 ιιι

129 2375 268 2414 utriusque
284 2384 400 2414 personae
419 2383 488 2412 opus
504 2372 680 2401 necessarium
698 2372 866 2403 demonstra-

129 2422 180 2452 ret,
194 2415 258 2454 quia
280 2421 306 2442 et
322 2413 403 2442 homo
425 2413 512 2441 Deum
532 2413 708 2440 necessarium
723 2411 813 2448 habet,
839 2419 866 2442 et

131 2456 205 2484 Deus
220 2453 355 2483 hominem
369 2452 403 2481 ad
412 2450 543 2491 justitiam
559 2449 716 2479 faciendam.
730 2451 799 2480 Nam
812 2451 864 2480 sic-

132 2500 161 2522 ιιι
178 2494 259 2522 homo
276 2503 328 2522 non
353 2498 439 2537 potest
453 2491 539 2519 facere
550 2489 662 2525 bonum,
675 2489 726 2518 nisi
742 2489 866 2521 habuerit

132 2532 297 2572 adjutorium
314 2533 364 2561 Dei
381 2543 388 2559 :
402 2530 440 2560 sic
462 2539 509 2559 nec
532 2530 605 2558 Deus
624 2528 726 2559 honum
743 2537 868 2569 operatur

168 2631 177 2643 ³
197 2621 276 2648 Iidem
290 2621 313 2647 in
326 2630 404 2655 marg.
418 2630 467 2646 non
479 2626 537 2645 sunt
549 2628 631 2645 omnes
637 2619 710 2652 justi.

923 324 952 342 ra
961 324 1018 343 sme
1027 315 1136 352 semine,
1150 326 1199 346 nec
1208 327 1295 347 semen
1309 319 1367 348 sine
1379 326 1447 348 terra
1460 320 1618 350 fructificat:
1628 322 1666 351 sic

922 363 970 382 nec
987 354 1068 383 homo
1085 355 1142 384 sine
1164 357 1232 391 Deo,
1252 367 1300 387 nec
1321 359 1395 388 Deus
1413 362 1470 388 sine
1491 360 1599 390 homine
1619 361 1666 401 ju-

924 393 1024 423 stitiam
1037 402 1164 433 operatur
1190 396 1217 425 in
1232 396 1349 427 homine.
1366 401 1405 428 Ac
1425 398 1544 435 sidicat,
1562 401 1590 430 Si
1608 401 1666 431 haec

923 432 1013 472 agitis,
1026 433 1080 463 haec
1088 435 1181 472 oratis,
1190 435 1265 475 digni
1274 437 1325 466 filii
1336 438 1398 467 estis
1407 438 1562 478 hujusmodi
1571 441 1664 479 patris.

924 473 972 501 11.
985 473 1099 502 Panem
1114 482 1243 504 nostrum
1251 479 1455 516 quotidianum
1471 479 1510 507 da
1521 481 1603 509 nobis
1611 482 1665 510 ho-

922 511 978 540 die.
996 512 1026 542 ln
1037 513 1123 552 prima
1135 514 1245 553 quidem
1260 516 1327 546 facie
1336 517 1374 546 sic
1386 517 1515 555 videntur
1530 520 1609 549 verba
1624 531 1666 550 so-

921 560 995 587 nare,
1012 553 1101 592 utqui
1117 553 1222 590 dicunt,
1234 556 1346 585 Panem
1362 563 1491 586 nostrum
1515 561 1666 599 quotidia-

922 600 992 620 num
1008 593 1048 621 da
1062 595 1145 622 nobis
1159 595 1256 630 hodie,
1271 605 1325 624 non
1338 596 1452 626 habeant
1467 598 1494 626 in
1508 599 1664 636 crastinum,

920 637 967 660 aut
979 631 1007 660 in
1021 632 1216 671 procrastinum
1231 642 1421 674 praeparatum,
1437 644 1466 666 ut
1479 638 1582 678 possint
1592 639 1665 670 dice-

918 680 948 699 re
960 693 968 707 ,
992 672 1107 700 Panem
1130 680 1260 702 nostrum
1285 675 1489 714 quotidianum
1520 679 1560 706 da
1583 681 1666 709 nobis

920 710 1017 739 hodie.
1033 711 1089 748 Qui
1110 719 1199 742 autem
1217 713 1246 742 in
1269 715 1415 744 crastinum
1436 723 1558 754 paratum
1571 717 1664 755 habet,

919 756 965 778 aut
980 750 1008 779 in
1018 751 1148 790 quinque,
1163 760 1210 782 aut
1225 753 1252 782 in
1265 753 1358 784 decem
1375 754 1444 792 dies,
1460 757 1596 794 quomodo
1611 769 1663 798 po—

919 794 970 818 test
987 790 1087 827 dicere,
1107 793 1206 821 Panem
1228 804 1318 823 meum
1339 795 1527 833 quotidianum
1546 796 1582 826 da
1596 798 1665 827 mihi

919 828 1020 859 hodie?
1032 830 1107 860 Illud
1119 832 1191 861 enim
1205 833 1316 872 petitur,
1331 834 1405 873 quod
1419 835 1525 864 interim
1546 847 1599 866 non
1614 837 1665 867 ha-

919 868 998 898 betur
1012 882 1019 899 ε
1035 870 1109 908 quod
1122 878 1212 901 autem
1221 873 1385 912 possidetur,
1401 881 1430 903 ut
1441 875 1506 913 quid
1516 875 1605 906 adhuc
1619 889 1666 907 re-

920 908 1059 946 quiritur?
1067 910 1147 947 Quod
1162 911 1184 940 si
1195 919 1246 948 est,
1258 913 1343 942 oratio
1360 913 1407 943 ista
1419 921 1465 944 aut
1474 916 1566 954 paucis
1579 923 1666 956 polest

921 949 1073 985 convenire,
1083 957 1130 979 aut
1137 950 1247 981 forsitan
1260 952 1340 982 nulli.
1353 954 1422 990 Quis
1431 954 1502 983 enim
1515 955 1551 984 ita
1562 956 1661 991 fidelis,

923 994 952 1016 ut
964 998 1026 1017 cum
1037 990 1121 1029 possit
1130 991 1246 1035 amplius
1257 991 1365 1029 habere,
1382 999 1469 1022 tamen
1481 995 1599 1034 amplius
1613 997 1665 1025 sibi

921 1036 974 1056 non
989 1036 1117 1065 reservat,
1133 1030 1185 1059 nisi
1202 1031 1389 1069 quotidianum
1408 1033 1530 1063 victum?
1541 1035 1665 1065 Forsitan

922 1066 986 1096 solis
998 1069 1172 1098 conveniebat
1184 1071 1323 1109 apostolis,
1334 1071 1381 1110 qui
1390 1071 1504 1101 docendi
1519 1075 1602 1113 gratia
1617 1086 1667 1115 per

923 1106 1042 1146 singulas
1050 1108 1169 1138 civitates
1178 1110 1250 1139 omni
1260 1117 1378 1150 tempore
1388 1112 1564 1151 vagabantur,
1571 1121 1596 1143 et
1607 1115 1665 1154 ipsa

922 1147 1027 1185 vagatio
1037 1148 1154 1188 amplius
1161 1149 1318 1187 quotidiano
1325 1151 1399 1180 victu
1408 1151 1543 1191 possidere
1554 1164 1606 1183 non
1617 1165 1665 1194 po-

921 1191 997 1215 terat.
1009 1186 1063 1216 Sed
1072 1188 1107 1217 ita
1117 1187 1244 1218 debemus
1255 1196 1346 1229 aptare
1354 1190 1455 1220 Christi
1463 1191 1623 1231 doctrinam,
1635 1201 1666 1223 ut

921 1226 1047 1255 omnesin
1054 1238 1083 1256 ea
1091 1227 1243 1267 proficiant,
1255 1239 1288 1258 ne
1297 1229 1365 1259 sorte
1371 1231 1520 1261 communis
1533 1233 1664 1263 medicina

917 1264 1042 1304 justitiae,
1059 1277 1118 1305 quae
1136 1267 1171 1296 ad
1192 1268 1304 1297 salutem
1318 1270 1440 1299 omnium
1453 1278 1492 1300 est
1503 1281 1662 1312 praeparata,

919 1303 986 1334 dum
999 1312 1046 1335 aut
1060 1307 1164 1345 paucis,
1180 1314 1226 1336 aut
1240 1306 1310 1337 nulli
1322 1308 1440 1348 prodest,
1450 1310 1601 1342 inveniatur
1609 1324 1665 1343 esse

920 1346 1068 1385 superflua.
1079 1347 1118 1375 Ita
1133 1357 1197 1386 ergo
1211 1347 1417 1387 intelligendum
1427 1357 1476 1386 est,
1486 1351 1549 1389 quia
1559 1362 1610 1381 non
1621 1363 1664 1382 so-

919 1383 977 1414 lum
991 1385 1052 1414 ideo
1060 1395 1180 1422 oramus,
1189 1387 1287 1416 Panem
1296 1394 1417 1417 nostrum
1430 1388 1464 1418 da
1482 1390 1570 1427 nobis,
1580 1399 1610 1421 ut
1618 1392 1664 1422 ha-

918 1423 1028 1454 beamus
1035 1424 1109 1464 quod
1120 1425 1323 1463 manducemus,
1335 1427 1382 1456 sed
1393 1435 1422 1457 ut
1435 1429 1507 1467 quod
1517 1431 1663 1461 manduca-

918 1475 977 1494 mus
985 1464 1020 1494 de
1027 1475 1107 1495 manu
1119 1465 1170 1495 Dei
1176 1466 1349 1506 accipiamus.
1359 1469 1426 1496 Nam
1434 1468 1533 1498 habere
1546 1471 1580 1499 ad
1592 1482 1666 1500 man-

917 1503 1073 1534 ducandum
1086 1516 1228 1535 commune
1238 1513 1276 1535 est
1288 1506 1358 1535 inter
1369 1507 1455 1547 justos
1464 1516 1489 1538 et
1502 1517 1662 1549 peccatores,

918 1546 1071 1583 frequenter
1091 1552 1181 1574 autem
1201 1552 1227 1574 et
1244 1545 1424 1575 abundantius
1444 1556 1594 1587 peccatores
1615 1551 1664 1580 ha—

919 1584 982 1612 hent
1003 1594 1084 1621 quam
1105 1584 1181 1623 justi.
1203 1585 1244 1613 De
1263 1595 1344 1613 manu
1365 1592 1455 1615 autem
1473 1588 1524 1617 Dei
1543 1591 1664 1630 accipere

920 1633 1015 1662 panem
1029 1633 1080 1651 non
1092 1630 1130 1652 est
1142 1633 1292 1659 commune,
1308 1623 1321 1639 ¹'
1330 1623 1378 1652 sed
1389 1631 1491 1655 tantum
1497 1635 1660 1659 sanctorum.

919 1663 1071 1702 Praeparare
1084 1672 1147 1701 ergo
1158 1672 1210 1690 non
1224 1669 1314 1691 vetant
1326 1663 1382 1692 haec
1390 1665 1483 1700 verba,
1499 1673 1586 1697 tamen
1600 1679 1662 1698 cum

920 1708 1028 1741 peccato
1051 1711 1200 1745 praeparare
1213 1708 1313 1731 vetant.
1326 1703 1394 1732 Nam
1417 1704 1464 1742 qui
1483 1716 1544 1735 cum
1563 1708 1661 1737 'ustitia

920 1747 1062 1780 praeparat,
1077 1741 1120 1769 ilh
1138 1742 1212 1770 Deus
1225 1741 1272 1770 dat
1288 1752 1385 1781 panem
1418 1754 1478 1773 uem
1493 1718 1635 1776 manducat
1652 1761 1658 1776 τ

918 1780 966 1819 qui
978 1787 1066 1809 autem
1079 1791 1142 1810 cum
1151 1788 1269 1820 peccato,
1279 1781 1322 1810 illi
1333 1792 1385 1811 non
1394 1754 1440 1812 dat
1453 1785 1537 1822 Deus,
1547 1786 1593 1815 sed
1603 1786 1661 1816 dia-

917 1819 1006 1849 bolus.
1022 1821 1091 1850 Nam
1111 1820 1200 1849 omnia
1218 1820 1328 1859 quidem
1346 1832 1362 1850 a
1385 1823 1442 1851 Deo
1460 1832 1594 1862 creantur,
1608 1837 1660 1856 non

918 1866 1005 1888 tamen
1018 1870 1033 1888 a
1055 1861 1113 1889 Deo
1125 1860 1213 1889 omnia
1229 1860 1475 1892 subministrantur.
1491 1865 1544 1895 Vel
1558 1865 1658 1895 intelli—

918 1898 1034 1938 gendum
1047 1905 1087 1928 est
1099 1899 1146 1937 ita,
1162 1906 1193 1929 ut
1204 1899 1293 1929 duma
1310 1902 1365 1930 Deo
1378 1901 1467 1939 datur,
1482 1904 1660 1936 sanctificatus

918 1938 1064 1979 accipiatur
1076 1946 1118 1968 :et
1131 1938 1191 1968 ideo
1204 1949 1256 1968 non
1269 1940 1352 1977 dixit,
1367 1942 1463 1971 Panem
1473 1944 1660 1982 quotidianum

918 1978 952 2007 da
973 1978 1051 2007 nobis
1070 1978 1151 2008 hodie
1167 1990 1174 2007 ε
1190 1979 1237 2008 sed
1254 1979 1371 2016 addidit,
1386 1982 1537 2020 Nostrum,
1561 1984 1588 2013 id
1607 1993 1656 2021 est,

908 2028 998 2087 guem
1011 2017 1140 2047 habemus
1149 2019 1204 2058 jam
1217 2026 1395 2059 praeparatum
1407 2022 1480 2061 apud
1495 2033 1543 2052 nos
1558 2036 1565 2053 :
1579 2024 1659 2055 illum

938 2069 952 2086 a
966 2057 1044 2086 nobis
1055 2064 1085 2086 ut
1095 2057 1160 2086 dum
1171 2064 1222 2087 ate
1235 2058 1326 2096 datur,
1340 2061 1530 2091 sanctificetur.
1543 2065 1581 2093 Ut
1593 2071 1659 2104 puta

919 2098 942 2127 si
959 2097 1044 2126 laicus
1062 2097 1155 2126 offerat
1168 2097 1298 2128 sacerdoti
1312 2109 1417 2139 panem,
1434 2108 1463 2130 ιιι
1477 2103 1599 2132 sacerdos
1613 2115 1659 2133 ac-

919 2136 1020 2177 cipiens
1032 2136 1188 2174 sanctificet,
1197 2143 1224 2166 et
1233 2139 1353 2178 porrigat
1363 2139 1386 2168 ei
1400 2151 1406 2168 z
1420 2141 1490 2179 quod
1500 2142 1570 2171 enim
1582 2144 1659 2183 panis

920 2183 969 2213 est,
991 2175 1124 2205 offerentis
1137 2183 1177 2206 est
1196 2189 1203 2206 ε
1242 2177 1296 2207 uod
1310 2185 1397 2208 autem
1411 2181 1590 2211 sanctificatus
1607 2190 1656 2219 est,

918 2215 1078 2245 beneficium
1097 2222 1136 2244 est
1156 2227 1214 2246 sace
1250 2218 1311 2247 otis.
1324 2219 1465 2256 Numquid
1480 2231 1532 2249 non
1545 2223 1658 2251 suffece-

919 2262 961 2285 rat
973 2254 1012 2284 sic
1031 2254 1130 2292 dicere,
1146 2256 1243 2285 Panem
1269 2263 1389 2286 nostrum
1412 2258 1446 2287 da
1467 2261 1543 2289 nobis
1557 2261 1658 2289 hodie?

920 2295 959 2324 Ut
977 2293 1044 2332 quid
1063 2304 1128 2334 ergo
1140 2294 1256 2334 addidit,
1279 2297 1486 2335 Quotidianum
1496 2302 1509 2326 P
1524 2301 1562 2329 Ut
1575 2301 1658 2329 luxu-

919 2334 1004 2363 riosos
1016 2333 1090 2363 cibos
1101 2343 1259 2374 compescat.
1274 2337 1313 2365 Ut
1326 2342 1428 2365 tantum
1442 2338 1503 2375 quis
1517 2339 1658 2367 manducet

919 2380 1048 2413 quantum
1061 2373 1128 2403 ratio
1135 2375 1265 2404 naturalis
1274 2375 1368 2420 exigit,
1378 2386 1429 2404 non
1441 2384 1569 2414 quantum
1580 2378 1658 2407 lasci-

920 2413 965 2443 via
984 2412 1071 2442 carnis
1091 2413 1127 2442 im
1163 2414 1215 2443 Hit.
1231 2415 1260 2444 Si
1283 2425 1353 2443 emm
1367 2422 1396 2443 ιιι
1416 2416 1442 2443 in
1459 2426 1510 2443 nno
1532 2417 1657 2446 convivio

920 2459 1023 2482 tantum
1038 2463 1124 2492 expen
1161 2464 1174 2482 s
1191 2460 1320 2491 quantum
1341 2453 1367 2482 in
1392 2454 1515 2492 pluribus
1536 2456 1657 2486 sufficere

922 2498 1034 2532 poterat,
1048 2491 1125 2521 verbi
1134 2493 1228 2531 gratia,
1240 2492 1394 2521 hominibus
1405 2499 1510 2521 centum
1524 2494 1658 2524 moderate

922 2531 1087 2568 viventibus,
1107 2538 1154 2560 aut
1162 2531 1211 2560 tibi
1226 2531 1277 2570 ipsi
1287 2537 1391 2559 centum
1399 2531 1494 2561 diebus
1502 2532 1659 2574 disciplina-

943 2624 956 2642 b
975 2621 1054 2647 Iidem
1067 2622 1092 2646 in
1104 2630 1181 2653 marg.
1197 2621 1242 2645 sed
1252 2626 1346 2645 temtum
1351 2620 1485 2654 justorum.
