1904 2840
85 456 170 480 Manli.
185 455 207 478 5-

83 489 107 511 3-
120 495 167 516 srm-

84 519 139 540 Luc.
153 517 176 539 6.

84 650 161 672 ΜηιιΙι
189 656 223 679 ¹9·

87 682 122 704 16.
135 689 182 710 sqq.

90 1206 166 1228 vac.
181 1213 205 1236 9.

233 175 307 223 948

828 181 916 203 OPUS
942 180 1180 204 tttPEnFtc'rUM

233 250 313 280 rabis
327 260 335 277 ε
351 257 403 287 ego
416 252 513 276 autem
526 244 602 280 dico,
616 243 686 273 Non
692 244 774 283 jures
787 245 917 274 omnino.
935 244 973 271 In
989 245 1010 269 Α
1027 248 1121 282 gantos*
1131 253 1159 272 se
1171 253 1187 273 a
1196 249 1329 273 conventu
1339 249 1365 273 et
1379 242 1413 273 ab
1424 243 1500 276 omni
1508 242 1603 277 auditu
1614 243 1771 284 Scriptura·

233 289 296 328 lege
309 289 446 324 scriptum
455 291 497 314 est
506 307 514 321 ,
530 284 653 313 Oculum
666 294 719 323 pm
732 282 817 312 oculo
828 296 836 311 .-
852 293 902 322 ego
920 292 973 312 au-

235 335 291 357 tem
300 328 376 362 dico,
392 326 460 354 Non
474 326 605 353 resistere
617 323 696 352 malo
714 324 843 352 omnino.
860 324 897 351 In
912 322 975 361 lege

234 369 371 405 scriptum
380 371 422 394 est
434 376 442 392 .·
455 365 578 393 Amabis
589 365 724 398 amicum,
740 369 768 391 et
782 363 863 391 odies
877 363 975 390 inimi-

235 417 300 435 cum
309 418 316 434 :
329 415 380 444 ego
388 410 484 433 autem
494 404 570 440 dico,
579 402 701 442 Diligite
711 403 843 431 inimicos
850 407 974 430 vestros.

236 446 312 480 ltem,
339 446 425 474 Beati
442 442 594 483 pauperes,
618 443 697 471 beati
719 443 874 478 mansueti,
899 442 976 470 beati

235 487 286 525 qui
300 485 410 523 lugent,
424 484 502 512 beati
513 485 565 522 qui
578 484 709 511 esuriunt
723 487 751 510 et
773 482 875 510 sitiunt
885 481 978 519 justi-

236 526 318 559 tiam,
333 525 410 552 beati
428 523 637 559 misericordes,
661 521 860 550 beatimundo
879 520 977 556 corde,

237 565 313 593 beati
333 564 461 602 pacifici,
485 563 562 591 beati
581 563 634 601 qui
654 561 905 600 persequutionem
924 570 979 599 pa-

236 605 348 632 tiuntur
359 608 475 642 propter
476 603 638 647 justitiam.
659 602 728 630 Nam
741 599 903 629 adolescenti
916 599 979 629 cui-

235 643 296 672 dam
310 643 494 681 interroganti,
514 641 594 678 Quid
612 641 739 678 faciam,
756 646 788 669 ut
802 641 904 669 vivam
913 642 926 667 Ρ
940 640 980 668 sic

235 682 354 722 primum
363 682 386 712 ei
402 680 551 710 secundum
564 680 648 720 legem
664 679 814 715 mandavit,
827 679 894 723 Non
903 679 980 723 occi-

236 723 297 758 des,
310 732 369 751 non
381 721 573 756 adulterabis,
589 727 640 749 etc.
653 720 725 749 Cum
736 726 826 748 autem
840 718 888 747 ille
898 717 981 748 dixis-

235 769 284 798 set,
301 763 374 791 Hoec
394 762 493 790 omnia
515 761 630 790 servavi
643 770 662 789 a
678 761 832 799 juventute
846 768 921 793 mea,
937 768 981 787 se-

236 801 356 831 cundum
382 807 486 830 aetatem
511 799 663 836 carnalem,
691 809 772 838 quam
799 808 847 827 nos
875 804 980 827 uterum

235 841 352 870 dicimus
366 853 372 870 ε
388 840 427 870 sic
439 840 464 869 ei
473 838 698 879 supermandatur
713 850 720 866 :
735 838 766 868 Si
777 841 825 867 νίς
833 838 981 879 perfectus
995 853 1013 875 B

236 890 308 916 esse,
321 881 400 909 vade
413 886 442 909 et
455 880 551 909 vende
563 880 663 909 omnia
677 886 740 914 tua,
753 884 781 906 et
794 878 834 906 da
846 879 980 916 pauperi·

238 922 302 955 hus,
327 927 354 949 et
369 921 491 949 habebis
506 920 676 948 thesaurum
701 920 733 946 in
745 917 829 953 caelo,
852 924 879 946 et
898 918 979 953 veni,

237 970 356 999 sequere
367 970 423 988 me.
439 959 496 997 Qui
509 968 573 997 ergo
586 958 647 988 talis
659 965 709 994 est,
721 967 807 996 neque
818 955 887 985 mori
897 962 983 996 potest

237 999 314 1038 quasi
334 999 486 1036 abortivus,
509 1008 557 1027 nec
571 997 662 1028 seduci
679 997 756 1036 quasi
778 996 918 1036 insipiens,
933 1006 982 1025 nec

237 1038 309 1068 vinci
323 1039 400 1078 quasi
419 1039 553 1074 infirmus,
569 1047 616 1067 nec
634 1038 723 1077 perire
735 1037 812 1076 quasi
825 1035 956 1080 parvulus
972 1048 979 1064 ε

238 1078 284 1109 sed
297 1085 336 1108 est
348 1079 390 1108 vir
404 1079 547 1118 perfectus,
558 1083 585 1106 ct
597 1077 727 1107 adversus
736 1076 825 1106 omnia
838 1075 982 1105 invincibi-

239 1118 273 1147 lis
285 1118 358 1147 filius
371 1119 431 1148 Dei.
443 1118 499 1155 Qui
510 1124 602 1146 autem.
611 1116 720 1161 parvuli
734 1122 807 1152 sunt,
820 1114 982 1145 scandaliza-

239 1157 308 1187 biles
318 1165 392 1187 sunt.
402 1159 443 1187 De
453 1157 553 1196 quibus
566 1156 634 1186 dicit
643 1156 776 1186 Dominus
785 1155 812 1184 in
825 1155 963 1194 evangelio
973 1165 980 1181 ε

240 1197 340 1226 Amen
355 1198 421 1227 dico
435 1198 531 1231 vobis,
545 1197 720 1236 quicumque
733 1195 983 1225 scandalizaverit

241 1247 332 1266 unum
341 1238 378 1266 de
388 1237 505 1275 pusillis
517 1237 580 1265 istis
594 1237 778 1264 credentibus
789 1236 821 1263 in
833 1245 888 1268 me,
901 1245 984 1273 expe-

242 1277 286 1306 dit
306 1278 343 1311 ei,
364 1283 397 1305 ue
416 1277 495 1305 mola
508 1277 641 1304 asinaria
655 1276 849 1315 suspendatur
863 1276 894 1302 in
906 1274 982 1303 collo

241 1317 303 1355 ejus
318 1322 345 1344 et
360 1316 543 1355 demergatur
555 1316 587 1342 in
596 1315 778 1357 profundum
793 1315 892 1343 maris.
909 1314 945 1343 Et
961 1313 983 1342 si

241 1355 350 1395 parvuli
367 1354 395 1383 in
418 1355 537 1384 Ecclesia
556 1353 774 1383 scandalizamus
791 1359 863 1388 sunt,
885 1360 984 1391 quanto

242 1394 327 1433 magis
347 1394 462 1424 abortivi
483 1404 536 1422 non
550 1400 612 1422 sunt
625 1392 742 1422 vitales?
757 1393 787 1422 Si
801 1402 863 1431 ergo
877 1393 934 1421 haec
947 1392 984 1422 ita

242 1445 270 1464 se
285 1434 394 1470 habent,
413 1444 496 1472 quare
514 1443 565 1462 non
580 1432 661 1467 dixit,
676 1433 727 1462 Vae
750 1432 784 1460 iis
804 1432 852 1470 qui
868 1431 894 1460 in
911 1438 984 1461 utero
1000 1443 1019 1466 c

242 1475 386 1507 habentur,
401 1481 426 1502 et
439 1484 480 1503 vae
499 1472 533 1501 iis
555 1472 602 1511 qui
624 1472 780 1501 nutriuntur
800 1471 889 1500 adhuc
903 1483 910 1499 ι
926 1470 985 1506 sed,

245 1515 296 1544 Vae
307 1514 524 1553 praegnantibus
546 1518 574 1541 et
595 1513 790 1540 nutrientibus
803 1512 836 1539 in
849 1511 910 1539 iliis
923 1510 985 1539 die-

244 1555 298 1582 bus
309 1555 322 1580 Ξ)
335 1554 407 1589 Quia
430 1551 539 1590 quando
560 1550 716 1590 hujusmodi
730 1549 845 1579 abortivi
860 1549 986 1579 abstracti

243 1593 278 1622 ab
291 1599 365 1621 utero
376 1591 514 1627 Ecclesiae,
525 1597 570 1619 aut
581 1589 689 1630 parvuli
699 1590 775 1626 tales,
786 1589 904 1618 nesciunt
918 1588 986 1627 quid

243 1632 399 1672 patiuntur:
410 1630 518 1670 quando
529 1630 602 1659 enim
614 1640 666 1658 non
676 1630 803 1664 sentiunt,
814 1628 853 1658 sic
862 1635 985 1668 pereunt.

245 1672 343 1701 Adhuc
365 1678 452 1700 autem
474 1677 504 1700 ut
522 1670 556 1699 de
570 1680 620 1709 pro
642 1669 734 1698 rietate
747 1669 844 1707 loquar
857 1668 988 1708 parvulo-

244 1722 317 1746 rum,
332 1710 449 1751 gaudent
467 1709 583 1745 seducti,
599 1680 639 1738 aclJ
648 1709 786 1737 interitum
800 1707 949 1744 ducuntur,
962 1714 989 1737 et

245 1751 334 1780 rident
361 1750 453 1779 illecti.
468 1749 531 1779 Ideo
545 1748 622 1785 dicit,
636 1749 665 1777 V
662 1759 687 1777 oe
703 1748 921 1787 praegnantibus
934 1747 989 1777 Ec-

245 1790 334 1820 clesiis
344 1796 372 1819 et
385 1790 590 1824 nutrientibus,
600 1786 708 1826 quando
720 1788 783 1827 ipsae
795 1787 828 1816 de
839 1786 989 1827 perditione

246 1830 357 1859 illorum
378 1829 472 1858 talium
491 1827 709 1858 lamentabuntur
728 1834 754 1856 et
768 1827 903 1866 plangent.
920 1827 990 1856 Ecce

245 1876 359 1910 quantos
370 1868 494 1897 videmus
503 1867 536 1896 de
546 1866 666 1897 Ecclesia
675 1866 832 1905 hujusmodi
843 1866 990 1902 abortivos,

245 1916 272 1938 et
286 1908 413 1948 parvulos
426 1907 522 1936 ductos
541 1906 576 1936 ad
587 1905 813 1946 praevaricationis
830 1905 968 1934 interitum
980 1905 988 1934 l

246 1947 387 1987 Numquid
398 1947 497 1986 aliquis
506 1956 600 1979 eorum
611 1945 790 1984 lacrymavit?
799 1945 931 1983 numquid
940 1945 989 1974 ali-

247 1988 308 2026 quis
321 1987 440 2016 tristatus
455 1986 515 2015 est?
529 1984 583 2015 sed
595 1984 685 2013 adhuc
698 1995 733 2013 ex
745 1984 853 2014 diverso
867 1985 990 2014 abierunt

248 2027 403 2066 gaudentes.
425 2025 479 2056 Sed
493 2024 618 2055 Ecclesiae
632 2023 753 2052 dolorem
767 2023 926 2063 perditionis
943 2034 990 2053 eo·-

248 2077 309 2095 rum
334 2066 399 2105 ipsae
419 2066 598 2094 lamentantur
618 2070 644 2093 et
658 2063 796 2102 plangunt.
817 2063 882 2093 Ideo
902 2063 989 2100 dicit,

252 2107 289 2135 V
287 2117 311 2134 ω
326 2104 453 2134 Ecclesiis
474 2104 691 2143 praegnantibus
705 2109 733 2131 et
753 2105 946 2132 nutrientibus
959 2105 992 2131 in

247 2145 311 2174 illis
331 2145 443 2173 diebus.
460 2144 494 2173 Et
515 2144 538 2172 si
560 2141 670 2181 quidem
685 2142 844 2181 negligentia
859 2142 992 2172 Ecclesia—

249 2195 312 2214 rum
324 2191 370 2213 aut
386 2183 524 2212 immaturi
544 2182 642 2212 fuerint
657 2182 722 2218 nati,
746 2189 792 2211 aut
805 2182 924 2221 parvuli,
939 2192 992 2211 non

250 2224 377 2254 habentes
398 2223 445 2262 qui
459 2229 505 2252 aut
526 2222 682 2251 informaret
696 2232 749 2256 eos,
763 2228 809 2250 aut
820 2221 993 2260 postmodum

185 2281 242 2297 ccx-1
252 2269 446 2293 consummaret
468 2262 494 2291 in
509 2262 599 2291 virum
613 2261 770 2306 perfectum,
791 2261 817 2289 in
841 2271 993 2294 mensuram

251 2303 335 2333 aetatis
347 2301 524 2343 plenitudinis
538 2301 638 2330 Christi
655 2312 661 2328 :
677 2299 821 2339 dupliciter
835 2301 865 2328 V
862 2311 886 2329 ae
897 2301 992 2331 Eccle-

252 2343 299 2373 siis
310 2342 537 2382 proegnantibus,
555 2348 583 2369 et
595 2340 788 2370 nutrientibus
803 2342 834 2368 in
854 2340 915 2369 illis
933 2341 994 2369 die-

254 2386 306 2415 bus
322 2394 329 2410 :
344 2382 408 2421 qnia
429 2381 499 2411 etin
521 2381 575 2409 hoc
597 2379 694 2409 saeculo
718 2378 838 2408 dolorem
860 2380 995 2418 patientur

254 2421 411 2463 perditionis
429 2431 533 2456 eorum,
553 2426 579 2449 et
592 2419 620 2448 in
631 2418 676 2448 die
687 2418 784 2458 judicii
796 2418 995 2448 damnabuntur

253 2469 363 2502 propter
376 2460 570 2500 ‘negligentiam
590 2466 617 2488 et
640 2458 818 2488 cruditionem
842 2469 944 2487 eorum.
965 2459 995 2488 Si

253 2508 344 2531 autem
356 2500 482 2530 Ecclesiae
494 2498 609 2538 quidem.
615 2504 796 2538 competenter
809 2497 880 2527 circa
893 2508 938 2527 cos
950 2498 995 2527 di-

255 2541 391 2580 ligentiam
405 2539 605 2579 impenderunt,
626 2537 667 2566 illi
681 2544 770 2567 autem
782 2547 829 2566 nec
841 2537 996 2573 audierunt,

256 2591 303 2610 nce
314 2587 373 2609 ante
385 2575 549 2618 baptismum
560 2577 695 2607 informati
709 2577 910 2616 acquieverunt,
923 2578 996 2606 clon-

1027 292 1100 319 rum‚
1124 289 1151 313 et
1174 283 1208 312 ab
1229 283 1303 312 omni
1322 282 1406 313 verbo
1427 282 1556 313 doctrinm
1575 283 1630 319 allo
1651 284 1774 315 nentium

1027 321 1206 359 sacerdotum,
1221 332 1307 361 neque
1321 328 1381 363 post
1393 322 1559 362 baptismum
1580 334 1629 369 pro
1650 334 1709 354 cere
1722 334 1772 354 vo-

1027 360 1137 390 luerunt
1149 374 1157 391 =
1171 362 1300 391 Ecclesiis
1311 361 1423 402 quidem
1433 373 1485 398 vae,
1498 362 1561 401 quia
1572 373 1629 394 sive
1637 363 1701 402 hoc,
1713 364 1773 394 sive

1028 400 1080 430 illo'
1092 401 1172 430 modo
1187 401 1320 441 patientur
1342 401 1464 432 dolorem
1481 402 1639 442 perditionis
1651 413 1746 434 eorum
1762 416 1769 433 :

1029 439 1086 469 illis
1107 447 1196 470 autem
1211 441 1399 481 multipliciter
1412 452 1453 472 vae
1462 464 1471 477 ,
1494 441 1558 481 quia
1579 442 1667 472 omnis
1692 453 1772 473 causa

1030 479 1190 519 perditionis
1204 491 1299 510 eorum
1312 481 1347 511 ab
1363 481 1420 511 illis
1438 481 1504 511 solis
1523 481 1674 521 requiretur
1686 482 1714 512 in
1728 482 1774 512 die

1028 518 1137 559 judicii.
1157 520 1294 556 Quoniam
1306 521 1427 561 corporis
1469 521 1560 551 uidem
1573 521 1707 562 profectus
1719 526 1774 552 non

1031 565 1070 588 est
1090 558 1117 588 in
1141 566 1268 599 potestate
1280 560 1409 598 hominis,
1423 532 1471 590 sed
1484 561 1535 591 Dei
1548 573 1555 590 z
1571 561 1667 591 animae
1685 568 1775 591 autem

1032 598 1167 643 profectus
1178 599 1349 630 voluntarius
1361 607 1411 630 est.
1425 600 1577 631 Videamus
1589 611 1706 639 ergo,ne
1725 612 1774 631 nos

1032 639 1201 678 imperfectos
1214 639 1332 669 inveniat
1343 646 1390 670 aut
1402 650 1476 669 nunc
1486 640 1674 670 baereticorum
1683 640 1776 671 domi-

1032 678 1116 713 natio,
1129 685 1174 707 aut
1187 685 1250 708 tunc
1270 679 1357 719 ipsius
1371 679 1540 710 Antichristi.
1553 680 1687 717 Quoniam
1705 681 1776 711 sicut

1032 727 1112 757 opera
1126 718 1196 747 bona
1208 718 1235 748 in
1255 718 1300 748 die
1314 719 1465 749 tentationis
1479 726 1604 764 praestant
1616 719 1674 759 spei
1685 720 1775 750 virtu—

1033 763 1086 787 tem
1099 769 1106 785 :
1121 758 1159 787 sic
1174 769 1253 798 opera
1275 759 1344 788 mala
1359 758 1552 799 desperationis
1571 767 1716 799 operantur
1729 760 1775 790 in·-

1033 797 1197 826 firmitatcm.
1219 799 1270 827 90.
1288 799 1378 828 Orate
1390 805 1499 833 autem,
1512 805 1545 828 ut
1558 810 1618 828 non
1625 799 1775 840 fiatsuga

1033 843 1133 865 vestra
1146 838 1251 873 hieme,
1266 838 1316 867 vel
1329 840 1463 868 sabbato.
1480 838 1515 868 Et
1525 838 1667 868 carnaliter
1679 846 1705 869 et
1717 840 1775 879 spi-

1034 875 1168 905 ritualiter
1180 877 1290 917 legitur.
1306 878 1483 917 Fugientibus
1496 878 1568 908 euim
1581 879 1646 908 etin
1661 879 1706 908 via
1718 890 1775 908 ma-

1033 925 1096 944 nere
1110 926 1214 946 necesse
1230 924 1278 954 est,
1294 924 1320 947 et
1333 917 1360 947 in
1372 918 1449 947 silvis
1463 918 1556 953 latere,
1569 925 1595 948 et
1609 928 1656 958 per
1669 918 1775 949 deserta

1033 955 1136 994 vagari.
1153 957 1229 995 Fuga
1242 963 1331 987 autem
1344 964 1444 987 vestem
1458 964 1565 997 portare
1578 967 1630 987 non
1644 958 1718 993 sinit,
1730 957 1776 988 tlo-

1034 1005 1109 1023 mum
1123 995 1221 1025 intrare
1241 1006 1294 1025 non
1308 997 1446 1036 permittit,
1460 999 1548 1035 ignem
1566 997 1710 1027 accendere
1720 1008 1775 1028 non

1034 1034 1165 1064 concedit.
1178 1036 1210 1065 In
1224 1035 1312 1065 bieme
1320 1042 1408 1066 autem
1419 1036 1487 1075 quid
1495 1036 1574 1066 saciat
1585 1037 1690 1076 fugiens
1698 1037 1712 1066 Ξ)
1723 1038 1775 1068 Ne-
1798 1047 1800 1049 ’

1034 1084 1106 1104 cesse
1118 1081 1157 1104 est
1168 1085 1244 1113 ergo,
1257 1082 1304 1106 aut
1316 1075 1420 1115 fugiens
1437 1075 1535 1116 frigore
1549 1083 1650 1121 pereat,
1660 1083 1708 1106 aut
1717 1087 1775 1107 ma-

1034 1124 1100 1143 nens
1120 1113 1210 1154 gladio
1233 1115 1374 1145 moriatur.
1398 1115 1528 1146 Similiter
1549 1126 1578 1145 in
1591 1115 1703 1146 sabbato
1723 1126 1777 1146 non

1035 1153 1133 1183 licebat
1151 1154 1269 1194 amplius
1291 1155 1441 1190 ambulare,
1463 1155 1516 1185 nisi
1536 1162 1640 1185 certum
1661 1155 1778 1196 spatium

1035 1193 1098 1223 viae.
1113 1193 1194 1223 Unde
1213 1193 1317 1224 dictum
1340 1201 1379 1224 est
1398 1195 1426 1224 in
1443 1194 1557 1225 Actibus
1575 1195 1757 1235 apostolorum
1769 1217 1778 1233 ‚

1037 1233 1157 1262 Sabbati
1167 1234 1278 1263 habens
1289 1236 1355 1264 iter.
1367 1234 1443 1271 Quid
1455 1245 1520 1274 ergo
1531 1234 1609 1265 faciet
1617 1235 1722 1275 fugiens
1731 1236 1749 1266 J
1751 1247 1779 1265 u·
1790 1241 1844 1265 Ace.
1859 1247 1880 1265 ι.
1891 1232 1903 1264 i

1037 1272 1112 1301 daeus
1124 1272 1150 1302 in
1159 1273 1291 1303 sabbato?
1302 1274 1414 1303 Necesse
1424 1281 1500 1303 estut
1513 1281 1559 1304 aut
1572 1273 1658 1313 legem
1672 1282 1781 1315 praeter-

1038 1319 1079 1341 eat
1097 1312 1214 1351 fugiens,
1235 1319 1281 1342 aut
1298 1320 1412 1343 mortem
1425 1314 1556 1354 suscipiat
1576 1324 1694 1344 manens.
1717 1315 1781 1354 Spi-

1037 1352 1170 1381 ritualiter
1182 1359 1271 1381 autem
1283 1352 1318 1382 de
1327 1353 1487 1383 Christianis
1499 1353 1578 1383 talem
1588 1353 1688 1384 habent
1699 1354 1782 1384 inter-

1037 1390 1220 1459 pretatiorliem.
1236 1391 1358 1422 Hiemem
1384 1392 1479 1422 dicunt
1504 1393 1590 1433 frigus
1615 1393 1781 1424 infidelitatis

1038 1436 1154 1469 spiritua
1166 1441 1191 1459 e.

1039 1515 1099 1538 tere
1118 1510 1150 1537 in
1162 1516 1280 1546 terram,
1302 1509 1329 1539 id
1344 1517 1394 1547 est,
1407 1511 1521 1540 verbum
1534 1510 1670 1546 divinum,
1682 1511 1717 1542 de
1728 1523 1782 1551 quo

1038 1548 1142 1577 calefiat
1152 1548 1179 1577 in
1195 1548 1249 1578 fide
1261 1562 1269 1578 ι
1283 1549 1330 1578 ille
1341 1560 1446 1595 semper
1458 1550 1486 1579 in
1500 1550 1588 1580 hieme
1598 1558 1648 1587 est,
1662 1551 1711 1580 etsi
1723 1551 1782 1581 sue·

1038 1587 1075 1617 rit
1088 1588 1115 1616 in
1131 1588 1218 1617 media
1233 1595 1322 1618 aestate
1337 1601 1343 1618 :
1357 1599 1421 1628 quia
1435 1589 1636 1620 dubitationum
1649 1590 1783 1626 incursus,

1039 1627 1115 1666 quasi
1129 1627 1258 1666 quasdam
1272 1634 1440 1668 tempestates
1451 1629 1486 1658 de
1498 1629 1551 1659 fide
1564 1629 1666 1664 Christi
1680 1630 1784 1671 patitur

1039 1667 1129 1710 anima
1151 1667 1221 1707 ejus,
1248 1674 1275 1697 et
1287 1668 1369 1708 alget.
1386 1670 1441 1698 Aut
1465 1669 1493 1698 in
1516 1669 1604 1699 hieme
1617 1676 1667 1706 est,
1689 1671 1736 1709 qui
1755 1670 1784 1700 in

1040 1707 1247 1748 persequutipne
1264 1712 1315 1743 est,
1336 1714 1362 1737 et
1375 1714 1428 1738 tem
1477 1714 1558 1738 tatem
1574 1708 1675 1749 patitur
1686 1709 1786 1750 impio-

1042 1756 1117 1776 rum.
1132 1746 1168 1776 Et
1185 1746 1246 1776 ideo
1265 1746 1363 1787 frigida
1376 1747 1406 1777 fit
1438 1747 1486 1778 dcs
1496 1748 1628 1784 omnium,
1640 1748 1712 1778 etad
1724 1749 1786 1789 ple·-

1042 1796 1107 1815 num
1132 1787 1214 1825 gelat,
1238 1786 1291 1816 nisi
1315 1787 1413 1817 iterum
1431 1787 1582 1818 calefecerit
1602 1798 1647 1818 eos
1667 1789 1787 1829 Spiritus

1042 1832 1159 1854 sanctus.
1174 1826 1243 1856 Item
1265 1833 1305 1855 est
1323 1837 1370 1856 cor
1389 1826 1461 1856 orale
1481 1827 1623 1857 sabbatum
1638 1828 1787 1859 secundum

1043 1865 1134 1894 literas
1146 1865 1225 1905 legis,
1240 1865 1314 1905 quod
1326 1838 1416 1896 Julaei
1429 1866 1626 1906 intelligebant,
1639 1875 1666 1896 et
1678 1878 1788 1900 conscr-

1043 1904 1152 1941 vabant,
1162 1905 1228 1935 dum
1242 1916 1257 1934 a
1269 1906 1402 1946 corporali
1421 1916 1501 1946 opere
1513 1906 1686 1943 abstinerent,
1705 1918 1758 1938 non
1771 1918 1788 1937 a

1043 1945 1229 1984 corporalibus
1253 1945 1343 1975 malis.
1358 1946 1394 1975 Et
1414 1953 1454 1975 est
1465 1946 1617 1985 spirituale,
1640 1947 1787 1977 secundum

1043 1983 1116 2022 qood
1128 1984 1212 2024 gratia
1221 1985 1323 2015 Christi
1337 1986 1533 2016 manifestavit:
1546 1986 1620 2025 quod
1633 1985 1788 2026 intelligunt

1006 2039 1026 2061 1)
1044 2023 1190 2053 Christiani
1200 2032 1226 2054 et
1231 2024 1384 2060 observant,
1391 2025 1554 2055 abstinentes
1564 2035 1593 2055 se
1602 2036 1655 2055 non
1666 2026 1702 2056 ab
1709 2036 1790 2066 opere

1044 2064 1190 2102 corporali,
1202 2063 1250 2093 sed
1263 2075 1278 2093 a
1293 2065 1479 2104 corporalibus
1494 2065 1583 2094 malis.
1599 2065 1654 2101 Qui
1711 2076 1728 2094 o
1738 2069 1790 2095 va!—

1045 2109 1087 2132 cat
1099 2103 1133 2131 ab
1141 2113 1222 2142 opere
1233 2103 1313 2139 mato,
1327 2103 1424 2133 faciens
1434 2115 1450 2133 o
1485 2115 1514 2133 ra
1525 2104 1607 2139 bona,
1616 2103 1697 2133 lauda
1718 2104 1790 2133 iliter

1045 2142 1202 2178 sabbatizat,
1216 2149 1242 2171 et
1261 2149 1349 2172 sancte
1369 2115 1517 2172 secundiim
1540 2142 1677 2182 spiritum,
1691 2151 1718 2174 et
1737 2144 1788 2174 Dei

1046 2181 1189 2211 consilium
1204 2194 1210 2210 :
1227 2182 1274 2220 qui
1294 2189 1382 2211 autem
1395 2182 1496 2212 recedit
1508 2182 1543 2212 ab
1556 2193 1636 2222 opere
1650 2183 1733 2220 bono,
1746 2183 1790 2212 ἵει-

1047 2222 1118 2251 ciens
1131 2231 1211 2260 opera
1226 2221 1306 2258 mala,
1319 2222 1485 2261 culpabitur,
1500 2229 1525 2251 et
1537 2221 1621 2261 impie
1632 2223 1788 2258 sabbatizat.

1047 2262 1087 2290 De
1098 2261 1149 2289 hoc
1160 2260 1249 2299 itaque
1262 2271 1313 2290 non
1323 2261 1395 2290 bono
1405 2262 1515 2291 sabbato
1527 2261 1647 2300 loquitur
1657 2263 1792 2293 Dominus

1048 2301 1074 2329 in
1089 2300 1141 2329 hoc
1153 2300 1212 2329 loco
1224 2300 1380 2337 admonens,
1397 2308 1426 2330 ut
1441 2311 1472 2330 ue
1485 2301 1544 2331 dies
1557 2301 1604 2330 ille
1617 2301 1734 2337 inveniat
1747 2312 1792 2331 eos

1049 2340 1077 2369 in
1088 2340 1212 2379 pcccatis.
1222 2340 1286 2369 Ideo
1294 2350 1359 2379 ergo
1367 2340 1445 2377 dicit,
1452 2341 1497 2370 Ne
1498 2340 1581 2381 fitga
1590 2348 1690 2371 vestra
1699 2342 1794 2371 hieme

1050 2380 1102 2409 vel
1115 2380 1236 2408 sabbato
1245 2380 1313 2419 fiat,
1326 2380 1390 2418 quia
1407 2381 1571 2419 quicumque
1583 2381 1610 2410 in
1624 2381 1712 2410 hieme
1727 2380 1794 2410 infi-

1051 2419 1169 2448 delitatis
1194 2419 1319 2448 inventus
1338 2420 1436 2456 fuerit,
1460 2426 1507 2449 aut
1530 2420 1559 2449 in
1581 2419 1687 2450 deliciis
1713 2420 1795 2460 hujus

1051 2458 1147 2488 mundi
1161 2459 1341 2494 sabbatizans,
1360 2466 1386 2488 et
1399 2459 1485 2489 otians
1504 2460 1539 2489 ab
1553 2470 1634 2499 opere
1650 2459 1733 2497 bono,
1749 2470 1796 2489 ne-

1052 2509 1124 2527 cesse
1133 2505 1174 2527 est
1190 2505 1220 2527 ut
1231 2498 1437 2528 tribulationum
1446 2505 1565 2538 tempore
1576 2506 1728 2538 superatus,
1739 2510 1798 2539 per-

1054 2544 1094 2566 cat
1105 2537 1238 2567 credendo
1250 2538 1426 2574 Antichristo,
1434 2538 1570 2577 quoniam,
1582 2538 1651 2567 sicut
1662 2537 1796 2574 diximus,

1054 2588 1137 2617 opera
1148 2577 1218 2606 bona
1231 2578 1257 2607 in
1268 2577 1520 2617 persequutionibus
1531 2577 1566 2607 ad
1575 2577 1654 2607 fidem
1667 2579 1723 2618 spei
1733 2589 1799 2618 pra:-

1216 1431 1272 1467 Qui
1298 1431 1371 1460 enim
1395 1442 1447 1461 non
1471 1432 1551 1461 habet
1575 1433 1603 1461 in
1628 1432 1709 1462 corde
1730 1443 1781 1463 suo
1817 1442 1825 1445 ·

1038 1479 1138 1508 ignem,
1150 1469 1184 1499 de
1197 1480 1251 1508 quo
1262 1471 1396 1501 Dominus
1407 1470 1474 1500 dicit
1490 1484 1497 1500 :
1513 1473 1616 1511 Ignem
1630 1474 1701 1501 veni
1716 1474 1783 1502 mit-
1793 1476 1881 1498 Luc-¹2

1883 1453 1904 1512 i

1896 1555 1904 1567 ,

1894 1569 1904 1627 ἒ

1894 1628 1904 1754 ἒ
