1904 2840
467 207 637 231 Ent'rtoms
662 208 826 231 Pantsmae.
852 207 1013 231 ALTEntUS
1041 208 1326 233 ADmTAMENTUM.
1398 199 1400 206 ‚
1444 206 1448 210 “
1590 203 1661 249 973

130 281 145 297 ιο
166 268 238 299 nihil
250 275 338 298 tamen
342 268 474 308 ghhorret
485 279 503 300 a
514 269 650 299 locutione
661 270 794 308 Armena;
809 270 872 308 quia
886 269 913 298 in
926 270 1089 309 argumentis
1098 281 1232 300 sacrarum
1245 271 1402 302 concionum
1416 273 1536 313 syntaxis
1548 274 1665 317 simplex

130 326 145 342 ιο
167 325 199 344 ac
209 314 296 344 fluens
310 314 418 353 utrique
429 313 530 353 lingua
540 315 690 344 communis
708 321 758 345 est.
774 313 855 353 Quod
867 314 902 344 de
914 316 1008 345 Latina
1021 322 1110 345 nostra
1124 316 1338 356 interpretatione
1352 317 1427 348 fateri
1442 328 1495 348 non
1507 319 1606 351 ausim.
1619 320 1663 351 Si-

130 371 145 387 »
167 359 277 399 quidem
287 369 350 388 cum
357 359 472 397 verbum
481 359 562 389 verbo
573 359 683 390 reddere
692 359 764 390 fidus
771 361 901 400 interpres
910 371 975 389 curo
984 360 1018 390 de
1029 371 1088 390 ineo
1098 371 1182 398 more,
1195 372 1254 400 quae
1266 363 1407 394 methodus
1414 363 1437 394 si
1447 363 1504 394 vim
1514 374 1664 405 nervosque

130 417 145 433 ιο
166 405 292 445 reffinget
303 404 471 444 eloquentiae,
486 412 513 435 at
528 405 674 445 ipsissimas
688 406 812 436 Auctoris
823 406 963 436 sententias
975 405 1135 436 hauriendas
1155 409 1265 446 praebet,
1282 418 1330 438 nec
1343 419 1444 439 novum
1465 416 1600 440 auctorem
1614 422 1666 451 pro

129 464 144 480 ιο
166 451 250 483 veteri
263 450 395 488 obtrudit,
408 451 454 482 flet
464 451 610 481 identidem
619 452 693 491 quod
706 464 721 482 a
732 463 801 493 pura
810 463 991 493 germanaque
1004 452 1147 482 Latinitate
1157 453 1267 483 deviare
1277 455 1435 495 compellar.
1448 455 1564 486 Veniam
1577 462 1665 487 tamn

130 510 145 526 ιο
167 497 272 528 dabunt
287 498 474 529 humanissimi
488 508 519 528 ac
532 498 722 538 sapientissimi
735 499 857 536 lectores,
874 509 961 537 neque
973 509 1078 528 ntecum
1089 502 1194 528 summo
1201 499 1264 538 jure
1274 507 1392 530 utentur.
1406 513 1422 529 υ

168 543 295 583 Legimus
303 550 329 573 et
337 554 399 573 cum
407 545 503 574 Graeco
508 551 633 574 contextu
641 545 803 574 contulimus
811 543 1008 574 translationem
1017 545 1138 574 Latinam
1145 544 1197 575 viri
1207 546 1394 582 rev.Aucheri‚
1403 557 1514 586 eamque
1523 546 1557 577 ad
1566 547 1666 581 calcem

127 589 210 631 hujus
223 589 302 619 Tomi
314 589 413 620 addere
422 591 524 630 placuit
531 602 540 629 3
551 592 682 620 Armenus
689 590 760 620 enim
772 590 819 620 ille
830 589 961 628 interpres
968 589 1114 618 orationem
1125 590 1247 620 Graecam
1258 591 1394 621 transtulit
1408 591 1434 621 in
1455 603 1531 621 suam
1544 591 1665 633 linguam

129 646 144 664 e
156 634 257 665 Codice
269 633 367 664 nostris
379 634 458 674 longe
471 634 585 671 saniori,
596 641 623 664 et
638 633 753 664 subinde
765 633 896 675 pleniore,
911 634 947 663 ita
961 641 991 664 ut
1006 645 1040 664 ex
1053 635 1105 665 hoc
1119 635 1303 676 supplemento
1320 636 1479 667 Severianus
1492 637 1538 667 ille
1552 638 1664 668 Graecus

129 679 265 711 emendari
278 679 425 710 multifarie
435 680 531 720 possit.
541 680 694 718 Quominus
704 686 792 710 autem
806 687 909 711 textum
920 681 1067 710 Armenum
1079 688 1267 721 repeteremus,
1281 682 1424 722 impedivit
1436 693 1495 720 nos,
1507 683 1582 722 quod
1591 684 1667 724 inge-

129 736 183 756 nue
196 726 321 762 fatemur,
331 732 357 755 et
369 725 469 765 linguae
483 725 560 756 istius
570 725 685 763 inscitia,
697 732 723 755 et
732 725 853 755 defectus
862 725 972 755 illorum
982 733 1108 766 typorum
1121 726 1149 755 in
1162 727 1268 758 officina
1279 734 1378 766 nostra,
1390 735 1416 758 et
1426 730 1572 768 praesertim
1581 729 1668 769 ipsius

130 771 256 802 Homiliae
266 771 394 812 pretium,
408 778 439 801 ut
451 771 529 801 nobis
542 770 653 810 quidem
666 770 785 808 videtur,
798 778 838 801 sat
855 772 920 801 vile.
940 773 970 802 S.
983 773 1114 802 Joannem
1133 771 1238 801 edimus
1253 773 1505 811 Chrysostomum,
1519 784 1573 803 non
1586 775 1668 804 Seve-

129 818 363 859 rianum,serreoe
373 817 449 847 illius
462 817 547 847 aetatis
559 816 715 856 eloquentiae
726 817 893 858 exemplum,
904 816 996 858 judice
1008 824 1086 847 acuto
1096 818 1210 855 Savilio,
1222 829 1252 859 p.
1268 819 1326 848 ⁴55
1341 818 1423 859 hujus
1434 819 1514 848 Tomi
1533 818 1668 849 Editionis

131 871 237 894 veteris.

170 902 385 933 'translationem
396 902 517 932 Aucheri
529 902 650 933 Latinam
663 902 837 942 repetivimus
851 909 982 940 accurate,
993 902 1032 931 nil
1047 909 1190 932 mutantes.
1203 903 1234 932 In
1248 903 1368 943 margine
1380 903 1526 944 adjecimus
1545 904 1666 934 locorum

130 949 294 979 biblicorum
306 948 505 985 indicationem,
520 945 547 978 et
559 958 684 977 numeros
697 947 857 988 paginarum
875 948 1011 978 Editionis
1024 948 1282 978 Mechitaristarum.
1299 949 1412 979 Numeri
1429 949 1456 979 in
1471 949 1530 990 ipso
1541 956 1665 981 contextu

131 995 207 1026 uncis
215 995 312 1024 inclusi
323 1017 331 1032 ‚
349 994 460 1035 paginas
470 993 596 1023 denotant
609 993 746 1023 Editionis
759 1001 865 1024 nostrae.
881 994 987 1024 Notulae
999 1001 1088 1024 autem
1101 1005 1192 1024 omnes
1202 1001 1265 1025 sunt
1278 995 1407 1025 Aucheri.

169 1041 278 1079 Quibus
295 1040 537 1081 qualibuscumque
550 1040 655 1076 fruere,
670 1040 765 1069 Lector
778 1039 882 1069 erudite
895 1047 975 1078 atque
989 1040 1127 1077 benevole,
1142 1040 1272 1079 nobisque
1283 1041 1354 1071 fave.

169 1085 333 1126 Scripsimus
345 1085 459 1116 Lutetiae
474 1084 636 1115 Parisiorum
646 1107 653 1120 ‚
669 1091 781 1115 exeunte
794 1095 882 1115 mense
896 1085 1003 1125 Aprili,
1016 1085 1285 1117 MDCGCXXXVI.

1303 1139 1337 1168 L.
1360 1149 1396 1169 nxz
1417 1137 1540 1169 Sinna.

41 1319 121 1343 ‚An-m.
750 1309 936 1340 HOMILIA
968 1309 1032 1340 vlt

14 1368 41 1392 p·
65 1361 121 1384 ²⁵⁴.
517 1395 657 1435 Ejusdem
670 1395 765 1424 sancti
776 1393 925 1424 Seuer-iani
938 1396 968 1424 in
980 1395 1083 1425 eadem
1096 1395 1254 1434 dogmata·.

171 1490 255 1529 [667]
266 1489 382 1519 Miratus
393 1499 454 1518 sum
465 1488 615 1522 vobiscum,
630 1497 646 1516 o
659 1486 763 1517 Clu-isti
774 1495 868 1515 aman·
887 1490 907 1511 Δ
926 1492 978 1521 est,
990 1485 1038 1522 ait,
1049 1487 1112 1522 tibi,
1124 1492 1153 1515 et
1163 1488 1320 1516 seminibus
1329 1489 1395 1524 tuis,
1406 1490 1492 1527 quasi
1500 1489 1536 1518 de
1549 1490 1661 1527 multis,-

130 1527 319 1566 tissimi,quod
331 1538 406 1557 novae
433 1527 505 1556 ratiae
515 1526 656 1565 Evangelii
666 1525 869 1565 perAntiquum
926 1525 977 1553 sed
990 1525 1051 1560 tibi,
1073 1531 1100 1553 el
1123 1527 1226 1554 semini
1249 1532 1308 1560 tuo,
1319 1529 1371 1564 qui
1383 1533 1425 1555 est
1445 1528 1585 1558 Christus.
1608 1531 1661 1558 De-

131 1569 332 1597 Testamentum
353 1537 502 1606 predicata
520 1573 598 1594 sunt.
618 1565 790 1596 illuminatus
809 1574 869 1592 snm
924 1570 1100 1592 monstratum
1114 1574 1188 1603 ergo,
1201 1564 1274 1603 quod
1287 1575 1374 1594 semen
1393 1566 1503 1595 Abrahae
1524 1574 1562 1596 est
1582 1568 1662 1598 Chri-

74 1616 121 1640 258
132 1607 272 1637 vobiscum
297 1612 396 1639 mute,
413 1605 539 1643 quoniam
557 1603 614 1634 vidi
636 1603 793 1643 apostolicas
814 1612 871 1631 no-
917 1604 981 1631 *stus
992 1602 1138 1632 secundum
1151 1613 1271 1640 carnem3
1287 1615 1317 1633 ac
1322 1603 1384 1643 jure
1393 1604 1473 1634 dabat
1480 1606 1661 1646 juramentum

133 1653 171 1676 tas
192 1646 219 1675 in
243 1645 407 1685 propheticis
425 1645 537 1674 vocibus
561 1643 717 1673 illustratas.
733 1641 869 1671 Confiteor
923 1652 972 1681 per
985 1652 1081 1671 semen.
1094 1642 1150 1671 Ubi
1173 1643 1284 1681 quaestio
1305 1643 1340 1672 de
1367 1644 1415 1673 illo
1433 1651 1482 1679 cst,
1497 1646 1582 1684 [668]
1593 1656 1660 1684 quo-

131 1685 253 1724 grafiam,
270 1691 300 1714 ut
311 1684 441 1724 accipiam
461 1682 619 1714 mercedem.
639 1681 704 1713 Vidi
722 1691 791 1711 nova
803 1692 867 1721 my·
922 1681 1003 1710 modo
1017 1691 1111 1749 neerpffe
1124 1681 1265 1721 adjurabat
1279 1693 1326 1722 per
1346 1682 1443 1718 femur,
1456 1694 1517 1712 cum
1536 1685 1659 1715 salutaris

130 1725 209 1754 steria
229 1734 277 1764 per
295 1725 382 1754 Vetus
393 1725 615 1761 (Testamentum)
628 1721 768 1761 praedicata
777 1732 786 1758 ;
805 1731 867 1750 cum
919 1721 975 1759 jam
985 1720 1035 1749 ssos
1093 1727 1197 1750 oruerat
1214 1722 1249 1750 ab
1261 1721 1569 1762 ipso?Quandoquidem
1578 1725 1659 1754 scrnel

131 1764 268 1794 Abraham
285 1763 467 1803 juramentum
480 1773 558 1792 servo
569 1773 617 1802 per
629 1762 714 1790 femur
726 1770 806 1789 suum
817 1760 865 1789 da·
922 1760 1073 1789 membrum
1093 1759 1163 1789 illud
1183 1761 1386 1790 instrumentum
1407 1762 1550 1792 sanctitatis
1567 1762 1579 1779 '⁵
1595 1764 1657 1801 fuit,

130 1804 186 1839 bat,
199 1803 226 1832 in
244 1803 332 1832 femur
342 1813 451 1833 manum
469 1803 573 1832 mittere
591 1801 714 1836 faciebat,
731 1806 757 1829 et
778 1801 865 1829 Deum
921 1798 1014 1838 ibique
1026 1798 1170 1838 aliquando
1189 1799 1320 1830 habitavit
1340 1799 1463 1830 divinum
1485 1812 1583 1838 semen,
1598 1803 1659 1832 idco

14 1858 37 1871 n.
48 1850 75 1879 εί,
94 1856 117 1872 2.
129 1843 186 1873 caeli
200 1849 226 1872 et
245 1849 322 1872 terrae
344 1841 423 1873 dictis
442 1849 533 1872 testem
544 1841 699 1871 advocabat.
715 1839 808 1874 Pone,
823 1839 865 1868 in·
920 1839 995 1876 quasi
1005 1849 1052 1879 per
1066 1838 1196 1878 templum
1208 1840 1292 1878 jurat.
1306 1839 1360 1876 Qui
1375 1850 1439 1870 vero
1451 1841 1537 1880 jurat,
1551 1842 1598 1878 ait,
1609 1853 1658 1882 per

129 1882 199 1922 quit,
217 1892 336 1912 manum
358 1889 437 1912 tuam
454 1881 505 1912 sub
519 1882 630 1919 femore
644 1890 717 1915 meo,
735 1885 762 1908 et
782 1879 866 1918 adju·
919 1877 1060 1917 templum,
1073 1878 1146 1918 jurat
1158 1889 1206 1918 per
1213 1888 1274 1907 enm
1287 1879 1333 1918 qui
1349 1878 1491 1909 habitatin
1503 1883 1654 1918 eo.Quem-

129 1924 200 1951 rabo
213 1928 240 1950 te
253 1923 284 1950 in
301 1923 460 1952 Dominum
476 1916 571 1950 Dieum
585 1926 741 1950 creatorem
759 1918 824 1947 caelc'
836 1923 865 1947 et
919 1916 1064 1946 admodum
1082 1923 1108 1946 ct
1128 1917 1185 1957 ipse
1205 1918 1329 1948 Salvator
1351 1918 1422 1948 dixit
1444 1919 1477 1948 ad
1502 1920 1656 1956 Pharisaeos,

16 2046 116 2079 n.49.w.
127 2042 226 2070 femore
235 2041 319 2070 Jacob
328 2041 471 2075 oriturum,
482 2038 628 2069 secundum
637 2038 655 2067 il
670 2037 719 2072 ud,
733 2037 802 2066 Non
812 2037 863 2065 de-
916 2045 969 2073 per·
980 2045 1082 2064 aarum
1102 2036 1213 2075 templi,
1226 2037 1319 2067 valet.
1337 2037 1427 2066 Stulti
1440 2048 1476 2066 ac·
1490 2040 1568 2075 cerci,
1585 2040 1657 2078 quid

122 2081 205 2117 ficiet
216 2082 349 2120 princeps
359 2090 396 2109 ex
414 2080 506 2112 Iuda,
521 2089 614 2118 neque
624 2078 685 2106 dux·
696 2087 732 2105 ex
741 2076 864 2117 semori-
882 2080 900 2104 B
920 2076 1013 2114 majus
1026 2082 1078 2110 est,
1092 2084 1208 2112 aurum,
1223 2086 1263 2104 an
1277 2077 1414 2114 templum
1431 2079 1511 2116 quod
1530 2079 1655 2119 sanctifi.

127 2121 180 2149 bus
193 2120 266 2158 eJ‘uS,
280 2118 415 2159 quomodo
425 2119 452 2147 in
466 2119 631 2148 Salv-‘norem
641 2117 745 2156 jurasse
758 2119 864 2154 compe·
918 2120 967 2142 cat
987 2123 1092 2144 aurum
1101 2116 1114 2141 Ρ
1135 2114 1294 2154 Propterea
1312 2116 1378 2144 ἀίεο
1398 2118 1494 2153 vohis,
1505 2120 1555 2156 qui
1569 2119 1654 2157 jura-

127 2158 234 2188 rietur?
248 2169 309 2188 nam
320 2160 394 2188 Isaac
411 2159 468 2198 jam
482 2164 558 2187 natus
575 2163 641 2193 erat,
653 2162 678 2185 et
688 2165 774 2184 semen
787 2161 861 2184 antea
921 2154 991 2182 verit
1003 2163 1055 2192 per
1067 2153 1215 2193 templum,
1233 2156 1317 2194 jurat
1326 2165 1379 2194 per
1388 2166 1453 2184 eum
1468 2161 1519 2196 qui
1540 2157 1654 2185 habitat

126 2197 317 2237 germinatum;
343 2205 370 2226 et
387 2207 448 2227 cum
467 2197 648 2236 juramentum
669 2194 744 2223 dedit
758 2216 766 2230 ,
788 2194 863 2223 nulla
916 2194 949 2220 in
959 2203 1003 2221 eo.

126 2247 186 2277 spes
199 2243 256 2266 erat
268 2237 378 2266 alterius
387 2236 495 2265 seminis
504 2237 642 2265 exfemore
653 2233 779 2263 exeundi.
789 2234 864 2262 Patet
957 2231 1190 2268 Quemadmodum
1203 2233 1275 2262 enim
1291 2233 1388 2262 domus
1406 2233 1487 2272 regia,
1501 2244 1559 2272 quae
1572 2234 1651 2263 semel
1663 2242 1710 2266 255

145 2275 199 2306 uod
211 2276 346 2305 Abraham
360 2275 473 2304 habebat
487 2275 513 2304 in
527 2275 615 2313 seipso
629 2283 716 2302 semen
727 2272 842 2301 salutare
854 2283 861 2300 ε
916 2281 947 2300 ac
959 2271 1002 2300 bis
1016 2271 1150 2339 exceperit
1162 2274 1264 2311 regem,
1276 2273 1324 2302 etsi
1338 2283 1386 2301 rex
1395 2273 1458 2302 inde
1465 2272 1591 2308 discedat,
1605 2273 1652 2301 illa

125 2287 160 2344 de
170 2326 224 2354 quo
244 2316 344 2345 Paulus
365 2314 482 2349 dicebat,
504 2315 535 2343 A
539 2313 636 2342 brahoe
655 2313 726 2340 data
739 2317 782 2341 est
793 2321 863 2350 pro·
916 2310 997 2339 semel
1012 2311 1066 2349 regi
1100 2310 1166 2339 icata
1178 2311 1262 2350 Regia
1270 2319 1381 2340 vocatur
1395 2322 1401 2338 :
1413 2311 1451 2340 sic
1464 2318 1489 2340 et
1497 2311 1653 2351 patriarchae

125 2357 234 2391 missio,
249 2361 277 2383 et
291 2355 394 2383 semini
414 2355 490 2392 ejus;
506 2359 585 2391 atque
606 2350 757 2391 expendens
782 2350 864 2379 inter-
916 2350 1076 2385 membrum,
1092 2350 1164 2388 quod
1179 2351 1259 2379 semel
1270 2351 1321 2380 tuit
1335 2351 1536 2379 instrumentum
1558 2351 1652 2378 futura?

17 2408 33 2429 ι,
43 2407 66 2429 3.
79 2407 114 2430 ,6,
125 2401 246 2434 pretatur
258 2405 313 2424 rein
323 2394 350 2423 in
363 2393 520 2425 Galatarum
529 2390 741 2431 EpistolazNon
753 2391 862 2418 dictum
916 2388 1131 2429 dispensationis,
1147 2390 1276 2429 templum
1295 2396 1350 2418 erat
1370 2389 1494 2428 promissi
1518 2389 1650 2426 beneficii,

157 2496 168 2507 ¹·
182 2488 264 2512 Litem
276 2486 353 2519 ergo[
364 2485 395 2510 de
406 2493 463 2510 vero
475 2489 578 2508 auctore
588 2481 697 2507 homilias
708 2480 796 2514 hujus]
808 2479 877 2505 deci·
901 2479 1009 2510 edimus,
1022 2480 1129 2513 margini
1141 2479 1288 2505 differentiis
1299 2478 1309 2512 (
1321 2479 1398 2510 iisque
1409 2486 1529 2510 perquam
1541 2486 1658 2503 necessa-

125 2526 170 2551 dat
186 2526 364 2557 Interpretatio
381 2529 466 2549 nostra
486 2524 591 2547 Armene
611 2520 699 2545 eodem
720 2519 811 2545 saeculo
829 2528 876 2544 au·
902 2520 944 2544 riis
956 2518 1215 2552 tantum)lectiouum
1226 2524 1269 2542 aut
1280 2517 1511 2549 interpretationum
1522 2515 1620 2542 adfixis.

125 2566 202 2590 cteris
216 2564 356 2594 elaborata,
369 2569 395 2588 et
407 2568 539 2596 propterea
557 2558 668 2585 indubia.
684 2560 736 2584 Nos
748 2567 818 2584 more
830 2567 877 2583 no-
935 2560 948 2579 b
959 2559 1032 2584 Deest
1045 2559 1069 2583 in
1079 2558 1123 2583 Gr.
1137 2557 1204 2582 Edit.
1217 2565 1265 2582 vox
1278 2556 1423 2587 necessaria,
1436 2556 1590 2580 sanctitatis„

126 2610 179 2629 stro
191 2604 322 2628 lectionem
328 2607 447 2627 ‹nostram
460 2599 607 2631 simpliciter
616 2600 640 2623 in
648 2597 767 2623 Latinum
780 2605 875 2622 versam

129 1969 222 1992 εει-ηε.
237 1962 356 1997 Quaestio
367 1971 462 2000 magna
474 1967 513 1990 est
529 1960 555 1989 in
571 1960 622 1989 hoc
636 1958 727 1988 verbo.
745 1957 774 1987 Si
793 1957 864 1987 enim
920 1957 971 1985 Voe
992 1958 1077 1986 vobis
1090 1957 1235 1986 Pharisoei
1247 1960 1325 1993 coeci,
1340 1960 1408 1997 quia
1419 1960 1527 1995 dicitis,
1541 1960 1573 1989 Si
1590 1962 1655 2000 quis
1667 1970 1750 1992 Matth.
1765 1969 1804 1992 23,

128 2001 245 2041 positum
260 2002 322 2036 (vel
331 2001 417 2041 posita
430 2003 534 2037 manns)
546 2000 597 2028 fuit
611 2009 659 2039 pro
680 2004 720 2026 ter
730 2007 817 2026 semen
830 2007 864 2026 ex
914 1997 997 2034 jurat
1006 2006 1059 2035 per·
1068 1996 1215 2034 templum,
1232 1998 1308 2026 nihil
1315 2004 1372 2033 esc3
1385 1999 1412 2027 si
1419 2001 1484 2037 quIs
1497 2009 1568 2027 vero
1571 2001 1654 2038 jurat
1669 2000 1704 2022 ¹6-
1720 2008 1755 2032 ¹7·
