1890 2826
275 149 319 183 30

276 231 380 256 omnes,
387 225 491 249 tantum
501 219 576 248 abest
588 225 617 248 ut
627 218 655 248 in
667 217 766 247 talibus
776 217 904 258 periculis
914 216 1017 252 vivant,

278 274 307 298 ut
328 277 415 306 neque
433 265 532 295 bellica
552 275 627 294 arma
643 270 756 294 tractare
773 263 865 300 sciant,
882 263 930 294 sed
950 264 1019 294 intra

279 313 358 342 urbes
366 319 391 342 et
399 322 491 342 muros
500 310 631 347 sedentes,
639 310 711 339 bella
723 309 818 349 procul
828 316 898 349 gesta
910 309 1020 340 audiant

278 358 395 395 narrari;
411 365 536 397 totusque
548 357 668 397 populus
679 356 707 386 in
720 354 842 387 libertate
852 355 939 392 vivat,
954 362 981 385 et
991 356 1019 385 in

278 405 368 435 acerbi
388 405 470 445 hujus
490 402 632 438 ministerii
644 401 823 432 immunitate.
837 401 919 439 Quod
929 402 953 431 si
966 402 1019 432 ali-

600 157 630 181 S·
658 156 800 180 JOANMS
825 155 1011 179 CHRYSOST.
1041 156 1199 182 Attefflm‘.
1228 158 1500 182 CONSTANTffloP.

1073 217 1171 248 τούτων
1184 220 1258 249 οὐδὲν
1271 223 1314 249 νῦν
1328 219 1461 259 γινόμενον
1479 219 1529 249 ἴδοι
1549 231 1588 253 τις
1609 220 1649 249 ἄν.
1665 219 1774 257 Ἐπειδὴ
1790 221 1842 262 γὰρ

1072 265 1086 293 ὁ
1096 266 1143 301 τῆς
1157 265 1322 304 δικαιοσύνης
1336 266 1454 305 ἔλαμψεν
1469 265 1542 300 ἥλιος
1553 287 1561 302 ,
1576 265 1621 295 καὶ
1632 265 1721 300 πόλεις
1735 266 1780 296 καὶ
1796 267 1841 302 δ’ἡ-

1072 320 1118 348 μοι
1137 311 1182 340 καὶ
1204 311 1264 347 ἔθνη
1285 312 1371 341 πάντα
1392 314 1515 340 τοσοῦτον
1530 311 1659 351 ἀπέχουσι
1680 314 1726 341 τοῦ
1744 314 1790 350 ζῇν
1813 313 1841 342 ἔν

1071 356 1198 391 κινδύνοις
1211 357 1353 395 τοιούτοις,
1367 358 1407 387 ὅτι
1420 358 1478 387 οὐδὲ
1498 357 1727 397 μεταχειρίζεσθαί
1744 370 1771 388 τι
1787 361 1840 388 τῶν

1071 404 1223 442 πολεμικῶν
1237 404 1335 440 ἴσασιν,
1348 405 1405 434 ἀλλ’
1421 403 1483 433 εἴσω
1503 403 1605 433 πόλεων
1617 403 1663 434 καὶ
1678 406 1775 444 τειχῶν
1789 416 1839 434 κα-

279 450 343 480 cubi
356 460 428 479 nunc
438 449 510 479 bella
523 454 660 489 gerantur,
673 458 703 477 ea
718 446 812 488 procul
823 454 886 477 sunt
898 448 963 477 etin
973 458 1019 478 ex·
1035 452 1054 476 G
1072 448 1193 488 θήμενοι,
1214 450 1305 490 πόρῤω
1325 450 1358 480 τὰ
1382 452 1433 479 τῶν
1455 450 1578 488 πολέμων
1593 449 1752 489 μανθάνουσι
1772 450 1842 490 πρά-

279 497 372 527 tremis
383 496 489 535 imperii
498 494 614 525 Romani
625 494 768 532 limitibus,
777 504 831 524 non
840 505 888 534 per
900 494 1020 535 singulas

282 544 361 573 urbes
383 550 408 572 et
428 542 560 582 regiones,
575 548 605 570 ut
625 541 702 571 olim.
721 541 799 570 Tunc
818 542 901 578 enim,
917 547 948 570 ut
964 541 1020 580 jam

280 589 352 626 dixi,
366 589 410 619 vel
425 589 451 618 in
467 598 519 617 una
534 594 610 628 gente
629 586 776 616 innumerae
791 597 860 627 saepe
879 587 1021 618 seditiones

281 636 448 671 oriebantur,
462 642 488 664 et
500 634 609 664 diversa
628 633 700 663 bella
716 646 722 663 ε
738 643 810 663 nune
827 640 916 664 autem
933 644 1020 674 quan—

282 690 339 712 tum
353 689 430 712 terrae
444 681 559 722 spatium
572 681 612 710 sol
623 679 731 720 respicit
739 691 755 709 a
767 679 879 720 Tigride
893 691 977 720 usque
987 681 1023 711 ad

282 729 448 759 Britannicas
468 727 581 763 insulas,
592 726 651 766 ipsa
664 733 731 763 tota,
747 732 846 756 etcum
861 726 910 756 illa
920 727 1020 764 Africa,

282 776 418 816 AEgyptus
428 781 453 804 et
464 783 528 814 gens
540 771 754 810 palaestinorum,
767 773 820 802 imo
835 771 1023 812 quodcumque

282 823 404 851 Romano
427 819 541 860 imperio
567 819 697 858 subjacet,
713 819 741 848 in
764 829 829 859 pace
848 817 932 857 degit.
945 818 1024 849 Scitis

282 874 371 897 autem
388 876 480 896 omnes
492 866 572 895 urbes
587 864 667 905 plena
681 865 735 894 frui
747 864 951 904 tranquillitate,
968 865 1025 894 solo

283 914 377 944 auditu
391 912 462 942 bella
472 912 594 942 scientes.
607 912 713 942 Poterat
721 917 791 941 certe
804 911 927 941 Christus
939 911 1026 941 bello-

1072 507 1162 535 γματα
1175 520 1183 534 ,
1196 497 1241 526 καὶ
1253 497 1335 535 δῆμος
1349 497 1417 531 ἄπας
1427 498 1453 526 ἐν
1467 497 1599 537 ἐλευθερίᾳ
1613 498 1662 537 ζῇ,
1677 496 1722 526 καὶ
1735 497 1841 536 ἀτελείᾳ

1072 542 1120 579 τῆς
1135 542 1295 581 πικροτάτης
1317 542 1414 578 ταύτης
1435 543 1609 583 λειτουργίας.
1631 544 1666 573 Εἰ
1679 542 1708 572 δι’
1731 554 1782 572 που
1796 542 1841 572 καὶ

1072 589 1117 616 ν’ὔν
1143 587 1276 627 γίγνονται
1304 589 1432 628 πόλεμοι,
1459 588 1549 629 πόῤῥω
1571 599 1622 618 που
1649 588 1694 618 καὶ
1718 588 1784 629 πρὸς
1807 582 1842 618 τὰ

1072 632 1173 673 ἔσχατα
1185 635 1232 669 τῆς
1247 634 1387 673 Ῥωμαίων
1402 636 1498 674 ἀρχῆς,
1511 635 1540 664 οὖ
1555 634 1624 664 κατὰ
1636 634 1713 664 πόλιν
1724 634 1771 664 καὶ
1781 633 1841 674 χώ-

1075 690 1121 718 ρας
1130 700 1139 714 ,
1151 680 1187 713 ὥς
1207 679 1363 720 ἔμπροσθεν.
1377 680 1445 710 Τότε
1467 681 1513 719 μὲν
1531 680 1591 720 γὰρ,
1605 682 1640 715 ὡς
1653 680 1734 720 ἔφθην
1749 679 1841 716 εἰπὼν,

1074 725 1118 755 καὶ
1143 727 1170 755 ἐν
1192 726 1229 756 ἑνὶ
1244 726 1311 756 ἔθνει
1334 727 1426 767 μυρίαι
1439 729 1554 767 συνεχῶς
1574 726 1765 760 ἐπαναστάσεις
1785 726 1842 766 ἐγί-

1074 783 1183 810 γνοντο,
1204 772 1249 802 καὶ
1271 773 1475 814 πολυπρόσωποι
1501 773 1630 812 πόλεμοι·
1649 773 1705 803 νυνὶ
1727 772 1755 802 δὲ
1778 772 1842 809 ὅσην

1075 816 1148 852 ἥλιος
1166 819 1248 858 ἐφορᾷ
1261 821 1310 858 γῆν
1328 819 1379 849 ἀπὸ
1393 822 1438 849 τοῦ
1453 820 1584 859 Τίγρητος
1602 819 1646 849 ἐπὶ
1659 818 1706 853 τὰς
1723 820 1842 859 Βρεττα-

1077 862 1150 896 νικὰς
1162 863 1270 901 νήσους,
1293 864 1359 901 αὐτὴ
1380 870 1469 901 πᾶσα,
1491 865 1536 895 καὶ
1552 865 1618 904 μετὰ
1631 865 1728 900 ταύτης
1742 864 1847 900 Διὸύη,

1077 909 1122 939 καὶ
1148 910 1280 950 Αἴγυπτος
1302 911 1347 941 καὶ
1373 912 1559 941 Παλαιστινῶν
1580 911 1665 948 ἔθνος,
1694 912 1793 950 μᾶλλον
1816 910 1844 940 δὲ

284 972 344 990 rum
360 960 488 999 reliquias
499 958 603 994 tollere,
620 957 668 987 sed
684 958 807 997 permisit
820 956 856 986 ad
873 957 1027 997 castigatio-
1042 962 1062 986 1)
1079 955 1148 986 ἅπαν
1167 955 1198 985 τὸ
1219 956 1270 986 ὑπὸ
1292 957 1340 992 τὴν
1354 956 1495 996 Ῥωμαίων
1513 957 1597 997 ἀρχὴν
1613 957 1731 996 κείμενον
1744 969 1751 975 ·
1765 961 1776 974 ⁶
1789 956 1846 986 ἴστε

284 1018 346 1037 nem
355 1007 527 1047 ignavorum,
537 1004 585 1044 qui
594 1004 668 1045 pacis
678 1003 817 1033 occasione
827 1002 962 1043 segniores
970 1014 1029 1034 eva-

284 1053 377 1090 serint,
400 1059 430 1082 ut
450 1051 630 1081 barbarorum
642 1048 732 1079 adhue
745 1048 910 1078 incursiones
929 1056 1027 1079 essent.

1080 1001 1108 1032 δὲ
1132 1003 1168 1036 ὣς
1189 997 1266 1032 αὗται
1285 1004 1312 1032 αἱ
1332 1003 1421 1037 πόλεις
1443 1003 1532 1037 ἀδείας
1555 1003 1716 1033 ἀπολαύουσι
1739 1003 1846 1039 πάσης,

1081 1050 1146 1088 ἀκοῇ
1169 1047 1228 1081 τοὺς
1250 1047 1380 1087 πολέμους
1404 1049 1581 1088 μανθάνουσαι
1605 1050 1692 1088 μόνον.
1718 1049 1849 1078 Ἠδύνατο

285 1100 419 1140 Propheta
428 1105 498 1129 certe
506 1097 541 1127 iis
553 1097 601 1137 qui
614 1096 698 1137 probe
712 1095 862 1136 intelligere
880 1103 987 1136 possent
999 1096 1030 1126 id
1082 1094 1128 1133 μὲν
1150 1093 1201 1134 γὰρ
1221 1093 1266 1124 καὶ
1286 1094 1320 1124 τὰ
1341 1094 1452 1134 λείψανα
1468 1096 1586 1124 καθελεῖν
1611 1097 1625 1124 ὁ
1644 1095 1774 1135 Χριστὸς,
1788 1095 1847 1123 ἀλλ’

285 1145 478 1179 subindicavit,
486 1151 516 1173 ut
530 1143 602 1180 dixi,
617 1153 671 1172 non
685 1142 755 1171 ultra
764 1142 821 1171 fore
835 1141 898 1171 illas
909 1142 1030 1181 frequen·
1082 1141 1167 1180 ἀφῆκε
1186 1143 1366 1180 σωφρονισμοῦ
1389 1152 1457 1173 τινος
1477 1140 1600 1170 ὑπόθεσιν
1613 1145 1667 1174 τοῖς
1681 1143 1827 1181 ῥᾳθυμοῦσι
1838 1162 1848 1175 ,

285 1199 325 1222 tes
337 1191 509 1231 irruptiones.
524 1191 585 1219 Non
598 1189 670 1219 enim
683 1188 768 1225 dixit,
783 1189 843 1218 Non
858 1188 911 1218 erit
921 1189 1031 1219 omnino
1081 1186 1126 1216 καὶ
1139 1186 1190 1216 ὑπὸ
1202 1188 1248 1222 τῆς
1258 1186 1364 1226 εἰρήνης
1374 1186 1540 1226 χαυνοτέροις
1553 1186 1711 1226 γινομένοις,
1724 1188 1777 1216 τῶν
1788 1189 1848 1227 βαρ·

283 1235 467 1279 bgllum5sed
494 1235 582 1274 quid?
600 1235 671 1264 Non
693 1235 814 1274 accipiet
836 1245 906 1275 gens
925 1242 1030 1266 contra

284 1290 399 1321 gentem
413 1282 545 1322 gladium
550 1295 563 1316 ;
573 1287 600 1311 et
612 1281 778 1321 populorum
792 1280 942 1311 libertatem
955 1281 1030 1322 adje-

285 1330 321 1360 cit
333 1330 435 1365 dicens,
451 1329 524 1358 Non
541 1328 655 1357 discent
671 1327 798 1367 amplius
815 1327 956 1367 proeliari,
966 1328 1029 1367 qui-

284 1377 400 1407 busdam
431 1375 551 1416 exceptis
577 1374 711 1404 militibus
737 1373 771 1403 ad
798 1375 849 1405 hoc
879 1374 1029 1406 destinatis.

285 1424 314 1453 5.
329 1424 357 1452 E
360 1430 371 1451 t
382 1432 460 1452 nunc
478 1428 520 1457 tu,
533 1421 637 1451 domus
647 1421 754 1458 Jacob,
767 1422 878 1457 venite,
892 1427 920 1450 ει
929 1422 1030 1452 ambu-

286 1469 378 1498 lemus
389 1470 422 1497 in
437 1468 550 1497 lumine
564 1467 696 1496 Domini.
711 1467 742 1496 6.
761 1467 879 1496 Dimisit
893 1469 1031 1507 enimpo-

1082 1231 1169 1272 ὅάρων
1183 1227 1249 1263 εἶναι
1269 1231 1316 1265 τὰς
1331 1232 1483 1272 ἐπιδρομάς.
1503 1232 1555 1262 Καὶ
1568 1235 1582 1262 ὁ
1595 1233 1732 1273 προφήτης
1753 1232 1780 1262 δὲ
1794 1236 1848 1265 τοῖς

1083 1277 1231 1318 δυναμένοις
1257 1278 1373 1318 ἀκριὸῶς
1396 1279 1507 1308 συνιδεῖν
1531 1279 1594 1308 αὐτὸ
1619 1281 1696 1308 τοῦτο
1721 1278 1828 1318 ᾐνίξατο
1839 1301 1848 1314 ,

1082 1323 1146 1364 ὅπερ
1157 1323 1236 1364 ἔφθην
1250 1323 1340 1359 εἰπὼν,
1359 1324 1389 1353 τὸ
1403 1323 1499 1363 μηκέτι
1517 1323 1563 1358 τὰς
1576 1323 1589 1341 ‘¹
1599 1325 1631 1353 δι’
1652 1324 1740 1364 ὀλίγου
1759 1324 1849 1364 γίγνε-

1082 1372 1141 1400 σθαι
1156 1369 1354 1403 ἐπαναστάσεις.
1368 1371 1409 1400 Οὐ
1423 1370 1474 1409 γὰρ
1489 1365 1570 1406 εἶπεν,
1586 1371 1633 1399 οὐκ
1646 1369 1721 1399 ἔσται
1735 1370 1849 1409 πόλεμος

1081 1416 1232 1453 παντελῶς,
1246 1414 1314 1445 ἀλλὰ
1327 1414 1371 1451 τί;
1390 1417 1430 1445 Οὔ
1446 1415 1483 1454 μὴ
1499 1416 1550 1455 ἄρῃ
1566 1415 1636 1450 ἔθνος
1655 1417 1696 1445 ἐπ’
1713 1415 1783 1450 ἔθνος
1797 1417 1848 1455 μά-

1081 1473 1176 1502 χαιραν
1185 1474 1192 1480 ·
1209 1463 1255 1491 καὶ
1265 1461 1314 1497 τὴν
1328 1463 1380 1490 τῶν
1396 1462 1487 1500 δήμων
1503 1462 1651 1501 ἐλευθερίαν
1665 1462 1849 1502 προστέθεικεν

283 1516 385 1554 pulum
405 1525 501 1551 suum,
515 1515 635 1544 domum
653 1513 757 1543 Jacob.
772 1513 915 1554 prophetia
926 1513 960 1544 de
974 1515 1031 1545 En-
1046 1514 1065 1538 Β
1082 1507 1162 1537 Εῗπὼν
1174 1530 1182 1544 ι
1201 1509 1242 1538 Οὖ
1257 1507 1294 1547 μὴ
1317 1507 1434 1546 μάθωσιν
1452 1507 1491 1536 ἔτι
1509 1509 1643 1547 Why-23⁹,
1663 1508 1733 1544 πλὴν
1754 1508 1849 1548 ὀλίγων

285 1562 366 1591 clesia
382 1563 439 1602 jam
451 1561 586 1597 absoluta,
600 1570 693 1590 rursus
714 1559 750 1590 ad
766 1559 909 1590 historiam
924 1561 1029 1597 transit,

286 1608 363 1647 quasi
375 1608 521 1637 verborum
534 1607 630 1636 seriem
644 1617 791 1636 resumens.
801 1606 876 1636 Talis
891 1607 963 1637 enim
975 1607 1031 1637 illis

286 1665 343 1683 mos
351 1660 416 1689 erat,
425 1663 477 1683 non
489 1653 625 1682 dictorum
633 1652 759 1682 firmitate
768 1658 884 1687 tantum,
893 1652 941 1682 sed
950 1653 1031 1683 etiam

286 1701 365 1730 seriei
378 1700 481 1730 ratione
493 1699 661 1740 prophetiam
674 1698 847 1729 adumbrare.
860 1699 1033 1739 Quapropter

1082 1556 1134 1584 τῶν
1157 1555 1193 1587 εἰς
1209 1556 1286 1584 τοῦτο
1299 1553 1465 1592 τεταγμένων
1480 1556 1658 1594 στρατιωτῶν.
1676 1554 1730 1584 Καὶ
1743 1557 1787 1583 νῦν
1801 1554 1833 1584 σὺ
1842 1577 1850 1590 ,

1083 1603 1098 1631 ὁ
1114 1595 1183 1634 οἶκος
1201 1603 1247 1630 τοῦ
1261 1599 1368 1636 Ἰακὼὸ,
1383 1600 1457 1629 δεῦτε
1466 1621 1474 1636 ,
1489 1599 1533 1630 καὶ
1548 1603 1716 1640 πορευθῶμεν
1730 1603 1769 1642 τῷ
1784 1601 1852 1641 φωτὶ

1085 1646 1189 1687 Κυρίου.
1205 1645 1297 1682 Ἀνῆκε
1315 1645 1366 1685 γὰρ
1388 1645 1432 1674 τὸν
1454 1645 1516 1674 λαὸν
1539 1647 1627 1683 αὐτοῦ,
1648 1646 1692 1676 τὸν
1714 1642 1785 1676 οἶκον
1805 1648 1853 1675 τοῦ

1083 1692 1192 1724 Ἰακώὸ.
1207 1691 1365 1731 Ἀπαρτίσας
1382 1691 1430 1727 τὴν
1448 1691 1510 1731 περὶ
1531 1694 1578 1728 τῆς
1600 1692 1763 1728 Ἐκκλησίας
1784 1703 1852 1732 προ-

287 1757 340 1776 non
362 1747 517 1776 absolutum
530 1746 621 1786 explet
641 1755 801 1781 sermonem,
816 1745 863 1774 sed
885 1746 964 1783 quasi
979 1746 1032 1775 ali-
1043 1768 1068 1787 π
1084 1740 1202 1780 purtim,
1218 1737 1299 1768 πάλῑν
1321 1737 1365 1767 ἐπὶ
1383 1736 1430 1773 τὴν
1451 1738 1567 1777 ἱστορίαν
1583 1738 1752 1776 μί’-ἀῧαίνεῑ,
1764 1740 1800 1772 ὡς
1819 1738 1851 1773 δὴ

287 1804 368 1832 quam
379 1793 468 1822 trahat
480 1799 608 1827 catenam,
620 1791 659 1821 sic
672 1791 707 1821 ad
727 1792 745 1822 J
747 1790 886 1822 udaeorum
907 1791 1029 1822 admoni-
1047 1796 1067 1819 Α
1084 1786 1136 1815 τῶν
1150 1782 1295 1814 ἀκολούθων
1308 1783 1431 1824 ἐχόμενος
1446 1783 1580 1823 ῥημάτων·
1595 1785 1721 1814 Τοιοῦτον
1732 1784 1783 1824 γὰρ
1796 1783 1853 1817 ἔθος

287 1841 387 1869 tionem
397 1849 506 1869 rursum
515 1838 620 1875 transit,
630 1845 656 1868 et
664 1838 701 1867 ait
713 1850 720 1867 ι
734 1839 775 1868 Et
786 1848 865 1868 nunc
877 1845 919 1875 tu,
929 1839 1031 1882 domys

288 1887 510 1922 Jacob‚venite‚
524 1892 552 1914 et
561 1885 743 1914 ambulemus
757 1886 790 1912 in
805 1885 914 1914 lumine
929 1885 1017 1914 Domi
1022 1904 1032 1909 -

1085 1833 1180 1867 αὗτοῖς,
1194 1829 1233 1869 μὴ
1243 1831 1277 1869 τῇ
1287 1830 1339 1858 τῶν
1354 1829 1499 1869 εἰρημένων
1516 1833 1527 1845 ¹
1538 1829 1668 1869 ἀσφαλείᾳ
1682 1829 1771 1868 μόνον,
1784 1829 1853 1860 ἀλλὰ

1085 1877 1130 1908 καὶ
1146 1877 1184 1917 τῷ
1197 1874 1318 1916 σχήματι
1328 1876 1375 1910 τ’ἥς
1390 1875 1544 1908 ἀκολουθίας
1559 1874 1708 1909 συσκιάζειν
1722 1875 1770 1911 τὴν
1783 1887 1851 1915 προ-

290 1934 322 1961 ηἰ
330 1944 344 1969 ,·
360 1932 389 1961 id
407 1939 457 1969 est,
471 1932 499 1960 in
513 1930 652 1972 praeceptis
671 1930 746 1970 ejus,
763 1930 790 1959 in
804 1931 862 1970 lege
873 1932 931 1971 ejus
948 1943 955 1959 :
972 1942 1034 1962 nam
1085 1922 1202 1964 Ἠτείαν·
1215 1920 1314 1961 Διόπερ
1333 1920 1391 1950 οὐδὲ
1411 1920 1605 1960 ἀπηρτισμένῦν
1625 1925 1694 1950 ποιεῖ
1708 1921 1752 1951 τὸν
1767 1921 1854 1961 λόγον,

142 1987 278 2009 1ἰ-ωικ6.23.
291 1978 471 2017 Praeceptum
482 1978 554 2017 legis
565 1982 609 2005 est
621 1977 754 2012 lucerna,
764 1983 792 2005 et
804 1976 858 2005 lux
869 1983 898 2005 et
909 1978 984 2014 vita,
994 1988 1035 2007 ro-
1086 1968 1154 2000 ἆλλὰ
1166 1970 1201 2002 ὡς
1218 1966 1281 2007 μίαν
1295 1966 1354 1996 τινὰ
1367 1966 1450 1996 ἕλκων
1468 1966 1567 2007 σειρὰν,
1580 1967 1648 1996 Οὕτω
1660 1967 1725 2008 πρὸς
1738 1967 1786 2004 Τὴν
1801 1969 1853 1996 τῶν

143 2040 198 2060 pml
214 2038 248 2060 23,
257 2046 280 2068 9,
289 2025 444 2064 prehensio
458 2030 485 2052 et
506 2023 663 2062 disciplina
668 2036 680 2057 ,·
692 2022 837 2061 Davidque
851 2034 961 2053 rursum
971 2024 1009 2053 ait
1023 2037 1031 2053 .·
1087 2014 1218 2046 Ἰουδαίων
1229 2011 1361 2043 νουθεσίαν
1379 2012 1532 2052 μεταδαίνεῑ
1544 2013 1634 2048 πάλιν,
1648 2013 1692 2042 καί
1706 2025 1771 2053 φησι
1780 2025 1787 2032 “
1801 2013 1854 2044 Καὶ

295 2071 477 2110 Praeceptum
491 2070 610 2098 Domini
623 2069 762 2104 lucidum,
777 2069 952 2100 illuminans
964 2080 1036 2100 ocu-
1086 2064 1130 2092 νῦν
1147 2059 1188 2096 σὺν
1208 2061 1222 2089 ⁶
1240 2054 1309 2092 οἷ’-Οἱ
1328 2061 1373 2088 τοῦ
1394 2058 1501 2095 Ἰαχὼὸ,
1518 2059 1606 2095 δεῦτε,
1623 2059 1668 2088 καὶ
1685 2062 1853 2099 πορευθῶμεν

142 2133 209 2153 mal.
232 2133 282 2156 ΗΒ,
294 2118 352 2154 los,·
361 2117 539 2154 et‚Lucerna
548 2116 668 2156 pedibus
680 2117 751 2145 meis
762 2116 810 2145 lex
822 2122 884 2154 tua,
895 2123 924 2146 et
937 2117 1036 2147 lumen
1085 2108 1113 2138 ἕν
1126 2109 1163 2147 τῷ
1175 2106 1240 2147 φωτὶ
1261 2105 1358 2145 Κυρίου
1370 2117 1376 2122 “
1391 2105 1526 2140 τοντέστῑι
1546 2109 1604 2138 ταῖς
1622 2106 1737 2139 ἐντολαῖς
1756 2108 1835 2135 αὐτοῦ
1847 2127 1854 2139 2

144 2163 195 2185 ¹05·
293 2165 401 2193 semitis
416 2164 497 2191 meis.
517 2163 548 2191 Et
561 2161 661 2199 ubique
675 2161 760 2201 legem
773 2161 810 2190 ita
824 2162 916 2191 vocari
930 2163 1035 2203 perspi·
1086 2159 1125 2198 τῷ
1137 2157 1209 2197 νόμῳ
1225 2157 1304 2186 αὐτοῦ
1313 2167 1319 2173 ·
1341 2155 1444 2195 Λύχνος
1462 2154 1513 2195 γὰρ
1530 2155 1622 2192 ἐντολὴ
1637 2155 1727 2194 νόμον,
1742 2155 1786 2184 καὶ
1800 2157 1854 2195 φῶς

140 2220 234 2242 limma.
249 2227 282 2250 ¹9·
294 2210 357 2240 cias.
374 2210 419 2239 Sic
443 2215 469 2238 et
493 2208 593 2238 Paulus
610 2207 648 2237 ait
662 2220 668 2236 ε
687 2208 817 2248 Confidis
831 2210 953 2247 teipsum
976 2218 1037 2238 esse
1087 2208 1132 2238 καὶ
1143 2207 1206 2244 ζωὴ,
1223 2206 1268 2236 καὶ
1282 2206 1389 2245 ἔλεγχος
1400 2205 1446 2235 καὶ
1456 2206 1562 2235 παιδεία
1573 2218 1579 2224 ·
1592 2205 1637 2236 καὶ
1649 2208 1662 2235 ὁ
1676 2206 1760 2235 Δαυὶδ
1773 2206 1853 2235 πάλιν

142 2258 181 2273 20,

327 2308 339 2321 t·
355 2301 416 2325 Post
430 2303 530 2332 κείμενον
546 2297 618 2323 deest
629 2297 734 2331 aliquid,
750 2304 778 2323 ut
794 2302 816 2324 ὲν
828 2302 904 2333 εἰρήνῃ
915 2300 993 2332 διάγει,
1012 2298 1050 2324 νεὶ

292 2339 355 2372 quid
365 2338 454 2369 simile,
463 2337 532 2371 quod
544 2346 590 2362 nos
599 2338 764 2369 expressimus
776 2337 974 2371 hiterpretnndo.

326 2380 340 2399 d
357 2383 387 2406 Τὸ
398 2383 480 2412 μηκέτι
492 2379 521 2404 δι’
532 2380 607 2409 ὀλίγου
619 2380 724 2409 γένεσθαι.
744 2376 812 2402 Illud
823 2380 851 2403 δι’
863 2380 940 2410 ὀλίγον
950 2376 1050 2402 videtur

293 2417 388 2451 duplici
399 2417 477 2442 modo
487 2415 591 2448 intelligi
600 2423 680 2447 posse,
690 2418 717 2442 δι’
730 2419 805 2449 ὀλίγου
812 2422 903 2451 χρόνου,
911 2425 958 2450 per
966 2416 1050 2441 brevia

293 2465 428 2491 temporum
445 2457 541 2490 spatia,
554 2456 762 2488 senfiequenter3
775 2454 813 2479 vel
826 2456 855 2482 δι’
869 2458 944 2488 ὀλίγου
955 2455 1048 2481 intelli-

292 2503 375 2528 gatur,
387 2504 431 2529 per
439 2503 532 2528 parvas
541 2494 671 2518 nationum
685 2499 780 2526 parles,
799 2503 844 2527 per
862 2492 940 2525 urb‘es,
952 2503 998 2528 per
1009 2503 1050 2519 ur-

292 2537 359 2560 bium
358 2535 490 2567 jhctiones
501 2533 622 2559 diversas.
637 2537 664 2556 ut
673 2540 746 2563 supra
757 2531 830 2557 (lixit.
840 2533 972 2559 Malnimus
981 2535 1050 2566 prio-

294 2583 345 2599 rem
358 2575 426 2607 sequi
438 2572 589 2598 sententiam
599 2572 624 2598 in
635 2572 725 2596 Latina
735 2572 950 2604 interpretatione.
963 2574 1046 2605 Quan.

1100 2307 1174 2331 qnam
1186 2297 1264 2323 altero
1276 2295 1343 2322 forte
1361 2304 1433 2321 sensu
1446 2295 1498 2320 haec
1511 2297 1608 2329 possint
1617 2296 1746 2332 explicati.
1761 2296 1852 2321 Verum

1100 2346 1139 2362 res
1150 2343 1187 2362 est.
1197 2336 1268 2370 parvi
1279 2336 1409 2360 momenti.
1428 2335 1504 2359 Paulo
1520 2342 1578 2368 post
1594 2336 1687 2369 Regius
1702 2341 1728 2360 et
1747 2335 1853 2361 Savilius

1099 2382 1145 2413 ἄρῃ
1157 2380 1217 2406 ἔθνος
1227 2378 1262 2403 ἐπ’
1274 2378 1335 2404 ἔθνος
1345 2370 1471 2409 μάχαιραν)
1491 2380 1567 2400 rect-e.
1584 2377 1615 2400 In
1626 2375 1723 2400 Mei-elli
1735 2374 1852 2399 Editione

1100 2419 1135 2443 ἐπ’
1148 2420 1208 2445 ἔθνος
1216 2414 1311 2440 deerat.

1131 2463 1142 2474 ²
1160 2455 1282 2489 Ᾱσφαλιίᾳ.
1291 2452 1390 2479 Alienus
1399 2452 1528 2486 legendum
1539 2459 1611 2486 putat
1623 2458 1727 2489 ἀσαφείᾳ.
1742 2453 1773 2478 ld
1786 2459 1852 2478 certe

1099 2494 1185 2519 melius
1194 2502 1246 2519 esse
1255 2491 1363 2519 videtur.
1376 2491 1425 2517 Sed
1437 2492 1617 2517 sincCodicum
1628 2493 1778 2518 auctoritate
1790 2492 1850 2517 ιιίΙιίΙ

1099 2540 1231 2559 mutamus.
