1890 2826
97 296 235 321 Joan.8.58.

112 1690 120 1704 ι
127 1699 132 1702 .
139 1682 215 1704 Thess.
225 1681 246 1704 5.

108 1713 146 1736 23.

114 2356 137 2370 ΞΑ
149 2348 202 2370 Cor.
217 2347 253 2370 13.

247 184 316 231 670

969 189 1099 213 SPURIA·

246 266 344 287 omnes
357 261 411 291 est,
423 265 475 285 non
489 255 520 284 fit
528 255 542 283 ἰ’
556 254 662 284 Idcirco
670 253 778 284 Judaeos
791 252 930 290 alloquens
940 252 987 288 ,Ιο-
997 267 1032 286 571
1043 250 1179 284 Ἰουδαίοις
1206 250 1388 291 διαλεγόμενος
1411 253 1427 280 ὁ
1440 251 1542 289 Ἰησοῦς
1568 251 1656 291 ἔλεγεν
1672 265 1678 271 ·
1710 252 1792 292 Ἀμὴν
1804 276 1811 289 ,

247 307 293 326 sus
309 295 416 325 dicebat
430 307 437 324 z
453 295 552 325 Amen
565 315 573 330 ,
593 295 679 323 amen
702 293 769 322 dico
790 293 894 327 vobis,
906 298 987 320 ante·
1006 296 1026 317 Α

247 345 338 376 quam
351 334 509 364 Abraham
518 334 617 374 fieret,
631 342 683 373 ego
696 342 771 362 sum.
786 332 837 361 Est
856 331 928 360 enim
942 330 989 359 ille

248 385 364 416 semper,
379 381 406 404 et
431 381 497 410 erat,
511 380 538 404 et
557 373 624 411 erit3
639 380 667 403 et
688 373 769 402 finem
789 380 843 400 non
866 370 986 400 habebit.

247 417 360 456 Oportet
367 421 465 451 autem,
474 414 579 448 fratres,
584 413 705 443 debitum
715 411 837 447 reddere,
851 420 900 440 nec
913 420 990 439 oeca-

249 456 323 484 sione
342 453 540 494 digressionum
559 453 690 499 promissa
707 460 812 491 negare.
827 449 990 481 Praedicetur

249 493 350 525 Christi
374 493 458 533 gloria
468 515 476 531 ,
495 494 635 532 Patrisque
660 491 792 522 celsitudo
807 502 814 520 ι
830 489 990 531 praedicetur

250 534 368 574 Spiritus
377 539 493 568 sanctus,
499 533 635 562 exaltetur
641 530 815 571 Unigenitus,
825 529 973 576 glorificem
978 539 991 556 r

251 575 339 603 Pater.
363 573 449 603 Nemo
470 579 546 612 putet
569 572 726 612 dignitatem
750 577 845 607 everti,
859 569 885 599 si
902 569 991 609 primo

250 613 384 653 Spiritum
395 622 647 648 commemoremus,
658 610 755 641 deinde
767 609 869 640 Filium
878 631 886 646 ,
902 616 991 649 postea

251 654 358 682 Patrem
370 663 376 680 :
387 651 432 682 vel
443 651 531 697 primo
542 652 571 682 11⁴*
573 651 662 688 ilium,
675 650 773 680 deinde
794 651 911 679 Patrem.
929 650 992 678 Haec

251 692 353 737 quippe
375 691 493 731 dignitas
513 691 637 721 ordinem
649 700 703 720 non
727 689 819 725 habet,
834 698 887 718 non
907 695 937 717 ut
951 688 992 716 in-

251 732 384 768 ordinata,
399 731 447 760 sed
458 738 489 760 ut
497 730 619 760 ordinem
628 740 766 771 superans.
779 729 818 758 Ut
830 728 902 757 enim
916 727 993 756 Deus

252 771 367 810 figuram
393 776 447 799 non'
464 770 556 808 habet,
579 780 634 799 non
655 769 730 816 quod
749 769 784 798 sit
797 767 931 804 informis,
947 767 993 796 sed

252 810 326 849 quod
348 821 397 850 per
419 809 534 850 figuram
554 809 672 850 exprim
685 819 743 840 ⁴non
757 808 855 854 possit3
875 813 902 836 et
924 806 994 836 sicut

253 851 327 879 Deus
339 851 452 879 sormam
473 859 527 879 nou
538 849 629 886 habet,
642 858 695 878 non
716 855 747 877 ut
760 847 891 882 informis,
903 845 951 875 sed
965 853 994 875 ut

253 889 426 930 incorporeus
440 901 446 918 :
462 889 502 918 sic
521 888 614 918 divina
630 894 727 917 natura
739 886 860 916 ordinem
877 895 931 914 non
943 885 993 914 ha·
1010 892 1028 915 Β

250 929 314 965 bet,
329 939 381 958 non
405 928 478 967 quod
494 928 529 958 sit
543 927 704 964 inordinata,
718 926 766 956 sed
778 925 852 965 quod
873 924 995 954 ordinem

253 975 371 1008 superet.
395 970 502 997 Patrem
522 967 584 997 dico
601 967 731 1007 primum,
752 976 805 995 non
821 964 916 994 ordine
941 964 996 1004 pri-

253 1019 340 1043 mum,
367 1007 419 1037 sed>
439 1006 609 1046 intelligendi
624 1006 716 1044 modo,
742 1006 806 1045 quia
833 1004 937 1044 genitor
956 1010 996 1033 est

253 1047 404 1087 Unigenifi,
426 1047 490 1086 quia
510 1046 590 1076 radix
611 1045 829 1080 sanctifi-uetus,
844 1043 908 1082 quia
918 1050 994 1072 aeter-

254 1097 319 1116 num
339 1087 428 1116 lumen
440 1086 531 1116 aeterni
548 1086 659 1115 luminis
669 1085 774 1115 soboles
787 1090 837 1114 est.
855 1084 939 1123 Ergo,
957 1083 995 1112 mi

253 1126 342 1163 frater,
356 1127 379 1155 si
392 1126 453 1164 quis
464 1132 539 1154 aetate
553 1132 641 1154 nostra
652 1124 762 1154 auderet
772 1123 854 1153 hodie
867 1123 896 1151 in
907 1122 996 1152 Eccle-

254 1165 304 1201 sia,
317 1165 345 1194 in
359 1165 461 1205 populo
472 1164 634 1201 orthodoxo,
644 1164 671 1193 in
682 1164 788 1204 populo
807 1173 871 1194 vera
886 1162 996 1191 scientia

255 1204 370 1240 imbuto,
394 1204 498 1233 Filium
516 1210 576 1233 ante
597 1205 703 1232 Patrem
717 1213 827 1242 ponere,
852 1211 905 1231 non
927 1202 996 1230 male

254 1242 359 1271 audiret
378 1243 451 1282 apud
470 1242 655 1272 orthodoxos?
676 1243 749 1282 Ergo
762 1242 785 1270 si
803 1241 864 1280 quis
886 1240 997 1269 auderet

255 1282 282 1310 in
307 1282 426 1311 Ecclesia
449 1282 548 1317 dicere,
569 1281 694 1311 Christus
717 1281 796 1310 vobis
821 1279 960 1309 benedicet
971 1286 998 1309 et

255 1323 334 1350 Pater
350 1322 420 1361 ejus,
445 1331 499 1351 non
522 1320 644 1350 ordinem
667 1326 818 1359 pervertere
845 1325 995 1358 putaretur,

255 1359 328 1398 quod
348 1360 467 1389 radicem
492 1369 545 1388 non
555 1360 633 1400 prius
643 1370 724 1398 quam
733 1359 852 1387 fructum
861 1364 970 1397 poneret
982 1358 996 1386 ἓ

255 1400 329 1438 Ergo
342 1399 365 1428 si
383 1399 444 1438 quis
455 1399 567 1436 diceret,
578 1399 666 1428 Filius
677 1408 726 1428 nos
738 1397 857 1427 servabit
871 1404 897 1426 et
910 1398 996 1432 Pater,

256 1448 309 1467 non
331 1438 513 1468 confusionem
535 1437 663 1467 iuducere
677 1437 887 1471 existimaretur,
913 1446 998 1474 neque

255 1477 378 1507 ordinem
392 1477 582 1517 praetergredi?
597 1479 702 1507 Verum
725 1477 782 1506 haec
801 1475 875 1516 apud
892 1475 998 1513 iniquos
1013 1477 1032 1500 C

256 1527 346 1546 rerum
357 1516 529 1546 aestimatores
541 1517 577 1545 ita
599 1516 746 1546 videntur:
759 1515 806 1544 sed
826 1514 938 1545 veritate
948 1514 997 1554 ju—

256 1556 325 1593 dice,
349 1563 375 1585 et
395 1556 540 1595 apostolica
566 1555 694 1584 sententia
706 1560 858 1594 superante,
873 1553 944 1582 nihil
957 1553 997 1582 in-

255 1602 346 1632 terest,
358 1596 381 1624 si
395 1595 484 1624 Filius
502 1601 561 1624 ante
574 1596 680 1624 Patrem
694 1601 720 1623 et
740 1593 871 1633 Spiritum
884 1602 999 1622 comme-

257 1642 385 1664 moretur.
426 1634 499 1663 Audi
538 1634 654 1663 Paulum
686 1643 814 1672 magnum
871 1642 1000 1661 raeconem

258 1673 542 1703 Thessalonicensibus
564 1673 723 1702 scribentem
744 1672 786 1701 his
806 1682 855 1701 ver
875 1672 898 1701 is
914 1674 1000 1710 :Ipse

259 1724 330 1743 vero
343 1714 488 1743 Dominus
505 1719 604 1741 noster
620 1713 708 1742 Jesus
725 1712 867 1747 Christus,
880 1717 909 1740 et
920 1712 1000 1740 Deus

259 1754 351 1782 Pater
374 1759 471 1782 noster
482 1752 678 1791 sanctificabit
698 1762 764 1780 vos.
788 1751 878 1780 Primo
899 1750 999 1786 Filius,

259 1799 285 1821 et
298 1800 388 1821 sancta
400 1792 462 1820 luce
483 1792 593 1831 impleta
606 1790 705 1819 anima.
720 1791 814 1828 Neque
827 1789 898 1819 enim
911 1789 939 1818 in
952 1789 1000 1818 di-

259 1831 322 1861 vina
336 1831 385 1860 illa
410 1837 506 1859 natura
519 1837 558 1859 est
570 1829 639 1858 ordo
653 1842 659 1858 :
676 1829 723 1858 sed
733 1829 807 1868 quod
821 1829 941 1869 primum
953 1839 1001 1868 po-

261 1871 357 1906 sueris,
382 1870 492 1908 aequalis
517 1879 574 1898 esse
597 1868 707 1898 honoris
725 1868 885 1908 intelligitur
891 1880 900 1906 5
928 1867 1002 1907 quod

261 1909 418 1945 secundum,
439 1919 493 1937 non
517 1907 579 1937 inde
591 1908 695 1944 minus;
711 1908 784 1946 quod
805 1908 926 1944 tertium,
949 1917 1002 1936 non

262 1948 423 1977 contumelia
433 1947 549 1976 afficitur
562 1959 568 1975 :
584 1947 684 1976 Paulus
700 1947 935 1977 indiscriminatim
951 1956 1000 1975 no-

262 1988 336 2016 mina
355 1987 468 2027 profem,
481 1986 545 2025 quia
558 1986 633 2016 novit
654 1993 775 2015 naturam
795 1985 1001 2022 indivisibilem,

261 2033 406 2065 etreguum
428 2025 617 2065 inseparabile.
640 2026 836 2065 Interrogemus
859 2035 924 2054 vero
937 2027 1005 2054 Pau-

261 2065 331 2100 lum,
355 2065 489 2094 undenam
502 2066 650 2094 occasiones
672 2066 802 2104 acceperit
825 2065 864 2094 sic
886 2063 919 2093 de
941 2064 1004 2093 Deo

262 2104 403 2143 loquendi,
413 2111 459 2133 aut
469 2104 508 2132 sic
522 2103 700 2143 glorificandi,
715 2112 762 2133 aut
772 2104 888 2143 ponendi
902 2103 1003 2133 Filium
1019 2113 1039 2135 1)

263 2151 324 2173 ante
336 2146 452 2179 Patrem,
468 2153 520 2171 non
534 2143 627 2172 ordine
642 2143 689 2172 vel
710 2150 848 2182 potestate,
860 2142 908 2172 sed
921 2142 1004 2173 verbo

263 2190 376 2212 tantum.
391 2184 448 2212 Cur
455 2182 556 2212 Filium
567 2182 655 2221 primo
669 2182 897 2217 commemoravit,
907 2182 1005 2211 deinde

265 2222 392 2251 Patrem?
407 2223 469 2262 Ipse
492 2221 592 2250 Paulus
613 2221 740 2259 loquatur
762 2222 790 2251 in
806 2222 847 2250 sui
873 2221 1005 2251 defensio-

263 2271 335 2299 nem,
349 2268 375 2290 et
399 2262 426 2289 in
441 2261 566 2291 Ecclesiae
580 2260 773 2289 institutionem
790 2272 796 2287 :
812 2260 890 2290 Nihil
902 2271 937 2290 ex
954 2271 1005 2290 me-

264 2301 323 2340 ipso
332 2302 439 2340 loquor,
453 2300 578 2330 Christus
585 2311 633 2340 per
647 2309 689 2328 me
695 2299 752 2328 haec
765 2299 889 2338 dogmata
899 2299 981 2329 dictat
995 2313 1001 2328 :

264 2339 317 2369 An
330 2341 554 2380 ezperimentum
572 2340 700 2379 quoeritis
717 2340 780 2378 ejus
794 2340 843 2377 qui
857 2341 886 2366 in
902 2350 946 2367 me
963 2340 1004 2367 lo-

265 2381 365 2419 quitur
390 2380 523 2409 Chrt'sti?
544 2378 668 2409 Christus
681 2388 730 2417 per
754 2388 797 2406 me
824 2378 956 2415 loquitur,
971 2389 1004 2406 ne

263 2429 370 2449 accuses
389 2418 552 2449 dominicam
574 2428 678 2455 vocem,
698 2426 732 2446 ne
752 2417 942 2456 reprehendas.
970 2418 1006 2446 At

264 2474 316 2494 non
337 2470 412 2504 potes
425 2463 492 2493 sorte
511 2462 658 2502 intelligere
681 2461 822 2490 Christum
834 2470 883 2499 per
902 2471 944 2489 me
963 2460 1004 2489 lo-

297 2562 308 2573 a
326 2555 382 2579 Duo
393 2554 451 2578 Mss-
466 2557 596 2588 γράφοντος,
611 2559 656 2581 πῶς
669 2555 736 2583 λέγει.

297 2594 309 2612 ¹³
328 2593 419 2617 Omnes
432 2592 488 2616 Mas.
501 2599 590 2626 πρῶτον
603 2595 642 2624 θῇ,
652 2589 695 2615 sed
704 2594 741 2622 θῇς
752 2588 897 2614 Editionum
909 2587 1018 2621 quadrat

1042 290 1116 328 ἀμὴν
1132 290 1202 330 λέγω
1215 292 1292 330 ὑμῖν,
1315 290 1378 331 πρὶν
1392 289 1513 331 Ἂὸραὰμ
1525 291 1664 331 γενέσθαι,
1678 292 1732 331 ἐγώ
1745 295 1769 322 εἰ
1794 305 1812 322 ι.

1042 329 1122 360 Ἔστι
1135 330 1186 370 γὰρ
1198 331 1249 366 ἀεὶ,
1264 329 1309 359 καὶ
1318 326 1351 367 ἦν
1360 351 1369 366 ,
1379 331 1424 360 καὶ
1438 330 1529 367 ἔσται,
1543 331 1588 361 καὶ
1601 332 1684 372 πέρας
1691 334 1741 372 οὐχ
1782 344 1814 361 ει.

1044 372 1092 399 Δεῖ
1106 369 1133 399 δὲ
1147 372 1229 409 ἡμᾶς,
1245 370 1362 410 ἀδελφοὶ,
1372 370 1422 406 τὴν
1434 370 1542 411 ὀφειλὴν
1554 372 1706 408 ἀποδοῦναι,
1719 372 1765 401 καὶ
1777 372 1814 410 μὴ

1039 409 1170 450 προφάσει
1187 411 1239 438 τῶν
1253 409 1443 450 παρεκὸάσεων
1453 412 1588 450 ἀρνεῖσθαι
1599 411 1646 445 τὰς
1652 411 1816 451 ὑποσχέσεις.

1042 448 1220 490 Κηρυττίσθω
1234 450 1352 489 Χριστοῦ
1365 449 1437 485 δόξα,
1449 449 1495 479 καὶ
1508 451 1613 490 Πατρὸς
1675 463 1686 484 ς
1697 463 1703 469 -
1717 461 1817 490 κηρυτ-

1041 488 1126 518 τέσθω
1148 491 1260 529 Πνεῦμα
1285 489 1360 528 ἅγιον
1370 501 1377 508 ·
1398 489 1520 529 ὓψοῦσθω
1544 490 1696 529 Μονογενὴς
1705 513 1713 526 ,
1725 499 1727 501 ’
1739 489 1817 524 δοξα-

1042 528 1124 562 ζέάθω
1134 532 1148 559 ὁ
1162 529 1267 569 Πατήρ.
1282 529 1383 564 Μηδεὶς
1391 529 1584 570 ἀνατετράφθαι
1597 529 1646 565 τὴν
1657 529 1732 563 ἀξίαν
1743 540 1817 567 νομι-

1042 567 1119 606 ζέτω,
1134 570 1156 598 εἰ
1169 569 1323 608 Πνεύματος
1333 568 1439 608 πρώτου
1455 569 1664 608 μνημονεύομεν,
1675 564 1732 598 εἶτα
1739 569 1815 603 Υἷοῦ,

1043 603 1100 636 εἶτα
1118 608 1238 648 Πατρός·
1257 608 1275 644 ἢ
1297 609 1362 638 Υῖοῦ
1378 611 1494 648 πρῶτον,
1511 604 1568 638 εἶτα
1580 608 1698 648 Πατρός.
1709 609 1751 637 Οὔ
1764 608 1816 647 γὰρ

1044 646 1100 687 ἔχει
1109 647 1194 683 τάξιν,
1207 650 1257 688 οὐχ
1263 649 1299 681 ὥς
1307 648 1420 681 ἄτακτος
1428 671 1436 684 ,
1446 650 1504 678 ἀλλ’
1513 650 1549 682 ὣς
1556 648 1629 682 τάξιν
1642 647 1815 687 ὕπερὸαίνου-

1044 687 1200 727 σα.“Ώσπερ
1211 688 1261 727 γὰρ
1273 689 1321 717 οὐκ
1329 687 1385 717 ἔστι
1395 689 1489 727 σχῆμα
1504 690 1519 718 ὁ
1532 687 1611 724 Θεὸς,
1621 688 1719 727 οὐχ’ὢς
1732 686 1817 726 ἀσχή-

1045 738 1111 765 μων,
1123 728 1180 756 ἀλλ’
1191 729 1226 760 ὡς
1236 725 1435 766 ἀοῇςημάτιστος
1444 739 1451 745 ·
1462 727 1507 756 καὶ
1519 726 1610 767 ὥσπερ
1623 729 1671 756 οὐκ
1685 726 1742 766 ἔχει
1755 735 1818 765 μορ-

1046 765 1097 805 φὴν
1109 767 1187 802 Θεὸς,
1201 768 1251 806 οὐχ
1262 768 1298 799 ὡς
1312 766 1440 816 ἄμοριρος,
1456 768 1514 796 ἀλλ’
1524 768 1560 800 ὡς
1574 766 1727 805 ἀσώματος·
1736 765 1818 798 οὕτως

1045 806 1093 834 οὐκ
1106 805 1163 845 ἔχει
1175 805 1248 839 τάξιν
1262 808 1279 841 ἡ
1292 805 1348 835 θεία
1363 818 1450 845 φυσις,
1465 807 1516 846 οὐχ
1529 808 1565 839 ὣς
1574 805 1698 842 ἄτακτος,
1709 806 1767 834 ἀλλ’
1782 807 1818 837 ὡς

1044 844 1116 878 τάξιν
1143 845 1346 884 ὑπερὸαίνουσα.
1374 845 1452 884 Λέγω
1474 845 1585 885 Πατέρα
1601 846 1722 885 πρῶτον,
1743 846 1772 874 οὖ
1784 847 1821 883 τῇ

1044 883 1116 918 τάξει
1130 886 1235 924 πρῶτον
1244 907 1252 921 ,
1269 883 1339 914 ἀλλὰ
1351 887 1384 923 τῇ
1399 883 1486 925 ἐννοίᾳ
1494 907 1503 921 ,
1524 884 1615 920 ἐπειδὴ
1627 884 1762 924 γεννήτωρ
1773 887 1819 913 τοῦ

1045 924 1217 963 Μονογενοῦς,
1236 923 1326 959 ἐπειδὴ
1339 926 1357 959 ἡ
1372 923 1430 963 ῥίζα
1443 927 1490 952 τοῦ
1503 924 1577 963 ἁγίου
1590 926 1693 964 καρποῦ
1703 946 1711 961 ,
1727 922 1818 958 ἐπειδὴ

1045 964 1099 1003 φῶς
1118 963 1201 993 ἀΐδιον
1214 964 1299 1004 φωτὸς
1311 963 1439 1002 γέννημα.
1454 958 1532 1004 Ἆρα,
1553 963 1649 1004 ἀδελφέ
1663 975 1730 1002 μου,
1743 962 1768 992 εἴ
1780 975 1820 995 τις

1043 1003 1097 1039 τῶν
1111 1005 1170 1033 καθ’
1186 1004 1259 1042 ἡμᾶς
1273 1003 1430 1043 ἐπεχείρησε
1445 1003 1560 1043 σήμερον
1573 1004 1601 1032 ἐν
1615 1002 1764 1042 Ἐκκλησία
1773 1025 1780 1038 ,
1793 1004 1820 1031 ἐν

1045 1042 1102 1072 λαῶ
1128 1042 1255 1083 ὀρθοδόξῳ
1266 1044 1321 1078 ,Ἰν
1345 1043 1404 1072 λαῶ
1417 1042 1596 1083 πεπληρωμέν
1637 1042 1724 1079 πάσης
1742 1043 1821 1081 ὀρθῆς

1045 1072 1166 1121 γνῶσεως
1187 1082 1316 1122 προτάξαι
1328 1082 1373 1112 τὸν
1388 1071 1452 1111 Ϋῐὸν
1463 1085 1508 1111 τοῦ
1529 1054 1649 1133 Παῷς,
1673 1083 1721 1111 οὐκ
1740 1082 1821 1111 ἐὸλα-

1045 1126 1177 1161 σφημεῖτο
1183 1123 1247 1162 παρ’
1254 1123 1340 1151 αὐτῶν
1347 1123 1400 1150 τῶν
1410 1121 1568 1161 ὀρθοδόξων;
1588 1123 1647 1161 Αρα
1656 1121 1682 1150 εἴ
1693 1133 1733 1154 τις
1745 1121 1820 1150 ἐτόλ-

1046 1163 1227 1236 ῖέεΐῆῗῐῗ
1239 1160 1823 1234 ³:53sr‘25221222235w221

1047 1301 1115 1356 τὴρζ
1137 1291 1318 1368 οὗρασύγᾼυςσιν
1339 1291 1485 1356 ἐνάμίζετος
1495 1290 1718 1358 {gago-02:121
1732 1290 1822 1357 παρέ-

1048 1357 1148 1386 ὅαίνειν
1161 1356 1210 1392 τὴν
1224 1357 1311 1392 ταξιν;
1325 1357 1403 1386 Ἀλλὰ
1417 1360 1502 1386 ταῦτα
1515 1357 1598 1390 οὕτως
1611 1357 1735 1395 ἐνομίσθη
1750 1356 1823 1396 παρὰ

1048 1396 1183 1435 ἀγνώμοσι
1204 1400 1321 1436 κριταῖς·
1336 1396 1411 1436 παρὰ
1429 1396 1457 1425 δὲ
1472 1396 1581 1432 ἀληθεία
1595 1395 1738 1431 δικαζούση
1749 1418 1757 1433 ,
1778 1396 1823 1426 καὶ

1049 1436 1211 1475 ἀποστολικῇ
1226 1436 1307 1475 ψήφῳ
1320 1435 1368 1471 τὴν
1381 1435 1457 1470 νίκην
1497 1427 1592 1475 ερούοῖῖ1
1602 1456 1610 1470 ,
1624 1428 1730 1475 ιὶδιιιίφοΙ
1752 1447 1765 1464 ν
1779 1435 1825 1464 καὶ

1048 1477 1104 1504 υἱοῦ
1118 1477 1223 1514 πρῶτον
1243 1477 1391 1514 μνησθῆναι
1414 1475 1460 1504 καὶ
1510 1475 1587 1514 ατρὸς
1600 1474 1645 1504 καὶ
1658 1476 1823 1513 Πνευματος.

1049 1514 1140 1543 Ἄκουε
1155 1514 1264 1544 Παύλου
1279 1517 1326 1543 τοῦ
1343 1513 1458 1554 μεγάλου
1472 1514 1586 1554 κήρυκος
1598 1515 1824 1543 &sudomenos

1047 1553 1208 1593 ’γράφοντος
1216 1574 1224 1588 ,
1243 1553 1270 1587 ὃς
1290 1553 1363 1592 λέγει
1373 1565 1380 1572 ·
1405 1553 1489 1587 Αὐτὸς
1503 1554 1530 1583 δὲ
1542 1556 1556 1583 ὃ
1567 1552 1663 1592 Κύριος
1675 1555 1753 1592 ἡμῶν
1766 1554 1824 1589 Ἰη-

1049 1596 1109 1626 σοῦς
1128 1595 1142 1622 ὃ
1160 1593 1287 1632 Χριστὸς,
1303 1593 1349 1622 καὶ
1371 1595 1386 1622 ὃ
1399 1593 1468 1626 Θεὸς
1481 1595 1496 1622 ὁ
1514 1592 1610 1632 Πατὴρ
1628 1594 1706 1630 ἡμῶν
1720 1592 1824 1632 ἇγιάσει

1049 1634 1128 1671 ὑμᾶς.
1150 1633 1262 1672 Πρῶτον
1275 1632 1339 1665 Υἱὸς
1348 1653 1357 1667 ,
1379 1632 1424 1662 καὶ
1432 1632 1571 1671 λαμπάδος
1585 1631 1662 1670 ἁγίας
1679 1633 1824 1672 πεπληρω-

1050 1672 1116 1710 μένη
1127 1672 1211 1711 ψυχή.
1225 1671 1290 1701 ’Ότι
1302 1673 1350 1701 οὔκ
1362 1672 1400 1701 ἔνι
1413 1670 1484 1706 τάξις
1493 1673 1522 1700 ἐν
1534 1674 1568 1711 τῇ
1579 1670 1642 1711 ἁγίᾳ
1655 1670 1732 1711 φύσει
1742 1683 1749 1690 ·
1765 1672 1824 1700 ἀλλ’

1049 1711 1114 1751 ὅπερ
1127 1712 1158 1740 ἂν
1171 1710 1296 1751 ι’πρῶτον
1310 1713 1357 1751 θῇς
1365 1733 1373 1747 ,
1394 1710 1522 1750 ὁμότιμον
1535 1715 1647 1740 νοεῖται·
1661 1710 1708 1740 καὶ
1719 1711 1751 1740 τὸ
1764 1710 1826 1739 δεύ-

1049 1762 1124 1790 τερον
1137 1752 1185 1780 οὐκ
1204 1752 1378 1780 ἐλαττοῦται·
1402 1751 1448 1780 καὶ
1463 1751 1496 1780 τὸ
1515 1749 1602 1790 τρίτον
1615 1751 1645 1779 οὐ
1678 1749 1826 1790 ὖὸρίζεται·

1051 1790 1199 1842 α’ξδιαφόρως
1210 1790 1333 1865 προφέρει
1343 1789 1377 1819 τὰ
1386 1789 1512 1840 ὀνόματα]
1521 1789 1612 1825 ἐπειδὴ
1622 1761 1676 1839 οἶδ-ε
1684 1789 1733 1840 τὴν
1743 1790 1821 1828 φύσιν

1051 1829 1629 1908 {533⁶}ssiniiaui'offssa‘ffii‘iziiss'g‘ssilc
1636 1830 1826 1908 Ξξῗᾶἶῖῗῗῖἒ

1052 1908 1121 1938 οὕτω
1133 1910 1272 1948 θεολογεῖν,
1284 1908 1301 1944 ἢ
1315 1908 1385 1937 οὕτω
1399 1908 1558 1946 δοξολογεῖν,
1572 1907 1590 1942 ἢ
1606 1908 1765 1947 προτάσσειν
1782 1908 1827 1936 τὸν

1053 1949 1116 1978 Υἱὸν
1131 1951 1177 1977 τοῦ
1192 1948 1312 1987 Πατρὸς,
1326 1949 1355 1977 οὗ
1366 1947 1454 1984 τάξει,
1470 1949 1505 1976 οὔ
1514 1946 1624 1986 δυνάμει
1633 1968 1641 1982 ,
1655 1946 1725 1976 ἀλλὰ
1735 1949 1768 1985 τῇ
1781 1946 1828 1975 λε’-

1052 1987 1102 2021 ξει.
1121 1987 1174 2016 Διὰ
1186 1987 1210 2016 τί
1225 1989 1329 2026 πρῶτον
1342 1987 1408 2016 Υἱοῦ
1420 1986 1551 2025 ἐμνήσθη,
1566 1986 1611 2015 καὶ
1624 1986 1692 2015 οὕτω
1703 1985 1808 2024 Πατρός
1820 1998 1828 2022 ;

1053 2026 1163 2066 Λεγέτω
1181 2028 1288 2060 Παῦλος
1301 2028 1387 2065 ἑαυτῷ
1402 2027 1554 2065 συνηγορῶν
1563 2047 1572 2061 ,
1587 2025 1633 2054 καὶ
1644 2025 1692 2061 τὴν
1711 2026 1827 2059 Ἐκκλη-

1054 2066 1113 2095 σίαν
1126 2066 1272 2100 παιδεύων,
1284 2065 1356 2095 οὐδὲν
1371 2065 1398 2099 ἐξ
1416 2066 1530 2104 ἐμαυτοῦ
1545 2063 1701 2104 φθέγγομαι,
1713 2065 1827 2104 Χριστὸς

1055 2107 1088 2134 δι’
1105 2108 1168 2144 ἐμοῦ
1180 2105 1213 2135 τὰ
1223 2105 1343 2144 δόγματα
1361 2104 1533 2144 ὑπαγορεύει,
1545 2104 1629 2142 λέγων
1641 2116 1647 2122 ·
1663 2105 1697 2133 Εἰ
1715 2103 1827 2142 δοκιμὴν

1056 2147 1158 2181 ζητεῖτε
1176 2147 1222 2174 τοῦ
1236 2146 1263 2173 ἐν
1277 2144 1337 2183 ἐμοὶ
1349 2145 1490 2177 λαλοῦντος
1509 2145 1646 2184 Χριστοῦς
1659 2143 1694 2172 ‘O
1714 2143 1829 2183 Χριστὸς

1055 2186 1130 2214 λαλεῖ
1144 2185 1177 2213 δι’
1190 2186 1266 2223 ἐμοῦ,
1280 2183 1317 2222 μὴ
1330 2183 1471 2223 κατηγόρει
1487 2185 1534 2218 τῆς
1548 2185 1635 2223 φωνῆς
1650 2184 1698 2217 τῆς
1712 2183 1828 2211 δεσποτι-

1055 2226 1115 2259 κῆς,
1126 2224 1162 2263 μὴ
1169 2223 1361 2262 ἐπιλαμὸάνου.
1375 2223 1444 2252 Ἀλλ’
1453 2225 1482 2252 οὐ
1489 2222 1552 2261 δύνῃ
1563 2224 1658 2257 νοῆσαι
1666 2222 1780 2261 Χριστὸν
1795 2222 1828 2250 δι’

1055 2265 1119 2302 ἐμοῦ
1129 2265 1275 2298 λαλοῦντα;
1287 2262 1380 2292 Ἄκουε
1391 2264 1470 2292 αὐτοῦ
1483 2264 1589 2302 γυμνῶς
1602 2262 1635 2290 δι’
1645 2264 1738 2291 ἑαυτοῦ
1751 2264 1830 2300 φθεγ-

1055 2303 1176 2342 γομένου.
1188 2303 1222 2331 Εἰ
1235 2302 1286 2342 γὰρ
1297 2302 1369 2336 τάξει
1381 2302 1503 2331 ὑπέκειτο
1518 2301 1550 2330 τὰ
1563 2300 1681 2339 ὀνόματα
1690 2302 1738 2335 τῆς
1752 2299 1828 2339 ἁγίας

1057 2344 1082 2372 Τ
1085 2342 1169 2382 ριάδος
1179 2363 1187 2377 ,
1205 2341 1291 2372 καὶτὸ
1306 2342 1353 2380 μὲν
1364 2344 1470 2382 πρῶτον
1483 2340 1623 2380 λεγόμενον
1635 2351 1656 2368 π
1675 2341 1739 2368 “”’τον
1750 2334 1782 2374 ἧν
1794 2342 1827 2374 τῆ

1057 2381 1233 2433 δυνάμει,’τὸ
1247 2381 1406 2432 δὲωδξύτερον
1430 2380 1549 2432 δεύτερον
1565 2382 1599 2419 τῇ
1617 2352 1710 2414 τάξι),
1735 2378 1780 2428 καὶ.
1797 2372 1829 2428 ἐὖ

1057 2422 1452 2500 Ξίζῖἔζιὶῗῖοέυἷέχῖἶαέἆᾞζ
1459 2419 1586 2494 affici}
1596 2417 1827 2497 ssass'ss'fffflss

1071 2549 1102 2573 ad
1117 2550 1214 2574 seriem.
