1890 2826
50 1574 168 1605 Quorum-

24 1606 171 1628 damincom-

26 1639 91 1664 positi
132 1645 168 1666 ge-

25 1675 71 1690 stus
89 1670 112 1690 in
132 1676 168 1690 ec-

25 1701 100 1722 clesia.

192 193 257 215 112

186 261 279 294 terque
297 255 408 295 exigunt
425 256 460 285 ab
479 256 519 286 eis
538 262 566 285 ut
581 262 732 286 serventur.
748 257 837 295 Atque
858 254 931 284 hunc

186 312 336 331 sermonem
364 302 551 343 producimus,
571 313 604 332 ne
625 309 782 342 praesentem
809 301 930 332 laborem

184 348 285 378 frustra
300 349 477 387 insumamus,
493 359 526 378 ne
537 349 696 378 sustinentes
703 348 804 388 vigiliae
816 348 931 378 necessi--

185 402 266 425 tatem
284 396 417 426 inutiliter
433 396 462 425 in
479 395 605 436 pugilum
621 394 765 425 certamine
777 404 927 431 versemur,

185 453 218 473 ne
229 453 308 473 voces
327 443 356 472 in
376 453 465 472 aerem
482 442 620 471 dissolutae
633 441 669 471 ad
681 441 870 472 detrimentum
883 452 928 472 so-

184 497 247 520 nent
260 490 361 530 pofius,
374 500 455 528 quam
469 488 504 518 ad
522 488 641 518 lucrum.
656 489 751 528 Neque
760 488 832 518 enim
845 499 927 529 nego-

184 535 263 564 tiator
273 545 288 564 e
300 534 447 573 longinquo
458 543 559 563 merces
571 533 730 573 importans,
744 533 927 564 vehementem

183 588 324 611 ventorum
334 580 472 610 incursum
482 578 671 618 undarumque
679 579 807 609 exorienti
812 590 855 609 um
867 590 927 620 pro-

183 627 264 657 cellas
286 626 436 663 sustinens,
459 626 558 655 frustra
576 632 603 655 et
624 625 759 655 incassum
779 625 926 666 susciperet

536 192 566 215 S.
593 191 732 215 JoANMS
757 190 940 215 CHRYSOST·
968 190 1121 214 anctum).
1151 191 1413 217 CONS'rANTtNOP.

982 253 1104 294 τήρησιν.
1125 255 1179 286 Καὶ
1192 258 1284 287 τοῦτον
1299 256 1469 297 προτείνομεν
1481 257 1526 288 τὸν
1539 258 1626 298 λόγον,
1644 258 1687 288 ἵνα
1712 259 1749 298 μὴ

983 301 1070 340 μάτην
1093 302 1137 332 τὸν
1155 303 1268 332 ἐνταῦθα
1285 303 1514 343 καταὸαλλώμεθα
1534 305 1626 342 πόνον,
1649 305 1692 334 ἵνα
1713 305 1750 344 μὴ

980 346 1028 383 τὴν
1042 349 1090 384 τῆς
1112 348 1255 388 ἀγρυπνίας
1274 349 1447 388 ὑπομένοντες
1466 350 1598 390 ἀνάγκην,
1619 351 1752 387 ἀνονήτοις

979 393 1164 433 πυκτεύωμεν,
1178 394 1221 424 ἵνα
1242 394 1279 434 μὴ
1300 397 1337 430 εἷς
1355 395 1421 436 ἀέρα
1444 397 1613 437 διαλυόμεναι
1626 399 1654 428 αἱ
1668 397 1752 439 φωναὶ

979 439 1023 469 ἐπὶ
1047 441 1130 481 ζημίᾳ
1150 442 1252 480 μᾶλλον
1270 443 1425 482 ,ἐνηχοῖντο,
1448 443 1494 473 καὶ
1517 445 1565 474 οὒκ
1584 444 1629 474 ἐπὶ
1656 445 1751 484 κέρδει.

978 485 1049 516 Οὐδὲ
1061 486 1113 527 γὰρ
1127 487 1240 526 ἔμπορος
1252 487 1356 528 μακρὰς
1365 487 1413 527 μὲν
1424 489 1552 530 ἐμπορίας
1567 490 1750 529 στελλόμενος,

977 532 1079 569 πολλὴν
1093 533 1121 563 δὲ
1131 533 1181 570 τὴν
1192 536 1244 564 τῶν
1259 534 1416 574 πνευμάτων
1436 536 1552 575 ἔμὸολὴν
1570 537 1615 566 καὶ
1635 537 1684 574 τὴν
1697 538 1750 566 τῶν

978 578 1103 618 κυμάτων
1117 579 1296 610 ἐπανάστασιν
1306 580 1453 620 ὑπομένων,
1463 582 1632 617 καταδέξοιτο
1646 583 1677 612 ἂν
1691 585 1749 623 εἰκῇ

977 623 1022 653 καὶ
1037 624 1124 663 μάτην
1143 625 1203 659 τοὺς
1218 626 1350 660 τοιούτους
1364 627 1504 666 ὑπομένειν
1524 628 1535 646 ¹
1541 629 1637 663 κόπους
1650 641 1657 648 ·
1680 629 1749 658 ἀλλὰ

182 672 315 714 ejusmodi
340 672 446 702 labores
457 684 463 701 :
476 682 570 701 verum
591 670 653 700 ideo
676 670 760 701 maria
782 671 878 709 sulcat,
899 679 926 701 et
940 674 959 698 E
977 669 1020 700 διὰ
1034 673 1114 700 τοῦτο
1125 671 1170 701 καὶ
1183 672 1287 712 πελάγη
1299 672 1407 712 τέμνει,
1420 673 1466 703 καὶ
1477 674 1602 704 κινδύνων
1617 676 1749 705 κατατολ-

181 719 273 750 audax.
293 726 332 749 est
345 719 476 750 adversus
494 718 626 758 pericula,
641 717 753 757 locaque
772 717 838 748 locis
849 729 925 748 com-

180 772 277 803 mutat,
289 772 410 804 totasque
425 771 514 793 noctes
536 763 612 793 ducit
633 764 777 801 insomnes,
793 771 823 794 ut
842 774 924 804 nego-

976 722 1032 756 μᾷ,
1057 717 1101 746 καὶ
1122 717 1217 751 τόπους
1234 719 1265 748 ἐκ
1285 718 1375 748 τόπων
1388 719 1543 758 μεταμείὸει
1555 743 1563 756 ,
1577 721 1622 750 καὶ
1637 720 1750 754 ἀΰπνους

973 762 1060 797 πάσας
1083 764 1197 793 διατελεῖ
1217 764 1327 800 νύκτας,
1341 764 1384 794 ἵνα
1405 765 1439 795 τὰ
1460 767 1508 801 τῆς
1528 766 1656 806 ἐμπορίας
1677 768 1750 807 αὐτῷ

180 813 290 843 tiatione
302 812 425 842 ditescat.
441 810 524 848 Quod
537 811 561 840 si
575 821 629 840 non
641 810 789 850 contingat,
801 810 848 841 sed
861 822 923 841 eum
936 830 960 850 97
974 809 1116 849 πλεονάζῃ.
1132 810 1180 844 Ὡς
1199 810 1225 840 εἴ
1245 823 1275 850 γε
1293 815 1371 841 τοῦτο
1389 811 1427 851 μὴ
1441 814 1543 852 προσῇ,
1562 812 1631 842 ἀλλὰ
1650 812 1696 842 σὺν
1711 816 1750 853 τῷ

179 860 256 889 lucro
278 859 359 889 etiam
382 858 462 888 sortis
481 857 615 898 jacturam
639 857 735 895 faciat,
761 868 795 887 ne
818 858 924 889 solvere
938 859 956 881 Α
974 854 1060 894 κέρδει
1074 856 1119 885 καὶ
1133 859 1150 893 ἡ
1165 859 1217 887 τῶν
1231 857 1382 898 κεφαλαίων
1399 859 1471 898 αὐτῷ
1485 859 1638 898 ἐπιγένηται
1651 858 1749 898 ζημία,

178 906 287 945 quidem
308 915 433 935 ancoram
457 903 565 944 poterit,
583 914 631 934 nec
657 903 704 933 illa
718 904 792 935 varia
807 905 923 945 perferre

177 952 343 982 discrimina.

217 1000 248 1028 2.
271 999 328 1028 Hoc
349 998 439 1037 itaque
460 996 582 1034 scientes,
595 1007 659 1026 cum
674 996 784 1026 decente
803 996 921 1026 eircum-

177 1045 312 1085 spectione
329 1045 383 1075 huc
400 1043 573 1080 accedamus,
588 1054 622 1072 ne
636 1054 684 1084 pro
695 1050 865 1083 peccatorum
877 1054 921 1074 re-

177 1092 304 1122 missione
325 1092 406 1122 etiam
426 1090 601 1120 accessionem
624 1090 739 1130 peccatis
765 1089 919 1130 adjunctam

176 1139 288 1168 domum
302 1139 458 1169 reseramus.
475 1137 550 1175 Quid
575 1143 664 1166 autem
689 1143 729 1166 est
748 1136 822 1176 quod
844 1147 922 1176 qute-

175 1187 256 1224 ritur,
272 1185 399 1225 quodque
415 1196 431 1214 a
452 1184 529 1214 nobis
550 1184 720 1224 reposcitur?
732 1185 770 1214 Ut
787 1184 855 1214 dum
873 1184 920 1214 di-

974 900 1033 931 οὐδὲ
1053 902 1175 943 ἀπαίρειν
1195 902 1294 937 ἔξεστιν
1311 905 1382 943 αὐτῷ
1394 926 1402 940 ,
1417 904 1477 934 οὐδὲ
1491 904 1551 938 τοὺς
1567 905 1750 939 πολυπλόκους

973 946 1086 982 ἐκείνους
1099 948 1237 988 ὑπομένειν
1253 949 1399 983 κινδύνους.

1012 996 1100 1024 Τοῦτο
1112 995 1198 1025 τοίνυν
1212 995 1318 1032 εἰδότες,
1331 996 1398 1035 μετὰ
1410 998 1458 1032 τῆς
1470 997 1658 1036 προσηκούσης
1671 998 1749 1027 εὐλα-

973 1041 1045 1075 ὅείας
1057 1042 1168 1071 ἐνταῦθα
1179 1041 1401 1082 παραγινώμεθα,
1415 1041 1485 1076 ὅπως
1497 1042 1535 1081 μὴ
1552 1042 1610 1072 ἀντὶ
1625 1043 1748 1083 ἁμαρτη-

973 1087 1063 1127 μάτων
1088 1087 1204 1128 ἀφέσεως
1238 1088 1392 1128 προσθήκην
1421 1089 1520 1118 τούτων
1555 1090 1747 1128 ποιησάμενοι,

971 1137 982 1150 “
992 1134 1082 1165 οἴκαδε
1095 1133 1295 1174 πορευσώμεθα.
1307 1134 1344 1164 Τί
1364 1135 1393 1164 δέ
1406 1136 1463 1164 ἐστι
1481 1134 1512 1164 τὸ
1533 1135 1690 1175 ζητούμενον
1702 1137 1748 1166 καὶ

971 1180 986 1211 ὃ
997 1183 1061 1221 παρ’
1076 1182 1154 1220 ἡμῶν
1169 1182 1337 1217 ἀπαιτεῖται;
1352 1181 1392 1210 Τὸ
1407 1181 1467 1215 τοὺς
1481 1181 1564 1215 θείους
1579 1182 1748 1222 ἀναπέμπον-

175 1232 253 1262 vinos
278 1233 393 1273 hymnos
414 1231 581 1267 emittimus,
605 1230 692 1259 multo
719 1236 834 1260 tremore
858 1241 921 1260 con-
969 1240 1016 1261 τας
1030 1227 1135 1267 ὕμνους,
1149 1226 1223 1267 φόὸῳ
1239 1228 1331 1266 πολλῷ
1353 1227 1595 1267 συνεσταλμένους,
1609 1229 1654 1258 καὶ
1668 1229 1748 1258 εὐλα-

176 1279 265 1316 tracti,
285 1278 423 1316 multaque
455 1276 585 1316 religione
613 1275 712 1313 ornati,
738 1275 775 1305 ita
810 1275 920 1306 demum
969 1273 1028 1314 ὅείᾳ
1041 1272 1274 1312 κεκοσμημένους,
1288 1273 1357 1302 οὕτω
1380 1272 1539 1314 προσφέρειν
1555 1273 1671 1308 τούτους.
1693 1275 1747 1304 Καὶ

176 1337 221 1355 eos
240 1325 395 1355 offeramus.
406 1324 476 1354 Nam
502 1329 565 1352 sunt
585 1321 696 1361 quidam
720 1321 791 1351 inter
814 1332 859 1352 eos
872 1323 920 1362 qui
935 1324 952 1348 B
968 1319 1020 1360 γάρ
1040 1319 1092 1349 εἶσί
1114 1331 1182 1352 τινες
1204 1320 1257 1348 τῶν
1272 1321 1400 1356 ἐνταῦθα,
1416 1318 1460 1353 οὓς
1474 1319 1534 1349 οὖδὲ
1555 1319 1604 1356 τὴν
1617 1319 1747 1361 ὑμετέραν

175 1372 223 1402 hic
245 1371 354 1408 adsunt,
376 1381 445 1410 quos
467 1380 500 1399 ne
513 1376 608 1399 vestrae
630 1367 740 1407 quidem
760 1368 865 1398 caritati
878 1380 921 1399 ar·
967 1365 1074 1405 ἀγάπην
1096 1366 1198 1404 ἀγνοεῖν
1219 1360 1307 1404 οἶμαι,
1332 1365 1424 1399 οἵτινες
1448 1368 1670 1406 καταφρονοῦντες
1693 1366 1743 1406 μὲν

176 1419 262 1449 bitror
281 1430 337 1449 esse
351 1419 466 1459 ignotos,
487 1416 534 1456 qui
557 1423 754 1453 contemnentes
777 1417 877 1455 Deum,
890 1427 921 1447 ac
968 1415 1014 1442 τοῦ
1037 1413 1125 1446 Θεοῦ,
1150 1410 1185 1440 τὰ
1211 1411 1240 1441 δὲ
1263 1414 1310 1441 τοῦ
1333 1411 1490 1451 Πνεύματος
1516 1411 1594 1451 λόγια
1613 1414 1649 1446 ὡς
1673 1412 1748 1442 κοινὰ

176 1466 294 1506 Spiritus
303 1465 410 1505 eloquia
419 1475 468 1505 pro
477 1463 638 1504 vulgaribus
650 1474 680 1492 ac
691 1463 811 1503 profanis
821 1463 921 1493 duoen-
969 1457 1110 1498 ἡγούμενοι
1119 1480 1127 1494 ³
1143 1457 1230 1498 φωνὰς
1245 1457 1373 1491 ἀτάκτους
1387 1459 1481 1498 ἀφῑᾶσι
1492 1480 1500 1494 ,
1516 1457 1561 1487 καὶ
1579 1461 1633 1488 τῶν
1653 1470 1747 1497 μαινο-

177 1520 227 1550 tes,
246 1512 435 1553 incompositas
452 1521 531 1541 voces
552 1509 694 1546 emittunt,
711 1509 851 1548 nihiloque
861 1521 920 1539 me·
969 1505 1054 1543 μένων
1068 1504 1142 1533 οὐδὲν
1157 1503 1263 1543 ἄμεινον
1282 1503 1445 1540 διάκεινται,
1461 1504 1515 1544 ὅλῳ
1528 1505 1566 1544 τῷ
1580 1503 1686 1543 σώματι
1701 1505 1746 1533 δο-

179 1560 232 1589 lius
243 1570 271 1589 se
290 1565 397 1599 gerunt,
408 1568 489 1597 quam
507 1556 656 1597 lymphati,
671 1562 726 1586 toto
745 1566 859 1596 corpore
874 1563 921 1586 tu-
968 1550 1088 1589 voofftsvot
1100 1549 1146 1579 zat
1159 1548 1375 1589 περῑφὲρόμενῠῑ,
1390 1549 1436 1578 καὶ
1452 1550 1579 1589 ἀλλότρια
1597 1551 1645 1584 τῆς
1664 1561 1747 1579 πνευ-

180 1607 343 1636 multuantes
352 1615 382 1634 ae
395 1603 562 1639 circumacti,
575 1612 715 1640 moresque
725 1612 781 1641 prae
795 1613 823 1631 se
835 1603 921 1632 teren-

179 1659 218 1682 tes
227 1663 241 1681 a
256 1650 394 1692 spirituali
410 1650 522 1678 statione
543 1648 656 1677 alienos.
669 1649 755 1677 Miser
767 1654 793 1677 et
806 1648 920 1678 infelix!

177 1699 318 1740 oportebat
328 1705 353 1727 te
367 1707 429 1726 cum
444 1703 558 1725 tremore
571 1705 601 1724 ac
616 1694 762 1724 reverentia
774 1694 923 1734 angelicam

179 1745 401 1785 glorificationem
421 1742 551 1779 emittere,
567 1751 682 1780 cumque
703 1747 804 1770 terrore
817 1741 923 1771 conses-

180 1793 282 1822 sionem
300 1791 412 1821 reddere
430 1787 586 1824 Conditori,
606 1798 637 1817 ac
659 1798 707 1828 per
726 1788 795 1817 hanc
814 1787 925 1818 delicto·

970 1599 1084 1635 ματικῆς
1103 1595 1292 1628 καταστάσεως
1308 1595 1517 1635 ἐπιδεικνύμενοι
1533 1595 1567 1625 τὰ
1581 1595 1644 1632 ἤθη.
1659 1595 1747 1626 Ἄθλιε

969 1642 1015 1671 καὶ
1031 1641 1198 1681 ταλαίπωρε,
1213 1639 1271 1670 δέον
1294 1653 1324 1670 σε
1339 1641 1475 1671 δεδοικότα
1489 1641 1535 1671 καὶ
1554 1641 1685 1682 τρέμοντα
1698 1642 1747 1678 τὴν

970 1686 1112 1727 ἀγγελικὴν
1125 1686 1274 1727 δοξολογίαν
1289 1686 1446 1726 ἐκπέμπειν,
1459 1686 1532 1727 φόὸῳ
1547 1697 1577 1717 τε
1592 1687 1641 1724 τὴν
1655 1687 1747 1728 ἐξομο-

969 1733 1079 1772 λόγησιν
1091 1735 1129 1774 τῷ
1140 1732 1235 1773 κτίστῃ
1248 1736 1389 1767 ποιεῖσθαι,
1399 1733 1445 1763 καὶ
1457 1733 1501 1762 διὰ
1513 1733 1613 1770 ταύτης
1627 1734 1748 1774 συγγνώ-

972 1791 1024 1819 μην
1038 1781 1090 1809 τῶν
1105 1779 1288 1819 ἐπταισμένων
1301 1781 1432 1809 αἰτεῖσθαι
1441 1791 1447 1798 ·
1461 1775 1493 1810 σὺ
1509 1781 1539 1810 δὲ
1552 1780 1586 1809 τὰ
1601 1780 1690 1820 μίμων
1701 1781 1748 1810 καὶ

180 1851 242 1869 rum
273 1838 380 1868 veniam
415 1835 570 1877 postulare:
582 1842 611 1864 tu
635 1845 699 1864 vero
730 1834 875 1863 mimorum
897 1841 924 1864 et
938 1834 956 1857 C
973 1827 1113 1866 ὀρχηστῶν
1127 1825 1410 1866 ἐνταῦθαὴπαράγεῑςν
1425 1825 1546 1860 ἀτάκτως
1559 1826 1608 1866 μὲν
1627 1823 1675 1861 ’ἑὰς
1694 1831 1750 1867 χεῖ·

178 1888 334 1918 saltatorum
358 1893 446 1913 mores
467 1882 523 1911 huc
544 1880 661 1917 inducis,
685 1880 752 1909 dum
772 1880 924 1910 indecenter

178 1943 273 1963 manus
281 1932 377 1971 jactas,
388 1928 504 1969 pedibus
517 1926 664 1962 subsultas‚
683 1933 792 1964 totoque
805 1926 923 1955 circum-

178 1979 265 2019 ageris
280 1987 401 2016 corpore.
423 1975 460 2004 Et
476 1973 524 2012 qui
539 1973 579 2008 fit,
591 1979 620 2001 ut
637 1982 691 2001 non
710 1978 823 2007 metuas,
837 1982 923 2010 neque

179 2027 315 2054 horrescas
328 2023 385 2051 haec
396 2019 497 2050 audeus
510 2018 641 2048 adversus
653 2017 716 2047 talia
730 2017 850 2056 eloquia?
862 2018 923 2047 Non

179 2071 279 2111 cogitas
297 2069 387 2108 ipsum
405 2066 450 2095 bic
467 2064 641 2094 invisibiliter
657 2062 750 2092 adesse
762 2063 920 2101 Dominum,

178 2118 224 2157 qui
239 2114 450 2154 uniuscujusque
463 2117 566 2140 motum
583 2109 704 2145 metitur,
717 2115 743 2138 et
756 2109 923 2138 conscientiae

179 2165 307 2196 rationem
315 2161 414 2192 habet?
424 2171 475 2190 non
484 2158 584 2198 cogitas
593 2157 701 2197 angelos
711 2157 775 2186 huic
785 2156 923 2197 stupendae

179 2212 300 2241 assistere
313 2217 421 2243 mensae,
435 2215 550 2244 eumque
570 2203 716 2233 reverentia
727 2202 796 2231 hane
809 2202 923 2231 circum-

180 2256 301 2288 vallare?
319 2256 423 2285 Verum
439 2259 470 2281 tu
485 2252 534 2280 ista
550 2260 604 2279 non
621 2249 733 2289 cogita5‚
751 2248 878 2287 quoniam
892 2259 922 2277 ea

974 1884 1020 1912 ρας
1037 1872 1235 1909 ἐπανατείνων,
1255 1871 1367 1905 καὶτοῖς
1389 1872 1467 1901 ποσὶν
1487 1872 1682 1912 ἐφαλλόμενος,
1702 1873 1749 1903 καὶ

972 1917 1026 1957 ὅλῳ
1038 1916 1236 1956 περικλώμενος
1246 1919 1284 1956 τῷ
1302 1916 1416 1956 σώματι.
1431 1917 1485 1947 Καὶ
1498 1920 1556 1951 πῶς
1569 1919 1598 1948 οὗ
1612 1918 1747 1955 δέδοικας,

972 1963 1031 1992 οὐδὲ
1046 1963 1161 2003 φρίττεις
1179 1962 1303 1991 τοιούτων
1317 1964 1492 2002 κατατολμῶν
1505 1963 1619 2003 λογίων,
1634 1965 1693 1995 Οὔκ
1705 1966 1747 1995 ἔν-

971 2013 1051 2045 νοεῖς,
1065 2008 1106 2038 ὅτι
1124 2008 1202 2042 αὖτὸς
1215 2008 1333 2048 ἀοράτως
1346 2010 1458 2038 ἐνταῦθα
1471 2009 1598 2050 πάρεστιν
1613 2012 1627 2040 ὁ
1641 2011 1747 2040 Δεσπό-

971 2066 1032 2091 της,
1053 2054 1098 2084 καὶ
1116 2053 1228 2083 ἑκάστου
1250 2053 1318 2090 ιτὴν
1339 2053 1443 2090 κίνησιν
1465 2056 1626 2096 ἄναμετρεῑ,
1649 2056 1694 2087 καὶ
1716 2056 1747 2086 τὸ

972 2100 1086 2133 συνειδὸς
1095 2099 1228 2136 ’ἐξετάζεις
1250 2101 1298 2129 οὐκ
1315 2101 1426 2137 ἐννοεῖς,
1440 2100 1481 2130 ὅτι
1494 2101 1601 2141 ἄγγελοι
1613 2102 1698 2142 ταύτῃ
1712 2105 1747 2142 τῇ

973 2149 1069 2187 φρικτῇ
1083 2146 1260 2186 παρίστανται
1272 2146 1389 2186 τραπέζῃ
1399 2169 1407 2184 ,
1422 2146 1467 2176 καὶ
1478 2147 1552 2187 φόὸῳ
1564 2147 1663 2184 ταύτην
1675 2161 1747 2189 περι-

974 2194 1101 2231 έπουσιν,
1117 2191 1197 2221 Ἀλλὰ
1219 2191 1250 2221 σὺ
1271 2194 1357 2221 ταῦτα
1379 2193 1410 2221 οὐ
1424 2198 1575 2229 κατανοεῖς,
1590 2194 1681 2231 ἐπειδὴ
1696 2194 1748 2224 ὑπὸ

973 2246 1026 2273 τῶν
1039 2244 1066 2272 ἐν
1079 2246 1133 2275 τοῖς
1154 2241 1271 2282 θεάτροις
1293 2241 1468 2281 ἀκουσμάτων
1488 2255 1518 2272 τε
1538 2244 1584 2273 καὶ
1606 2245 1747 2284 θεαμάτων

181 2314 241 2344 quae
265 2302 293 2332 in
318 2299 428 2330 theatris
449 2297 613 2332 audiuntur,
625 2305 738 2335 qumque
759 2301 921 2334 spectantur,
939 2301 958 2324 n
974 2293 1019 2323 τὸν
1040 2296 1099 2322 νοῦν
1113 2291 1356 2329 ιισυνεσκοτίσθης,
1374 2292 1420 2322 καὶ
1444 2293 1488 2323 διὰ
1508 2297 1586 2324 τοῦτο
1606 2295 1641 2324 τὰ
1662 2297 1748 2325 ἐκεῖσε

215 2400 226 2419 f
243 2395 291 2422 Alii
305 2400 393 2422 κόπους.
410 2397 457 2421 πῶς
469 2394 526 2425 γάρ,
536 2392 559 2418 ὃς
577 2391 613 2415 διὰ
622 2390 697 2414 τοῦτο.
717 2384 795 2411 Paulo
814 2390 871 2418 post.
886 2383 938 2410 duo

180 2440 238 2464 Mas.
252 2442 340 2465 ἄϋπνος.
353 2432 424 2459 Editi
431 2429 648 2461 ἀὺπνουςᾙιηιψιο
660 2426 735 2451 lectio
743 2424 860 2459 quadrat.
867 2425 939 2450 Unus

181 2477 276 2503 ibidem
289 2480 383 2502 ἀΰπνους
396 2474 481 2500 πολλὰς
495 2471 600 2496 διατελεῖ·
615 2465 692 2491 Paulo
710 2470 768 2497 post
788 2463 891 2498 quidam
910 2467 939 2494 ὡς

183 2522 227 2549 εἴγε
244 2520 311 2542 τοῦτο
327 2518 361 2547 μὴ
381 2514 463 2546 συμδῇ.
484 2507 555 2535 Infra
574 2515 639 2532 unus
660 2508 709 2532 οὐδὲ
727 2509 831 2540 ἀπαίρειν
852 2508 939 2535 ἔξεο-ται

183 2560 259 2583 λοιπὸν
268 2557 345 2581 αὐτοῦ.

215 2602 225 2614 a
243 2593 310 2618 Alius
326 2592 400 2618 οἴκαδε
418 2590 584 2619 ἐπανέλθωμεν.
598 2589 619 2612 τί
636 2586 672 2612 οὖν
691 2588 737 2610 ἐστι
750 2588 775 2610 τὸ
793 2588 843 2615 ςητ.
864 2581 941 2607 Paulo

181 2639 239 2667 post
250 2632 291 2658 alii
304 2634 360 2658 οὕτω
374 2634 491 2664 προφέρειν
499 2629 597 2654 rebron-

1020 2385 1034 2404 Β
1052 2385 1123 2409 Unus
1141 2388 1241 2416 εἰσάγεις.
1256 2383 1323 2409 Atius
1334 2389 1491 2420 mpmokyus,
1503 2394 1559 2419 quae
1568 2392 1696 2419 postrema
1712 2385 1748 2412 le-

987 2424 1039 2449 etio
1051 2432 1102 2448 nou
1116 2421 1256 2456 spernenda
1267 2422 1374 2448 videtur.

1020 2470 1031 2482 e
1049 2461 1117 2487 Alius
1129 2467 1170 2492 τὴν
1181 2466 1263 2491 κὶνησιν
1279 2464 1411 2497 &napaei-psi,
1425 2467 1462 2490 καὶ
1474 2468 1501 2490 τὸ
1513 2467 1607 2494 συνειδὸς
1622 2468 1746 2498 lowen-21.

1021 2501 1035 2520 d
1052 2499 1099 2525 Alii
1112 2504 1248 2530 ἐσκοτίσθης.
1261 2499 1310 2525 nic
1317 2502 1429 2534 exagitat
1439 2510 1482 2527 eos
1493 2504 1536 2535 qui
1546 2502 1644 2528 theatra
1655 2510 1681 2529 et
1691 2505 1748 2530 Cir-

988 2548 1046 2565 cum
1058 2538 1253 2572 frequentabant
1263 2551 1268 2565 :
1279 2538 1342 2564 bene
1352 2539 1425 2565 multi
1433 2547 1518 2566 autem
1528 2541 1667 2568 Antiochiae
1675 2549 1748 2568 erant.

989 2588 1052 2613 quos
1070 2584 1193 2611 perpetuo
1211 2579 1348 2604 insectatur
1370 2579 1574 2614 Cltrysostomus.
1591 2581 1670 2607 Paulo
1688 2589 1747 2615 post

991 2627 1053 2644 unus
1065 2624 1113 2647 ταῖς
1125 2623 1218 2651 ἀσήμοις
1230 2624 1318 2653 ιοωναῖς.
