1890 2826
123 1281 219 1305 nem-,5
227 1288 234 1303 ι
242 1287 249 1303 x
256 1297 261 1303 .

270 187 337 234 194

265 257 370 287 vadunt
394 257 480 287 multo
501 256 611 286 marinis
629 257 770 294 saeviores,
785 256 869 287 veluti
893 256 1011 298 procella

266 302 426 340 iracundiae,
440 314 500 342 quae
514 302 639 332 deorsum
650 313 698 333 cor
706 303 811 343 dejicit,
823 310 850 333 et
862 313 952 344 pravae
961 314 1010 332 cu-

602 196 630 219 S.
658 196 800 219 JoANMs
826 195 1010 219 cnRYsosT.
1040 195 1194 219 ARCHOEP.
1224 192 1494 222 CONSTANTINO'P.

1063 256 1202 296 πνεύματα
1215 258 1355 297 ἐπιθυμίας
1366 264 1484 300 πονηρᾶς
1497 260 1599 297 πολλὴν
1607 263 1619 278 ⁶
1626 261 1787 301 ἐμποιῶντα
1799 263 1832 301 τῇ

1065 302 1166 342 διανοίᾳ
1185 303 1234 339 τὴν
1248 303 1386 344 σύγχυσιν.
1398 304 1469 335 Ἀλλ’
1483 307 1497 335 ὁ
1519 305 1566 345 μὲν
1583 306 1690 347 ἄπειρος
1702 306 1748 337 καὶ
1766 308 1834 346 ἀμε-

268 349 389 390 pidimis
412 349 501 385 venti,
516 349 563 388 qui
590 349 703 379 multam
728 349 846 379 excitant
869 350 897 379 in
923 356 1056 388 mentem
1065 348 1190 385 λε’·ι-ητος,
1204 350 1351 390 ἀρχομένου
1364 354 1410 380 τοῦ
1424 353 1556 392 χειμῗινος
1564 355 1612 388 τῆς
1623 354 1717 394 ὀργῆς,
1739 352 1833 386 εὐθέως

266 395 509 425 conturbationem.
526 397 612 434 Atque
627 395 650 424 is
667 395 776 434 quidem
791 395 839 435 qui
857 395 1013 436 inexpertus
1029 399 1049 420 Α
1065 394 1230 434 θορυὸεῖται,
1258 396 1431 436 ταράττεται,
1453 398 1600 436 κλονεῖται,
1620 405 1733 440 περιορᾷ
1759 411 1835 439 γινο-

267 449 307 473 est
326 449 352 471 et
365 441 565 478 inexercitatus,
574 441 719 482 incipiente
732 441 778 472 irae
788 448 943 483 tempestate
951 452 1013 472 con-

267 490 344 520 tinuo
370 490 509 526 turbatur,
526 485 725 527 commovetur,
747 489 880 530 agitatur,
895 490 1014 520 animam

267 536 333 566 sinit
343 535 378 566 ab
391 536 532 566 affectibus
544 535 692 575 submeigi,
705 546 736 566 ae
747 535 918 575 nauh-agium
931 536 988 576 pati
1005 547 1011 564 :

268 582 316 622 qui
329 593 394 613 vero
406 589 533 622 expertus
545 588 571 611 et
584 581 745 612 exercitatus
757 589 797 612 est
806 581 842 612 ad
854 581 910 612 haec
924 582 1014 612 omnia

269 628 399 669 patienter
409 627 528 665 ferenda,
540 634 676 667 tamquam
686 628 892 667 gubernatorem
906 627 943 657 ad
957 627 1013 657 cla-

269 684 336 709 vum
350 673 496 711 sedentem,
511 674 548 704 ita
562 674 690 703 rationem
705 684 787 713 supra
799 673 1014 713 perturbationes

270 720 335 750 istas
346 719 470 756 collocat,
483 729 570 758 neque
582 719 658 759 prius
667 719 774 748 absistit
787 719 913 748 omnihus
922 725 1015 749 tenta·

269 766 316 804 tis,
328 777 409 805 quam
426 765 566 805 navigium
579 765 616 794 ad
638 764 818 804 tranquillum
837 765 1015 806 philosophia

270 820 380 852 portum
394 810 513 840 duxerit.
529 810 609 847 Quod
625 810 708 850 igitur
722 810 752 840 fit
766 811 793 840 in
808 811 889 847 mari,
903 818 929 841 et
942 811 1016 851 quod

1064 439 1147 478 μένην
1161 441 1322 481 ὓποὸρύχιον
1345 442 1395 479 τὴν
1418 444 1508 484 ψυχὴν
1529 444 1581 474 ὑπὸ
1593 447 1646 478 τῶν
1667 447 1771 482 παθῶν,
1788 445 1834 476 καὶ

1063 486 1186 526 ναυάγιον
1205 487 1388 526 ὑπομένουσαν
1397 500 1404 507 ·
1417 492 1432 519 ὁ
1448 490 1474 519 δὲ
1489 491 1614 532 ἔμπειρος
1625 491 1671 522 καὶ
1685 493 1837 531 μεμελετη-

1065 531 1118 565 κὼς
1131 531 1165 560 τὰ
1185 535 1294 562 τοιαῦτα
1308 534 1396 574 φέρειν
1417 536 1559 574 γενναίως,
1573 537 1694 577 καθάπερ
1706 537 1837 578 κυὸερνή-

1064 588 1113 614 ἰ-ην
1127 577 1171 606 ἐπὶ
1191 581 1244 607 τῶν
1265 578 1372 616 οἰάκων,
1385 580 1455 610 οὕτω
1466 581 1510 612 τὸν
1530 583 1658 623 λογισμὸν
1677 584 1767 614 ἐπάνω
1783 585 1837 614 τῶν

1065 624 1156 652 παθῶν
1170 622 1293 660 καθίσας,
1308 626 1337 655 οὗ
1346 625 1474 667 πρότερον
1488 628 1631 668 ἀφίσταται
1641 630 1730 660 πάντα
1742 633 1838 668 ποιῶν,

1066 666 1115 700 ἕως
1131 667 1163 698 ἂν
1178 669 1323 710 κατευθύνῃ
1337 670 1368 700 τὸ
1382 672 1481 712 σκάφος
1491 673 1557 715 πρὸς
1569 674 1614 705 τὸν
1627 675 1713 706 εὔδιον
1725 678 1773 712 τ’ἧς
1787 688 1833 715 φι-

1064 713 1189 754 λοσοφίας
1202 714 1306 754 λιμένα.
1320 715 1411 757 Ὅπερ
1429 714 1474 748 οὖν
1489 719 1534 750 ἐπὶ
1549 722 1597 757 τῆς
1610 722 1743 758 θαλάττης
1763 722 1836 762 γίνε-

1065 771 1124 797 ται,
1138 761 1183 790 καὶ
1195 760 1240 790 ἐπὶ
1254 763 1302 798 τῆς
1315 762 1430 798 διανοίας
1443 765 1585 804 συμὸαίνει
1594 788 1603 803 ,
1616 770 1695 798 τοῦτο
1706 769 1752 798 καὶ
1765 770 1793 799 ἐν
1804 771 1838 809 τῇ

1065 805 1190 845 ἐξηγήσει
1216 808 1270 836 τῶν
1291 807 1405 848 Γραφῶν
1419 811 1567 849 συμπίπτει
1578 824 1584 832 ·
1599 813 1703 853 ἀνάγκη
1722 815 1840 855 θορυόιῖ-

271 859 298 888 in
311 864 397 888 mente
410 857 519 894 accidit,
535 857 586 886 hoc
598 864 623 886 ct
635 857 663 886 in
675 857 840 898 expositione
861 858 1017 900 Scriptura·
1032 856 1051 881 Β
1067 854 1145 889 σθαι)
1159 852 1350 893 ταράττεσθαι,
1365 856 1471 887 ἐπειδὰν
1496 857 1642 899 ἷξέλθωμεν
1663 862 1700 895 εἰς
1714 861 1745 892 τὸ
1757 862 1840 892 πέλα-

270 916 333 934 rum
356 904 446 934 evenit
465 916 471 932 ε
494 904 657 934 commoveri
679 913 783 934 necesse
796 911 836 934 est
859 915 889 934 ac
902 905 1017 938 turbari.

271 959 414 993 postquam
433 952 462 981 in
483 951 595 991 pelagus
609 950 709 991 egressi
722 950 863 987 fuerimus,
877 962 930 982 non
943 950 1017 992 quod

270 997 444 1029 formidabile
458 997 493 1027 sit
507 997 629 1038 pelagia,
646 996 691 1026 sed
702 996 778 1035 quod
789 997 920 1038 inexperti
932 997 1018 1028 simus

272 1055 321 1075 nos
335 1044 381 1084 qui
395 1044 563 1083 navigamus.
575 1043 645 1073 Nam
658 1042 818 1079 orationem,
832 1054 892 1084 qnoe
905 1054 952 1073 sua
967 1054 1018 1072 na-

271 1099 333 1122 tura
354 1091 388 1121 sit
403 1090 500 1126 facilis,
513 1089 548 1119 ob
573 1089 736 1130 imperitiam
749 1090 905 1122 auditorum
917 1089 1018 1121 diffiei-

273 1139 326 1168 lem
348 1137 418 1174 fieri,
433 1137 550 1167 Paulum
572 1136 651 1166 vobis
668 1143 762 1167 testem
786 1138 930 1178 proferam.
946 1140 1016 1169 Cum

272 1184 345 1214 enim
368 1183 506 1214 Christum
520 1182 633 1212 dixisset
646 1183 802 1213 Pontificem
815 1184 900 1215 fuisse
919 1196 1017 1215 secun-

273 1229 340 1259 dum
365 1228 488 1259 ordinem
510 1227 701 1265 Melchisedec,
715 1229 934 1268 quaesivissetque
956 1231 1017 1270 quis

273 1275 453 1306 Melchisedec
465 1281 533 1304 esset
546 1274 660 1314 adjecit:
675 1275 721 1304 De
732 1286 790 1315 quo
800 1277 923 1316 grandis
934 1280 1017 1308 nobis

273 1332 378 1358 sermo,
391 1328 419 1351 et
432 1323 623 1360 interpretatu
633 1321 778 1364 difficilis⁸
792 1321 867 1358 Quid
878 1323 929 1360 ais,
942 1323 1018 1354 beate

274 1368 358 1398 Paule
367 1368 381 1397 Ξ)
395 1367 494 1397 Tibine
506 1366 627 1396 difficilis
640 1373 679 1396 est
692 1366 878 1407 interpretatu,
896 1369 943 1408 qui
964 1370 1019 1410 spi-

274 1413 366 1444 rituali
381 1413 467 1454 polles
476 1412 618 1453 sapientia,
626 1411 672 1451 qui
683 1423 778 1442 arcana
786 1413 869 1443 verba
879 1414 1018 1454 audivisti,

1066 907 1121 936 γος,
1132 899 1180 927 οὐκ
1189 898 1280 935 ἐπειδὴ
1289 899 1320 929 τὸ
1330 900 1446 941 πέλαγος
1454 904 1574 945 φοὸερὸν,
1588 906 1649 936 ἀλλ’
1661 907 1753 944 ἐπειδὴ
1762 911 1840 948 ἡμεῖς

1068 945 1092 973 οἱ
1111 943 1234 979 πλέοντες
1252 945 1367 987 ἄπειροι.
1382 947 1449 978 “Ort
1463 949 1513 991 γὰρ
1527 951 1608 988 ἔστιν,
1633 953 1740 983 εὔκολον
1764 954 1841 995 φύσει

1068 988 1146 1030 λόγον
1162 990 1242 1027 ὄντα,
1256 991 1383 1023 δύσκολον
1402 994 1522 1034 γενέσθαι
1546 998 1620 1038 παρὰ
1643 998 1692 1036 τὴν
1717 1001 1840 1041 ἀπειρίαν

1068 1038 1121 1066 τῶν
1129 1036 1288 1075 ἀκουόντων,
1299 1039 1406 1070 Παῦλον
1415 1042 1478 1080 ὑμῖν
1490 1044 1699 1086 παραστήσομαι
1708 1047 1840 1088 μάρτυρα.

1070 1081 1163 1111 Εἰπὼν
1175 1082 1227 1123 γὰρ
1241 1084 1283 1113 ὅτι
1297 1085 1411 1125 Χριστὸς
1429 1088 1533 1127 ἐγένετο
1551 1091 1688 1131 ἀρχιερεὺς
1709 1093 1779 1122 κατὰ
1793 1093 1841 1130 τὴν

1068 1127 1140 1163 τάξιν
1154 1130 1335 1170 Μελχισεδὲκ,
1349 1132 1394 1162 καὶ
1419 1134 1504 1170 ζητῶν
1525 1135 1565 1169 τίς
1581 1138 1651 1167 ἐστιν
1673 1140 1687 1168 ὁ
1706 1140 1842 1180 Μελχισε-

1068 1174 1126 1211 δὲκ,
1140 1175 1258 1215 ἐπήγαγε
1268 1189 1274 1195 ·
1287 1177 1355 1218 Περὶ
1366 1174 1396 1208 οἶ
1405 1179 1486 1214 πολὺς
1500 1183 1564 1220 ἡμῖν
1577 1185 1591 1212 ὁ
1600 1183 1676 1224 λόγος
1686 1184 1733 1215 καὶ
1746 1186 1840 1227 δυσερ-

1068 1220 1206 1259 μήνευτος.
1222 1222 1258 1252 Τί
1276 1223 1375 1263 λέγεις,
1395 1220 1417 1254 ὦ
1441 1227 1556 1268 μακάριε
1570 1229 1680 1267 Παῧλι;
1697 1233 1841 1272 Δυσερμή-

1068 1266 1156 1301 νευτός
1174 1279 1216 1297 σοι
1239 1270 1278 1308 τῷ
1299 1272 1481 1309 πνευματικὴν
1504 1273 1593 1314 ἔχοντι
1620 1276 1723 1317 σοφίαν,
1746 1279 1785 1319 τῷ
1808 1278 1842 1308 τὰ

1068 1312 1208 1354 ἀπόρῤητα
1224 1314 1332 1355 ῥήματα
1352 1317 1511 1356 ἀκούσαντι,
1524 1321 1562 1360 τῷ
1574 1320 1639 1361 πρὸς
1651 1322 1738 1363 τρίτον
1750 1325 1842 1364 ἁρπα-

1068 1358 1140 1398 γέντι
1163 1360 1286 1399 οὖρανόν;
1314 1362 1348 1391 Εἰ
1371 1363 1412 1392 σοὶ
1440 1364 1660 1405 δυσερμήνευτος,
1681 1369 1734 1399 τίνι
1754 1382 1842 1400 κατα-

1068 1404 1186 1446 ληπτός,
1202 1405 1298 1446 Ἐμοὶ,
1312 1408 1375 1448 φησὶ
1385 1430 1393 1445 ,
1409 1410 1633 1451 δυσερμήνευτος,
1646 1416 1675 1444 οὔ
1699 1415 1772 1456 παρὰ
1793 1416 1841 1452 τὴν

274 1459 322 1499 qui
337 1459 371 1489 ad
386 1460 496 1489 tertium
510 1466 602 1500 raptus
616 1469 644 1488 es
658 1459 775 1488 caelum?
788 1459 818 1490 Si
831 1459 882 1490 tibi
895 1460 1021 1493 difficilis
1035 1454 1054 1479 ο
1069 1451 1168 1481 ‘’tui‘'
1191 1452 1340 1490 δυσχολίανν
1357 1454 1426 1485 ἀλλὰ
1447 1457 1520 1498 παρὰ
1548 1458 1598 1495 τὴν
1624 1460 1761 1491 ἅσθένεῑαν
1789 1463 1841 1491 τῶν

275 1514 314 1537 est
328 1508 513 1548 interpretatu,
525 1517 540 1535 a
551 1517 607 1545 quo
617 1506 716 1546 poterit
727 1507 937 1547 comprehendi?
949 1508 1021 1540 Mihi

274 1553 397 1583 difficilis
410 1560 449 1582 est
461 1553 648 1593 interpretatu,
658 1552 757 1592 inquit,
772 1563 826 1582 non
839 1554 875 1584 ob
886 1565 962 1584 suam
971 1554 1022 1585 dif-

276 1600 433 1637 ficultatem,
449 1599 495 1629 sed
513 1599 549 1628 ob
569 1598 724 1628 auditorum
737 1598 930 1630 infirmitatem.
943 1603 1020 1632 Post-

275 1657 357 1686 quam
371 1646 443 1675 enim
456 1645 536 1681 dixit,
551 1647 748 1683 Inter-pretam
762 1645 906 1687 difficilis,
919 1646 1020 1688 adjun-

275 1692 318 1721 xit
331 1704 337 1720 ε
353 1692 497 1730 Quoniam
508 1690 668 1721 imbecilles
671 1691 756 1732 sacti
768 1692 837 1721 estis
848 1693 889 1722 ad
899 1694 1022 1722 audien-

276 1739 357 1768 dum.
372 1737 460 1769 Vides
483 1747 536 1767 non
558 1743 681 1767 naturam
699 1737 841 1773 sermonis,
855 1738 903 1768 sed
917 1738 1023 1769 audito-

277 1796 338 1814 rum
360 1784 522 1825 imperitiam
543 1783 684 1814 difficilem
705 1795 768 1815 eum
790 1783 951 1822 reddidisse,
974 1786 1023 1825 qui

275 1830 398 1860 difficilis
409 1830 520 1860 minime
534 1830 586 1860 suit
598 1830 612 1859 ,⁰
625 1831 719 1870 Neque
732 1841 796 1861 vero
809 1830 948 1861 difficilem
962 1838 1021 1861 tan—

275 1883 333 1906 tum
341 1899 350 1912 ‚
365 1876 411 1906 sed
425 1883 451 1906 et
465 1875 593 1916 grandem
607 1876 689 1906 efficit
716 1887 790 1912 eum,
806 1876 853 1916 qui
875 1878 965 1908 brevis
987 1878 1022 1908 sit

275 1922 366 1951 eadem
380 1933 458 1951 causa
471 1934 478 1950 τ
492 1929 658 1962 quapropter
667 1933 720 1951 non
732 1923 813 1952 modo
823 1923 962 1955 difficilem
977 1925 1022 1956 in·-

1071 1497 1227 1528 ἀκουόντων.
1242 1499 1334 1529 Εἰπὼν
1355 1500 1423 1541 γὰρ,
1437 1503 1671 1544 Δυσερμήνευτος,
1691 1507 1824 1547 ἐπήγαγεν
1835 1521 1842 1527 ·

1071 1543 1183 1581 Ἐπειδὴ
1201 1545 1295 1585 νωθροὶ
1307 1546 1432 1586 γεγόνατε
1445 1553 1503 1583 ταῖς
1515 1551 1616 1585 ἀκοαῖς.
1627 1551 1711 1593 Ὁρᾷς
1735 1553 1776 1583 ὅτι
1790 1555 1841 1595 οὐχ

1070 1590 1087 1624 ἡ
1108 1589 1184 1630 φύσις
1204 1593 1250 1621 τοῦ
1263 1592 1356 1632 λόγου,
1369 1594 1428 1623 ἀλλ’
1450 1597 1466 1631 ἡ
1487 1596 1595 1637 ἀπειρία
1615 1599 1668 1627 τῶν
1694 1599 1842 1630 ἀκουόντων

1071 1634 1197 1665 δύσκολον
1221 1637 1265 1667 τὸν
1284 1640 1313 1668 οὔ
1338 1639 1463 1670 δύσκολον
1491 1642 1631 1681 ἐποίησεν;
1651 1645 1692 1674 Οὔ
1712 1645 1791 1684 μόνον
1814 1646 1841 1676 δὲ

1072 1680 1206 1719 δύσκολον,
1223 1683 1291 1713 ἀλλὰ
1305 1685 1350 1714 καὶ
1363 1686 1446 1716 πολὺν
1459 1692 1530 1717 ποιεῖ
1547 1687 1591 1718 τὸν
1613 1689 1713 1730 βραχὺν
1733 1694 1750 1727 ἡ
1773 1693 1839 1730 αὐτὴ

1072 1727 1153 1757 αἰτία·
1167 1729 1258 1770 διόπερ
1272 1731 1331 1772 οὖχὶ
1346 1732 1555 1773 δυσερμήνευτον
1565 1735 1660 1776 ἔφησεν
1673 1733 1740 1767 εἶναι
1754 1738 1842 1778 μόνον,

1072 1774 1140 1803 ἀλλὰ
1154 1775 1199 1804 καὶ
1213 1775 1305 1814 πολὺν,
1317 1777 1362 1808 καὶ
1376 1781 1422 1808 τοῦ
1445 1779 1545 1818 μήκους
1555 1803 1563 1818 ,
1579 1783 1624 1812 καὶ
1642 1785 1690 1820 τῆς
1705 1784 1844 1819 δυσκολίας
1880 1801 1885 1805 ·

1071 1820 1174 1854 ἀναθεὶς
1195 1821 1243 1858 τὴν
1259 1823 1346 1854 αἰτίαν
1359 1826 1392 1864 τῇ
1407 1826 1552 1866 νωθρότητι
1571 1829 1620 1864 τῆς
1641 1829 1732 1866 ἀκοῆς.
1749 1831 1844 1861 Καθά-

1071 1877 1121 1906 περ
1133 1866 1184 1907 γὰρ
1199 1868 1242 1897 ἐπὶ
1263 1871 1317 1899 τῶν
1338 1871 1541 1911 ἀρρωστούντων
1555 1874 1603 1903 οὒκ
1623 1876 1765 1915 ἀναγκαῖον
1779 1877 1844 1907 σύν-

1071 1925 1151 1952 τομον
1166 1914 1211 1943 καὶ
1225 1916 1433 1956 ἔσχεδιασμένην
1446 1921 1603 1959 παραθεῖναι
1622 1920 1765 1961 τράπεζαν,
1775 1923 1844 1953 ἀλλὰ

275 1974 420 2007 terpretatu
436 1978 496 1996 eum
510 1978 567 1996 esse
580 1967 662 2004 dixit,
677 1978 773 1998 verum
784 1969 864 1999 etiam
878 1970 1018 2010 grandem,
1038 1963 1057 1987 D
1072 1960 1111 1990 δεῖ
1125 1962 1327 2001 παρασκευάσαι
1341 1963 1376 1992 τὰ
1396 1964 1466 1994 σιτία
1481 1964 1608 2006 διάφορα,
1620 1966 1664 1996 ἵνα
1687 1967 1719 1997 ἂν
1739 1971 1818 1999 τοῦτο
1830 1971 1845 1999 ὃ

275 2020 302 2042 et
322 2012 512 2052 longitudinis,
525 2019 551 2042 et
564 2012 732 2043 difficultatis
745 2024 851 2044 eausam
865 2015 1022 2048 adscribens

277 2058 386 2088 aurium
401 2058 591 2089 imbecillitati.
601 2059 670 2088 Nam
685 2059 753 2088 sicut
766 2059 832 2090 dum
846 2072 930 2101 :egros
944 2073 1023 2093 cura-

275 2115 336 2140 mus
357 2115 411 2134 non
433 2111 538 2144 oportet
561 2104 727 2134 subitaneam
749 2113 776 2135 et
798 2115 892 2145 paratu
918 2109 1022 2139 facilem

276 2162 394 2181 mensam
408 2151 464 2181 illis
477 2162 623 2192 apponere,
636 2152 681 2182 sed
697 2152 772 2182 varia
786 2162 848 2184 sunt
862 2155 918 2186 illis
930 2157 1022 2188 edulia

276 2197 406 2238 paranda,
423 2206 452 2228 ut
464 2199 487 2228 si
500 2205 615 2237 aegrotus
629 2198 680 2228 hoc
693 2206 801 2238 gustare
812 2201 940 2239 noluerit,
955 2204 1022 2234 alte-

277 2255 337 2273 rum
352 2251 440 2273 sumat
454 2257 460 2273 ε
476 2243 550 2283 quod
560 2244 582 2273 si
594 2243 666 2273 illud
679 2254 732 2274 non
744 2244 877 2285 admittat,
890 2249 966 2278 aliud
980 2261 1024 2280 ac-

276 2296 362 2330 ceptet
379 2301 386 2318 :
403 2297 449 2319 aut
463 2290 485 2319 si
499 2290 550 2319 hoc
573 2289 715 2330 repudiet,
730 2290 808 2321 alteri
833 2303 943 2323 manum
957 2295 1023 2336 Inji-

277 2336 341 2372 ciat,
354 2342 380 2365 et
393 2335 517 2366 ciborum
531 2337 658 2366 varietate
672 2337 811 2368 fastidium
827 2339 977 2378 vincamus,
993 2353 1024 2372 ac

277 2381 433 2411 diversitate
446 2391 542 2410 mensae
556 2381 638 2410 animi
652 2382 710 2422 ejus
721 2384 902 2415 morositatem
915 2386 1023 2427 mitige-

1071 2006 1178 2046 κάμνων
1193 2007 1231 2046 μὴ
1248 2009 1363 2049 βουληθῇ
1375 2010 1543 2049 μεταλαόεἷν,
1551 2011 1582 2041 τὸ
1594 2012 1682 2053 ἕτερον
1693 2014 1764 2055 λάθῃ
1776 2026 1783 2033 ·
1795 2015 1845 2045 κᾶν

1072 2053 1155 2082 ἐκεῖνο
1179 2054 1216 2092 μὴ
1231 2055 1393 2095 προσίηται,
1409 2056 1440 2086 τὸ
1462 2057 1528 2087 ἄλλο
1548 2057 1681 2095 δέξηται·’
1695 2059 1746 2089 κᾶν
1767 2063 1845 2090 τοῦτο

1072 2100 1262 2139 διακρούσηται
1274 2122 1282 2137 ,
1291 2102 1452 2139 ἐπιλάὸηται
1466 2102 1574 2144 θατέρου
1583 2126 1591 2140 ,
1604 2104 1650 2134 καὶ
1668 2106 1702 2145 τῇ
1723 2106 1844 2147 ποικιλίᾳ

1072 2147 1124 2175 τῶν
1146 2147 1294 2186 βρωμάτων
1317 2147 1366 2184 τὴν
1389 2149 1530 2178 δυσκολίαν
1552 2149 1712 2190 νικήσωμεν,
1734 2152 1779 2181 καὶ
1805 2155 1844 2193 τῷ

1072 2192 1232 2233 πολυτρόπῳ
1245 2196 1293 2229 τῆς
1305 2194 1437 2234 τραπέζης
1446 2194 1477 2224 τὸ
1489 2195 1647 2235 δυσάρεστον
1669 2199 1718 2233 τῆς
1736 2197 1845 2238 γνώμης

1074 2238 1277 2278 θεραπεύσωμεν
1289 2251 1296 2258 ·
1310 2239 1379 2269 οὕτω
1399 2240 1527 2274 πολλάκις
1539 2241 1584 2270 καὶ
1604 2242 1648 2272 ἐπὶ
1662 2245 1710 2279 τῆς
1724 2255 1845 2282 πνευμα-

1075 2286 1150 2319 τικῆς
1174 2284 1316 2319 ἑστιάσεως
1338 2285 1391 2326 χρὴ
1413 2291 1507 2316 ποιεῖν.
1521 2286 1609 2317 Ὅταν
1630 2289 1746 2323 ἀσθενεῖς
1762 2284 1845 2329 ὦμεν,

1074 2330 1157 2360 πολὺν
1170 2333 1424 2371 παρασκευάσασθαι
1436 2333 1489 2373 χρ·ὶΙ
1504 2333 1548 2362 τὸν
1561 2333 1638 2374 λόγον
1655 2334 1700 2364 καὶ
1711 2335 1844 2373 ποικίλον,

1075 2377 1231 2417 παραδολὰς
1249 2377 1295 2407 καὶ
1308 2378 1513 2419 παραδείγματα
1536 2379 1646 2420 ἔχοντα,
1667 2381 1846 2417 κατασκευὰς,

277 2438 336 2456 mus
352 2438 358 2455 :
373 2427 410 2456 ita
437 2437 620 2468 saepenumero
633 2427 660 2457 in
676 2428 863 2469 spiritualibus
892 2433 1024 2463 conviviis
1041 2432 1058 2455 Ε
1077 2428 1122 2457 καὶ
1134 2427 1279 2469 περιόδους,
1288 2429 1333 2459 καὶ
1343 2429 1420 2470 ἕτερα
1429 2429 1641 2468 πολλᾶἵοῑαῧτα,
1649 2429 1693 2460 ἵνα
1702 2434 1732 2462 ἔκ
1739 2431 1844 2462 πάντων

275 2479 314 2502 est
327 2472 471 2512 agendum.
491 2474 560 2503 Cum
574 2473 675 2503 infirmi
691 2474 792 2514 simus,
806 2477 891 2507 multa
905 2484 931 2508 et
950 2478 1023 2511 varia

306 2585 316 2595 ι·
335 2577 376 2602 Sic
390 2586 451 2603 unus
462 2577 538 2610 Cod.y
550 2577 591 2603 alii
605 2584 719 2606 mnia-1¹:1-

1080 2479 1156 2519 ῥᾳδία
1163 2479 1271 2519 γένηται
1284 2482 1349 2519 ἡμῖν
1357 2483 1409 2512 τῶν
1423 2481 1607 2522 συμφερόντων
1624 2484 1642 2518 ἡ
1654 2481 1846 2523 αἵρεσις.Πλὴν
