1904 2840
725 186 761 208 m
788 185 998 208 MATTHAEUM.
1027 186 1145 209 HOMIL.
1175 186 1222 209 tx.

1675 175 1744 222 739

204 249 351 279 rectoribus
360 247 524 288 populorum
532 268 540 283 ‚
551 247 621 277 sicut
641 247 751 276 fuerunt
768 246 898 291 apostoli,
909 246 944 276 ad
963 249 982 272 Α
1000 258 1062 276 cum
1077 247 1186 277 videant
1195 246 1315 286 quotidie
1324 246 1538 277 Christianorum
1549 248 1650 277 animas
1660 259 1745 287 usquc

201 300 269 328 quos
287 288 358 318 dicta
377 294 440 317 sunt
460 287 516 317 haec
532 299 543 332 :—
554 287 632 327 cujus
645 286 802 315 distet-entire
816 286 944 315 rationem

52 328 304 368 fficscripnitlargius
336 326 510 372 exposuimus
535 327 584 356 1hi.
612 327 676 356 Ideo
702 326 760 355 illic
786 325 945 365 simpliciter

51 365 75 385 in
87 363 178 385 Lucam.

54 395 108 415 an.
121 393 144 415 6.
153 400 190 415 20.

52 425 139 453 Pauper
146 426 191 453 spi-

51 456 107 477 ritus
118 457 176 484 quis.

0 552 12 601 l·
51 569 137 591 naath.
157 569 193 593 18.

50 600 76 623 3.

48 810 118 834 Rom.
139 811 175 834 13.

51 850 87 866 Ιο.

78 1291 139 1313 Hine
157 1300 191 1314 se-

47 1324 124 1350 quitur
132 1323 191 1345 hune

46 1353 120 1375 (ἴητε
146 1362 189 1376 non

46 1385 168 1414 scripsisse.

46 1483 113 1505 Psal.
120 1482 186 1514 4⁰¹²·

49 2229 189 2257 Luam-11.

203 378 333 409 pauperes
345 367 416 396 dixit
428 379 435 395 z
451 366 495 396 hic
508 373 597 395 autem
610 376 740 406 pauperes
753 365 860 405 spiritu.
875 367 945 395 Pau-

203 418 252 448 per
265 407 361 448 spiritu
382 413 422 435 est
444 405 556 435 humilis
567 406 648 435 corde
663 419 670 434 :
685 405 713 434 id
735 412 785 440 est,
799 414 853 451 pau
873 416 944 434 erem

201 447 326 486 spiritum
352 446 462 482 habens,
477 446 525 485 qui
551 456 604 475 nou
631 454 726 484 magna
752 451 823 485 sapit
864 455 880 474 e
904 455 942 474 se.

203 487 280 516 Sient
291 496 326 515 ex
341 486 449 515 diverso
460 485 538 515 dives
556 486 654 525 spiritu
676 484 836 524 intelligitur
849 492 945 524 m'agna

204 525 239 555 de
251 536 279 555 se
292 526 408 565 sapiens,
423 532 448 554 et
471 525 615 565 superbus,
630 525 677 564 qui
692 534 744 553 non
758 524 795 553 im
817 524 854 553 let
867 535 943 553 man-

204 565 298 595 datum
308 565 408 596 Christi
423 564 556 594 dicentis-z
573 566 637 593 Nisi
649 564 780 593 conversi
806 564 944 604 actifue-

203 607 268 635 ritis
280 607 354 635 sicut
365 615 438 642 puer
450 606 514 640 iste,
531 615 590 633 non
611 604 756 633 intrabitis
774 605 806 631 in
824 613 945 644 regnum
971 619 974 622 ·

202 646 348 675 coelorum.
363 645 419 682 Qui
437 644 508 673 enim
518 644 574 683 jam
588 654 732 673 conversus
744 643 828 672 factus
841 650 880 672 est
893 643 944 672 sic-

201 692 231 714 ut
245 696 327 725 puer,
340 685 386 714 ille
397 690 436 712 est
446 690 472 713 et
484 693 588 723 pauper
609 684 719 723 spiritu.
735 683 771 712 Et
782 683 830 728 qui
842 694 944 723 pauper

200 731 240 754 est
252 725 361 764 spiritu,
376 724 424 752 ille
447 733 590 752 conversus
612 722 698 752 sactus
720 729 760 752 est
780 729 849 752 sicut
863 733 940 768 puer.

202 764 238 794 Et
263 763 410 793 secundum
435 762 617 792 testimonium
640 762 750 801 quidem
773 762 892 799 Christi,
918 770 943 792 et

201 803 329 844 apostoli,
345 803 506 832 Plenitudo
531 803 602 847 legis
625 802 743 831 dilectio
767 808 811 831 est
818 815 831 837 ;
856 809 942 831 tamen

200 843 295 872 nutrix
315 842 466 873 dilectionis
489 841 627 871 humilitas
652 848 708 877 est,
723 847 748 870 et
773 841 854 871 totius
878 842 942 871 mali

201 882 258 912 odii
282 890 365 912 mater
386 881 524 921 superbia.
539 882 612 920 Ergo
636 881 720 910 totius
743 881 808 910 boni
834 881 942 911 initium

198 922 340 951 humilitas
362 929 412 956 est,
427 927 453 950 et
473 922 555 950 totius
579 921 643 950 mali
667 921 804 960 superbia.
820 921 942 960 Denique

199 969 226 991 et
237 961 396 1002 perditionis
409 961 516 990 initium
528 972 542 990 a
554 972 584 990 su
606 961 679 990 erbia
694 960 774 1000 coepit
787 971 835 1000 per
847 960 942 990 diabo-

200 1001 269 1038 lum,
283 1001 444 1040 initiumque
464 1001 559 1030 salutis
572 972 606 1029 ali
619 1000 769 1029 humilitate
793 1011 840 1039 per
863 1001 943 1030 Chri·

197 1047 272 1070 stum
285 1054 292 1070 ε
325 1047 445 1081 ropterea
460 1039 646 1070 convenienter
658 1046 684 1068 et
695 1039 815 1069 omnium
828 1039 944 1069 beatitu-

199 1080 295 1110 dinum
305 1052 488 1109 humilitatem
509 1079 572 1109 fecit
586 1079 703 1119 initium.
724 1079 760 1108 Et
782 1089 865 1117 quare
889 1090 942 1108 non

199 1120 338 1150 manifeste
347 1119 429 1157 dixit,
440 1119 514 1149 Beati
528 1118 644 1148 humiles
665 1118 761 1158 spiritu
770 1118 784 1147 ἐ’
798 1119 857 1158 Ego
870 1119 943 1149 hunc

200 1160 275 1200 potui
298 1158 484 1188 tantummodo
509 1159 619 1188 rationis
633 1158 753 1187 invenire
768 1158 896 1195 colorem,
913 1166 943 1188 ut

199 1209 252 1227 non
266 1199 354 1228 solum
368 1198 484 1228 humiles
498 1198 628 1233 ostendat,
641 1197 689 1227 sed
702 1199 781 1227 etiam
795 1197 851 1227 indi
871 1205 943 1228 entes

200 1238 327 1275 humiles,
342 1238 391 1278 qui
404 1238 443 1268 sic
456 1245 518 1267 sunt
528 1237 656 1271 humiles,
676 1244 706 1266 ut
719 1247 826 1277 semper
837 1209 943 1277 adjuto—

200 1277 273 1306 rium
285 1278 336 1307 Dei
349 1277 403 1307 sint
426 1277 616 1307 mendicantes.
632 1276 713 1306 Unde
732 1277 759 1305 in
779 1277 875 1307 Graeco
889 1287 941 1307 non

200 1316 280 1354 dicit,
296 1317 370 1347 Beati
393 1327 525 1358 pauperes
548 1328 555 1345 ε
577 1316 644 1353 sed,
659 1318 747 1345 Beati
770 1318 870 1356 egeni,
882 1318 940 1353 vel,

200 1357 274 1386 Beati
299 1356 428 1386 mendici.
441 1357 511 1386 Nam
534 1366 637 1396 pauper
656 1362 705 1392 est,
722 1356 770 1394 qui
790 1356 940 1395 angustiam

198 1395 308 1434 quidem
329 1396 421 1433 habet,
436 1406 489 1426 non
512 1402 601 1425 autem
619 1402 730 1431 tantam,
746 1402 777 1425 ut
789 1395 940 1426 mendicare

963 848 981 871 B

198 1442 320 1474 cogatur.
329 1435 482 1467 Secundum
493 1446 573 1475 quam
584 1435 760 1464 differentiam
773 1441 798 1464 et
809 1436 939 1475 propheta
957 1444 976 1468 c

196 1473 263 1504 dicit
277 1487 284 1504 :
299 1471 407 1505 Beatus
420 1477 471 1516 qut*
484 1475 622 1519 intellt'git
635 1485 721 1514 super
734 1476 897 1504 mendicum
912 1483 940 1505 ec

194 1525 361 1554 pauperem.
377 1516 451 1554 Ergo
470 1515 531 1544 ideo
556 1514 637 1549 dicit,
653 1515 728 1544 Beati
751 1514 866 1543 mendici
880 1514 939 1553 spi-

198 1554 253 1583 ritu
266 1576 274 1588 ‚
299 1561 330 1583 ut
354 1554 382 1583 in
409 1554 504 1583 ultima
532 1553 684 1583 necessitate
711 1553 827 1582 humiles
850 1560 952 1582 osten-1

198 1592 254 1622 dat.
268 1591 298 1621 Si
312 1604 375 1632 ergo
393 1593 517 1629 dixisset,
534 1592 608 1622 Beati
635 1591 751 1621 humiles
777 1592 883 1631 spiritu,
897 1593 939 1621 ni-

197 1632 239 1660 hil
261 1632 378 1672 amplius
403 1632 592 1670 significasset,
620 1642 701 1670 quam
715 1631 832 1660 humiles
847 1643 853 1659 ε
870 1642 940 1661 nunc

198 1678 287 1701 autem
311 1679 337 1700 et
359 1671 476 1700 humiles
485 1694 493 1708 ‚
518 1677 544 1700 et
568 1670 715 1700 secundum
741 1670 822 1700 fidem
847 1671 939 1700 humi-

198 1710 292 1747 les‚et
316 1711 492 1751 intelligentes
517 1709 588 1739 unde
607 1710 642 1739 sit
660 1709 824 1750 adjutorium
851 1710 938 1740 homi-

198 1751 252 1779 nis.
265 1751 334 1780 Sunt
355 1751 426 1780 enim
442 1750 520 1779 multi
544 1749 700 1787 naturaliter
720 1749 836 1779 humiles
860 1750 939 1790 spiri-

198 1796 240 1826 tu,
248 1797 273 1819 et
284 1800 336 1819 non
345 1800 380 1819 ex
390 1789 453 1819 tide.
465 1789 500 1819 Hi
512 1789 578 1818 tales
591 1799 643 1818 non
656 1789 761 1829 pulsant
773 1789 817 1828 adj
823 1790 938 1819 utorium

199 1829 261 1858 Dei.
277 1830 331 1867 Qui
343 1836 432 1859 autem
444 1829 591 1859 secundum
605 1828 686 1858 {idem
698 1829 815 1858 humiles
829 1836 902 1865 sunt,
914 1836 940 1858 et

199 1868 387 1908 intelligentes,
399 1868 465 1898 dum
476 1869 556 1898 nimis
570 1868 664 1897 timent
676 1868 710 1897 de
723 1878 761 1904 se,
775 1868 939 1908 adjutorium

199 1907 249 1937 Dei
265 1909 370 1948 pulsare
384 1919 435 1938 non
449 1914 561 1938 cessant.
581 1908 726 1946 Quoniam
747 1910 874 1947 ipsorum
896 1916 939 1938 est

199 1957 320 1987 regnum
333 1948 478 1978 caelorum.
493 1947 568 1985 Quid
582 1947 675 1976 enim?
689 1947 805 1976 aliorum
827 1948 940 1977 virtutes

198 1987 265 2016 alias
275 1987 441 2017 studentium
452 1997 504 2016 non
514 1994 552 2016 est
562 1997 673 2026 regnum
684 1987 829 2016 caelornm?
840 1987 938 2017 Etiam.

199 2027 267 2056 Nam
283 2027 350 2057 sicut
370 2033 462 2056 caetera
477 2027 543 2056 vitia
556 2027 695 2066 deponunt
712 2026 748 2056 ad
762 2026 867 2062 inferos,
883 2037 939 2061 ma,-

198 2065 272 2095 xime
284 2073 370 2096 tamen
383 2066 508 2107 superbia
517 2088 525 2102 ‚
540 2066 602 2105 quia
618 2066 695 2095 radix
719 2066 840 2096 omnium
853 2067 940 2096 malo-

199 2115 260 2134 rum
273 2106 399 2146 superbia
413 2113 451 2135 est
467 2118 474 2135 :
491 2106 529 2135 sie
542 2112 568 2135 et
580 2116 670 2135 omnes
685 2105 796 2135 virtutes
809 2105 942 2135 inducunt

200 2143 227 2172 in
252 2155 364 2184 regnum
388 2146 525 2182 caelorum,
541 2145 657 2174 maxime
679 2151 766 2174 tamen
790 2145 939 2179 humilitas,

199 2183 262 2250 guia
285 2183 363 2213 radix
373 2185 493 2213 omnium
507 2185 641 2214 malorum
661 2195 692 2214 su
713 2185 786 2214 erbia
810 2191 867 2213 est:
884 2185 940 2214 sine

222 2222 284 2251 ubio
293 2229 319 2252 et
329 2222 406 2252 radix
416 2224 535 2252 omnium
548 2224 681 2253 bonorum
694 2195 833 2253 liumilitas
842 2231 881 2253 est
895 2236 901 2252 z
916 2231 941 2254 et

200 2261 264 2299 quia
272 2262 414 2307 proprium
421 2269 469 2299 est,
476 2263 558 2301 utqui
566 2273 594 2292 se
602 2263 711 2299 exaltat,
718 2263 892 2292 humilietur:
904 2263 942 2292 sie

200 2307 282 2339 etqui
293 2311 321 2330 se
333 2301 466 2336 humiliat,
480 2302 621 2331 exaltetur.
633 2303 661 2332 5.
669 2304 754 2331 Beati
765 2304 818 2341 qui
829 2302 939 2342 lugent.

200 2340 236 2370 Et
265 2341 291 2369 ui
302 2351 349 2369 sua
356 2339 464 2379 quidem
472 2347 576 2379 peccata
585 2341 765 2379 lugent‚beati
775 2342 883 2375 sunmd
890 2348 939 2378 est,

201 2389 227 2408 m
263 2379 346 2409 iocres
351 2380 436 2409 beati:
446 2379 574 2408 beatiores
582 2386 669 2408 autem
677 2387 748 2417 sunt,
754 2379 800 2419 qui
807 2380 893 2410 aliena
902 2381 942 2410 lu-

201 2418 514 2458 gentpeecata‚quoniarn
523 2420 569 2457 qui
578 2419 663 2448 aliena
671 2419 942 2459 lugentpeccata‚cer-

200 2464 258 2491 tum
271 2464 309 2487 est
322 2459 385 2497 quia
400 2468 451 2487 non
467 2458 564 2487 habent
587 2469 634 2487 sua
655 2468 714 2496 quae
728 2459 844 2498 lugeant.
861 2460 941 2494 Tales

201 2497 324 2526 convenit
335 2508 392 2527 esse
405 2497 526 2526 doctores
547 2507 648 2533 omnes,
662 2504 690 2527 et
711 2501 759 2536 qui
776 2505 838 2528 suut
861 2509 941 2539 super

201 2543 328 2566 montem.
345 2538 413 2566 Nam
435 2547 497 2566 cum
518 2536 570 2566 sint
591 2547 681 2566 omnes
703 2537 824 2568 doctores
882 2539 940 2578 puli

201 2575 344 2605 Chi-'miani
356 2582 454 2615 patres,
463 2575 597 2614 quomodo
605 2583 713 2616 possunt
723 2587 779 2607 esse
787 2577 844 2607 sine
864 2585 938 2615 netu,

365 2625 438 2644 rou.
462 2625 504 2644 w.

960 2035 978 2057 D

1000 286 1036 315 ad
1049 287 1182 315 infernum
1205 286 1347 316 cadentes?
1362 288 1431 316 Nam
1444 287 1478 316 de
1491 288 1592 327 angelis
1600 310 1608 325 ‚
1623 288 1668 326 qui
1683 289 1744 317 exi-

1001 326 1054 355 turi
1067 333 1129 356 sunt
1142 327 1168 354 in
1182 327 1235 356 line
1248 326 1349 363 saeculi,
1363 333 1392 355 ut
1405 327 1509 366 signent
1519 338 1613 357 servos
1624 328 1685 364 Dei,
1697 328 1744 367 qui

1000 366 1093 405 lugent
1106 365 1141 395 de
1164 366 1258 395 alienis
1283 366 1412 406 peccatis,
1427 367 1466 396 sic
1483 367 1614 407 scriptum
1636 375 1675 397 est
1697 379 1745 408 per

1001 405 1168 435 Ezechielem
1191 417 1197 434 :
1221 408 1265 434 lte
1286 417 1339 445 per
1364 407 1530 436 Jerusalem
1539 429 1546 443 ,
1571 413 1601 436 et
1626 410 1745 447 signate
1754 415 1828 438 Ezech
1845 416 1894 444 94

1002 455 1101 474 omnes
1123 448 1175 485 qni
1197 445 1298 485 lugent
1313 456 1399 486 super
1410 448 1580 486 iniquitates
1594 448 1746 488 qwefiunt

1001 487 1032 513 in
1047 486 1142 514 medio
1155 485 1332 514 Jerusalem.
1344 486 1493 515 Jerusalem
1502 487 1639 516 enimvero
1653 494 1691 516 est
1706 498 1746 517 ec-

1001 524 1080 554 clesia
1092 525 1203 561 Christi,
1212 525 1290 564 cujus
1301 525 1472 554 fundamenta
1493 533 1555 555 sunt
1570 526 1596 555 iu
1609 527 1745 557 montibus

1000 565 1108 593 sanctis.
1127 565 1272 603 Quoniam
1286 566 1340 604 ipsi
1354 565 1595 595 consolabuntur.
1609 566 1638 596 Si
1653 577 1744 596 conso-

1000 603 1064 633 latio
1077 603 1226 644 lugentium
1236 610 1276 632 est
1287 605 1397 633 cessatio
1409 605 1498 634 luctus
1510 616 1603 644 soenae,
1616 607 1744 645 quoniam

1000 643 1046 682 qui
1060 654 1109 672 sua
1124 638 1216 683 lugent
1237 650 1357 681 peccata,
1373 645 1530 683 consequuti
1547 645 1743 685 indulgentiam

999 683 1209 712 consolabuntur
1231 682 1258 710 in
1285 683 1382 712 saeculo
1397 683 1444 712 illo
1462 696 1468 711 :
1484 685 1532 723 qui
1551 685 1636 714 aliena
1651 686 1744 725 lugent

998 729 1120 762 peccata,
1135 721 1271 761 quomodo
1286 722 1312 751 in
1335 724 1432 752 saeculo
1446 723 1494 757 illo
1508 725 1717 754 consolabuntur
1730 726 1743 754 ἶ)

998 762 1131 801 numquid
1139 761 1259 793 desinent
1268 761 1302 791 de
1313 763 1514 802 *peccatoribus
1523 764 1632 803 lugere?
1640 765 1738 794 Etiam.
1754 771 1760 779 ·
1770 771 1798 792 nl.
1811 779 1893 800 ρει-ωι-

997 803 1132 838 Quoniam
1158 800 1289 841 quamdiu
1316 809 1378 831 sunt
1401 803 1428 831 in
1456 803 1556 832 mundo
1567 826 1574 839 ‚
1598 804 1742 834 nescientes
1753 805 1790 824 ¹¹⁴⁸·

997 842 1195 880 providentiam
1223 842 1286 874 Dei.
1303 852 1351 871 nec
1373 842 1550 882 intelligentes
1573 843 1608 872 ad
1630 844 1742 883 plenum

997 881 1045 919 qui
1059 881 1167 911 diabolo
1179 882 1354 920 compellente
1365 881 1536 921 delinquunt,
1547 890 1571 912 et
1583 882 1629 921 qui
1643 894 1695 913 non
1707 895 1742 913 ex

997 922 1134 961 proposito
1148 921 1220 950 malo
1243 921 1363 960 diligunt
1388 922 1457 950 mala
1469 945 1476 958 ,
1492 932 1582 951 omnes
1606 931 1742 962 peccantes

997 961 1100 1000 lugent,
1115 971 1205 990 omnes
1219 972 1234 990 a
1248 960 1356 989 diaholo
1372 961 1561 991 circumveniri
1576 969 1601 991 et
1616 963 1674 1002 cogi
1689 974 1742 1003 pu-

997 1006 1091 1030 tantes.
1105 1003 1176 1030 Cum
1189 1011 1252 1030 vero
1264 1001 1291 1029 in
1305 1001 1402 1030 saeculo
1417 1001 1465 1030 illo
1479 1001 1676 1040 providentiam
1693 1003 1741 1032 Dei

997 1040 1186 1080 cognoverint,
1201 1048 1228 1069 et
1242 1040 1421 1069 intellexerint
1443 1039 1596 1078 manifeste,
1614 1042 1740 1080 quoniam

997 1080 1045 1118 qui
1057 1080 1107 1109 Dei
1120 1080 1239 1116 fuerunt,
1254 1080 1342 1119 perire
1357 1090 1408 1109 non
1420 1087 1575 1120 potuerunt,
1591 1081 1640 1120 qui
1651 1089 1741 1111 autem

997 1119 1148 1159 perierunt,
1163 1129 1214 1148 non
1238 1120 1347 1148 fuerunt
1361 1120 1427 1156 Dei,
1441 1120 1504 1158 quia
1528 1120 1562 1149 de
1585 1131 1666 1149 manu
1690 1122 1740 1151 Dei

995 1169 1073 1188 nemo
1086 1169 1181 1199 rapere
1194 1165 1278 1199 potest
1292 1171 1299 1187 :
1315 1159 1436 1199 deposito
1449 1159 1483 1188 de
1495 1159 1534 1189 eis
1544 1160 1631 1197 luctu,
1647 1171 1740 1190 conso-

995 1198 1135 1234 labuntur,
1153 1205 1178 1227 et
1191 1199 1247 1228 sine
1261 1198 1379 1228 mixtura
1392 1199 1507 1239 alicujus
1519 1199 1635 1235 doloris,
1651 1200 1678 1229 in
1693 1211 1741 1230 sua

995 1238 1052 1267 sola
1065 1237 1230 1267 beatitudine
1243 1238 1414 1268 laetabuntur.
1430 1239 1499 1268 Nam
1519 1239 1648 1277 quamdiu
1669 1240 1741 1269 cari-

995 1284 1034 1306 tas
1049 1284 1088 1306 est
1101 1284 1253 1307 sanctorum
1265 1277 1301 1306 ad
1312 1285 1472 1318 peccatores,
1486 1285 1513 1308 et
1527 1279 1616 1308 luctus
1632 1287 1679 1309 est.
1696 1280 1739 1309 Ibi

995 1324 1083 1346 autem
1095 1327 1142 1346 nec
1153 1317 1248 1347 caritas
1261 1323 1300 1346 est
1312 1324 1463 1347 sanctorum
1474 1318 1509 1347 ad
1519 1325 1680 1358 peccatores,
1691 1330 1739 1349 nec

995 1356 1101 1389 luctus,
1117 1357 1196 1386 etiam
1222 1357 1244 1386 si
1289 1357 1415 1397 ropinqui
1440 1358 1554 1394 fuerint,
1569 1358 1639 1387 sicut
1661 1359 1738 1388 docet

995 1396 1134 1436 parabola,
1149 1397 1175 1425 in
1190 1407 1242 1435 qua
1256 1368 1334 1426 clives
1347 1396 1413 1426 dicit
1425 1396 1461 1426 ad
1474 1397 1609 1428 Abraham
1626 1410 1634 1427 .-
1648 1399 1740 1428 Pater
1750 1407 1804 1427 Luc,
1825 1408 1859 1430 ιθ.

996 1435 1152 1465 Abraham
1161 1458 1170 1471 ‚
1186 1438 1318 1465 miserere
1346 1438 1414 1471 mei,
1430 1443 1459 1466 et
1486 1439 1565 1466 mille
1591 1439 1738 1467 Lazarum
1748 1441 1786 1468 24·

996 1482 1028 1504 ut
1049 1477 1178 1512 intingat
1200 1482 1359 1505 extremum
1382 1477 1467 1515 digiti
1491 1479 1538 1506 sui
1563 1478 1594 1505 in
1618 1488 1736 1517 aquam,

995 1521 1023 1543 et
1033 1515 1182 1555 refrigeret
1196 1515 1327 1553 linguam
1341 1526 1445 1552 meam,
1456 1517 1526 1555 quia
1535 1519 1664 1561 graviter
1674 1528 1737 1546 cru-

996 1556 1058 1582 cior
1070 1558 1101 1582 in
1126 1554 1183 1582 hac
1185 1553 1326 1595 flamma.
1342 1555 1482 1592 Numquid
1508 1562 1633 1585 misertus
1646 1563 1685 1585 est
1699 1557 1738 1586 ibi

996 1593 1131 1622 Abraham
1145 1603 1227 1632 super
1243 1593 1330 1622 filium
1343 1603 1422 1622 suum
1436 1594 1591 1623 ardentem?
1606 1596 1674 1624 Nam
1690 1597 1737 1634 qui

995 1632 1081 1661 fuerat
1100 1632 1238 1671 epulator,
1261 1632 1288 1661 in
1308 1643 1360 1670 qua
1380 1639 1455 1672 parte
1472 1634 1592 1673 corporis
1614 1635 1656 1663 sui
1674 1635 1737 1675 plus

995 1678 1160 1739 peccaverat,
1173 1671 1203 1700 id
1215 1679 1264 1707 est,
1279 1672 1306 1700 in
1319 1672 1393 1711 gula,
1407 1672 1434 1701 in
1449 1683 1479 1701 ea
1491 1673 1607 1713 amplius
1628 1681 1736 1713 torque-

1015 1717 1083 1740 atur.
1100 1710 1130 1749 4.
1147 1712 1233 1740 Beati
1256 1713 1411 1740 mansueti.
1434 1714 1590 1742 Mansuetus
1606 1714 1676 1743 enim
1691 1724 1736 1744 ne-

995 1761 1048 1789 que
1061 1751 1148 1780 irritat
1160 1751 1271 1787 malum,
1286 1761 1370 1789 neque
1390 1751 1534 1781 irritatura
1554 1752 1636 1789 malo,
1651 1764 1736 1793 neque

995 1789 1123 1820 adversus
1135 1801 1196 1819 eum
1214 1790 1341 1830 praevalet
1359 1801 1438 1820 causa
1479 1791 1572 1827 eonati,
1585 1802 1670 1832 neque
1687 1794 1735 1823 ad-

995 1839 1088 1859 versus
1109 1829 1223 1859 alterum
1246 1830 1390 1869 aliquando
1405 1841 1438 1859 ex
1452 1802 1500 1860 illo
1522 1831 1640 1861 nascitur
1658 1843 1737 1864 causa

995 1869 1123 1908 peccandi
1137 1882 1143 1898 :
1159 1869 1205 1899 sed
1220 1870 1306 1909 magis
1321 1877 1459 1900 contentus
1472 1877 1511 1900 est
1524 1871 1650 1911 injuriam
1671 1874 1737 1912 pati,

995 1919 1076 1947 quam
1089 1910 1184 1939 facere.
1197 1910 1267 1939 Nam
1287 1910 1338 1939 nisi
1355 1917 1493 1939 contentus
1511 1911 1594 1940 fuerit
1615 1912 1695 1941 homo
1710 1920 1740 1942 ut

996 1955 1284 1994 noceatur-,numquam
1297 1955 1382 1989 potest
1395 1960 1451 1979 esse
1464 1950 1521 1979 sine
1534 1958 1640 1990 peccato
1653 1964 1661 1980 :
1676 1952 1739 1991 quia

996 1995 1065 2017 sicut
1079 1995 1104 2018 et
1117 1988 1224 2022 zizaniae
1235 1999 1381 2028 numquam
1397 1997 1458 2019 sunt
1469 1990 1557 2019 minus
1571 1990 1599 2019 in
1613 2001 1688 2030 agro,
1702 1992 1740 2021 sic

996 2037 1048 2056 non
1061 2035 1123 2057 sunt
1136 2028 1226 2057 minus
1239 2028 1385 2058 irritatores
1400 2029 1426 2059 in
1439 2029 1549 2059 mund0.
1563 2029 1614 2059 Ille
1624 2037 1663 2059 est
1675 2041 1740 2070 ergo

998 2077 1058 2096 vere
1070 2074 1233 2105 mansuetus,
1245 2068 1292 2107 qui
1304 2079 1364 2098 cum
1375 2069 1481 2098 nocitus
1497 2069 1578 2098 fuerit
1586 2092 1593 2105 ‚
1606 2080 1654 2099 nec
1668 2071 1739 2110 cogi-

996 2113 1034 2136 tat
1046 2107 1146 2136 malum
1158 2107 1255 2142 facere,
1267 2118 1315 2137 nec
1334 2108 1406 2138 facit.
1428 2110 1574 2147 Quoniam
1591 2110 1645 2147 ipsi
1659 2111 1739 2138 here—

997 2146 1133 2175 ditabunt
1152 2152 1268 2176 terram.
1290 2147 1354 2177 Sine
1374 2147 1459 2177 dubio
1476 2155 1576 2178 terram
1592 2149 1736 2184 vivorum,

996 2184 1030 2214 de
1041 2196 1092 2224 qua
1102 2186 1231 2233 scriptum
1246 2193 1296 2222 est,
1307 2188 1400 2216 Credo
1411 2189 1512 2216 videre
1524 2189 1602 2216 bona
1617 2188 1739 2216 Domini
1750 2197 1814 2217 Psal.
1827 2197 1863 2218 26.

995 2226 1027 2252 in
1042 2231 1118 2254 terra
1131 2227 1306 2256 vwentium.
1319 2227 1401 2256 Terra
1414 2234 1502 2256 autem
1514 2227 1581 2263 haec,
1591 2226 1661 2256 sicut
1673 2227 1736 2265 qui-
1753 2228 1787 2249 ¹3·

996 2263 1058 2293 dam
1077 2265 1182 2302 dicunt,
1202 2265 1331 2306 quamdiu
1349 2273 1388 2295 est
1403 2266 1429 2295 iu
1443 2267 1494 2295 hoc
1513 2272 1594 2300 statu,
1613 2273 1681 2294 terra
1699 2273 1739 2294 cst

996 2310 1174 2341 mortuorum,
1185 2305 1247 2344 quia
1260 2305 1369 2335 vanitati
1379 2305 1497 2344 subjecta
1508 2312 1546 2333 est
1558 2316 1565 2341 ;
1579 2315 1640 2333 eum
1650 2311 1738 2333 autem

997 2342 1105 2372 liberata
1120 2344 1199 2374 fuerit
1210 2344 1244 2374 de
1258 2345 1436 2384 corruptionis
1449 2345 1575 2373 servitute
1587 2343 1612 2371 in
1627 2343 1737 2372 liberta-

995 2389 1050 2412 tem
1061 2382 1152 2422 gloriae
1166 2383 1284 2413 filiorum
1299 2386 1361 2419 Dei,
1375 2390 1445 2412 terra
1460 2383 1490 2411 fit
1503 2382 1640 2418 vivorum,
1651 2389 1681 2411 ut
1692 2382 1741 2411 im-

995 2422 1121 2452 mortales
1138 2423 1287 2452 hert-ditent
1304 2422 1540 2451 immortalitatem.
1557 2420 1677 2450 Alterum
1690 2432 1738 2450 ex-

996 2468 1137 2503 ponentem
1146 2462 1210 2501 legi,
1222 2463 1297 2500 quasi
1307 2462 1413 2494 caetum,
1423 2461 1451 2488 in
1460 2471 1513 2498 quo
1520 2459 1666 2489 habitaturi
1676 2468 1739 2489 sunt

997 2501 1091 2537 sancti,
1111 2501 1216 2530 dicatur
1232 2508 1301 2529 terra
1318 2501 1453 2536 vivorum,
1471 2509 1540 2537 quae,
1561 2506 1691 2537 quantum
1706 2500 1740 2528 ad

996 2547 1113 2569 nostram
1126 2540 1259 2578 regionem
1272 2539 1432 2573 inferiorem,
1447 2538 1542 2567 caelum
1551 2545 1600 2574 est,
1611 2545 1740 2577 quantum

998 2587 1085 2608 autem
1100 2579 1133 2608 ad
1147 2579 1216 2608 illud
1232 2578 1354 2618 superius
1366 2577 1471 2614 caetum,
1481 2584 1549 2607 terra
1562 2577 1671 2607 dieitur.
1687 2579 1739 2608 Alii

1531 2617 1564 2646 51

1748 1619 1796 1635 [ΝΗ

1764 1739 1889 1761 Mansuetus

1746 1772 1804 1799 quia.
