1890 2826
201 166 269 200 528

201 248 287 276 neque
297 238 323 266 in
332 237 391 266 foro
403 247 464 266 cum
474 235 529 265 illis
537 234 681 265 versemini
693 248 700 264 :
712 242 738 264 et
748 234 787 265 sie
797 234 875 264 facile
885 233 947 263 illos

202 283 429 323 recuperabimus.
451 283 489 311 Ac
506 280 734 321 quemadmodum
753 286 892 312 venatores
903 280 945 308 fe·

201 341 243 359 ras
262 337 340 370 captu
358 329 482 359 difficiles
498 339 550 358 non
567 339 602 358 ex
622 339 674 358 una
690 335 781 368 parte,
797 326 845 357 sed
862 325 946 356 undi-

200 389 253 417 que
270 377 414 417 pellentes,
429 376 455 404 in
475 377 540 405 retia
558 374 768 415 conjiciunt2ita
782 381 868 404 etnos
885 383 943 411 eos,

200 424 247 463 qui
266 424 386 453 moribus
405 422 507 452 efferati
526 429 603 458 sunt,
619 431 670 450 una
690 421 834 461 pellamus,
847 427 874 450 et
891 421 945 451 cito

201 472 227 500 in
251 471 345 500 salutis
366 470 431 499 retia
453 470 644 510 conjiciemus,
659 478 707 498 nos
727 479 762 498 ex
779 479 830 498 una
850 475 942 508 parte,

199 528 247 547 vos
262 529 296 547 ex
317 517 380 546 alia.
403 517 442 546 Ut
457 517 540 556 igitur
557 514 628 545 illud
647 516 767 552 eveniat,
777 525 827 545 vos
837 525 944 554 quoque

199 565 339 594 nobiscum
354 563 549 602 indignemini;
565 562 620 592 imo
640 562 730 602 potius
744 572 793 602 pro
805 561 856 591 Dei
873 561 942 601 legi-

198 611 248 639 bus
261 610 359 646 tlolete,
367 617 393 639 et
404 609 534 648 paulatim
549 608 674 638 avertetis
697 618 742 637 eos
754 619 789 637 ex
801 607 940 644 fratribus,

197 657 243 695 qui
261 657 311 686 hoc
325 656 417 685 morbo
431 655 554 685 laborant
568 662 593 685 et
611 655 638 684 in
651 655 703 684 hoc
723 661 860 694 peccatum
873 652 941 683 inci-

196 702 275 739 dunt,
292 710 320 731 ut
335 709 462 742 perpetuo
479 701 542 731 illos
557 701 696 731 vobiscum
712 701 834 731 servetis.
848 701 942 739 Neque

194 749 265 777 enim
285 759 368 788 parvo
389 747 501 777 crimine
522 748 559 777 rei
581 747 707 783 eritis,si
730 754 831 776 tantam
851 747 941 786 perni-

193 795 260 824 ciem
276 794 447 834 neglexeritis
457 815 465 831 ,
477 793 524 823 sed
541 803 638 833 magno
655 793 790 834 supplicio
803 792 877 822 eritis
890 792 940 822 ob-

194 843 278 872 noxii.
295 843 364 871 Nam
384 841 407 871 si
421 842 448 871 in
461 840 604 871 hominum
624 841 728 870 aedibus
738 863 746 877 ,
759 851 821 869 cum
833 839 893 878 quis
906 849 940 868 ex

193 889 300 918 famulis
312 895 452 928 argentum
466 888 511 918 vel
525 899 623 917 aurum
640 888 744 917 furatus
756 886 939 927 deprehendi-

192 943 247 972 tur,
273 946 326 965 non
352 936 410 975 ipse
432 935 506 964 solus
530 934 577 974 qui
603 933 787 975 deprehensus
812 940 868 970 est,
893 933 941 963 sed

191 982 271 1011 etiam
291 981 406 1018 conscii,
421 989 447 1011 et
459 981 506 1020 qui
521 990 574 1009 non
587 980 777 1016 revelaverint,
789 990 868 1020 poena
882 980 941 1020 ple-

192 1036 312 1065 ctuntur,
323 1029 410 1058 multo
423 1027 508 1067 magis
523 1028 550 1056 in
562 1027 694 1057 Ecclesia.
702 1027 780 1055 Tunc
789 1026 860 1055 enim
870 1026 942 1056 dicet
958 1027 977 1050 Ε

192 1075 240 1103 tibi
257 1076 330 1104 Deus
341 1087 347 1102 :
361 1077 435 1104 Cum
451 1074 557 1103 videres
569 1084 604 1102 ex
613 1073 694 1102 domo
706 1083 763 1102 mea
776 1083 828 1102 non
843 1083 940 1113 argen-

190 1127 263 1150 teum
283 1121 327 1151 vel
347 1131 459 1150 aureum
473 1130 520 1149 vas
533 1119 605 1148 furto
619 1119 709 1159 abripi
722 1141 729 1155 ,
741 1118 788 1148 sed
801 1118 940 1148 continen-

191 1168 255 1197 tiam
278 1167 376 1197 auferri
387 1176 521 1205 3eumque
535 1165 587 1204 -qui
605 1164 755 1204 pretiosum
776 1175 874 1205 corpus
891 1176 939 1194 ac-

192 1214 273 1253 cipit,
298 1220 324 1242 et
346 1211 505 1252 hujusmodi
533 1210 655 1239 sacrificii
682 1210 815 1250 particeps
838 1216 896 1247 est,
910 1211 938 1239 in

190 1259 293 1288 diaboli
314 1259 404 1287 locum
426 1257 511 1294 abire,
524 1263 551 1286 et
572 1257 599 1285 in
621 1263 725 1285 tantum
737 1263 875 1295 peccatum
896 1256 938 1285 in-

191 1305 291 1341 cidere,
300 1315 349 1333 cur
362 1302 475 1340 siluisti,
488 1312 538 1331 eur
552 1301 580 1331 id
596 1301 693 1337 tulisti,
703 1312 752 1330 cur
769 1311 822 1330 non
837 1312 940 1331 annun-

190 1350 262 1380 tiasti
275 1348 417 1385 sacerdoti,
430 1358 462 1377 ne
478 1358 563 1388 poenae
579 1347 627 1376 abs
642 1354 667 1376 te
683 1354 864 1387 repeterentur
885 1357 946 1376 non=

190 1396 282 1426 leves?
296 1395 360 1425 Ideo
373 1401 398 1424 et
411 1404 459 1433 ego
473 1393 575 1423 etiamsi
592 1392 622 1422 id
635 1392 703 1422 mihi
716 1392 805 1422 dolori
815 1393 938 1422 futurum

189 1443 243 1480 sit,
256 1452 289 1471 ne
309 1452 324 1470 a
351 1440 523 1481 gravioribus
547 1439 656 1478 quidem
677 1438 822 1469 inserendis
851 1439 938 1478 poenis

190 1558 277 1577 σαντες.
290 1550 361 1574 Τοῦτο
375 1548 399 1572 δὲ
410 1551 554 1577 ποιήσαντες,
567 1543 685 1578 intellige,
698 1547 725 1570 τὸ
740 1547 774 1577 μὴ
792 1547 952 1577 συναναμίγνυ-

189 1591 248 1614 σθαι.
262 1585 322 1612 Aliis
333 1586 439 1611 fortasse
451 1585 561 1618 placebit
576 1594 581 1609 ι
595 1588 662 1612 τοῦτο
674 1586 701 1614 δὴ
713 1590 830 1614 ποιήσατε,
844 1587 882 1610 καὶ
892 1590 952 1617 μήτε

189 1629 255 1659 λόγου
264 1628 393 1659 μεταδῶ-τε-

221 1666 252 1682 ¹⁵⁵
269 1665 363 1697 εἰσόδου]
375 1669 458 1696 repete
467 1669 621 1693 κοινωνήσητε.

220 1703 251 1720 '⁵⁶
269 1704 395 1735 πάντοθεν]
413 1704 470 1728 Hoc
487 1702 537 1727 alio
553 1700 679 1728 vocabulo
701 1699 796 1725 dicitur
813 1703 951 1735 περιστοιχί-

186 1747 263 1775 §zavan
274 1749 300 1768 et
311 1746 490 1777 περςοτοιχίζειν,
504 1740 573 1774 quod
584 1739 671 1774 Virgil.
684 1740 744 1766 ΕΠ.
758 1740 803 1770 IV,
820 1740 876 1770 ¹2⁴,
889 1738 947 1764 red-

185 1781 261 1814 didit,
273 1782 404 1815 saltusque
418 1781 539 1814 indagine
551 1781 665 1813 cingunt.
679 1778 743 1803 Vide
761 1778 792 1803 de
804 1777 854 1803 hoc
867 1787 947 1804 voca-

185 1820 245 1846 bulo
264 1822 415 1853 Harpocrat.
434 1829 459 1852 p.
479 1821 536 1845 447.
560 1819 647 1844 Utitur
674 1826 704 1842 eo
721 1816 854 1851 Chrysost.
880 1823 900 1844 t.
922 1818 946 1847 1,

183 1869 210 1892 p.
231 1860 330 1892 325,c‚
345 1865 363 1884 t.
378 1860 414 1891 11,
432 1868 458 1892 p.
477 1858 579 1889 620,E‚
598 1863 618 1883 t.
633 1857 684 1888 111,
698 1857 756 1887 ⁴5⁴,
776 1857 812 1887 B,
835 1864 866 1881 ao
884 1864 949 1889 σερε

184 1898 243 1923 alibi
253 1899 353 1931 proprie
364 1903 390 1922 et
402 1896 531 1922 translate.

219 1938 250 1959 '⁵⁷
268 1937 374 1969 σαγήνην]
386 1942 472 1968 Σαγήνη
484 1936 602 1959 usitatum
616 1939 655 1958 est
665 1932 748 1958 dicere
758 1931 790 1958 de
802 1934 946 1966 everriculo,

184 1984 235 2009 quo
251 1976 330 2007 pisces
348 1975 490 2007 capiuntur.
508 1974 589 2006 Igitur
605 1970 715 2006 Hesych.
737 1971 845 2003 explicat
865 1981 871 1995 ι
891 1975 947 1999 πλέ-

184 2027 256 2048 γματι
270 2019 294 2041 ἐκ
310 2018 419 2047 καλάμων
439 2018 469 2042 εἷς
485 2017 555 2048 θήραν
573 2012 704 2046 ἰχθὺων.])θ
720 2010 879 2036 venatoribus
894 2019 947 2036 non

185 2054 289 2079 memini
297 2053 376 2086 legere
384 2052 434 2077 hoc
450 2051 609 2078 vocabulum.
622 2049 754 2083 Chrysost.
778 2055 799 2074 t.
812 2051 834 2081 1,
846 2059 872 2082 p.
886 2051 945 2082 602,

184 2095 214 2126 A,
225 2091 331 2118 similem
342 2092 491 2116 sententiam
507 2095 609 2122 tractat,
619 2088 662 2113 ubi
673 2094 711 2113 est
724 2093 851 2124 Orjparpov:
866 2093 947 2116 Πολλὰ

185 2138 230 2159 τῶν
246 2136 365 2166 ἀνημέρων
383 2136 445 2162 ζώων
457 2134 492 2156 καὶ
505 2131 672 2164 ἐξηγριωμὲνων
681 2147 688 2159 ,
701 2129 789 2153 ἐπειδὰν
803 2131 845 2154 ὑπὸ
862 2132 946 2161 θάμνον

183 2176 328 2207 κρυπτόμενα
340 2172 405 2204 τύχῃ,
419 2175 458 2198 τῆς
469 2173 508 2195 'rot
520 2172 639 2201 κυνηγέτου
652 2172 722 2198 φωνῆς
734 2169 867 2199 ἀκούσαντα,
880 2171 947 2198 ἐξάλ-

184 2214 249 2238 λεται
266 2213 310 2243 μὶν
329 2213 375 2236 ἀπὸ
393 2212 433 2234 τοῦ
451 2211 527 2242 φόἕου,
540 2209 715 2238 συνελαυνόμενοι
735 2208 758 2230 δὲ
775 2211 803 2239 τῇ
821 2212 860 2236 τῆς
875 2215 945 2241 φωνῆς

183 2254 279 2284 ἀνάγκῃ,
291 2251 328 2274 καὶ
347 2252 432 2274 ἄκοντα
447 2249 555 2275 πολλάκις
566 2248 608 2272 ὑπὸ
624 2250 664 2274 τῆς
674 2249 730 2278 βοῆς
743 2247 904 2278 συνωθούμενοι,
916 2251 945 2277 εἰς

184 2293 243 2316 αὐτὰ
252 2292 359 2321 ἐμπίπτει
371 2291 401 2313 τὰ
412 2290 524 2321 θήρατρα.

217 2327 248 2344 ¹⁵⁸
266 2324 456 2362 ἑκθηριωθὶντας]
467 2330 513 2353 τοῖς
524 2327 611 2353 πάθεσι,
623 2322 709 2356 pravis
726 2322 806 2346 animi
825 2322 943 2355 qffeczio-

183 2368 256 2393 nibus
266 2365 394 2400 efferatos.
407 2365 477 2389 Loco
489 2361 566 2388 modo
578 2360 682 2386 laudato
696 2369 767 2385 sensu
786 2360 873 2386 eodem
890 2366 942 2393 ἐξη-

182 2411 319 2442 γριωμένων.
339 2403 420 2435 Philo,
433 2412 459 2435 p.
477 2402 592 2435 269,1).
613 2403 778 2429 ἑκλελυπηκὼς
790 2405 942 2437 κάκτεθηριω-

182 2451 224 2480 μέν
215 2458 257 2478 νςο,
269 2451 294 2469 el.
306 2453 331 2477 p.
344 2444 401 2474 68⁴,
414 2443 444 2467 F.

218 2487 248 2506 ¹⁵⁹
266 2481 418 2518 ἐμὸαλοῦμεν]
428 2482 494 2506 Bene
505 2479 582 2504 habet
591 2478 712 2503 futurum.
721 2477 814 2503 Similis
826 2485 940 2504 constru-

180 2527 231 2551 ctio
243 2530 281 2550 est
291 2523 366 2556 paulo
378 2527 450 2546 ante.
459 2524 496 2546 κσιὶ
505 2521 563 2546 οὕτω
570 2520 653 2554 ῥᾳδίως
666 2520 745 2547 αὐτοὺς
756 2522 937 2552 ἀνακτησόμεθα

179 2565 262 2590 Malim
275 2571 334 2589 vero
346 2561 387 2586 hic
399 2561 484 2587 etiam.
498 2562 534 2585 καὶ
545 2562 632 2591 ταχέως
643 2558 722 2586 αὐτοὺς
732 2561 761 2586 είς
774 2562 811 2583 τά.

555 174 584 198 S.
612 174 747 197 JOANMS
772 170 957 197 ctmvsosr.
986 171 1140 196 Ancmltl’.
1167 171 1439 198 CONSTANTINOP-

999 233 1077 273 λόγου
1092 234 1229 273 μετάδοτε,
1244 235 1312 275 μήτε
1329 237 1366 269 εἷς
1382 236 1467 266 οἰκίαν
1483 236 1600 273 δέξησθε,
1618 237 1686 277 μήτε
1701 248 1768 278 τρα-

998 280 1080 316 πέζης
1098 282 1291 319 κοινωνήσητε,
1311 282 1379 321 μήτε
1403 283 1561 320 ’55εἷσόδου,
1576 284 1643 323 μήτε
1666 284 1769 320 ἐξόδου,

1000 327 1068 366 μήτε
1088 330 1198 369 ἀγορᾶς·
1218 329 1264 359 καὶ
1287 329 1356 359 οὕτω
1380 330 1474 370 ῥᾳδίως
1500 330 1594 364 αὐτοὺς
1618 332 1768 368 ἀνακτησό-

1000 377 1075 413 μεθα.
1090 375 1144 404 Καὶ
1157 375 1276 416 καθάπερ
1289 378 1314 405 οἱ
1325 376 1433 416 κυνηγοὶ
1451 376 1486 406 τὰ
1504 377 1643 407 δυσάλωτα
1656 379 1708 407 τῶν
1721 381 1769 413 θη-

1001 421 1061 461 ρίων
1072 423 1120 451 οὔκ
1130 420 1158 456 ἐξ
1167 422 1222 455 ἑνὸς
1234 422 1337 462 μέρους,
1348 423 1417 452 ἀλλὰ
1427 422 1464 443 ¹⁵⁶
1469 423 1597 453 πάντοθεν
1607 424 1768 460 ἐλαύνοντες,

999 468 1036 500 εἷς
1050 466 1099 503 τὴν
1121 467 1156 495 ¹⁵7
1163 468 1280 507 σαγήνην
1293 468 1486 508 ἐμὲἄλλουσιν·
1499 469 1569 499 οὕτω
1585 470 1617 507 δὴ
1631 469 1677 500 καὶ
1691 474 1769 510 ἡμεῖς

998 512 1057 547 τοὺς
1078 513 1325 554 ’ὅῧέκθηριωθέντας
1338 515 1537 555 συνελᾶσωμεν,
1553 516 1598 546 καὶ
1616 517 1719 557 ταχέως
1732 520 1768 551 εἰς

998 560 1032 589 τὰ
1046 559 1138 589 δίκτυα
1153 562 1200 596 τῆς
1211 560 1343 600 σωτηρίας
1356 562 1393 588 ¹⁵9
1401 562 1578 602 ἔμὸαλοῦμεν,
1589 565 1666 602 ἡμεῖς
1679 563 1768 593 ἐντεῦ·

998 610 1040 636 θεν
1050 629 1057 643 ,
1071 609 1144 645 ὑμεῖς
1158 608 1265 637 ἐκεῖθεν.
1278 607 1330 637 Ἵν’
1343 603 1388 637 οὖν
1403 611 1481 638 τοῦτο
1495 609 1619 648 γένηται,
1635 609 1679 639 καὶ
1692 612 1768 649 ὑμεῖς

998 656 1062 692 ἡμῖν
1081 653 1346 693 συναγανακτήσατε,
1371 655 1471 693 μᾶλλον
1497 654 1525 684 δὲ
1552 655 1619 696 ὑπὲρ
1643 657 1696 686 τῶν
1720 659 1767 686 τοῦ

998 700 1068 729 Θεοῦ
1085 699 1171 739 νόμων
1193 699 1341 739 ἀλγήσατε,
1358 699 1393 720 ¹⁶⁰
1403 700 1448 729 καὶ
1467 700 1560 740 μικρὸν
1578 702 1767 742 ἀποστράφητε

997 746 1103 778 τούτους
1117 745 1150 774 τὰ
1168 748 1278 775 τοιαῦτα
1284 749 1424 780 νοσοῦντας
1434 746 1479 776 καὶ
1488 750 1706 788 παρανομαἿντας
1713 749 1766 778 τῶν

998 792 1127 831 ἀδελφῶν,
1147 791 1191 821 ἵνα
1210 793 1335 828 διηνεκῶς
1356 791 1450 826 αὐτοὺς
1470 792 1602 834 ’σ’ἔχητε.
1626 794 1696 823 Οὐδὲ
1715 794 1767 834 γὰρ

997 838 1028 868 τὸ
1045 838 1124 878 τυχὸν
1147 840 1209 878 ὑμῖν
1232 837 1330 868 ’65ἕστι
1347 839 1440 879 κρίμα,
1455 840 1479 868 εἰ
1491 839 1620 879 παρίδητε
1635 840 1768 877 τοσαύτην

999 883 1035 904 ¹⁶³
1042 885 1186 921 ἀπώλειαν,
1204 885 1273 915 ἀλλὰ
1288 885 1415 924 μεγίστην
1434 885 1504 920 ἕξετε
1517 886 1656 926 τιμωρίαν.
1671 888 1704 916 Εἰ
1715 886 1768 927 γὰρ

996 932 1023 960 ἐν
1037 934 1095 964 ταῖς
1104 932 1156 960 τῶν
1174 930 1209 956 ’64
1216 930 1360 971 ἀνθρώπων
1372 930 1467 965 οἰκίαις
1489 931 1521 960 ἂν
1534 932 1591 972 ἁλῷ
1605 944 1645 966 τις
1657 935 1710 962 τῶν
1723 935 1766 963 οἶ-

998 979 1082 1006 κετῶν
1104 977 1228 1017 ἀργύριον
1249 977 1267 1013 ἢ
1290 977 1399 1017 χρυσίον
1421 976 1598 1018 ὑφελόμενος,
1620 979 1669 1008 οὐκ
1689 979 1767 1013 αὐτὸς

997 1022 1135 1057 κολάζεται
1148 1022 1226 1062 μόνον
1239 1025 1254 1052 ὁ
1267 1022 1360 1058 ἁλοὺς,
1380 1023 1449 1053 ἀλλὰ
1463 1023 1509 1053 καὶ
1522 1025 1546 1053 οἱ
1558 1024 1703 1058 συνειδότες
1719 1024 1765 1054 καὶ

997 1069 1034 1107 μὴ
1053 1069 1282 1108 καταγγείλαντες,
1297 1071 1388 1109 πολλῷ
1409 1070 1510 1108 μᾶλλον
1529 1069 1572 1099 ἐπὶ
1585 1072 1634 1106 τῆς
1646 1071 1765 1107 Ἐκκλη-

996 1115 1064 1149 σίας.
1081 1115 1155 1156 Ἐρεῑ
1167 1115 1218 1155 γάρ
1233 1126 1274 1145 σοι
1287 1117 1432 1151 τηνικαῦτα
1445 1117 1460 1145 ὁ
1473 1115 1557 1150 Θεός·
1570 1117 1638 1156 ὁρῶν
1652 1117 1705 1146 ἀπὸ
1717 1119 1766 1147 τοῦ

994 1162 1067 1192 οἴκου
1083 1165 1130 1191 τοῦ
1148 1163 1213 1200 ἐμοῦ
1229 1162 1276 1191 οὐκ
1297 1160 1437 1202 ἀργύριον,
1459 1161 1518 1191 οὐδὲ
1535 1164 1651 1202 χρυσοῦν
1673 1165 1766 1196 σκεῦος

994 1207 1108 1243 κλαπὲν,
1128 1207 1196 1237 ἀλλὰ
1216 1207 1387 1247 σωφροσύνην
1403 1208 1575 1244 συληθεῖσαν,
1595 1208 1640 1238 καὶ
1653 1209 1697 1239 τὸν
1713 1210 1762 1239 λα-

994 1253 1074 1283 6όντα
1082 1253 1113 1283 τὸ
1125 1253 1160 1273 ¹⁶⁵
1167 1256 1246 1292 σῶμα
1256 1254 1288 1283 τὸ
1297 1253 1395 1293 τίμιον,
1405 1254 1450 1283 καὶ
1461 1254 1583 1290 τοιαύτης
1595 1256 1764 1296 μετασχόντα

994 1299 1100 1337 θυσίας,
1124 1299 1272 1329 ἀπελθόντα
1292 1301 1329 1332 εἷς
1348 1299 1380 1328 τὸ
1399 1303 1446 1329 τοῦ
1462 1300 1585 1330 διαὸόλου
1604 1301 1762 1342 ’ωχωρίση

993 1346 1038 1375 καὶ
1054 1348 1163 1375 τοιαῦτα
1179 1345 1421 1384 παρανομήσαντα,
1443 1345 1540 1380 ’67πΐὸς
1552 1346 1692 1385 ici-mcum
1706 1350 1764 1382 πῶς

991 1392 1117 1431 ἤνεγκαςς
1135 1393 1192 1424 πῶς
1206 1393 1253 1420 οὗκ
1266 1391 1430 1430 ἀπήγγειλας
1446 1393 1484 1431 τῷ
1503 1393 1582 1431 ἱερεῖς
1601 1394 1646 1423 καὶ
1665 1395 1695 1423 οὐ
1715 1395 1763 1428 τὰς

991 1437 1123 1479 τυχούσας
1134 1437 1304 1477 ἀπαιτηθήσῃ
1314 1436 1428 1471 εὐθύνας.
1439 1436 1493 1467 Διά
1505 1450 1546 1468 τοι
1553 1441 1630 1468 τοῦτο
1640 1439 1686 1469 καὶ
1700 1440 1762 1480 ἐγὼ,

1036 1542 1067 1559 ¹⁶⁰
1084 1545 1121 1570 καὶ
1136 1546 1218 1578 μικρὸν
1228 1544 1401 1579 ἀποστράφητι]
1411 1544 1453 1570 Sic
1465 1543 1561 1570 Codex.
1579 1545 1631 1571 Sed
1642 1546 1742 1572 mallem
1753 1567 1759 1578 ‚

1001 1585 1039 1608 καὶ
1051 1587 1112 1608 κατὰ
1125 1586 1207 1617 μικρὸν
1219 1586 1383 1617 ἀποστρέψετε,
1393 1588 1419 1608 et
1435 1583 1577 1609 secundum
1589 1584 1656 1610 hane
1674 1585 1761 1611 lectio-

1001 1630 1057 1646 nem
1075 1621 1159 1646 loeum
1176 1622 1267 1646 Latine
1283 1623 1405 1647 converti.
1417 1623 1484 1647 Nam
1501 1623 1537 1648 ita
1552 1623 1627 1649 series
1638 1624 1759 1657 postulat.

1000 1659 1230 1694 MomefizlconIus.
1247 1661 1351 1685 Frustra
1363 1660 1431 1686 hunc
1449 1660 1533 1687 locum
1552 1663 1590 1688 vir
1601 1663 1763 1690 doctissimus

1001 1698 1116 1724 tentavit.
1128 1704 1223 1734 Μικρὸν,
1235 1698 1262 1723 id
1275 1704 1326 1730 est,
1338 1705 1428 1735 χρόνον,
1440 1706 1514 1726 notat
1525 1702 1562 1726 ad
1573 1707 1668 1737 tempus
1678 1703 1759 1731 breve.

995 1739 1061 1763 Huic
1072 1747 1132 1763 mox
1144 1738 1282 1771 opponitur
1296 1741 1408 1771 διηνεκῶς,
1422 1749 1527 1774 semper.
1538 1740 1691 1776 Ᾱποστρέφιιν
1709 1748 1760 1770 τινά

996 1783 1034 1802 est
1045 1784 1152 1802 avertere
1167 1778 1278 1812 aliquem
1286 1797 1293 1809 ‚
1304 1777 1374 1811 quod
1385 1779 1464 1804 voluit
1480 1780 1696 1807 montefalconins.
1708 1782 1759 1809 Sed

997 1821 1179 1852 ἀποπρέφεσθαί
1194 1829 1253 1850 τινα,
1273 1817 1343 1851 quod
1361 1817 1440 1844 voluit
1458 1819 1662 1854 Chrysoslomus,
1675 1828 1714 1847 est
1731 1832 1759 1848 se

997 1862 1105 1881 avertem
1120 1856 1153 1880 ab
1169 1856 1266 1891 αἰὶφιο.
1286 1855 1437 1893 Ᾰπιστράφην
1454 1864 1537 1884 autem
1549 1858 1575 1884 h.
1589 1859 1607 1885 l.
1620 1860 1714 1887 dieitur
1725 1863 1758 1887 si—

997 1895 1159 1928 gnificatione
1171 1894 1263 1922 media
1274 1896 1315 1920 Ita
1326 1895 1400 1928 plane
1411 1895 1444 1921 de
1454 1896 1557 1923 homine
1573 1898 1622 1924 isto
1632 1899 1758 1934 flagitioso

996 1933 1065 1966 apud
1083 1933 1227 1959 Corinthios
1244 1933 1323 1959 habet
1339 1934 1493 1962 Theodoret.
1512 1936 1546 1962 ad
1568 1937 1582 1962 2
1607 1938 1666 1964 Cor.
1667 1921 1705 1970 ⁰2,
1718 1942 1755 1965 7·

996 1978 1079 2003 πάντες
1089 1978 1134 2008 γὰρ
1146 1976 1214 2000 αὐτὸν
1224 1978 1408 2009 ἀπεστράφησαν,
1414 1978 1443 2004 ὡς
1453 1979 1565 2002 ἰκέλευσεν
1576 1977 1598 2011 (ὁ
1610 1979 1754 2013 ἀπόστολος).

996 2012 1047 2038 Sed
1064 2012 1132 2037 aliud
1151 2018 1198 2045 est,
1209 2013 1235 2037 in
1253 2022 1305 2046 quo
1320 2013 1435 2046 equidem
1453 2013 1567 2042 offendo.
1581 2016 1647 2041 Nam
1665 2020 1756 2048 τούτου,

995 2052 1031 2076 ita
1041 2051 1124 2076 locum
1133 2051 1226 2076 habere
1237 2053 1331 2085 nequit.
1341 2051 1421 2077 Debet
1431 2052 1521 2079 saltem
1529 2063 1581 2080 esse
1593 2058 1684 2086 τούτους
1694 2060 1754 2087 τοὺς.

995 2090 1119 2124 Equidem
1130 2099 1190 2115 vero
1201 2090 1296 2123 malim,
1303 2096 1465 2127 ἀποστράφητε
1475 2096 1525 2123 τοὺς
1535 2098 1576 2120 τά.
1588 2094 1654 2120 Nam
1664 2099 1756 2128 τούτους

995 2134 1110 2160 νοσοῦντας
1127 2137 1171 2156 τῶν
1181 2133 1282 2165 ἀδελφῶν
1300 2139 1352 2156 non
1363 2137 1401 2156 est
1418 2132 1543 2159 Grmcum.
1556 2134 1665 2166 Oportet
1681 2144 1733 2163 esse
1747 2146 1753 2161 :

994 2172 1045 2199 τοὺς
1055 2173 1172 2199 νοσοῦντας
1181 2176 1226 2196 τῶν
1237 2172 1346 2206 ἀδελφῶν.

1028 2209 1057 2225 ¹⁶¹
1077 2208 1155 2243 ἔχητε]
1165 2209 1283 2234 nimirum
1303 2213 1455 2243 συγκοινωνοὺς
1474 2215 1511 2238 καὶ
1531 2215 1645 2247 ἀδελφοὺς.
1659 2214 1708 2240 Pro
1723 2224 1754 2241 eo

994 2250 1066 2273 estin
1076 2249 1156 2281 Epist.
1170 2247 1203 2273 ad
1215 2248 1319 2273 Philem.
1331 2258 1356 2274 v.
1372 2250 1422 2276 ⁴5
1418 2262 1422 2266 -
1437 2255 1499 2284 τάχα
1510 2256 1555 2286 γὰρ
1567 2255 1604 2279 διὰ
1615 2257 1682 2281 τοῦτο
1694 2258 1753 2288 ἐχω-

992 2292 1057 2322 ρίσθη
1071 2292 1128 2322 πρὸς
1138 2291 1207 2322 ὥραν,
1220 2291 1256 2314 ἶνα
1266 2293 1352 2314 αἰώνιον
1361 2292 1428 2315 αυτὸν
1440 2295 1534 2326 ἀπέχῃς.

1026 2327 1057 2343 ¹’⁶
1075 2328 1139 2360 ἐστι]
1151 2326 1235 2351 Malim
1243 2330 1315 2359 ,ὑμῖν
1327 2331 1397 2355 ἔσται.
1410 2329 1469 2354 Mox
1480 2330 1602 2362 enimest,
1613 2334 1683 2363 ἕξετε.

1025 2365 1056 2382 ¹⁶³
1074 2367 1197 2399 ἀπώλειαν]
1206 2372 1250 2392 τῶν
1261 2369 1369 2402 ἀδελφῶν.

1025 2404 1056 2425 ¹⁶⁴
1074 2405 1207 2440 ἀνθρώπων]
1215 2405 1279 2429 Huic
1291 2414 1351 2430 mox
1362 2408 1499 2439 opponitur
1510 2411 1522 2435 ὁ
1533 2411 1591 2438 οδω,-
1599 2414 1638 2436 τοῦ
1650 2415 1715 2437 θεοῦ.

1024 2443 1055 2458 '⁶⁵
1073 2444 1164 2476 σῶμα]
1158 2452 1182 2468 m
1190 2452 1261 2468 sacra
1272 2452 1355 2474 omna,
1369 2446 1446 2478 cujus,
1460 2451 1487 2471 ut
1498 2445 1751 2481 Christiauueffactus

989 2487 1028 2506 est
1039 2483 1173 2515 particeps.
1186 2483 1250 2507 Ante
1263 2486 1301 2509 τὸν
1313 2486 1412 2510 λαθόντα
1424 2484 1586 2517 repetendum
1597 2489 1664 2522 ὁρῶν.

1023 2520 1054 2536 ¹⁸⁵
1071 2522 1170 2556 χωρίον]
1181 2522 1282 2546 Circum
1294 2528 1319 2547 et
1332 2521 1460 2548 theatrum
1472 2523 1594 2559 intelligit.

1022 2560 1053 2582 ¹⁶7
1071 2560 1131 2594 πῶς]
1141 2562 1312 2594 Constructio‚
1326 2565 1391 2597 ὁρῶν,
1403 2570 1461 2596 πῶς;
