1890 2826
243 139 290 174 56

243 214 276 243 nd
288 214 438 244 humanum
447 213 581 244 auxilium
593 221 618 243 et
631 213 831 243 commilitium.
841 214 881 243 Et
893 214 985 242 humi·
993 210 1023 262 ΜΔΕ

243 260 382 289 liabitur:
396 267 425 290 et
437 261 574 300 lugebunt
588 261 679 290 thecae
697 266 816 290 ornatus
840 261 940 296 vestri,
956 265 986 287 et

242 308 452 348 derelinqueris
469 308 543 343 sola,
558 314 587 336 et
602 307 643 336 ad
660 313 767 337 terram
783 307 983 346 prosterneris.

242 354 294 384 Per
306 353 363 384 haec
374 354 464 383 omnia
477 354 580 384 luctum
592 353 750 394 amplificat,
761 359 840 392 auget
849 352 984 388 timorem,

242 409 371 439 angorem
395 399 485 429 reddit
508 400 648 440 majorem.
668 399 734 429 sub>
752 406 889 440 aspectum
911 397 986 427 ducit

242 456 385 483 ae1·umnas,
406 446 527 476 extendit
540 446 698 476 calamitatis
713 445 902 481 narrationem,
915 454 984 483 quo-

242 503 406 531 quoversum
426 493 649 529 circumcurrens,
662 492 783 532 undique
802 492 889 522 tristia
907 490 985 520 colli-

243 548 307 578 gens
328 539 364 568 oh
386 538 542 568 auditorum
569 539 753 569 stoliditatem.
773 539 842 569 Natu
867 536 985 577 optabile

242 586 334 615 fuisset
349 585 410 615 illas
424 593 462 615 tot
475 586 556 615 minis
567 585 713 625 exagitatas
726 596 781 615 sese
790 585 904 625 erigere,
919 590 945 613 et
959 585 984 612 in

241 642 348 661 sensum
364 633 517 662 futurarum
528 633 709 662 calamitatum
722 632 824 662 venire.
839 631 904 661 Ideo
918 630 983 659 sub-

238 678 331 718 junxit
345 678 373 707 id
386 677 459 717 quod
471 678 623 708 miserabile
634 688 747 718 prorsus
760 688 817 707 esse
830 670 985 712 v'idehatur,

242 724 316 763 quod
339 724 399 766 auri
422 725 526 754 thecam
537 730 693 754 evacuatam
719 723 817 753 visurae
840 729 937 758 essent,
958 722 986 751 in

241 777 445 800 monumentum
457 771 576 811 pristinae
588 770 783 811 prosperitatis,
795 777 826 799 ut
837 780 885 809 per
893 769 986 799 oculos

242 827 383 846 moerorem
403 816 537 856 vigentem
557 823 703 846 servarent.
726 815 834 845 Etenim
852 822 917 845 tunc
937 825 984 844 nos

242 863 327 903 magis
341 873 438 902 angere
456 862 542 892 solent
563 862 742 899 calamitates,
758 872 820 891 cum
843 861 903 891 illas
919 872 985 891 ‚cum

241 908 353 948 pristina
364 908 490 938 felicitate
499 918 685 949 comparamus
695 921 702 944 ;
714 907 877 948 comparatio
885 907 986 947 quippe

241 955 351 995 gravius
363 954 441 984 ulcus
454 954 546 983 efficit.
563 955 620 983 Hoc
634 953 716 993 igitur
729 960 754 982 et
767 953 820 983 Job
834 953 899 982 olim
912 952 985 981 dice-

89 1016 142 1037 Jffl„
159 1022 194 1044 29-
206 1023 227 1038 2.
240 1001 286 1030 bat
299 1013 305 1029 ε
322 1001 393 1039 Quis
407 1011 452 1030 me
459 1006 551 1040 ponat
561 1000 721 1030 secundum
734 1009 858 1029 mensem
873 999 986 1028 dierum

237 1049 427 1087 pristinorum
438 1050 452 1075 Ρ
465 1054 606 1086 narratque
619 1046 729 1076 divitias
742 1056 833 1076 omnes
845 1068 852 1082 ,
867 1052 893 1075 et
915 1045 986 1075 bona

239 1096 292 1126 sibi
306 1095 382 1136 quasi
392 1105 426 1124 ex
435 1094 555 1123 fontibus
567 1092 715 1130 affluentia,
726 1092 853 1129 honores,
866 1102 983 1132 proven-

239 1151 293 1180 tus,
309 1141 477 1183 splendorem
490 1150 606 1175 omnem;
630 1139 668 1168 ita
680 1145 711 1168 ut
724 1139 834 1168 illorum
846 1149 984 1178 compara-

239 1191 311 1220 tione
323 1189 409 1219 multo
424 1187 560 1228 graviores
579 1185 700 1215 ostendat
720 1196 852 1215 aerumnas
865 1195 983 1226 praesen—

240 1244 279 1267 tes
289 1260 296 1274 ,
313 1246 372 1276 quae
396 1236 486 1276 ipsum
510 1239 679 1273 exceperant.
709 1232 790 1269 Quod
812 1232 891 1261 etiam
913 1241 985 1261 nunc

240 1282 370 1323 propheta
394 1281 474 1317 fecit,
488 1280 578 1309 thecas
602 1288 824 1314 commemorans,
842 1288 928 1317 neque
941 1277 985 1307 his

240 1336 389 1366 contentus,
405 1327 466 1357 illas
487 1326 616 1356 inducens
636 1325 769 1365 lugentes.
786 1326 850 1354 Haec
861 1324 933 1354 enim
945 1323 985 1353 di-

240 1375 318 1405 cendi
328 1375 445 1404 formula
457 1373 576 1414 emphasi
589 1372 696 1412 plenior
711 1379 760 1407 est,
773 1382 835 1401 eum
847 1371 912 1401 tales
924 1382 988 1412 pro-
1002 1368 1021 1392 c

241 1421 391 1463 sopopoeias
403 1421 494 1450 efficit.
511 1420 573 1451 Jam
585 1430 649 1459 ergo
668 1426 694 1449 et
707 1419 798 1449 vineas
812 1419 932 1458 lugent&
943 1419 985 1448 in-

241 1468 316 1498 ducit
327 1475 353 1498 et
363 1468 469 1504 vinum,
484 1474 512 1496 ut
524 1466 659 1496 auditores
670 1465 755 1505 magis
768 1471 880 1505 pungat,
889 1471 915 1494 et
926 1464 986 1494 illo—

240 1525 301 1544 rum
313 1513 457 1543 crassitiem
469 1513 588 1552 attingat.
604 1510 679 1549 Quid
691 1517 780 1540 autem
794 1517 843 1547 est,
857 1510 987 1540 Derelin-

241 1563 338 1601 queris
359 1560 426 1589 sola
436 1562 450 1588 Ρ
473 1560 508 1589 Ει
533 1557 753 1594 auxiliatoribus,
771 1557 869 1596 iuquit,
884 1564 910 1587 et
934 1558 986 1587 Dei

241 1606 410 1648 providentia
421 1606 474 1635 eris
482 1616 580 1642 vacua,
589 1612 615 1634 et
625 1604 698 1634 omni
708 1604 762 1634 alio
773 1604 915 1644 splendore
927 1615 986 1645 spo—

240 1654 315 1691 liata,
328 1652 506 1691 hostibusque
529 1650 650 1690 undique
671 1650 767 1686 cincta,
783 1651 811 1679 in
836 1649 986 1689 mediisque

241 1700 367 1730 conclusa
380 1699 513 1728 barbaris.
529 1698 587 1728 Sub
608 1697 664 1727 haec
684 1697 778 1727 volens
790 1697 987 1726 humiliationis

240 1745 454 1788 magnitudinem
466 1744 614 1781 ostendere,
627 1743 682 1773 ait:
696 1744 790 1773 End
804 1750 909 1773 terram
923 1753 987 1783 prc-

241 1795 387 1824 sterneris.
403 1794 463 1825 Non
491 1793 538 1830 ait,
563 1791 663 1827 cades,
687 1792 742 1829 vel,
763 1791 924 1832 Dejicieris3
940 1790 987 1821 sed

242 1840 294 1870 alia
311 1851 376 1869 usus
389 1846 429 1869 est
442 1838 570 1877 dictione,
585 1849 644 1878 quae
659 1838 790 1868 vilitatem
809 1838 868 1877 ejus
881 1847 987 1867 omnem

242 1886 340 1916 clarius
356 1886 526 1926 exprimeret.

516 2025 639 2055 CAPUT
657 2025 710 2054 IV.

246 2122 274 2148 1.
296 2119 332 2149 Et
350 2116 550 2158 apprehendent
570 2123 671 2156 septem
693 2115 819 2145 mulieres
842 2117 869 2145 in
883 2117 927 2146 die
940 2117 987 2147 illa

283 2165 374 2194 virum
388 2173 482 2198 unum,
496 2161 613 2191 dicentes
627 2172 634 2189 ε
648 2163 747 2191 Panem
762 2169 883 2191 nostrum
896 2173 986 2193 come-

283 2210 388 2246 demus,
400 2216 426 2239 et
435 2207 599 2240 vestimentis
609 2207 706 2237 nostris
716 2207 868 2248 operiemur
883 2221 889 2236 ε
906 2216 986 2238 caete-

282 2267 343 2286 rum
364 2265 459 2284 nomen
484 2261 561 2283 tuum
580 2253 718 2283 invocetur
731 2264 812 2293 super
831 2264 896 2292 nos,
911 2255 987 2284 aufer

283 2301 459 2343 opprobrium
474 2307 606 2330 nostrum.

286 2398 312 2425 1.
334 2394 495 2424 Paucitatem
515 2391 637 2422 virorum
661 2402 696 2421 ex
721 2392 794 2422 bello
816 2393 986 2424 residuorum

245 2441 305 2472 vult
322 2438 471 2476 ostendere,
485 2444 512 2467 et
531 2436 667 2476 quomodo
689 2437 724 2466 ad
737 2437 880 2468 minimum
893 2449 988 2470 nume-

246 2498 306 2517 rum
318 2486 440 2516 redactus
451 2484 486 2514 sit
498 2483 615 2525 populus
626 2482 796 2513 Judaeorum.
810 2485 904 2524 Neque
915 2486 987 2516 enim

571 151 599 173 S.
627 151 766 174 JoANle
794 151 976 174 CHRYSOST.
1008 152 1160 176 ARCHIEP.
1188 154 1460 178 CONSTANTINOP-

1039 213 1211 250 πενθήσουσιν
1225 217 1252 245 αἱ
1275 218 1353 252 θῆκαι
1375 218 1422 245 τοῦ
1435 216 1535 256 κόσμου
1555 218 1638 256 ὑμῶν,
1661 218 1705 247 καὶ
1727 230 1810 248 κατα-

1039 259 1166 300 λειφθήσῃ
1185 261 1271 300 μόνη,
1289 262 1334 292 καὶ
1359 263 1395 295 εἷς
1419 261 1469 298 τὴν
1489 264 1538 302 γῆν
1559 263 1732 303 ἔδαφισθήση.
1757 265 1810 294 Διὰ

1039 304 1144 335 πάντων
1157 306 1228 341 αὔξει
1241 306 1286 336 τὸν
1297 309 1400 347 θρῆνον,
1416 307 1539 337 ἐπιτείνει
1548 308 1593 338 τὸν
1613 308 1702 349 φόὸον,
1716 310 1809 349 ἀκμά-

1039 351 1131 385 ζουσαν
1139 352 1188 389 ιὴν
1196 353 1309 392 ἀγωνίαν
1320 353 1473 393 ἐργάζεται,
1486 355 1531 383 ὑπ’
1542 353 1602 394 ὄψιν
1611 354 1670 394 ἄγει
1679 355 1713 385 τὰ
1723 356 1808 392 δεινὰ,

1037 396 1137 436 εὐρύνει
1154 400 1202 434 τῆς
1214 404 1350 440 συμφορᾶς
1369 399 1417 435 τὴν
1427 399 1560 437 διήγησιν,
1574 403 1712 441 πανταχοῦ
1729 413 1807 442 περι-

1038 442 1151 483 τρέχων,
1165 444 1292 475 πάντοθεν
1306 445 1424 484 συνάγων
1448 445 1482 474 τὰ
1503 445 1611 486 λυπηρὰ
1624 445 1667 475 διὰ
1686 446 1735 483 τὴν
1756 449 1810 476 τῶν

1038 489 1183 520 ἀκουόντων
1194 491 1378 527 ἀναισθησίαν.
1394 491 1542 530 Ἀγαπητὸν
1556 491 1607 532 γὰρ
1621 487 1653 527 ἦν
1668 491 1810 526 τοσαύταις

1038 535 1242 575 κατασειομένας
1257 536 1339 570 αὐτὰς
1353 538 1474 571 ἀπειλαῖς
1488 539 1644 576 ἀνενεγκεῖν,
1659 538 1704 567 καὶ
1716 538 1809 568 λαὸεῖν

1038 580 1157 618 αἴσθησιν
1171 583 1222 611 τῶν
1243 582 1392 622 μελλόντων
1406 583 1590 621 συμὸήσεσθαι
1604 585 1740 624 λυπηρῶν.
1755 584 1808 614 Διὰ

1038 627 1070 663 δὴ
1083 630 1160 658 τοῦτο
1172 628 1217 658 καὶ
1228 628 1370 669 ἐπήγαγεν,
1384 629 1398 658 ὃ
1412 628 1512 669 σφόδρα
1524 629 1634 659 ἐλεεινὸν
1649 625 1715 659 εἶναι
1728 630 1808 667 δοκεῖ,

1037 672 1182 713 τὸχρυσίου
1197 674 1280 711 θήκην
1294 677 1357 715 ὁρᾷν
1379 674 1578 714 κεκενωμένην,
1589 676 1737 716 ὓπόμνημα
1756 679 1806 712 τῆς

1038 720 1152 755 παλαιᾶς
1164 721 1307 760 εὐπραγίας
1315 744 1322 758 ,
1334 721 1376 750 διὰ
1388 723 1435 757 τῆς
1446 721 1529 761 ὅψεως
1539 721 1708 761 ἀκμάζουσαν
1720 723 1809 758 διατη-

1040 767 1098 805 ροῦν
1119 765 1167 802 τὴν
1188 766 1328 806 ἀλγηδόνα.
1352 767 1405 796 Καὶ
1426 767 1477 807 γὰρ
1501 767 1561 797 τότε
1575 768 1692 807 μάλιστα
1706 768 1809 799 δάκνειν

1039 813 1106 850 ὑμᾶς
1116 810 1237 842 εἰώθασιν
1259 814 1287 841 αἱ
1301 813 1448 852 συμφοραὶ,
1460 812 1521 842 ὅταν
1545 813 1626 847 αὐτὰς
1639 818 1697 848 ταῖς
1711 815 1808 854 πρατέ-

1040 868 1096 896 ραις
1107 857 1319 898 παραόάλλωμεν
1330 858 1495 898 εὐημερίαις·
1514 859 1559 888 καὶ
1573 862 1590 895 ἡ
1607 859 1743 900 σύγκρισις
1753 872 1809 901 χα-

1038 903 1186 944 λεπώτερον
1205 903 1236 934 τὸ
1257 904 1333 937 ἕλκος
1347 904 1495 944 ἐργάζεται.
1508 906 1596 935 Τοῦτο
1606 908 1669 944 γοῦν
1687 918 1751 936 ποτε
1762 908 1808 937 καὶ

1038 950 1052 977 ὁ
1067 948 1130 978 ’1ὼὸ
1155 951 1255 989 θρηνῶν
1279 950 1368 990 ἔλεγε·
1395 950 1445 983 Τίς
1470 950 1502 979 ἄν
1525 962 1558 989 με
1578 950 1634 986 θείη
1657 952 1725 990 μετὰ
1737 954 1808 991 μῆνα

1039 996 1145 1033 ἡμερῶν
1158 996 1210 1024 viiiv
1233 994 1394 1036 ἔμπροσθενς
1415 995 1460 1025 καὶ
1484 996 1614 1035 διηγεῖται
1631 996 1676 1026 τὸν
1694 998 1808 1027 πλοῦτον

1039 1041 1143 1070 ἅπαντα
1151 1062 1160 1076 ,
1173 1040 1263 1071 καὶτὰ
1274 1041 1364 1081 ὥσπερ
1375 1043 1405 1071 ἐκ
1418 1043 1512 1081 πηγῶν
1531 1041 1686 1082 ἐπιῤῥέοντα
1699 1042 1785 1082 ἀγαθὰ
1795 1066 1803 1078 ,

1039 1085 1086 1119 τὰς
1097 1085 1192 1125 τιμὰς,
1211 1086 1257 1121 τὰς
1269 1086 1425 1127 προσόδους,
1442 1086 1490 1122 τὴν
1505 1087 1676 1127 περιφάνειαν
1690 1087 1807 1124 ἅπασαν,

1038 1131 1107 1162 ὥστε
1120 1134 1153 1173 τῇ
1169 1133 1303 1173 συγκρίσει
1315 1133 1415 1162 τούτων
1433 1134 1524 1173 πολλῷ
1538 1133 1714 1174 χαλεπώτερα
1725 1133 1808 1169 δεῖξαι

1038 1178 1071 1208 τὰ
1081 1178 1199 1219 παρόντα
1211 1179 1255 1208 καὶ
1268 1179 1445 1219 κατειληφότα
1463 1180 1540 1209 αὐτὸν
1555 1179 1637 1209 δεινά.
1658 1179 1696 1210 ⁶0
1710 1179 1743 1216 δὴ
1762 1182 1808 1211 καὶ

1038 1226 1052 1253 ὁ
1065 1224 1201 1264 προφήτης
1212 1227 1257 1254 νῦν
1272 1225 1394 1262 ἐποίησε,
1408 1226 1460 1254 τῶν
1475 1226 1562 1261 θηκῶν
1576 1225 1745 1265 ἀναμνήσας,
1759 1226 1805 1256 καὶ

1037 1270 1096 1300 οὐδὲ
1114 1269 1215 1304 τούτοις
1237 1270 1384 1310 ἀρκεσθεὶς,
1398 1270 1466 1300 ἀλλὰ
1488 1270 1533 1300 καὶ
1555 1271 1705 1310 εἰσαγαγὼν
1726 1272 1807 1305 αὐτὰς

1037 1315 1189 1349 πενθούσας.
1203 1316 1450 1357 Ἐμφαντικᾶντερον
1463 1316 1514 1356 γὰρ
1526 1319 1603 1346 τοῦτο
1620 1320 1667 1346 τοῦ
1682 1317 1760 1356 λόγου
1776 1318 1808 1347 τὸ

1037 1357 1116 1399 εἶδος,
1129 1362 1190 1391 ὅταν
1202 1361 1325 1395 τοιαύτας
1338 1362 1480 1402 ἐργάζηται
1494 1363 1720 1402 προσωποποιίας.
1734 1362 1805 1400 Ἤδη

1035 1411 1097 1447 γοῦν
1109 1407 1155 1437 καὶ
1166 1407 1299 1446 ἀμπέλους
1307 1407 1451 1447 θρηνούσας
1465 1408 1563 1447 εἰσάγει
1572 1430 1581 1445 ,
1593 1408 1638 1438 καὶ
1648 1404 1725 1446 οἶνον,
1737 1408 1807 1440 ὥστε

1038 1454 1138 1493 μᾶλλον
1151 1453 1304 1483 καθικέσθαι
1316 1455 1368 1482 τῶν
1387 1454 1571 1493 ἀκροωμένων,
1585 1454 1630 1483 καὶ
1652 1456 1699 1490 τῆς
1721 1455 1807 1495 παχύ-

1037 1511 1115 1535 τητος
1130 1500 1216 1529 αὐτῶν
1228 1498 1407 1539 καθάψασθαι.
1424 1499 1460 1529 Τί
1469 1499 1497 1528 δέ
1511 1501 1567 1529 ἐστι
1576 1523 1584 1536 ‚
1598 1501 1807 1541 Καταλειφθήσῃ

1038 1545 1119 1584 μόνη,
1137 1544 1190 1575 Καὶ
1202 1545 1361 1585 συμμάχων,
1376 1546 1459 1585 φησὶ,
1472 1546 1516 1574 καὶ
1530 1548 1578 1581 τῆς
1594 1549 1640 1576 τοῦ
1659 1548 1730 1577 Θεοῦ
1743 1558 1808 1586 προ·

1038 1592 1109 1625 νοίας
1122 1593 1287 1632 ἐρημωθεῖσα
1298 1614 1306 1629 ,
1315 1591 1360 1621 καὶ
1373 1593 1421 1627 τ’ῆς
1431 1593 1514 1628 ἄλλης
1521 1592 1691 1632 περιφανείας
1701 1605 1806 1632 γυμνω-

1039 1642 1112 1668 θεῖσα
1133 1637 1237 1675 πάσης,
1259 1637 1305 1667 καὶ
1327 1637 1492 1678 πανταχόθεν
1513 1638 1564 1667 ὑπὸ
1590 1641 1641 1668 τῶν
1667 1639 1804 1678 πολεμίων

1038 1683 1219 1724 κυκλουμένη,
1232 1683 1278 1714 καὶ
1290 1685 1316 1714 ἐν
1342 1683 1431 1723 μέσοις
1445 1684 1632 1723 ἀπειλημμένη
1653 1684 1806 1725 βαρὸάροις.

1039 1726 1107 1761 Εἶτα
1125 1730 1172 1767 τὴν
1193 1729 1341 1770 ὓπερὸολὴν
1365 1731 1412 1765 τῆς
1434 1730 1615 1764 ταπεινώσεως
1635 1733 1808 1770 παραστῆσαι

1039 1777 1130 1814 θέλων,
1143 1775 1208 1817 φησί
1217 1787 1223 1794 ·
1238 1775 1291 1806 Καὶ
1305 1777 1341 1809 εἷς
1350 1775 1399 1812 τὴν
1409 1778 1457 1815 γῆν
1472 1776 1644 1816 ἐδαφισθήσῃ.
1656 1776 1727 1806 Οὐδὲ
1737 1776 1808 1814 πέσῃ

1037 1818 1119 1858 εἶπεν,
1134 1821 1192 1852 οὐδὲ
1200 1843 1209 1858 ,
1224 1821 1403 1861 κατενεχθήσῃ
1414 1844 1421 1857 ,
1436 1822 1494 1851 ἀλλ’
1507 1822 1584 1862 ἑτέρᾳ
1597 1822 1666 1856 λέξει
1679 1821 1808 1862 σαφέστε-

1040 1880 1083 1909 ρον
1094 1867 1277 1907 ἐνδεικνυμένῃ
1294 1867 1341 1903 τὴν
1356 1867 1488 1896 εὖτελειαν
1513 1869 1593 1903 αὐτῆς
1614 1867 1719 1897 ἅπασαν
1739 1870 1802 1897 ἀπε-

1038 1914 1166 1955 χρήσατο.

1323 2020 1462 2049 κΕΦΑΛ.
1485 2019 1529 2064 δ’,

1005 2121 1025 2146 Ι)
1041 2113 1093 2143 Καὶ
1107 2111 1283 2152 ἐπιλήψονται
1298 2110 1365 2140 ἑπτὰ
1379 2115 1499 2150 γυναῖκες
1520 2113 1548 2140 ἐν
1561 2113 1594 2151 τῇ
1608 2110 1696 2151 ἡμέρᾳ
1719 2111 1807 2151 ἐκείνῃ

1079 2157 1216 2199 ἀνθρώπου
1231 2156 1298 2193 ἐνὸς,
1311 2156 1436 2195 λέγουσαι
1445 2168 1451 2174 ·
1466 2157 1510 2186 τὸν
1526 2157 1604 2196 ἄρτον
1623 2159 1700 2195 ἡμῶν
1721 2158 1809 2197 φαγώ-

1081 2207 1162 2243 μεθα,
1175 2203 1220 2233 καὶ
1230 2202 1264 2232 τὰ
1273 2202 1366 2241 ἱμάτια
1379 2204 1455 2241 ἡμῶν
1464 2202 1683 2242 περιὸαλώμεθα·
1696 2202 1766 2238 πλὴν
1778 2203 1810 2232 τὸ

1081 2249 1163 2289 ὄνομά
1176 2261 1222 2279 σου
1236 2248 1374 2284 κεκλήσθω
1396 2249 1435 2287 ἐφ’
1462 2251 1546 2287 ἡμᾶς,
1561 2249 1639 2288 ἄφελε
1653 2249 1698 2278 τὸν
1712 2250 1807 2278 ὀνειδι-

1081 2296 1147 2335 σμὸν
1156 2296 1246 2334 ἡμῶν.

1081 2388 1139 2425 Τὴν
1160 2388 1193 2417 ἐκ
1217 2389 1263 2417 τοῦ
1289 2385 1406 2424 πολέμου
1435 2386 1574 2425 συμὸᾶσαν
1599 2386 1808 2425 ὀλιγανθρωπίαν

1040 2436 1156 2475 ἐμφῆναι
1169 2432 1305 2474 βούλεται,
1316 2432 1428 2465 καὶπῶς
1442 2433 1478 2466 εἷς
1492 2432 1631 2472 ἐλάχιστον
1642 2431 1783 2472 ’περιέστη
1794 2435 1809 2462 ὀ

1041 2481 1124 2520 δῆμος
1136 2481 1188 2509 τῶν
1205 2477 1348 2508 Ἰουδαίων.
1364 2477 1434 2508 Οὐδὲ
1447 2477 1498 2517 γὰρ
1523 2477 1686 2516 προστασίας
1705 2476 1807 2517 ἔφησαν

276 2575 286 2586 a
302 2564 390 2590 Morel.
407 2569 433 2588 et
443 2562 577 2588 navat-icus
587 2563 703 2596 neptim-n·
716 2561 776 2594 Reg.
791 2568 816 2587 et
827 2562 906 2588 savit.
920 2568 1042 2598 περίεττιν,
1055 2565 1137 2588 miuus
1149 2568 1226 2588 recte.
