1890 2826
710 178 743 201 ΙΝ
770 177 900 208 ISAIAM,
928 177 1005 200 GAP.
1036 178 1095 201 vn.

116 245 200 272 ποιεῖν
224 241 314 278 εἴωθε,
338 242 386 276 τῆς
412 239 503 281 κυρίας
526 239 742 279 παραγενομένης
766 238 883 279 ἡμέρας,

115 287 309 318 α’ναὸάλλεσθαι
322 286 368 316 καὶ
382 286 557 316 ἀναδύεσθαι·
575 287 589 316 ὃ
600 286 646 316 καὶ
668 288 716 321 τῆς
739 287 818 314 αὐτοῦ
840 295 883 324 φι-

114 334 281 374 λανθρωπίας
294 333 436 373 τεκμήριον
451 333 584 373 μέγιστον,
598 333 644 362 καὶ
662 335 710 368 τῆς
730 331 883 372 ἀγνωμοσύ-

114 391 161 415 νης
173 381 226 408 τῶν
245 380 294 409 οὔκ
312 378 451 408 ἐθελόντων
465 380 502 412 εἷς
515 378 572 408 δέον
592 380 671 408 αὐτοῦ
689 380 836 426 κεχρῆσθαι
850 380 883 417 τῇ
899 377 918 400 ’ἶ

115 425 283 465 μακροθυμίᾳ
297 425 427 459 ἀπόδειξις
438 425 600 465 σαφεστάτη.
621 426 708 454 Τοῦτο
723 427 767 454 οὖν
781 423 827 453 καὶ
840 425 883 452 ἐν·-

114 472 198 501 ταῦθά
207 483 295 512 φησιν,
308 470 349 501 ὅτι
360 471 413 501 ἀπὸ
423 472 482 501 τότε
493 474 510 507 ἡ
525 470 635 507 ἀπειλὴ,
650 470 703 500 ἀπὸ
713 471 772 500 τότε
787 473 804 505 ἡ
817 469 882 499 ἀπό-

115 529 201 557 φασις,
216 519 247 546 ἐκ
255 516 314 546 τότε
322 519 340 553 ἡ
349 517 474 553 θεήλατος
481 517 556 558 ὀργὴ,
565 517 609 546 ἵνα
618 517 662 546 ἐπὶ
673 516 763 556 θύραις
776 514 882 554 ἀγαγὼν

113 562 162 599 τὴν
181 563 320 603 τιμωρίαν,
335 563 496 601 διαναστήσῃ
518 563 583 603 πρὸς
598 562 747 602 μετάνοιαν,
767 561 884 601 βελτίους

112 608 273 648 ἐργάσηται,
289 609 334 638 καὶ
349 608 416 648 μετὰ
430 609 479 645 τὴν
493 609 598 638 ἐκείνων
616 608 714 638 ἅλωσιν
733 609 759 637 ἐν
783 607 883 647 ἀγωνίᾳ

111 654 282 694 καταστήσῃ,
307 654 384 694 μηδὲ,
402 655 492 691 ἐπειδὴ
506 651 593 694 οἱμὲν
611 654 807 694 ἀπηνέχθησαν,
820 654 845 683 οἱ
859 653 887 683 δὲ

111 700 241 740 διέφυγον,
256 701 429 741 ῥᾳθυμότεροι
448 701 531 741 ταύτῃ
546 701 683 741 γένωνται.
702 701 755 730 Καὶ
769 700 845 730 ἔσται
859 701 886 729 ἐν

110 749 145 787 τῇ
155 747 244 788 ἡμέρα
256 748 352 786 ἐκείνῃ,
366 752 451 788 συριεῖ
463 747 558 788 Κύριος
568 747 666 787 μυίαις,
681 747 709 777 αἳ
720 747 888 788 κυριεύσουσι

112 792 208 832 μέρους
215 796 337 832 ποταμοῦ
346 793 492 833 Αἰγύπτου.
503 793 585 834 Ὁρᾷς
592 796 628 826 ὥς
641 795 670 822 οὗ
682 793 768 832 μάτην
788 793 887 832 ἔλεγον,

109 838 152 868 ὅτι
172 838 217 868 τὸν
239 838 319 878 φόὸον
333 839 447 874 αὐξῆσαι
463 840 635 879 βουλόμενος,
651 838 703 868 ἀπὸ
717 841 765 875 τῆς
784 839 885 879 ἡμέρας

110 884 231 921 ’ἐκείνης
249 884 360 914 ἐπισείει
373 884 422 921 τὴν
436 885 556 920 ἀπειλήν.
577 885 634 925 Tit}-
644 887 706 924 γοῦν
726 885 785 920 ἑξῆς
807 888 884 914 τοῦτο

110 930 202 966 δηλοῖ,
222 930 256 958 δι’
275 925 312 959 ὧν
336 930 438 970 ἐπαίρει
454 931 497 960 τὸν
518 931 656 971 φόὸωξτῷ
673 930 761 970 λόγῳ,
785 931 830 960 καὶ
850 929 884 959 τὰ
899 933 918 956 Ι)

110 975 276 1015 στρατόπεδα
290 977 377 1009 αὐτοῖς
391 977 459 1012 δῆλα
470 979 562 1012 ποιῶν,
577 976 645 1017 ἅπερ
659 973 690 1013 ἦν
705 979 792 1010 αὐτοῖς
805 976 882 1017 φοὸε-

110 1019 217 1060 ρώτατα
228 1044 237 1057 ,
251 1021 296 1050 καὶ
309 1022 358 1058 τὴν
371 1022 491 1052 εὐκολίαν
504 1024 551 1057 τῆς
565 1022 656 1062 ἐφόδου
674 1023 770 1059 δηλῶν,
790 1022 804 1051 ὃ
824 1024 881 1060 μεθ’

110 1066 258 1105 ὓπερὸολῆς
272 1067 365 1100 αὐτοὺς
378 1067 499 1097 κατέσειε
510 1090 518 1104 ,
532 1066 580 1097 Ι’τὸ
591 1069 689 1103 πλῆθος
702 1070 749 1103 τῆς
759 1073 884 1107 στρατιᾶς

112 1111 258 1150 ἐμφαίνων,
272 1112 287 1141 8
301 1113 418 1150 μάλιστα
432 1115 517 1142 αὐτῶν
532 1112 654 1148 ἐξέστησε
673 1112 722 1149 τὴν
745 1113 860 1142 διάνοιαν
877 1126 884 1132 ·

111 1159 195 1185 ταῦτα
210 1157 237 1186 δὲ
251 1157 355 1186 ἅπαντα
373 1158 416 1187 διὰ
435 1160 487 1187 τῶν
509 1158 567 1194 ἑξῆς
586 1158 702 1198 ᾐνίξατο.
723 1158 824 1188 Σκόπει
845 1160 881 1189 δέ.

112 1201 166 1231 Καὶ
181 1202 256 1232 ἔσται
269 1205 296 1232 ἐν
313 1205 346 1243 τῇ
358 1204 446 1244 ἡμέρᾳ
460 1204 546 1244 ἐκείνῃ
558 1227 566 1240 ,
588 1205 667 1244 φησὶ,
685 1209 770 1245 συριεῖ
785 1206 882 1245 Κύριος

111 1248 208 1287 μυίαις.
231 1249 362 1279 Ἐνταῦθα
391 1250 469 1289 μυίας
494 1250 554 1284 τοὺς
577 1252 737 1291 Αἰγυπτίους
761 1252 880 1288 ἐκάλεσε,

112 1292 156 1322 διὰ
165 1293 196 1322 τὸ
209 1295 312 1328 ἀναιδὲς
325 1295 370 1324 καὶ
384 1295 568 1336 ἀναίσχυντον,
581 1297 626 1325 καὶ
639 1296 679 1326 ὅτι
691 1299 808 1337 συνεχῶς
821 1298 876 1327 δια-

111 1340 264 1379 κρουόμενοι
282 1343 398 1381 συνεχῶς
412 1342 541 1381 ἐπῄεσαν,
555 1342 599 1372 καὶ
619 1343 678 1372 οὐδὲ
698 1345 791 1383 μικρὸν
815 1346 880 1373 ἀνα-

109 1390 183 1415 πνεῖν
198 1387 361 1427 συνεχώρουν
369 1408 377 1422 ,
391 1388 460 1417 ἀλλὰ
472 1388 553 1428 μυρία
566 1393 693 1429 παρεῖχον
706 1391 793 1423 αὐτοῖς
806 1391 878 1431 πρά-
896 1396 913 1419 Ε

110 1443 200 1471 γματα
220 1433 363 1468 πολλάκις,
377 1434 495 1474 καθάπερ
509 1437 536 1464 αἱ
551 1439 626 1474 μυῖαι
646 1440 700 1469 τοῖς
721 1436 879 1476 τραύμασιν,

111 1477 180 1507 οὕτω
201 1478 327 1513 διηνεκῶς
347 1485 406 1513 ταῖς
426 1479 524 1509 τούτων
539 1482 701 1521 ἐφιζάνοντες
723 1487 878 1523 συμφοραῖς.

111 1523 228 1557 Τούτους
248 1521 292 1554 οὖν
306 1528 317 1541 ‘²
327 1525 392 1562 ἕξει,
411 1526 502 1566 φησὶν,
516 1529 531 1556 ὁ
544 1528 620 1561 Θεός.
636 1528 705 1557 Ἀλλ’
728 1531 776 1558 οὐκ
796 1525 877 1565 εἶπεν,

110 1569 199 1606 αὔξει,
215 1570 284 1599 ἀλλὰ
295 1572 386 1611 Συριεῖ
395 1593 403 1606 ,
414 1572 462 1608 τὴν
478 1572 598 1602 εὐκολίαν
612 1573 745 1614 ἐμφαίνων
756 1576 804 1610 τῆς
820 1575 879 1604 ἀνό-

111 1617 166 1650 δου,
177 1616 222 1645 καὶ
234 1617 264 1645 τὸ
281 1617 386 1656 ἄμαχον
403 1620 451 1653 τῆς
470 1622 515 1648 τοῦ
529 1621 599 1648 Θεοῦ
615 1620 764 1658 δυνάμεως,
780 1620 825 1650 καὶ
838 1621 878 1650 ὅτι

109 1662 187 1700 ἀρκεῖ
199 1664 289 1690 νεῦσαι
303 1662 391 1699 μόνον,
411 1663 456 1692 καὶ
473 1664 560 1692 πάντα
572 1665 674 1694 ἕπεται.
698 1666 751 1695 Καὶ
773 1666 878 1699 εἰκότως
886 1691 910 1710 3⁶

112 1707 166 1735 ἀπὸ
177 1706 277 1736 τούτων
291 1707 416 1746 πρότερον
431 1708 543 1748 ἄρχεται
563 1712 610 1744 τῆς
629 1711 757 1747 ἀπειλῆς,
777 1706 812 1739 ὧν
827 1711 878 1746 ἤδη
896 1719 915 1741 Λ

112 1757 205 1792 πεῖραν
221 1753 354 1792 εἰλήφασι.
375 1754 428 1783 Καὶ
441 1756 481 1793 τῇ
499 1755 626 1795 μελίσσῃ,
640 1756 658 1791 ἥ
672 1758 742 1785 ἐστιν
757 1758 784 1785 ἐν
804 1756 880 1796 χώρᾳ

113 1798 264 1838 Ἀσσυρίων.
283 1802 294 1814 “
303 1799 337 1828 Ὁ
357 1799 440 1839 Σύρος
455 1800 499 1828 καὶ
510 1803 524 1829 ὁ
535 1800 658 1841 Ἑὸραῑος
667 1825 674 1838 ,
688 1801 724 1835 ὥς
740 1814 818 1842 φασιν
828 1824 836 1837 ,
850 1804 879 1831 οὗ

112 1844 234 1884 λέγουσι,
249 1845 390 1883 μελίσσας,
406 1846 491 1883 ἀλλὰ,
514 1848 631 1887 Σφῆκας.
647 1848 758 1884 Ἐπειδὴ
781 1848 832 1888 γὰρ
851 1850 879 1877 οὗ

111 1891 213 1931 σφόδρα
238 1893 324 1920 αὐτῶν
345 1888 412 1928 ἦσαν
431 1894 457 1921 ἐν
477 1893 574 1933 πείρα,
595 1897 628 1934 τῇ
647 1894 726 1923 εἰκόνι
746 1899 792 1924 τοῦ
815 1895 879 1929 ζώου

113 1939 150 1970 εἷς
163 1937 264 1973 πολλὴν
287 1938 381 1971 αὐτοὺς
400 1938 538 1968 ἐνέὸαλλεν
560 1940 692 1979 ἀγωνίαν,
715 1941 746 1970 τὸ
769 1941 880 1981 σφοδρὸν

113 1985 216 2020 αὐτῶν,
237 1984 269 2013 τὸ
294 1985 460 2022 πληκτικὸν,
484 1985 515 2014 τὸ
537 1987 679 2025 ἀμυντικὸν
692 2009 700 2022 ,
727 1987 758 2016 τὸ
787 1988 880 2028 πικρὸν

113 2030 166 2058 τῶν
178 2030 345 2069 τραυμάτων,
360 2030 390 2059 τὸ
412 2031 480 2071 ταχὺ
501 2034 549 2067 τῆς
567 2032 726 2071 παρουσίας,
740 2033 770 2062 τὸ
785 2034 880 2074 δυσφύ-

113 2075 208 2104 λακτον
223 2075 266 2105 διὰ
278 2079 324 2105 τοῦ
342 2075 408 2110 ζώου
421 2077 514 2106 τούτου
529 2078 624 2113 δηλῶν.
640 2079 693 2108 Καὶ
712 2079 862 2109 ἐλεύσονται
873 2103 880 2117 ,

114 2121 161 2149 καὶ
173 2121 368 2151 ἀναπαύσονται
381 2122 478 2156 πάντες
491 2125 518 2152 ἐν
533 2128 590 2157 ταῖς
603 2124 716 2164 φάραγξι
731 2128 777 2161 τῆς
793 2125 882 2166 χώρας

116 2166 161 2194 καὶ
177 2167 204 2195 ἐν
216 2171 274 2200 ταῖς
288 2167 419 2207 τρώγλαις
433 2171 485 2197 τῶν
507 2172 623 2209 πετρῶν,
638 2171 682 2200 καὶ
700 2172 738 2204 εἷς
756 2172 790 2200 τὰ
809 2172 881 2207 σπή-

116 2211 194 2248 λαια,
219 2212 265 2241 καὶ
285 2215 322 2246 ιίς
342 2220 430 2244 πᾶσαν
454 2215 555 2254 ῥαγάδα
569 2239 577 2253 ,
595 2216 640 2245 καὶ
661 2218 688 2246 ἐν
706 2218 785 2246 παντὶ
804 2218 880 2258 ξύλῳ.

1634 181 1682 216 99

939 238 978 268 vit
990 261 1000 275 ,
1028 245 1058 268 ut
1076 249 1140 269 cum
1160 239 1309 279 assignatus
1333 239 1392 269 dies
1417 239 1566 278 advenerit,
1593 239 1683 270 adhuc

938 285 1114 324 proerastiuet
1137 292 1162 315 et
1188 292 1328 316 cunctetur
1339 297 1349 323 ;
1374 285 1448 325 quod
1472 293 1510 315 est
1533 286 1681 317 maximum

938 331 1084 360 clementiae
1108 332 1167 372 ejus
1191 331 1340 369 indicium,
1367 342 1468 361 necnon
1495 340 1682 372 argumentum

937 378 1112 418 conspicuum
1127 378 1222 418 ingrati
1236 389 1328 408 eorum
1342 378 1436 414 animi,
1449 378 1496 417 qui
1515 380 1574 418 ejus
1587 378 1682 408 indul-

936 423 1025 460 gentia
1045 423 1158 460 nolunt,
1181 430 1212 452 ut
1230 433 1280 463 par
1293 429 1372 459 esset,
1387 423 1438 452 uti.
1466 423 1523 452 Hoc
1548 422 1631 462 igitur
1645 423 1682 452 ait

936 467 1071 505 hocloco,
1097 470 1153 509 jam
1179 476 1242 498 tunc
1262 479 1357 509 nempe
1368 468 1613 506 comminationem,
1626 470 1683 509 jam

936 519 1001 542 tunc
1021 513 1142 544 divinam
1157 515 1226 544 iram
1237 514 1365 550 adfuisse,
1380 521 1411 543 ut
1419 514 1554 554 supplicio
1567 514 1603 543 ad
1613 515 1683 551 sores

937 560 1065 599 adducto,
1080 562 1207 592 excitaret
1229 562 1264 592 ad
1284 562 1477 602 poenitentiam,
1493 562 1616 591 meliores
1624 562 1684 592 red-

938 606 1023 643 deret,
1032 614 1058 637 et
1070 615 1131 648 post
1146 608 1258 637 illorum
1269 607 1407 638 excidium
1430 608 1458 637 in
1476 618 1576 647 angore
1589 608 1685 638 consti-

939 659 1036 689 tueret,
1056 664 1151 693 neque,
1167 654 1230 693 quia
1248 654 1292 683 illi
1305 653 1414 683 abducti
1428 654 1543 689 fuerant,
1563 653 1592 682 hi
1618 664 1683 683 vero

939 700 1099 740 effugerant,
1120 700 1180 730 ideo
1191 701 1326 741 segniores
1337 700 1441 730 fierent.
1457 700 1507 731 18.
1532 701 1559 730 E
1562 706 1573 729 t
1586 702 1638 730 erit
1651 702 1683 730 in

940 747 988 775 die
1014 747 1081 782 illa,
1100 748 1231 776 sibilabit
1249 749 1392 776 Dominus
1417 748 1533 784 muscis,
1546 758 1611 785 quoe
1629 749 1681 777 do-

939 793 1128 822 minabuntur
1138 795 1218 833 parti
1220 793 1359 835 fluminis
1370 794 1510 833 AEgypti.
1524 793 1625 823 Viden’
1639 805 1682 823 me

937 850 990 869 non
1005 840 1102 869 frustra
1121 839 1231 876 dixisse,
1246 840 1335 880 ipsum
1357 846 1457 869 metum
1472 850 1570 878 augere
1588 840 1681 870 volen-

937 893 1002 923 tem,
1027 887 1062 916 ab
1076 887 1125 916 illa
1143 886 1188 916 die
1212 886 1444 916 comminationem
1463 885 1596 915 intulisse.
1614 887 1681 923 Qnae

935 940 1085 971 sequuntur
1095 933 1184 971 itaque
1196 933 1248 961 hoc
1261 931 1389 967 indicant,
1406 931 1482 970 queis
1502 932 1585 961 verbo
1598 932 1680 961 timo-

935 989 991 1006 rem
1005 979 1111 1014 incutit,
1127 978 1260 1016 exercitus
1273 977 1329 1006 illis
1353 976 1504 1013 declarans,
1525 977 1574 1016 qui
1586 978 1680 1007 sormi·

934 1022 1037 1052 dabiles
1053 1024 1117 1063 ipsis
1140 1029 1225 1060 erant,
1250 1030 1276 1052 et
1297 1022 1442 1052 invasionis
1465 1022 1619 1052 facilitatem
1633 1023 1680 1052 de-

934 1076 1094 1105 monstrans,
1110 1068 1139 1098 id
1161 1068 1235 1108 quod
1259 1068 1321 1097 illos
1342 1067 1489 1097 admodum
1506 1069 1679 1108 percellebat,

936 1115 1071 1145 exercitus
1091 1115 1295 1144 multitudinem
1317 1114 1449 1151 indicans,
1471 1113 1546 1153 qnod
1569 1114 1680 1144 illorum

935 1160 1039 1190 animos
1054 1160 1170 1190 maxime
1185 1160 1308 1189 terrebat.
1325 1161 1388 1189 Haec
1402 1170 1484 1199 porro
1495 1159 1586 1189 omnia
1597 1161 1624 1189 in
1636 1171 1680 1190 se-

934 1207 1078 1245 quentibus
1098 1206 1290 1236 subindicavit.
1304 1205 1435 1235 Animum
1457 1212 1546 1235 autem
1559 1206 1678 1236 adhibe:

933 1254 976 1281 Et
989 1254 1044 1282 erit
1057 1254 1089 1281 in
1110 1253 1158 1281 die
1182 1252 1250 1288 illa,
1264 1251 1362 1290 inquit,
1385 1251 1517 1281 sibilabit
1535 1252 1681 1282 Dominus

934 1300 1051 1328 muscis.
1068 1300 1179 1328 Muscas
1192 1298 1238 1327 hic
1246 1298 1354 1327 vocavit
1367 1297 1521 1337 AEgyptios,
1537 1298 1573 1327 ob
1586 1298 1679 1339 impu-

932 1344 1049 1374 dentiam
1066 1351 1093 1374 et
1108 1343 1338 1381 inverecundiam,
1351 1351 1378 1373 et
1390 1343 1464 1383 quod
1482 1354 1551 1384 saepe
1565 1346 1678 1385 repulsi,

931 1401 1001 1431 saepe
1026 1390 1164 1428 instarent,
1183 1401 1270 1429 neque
1291 1390 1429 1419 tantillum
1453 1390 1586 1430 respirare
1613 1391 1680 1431 ipsis

932 1436 1119 1474 concederent,
1134 1437 1182 1466 sed
1201 1446 1270 1477 saepe
1291 1437 1348 1466 illis
1372 1443 1496 1466 sexcenta
1509 1437 1614 1476 negotia
1635 1438 1679 1467 fa-

931 1491 1082 1518 cesserent,
1106 1490 1135 1513 ut
1161 1493 1260 1514 muscae
1286 1482 1465 1519 vulneribus,
1493 1483 1532 1513 sic
1552 1484 1679 1514 continue

930 1531 1052 1571 ipsorum
1061 1530 1258 1560 calamitatibus
1265 1529 1426 1559 insistentes.
1437 1530 1492 1559 Hos
1506 1530 1590 1569 igitur
1599 1530 1680 1560 ducet

931 1579 1021 1615 Deus3
1035 1587 1083 1607 nec
1107 1584 1194 1606 tamen
1219 1576 1301 1612 dixit,
1325 1577 1422 1613 Ducat,
1446 1576 1494 1605 sed
1515 1577 1653 1606 sibilabit
1669 1600 1677 1613 ‚

929 1624 1084 1653 facilitatem
1097 1634 1221 1653 ascensus
1234 1622 1387 1659 ostendens,
1402 1630 1428 1651 et
1442 1622 1678 1662 inexpugnabilem

931 1669 981 1698 Dei
1006 1670 1151 1709 potentiam
1164 1691 1171 1704 ,
1189 1668 1316 1707 quodque
1338 1667 1454 1697 sufficiat
1473 1675 1554 1696 nutus
1579 1669 1637 1708 ejus
1649 1675 1679 1697 ut

931 1715 1020 1743 omnia
1033 1721 1188 1752 sequantur.
1206 1713 1356 1751 Meritoque
1379 1713 1414 1741 ab
1436 1712 1481 1751 bis
1495 1713 1676 1742 comminandi

932 1759 1039 1788 initium
1061 1758 1137 1787 ducit
1164 1768 1224 1796 quae
1246 1759 1302 1797 jam
1320 1757 1423 1796 experti
1445 1763 1530 1785 erant.
1546 1758 1588 1786 Et
1612 1760 1677 1797 api,

933 1816 997 1845 quae
1008 1812 1047 1834 est
1059 1808 1089 1834 in
1102 1811 1180 1833 terra
1189 1803 1392 1840 Assyriorum.
1403 1803 1488 1842 Syrus
1499 1809 1526 1831 et
1534 1803 1675 1838 Hebraeus,

933 1858 963 1880 ut
987 1851 1081 1887 aiunt,
1096 1860 1149 1879 non
1170 1849 1281 1886 dicunt,
1308 1851 1396 1889 Apes,
1417 1848 1674 1884 sed,'Crahrones.

933 1897 1003 1933 Quia
1038 1896 1110 1925 enim
1129 1905 1182 1925 non
1211 1896 1273 1925 illos
1293 1895 1383 1924 adhuc
1403 1894 1550 1923 admodum
1573 1895 1677 1934 experti

932 1949 1018 1978 erant,
1041 1942 1136 1972 insecti
1162 1942 1244 1982 hujus
1257 1941 1372 1980 imagine
1391 1941 1420 1969 in
1433 1939 1594 1970 anxietatem
1615 1941 1678 1971 illos

933 1989 1065 2028 ingentem
1085 1988 1255 2028 conjiciebat,
1270 1987 1334 2016 hinc
1356 1986 1494 2016 declarans
1508 1986 1618 2016 illorum
1628 1998 1676 2016 vc—

933 2033 1109 2071 bementiam,
1124 2033 1261 2074 pungendi
1278 2033 1334 2063 vim
1348 2039 1427 2070 atque
1449 2031 1604 2071 pugnandi,
1619 2032 1678 2061 vul-

932 2091 1026 2110 nerum
1050 2081 1231 2117 acerbitatem,
1247 2079 1415 2109 velocitatem
1439 2077 1581 2115 adventus,
1596 2089 1625 2108 se
1642 2079 1676 2108 ab

932 2128 970 2157 eis
992 2127 1084 2157 tuendi
1104 2126 1301 2156 difficultatem.
1315 2126 1365 2158 1⁴9.
1380 2126 1421 2154 Et
1440 2128 1561 2154 venient
1575 2131 1603 2154 et
1630 2135 1675 2154 re-

934 2177 1080 2214 quiescent
1098 2182 1197 2202 omnes
1220 2174 1251 2201 in
1271 2171 1404 2200 vallibus
1430 2173 1555 2211 regionis
1570 2193 1577 2203 ,
1599 2177 1626 2199 et
1645 2172 1677 2199 ἱη

931 2221 1128 2260 foraminibus
1150 2225 1311 2258 petrarum,
1338 2224 1366 2246 et
1389 2219 1420 2245 in
1433 2217 1590 2256 speluncis,
1602 2223 1630 2245 et
1645 2218 1676 2244 in

119 2256 210 2286 Εἰπὼν
227 2257 258 2287 τὸ
277 2259 387 2299 φοὸιρὸν
406 2263 458 2290 τῶν
473 2263 561 2299 ἐθνῶν,
575 2262 620 2292 καὶ
642 2263 673 2292 τὸ
692 2264 818 2304 τάχιστον
835 2268 882 2301 τῆς
899 2274 917 2297 Β
935 2269 1014 2296 omni
1016 2268 1140 2307 fissura,
1154 2272 1182 2294 et
1201 2264 1232 2293 ἰῑι
1249 2266 1328 2293 omni
1348 2264 1439 2304 ligno.
1453 2263 1591 2293 Euat-ratis
1609 2273 1674 2301 gen-

150 2357 161 2368 t·
178 2350 240 2383 Reg.
251 2353 331 2380 culm
338 2354 436 2382 διαθήσει
447 2358 488 2384 τὴν
500 2358 602 2385 ἀπειλήν.

152 2390 165 2410 b
182 2389 243 2421 λος.
256 2395 282 2414 et
290 2389 365 2415 Savil.
389 2398 416 2418 τὸ
434 2396 493 2428 Eis-o,-
511 2400 551 2423 τῆς
567 2403 683 2429 στρατιᾶς.
702 2395 752 2421 Sed
764 2395 869 2421 savir-us

117 2428 141 2454 in
153 2430 264 2462 margine
283 2430 364 2461 ponit,
378 2434 427 2460 ἵαως
438 2437 464 2458 τὸ
476 2439 550 2468 στῖφος
559 2440 599 2464 τῆς
612 2442 728 2470 στρατιᾶς.
743 2434 828 2460 ΜοτεΙ.
844 2441 870 2460 et

117 2467 206 2492 Bavar-
215 2472 242 2494 τὸ
248 2471 339 2497 πλῆθος.
350 2468 448 2495 Ibidem
456 2471 517 2504 Reg.
527 2475 599 2499 αὐτῶν
610 2477 705 2503 ἐξίστησι
714 2479 754 2503 τὴν
762 2476 866 2501 διάνοιαν.

149 2515 159 2526 e
177 2505 236 2537 ἐξα.
247 2508 310 2532 Cum
319 2508 412 2533 Saviho
421 2510 537 2535 existimo
550 2512 591 2536 hic
605 2512 735 2545 legendnm
746 2522 797 2539 esse
805 2518 866 2545 εἴξειε

119 2545 182 2570 inira
195 2554 253 2571 vero
263 2555 308 2578 pro
321 2550 379 2577 αὔξει
392 2546 523 2579 legendum
536 2551 611 2575 etiam
623 2552 719 2582 άξειΕΧ
732 2553 793 2577 serie
803 2560 870 2578 certe

918 2357 998 2391 liquet
1009 2356 1123 2382 eanidcm
1138 2355 1271 2388 utrobique
1283 2363 1370 2380 vocem
1380 2362 1431 2378 csse
1439 2351 1593 2386 ponendam.

950 2405 962 2416 ⁸
979 2395 998 2423 ὁ
1010 2399 1076 2431 Σύρος
1095 2399 1133 2422 καὶ
1145 2398 1156 2421 ὁ
1167 2393 1271 2430 Ϊὲςρείὶος,
1292 2397 1319 2423 ὧ,-
1331 2405 1404 2428 pacm,
1417 2395 1441 2418 οὐ
1454 2395 1539 2423 λέγουσι
1550 2394 1670 2423 μελίσσας,

918 2440 979 2463 ἀλλὰ
991 2442 1083 2470 σρῆχκς,
1097 2435 1178 2464 Syrus
1189 2440 1213 2458 et
1225 2433 1358 2464 Hebroeus,
1379 2437 1405 2456 ut
1426 2431 1507 2460 aiunt,
1520 2439 1570 2454 non
1586 2430 1674 2455 dicunt

918 2485 986 2509 apes,
999 2475 1045 2499 sed
1052 2475 1195 2499 crabrones.
1207 2474 1267 2497 naue
1289 2477 1355 2496 corte
1369 2470 1401 2494 ab
1423 2469 1545 2501 imperitis
1569 2467 1673 2493 edidicit.

919 2522 1123 2554 Clnrysostomus.
1135 2519 1200 2542 Nam
1213 2518 1236 2541 in
1248 2516 1353 2540 nebraeo
1368 2514 1455 2547 legitur
1480 2500 1629 2544 ΠἾῚἎἾΙἹῚ,
1652 2520 1677 2538 et

919 2557 971 2588 api.
