1890 2826
103 1381 124 1395 2.
137 1373 213 1400 neg..

245 233 316 274 410

579 241 609 264 S.
636 241 778 265 JOANMS
803 240 1473 266 CHRYSOST.ARcmEP.coNs·rANT1NOP.

245 309 459 342 exspectaturum
470 311 514 331 eos
527 301 613 331 dicit
605 311 633 331 ln
646 301 705 332 loeo
717 302 871 339 Oliva-um,
886 302 909 332 si
921 301 1024 351 quidA
995 300 1032 319 ⁸⁵⁰
1040 303 1130 342 αὐτῷ,
1139 302 1170 331 τὸ
1185 301 1232 341 μὲν
1246 303 1350 343 πρῶτον
1366 302 1490 339 infixum,
1505 302 1563 332 ἐπεὶ
1583 301 1611 331 δὲ
1634 297 1701 331 εἶδεν
1715 301 1812 332 ἐπικεί

246 348 360 378 habeant
389 358 550 377 arcanorum
580 347 651 388 regis
676 347 832 378 dicendum
861 328 1024 379 Occurrit*

247 394 348 423 Davidi
361 394 456 424 Chusi.
469 393 520 423 Ille
538 404 604 423 vero
617 393 690 424 misit
699 405 762 424 eum
777 401 807 425 ut
816 394 988 435 Achitopheli

246 441 400 475 obsisteret,
413 441 460 479 qui
477 446 533 469 erat
547 440 600 480 ipsi
613 441 768 471 Abessalom
781 452 797 472 a
809 441 939 471 consiliis.
951 442 990 471 Ut

247 494 336 516 autem
350 486 476 516 abscessit
487 486 544 524 ille,
557 487 632 516 venit
642 486 719 524 Siba,
733 485 782 527 qui
790 494 912 518 accusato
925 487 991 516 hero

248 543 296 561 suo
303 532 498 571 Memphibaal‚
504 532 585 571 quasi*
589 542 700 571 regnare
706 533 887 571 vellet,totum
895 533 992 573 accipit

248 589 262 606 a
272 578 385 607 Davide.
397 578 475 607 Tunc
482 579 569 608 Semei
580 578 716 608 maledicit
720 579 835 618 Davidi5
843 579 936 609 David
942 590 991 608 au-

248 631 300 652 tem
314 624 439 653 Abessam
446 625 580 654 volentem
588 624 665 654 illum
674 625 794 656 occidere
801 626 934 655 cohibuit.
940 627 994 656 Ve-

249 672 287 700 nit
301 671 385 701 Chusi
399 671 434 700 ad
446 671 610 707 Abessalom,
622 671 818 712 persuadetque
827 671 869 701 illi
879 671 992 702 sebene-

248 718 340 747 volum
354 718 404 758 ipsi
415 717 548 747 accedere.
557 718 680 756 Cumque
692 717 834 747 consilium
847 718 994 758 agitaretur

249 763 284 792 de
293 764 372 792 rebus
382 763 515 803 gerendis,
524 763 646 793 hortatur
655 763 812 793 Abessalom
825 763 993 803 Aehstophel,

252 817 280 838 ut
293 820 357 839 cnm
369 810 527 839 concubinis
540 809 623 850 patris
634 810 676 840 sui
689 816 773 839 coeat.
789 809 822 840 Id
833 810 880 839 ille
891 810 953 839 fecit
966 810 994 839 in
1009 811 1028 834 Β

251 857 350 886 solario
371 856 479 893 domus,
495 863 526 886 ut
549 866 640 886 omnes
661 856 795 886 viderent.
810 855 896 886 Addit
918 856 995 885 aliud

251 903 412 940 consilium3
425 909 456 931 ut
465 902 517 932 sibi
531 902 609 932 liceat
619 912 681 932 cum
694 902 770 931 mille
780 902 849 932 viris
861 902 996 932 Davidem

251 949 361 989 aggredi
372 956 398 978 et
410 959 512 978 necare.
528 949 567 978 Ut
578 955 667 978 autem
681 954 793 977 vocatus
805 955 845 978 est
857 948 954 985 Chusi,
966 956 996 978 ut

251 995 394 1025 consilium
404 1002 429 1024 et
441 995 498 1035 ipse
509 994 594 1031 daret,
608 994 631 1023 is
642 993 828 1033 Achitophelis
839 994 995 1024 sententiam

251 1042 356 1077 evertit,
364 1041 479 1071 suadens
490 1047 519 1069 ut
527 1039 635 1069 interim
645 1038 841 1079 supersederet,
851 1039 898 1069 sed
906 1047 996 1079 postea

251 1099 313 1117 cum
325 1099 421 1128 magno
432 1094 563 1128 apparatu
573 1086 707 1117 Davidem
717 1085 879 1116 adoriretur.
891 1085 996 1126 Illaque

252 1134 378 1164 sententia
390 1135 475 1173 magis
484 1133 596 1173 placuit,
603 1134 661 1162 Deo
672 1132 773 1162 scilicet
783 1132 820 1161 ita
838 1131 995 1172 dispensan-

252 1188 284 1209 te.
295 1181 374 1209 Tunc
387 1180 460 1209 misit
473 1179 570 1216 Chusi,
579 1185 605 1208 et
618 1189 666 1218 per
677 1178 748 1208 filios
760 1178 930 1208 sacerdotum
939 1179 995 1209 haec

252 1226 352 1256 Davidi
360 1226 503 1255 nuntiavit.
510 1225 670 1264 Achitophel
678 1231 776 1258 autem,
782 1225 996 1264 cujussententia

252 1273 374 1313 despecta
383 1273 480 1308 fuerat,
489 1281 545 1301 sese
553 1271 742 1310 strangulavit.
750 1271 887 1300 Feruntur
895 1272 995 1302 Davidi

253 1320 338 1349 multa
351 1319 432 1348 dona.
448 1319 613 1348 Instructum
626 1323 715 1346 autem
728 1317 876 1347 exercitum
886 1341 894 1354 ‚
907 1318 996 1348 emisit
1011 1320 1030 1344 C

236 1388 240 1394 .
253 1366 344 1395 dicens
355 1377 361 1393 τ
372 1366 491 1394 Parcite
498 1363 621 1403 puerulo
632 1373 695 1392 meo
706 1362 996 1404 Abessalom.1psum

253 1413 325 1441 enim
341 1412 368 1440 in
379 1411 482 1440 bellum
497 1410 575 1439 exire
588 1419 642 1439 non
654 1409 852 1449 permittebant.
868 1410 996 1440 Praelium

253 1457 439 1493 committitur,
449 1456 596 1495 multisque
606 1455 764 1485 cadentibus
773 1455 906 1485 occiditur
916 1456 996 1486 etiam

254 1505 421 1538 Abesszssom,
436 1514 451 1532 a
465 1513 540 1532 coma
561 1502 653 1531 arbori
666 1500 774 1530 cuidam
790 1501 929 1541 alligatus.
944 1503 997 1532 Illo

254 1552 341 1581 occiso
360 1557 444 1581 cessat
457 1550 572 1580 bellum.
589 1548 675 1579 Mittit
695 1549 779 1578 Chusi
794 1549 863 1579 Joab
877 1550 924 1588 qui
938 1551 995 1579 Da-

254 1597 313 1626 vidi
335 1597 477 1626 victoriam
498 1594 611 1624 nuntiet.
629 1595 692 1631 Quo
709 1594 758 1624 ille
776 1594 870 1624 audito
889 1595 999 1636 lugebat

254 1650 364 1682 propter
377 1642 476 1677 filium,
488 1640 573 1670 donec
586 1640 722 1679 ingressus
735 1640 804 1670 Joab
817 1640 898 1670 illum
911 1648 998 1671 muta-

255 1690 305 1724 vit,
320 1688 426 1728 ipsique
437 1686 529 1722 suasit,
541 1693 572 1715 ut
581 1685 643 1715 laeto
653 1685 790 1724 hilarique
800 1686 880 1716 vultu
896 1688 998 1718 exerci-

253 1741 312 1763 tum
336 1733 480 1773 exciperet.
495 1731 656 1772 Fugientem
670 1730 800 1761 Israelem
819 1743 867 1762 rex
884 1733 998 1764 advoca-

254 1781 301 1809 bat
313 1792 318 1809 :
335 1780 434 1809 Abessa
462 1785 551 1808 autem
578 1777 658 1813 illos,
674 1777 731 1817 jam
756 1777 785 1807 id
809 1779 837 1808 in
862 1781 999 1821 proposito

256 1827 392 1862 habentes,
407 1836 438 1855 eo
462 1824 578 1854 adduxit
598 1830 629 1853 ut
654 1834 683 1852 se
704 1824 805 1853 Davidi
827 1826 998 1866 subjicerent.

1040 359 1127 387 μενον,
1140 347 1237 378 εἴασεν.
1249 347 1298 382 Ὡς
1311 347 1338 378 δὲ
1349 348 1474 384 διέὸησαν
1484 349 1529 378 τὸν
1541 349 1715 389 χειμάρρων,
1728 359 1811 388 προσ-

1040 393 1115 428 έταξε
1129 398 1184 428 τοῖς
1199 395 1311 435 ἱερευσιν
1325 395 1490 435 ἀποστρέψαι
1513 394 1562 431 τὴν
1575 395 1689 425 κιὸωτὸν
1706 396 1743 428 εἷς
1762 394 1812 430 τὴν

1040 441 1128 470 πόλιν.
1152 441 1236 474 Αὐτὸς
1259 440 1287 470 δὲ
1309 441 1458 481 περιμένειν
1482 440 1576 475 αὐτους
1599 441 1648 482 ἔφη
1676 440 1761 480 π“ρὸς
1778 442 1815 480 τῇ

1041 487 1127 527 ἐλαίᾳ,
1135 487 1161 516 εἴ
1171 499 1198 516 τι
1209 487 1295 527 ἔχοιεν
1308 490 1361 517 τῶν
1373 490 1420 517 τοῦ
1434 488 1563 527 βασιλέως
1573 487 1730 528 ἀπορρήτων
1745 486 1812 521 ἐξει-

1041 537 1110 563 πεῖν.
1129 534 1245 573 Ἀπαντᾷ
1258 535 1297 573 τῷ
1308 533 1392 563 Amat&
1414 535 1427 562 ὁ
1442 533 1535 563 Χουσί.
1549 533 1584 564 Ὁ
1603 533 1631 563 δὲ
1654 532 1812 563 ἀπέστειλεν

1042 579 1119 609 αὐτὸν
1130 582 1169 620 τῷ
1179 579 1317 620 Ἀχιτόφελ
1330 580 1595 619 ἐναντιωθησόμενον,
1609 576 1678 616 ὃςῆν
1692 579 1813 619 σύμὸου-

1041 626 1086 658 λος
1111 627 1150 666 τῷ
1178 625 1360 665 Ἀὸεσσαλώμ.
1373 625 1420 660 Ὡς
1435 626 1463 655 δὲ
1486 628 1603 662 ἀπῆλθεν
1627 626 1810 666 αὖτὸς,ἔρχε-

1042 683 1086 700 ται
1100 673 1114 700 ὁ
1134 671 1220 707 Σιὸᾶ,
1242 671 1288 702 καὶ
1310 672 1495 712 κατηγορήσας
1515 674 1562 702 τοῦ
1581 672 1709 702 δεσπότου
1732 672 1812 701 αι’ντοῧ

1042 716 1056 733 ⁶
1065 717 1243 757 Μεμφιὸαὰλ,
1254 719 1290 751 ὡς
1304 717 1463 757 βουλομένου
1475 719 1554 748 αὐτοῦ
1567 718 1815 757 βασιλεῦσαι,λαμ-

1043 763 1117 792 ὅάνει
1129 768 1183 792 πᾶν
1196 763 1270 804 παρὰ
1282 766 1328 793 τοῦ
1343 764 1436 793 Δαυίδ.
1451 763 1521 793 Τότε
1535 763 1631 803 Σεμεεὶ
1647 763 1816 803 κατηράσατο

1043 811 1088 839 τὸν
1103 809 1187 839 Δαυίδ
1197 821 1204 828 ·
1218 812 1232 839 ὁ
1251 809 1278 839 δὲ
1291 809 1377 839 Δαυὶδ
1390 809 1548 850 βουλόμενον
1562 810 1641 840 αὐτὸν
1659 811 1760 839 ἀνελεῖν
1771 808 1815 838 τὸν

1045 855 1157 886 Ἀόεσσᾶ
1167 855 1333 885 διεκώλυσεν.
1344 855 1476 896 Ἔρχεται
1485 858 1500 886 ὁ
1507 856 1594 886 Χουσὶ
1600 855 1666 897 πρὸς
1673 855 1718 885 τὸν
1725 854 1817 885 Ἀδασ-

1043 901 1158 941 σαλὼμ,
1173 901 1218 931 καὶ
1239 901 1323 931 πείθει
1348 902 1424 931 αὖτὸν
1448 903 1484 936 ὣς
1506 903 1630 936 εὖνοῑιιῶς
1652 900 1816 940 διακείμενος

1045 949 1117 988 αὐτῷ
1130 947 1281 988 προσέχειν.
1295 948 1350 978 Καὶ
1367 948 1543 988 προκειμένης
1563 950 1659 988 βουλῆς
1681 947 1742 978 τίνα
1762 946 1817 976 δέοι

1044 993 1180 1033 πράττειν,
1199 993 1372 1033 συγγενέσθαι
1393 998 1452 1027 ταῖς
1471 995 1621 1028 παλλακαῖς
1647 996 1693 1024 τοῦ
1717 992 1816 1033 πατρὸς

1044 1041 1167 1077 παραινεῖ
1193 1037 1237 1066 τὸν
1263 1037 1438 1077 Ἇὸεσσαλὼμ
1460 1038 1607 1078 Ἀχιτόφελ.
1631 1038 1687 1068 Καὶ
1707 1037 1816 1073 ἐποίησε

1045 1086 1122 1113 τοῦτο
1144 1083 1189 1113 ἐπὶ
1211 1085 1257 1113 τοῦ
1281 1083 1418 1123 δώματος,
1443 1083 1512 1114 ὥστε
1533 1084 1635 1118 πάντας
1664 1087 1737 1125 ὁρᾷν.
1762 1083 1817 1114 Καὶ

1045 1130 1218 1170 προστίθησιν
1247 1129 1339 1170 ἑτέραν
1361 1131 1481 1170 γνώμην,
1505 1130 1575 1161 ὥστε
1598 1131 1689 1161 lasciv
1716 1131 1818 1172 χιλίους

1046 1178 1104 1216 μεθ’
1118 1178 1226 1214 ἑαυτοῦ,
1238 1177 1284 1207 καὶ
1303 1176 1440 1207 ἐπιθέσθαι
1461 1179 1500 1217 τῷ
1522 1178 1622 1214 Δαυὶδ,
1646 1177 1692 1207 καὶ
1717 1178 1817 1207 ἀνελεῖν

1045 1223 1132 1253 αὐτόν.
1144 1223 1192 1257 Ὡς
1204 1223 1232 1252 δὲ
1246 1223 1345 1259 ἐκλήθη
1360 1222 1406 1252 καὶ
1428 1225 1443 1252 ὁ
1460 1222 1545 1253 Χουσὶ
1565 1223 1630 1264 πρὸς
1654 1223 1686 1253 τὸ
1707 1223 1817 1263 εἰσηγή-

1046 1271 1142 1298 σασθαι
1167 1268 1332 1306 συμὸουλὴν,
1360 1269 1503 1309 ἀνατρέπει
1529 1268 1578 1305 τὴν
1610 1272 1657 1299 τοῦ
1680 1268 1819 1310 Ἀχιτόφελ

1046 1314 1163 1354 γνώμην,
1175 1314 1241 1348 τέως
1260 1314 1308 1354 μὲν
1325 1315 1483 1355 ὖπερθέσθαι
1496 1317 1641 1355 παραινῶν,
1656 1315 1766 1356 ὕστερον
1791 1315 1818 1345 δὲ

1048 1359 1115 1399 μετὰ
1127 1362 1299 1399 παρασκευῆς
1320 1360 1455 1390 ἐπιθέσθαι
1474 1362 1512 1400 τῷ
1541 1361 1635 1392 Δαυίδ.
1661 1362 1715 1392 Καὶ
1739 1362 1819 1402 ἤρεσε

1047 1407 1148 1445 μᾶλλον
1167 1405 1233 1442 αὕτη
1258 1408 1275 1441 ἡ
1301 1406 1409 1445 γνώμη·
1424 1408 1495 1437 Θεοῦ
1513 1406 1566 1447 γὰρ
1588 1403 1622 1444 ἦν
1636 1410 1653 1443 ἡ
1668 1408 1816 1447 οἰκονομία.

1047 1452 1118 1482 Τότε
1131 1451 1234 1491 πέμπει
1247 1451 1291 1482 διὰ
1304 1454 1356 1482 τῶν
1370 1454 1434 1482 υἱῶν
1445 1454 1498 1483 τῶν
1512 1454 1612 1494 ἱερέων,
1624 1455 1669 1484 καὶ
1679 1454 1818 1495 ἀπαγγέλ-

1047 1499 1088 1527 λει
1106 1500 1191 1527 ταῦτα
1212 1499 1251 1538 τῷ
1265 1498 1350 1528 Δαυὶδ
1367 1500 1381 1527 ὁ
1395 1499 1488 1529 Χουσὶ.
1509 1498 1544 1529 Ὁ
1557 1499 1586 1529 δὲ
1609 1500 1747 1542 Ἀχιτόφελ
1760 1503 1820 1533 δια-

1049 1543 1156 1584 μαρτὼν
1169 1546 1217 1580 τῆς
1230 1543 1349 1584 γνώμης,
1362 1544 1508 1584 ἀπήγξατο.
1517 1545 1635 1586 Φέρεται
1647 1547 1735 1577 πολλὰ
1748 1549 1820 1588 δῶρα

1048 1591 1087 1629 τῷ
1113 1589 1207 1619 Δαυίδ.
1223 1589 1355 1623 Διατάξας
1376 1589 1404 1620 δὲ
1426 1590 1458 1619 τὸ
1481 1591 1667 1631 στρατόπεδον,
1690 1593 1820 1635 ἐξέπεμψε

1049 1635 1148 1674 λέγων·
1170 1635 1306 1665 metense!
1330 1647 1380 1674 μου
1403 1638 1449 1666 τοῦ
1471 1637 1612 1678 παιδαρίου
1635 1639 1819 1680 Ἀὸεσσαλώμ.

1049 1681 1135 1710 Αὐτὸν
1148 1680 1200 1721 γὰρ
1212 1682 1241 1711 οὗ
1253 1681 1443 1738 συνεχώρησαν
1465 1682 1589 1717 ἐξελθεῖν.
1613 1684 1720 1715 Γίνεται
1739 1687 1819 1717 πόλε-

1050 1739 1112 1766 μος,
1124 1727 1169 1756 καὶ
1179 1728 1285 1757 πολλῶν
1299 1728 1432 1758 πεσόντων
1440 1730 1587 1769 αναιρεῖται
1600 1731 1645 1760 καὶ
1665 1734 1679 1761 ὁ
1694 1732 1823 1763 Ἀὸεσσα-

1049 1774 1120 1814 λὼμ,
1127 1774 1279 1814 προσδεθείς
1292 1786 1345 1804 τινι
1361 1774 1486 1815 δένδρῳ’
1471 1776 1524 1806 απὸ
1537 1780 1586 1813 τῆς
1599 1777 1693 1817 κόμης.
1702 1778 1820 1820 Ἀναιρε-

1050 1819 1138 1854 θέντος
1151 1820 1196 1855 δὲ,
1211 1820 1347 1851 ἔπαυσα-το
1359 1822 1373 1850 ὁ
1386 1821 1510 1860 πόλεμος.
1530 1822 1639 1862 Πέμπει
1653 1823 1697 1854 τὸν
1710 1825 1808 1865 Χουσὶξ
1805 1828 1824 1856 ὃ

255 1875 325 1903 Cum
347 1871 520 1913 pertransiret
540 1869 696 1905 Jordanem,
711 1870 786 1899 venit
806 1871 905 1910 Semei,
920 1883 1000 1903 suum
1017 1869 1036 1893 D
1051 1866 1132 1896 Ἰωᾶὅ
1143 1866 1320 1907 ἀπαγγέλλειν
1333 1869 1372 1907 τῷ
1385 1867 1469 1897 Δαυὶδ
1482 1868 1531 1904 τὴν
1550 1868 1634 1906 νίκην.
1646 1870 1681 1900 Ὁ
1698 1871 1726 1902 δὲ
1741 1872 1821 1902 οἰκού-

256 1920 384 1948 confitens
406 1923 555 1958 peceatum.
571 1915 690 1945 Volebat
703 1922 793 1945 autem
806 1917 906 1948 Abessa
917 1919 1000 1949 illurn

256 1965 415 1999 interficere,
428 1962 457 1992 id
468 1961 608 2002 prohibuit
618 1960 719 1990 David.
732 1962 815 1991 Venit
825 1963 905 1993 etiam
916 1966 1000 1995 Mem-

257 2010 367 2050 phibaal
395 2008 535 2048 squalidus
545 2030 552 2043 ‚
582 2007 699 2036 sordidis
725 2007 836 2038 indutus
862 2011 998 2050 vestibus,

257 2056 369 2085 densum
383 2056 483 2085 habens
500 2061 659 2094 mystacem‚
672 2064 774 2093 ungues
787 2056 928 2087 ostendens
942 2058 1000 2088 lon-

259 2113 316 2141 gos,
331 2112 390 2140 quae
413 2101 501 2130 omnia
522 2099 625 2129 doloris
644 2099 719 2138 signa
740 2108 825 2138 erant,
841 2103 877 2131 ob
895 2103 1000 2134 bellum

257 2156 348 2178 contra
369 2146 501 2177 Davidem
523 2152 637 2175 motum.
661 2146 846 2185 Interrogabat
872 2158 920 2178 rex
949 2160 1000 2180 cur

257 2205 310 2223 non
324 2193 439 2223 venisset
456 2202 556 2221 secum.
572 2190 722 2230 Respondit
734 2191 781 2220 ille
794 2203 822 2221 se
835 2203 941 2233 rogasse
953 2195 999 2225 Si-

258 2241 321 2270 bam
339 2240 471 2269 famulum
493 2248 589 2274 suum,
602 2243 632 2265 ut
652 2247 680 2266 se
698 2237 820 2276 jumento
839 2239 999 2281 imponeret,

258 2287 372 2316 claudus
385 2286 486 2325 quippe
498 2290 555 2313 erat
566 2282 752 2322 Memphibaal
767 2295 774 2312 ι
786 2283 864 2314 illum
877 2296 941 2316 vero
952 2299 1000 2318 no-

258 2332 350 2362 luisse.
366 2333 444 2361 Tunc
451 2331 530 2371 jubet
542 2339 590 2358 rex
604 2328 682 2357 illum
696 2339 758 2358 cum
770 2330 835 2359 Siba
847 2341 941 2370 agrum
954 2334 999 2363 di-

1051 1924 1099 1946 σας
1113 1912 1216 1953 ἐθρήνει
1229 1912 1273 1942 διὰ
1295 1913 1341 1942 τὸν
1354 1913 1423 1943 υἱόν·
1445 1913 1495 1947 ἕως
1507 1910 1537 1943 οὗ
1559 1916 1683 1947 εἰσελθὼν
1705 1921 1720 1948 ὁ
1742 1919 1823 1949 Ἰωδιὸ

1052 1958 1182 1998 μετέὸαλέ
1195 1971 1225 1989 τε
1237 1959 1325 1996 αὐτὸν,
1334 1960 1380 1989 καὶ
1393 1960 1481 1990 ἔπεισε
1493 1961 1615 1995 δέξασθαι
1629 1963 1659 1993 τὸ
1674 1965 1820 2004 στρατόπε-

1050 2006 1093 2035 δον
1108 2005 1210 2045 φαιδρῷ
1223 2007 1262 2045 τῷ
1275 2005 1420 2046 προσώπῳ.
1432 2007 1557 2046 Φυγόντα
1570 2008 1615 2038 τὸν
1629 2009 1738 2050 Ἰσραὴλ
1757 2012 1775 2041 ὅ
1793 2025 1822 2042 τε

1051 2050 1174 2090 βασιλευς
1194 2053 1396 2090 προσεκαλεῖτο,
1410 2052 1426 2081 ὅ
1444 2063 1472 2081 τε
1495 2053 1607 2084 Ἀὅεσσᾶ
1623 2057 1823 2096 προῃρημένους

1039 2096 1143 2130 >αὐτους
1162 2097 1214 2133 ἤδη
1235 2097 1365 2127 ἔπεισεν“
1355 2110 1519 2138 υποταγηναι
1531 2112 1570 2140 τω
1594 2102 1686 2132 Δαυίδ.
1701 2102 1748 2137 Ὡς
1771 2105 1823 2134 διέ-

1050 2143 1124 2172 ὅαινε
1137 2142 1182 2172 τὸν
1196 2143 1331 2183 Ἰορδάνην
1343 2139 1422 2179 ἦλθεν
1435 2147 1451 2174 ὁ
1461 2146 1576 2184 Σεμεεὶ,
1591 2149 1728 2188 ὁμολογῶν
1743 2151 1822 2180 αὐτοῦ

1052 2189 1102 2225 τὴν
1131 2189 1271 2229 ἁμαρτιαν.
1296 2190 1441 2220 Ἐὅούλετο
1467 2191 1495 2220 δὲ
1522 2192 1600 2222 αὐτὸν
1630 2196 1783 2226 θανατωσαι
1808 2199 1823 2226 ὁ

1053 2235 1184 2272 Mesoa,
1198 2235 1243 2264 καὶ
1268 2235 1423 2266 διεκώλυσεν
1446 2240 1461 2267 ὁ
1484 2238 1574 2268 Δαυίδ.
1590 2235 1674 2270 ’Ἦλθε
1695 2241 1723 2271 δὲ
1746 2243 1791 2272 καὶ
1810 2245 1824 2272 ὁ

1053 2258 1220 2320 Μεμφιὸάὰλ
1247 2282 1368 2322 αὐχμῶν,
1393 2285 1496 2325 ῥυπαρὰ
1522 2286 1688 2326 ἐνδεδυμένος
1713 2288 1825 2327 ἱμάτια,

1055 2333 1164 2370 οκομῶν
1178 2331 1223 2361 τὸν
1245 2331 1382 2371 μύστακα,
1397 2334 1493 2374 ὄνυχας
1514 2335 1645 2375 μεγάλους
1666 2338 1825 2376 ἐπιδεικνυς,

256 2379 359 2409 videre.
376 2376 488 2407 Berzelli
510 2385 601 2415 porro
614 2374 660 2413 qui
685 2374 751 2404 belli
774 2382 893 2416 tempore
915 2379 999 2409 multa
1018 2387 1038 2411 Ε
1055 2381 1143 2411 πάντα
1157 2381 1224 2422 ἅπερ
1238 2378 1271 2419 ἦν
1282 2383 1368 2419 λύπης
1378 2389 1476 2424 σημεῖα
1485 2387 1533 2421 τῆς
1542 2386 1684 2425 γενομένης
1697 2390 1769 2428 αὐτῷ
1781 2390 1825 2419 διὰ

289 2493 298 2502 -ι
318 2486 378 2516 ιιρὸς
389 2486 418 2515 τῇ
430 2483 479 2506 ἐλαί
499 2479 580 2503 .Haec
598 2486 650 2503 non
667 2476 785 2503 videntur
800 2486 938 2505 consonare
956 2490 1015 2506 cum

257 2528 295 2546 ΙΟΧ
299 2528 325 2545 2¹1
338 2528 381 2546 τῶν
371 2520 425 2545 vo.

288 2563 300 2580 b
317 2561 462 2594 astupeant).
473 2559 503 2582 In
515 2555 697 2588 exemplaribus
709 2555 763 2580 aliis
774 2562 818 2583 τῶν
826 2556 862 2583 ο’,
873 2562 899 2581 et.
914 2557 941 2582 in
952 2557 1013 2584 Edi.

254 2602 320 2625 ῐιοιιι·
335 2600 399 2624 Rom
402 2607 448 2622 ι·ιιι
467 2597 513 2630 legi
507 2602 554 2621 ιιιιι·
567 2598 685 2630 Μεμφιὲοσ
673 2599 719 2625 υθέ,
733 2595 776 2620 sed
795 2595 843 2621 alia
861 2597 1011 2629 exemplaria

1065 2491 1099 2510 Μι
1090 2495 1142 2519 :sapt
1136 2487 1172 2511 ιαδ
1173 2488 1203 2511 ἀλ
1214 2484 1331 2511 habuere.
1340 2486 1404 2512 Vide
1415 2493 1502 2512 notam
1513 2497 1597 2520 supra.

1096 2530 1206 2556 “Karsten
1223 2528 1394 2558 τὸνύομμοτακ
1417 2529 1768 2560 ὄνυαχςμεγάλουςέπῶικινύς.
1792 2531 1822 2554 In

1061 2560 1129 2586 Editi
1125 2570 1180 2587 ione
1191 2563 1307 2589 Romana
1315 2564 1405 2599 legitur
1417 2568 1504 2592 οῦὸὶών
1493 2570 1554 2599 νυίσχ
1555 2578 1606 2598 amo
1619 2579 1644 2594 ου
1632 2570 1668 2594 ὑδὲ
1658 2572 1729 2595 εέποί
1708 2580 1757 2599 οιησ
1759 2580 1768 2595 s
1781 2574 1807 2596 τὸ

1060 2603 1106 2631 ,αὖα
1152 2605 1254 2628 καυτοῦ.
