<?xml version="1.0" encoding="UTF-8"?>
<!DOCTYPE html PUBLIC "-//W3C//DTD XHTML 1.0 Transitional//EN"
    "http://www.w3.org/TR/xhtml1/DTD/xhtml1-transitional.dtd">
<html xmlns="http://www.w3.org/1999/xhtml" xml:lang="en" lang="en">
 <head>
  <title>
</title>
<meta http-equiv="Content-Type" content="text/html;charset=utf-8" />
  <meta name='ocr-system' content='tesseract 3.04.00' />
  <meta name='ocr-capabilities' content='ocr_page ocr_carea ocr_par ocr_line ocrx_word'/>
</head>
<body>
  <div class='ocr_page' id='page_1' title='image "./operaomniaquaeex06johnuoft_0519.png"; bbox 0 0 1890 2826; ppageno 0'>
   <div class='ocr_carea' id='block_1_1' title="bbox 543 143 1210 177">
    <p class='ocr_par' dir='ltr' id='par_1_1' title="bbox 543 143 1210 177">
     <span class='ocr_line' id='line_1_1' title="bbox 543 143 1210 177; baseline 0 -9"><span class='ocrx_word' id='word_1_1' title='bbox 543 145 577 168; x_wconf 83' lang='lat' dir='ltr'><strong>IN</strong></span> <span class='ocrx_word' id='word_1_2' title='bbox 604 144 723 176; x_wconf 82' lang='lat' dir='ltr'><strong>1LLUD,</strong></span> <span class='ocrx_word' id='word_1_3' title='bbox 750 144 783 167; x_wconf 81' lang='lat' dir='ltr'><strong>IN</strong></span> <span class='ocrx_word' id='word_1_4' title='bbox 810 144 875 174; x_wconf 68' lang='lat' dir='ltr'><strong>QUA</strong></span> <span class='ocrx_word' id='word_1_5' title='bbox 902 143 1111 177; x_wconf 73' lang='lat' dir='ltr'><strong>POTESTATE,</strong></span> <span class='ocrx_word' id='word_1_6' title='bbox 1134 145 1210 168; x_wconf 80' lang='lat' dir='ltr'><strong>ETc.</strong></span> 
     </span>
    </p>
   </div>
   <div class='ocr_carea' id='block_1_2' title="bbox 100 204 873 986">
    <p class='ocr_par' dir='ltr' id='par_1_2' title="bbox 100 204 873 986">
     <span class='ocr_line' id='line_1_2' title="bbox 101 204 868 253; baseline -0.016 -9"><span class='ocrx_word' id='word_1_7' title='bbox 101 215 141 248; x_wconf 82' lang='grc' dir='ltr'><strong>τίς</strong></span> <span class='ocrx_word' id='word_1_8' title='bbox 150 216 165 244; x_wconf 80' lang='grc' dir='ltr'><strong>ὁ</strong></span> <span class='ocrx_word' id='word_1_9' title='bbox 177 213 273 253; x_wconf 77' lang='grc' dir='ltr'>τρόπος</span> <span class='ocrx_word' id='word_1_10' title='bbox 293 213 338 240; x_wconf 82' lang='grc' dir='ltr'><strong>τοῦ</strong></span> <span class='ocrx_word' id='word_1_11' title='bbox 356 209 491 250; x_wconf 81' lang='grc' dir='ltr'>γεγονότος</span> <span class='ocrx_word' id='word_1_12' title='bbox 505 209 553 237; x_wconf 77' lang='grc' dir='ltr'>οὐκ</span> <span class='ocrx_word' id='word_1_13' title='bbox 568 206 672 240; x_wconf 82' lang='grc' dir='ltr'>ἔδειξεν.</span> <span class='ocrx_word' id='word_1_14' title='bbox 691 204 800 240; x_wconf 81' lang='grc' dir='ltr'>Ἐξῆλθε</span> <span class='ocrx_word' id='word_1_15' title='bbox 815 204 868 233; x_wconf 81' lang='grc' dir='ltr'><strong>Πέ-</strong></span> 
     </span>
     <span class='ocr_line' id='line_1_3' title="bbox 101 250 868 301; baseline -0.016 -11"><span class='ocrx_word' id='word_1_16' title='bbox 101 272 162 301; x_wconf 87' lang='grc' dir='ltr'>τρος</span> <span class='ocrx_word' id='word_1_17' title='bbox 181 259 234 288; x_wconf 79' lang='grc' dir='ltr'><strong>ἀπὸ</strong></span> <span class='ocrx_word' id='word_1_18' title='bbox 247 259 365 298; x_wconf 76' lang='grc' dir='ltr'>φυλακῆς</span> <span class='ocrx_word' id='word_1_19' title='bbox 375 267 381 274; x_wconf 93' lang='grc'><em>·</em></span> <span class='ocrx_word' id='word_1_20' title='bbox 396 256 455 285; x_wconf 80' lang='grc' dir='ltr'>ἀλλ’</span> <span class='ocrx_word' id='word_1_21' title='bbox 470 253 630 294; x_wconf 84' lang='grc' dir='ltr'>ἠνοίχθησαν</span> <span class='ocrx_word' id='word_1_22' title='bbox 645 252 717 291; x_wconf 76' lang='grc' dir='ltr'>αὐτῷ</span> <span class='ocrx_word' id='word_1_23' title='bbox 731 251 758 280; x_wconf 82' lang='grc' dir='ltr'><strong>αἱ</strong></span> <span class='ocrx_word' id='word_1_24' title='bbox 771 250 868 284; x_wconf 80' lang='grc' dir='ltr'>πύλαι,</span> 
     </span>
     <span class='ocr_line' id='line_1_4' title="bbox 101 296 870 344; baseline -0.014 -9"><span class='ocrx_word' id='word_1_25' title='bbox 101 306 146 335; x_wconf 77' lang='grc' dir='ltr'><strong>καὶ</strong></span> <span class='ocrx_word' id='word_1_26' title='bbox 165 307 182 340; x_wconf 87' lang='grc' dir='ltr'>ἡ</span> <span class='ocrx_word' id='word_1_27' title='bbox 205 303 298 344; x_wconf 78' lang='grc' dir='ltr'>Γραφὴ</span> <span class='ocrx_word' id='word_1_28' title='bbox 318 300 506 340; x_wconf 80' lang='grc' dir='ltr'>ἐπεσημήνατο</span> <span class='ocrx_word' id='word_1_29' title='bbox 522 298 650 338; x_wconf 81' lang='grc' dir='ltr'>λέγουσα,</span> <span class='ocrx_word' id='word_1_30' title='bbox 665 297 707 327; x_wconf 77' lang='grc' dir='ltr'><strong>ὅτι</strong></span> <span class='ocrx_word' id='word_1_31' title='bbox 720 296 755 326; x_wconf 80' lang='grc' dir='ltr'><strong>Ἥ</strong></span> <span class='ocrx_word' id='word_1_32' title='bbox 773 296 870 335; x_wconf 83' lang='grc' dir='ltr'>σιδηρᾶ</span> 
     </span>
     <span class='ocr_line' id='line_1_5' title="bbox 101 339 869 388; baseline -0.013 -8"><span class='ocrx_word' id='word_1_33' title='bbox 101 351 172 387; x_wconf 83' lang='grc' dir='ltr'>πύλη</span> <span class='ocrx_word' id='word_1_34' title='bbox 185 349 322 388; x_wconf 78' lang='grc' dir='ltr'>αὐτομάτη</span> <span class='ocrx_word' id='word_1_35' title='bbox 335 347 428 387; x_wconf 82' lang='grc' dir='ltr'>ἠνοίγη</span> <span class='ocrx_word' id='word_1_36' title='bbox 443 348 529 379; x_wconf 83' lang='grc' dir='ltr'>αὐτοῖς</span> <span class='ocrx_word' id='word_1_37' title='bbox 537 357 544 364; x_wconf 91' lang='grc'><em>·</em></span> <span class='ocrx_word' id='word_1_38' title='bbox 564 345 612 374; x_wconf 80' lang='grc' dir='ltr'>οὐκ</span> <span class='ocrx_word' id='word_1_39' title='bbox 625 339 697 374; x_wconf 72' lang='grc' dir='ltr'>εἶπεν</span> <span class='ocrx_word' id='word_1_40' title='bbox 706 364 714 378; x_wconf 89' lang='grc'>,</span> <span class='ocrx_word' id='word_1_41' title='bbox 733 341 869 378; x_wconf 73' lang='grc' dir='ltr'>αὐτομάτη</span> 
     </span>
     <span class='ocr_line' id='line_1_6' title="bbox 101 383 871 434; baseline -0.013 -8"><span class='ocrx_word' id='word_1_42' title='bbox 101 396 206 430; x_wconf 80' lang='grc' dir='ltr'>ἐδέξατο</span> <span class='ocrx_word' id='word_1_43' title='bbox 219 395 321 434; x_wconf 79' lang='grc' dir='ltr'>Πέτρον</span> <span class='ocrx_word' id='word_1_44' title='bbox 341 392 521 433; x_wconf 83' lang='grc' dir='ltr'>διερχόμενον·</span> <span class='ocrx_word' id='word_1_45' title='bbox 541 389 702 431; x_wconf 82' lang='grc' dir='ltr'>ἀνθρώπινον</span> <span class='ocrx_word' id='word_1_46' title='bbox 722 387 773 428; x_wconf 81' lang='grc' dir='ltr'>γὰρ</span> <span class='ocrx_word' id='word_1_47' title='bbox 794 383 827 424; x_wconf 75' lang='grc' dir='ltr'><strong>ἦν</strong></span> <span class='ocrx_word' id='word_1_48' title='bbox 840 387 871 416; x_wconf 89' lang='grc' dir='ltr'><strong>τὸ</strong></span> 
     </span>
     <span class='ocr_line' id='line_1_7' title="bbox 100 434 869 480; baseline -0.012 -9"><span class='ocrx_word' id='word_1_49' title='bbox 100 444 196 480; x_wconf 72' lang='grc' dir='ltr'>σῶμα,</span> <span class='ocrx_word' id='word_1_50' title='bbox 215 441 261 470; x_wconf 85' lang='grc' dir='ltr'><strong>καὶ</strong></span> <span class='ocrx_word' id='word_1_51' title='bbox 282 440 310 474; x_wconf 82' lang='grc' dir='ltr'><strong>ἐξ</strong></span> <span class='ocrx_word' id='word_1_52' title='bbox 335 438 498 479; x_wconf 81' lang='grc' dir='ltr'>ἀνθρωπίνου</span> <span class='ocrx_word' id='word_1_53' title='bbox 519 436 680 478; x_wconf 74' lang='grc' dir='ltr'>φυράματος.</span> <span class='ocrx_word' id='word_1_54' title='bbox 705 434 746 464; x_wconf 86' lang='grc' dir='ltr'><strong>Τὸ</strong></span> <span class='ocrx_word' id='word_1_55' title='bbox 769 434 797 464; x_wconf 79' lang='grc' dir='ltr'>δὲ</span> <span class='ocrx_word' id='word_1_56' title='bbox 823 436 869 463; x_wconf 72' lang='grc' dir='ltr'><strong>τοῦ</strong></span> 
     </span>
     <span class='ocr_line' id='line_1_8' title="bbox 103 479 870 527; baseline -0.01 -10"><span class='ocrx_word' id='word_1_57' title='bbox 103 489 218 527; x_wconf 82' lang='grc' dir='ltr'>Χριστοῦ</span> <span class='ocrx_word' id='word_1_58' title='bbox 232 485 394 526; x_wconf 79' lang='grc' dir='ltr'>ἀνθρώπινον</span> <span class='ocrx_word' id='word_1_59' title='bbox 410 485 473 524; x_wconf 81' lang='grc' dir='ltr'>μὲν,</span> <span class='ocrx_word' id='word_1_60' title='bbox 487 483 531 514; x_wconf 79' lang='grc' dir='ltr'><strong>διὰ</strong></span> <span class='ocrx_word' id='word_1_61' title='bbox 553 483 602 519; x_wconf 83' lang='grc' dir='ltr'><strong>τὴν</strong></span> <span class='ocrx_word' id='word_1_62' title='bbox 616 482 680 521; x_wconf 82' lang='grc' dir='ltr'>πρὸς</span> <span class='ocrx_word' id='word_1_63' title='bbox 693 484 764 520; x_wconf 82' lang='grc' dir='ltr'>ἡμᾶς</span> <span class='ocrx_word' id='word_1_64' title='bbox 779 479 870 519; x_wconf 83' lang='grc' dir='ltr'>συγγέ-</span> 
     </span>
     <span class='ocr_line' id='line_1_9' title="bbox 103 525 870 569; baseline -0.01 -7"><span class='ocrx_word' id='word_1_65' title='bbox 103 545 191 562; x_wconf 91' lang='grc' dir='ltr'>νειαν·</span> <span class='ocrx_word' id='word_1_66' title='bbox 216 536 283 562; x_wconf 88' lang='grc' dir='ltr'>θεῖον</span> <span class='ocrx_word' id='word_1_67' title='bbox 307 531 335 561; x_wconf 82' lang='grc' dir='ltr'>δὲ</span> <span class='ocrx_word' id='word_1_68' title='bbox 355 531 398 560; x_wconf 78' lang='grc' dir='ltr'><strong>διά</strong></span> <span class='ocrx_word' id='word_1_69' title='bbox 422 543 452 560; x_wconf 85' lang='grc' dir='ltr'><strong>τε</strong></span> <span class='ocrx_word' id='word_1_70' title='bbox 473 530 522 566; x_wconf 85' lang='grc' dir='ltr'><strong>τὴν</strong></span> <span class='ocrx_word' id='word_1_71' title='bbox 545 529 610 569; x_wconf 83' lang='grc' dir='ltr'>πρὸς</span> <span class='ocrx_word' id='word_1_72' title='bbox 632 527 677 557; x_wconf 84' lang='grc' dir='ltr'><strong>τὸν</strong></span> <span class='ocrx_word' id='word_1_73' title='bbox 697 527 766 557; x_wconf 81' lang='grc' dir='ltr'>Θεὸν</span> <span class='ocrx_word' id='word_1_74' title='bbox 785 525 870 565; x_wconf 86' lang='grc' dir='ltr'>Λόγον</span> 
     </span>
     <span class='ocr_line' id='line_1_10' title="bbox 101 571 870 613; baseline -0.009 -6"><span class='ocrx_word' id='word_1_75' title='bbox 101 578 235 613; x_wconf 50' lang='grc' dir='ltr'>ὓὲνωσιν,</span> <span class='ocrx_word' id='word_1_76' title='bbox 259 577 304 607; x_wconf 76' lang='grc' dir='ltr'><strong>καὶ</strong></span> <span class='ocrx_word' id='word_1_77' title='bbox 329 577 372 607; x_wconf 82' lang='grc' dir='ltr'><strong>διὰ</strong></span> <span class='ocrx_word' id='word_1_78' title='bbox 393 575 442 612; x_wconf 85' lang='grc' dir='ltr'><strong>τὴν</strong></span> <span class='ocrx_word' id='word_1_79' title='bbox 463 576 537 612; x_wconf 83' lang='grc' dir='ltr'>ξένην</span> <span class='ocrx_word' id='word_1_80' title='bbox 555 576 636 604; x_wconf 86' lang='grc' dir='ltr'>ὠδῖνα</span> <span class='ocrx_word' id='word_1_81' title='bbox 661 575 708 609; x_wconf 80' lang='grc' dir='ltr'><strong>τῆς</strong></span> <span class='ocrx_word' id='word_1_82' title='bbox 732 571 870 612; x_wconf 86' lang='grc' dir='ltr'>παρθένου.</span> 
     </span>
     <span class='ocr_line' id='line_1_11' title="bbox 103 619 872 662; baseline -0.008 -9"><span class='ocrx_word' id='word_1_83' title='bbox 103 625 166 658; x_wconf 82' lang='grc' dir='ltr'><strong>Πῶς</strong></span> <span class='ocrx_word' id='word_1_84' title='bbox 180 625 283 659; x_wconf 77' lang='grc' dir='ltr'>εἰσῆλθε</span> <span class='ocrx_word' id='word_1_85' title='bbox 303 622 496 662; x_wconf 76' lang='grc' dir='ltr'>κεκλεισμένων</span> <span class='ocrx_word' id='word_1_86' title='bbox 510 623 562 651; x_wconf 85' lang='grc' dir='ltr'><strong>τῶν</strong></span> <span class='ocrx_word' id='word_1_87' title='bbox 584 622 684 661; x_wconf 84' lang='grc' dir='ltr'>θυρῶν;</span> <span class='ocrx_word' id='word_1_88' title='bbox 700 621 756 652; x_wconf 82' lang='grc' dir='ltr'><strong>πῶς</strong></span> <span class='ocrx_word' id='word_1_89' title='bbox 776 619 872 654; x_wconf 75' lang='grc' dir='ltr'>ἀνῆλθε</span> 
     </span>
     <span class='ocr_line' id='line_1_12' title="bbox 104 665 872 709; baseline -0.009 -10"><span class='ocrx_word' id='word_1_90' title='bbox 104 670 297 709; x_wconf 71' lang='grc' dir='ltr'>κεκλεισμένων</span> <span class='ocrx_word' id='word_1_91' title='bbox 319 672 371 699; x_wconf 83' lang='grc' dir='ltr'><strong>τῶν</strong></span> <span class='ocrx_word' id='word_1_92' title='bbox 395 671 528 709; x_wconf 83' lang='grc' dir='ltr'>οὖρανῶν;</span> <span class='ocrx_word' id='word_1_93' title='bbox 553 668 591 698; x_wconf 86' lang='grc' dir='ltr'>Ὦ</span> <span class='ocrx_word' id='word_1_94' title='bbox 614 669 661 703; x_wconf 80' lang='grc' dir='ltr'><strong>τῆς</strong></span> <span class='ocrx_word' id='word_1_95' title='bbox 686 665 796 698; x_wconf 81' lang='grc' dir='ltr'>ἀτοπίας</span> <span class='ocrx_word' id='word_1_96' title='bbox 819 665 872 699; x_wconf 76' lang='grc' dir='ltr'><strong>τῶν</strong></span> 
     </span>
     <span class='ocr_line' id='line_1_13' title="bbox 104 711 872 754; baseline -0.008 -9"><span class='ocrx_word' id='word_1_97' title='bbox 104 719 189 745; x_wconf 78' lang='grc' dir='ltr'>ταῦτα</span> <span class='ocrx_word' id='word_1_98' title='bbox 198 719 208 732; x_wconf 79' lang='lat'><strong>‘²</strong></span> <span class='ocrx_word' id='word_1_99' title='bbox 218 715 398 754; x_wconf 87' lang='grc' dir='ltr'>τολμούντων·</span> <span class='ocrx_word' id='word_1_100' title='bbox 412 715 434 744; x_wconf 88' lang='grc' dir='ltr'>ὢ</span> <span class='ocrx_word' id='word_1_101' title='bbox 447 717 496 751; x_wconf 80' lang='grc' dir='ltr'><strong>τῆς</strong></span> <span class='ocrx_word' id='word_1_102' title='bbox 512 713 646 746; x_wconf 75' lang='grc' dir='ltr'>εὔσεὸείας</span> <span class='ocrx_word' id='word_1_103' title='bbox 657 713 710 742; x_wconf 68' lang='grc' dir='ltr'>τιῖἱν</span> <span class='ocrx_word' id='word_1_104' title='bbox 724 711 812 741; x_wconf 85' lang='grc' dir='ltr'>πάντα</span> <span class='ocrx_word' id='word_1_105' title='bbox 825 722 872 739; x_wconf 90' lang='grc' dir='ltr'><strong>πι-</strong></span> 
     </span>
     <span class='ocr_line' id='line_1_14' title="bbox 105 756 873 801; baseline -0.008 -10"><span class='ocrx_word' id='word_1_106' title='bbox 105 762 258 791; x_wconf 76' lang='grc' dir='ltr'>στευόντων.</span> <span class='ocrx_word' id='word_1_107' title='bbox 281 761 362 791; x_wconf 81' lang='grc' dir='ltr'>Ἀλλὰ</span> <span class='ocrx_word' id='word_1_108' title='bbox 380 761 407 790; x_wconf 91' lang='grc' dir='ltr'><strong>τί</strong></span> <span class='ocrx_word' id='word_1_109' title='bbox 424 773 503 801; x_wconf 89' lang='grc' dir='ltr'>φησιν</span> <span class='ocrx_word' id='word_1_110' title='bbox 520 758 714 798; x_wconf 67' lang='grc' dir='ltr'>,ὁ-ἀντιλέγωνς</span> <span class='ocrx_word' id='word_1_111' title='bbox 729 758 792 797; x_wconf 82' lang='grc' dir='ltr'><strong>Οὖχ</strong></span> <span class='ocrx_word' id='word_1_112' title='bbox 804 756 873 797; x_wconf 77' lang='grc' dir='ltr'>εὑρί-</span> 
     </span>
     <span class='ocr_line' id='line_1_15' title="bbox 104 803 873 847; baseline -0.007 -10"><span class='ocrx_word' id='word_1_113' title='bbox 104 819 202 847; x_wconf 81' lang='grc' dir='ltr'>σκομεν</span> <span class='ocrx_word' id='word_1_114' title='bbox 212 808 260 844; x_wconf 85' lang='grc' dir='ltr'><strong>τὴν</strong></span> <span class='ocrx_word' id='word_1_115' title='bbox 269 807 357 837; x_wconf 85' lang='grc' dir='ltr'>πίστιν</span> <span class='ocrx_word' id='word_1_116' title='bbox 369 808 474 847; x_wconf 84' lang='grc' dir='ltr'>ἀσφαλῆ</span> <span class='ocrx_word' id='word_1_117' title='bbox 484 808 620 846; x_wconf 78' lang='grc' dir='ltr'>πανταχοῦ</span> <span class='ocrx_word' id='word_1_118' title='bbox 629 818 636 824; x_wconf 89' lang='grc'><em>·</em></span> <span class='ocrx_word' id='word_1_119' title='bbox 644 804 756 845; x_wconf 79' lang='grc' dir='ltr'>εὕραμεν</span> <span class='ocrx_word' id='word_1_120' title='bbox 768 803 814 833; x_wconf 77' lang='grc' dir='ltr'><strong>καὶ</strong></span> <span class='ocrx_word' id='word_1_121' title='bbox 822 804 873 833; x_wconf 90' lang='grc' dir='ltr'>διο-</span> 
     </span>
     <span class='ocr_line' id='line_1_16' title="bbox 103 850 873 890; baseline -0.005 -7"><span class='ocrx_word' id='word_1_122' title='bbox 103 854 294 884; x_wconf 85' lang='grc' dir='ltr'>λισθαίνουσαν·</span> <span class='ocrx_word' id='word_1_123' title='bbox 307 855 336 884; x_wconf 82' lang='grc' dir='ltr'>οὗ</span> <span class='ocrx_word' id='word_1_124' title='bbox 346 854 385 882; x_wconf 86' lang='grc' dir='ltr'>δεῖ</span> <span class='ocrx_word' id='word_1_125' title='bbox 392 852 524 882; x_wconf 79' lang='grc' dir='ltr'>πιστεύειν</span> <span class='ocrx_word' id='word_1_126' title='bbox 532 851 719 887; x_wconf 80' lang='grc' dir='ltr'>ἀνεξετάστως,</span> <span class='ocrx_word' id='word_1_127' title='bbox 728 850 797 880; x_wconf 82' lang='grc' dir='ltr'>ἀλλὰ</span> <span class='ocrx_word' id='word_1_128' title='bbox 805 850 873 890; x_wconf 84' lang='grc' dir='ltr'>μετὰ</span> 
     </span>
     <span class='ocr_line' id='line_1_17' title="bbox 104 897 873 940; baseline -0.005 -10"><span class='ocrx_word' id='word_1_129' title='bbox 104 900 227 940; x_wconf 76' lang='grc' dir='ltr'>ἄκριὸοῦς</span> <span class='ocrx_word' id='word_1_130' title='bbox 247 899 398 934; x_wconf 73' lang='grc' dir='ltr'>ἐξετάσεως.</span> <span class='ocrx_word' id='word_1_131' title='bbox 419 898 513 928; x_wconf 78' lang='grc' dir='ltr'>Πολλὰ</span> <span class='ocrx_word' id='word_1_132' title='bbox 536 898 563 928; x_wconf 81' lang='grc' dir='ltr'>δὲ</span> <span class='ocrx_word' id='word_1_133' title='bbox 585 897 770 937; x_wconf 79' lang='grc' dir='ltr'>συντρέχουσιν</span> <span class='ocrx_word' id='word_1_134' title='bbox 787 898 873 930; x_wconf 68' lang='grc' dir='ltr'>αὐτοῖς</span> 
     </span>
     <span class='ocr_line' id='line_1_18' title="bbox 103 944 872 986; baseline -0.004 -11"><span class='ocrx_word' id='word_1_135' title='bbox 103 949 156 975; x_wconf 82' lang='grc' dir='ltr'><strong>τῶν</strong></span> <span class='ocrx_word' id='word_1_136' title='bbox 167 945 226 980; x_wconf 82' lang='grc' dir='ltr'>ἔξω.</span> <span class='ocrx_word' id='word_1_137' title='bbox 243 945 354 986; x_wconf 83' lang='grc' dir='ltr'>Ἀδελφὰ</span> <span class='ocrx_word' id='word_1_138' title='bbox 366 945 418 985; x_wconf 83' lang='grc' dir='ltr'>γὰρ</span> <span class='ocrx_word' id='word_1_139' title='bbox 431 944 466 974; x_wconf 73' lang='grc' dir='ltr'><strong>τὰ</strong></span> <span class='ocrx_word' id='word_1_140' title='bbox 477 944 634 985; x_wconf 86' lang='grc' dir='ltr'>φρονήματα</span> <span class='ocrx_word' id='word_1_141' title='bbox 652 944 697 973; x_wconf 80' lang='grc' dir='ltr'><strong>καὶ</strong></span> <span class='ocrx_word' id='word_1_142' title='bbox 711 945 763 972; x_wconf 80' lang='grc' dir='ltr'><strong>τῶν</strong></span> <span class='ocrx_word' id='word_1_143' title='bbox 778 945 872 983; x_wconf 79' lang='grc' dir='ltr'>αἱρετι-</span> 
     </span>
    </p>
   </div>
   <div class='ocr_carea' id='block_1_3' title="bbox 1592 134 1664 181">
    <p class='ocr_par' dir='ltr' id='par_1_3' title="bbox 1592 134 1664 181">
     <span class='ocr_line' id='line_1_19' title="bbox 1592 134 1664 181; baseline 0.042 -3"><span class='ocrx_word' id='word_1_144' title='bbox 1592 134 1664 181; x_wconf 81' lang='grc'><strong>499</strong></span> 
     </span>
    </p>
   </div>
   <div class='ocr_carea' id='block_1_4' title="bbox 922 205 1815 983">
    <p class='ocr_par' dir='ltr' id='par_1_4' title="bbox 922 205 1815 983">
     <span class='ocr_line' id='line_1_20' title="bbox 922 205 1664 243; baseline -0.001 -9"><span class='ocrx_word' id='word_1_145' title='bbox 922 205 984 243; x_wconf 86' lang='lat' dir='ltr'><strong>quis</strong></span> <span class='ocrx_word' id='word_1_146' title='bbox 997 206 1035 234; x_wconf 83' lang='lat' dir='ltr'><strong>rei</strong></span> <span class='ocrx_word' id='word_1_147' title='bbox 1048 206 1143 235; x_wconf 80' lang='lat' dir='ltr'><strong>modus</strong></span> <span class='ocrx_word' id='word_1_148' title='bbox 1156 207 1238 235; x_wconf 83' lang='lat' dir='ltr'><strong>fuerit</strong></span> <span class='ocrx_word' id='word_1_149' title='bbox 1252 217 1302 235; x_wconf 88' lang='lat' dir='ltr'><strong>non</strong></span> <span class='ocrx_word' id='word_1_150' title='bbox 1317 205 1474 235; x_wconf 75' lang='lat' dir='ltr'>declaravit.</span> <span class='ocrx_word' id='word_1_151' title='bbox 1484 205 1560 235; x_wconf 79' lang='lat' dir='ltr'><strong>Exiit</strong></span> <span class='ocrx_word' id='word_1_152' title='bbox 1571 207 1664 236; x_wconf 82' lang='lat' dir='ltr'><strong>Petrus</strong></span> 
     </span>
     <span class='ocr_line' id='line_1_21' title="bbox 923 252 1664 293; baseline 0.001 -14"><span class='ocrx_word' id='word_1_153' title='bbox 923 261 1068 290; x_wconf 82' lang='lat' dir='ltr'><strong>ecarcere;</strong></span> <span class='ocrx_word' id='word_1_154' title='bbox 1082 252 1129 281; x_wconf 89' lang='lat' dir='ltr'><strong>sed</strong></span> <span class='ocrx_word' id='word_1_155' title='bbox 1147 260 1243 292; x_wconf 80' lang='lat' dir='ltr'><strong>apertae</strong></span> <span class='ocrx_word' id='word_1_156' title='bbox 1264 260 1326 282; x_wconf 91' lang='lat' dir='ltr'><strong>sunt</strong></span> <span class='ocrx_word' id='word_1_157' title='bbox 1339 253 1363 282; x_wconf 89' lang='lat' dir='ltr'><strong>ei</strong></span> <span class='ocrx_word' id='word_1_158' title='bbox 1380 253 1480 293; x_wconf 83' lang='lat' dir='ltr'><strong>januae,</strong></span> <span class='ocrx_word' id='word_1_159' title='bbox 1497 252 1579 291; x_wconf 92' lang='lat' dir='ltr'><strong>idque</strong></span> <span class='ocrx_word' id='word_1_160' title='bbox 1592 252 1664 283; x_wconf 85' lang='lat' dir='ltr'><strong>Scri-</strong></span> 
     </span>
     <span class='ocr_line' id='line_1_22' title="bbox 923 298 1815 340; baseline 0.003 -14"><span class='ocrx_word' id='word_1_161' title='bbox 923 304 1002 336; x_wconf 82' lang='lat' dir='ltr'><strong>ptura</strong></span> <span class='ocrx_word' id='word_1_162' title='bbox 1015 298 1175 338; x_wconf 84' lang='lat' dir='ltr'><strong>significavit</strong></span> <span class='ocrx_word' id='word_1_163' title='bbox 1187 300 1229 329; x_wconf 84' lang='lat' dir='ltr'><strong>his</strong></span> <span class='ocrx_word' id='word_1_164' title='bbox 1247 300 1336 330; x_wconf 85' lang='lat' dir='ltr'><strong>verbis</strong></span> <span class='ocrx_word' id='word_1_165' title='bbox 1352 311 1360 328; x_wconf 71' lang='grc' dir='ltr'><strong>ι</strong></span> <span class='ocrx_word' id='word_1_166' title='bbox 1375 301 1469 329; x_wconf 84' lang='lat' dir='ltr'><strong>Porta</strong></span> <span class='ocrx_word' id='word_1_167' title='bbox 1471 300 1576 340; x_wconf 83' lang='lat' dir='ltr'><strong>ferrea</strong></span> <span class='ocrx_word' id='word_1_168' title='bbox 1588 301 1665 329; x_wconf 81' lang='lat' dir='ltr'><strong>ultro</strong></span> <span class='ocrx_word' id='word_1_169' title='bbox 1676 304 1770 325; x_wconf 69' lang='lat' dir='ltr'><strong>Act-¹²·</strong></span> <span class='ocrx_word' id='word_1_170' title='bbox 1779 309 1815 324; x_wconf 67' lang='lat'><strong>¹0»</strong></span> 
     </span>
     <span class='ocr_line' id='line_1_23' title="bbox 923 346 1665 386; baseline 0.004 -13"><span class='ocrx_word' id='word_1_171' title='bbox 923 351 1026 384; x_wconf 85' lang='lat' dir='ltr'><strong>aperta</strong></span> <span class='ocrx_word' id='word_1_172' title='bbox 1042 352 1084 374; x_wconf 82' lang='lat' dir='ltr'><strong>est</strong></span> <span class='ocrx_word' id='word_1_173' title='bbox 1097 348 1148 375; x_wconf 85' lang='lat' dir='ltr'><strong>eis.</strong></span> <span class='ocrx_word' id='word_1_174' title='bbox 1162 347 1223 376; x_wconf 91' lang='lat' dir='ltr'><strong>Non</strong></span> <span class='ocrx_word' id='word_1_175' title='bbox 1240 346 1320 384; x_wconf 83' lang='lat' dir='ltr'>dixit,</span> <span class='ocrx_word' id='word_1_176' title='bbox 1329 346 1409 376; x_wconf 89' lang='lat' dir='ltr'><strong>Ultro</strong></span> <span class='ocrx_word' id='word_1_177' title='bbox 1428 346 1544 386; x_wconf 84' lang='lat' dir='ltr'>suscepit</span> <span class='ocrx_word' id='word_1_178' title='bbox 1557 348 1665 376; x_wconf 86' lang='lat' dir='ltr'><strong>Petrum</strong></span> 
     </span>
     <span class='ocr_line' id='line_1_24' title="bbox 923 392 1666 433; baseline 0.005 -14"><span class='ocrx_word' id='word_1_179' title='bbox 923 398 1103 421; x_wconf 82' lang='lat' dir='ltr'><strong>transeuntem</strong></span> <span class='ocrx_word' id='word_1_180' title='bbox 1120 404 1126 420; x_wconf 76' lang='grc' dir='ltr'><strong><em>ε</em></strong></span> <span class='ocrx_word' id='word_1_181' title='bbox 1141 392 1290 422; x_wconf 85' lang='lat' dir='ltr'><strong>humanum</strong></span> <span class='ocrx_word' id='word_1_182' title='bbox 1297 393 1399 432; x_wconf 88' lang='lat' dir='ltr'><strong>quippe</strong></span> <span class='ocrx_word' id='word_1_183' title='bbox 1408 403 1506 433; x_wconf 89' lang='lat' dir='ltr'><strong>corpus</strong></span> <span class='ocrx_word' id='word_1_184' title='bbox 1516 400 1582 430; x_wconf 82' lang='lat' dir='ltr'><strong>erat,</strong></span> <span class='ocrx_word' id='word_1_185' title='bbox 1595 401 1620 423; x_wconf 89' lang='lat' dir='ltr'><strong>et</strong></span> <span class='ocrx_word' id='word_1_186' title='bbox 1633 405 1666 423; x_wconf 83' lang='lat' dir='ltr'><strong>ex</strong></span> 
     </span>
     <span class='ocr_line' id='line_1_25' title="bbox 923 436 1666 478; baseline 0.004 -13"><span class='ocrx_word' id='word_1_187' title='bbox 923 436 1041 466; x_wconf 80' lang='lat' dir='ltr'><strong>humana</strong></span> <span class='ocrx_word' id='word_1_188' title='bbox 1051 448 1144 467; x_wconf 82' lang='lat' dir='ltr'><strong>massa.</strong></span> <span class='ocrx_word' id='word_1_189' title='bbox 1153 439 1258 477; x_wconf 89' lang='lat' dir='ltr'><strong>Corpus</strong></span> <span class='ocrx_word' id='word_1_190' title='bbox 1264 448 1326 468; x_wconf 87' lang='lat' dir='ltr'><strong>vero</strong></span> <span class='ocrx_word' id='word_1_191' title='bbox 1337 438 1440 468; x_wconf 82' lang='lat' dir='ltr'><strong>Christi</strong></span> <span class='ocrx_word' id='word_1_192' title='bbox 1449 439 1596 468; x_wconf 86' lang='lat' dir='ltr'><strong>humanum</strong></span> <span class='ocrx_word' id='word_1_193' title='bbox 1608 440 1666 478; x_wconf 89' lang='lat' dir='ltr'><strong>qui-</strong></span> 
     </span>
     <span class='ocr_line' id='line_1_26' title="bbox 923 482 1665 522; baseline 0.004 -11"><span class='ocrx_word' id='word_1_194' title='bbox 923 482 1061 520; x_wconf 74' lang='lat' dir='ltr'><strong>demeret,</strong></span> <span class='ocrx_word' id='word_1_195' title='bbox 1075 483 1109 512; x_wconf 91' lang='lat' dir='ltr'><strong>ob</strong></span> <span class='ocrx_word' id='word_1_196' title='bbox 1122 484 1305 522; x_wconf 82' lang='lat' dir='ltr'><strong>cognationem</strong></span> <span class='ocrx_word' id='word_1_197' title='bbox 1321 495 1403 522; x_wconf 84' lang='lat' dir='ltr'><strong>quam</strong></span> <span class='ocrx_word' id='word_1_198' title='bbox 1416 484 1556 514; x_wconf 90' lang='lat' dir='ltr'><strong>nobiscum</strong></span> <span class='ocrx_word' id='word_1_199' title='bbox 1569 484 1665 521; x_wconf 84' lang='lat' dir='ltr'><strong>hahct;</strong></span> 
     </span>
     <span class='ocr_line' id='line_1_27' title="bbox 923 529 1668 567; baseline 0.003 -9"><span class='ocrx_word' id='word_1_200' title='bbox 923 529 1049 560; x_wconf 85' lang='lat' dir='ltr'><strong>divinum</strong></span> <span class='ocrx_word' id='word_1_201' title='bbox 1059 537 1149 559; x_wconf 82' lang='lat' dir='ltr'><strong>autern</strong></span> <span class='ocrx_word' id='word_1_202' title='bbox 1157 530 1192 558; x_wconf 93' lang='lat' dir='ltr'><strong>ob</strong></span> <span class='ocrx_word' id='word_1_203' title='bbox 1204 530 1328 560; x_wconf 88' lang='lat' dir='ltr'><strong>unionem</strong></span> <span class='ocrx_word' id='word_1_204' title='bbox 1337 531 1439 567; x_wconf 87' lang='lat' dir='ltr'><strong>Verbo,</strong></span> <span class='ocrx_word' id='word_1_205' title='bbox 1445 538 1470 560; x_wconf 88' lang='lat' dir='ltr'><strong>et</strong></span> <span class='ocrx_word' id='word_1_206' title='bbox 1480 532 1515 561; x_wconf 86' lang='lat' dir='ltr'><strong>ob</strong></span> <span class='ocrx_word' id='word_1_207' title='bbox 1523 531 1668 561; x_wconf 83' lang='lat' dir='ltr'><strong>admirabi-</strong></span> 
     </span>
     <span class='ocr_line' id='line_1_28' title="bbox 925 576 1666 617; baseline 0.003 -12"><span class='ocrx_word' id='word_1_208' title='bbox 925 577 978 606; x_wconf 87' lang='lat' dir='ltr'><strong>lem</strong></span> <span class='ocrx_word' id='word_1_209' title='bbox 987 576 1112 616; x_wconf 71' lang='lat' dir='ltr'><strong>Virginis</strong></span> <span class='ocrx_word' id='word_1_210' title='bbox 1123 583 1242 616; x_wconf 84' lang='lat' dir='ltr'><strong>partum.</strong></span> <span class='ocrx_word' id='word_1_211' title='bbox 1251 577 1393 613; x_wconf 86' lang='lat' dir='ltr'><strong>Quomodo</strong></span> <span class='ocrx_word' id='word_1_212' title='bbox 1407 577 1498 617; x_wconf 84' lang='lat' dir='ltr'><strong>jannis</strong></span> <span class='ocrx_word' id='word_1_213' title='bbox 1516 578 1614 607; x_wconf 80' lang='lat' dir='ltr'><strong>clausis</strong></span> <span class='ocrx_word' id='word_1_214' title='bbox 1625 578 1666 607; x_wconf 85' lang='lat' dir='ltr'><strong>in-</strong></span> 
     </span>
     <span class='ocr_line' id='line_1_29' title="bbox 926 621 1668 662; baseline 0.003 -11"><span class='ocrx_word' id='word_1_215' title='bbox 926 633 1032 662; x_wconf 83' lang='lat' dir='ltr'><strong>gressus</strong></span> <span class='ocrx_word' id='word_1_216' title='bbox 1050 622 1107 651; x_wconf 79' lang='lat' dir='ltr'><strong>est?</strong></span> <span class='ocrx_word' id='word_1_217' title='bbox 1124 621 1260 660; x_wconf 88' lang='lat' dir='ltr'><strong>quomodo</strong></span> <span class='ocrx_word' id='word_1_218' title='bbox 1277 622 1348 651; x_wconf 86' lang='lat' dir='ltr'><strong>caelis</strong></span> <span class='ocrx_word' id='word_1_219' title='bbox 1371 622 1470 652; x_wconf 79' lang='lat' dir='ltr'><strong>clausis</strong></span> <span class='ocrx_word' id='word_1_220' title='bbox 1487 624 1623 653; x_wconf 77' lang='lat' dir='ltr'><strong>ascendit?</strong></span> <span class='ocrx_word' id='word_1_221' title='bbox 1643 626 1668 654; x_wconf 93' lang='grc' dir='ltr'><strong>Ο</strong></span> 
     </span>
     <span class='ocr_line' id='line_1_30' title="bbox 927 668 1668 708; baseline 0.001 -10"><span class='ocrx_word' id='word_1_222' title='bbox 927 668 1102 698; x_wconf 77' lang='lat' dir='ltr'><strong>temeritatem</strong></span> <span class='ocrx_word' id='word_1_223' title='bbox 1119 668 1183 697; x_wconf 77' lang='lat' dir='ltr'><strong>talia</strong></span> <span class='ocrx_word' id='word_1_224' title='bbox 1206 668 1385 697; x_wconf 80' lang='lat' dir='ltr'><strong>audentium?</strong></span> <span class='ocrx_word' id='word_1_225' title='bbox 1399 679 1415 697; x_wconf 96' lang='lat' dir='ltr'><strong>o</strong></span> <span class='ocrx_word' id='word_1_226' title='bbox 1427 669 1554 708; x_wconf 85' lang='lat' dir='ltr'><strong>pietatem</strong></span> <span class='ocrx_word' id='word_1_227' title='bbox 1574 677 1668 699; x_wconf 81' lang='lat' dir='ltr'><strong>cuncta</strong></span> 
     </span>
     <span class='ocr_line' id='line_1_31' title="bbox 927 714 1669 753; baseline 0 -9"><span class='ocrx_word' id='word_1_228' title='bbox 927 714 1110 744; x_wconf 82' lang='lat' dir='ltr'><strong>credentium!</strong></span> <span class='ocrx_word' id='word_1_229' title='bbox 1125 714 1180 744; x_wconf 89' lang='lat' dir='ltr'><strong>Sed</strong></span> <span class='ocrx_word' id='word_1_230' title='bbox 1194 714 1261 753; x_wconf 92' lang='lat' dir='ltr'><strong>quid</strong></span> <span class='ocrx_word' id='word_1_231' title='bbox 1273 714 1311 744; x_wconf 81' lang='lat' dir='ltr'><strong>ait</strong></span> <span class='ocrx_word' id='word_1_232' title='bbox 1318 714 1507 744; x_wconf 77' lang='lat' dir='ltr'><strong>adversarius?</strong></span> <span class='ocrx_word' id='word_1_233' title='bbox 1522 716 1582 744; x_wconf 86' lang='lat' dir='ltr'><strong>Non</strong></span> <span class='ocrx_word' id='word_1_234' title='bbox 1594 716 1669 745; x_wconf 87' lang='lat' dir='ltr'><strong>inve-</strong></span> 
     </span>
     <span class='ocr_line' id='line_1_32' title="bbox 927 760 1669 801; baseline 0 -11"><span class='ocrx_word' id='word_1_235' title='bbox 927 761 1016 790; x_wconf 87' lang='lat' dir='ltr'><strong>nimus</strong></span> <span class='ocrx_word' id='word_1_236' title='bbox 1033 760 1115 790; x_wconf 89' lang='lat' dir='ltr'><strong>fidem</strong></span> <span class='ocrx_word' id='word_1_237' title='bbox 1134 760 1235 800; x_wconf 86' lang='lat' dir='ltr'><strong>ubique</strong></span> <span class='ocrx_word' id='word_1_238' title='bbox 1247 768 1343 795; x_wconf 66' lang='lat' dir='ltr'><strong>tutam</strong></span> <span class='ocrx_word' id='word_1_239' title='bbox 1353 760 1501 801; x_wconf 87' lang='lat' dir='ltr'><strong>reperimus</strong></span> <span class='ocrx_word' id='word_1_240' title='bbox 1517 771 1575 790; x_wconf 82' lang='lat' dir='ltr'><strong>eam</strong></span> <span class='ocrx_word' id='word_1_241' title='bbox 1586 761 1669 790; x_wconf 77' lang='lat' dir='ltr'><strong>colla-</strong></span> 
     </span>
     <span class='ocr_line' id='line_1_33' title="bbox 927 807 1669 847; baseline 0.001 -11"><span class='ocrx_word' id='word_1_242' title='bbox 927 818 1080 847; x_wconf 76' lang='lat' dir='ltr'><strong>psammon</strong></span> <span class='ocrx_word' id='word_1_243' title='bbox 1095 814 1198 847; x_wconf 78' lang='lat' dir='ltr'><strong>oportet</strong></span> <span class='ocrx_word' id='word_1_244' title='bbox 1209 807 1266 836; x_wconf 89' lang='lat' dir='ltr'><strong>sine</strong></span> <span class='ocrx_word' id='word_1_245' title='bbox 1279 807 1401 836; x_wconf 81' lang='lat' dir='ltr'><strong>examine</strong></span> <span class='ocrx_word' id='word_1_246' title='bbox 1417 807 1534 844; x_wconf 85' lang='lat' dir='ltr'><strong>credere,</strong></span> <span class='ocrx_word' id='word_1_247' title='bbox 1547 807 1594 836; x_wconf 89' lang='lat' dir='ltr'><strong>sed</strong></span> <span class='ocrx_word' id='word_1_248' title='bbox 1608 818 1669 837; x_wconf 88' lang='lat' dir='ltr'><strong>cum</strong></span> 
     </span>
     <span class='ocr_line' id='line_1_34' title="bbox 926 853 1670 893; baseline 0.001 -11"><span class='ocrx_word' id='word_1_249' title='bbox 926 853 1050 893; x_wconf 81' lang='lat' dir='ltr'><strong>diligenti</strong></span> <span class='ocrx_word' id='word_1_250' title='bbox 1068 853 1272 893; x_wconf 84' lang='lat' dir='ltr'><strong>perquisitione.</strong></span> <span class='ocrx_word' id='word_1_251' title='bbox 1295 853 1383 883; x_wconf 82' lang='lat' dir='ltr'><strong>Multa</strong></span> <span class='ocrx_word' id='word_1_252' title='bbox 1399 863 1480 892; x_wconf 84' lang='lat' dir='ltr'><strong>porro</strong></span> <span class='ocrx_word' id='word_1_253' title='bbox 1511 860 1620 883; x_wconf 83' lang='lat' dir='ltr'><strong>externa</strong></span> <span class='ocrx_word' id='word_1_254' title='bbox 1636 854 1670 883; x_wconf 87' lang='lat' dir='ltr'><strong>iis</strong></span> 
     </span>
     <span class='ocr_line' id='line_1_35' title="bbox 926 900 1668 941; baseline 0.001 -11"><span class='ocrx_word' id='word_1_255' title='bbox 926 908 1097 931; x_wconf 88' lang='lat' dir='ltr'><strong>concurrunt.</strong></span> <span class='ocrx_word' id='word_1_256' title='bbox 1106 903 1175 931; x_wconf 87' lang='lat' dir='ltr'><strong>Sunt</strong></span> <span class='ocrx_word' id='word_1_257' title='bbox 1182 901 1252 930; x_wconf 85' lang='lat' dir='ltr'><strong>enim</strong></span> <span class='ocrx_word' id='word_1_258' title='bbox 1262 900 1352 929; x_wconf 84' lang='lat' dir='ltr'><strong>affinia</strong></span> <span class='ocrx_word' id='word_1_259' title='bbox 1358 900 1547 930; x_wconf 80' lang='lat' dir='ltr'><strong>haereticorum</strong></span> <span class='ocrx_word' id='word_1_260' title='bbox 1557 908 1584 930; x_wconf 89' lang='lat' dir='ltr'><strong>ct</strong></span> <span class='ocrx_word' id='word_1_261' title='bbox 1603 912 1668 941; x_wconf 86' lang='lat' dir='ltr'><strong>gen-</strong></span> 
     </span>
     <span class='ocr_line' id='line_1_36' title="bbox 925 946 1668 983; baseline 0 -7"><span class='ocrx_word' id='word_1_262' title='bbox 925 947 1018 976; x_wconf 90' lang='lat' dir='ltr'><strong>tilium</strong></span> <span class='ocrx_word' id='word_1_263' title='bbox 1031 957 1106 976; x_wconf 88' lang='lat' dir='ltr'><strong>sensa</strong></span> <span class='ocrx_word' id='word_1_264' title='bbox 1121 957 1127 973; x_wconf 80' lang='lat' dir='ltr'>t</span> <span class='ocrx_word' id='word_1_265' title='bbox 1140 947 1186 975; x_wconf 91' lang='lat' dir='ltr'><strong>illa</strong></span> <span class='ocrx_word' id='word_1_266' title='bbox 1210 946 1360 975; x_wconf 65' lang='lat' dir='ltr'><strong>daemonum</strong></span> <span class='ocrx_word' id='word_1_267' title='bbox 1375 946 1556 983; x_wconf 82' lang='lat' dir='ltr'><strong>inventa‚haec</strong></span> <span class='ocrx_word' id='word_1_268' title='bbox 1569 947 1668 976; x_wconf 84' lang='lat' dir='ltr'><strong>daemo-</strong></span> 
     </span>
    </p>
   </div>
   <div class='ocr_carea' id='block_1_5' title="bbox 103 989 1670 1031">
    <p class='ocr_par' dir='ltr' id='par_1_5' title="bbox 103 989 1670 1031">
     <span class='ocr_line' id='line_1_37' title="bbox 103 989 1670 1031; baseline 0 -9"><span class='ocrx_word' id='word_1_269' title='bbox 103 994 157 1022; x_wconf 75' lang='grc' dir='ltr'><strong>κῶν</strong></span> <span class='ocrx_word' id='word_1_270' title='bbox 170 992 216 1022; x_wconf 75' lang='grc' dir='ltr'><strong>καὶ</strong></span> <span class='ocrx_word' id='word_1_271' title='bbox 229 994 282 1022; x_wconf 84' lang='grc' dir='ltr'><strong>τῶν</strong></span> <span class='ocrx_word' id='word_1_272' title='bbox 301 991 436 1028; x_wconf 82' lang='grc' dir='ltr'>Ἑλλήνων</span> <span class='ocrx_word' id='word_1_273' title='bbox 444 1003 450 1009; x_wconf 95' lang='grc'>·</span> <span class='ocrx_word' id='word_1_274' title='bbox 463 993 572 1021; x_wconf 79' lang='grc' dir='ltr'>κάκεῖνα</span> <span class='ocrx_word' id='word_1_275' title='bbox 585 992 636 1019; x_wconf 87' lang='grc' dir='ltr'><strong>τῶν</strong></span> <span class='ocrx_word' id='word_1_276' title='bbox 653 990 783 1029; x_wconf 82' lang='grc' dir='ltr'>δαιμόνων</span> <span class='ocrx_word' id='word_1_277' title='bbox 797 989 870 1030; x_wconf 77' lang='grc' dir='ltr'>εὗρέ·</span> <span class='ocrx_word' id='word_1_278' title='bbox 880 1004 917 1024; x_wconf 66' lang='lat'><strong>1127</strong></span> <span class='ocrx_word' id='word_1_279' title='bbox 927 1003 992 1021; x_wconf 90' lang='lat' dir='ltr'><strong>num</strong></span> <span class='ocrx_word' id='word_1_280' title='bbox 1000 992 1120 1022; x_wconf 84' lang='lat' dir='ltr'><strong>doctrina</strong></span> <span class='ocrx_word' id='word_1_281' title='bbox 1128 1000 1197 1022; x_wconf 87' lang='lat' dir='ltr'><strong>sunt.</strong></span> <span class='ocrx_word' id='word_1_282' title='bbox 1205 992 1306 1022; x_wconf 89' lang='lat' dir='ltr'><strong>Dicunt</strong></span> <span class='ocrx_word' id='word_1_283' title='bbox 1315 1002 1378 1031; x_wconf 85' lang='lat' dir='ltr'><strong>ergo</strong></span> <span class='ocrx_word' id='word_1_284' title='bbox 1387 992 1498 1031; x_wconf 85' lang='lat' dir='ltr'><strong>quidam</strong></span> <span class='ocrx_word' id='word_1_285' title='bbox 1505 993 1670 1022; x_wconf 77' lang='lat' dir='ltr'><strong>adversario-</strong></span> 
     </span>
    </p>
   </div>
   <div class='ocr_carea' id='block_1_6' title="bbox 100 1032 908 1076">
    <p class='ocr_par' dir='ltr' id='par_1_6' title="bbox 100 1032 908 1076">
     <span class='ocr_line' id='line_1_38' title="bbox 100 1032 908 1076; baseline -0.005 -8"><span class='ocrx_word' id='word_1_286' title='bbox 100 1050 158 1072; x_wconf 83' lang='grc' dir='ltr'>σεις</span> <span class='ocrx_word' id='word_1_287' title='bbox 167 1061 175 1075; x_wconf 91' lang='grc'>,</span> <span class='ocrx_word' id='word_1_288' title='bbox 190 1038 236 1068; x_wconf 80' lang='grc' dir='ltr'><strong>καὶ</strong></span> <span class='ocrx_word' id='word_1_289' title='bbox 250 1041 334 1067; x_wconf 76' lang='grc' dir='ltr'>ταῦτα</span> <span class='ocrx_word' id='word_1_290' title='bbox 346 1040 399 1067; x_wconf 82' lang='grc' dir='ltr'><strong>τῶν</strong></span> <span class='ocrx_word' id='word_1_291' title='bbox 413 1037 544 1076; x_wconf 85' lang='grc' dir='ltr'>δαιμόνων</span> <span class='ocrx_word' id='word_1_292' title='bbox 555 1036 730 1065; x_wconf 80' lang='grc' dir='ltr'>διδασκαλίαι.</span> <span class='ocrx_word' id='word_1_293' title='bbox 746 1035 874 1075; x_wconf 87' lang='grc' dir='ltr'>Λέγουσιν</span> <span class='ocrx_word' id='word_1_294' title='bbox 890 1032 908 1054; x_wconf 71' lang='grc' dir='ltr'><strong>Α</strong></span> 
     </span>
    </p>
   </div>
   <div class='ocr_carea' id='block_1_7' title="bbox 101 1080 876 1585">
    <p class='ocr_par' dir='ltr' id='par_1_7' title="bbox 101 1080 876 1585">
     <span class='ocr_line' id='line_1_39' title="bbox 103 1080 875 1122; baseline -0.005 -8"><span class='ocrx_word' id='word_1_295' title='bbox 103 1080 148 1114; x_wconf 64' lang='grc' dir='ltr'><strong>οὖν</strong></span> <span class='ocrx_word' id='word_1_296' title='bbox 159 1097 227 1118; x_wconf 85' lang='grc' dir='ltr'>τινες</span> <span class='ocrx_word' id='word_1_297' title='bbox 236 1087 289 1114; x_wconf 84' lang='grc' dir='ltr'><strong>τῶν</strong></span> <span class='ocrx_word' id='word_1_298' title='bbox 300 1083 509 1113; x_wconf 81' lang='grc' dir='ltr'>ἀντιπιπτόντων</span> <span class='ocrx_word' id='word_1_299' title='bbox 520 1085 554 1122; x_wconf 72' lang='grc' dir='ltr'><strong>τῇ</strong></span> <span class='ocrx_word' id='word_1_300' title='bbox 565 1082 669 1117; x_wconf 87' lang='grc' dir='ltr'>πίστει,</span> <span class='ocrx_word' id='word_1_301' title='bbox 682 1081 723 1111; x_wconf 76' lang='grc' dir='ltr'><strong>ὅτι</strong></span> <span class='ocrx_word' id='word_1_302' title='bbox 737 1081 768 1111; x_wconf 84' lang='grc' dir='ltr'><strong>τὸ</strong></span> <span class='ocrx_word' id='word_1_303' title='bbox 784 1082 875 1121; x_wconf 88' lang='grc' dir='ltr'>ἀλόγι-</span> 
     </span>
     <span class='ocr_line' id='line_1_40' title="bbox 105 1127 875 1169; baseline -0.005 -9"><span class='ocrx_word' id='word_1_304' title='bbox 105 1142 165 1160; x_wconf 85' lang='grc' dir='ltr'>στον</span> <span class='ocrx_word' id='word_1_305' title='bbox 179 1132 260 1166; x_wconf 77' lang='grc' dir='ltr'>αὐτῆς</span> <span class='ocrx_word' id='word_1_306' title='bbox 275 1129 404 1169; x_wconf 74' lang='grc' dir='ltr'>βλαὸερόν</span> <span class='ocrx_word' id='word_1_307' title='bbox 414 1141 420 1147; x_wconf 92' lang='grc'><strong><em>·</em></strong></span> <span class='ocrx_word' id='word_1_308' title='bbox 435 1129 484 1158; x_wconf 82' lang='grc' dir='ltr'><strong>κᾶν</strong></span> <span class='ocrx_word' id='word_1_309' title='bbox 498 1128 535 1167; x_wconf 85' lang='grc' dir='ltr'><strong>μὴ</strong></span> <span class='ocrx_word' id='word_1_310' title='bbox 556 1127 731 1166; x_wconf 82' lang='grc' dir='ltr'>ἐξητασμένος</span> <span class='ocrx_word' id='word_1_311' title='bbox 749 1127 875 1167; x_wconf 87' lang='grc' dir='ltr'>λογισμὸς</span> 
     </span>
     <span class='ocr_line' id='line_1_41' title="bbox 104 1171 874 1216; baseline -0.004 -11"><span class='ocrx_word' id='word_1_312' title='bbox 104 1176 270 1215; x_wconf 82' lang='grc' dir='ltr'>συνημμένος</span> <span class='ocrx_word' id='word_1_313' title='bbox 283 1171 300 1216; x_wconf 69' lang='grc' dir='ltr'>ᾗ</span> <span class='ocrx_word' id='word_1_314' title='bbox 314 1178 347 1216; x_wconf 82' lang='grc' dir='ltr'><strong>τῇ</strong></span> <span class='ocrx_word' id='word_1_315' title='bbox 368 1175 474 1212; x_wconf 79' lang='grc' dir='ltr'>πίστει,</span> <span class='ocrx_word' id='word_1_316' title='bbox 495 1175 610 1213; x_wconf 79' lang='grc' dir='ltr'>οὐδαμοῦ</span> <span class='ocrx_word' id='word_1_317' title='bbox 632 1173 722 1213; x_wconf 77' lang='grc' dir='ltr'>κέρδος</span> <span class='ocrx_word' id='word_1_318' title='bbox 745 1173 818 1213; x_wconf 81' lang='grc' dir='ltr'>φέρει</span> <span class='ocrx_word' id='word_1_319' title='bbox 836 1175 874 1214; x_wconf 81' lang='grc' dir='ltr'><strong>τῷ</strong></span> 
     </span>
     <span class='ocr_line' id='line_1_42' title="bbox 105 1219 875 1261; baseline -0.005 -10"><span class='ocrx_word' id='word_1_320' title='bbox 105 1222 264 1251; x_wconf 81' lang='grc' dir='ltr'>πιστεύοντι.</span> <span class='ocrx_word' id='word_1_321' title='bbox 279 1222 364 1251; x_wconf 83' lang='grc' dir='ltr'>Πόθεν</span> <span class='ocrx_word' id='word_1_322' title='bbox 384 1220 452 1261; x_wconf 78' lang='grc' dir='ltr'>γὰρ,</span> <span class='ocrx_word' id='word_1_323' title='bbox 473 1220 568 1260; x_wconf 76' lang='grc' dir='ltr'>φησὶν,</span> <span class='ocrx_word' id='word_1_324' title='bbox 583 1219 703 1254; x_wconf 78' lang='grc' dir='ltr'>ἐξετάσαι</span> <span class='ocrx_word' id='word_1_325' title='bbox 725 1219 814 1258; x_wconf 84' lang='grc' dir='ltr'>βούλει</span> <span class='ocrx_word' id='word_1_326' title='bbox 828 1222 875 1255; x_wconf 78' lang='grc' dir='ltr'><strong>τῆς</strong></span> 
     </span>
     <span class='ocr_line' id='line_1_43' title="bbox 105 1265 876 1308; baseline -0.006 -10"><span class='ocrx_word' id='word_1_327' title='bbox 105 1268 218 1302; x_wconf 86' lang='grc' dir='ltr'>πίστεως</span> <span class='ocrx_word' id='word_1_328' title='bbox 229 1268 278 1304; x_wconf 81' lang='grc' dir='ltr'><strong>τὴν</strong></span> <span class='ocrx_word' id='word_1_329' title='bbox 287 1268 380 1308; x_wconf 86' lang='grc' dir='ltr'>φύσιν;</span> <span class='ocrx_word' id='word_1_330' title='bbox 393 1267 475 1300; x_wconf 80' lang='grc' dir='ltr'>θέλεις</span> <span class='ocrx_word' id='word_1_331' title='bbox 487 1267 584 1296; x_wconf 87' lang='grc' dir='ltr'>ἄνωθεν</span> <span class='ocrx_word' id='word_1_332' title='bbox 595 1266 620 1300; x_wconf 83' lang='grc' dir='ltr'><strong>ἐξ</strong></span> <span class='ocrx_word' id='word_1_333' title='bbox 635 1267 725 1301; x_wconf 79' lang='grc' dir='ltr'>αὐτ-ῆς,</span> <span class='ocrx_word' id='word_1_334' title='bbox 739 1265 818 1305; x_wconf 83' lang='grc' dir='ltr'>φησὶ,</span> <span class='ocrx_word' id='word_1_335' title='bbox 828 1267 876 1300; x_wconf 77' lang='grc' dir='ltr'><strong>τῆς</strong></span> 
     </span>
     <span class='ocr_line' id='line_1_44' title="bbox 105 1311 872 1355; baseline -0.005 -11"><span class='ocrx_word' id='word_1_336' title='bbox 105 1314 292 1355; x_wconf 83' lang='grc' dir='ltr'>δημιουργίας;</span> <span class='ocrx_word' id='word_1_337' title='bbox 320 1314 442 1350; x_wconf 83' lang='grc' dir='ltr'>Ζήτησον</span> <span class='ocrx_word' id='word_1_338' title='bbox 469 1312 497 1341; x_wconf 87' lang='grc' dir='ltr'><strong>ὃν</strong></span> <span class='ocrx_word' id='word_1_339' title='bbox 529 1312 622 1351; x_wconf 82' lang='grc' dir='ltr'>λέγετε</span> <span class='ocrx_word' id='word_1_340' title='bbox 653 1311 872 1352; x_wconf 87' lang='grc' dir='ltr'>πρωτόπλαστον.</span> 
     </span>
     <span class='ocr_line' id='line_1_45' title="bbox 104 1357 874 1400; baseline -0.005 -10"><span class='ocrx_word' id='word_1_341' title='bbox 104 1360 229 1400; x_wconf 77' lang='grc' dir='ltr'>Εὑρίσκω</span> <span class='ocrx_word' id='word_1_342' title='bbox 243 1359 295 1389; x_wconf 77' lang='grc' dir='ltr'><strong>ἀπὸ</strong></span> <span class='ocrx_word' id='word_1_343' title='bbox 317 1359 431 1392; x_wconf 84' lang='grc' dir='ltr'>πίστεως</span> <span class='ocrx_word' id='word_1_344' title='bbox 444 1357 568 1388; x_wconf 86' lang='grc' dir='ltr'>πεσόντα.</span> <span class='ocrx_word' id='word_1_345' title='bbox 589 1357 677 1387; x_wconf 86' lang='grc' dir='ltr'>Βλέπε</span> <span class='ocrx_word' id='word_1_346' title='bbox 695 1360 741 1387; x_wconf 82' lang='grc' dir='ltr'><strong>τοῦ</strong></span> <span class='ocrx_word' id='word_1_347' title='bbox 760 1360 874 1397; x_wconf 81' lang='grc' dir='ltr'>πονηροῦ</span> 
     </span>
     <span class='ocr_line' id='line_1_46' title="bbox 105 1404 874 1447; baseline -0.004 -11"><span class='ocrx_word' id='word_1_348' title='bbox 105 1406 226 1445; x_wconf 87' lang='grc' dir='ltr'>δαίμονος</span> <span class='ocrx_word' id='word_1_349' title='bbox 245 1406 279 1436; x_wconf 75' lang='grc' dir='ltr'><strong>τὰ</strong></span> <span class='ocrx_word' id='word_1_350' title='bbox 294 1406 417 1447; x_wconf 81' lang='grc' dir='ltr'>ῥήματα,</span> <span class='ocrx_word' id='word_1_351' title='bbox 442 1408 487 1434; x_wconf 77' lang='grc' dir='ltr'><strong>τοῦ</strong></span> <span class='ocrx_word' id='word_1_352' title='bbox 508 1405 595 1434; x_wconf 86' lang='grc' dir='ltr'>πάντα</span> <span class='ocrx_word' id='word_1_353' title='bbox 616 1406 766 1443; x_wconf 83' lang='grc' dir='ltr'>τολμῶντος</span> <span class='ocrx_word' id='word_1_354' title='bbox 780 1404 874 1444; x_wconf 77' lang='grc' dir='ltr'>ῥᾳδίως</span> 
     </span>
     <span class='ocr_line' id='line_1_47' title="bbox 101 1446 873 1492; baseline -0.004 -10"><span class='ocrx_word' id='word_1_355' title='bbox 101 1454 256 1492; x_wconf 80' lang='grc' dir='ltr'>ἐπιχειρεῖν,</span> <span class='ocrx_word' id='word_1_356' title='bbox 270 1449 313 1482; x_wconf 76' lang='grc' dir='ltr'><strong>οἶα</strong></span> <span class='ocrx_word' id='word_1_357' title='bbox 323 1453 420 1492; x_wconf 77' lang='grc' dir='ltr'>τολμᾷ,</span> <span class='ocrx_word' id='word_1_358' title='bbox 442 1448 485 1480; x_wconf 78' lang='grc' dir='ltr'><strong>οἶα</strong></span> <span class='ocrx_word' id='word_1_359' title='bbox 505 1450 656 1491; x_wconf 82' lang='grc' dir='ltr'>φθέγγεται,</span> <span class='ocrx_word' id='word_1_360' title='bbox 678 1446 720 1479; x_wconf 76' lang='grc' dir='ltr'><strong>οἶα</strong></span> <span class='ocrx_word' id='word_1_361' title='bbox 733 1451 873 1490; x_wconf 87' lang='grc' dir='ltr'>προτείνει.</span> 
     </span>
     <span class='ocr_line' id='line_1_48' title="bbox 104 1492 872 1539; baseline -0.004 -11"><span class='ocrx_word' id='word_1_362' title='bbox 104 1499 198 1537; x_wconf 69' lang='lat' dir='ltr'><strong>‘Ty-zi&lt;</strong></span> <span class='ocrx_word' id='word_1_363' title='bbox 210 1499 302 1539; x_wconf 82' lang='grc' dir='ltr'>λέγετε</span> <span class='ocrx_word' id='word_1_364' title='bbox 310 1520 318 1534; x_wconf 87' lang='grc'>,</span> <span class='ocrx_word' id='word_1_365' title='bbox 330 1499 423 1538; x_wconf 80' lang='grc' dir='ltr'>φησὶν,</span> <span class='ocrx_word' id='word_1_366' title='bbox 436 1497 477 1527; x_wconf 79' lang='grc' dir='ltr'><strong>ὅτι</strong></span> <span class='ocrx_word' id='word_1_367' title='bbox 490 1501 500 1513; x_wconf 84' lang='grc'><strong>”</strong></span> <span class='ocrx_word' id='word_1_368' title='bbox 509 1499 523 1527; x_wconf 84' lang='grc' dir='ltr'>ὁ</span> <span class='ocrx_word' id='word_1_369' title='bbox 537 1498 594 1537; x_wconf 86' lang='grc' dir='ltr'>ὄφις</span> <span class='ocrx_word' id='word_1_370' title='bbox 605 1492 676 1526; x_wconf 79' lang='grc' dir='ltr'>εἶπεν</span> <span class='ocrx_word' id='word_1_371' title='bbox 692 1498 763 1537; x_wconf 76' lang='grc' dir='ltr'>αὐτῷ</span> <span class='ocrx_word' id='word_1_372' title='bbox 772 1508 779 1515; x_wconf 96' lang='grc'><em>·</em></span> <span class='ocrx_word' id='word_1_373' title='bbox 792 1492 830 1538; x_wconf 61' lang='grc' dir='ltr'><strong>’ᾞ</strong></span> <span class='ocrx_word' id='word_1_374' title='bbox 842 1497 872 1526; x_wconf 85' lang='grc' dir='ltr'><strong>ἂν</strong></span> 
     </span>
     <span class='ocr_line' id='line_1_49' title="bbox 102 1543 873 1585; baseline -0.004 -10"><span class='ocrx_word' id='word_1_375' title='bbox 102 1545 192 1585; x_wconf 75' lang='grc' dir='ltr'>ἡμέρᾳ</span> <span class='ocrx_word' id='word_1_376' title='bbox 204 1546 331 1585; x_wconf 69' lang='grc' dir='ltr'>φάγησθε,</span> <span class='ocrx_word' id='word_1_377' title='bbox 342 1545 431 1574; x_wconf 84' lang='grc' dir='ltr'>ἔσεσθε</span> <span class='ocrx_word' id='word_1_378' title='bbox 441 1546 477 1577; x_wconf 80' lang='grc' dir='ltr'><strong>ὣς</strong></span> <span class='ocrx_word' id='word_1_379' title='bbox 486 1543 540 1572; x_wconf 75' lang='grc' dir='ltr'>θεοὶ</span> <span class='ocrx_word' id='word_1_380' title='bbox 552 1543 724 1582; x_wconf 82' lang='grc' dir='ltr'>γινώσκοντες</span> <span class='ocrx_word' id='word_1_381' title='bbox 736 1543 816 1572; x_wconf 84' lang='grc' dir='ltr'>καλὸν</span> <span class='ocrx_word' id='word_1_382' title='bbox 828 1543 873 1572; x_wconf 80' lang='grc' dir='ltr'><strong>καὶ</strong></span> 
     </span>
    </p>
   </div>
   <div class='ocr_carea' id='block_1_8' title="bbox 104 1586 904 1631">
    <p class='ocr_par' dir='ltr' id='par_1_8' title="bbox 104 1586 904 1631">
     <span class='ocr_line' id='line_1_50' title="bbox 104 1586 904 1631; baseline -0.004 -11"><span class='ocrx_word' id='word_1_383' title='bbox 104 1591 226 1631; x_wconf 82' lang='grc' dir='ltr'>πονηρόν.</span> <span class='ocrx_word' id='word_1_384' title='bbox 241 1591 399 1620; x_wconf 85' lang='grc' dir='ltr'>Ἐπίστευσε</span> <span class='ocrx_word' id='word_1_385' title='bbox 414 1591 452 1629; x_wconf 81' lang='grc' dir='ltr'><strong>τῷ</strong></span> <span class='ocrx_word' id='word_1_386' title='bbox 476 1590 551 1629; x_wconf 82' lang='grc' dir='ltr'>ὄφει,</span> <span class='ocrx_word' id='word_1_387' title='bbox 573 1588 716 1621; x_wconf 87' lang='grc' dir='ltr'>πιστεύσας</span> <span class='ocrx_word' id='word_1_388' title='bbox 737 1588 869 1618; x_wconf 78' lang='grc' dir='ltr'>ἀπώλετο.</span> <span class='ocrx_word' id='word_1_389' title='bbox 886 1586 904 1608; x_wconf 80' lang='grc' dir='ltr'><strong>Β</strong></span> 
     </span>
    </p>
   </div>
   <div class='ocr_carea' id='block_1_9' title="bbox 104 1632 874 2236">
    <p class='ocr_par' dir='ltr' id='par_1_9' title="bbox 104 1632 874 2236">
     <span class='ocr_line' id='line_1_51' title="bbox 105 1632 872 1677; baseline -0.004 -11"><span class='ocrx_word' id='word_1_390' title='bbox 105 1636 186 1677; x_wconf 76' lang='grc' dir='ltr'>Ἀρχὴ</span> <span class='ocrx_word' id='word_1_391' title='bbox 197 1632 241 1666; x_wconf 64' lang='grc' dir='ltr'><strong>οὖν</strong></span> <span class='ocrx_word' id='word_1_392' title='bbox 250 1639 303 1666; x_wconf 85' lang='grc' dir='ltr'><strong>τῶν</strong></span> <span class='ocrx_word' id='word_1_393' title='bbox 313 1637 402 1675; x_wconf 53' lang='grc' dir='ltr'>κακιῶν</span> <span class='ocrx_word' id='word_1_394' title='bbox 410 1634 507 1668; x_wconf 84' lang='grc' dir='ltr'>πίστις.</span> <span class='ocrx_word' id='word_1_395' title='bbox 519 1636 613 1664; x_wconf 80' lang='grc' dir='ltr'>Ταῦτα</span> <span class='ocrx_word' id='word_1_396' title='bbox 621 1634 687 1674; x_wconf 86' lang='grc' dir='ltr'>πρὸς</span> <span class='ocrx_word' id='word_1_397' title='bbox 696 1637 767 1672; x_wconf 80' lang='grc' dir='ltr'>ἡμᾶς</span> <span class='ocrx_word' id='word_1_398' title='bbox 779 1635 872 1664; x_wconf 83' lang='grc' dir='ltr'>ἐκεῖνοι</span> 
     </span>
     <span class='ocr_line' id='line_1_52' title="bbox 105 1679 871 1721; baseline -0.004 -10"><span class='ocrx_word' id='word_1_399' title='bbox 105 1683 129 1712; x_wconf 81' lang='grc' dir='ltr'>οἱ</span> <span class='ocrx_word' id='word_1_400' title='bbox 142 1685 189 1717; x_wconf 75' lang='grc' dir='ltr'><strong>τῆς</strong></span> <span class='ocrx_word' id='word_1_401' title='bbox 211 1681 333 1718; x_wconf 78' lang='grc' dir='ltr'>ἀληθείας</span> <span class='ocrx_word' id='word_1_402' title='bbox 353 1681 458 1721; x_wconf 80' lang='grc' dir='ltr'>ἐχθροὶ,</span> <span class='ocrx_word' id='word_1_403' title='bbox 479 1682 503 1710; x_wconf 85' lang='grc' dir='ltr'>οἱ</span> <span class='ocrx_word' id='word_1_404' title='bbox 520 1683 567 1716; x_wconf 79' lang='grc' dir='ltr'><strong>τῆς</strong></span> <span class='ocrx_word' id='word_1_405' title='bbox 588 1679 723 1712; x_wconf 76' lang='grc' dir='ltr'>εὖσεὸείας</span> <span class='ocrx_word' id='word_1_406' title='bbox 740 1679 871 1719; x_wconf 82' lang='grc' dir='ltr'>πολέμιοι.</span> 
     </span>
     <span class='ocr_line' id='line_1_53' title="bbox 106 1724 873 1767; baseline -0.007 -9"><span class='ocrx_word' id='word_1_407' title='bbox 106 1730 175 1758; x_wconf 85' lang='grc' dir='ltr'>Ἀλλ’</span> <span class='ocrx_word' id='word_1_408' title='bbox 197 1728 330 1767; x_wconf 85' lang='grc' dir='ltr'>ἠγνόησαν</span> <span class='ocrx_word' id='word_1_409' title='bbox 344 1728 368 1756; x_wconf 82' lang='grc' dir='ltr'>οἱ</span> <span class='ocrx_word' id='word_1_410' title='bbox 389 1727 493 1759; x_wconf 76' lang='grc' dir='ltr'>ἄσεὸεῖς</span> <span class='ocrx_word' id='word_1_411' title='bbox 515 1726 559 1755; x_wconf 85' lang='grc' dir='ltr'><strong>τὸν</strong></span> <span class='ocrx_word' id='word_1_412' title='bbox 581 1727 666 1761; x_wconf 86' lang='grc' dir='ltr'>ἀληθῆ</span> <span class='ocrx_word' id='word_1_413' title='bbox 689 1728 736 1761; x_wconf 68' lang='grc' dir='ltr'><strong>Τῆς</strong></span> <span class='ocrx_word' id='word_1_414' title='bbox 759 1724 873 1759; x_wconf 87' lang='grc' dir='ltr'>πίστεως</span> 
     </span>
     <span class='ocr_line' id='line_1_54' title="bbox 105 1771 872 1813; baseline -0.003 -11"><span class='ocrx_word' id='word_1_415' title='bbox 105 1773 173 1813; x_wconf 78' lang='grc' dir='ltr'>ὅρον,</span> <span class='ocrx_word' id='word_1_416' title='bbox 188 1775 236 1803; x_wconf 83' lang='grc' dir='ltr'>οὐκ</span> <span class='ocrx_word' id='word_1_417' title='bbox 247 1773 347 1802; x_wconf 79' lang='grc' dir='ltr'>οἴδασιν</span> <span class='ocrx_word' id='word_1_418' title='bbox 360 1773 374 1802; x_wconf 83' lang='grc' dir='ltr'>ὃ</span> <span class='ocrx_word' id='word_1_419' title='bbox 387 1772 559 1813; x_wconf 83' lang='grc' dir='ltr'>προτείνουσι.</span> <span class='ocrx_word' id='word_1_420' title='bbox 575 1771 621 1807; x_wconf 84' lang='grc' dir='ltr'><strong>Μὴ</strong></span> <span class='ocrx_word' id='word_1_421' title='bbox 642 1771 693 1811; x_wconf 87' lang='grc' dir='ltr'>γὰρ</span> <span class='ocrx_word' id='word_1_422' title='bbox 706 1774 783 1810; x_wconf 84' lang='grc' dir='ltr'>ἡμεῖς</span> <span class='ocrx_word' id='word_1_423' title='bbox 796 1771 872 1810; x_wconf 84' lang='grc' dir='ltr'>λέγο-</span> 
     </span>
     <span class='ocr_line' id='line_1_55' title="bbox 106 1817 873 1860; baseline 0 -12"><span class='ocrx_word' id='word_1_424' title='bbox 106 1831 165 1858; x_wconf 86' lang='grc' dir='ltr'>μεν,</span> <span class='ocrx_word' id='word_1_425' title='bbox 182 1819 222 1848; x_wconf 84' lang='grc' dir='ltr'><strong>ὅτι</strong></span> <span class='ocrx_word' id='word_1_426' title='bbox 232 1824 283 1852; x_wconf 80' lang='grc' dir='ltr'><strong>πᾶς</strong></span> <span class='ocrx_word' id='word_1_427' title='bbox 297 1821 311 1848; x_wconf 82' lang='grc' dir='ltr'>ὁ</span> <span class='ocrx_word' id='word_1_428' title='bbox 322 1818 401 1848; x_wconf 75' lang='grc' dir='ltr'>παντὶ</span> <span class='ocrx_word' id='word_1_429' title='bbox 415 1817 545 1848; x_wconf 82' lang='grc' dir='ltr'>πιστεύων</span> <span class='ocrx_word' id='word_1_430' title='bbox 555 1840 563 1854; x_wconf 94' lang='grc'>,</span> <span class='ocrx_word' id='word_1_431' title='bbox 581 1819 678 1850; x_wconf 85' lang='grc' dir='ltr'>ἐκεῖνος</span> <span class='ocrx_word' id='word_1_432' title='bbox 692 1817 779 1847; x_wconf 88' lang='grc' dir='ltr'>πίστιν</span> <span class='ocrx_word' id='word_1_433' title='bbox 799 1818 855 1858; x_wconf 86' lang='grc' dir='ltr'>ἔχει</span> <span class='ocrx_word' id='word_1_434' title='bbox 865 1846 873 1860; x_wconf 70' lang='lat'><strong>,</strong></span> 
     </span>
     <span class='ocr_line' id='line_1_56' title="bbox 105 1863 874 1904; baseline -0.004 -9"><span class='ocrx_word' id='word_1_435' title='bbox 105 1865 150 1895; x_wconf 81' lang='grc' dir='ltr'><strong>καὶ</strong></span> <span class='ocrx_word' id='word_1_436' title='bbox 171 1865 264 1898; x_wconf 85' lang='grc' dir='ltr'>πιστὸς</span> <span class='ocrx_word' id='word_1_437' title='bbox 287 1864 491 1904; x_wconf 83' lang='grc' dir='ltr'>ἀναγορεύεται·</span> <span class='ocrx_word' id='word_1_438' title='bbox 514 1864 564 1904; x_wconf 80' lang='grc' dir='ltr'>οὐχ</span> <span class='ocrx_word' id='word_1_439' title='bbox 585 1863 626 1893; x_wconf 78' lang='grc' dir='ltr'><strong>ὅτι</strong></span> <span class='ocrx_word' id='word_1_440' title='bbox 645 1865 658 1892; x_wconf 86' lang='grc' dir='ltr'>ὁ</span> <span class='ocrx_word' id='word_1_441' title='bbox 680 1863 811 1893; x_wconf 85' lang='grc' dir='ltr'>πιστεύων</span> <span class='ocrx_word' id='word_1_442' title='bbox 835 1866 874 1904; x_wconf 84' lang='grc' dir='ltr'><strong>τῷ</strong></span> 
     </span>
     <span class='ocr_line' id='line_1_57' title="bbox 104 1909 873 1952; baseline -0.004 -11"><span class='ocrx_word' id='word_1_443' title='bbox 104 1912 220 1952; x_wconf 89' lang='grc' dir='ltr'>τυχόντι,</span> <span class='ocrx_word' id='word_1_444' title='bbox 233 1911 339 1946; x_wconf 85' lang='grc' dir='ltr'>πιστὸς,</span> <span class='ocrx_word' id='word_1_445' title='bbox 353 1912 412 1941; x_wconf 85' lang='grc' dir='ltr'>ἀλλ’</span> <span class='ocrx_word' id='word_1_446' title='bbox 425 1913 439 1939; x_wconf 84' lang='grc' dir='ltr'>ὁ</span> <span class='ocrx_word' id='word_1_447' title='bbox 452 1912 515 1950; x_wconf 83' lang='grc' dir='ltr'><strong>Θεῷ</strong></span> <span class='ocrx_word' id='word_1_448' title='bbox 530 1909 660 1939; x_wconf 85' lang='grc' dir='ltr'>πιστεύων</span> <span class='ocrx_word' id='word_1_449' title='bbox 676 1910 814 1945; x_wconf 79' lang='grc' dir='ltr'>ἀληθινῶς.</span> <span class='ocrx_word' id='word_1_450' title='bbox 826 1910 873 1946; x_wconf 87' lang='grc' dir='ltr'><strong>Μὴ</strong></span> 
     </span>
     <span class='ocr_line' id='line_1_58' title="bbox 104 1954 873 1998; baseline -0.004 -11"><span class='ocrx_word' id='word_1_451' title='bbox 104 1958 155 1998; x_wconf 83' lang='grc' dir='ltr'>γὰρ</span> <span class='ocrx_word' id='word_1_452' title='bbox 166 1957 277 1994; x_wconf 80' lang='grc' dir='ltr'>ἔδειξας,</span> <span class='ocrx_word' id='word_1_453' title='bbox 291 1959 332 1987; x_wconf 82' lang='grc' dir='ltr'><strong>ὅτι</strong></span> <span class='ocrx_word' id='word_1_454' title='bbox 352 1958 415 1996; x_wconf 86' lang='grc' dir='ltr'><strong>Θεῷ</strong></span> <span class='ocrx_word' id='word_1_455' title='bbox 434 1955 576 1989; x_wconf 89' lang='grc' dir='ltr'>πιστεύσας</span> <span class='ocrx_word' id='word_1_456' title='bbox 595 1954 730 1991; x_wconf 72' lang='grc' dir='ltr'>ἀπώλετο,</span> <span class='ocrx_word' id='word_1_457' title='bbox 750 1955 873 1996; x_wconf 78' lang='grc' dir='ltr'>Διαὸόλῳ</span> 
     </span>
     <span class='ocr_line' id='line_1_59' title="bbox 104 2001 873 2043; baseline -0.005 -9"><span class='ocrx_word' id='word_1_458' title='bbox 104 2004 247 2038; x_wconf 79' lang='grc' dir='ltr'>πιστεύσας</span> <span class='ocrx_word' id='word_1_459' title='bbox 261 2004 339 2033; x_wconf 86' lang='grc' dir='ltr'>ἔπεσε</span> <span class='ocrx_word' id='word_1_460' title='bbox 348 2027 356 2040; x_wconf 89' lang='grc'>,</span> <span class='ocrx_word' id='word_1_461' title='bbox 370 2005 433 2043; x_wconf 80' lang='grc' dir='ltr'><strong>Θεῷ</strong></span> <span class='ocrx_word' id='word_1_462' title='bbox 448 2002 596 2039; x_wconf 83' lang='grc' dir='ltr'>ἀπιστήσας</span> <span class='ocrx_word' id='word_1_463' title='bbox 610 2002 750 2038; x_wconf 88' lang='grc' dir='ltr'>ὠλίσθησε.</span> <span class='ocrx_word' id='word_1_464' title='bbox 765 2001 801 2031; x_wconf 90' lang='grc' dir='ltr'><strong>Τί</strong></span> <span class='ocrx_word' id='word_1_465' title='bbox 815 2003 873 2031; x_wconf 87' lang='grc' dir='ltr'>δια-</span> 
     </span>
     <span class='ocr_line' id='line_1_60' title="bbox 105 2047 873 2091; baseline -0.007 -11"><span class='ocrx_word' id='word_1_466' title='bbox 105 2051 226 2091; x_wconf 86' lang='grc' dir='ltr'>στρέφεις</span> <span class='ocrx_word' id='word_1_467' title='bbox 248 2050 282 2079; x_wconf 82' lang='grc' dir='ltr'><strong>τὰ</strong></span> <span class='ocrx_word' id='word_1_468' title='bbox 306 2049 412 2090; x_wconf 77' lang='grc' dir='ltr'>ῥήματα</span> <span class='ocrx_word' id='word_1_469' title='bbox 424 2060 432 2085; x_wconf 87' lang='lat'>;</span> <span class='ocrx_word' id='word_1_470' title='bbox 457 2048 550 2078; x_wconf 82' lang='grc' dir='ltr'>Ἄκουε</span> <span class='ocrx_word' id='word_1_471' title='bbox 577 2047 706 2088; x_wconf 82' lang='grc' dir='ltr'>Ἱερεμίου</span> <span class='ocrx_word' id='word_1_472' title='bbox 738 2047 857 2086; x_wconf 81' lang='grc' dir='ltr'>λέγοντος</span> <span class='ocrx_word' id='word_1_473' title='bbox 867 2060 873 2066; x_wconf 88' lang='grc'><em>·</em></span> 
     </span>
     <span class='ocr_line' id='line_1_61' title="bbox 105 2093 873 2135; baseline -0.008 -7"><span class='ocrx_word' id='word_1_474' title='bbox 105 2096 245 2127; x_wconf 82' lang='grc' dir='ltr'>Ἀκούσατέ</span> <span class='ocrx_word' id='word_1_475' title='bbox 269 2108 318 2135; x_wconf 87' lang='grc' dir='ltr'><strong>μου</strong></span> <span class='ocrx_word' id='word_1_476' title='bbox 327 2118 334 2132; x_wconf 90' lang='grc'>,</span> <span class='ocrx_word' id='word_1_477' title='bbox 360 2097 384 2124; x_wconf 80' lang='grc' dir='ltr'>οἱ</span> <span class='ocrx_word' id='word_1_478' title='bbox 408 2097 543 2133; x_wconf 82' lang='grc' dir='ltr'>μισοῦντες</span> <span class='ocrx_word' id='word_1_479' title='bbox 566 2094 652 2134; x_wconf 86' lang='grc' dir='ltr'>κρίσιν</span> <span class='ocrx_word' id='word_1_480' title='bbox 664 2118 671 2131; x_wconf 91' lang='grc'>,</span> <span class='ocrx_word' id='word_1_481' title='bbox 694 2095 718 2123; x_wconf 77' lang='grc' dir='ltr'>οἱ</span> <span class='ocrx_word' id='word_1_482' title='bbox 739 2093 825 2123; x_wconf 79' lang='grc' dir='ltr'>πάντα</span> <span class='ocrx_word' id='word_1_483' title='bbox 839 2094 873 2123; x_wconf 83' lang='grc' dir='ltr'><strong>τὰ</strong></span> 
     </span>
     <span class='ocr_line' id='line_1_62' title="bbox 104 2144 872 2188; baseline -0.008 -9"><span class='ocrx_word' id='word_1_484' title='bbox 104 2149 168 2188; x_wconf 78' lang='grc' dir='ltr'>ὀρθὰ</span> <span class='ocrx_word' id='word_1_485' title='bbox 180 2147 387 2187; x_wconf 77' lang='grc' dir='ltr'>διαστρέφοντες.</span> <span class='ocrx_word' id='word_1_486' title='bbox 402 2146 455 2176; x_wconf 76' lang='grc' dir='ltr'><strong>Καὶ</strong></span> <span class='ocrx_word' id='word_1_487' title='bbox 470 2146 523 2184; x_wconf 89' lang='grc' dir='ltr'><strong>μὴν</strong></span> <span class='ocrx_word' id='word_1_488' title='bbox 538 2146 620 2185; x_wconf 84' lang='grc' dir='ltr'>ἔχρην</span> <span class='ocrx_word' id='word_1_489' title='bbox 633 2147 724 2180; x_wconf 79' lang='grc' dir='ltr'>εἰπεῖν,</span> <span class='ocrx_word' id='word_1_490' title='bbox 739 2144 809 2185; x_wconf 82' lang='grc' dir='ltr'>ἀρχὴ</span> <span class='ocrx_word' id='word_1_491' title='bbox 820 2147 872 2173; x_wconf 86' lang='grc' dir='ltr'><strong>τῶν</strong></span> 
     </span>
     <span class='ocr_line' id='line_1_63' title="bbox 104 2190 871 2236; baseline -0.007 -8"><span class='ocrx_word' id='word_1_492' title='bbox 104 2201 192 2229; x_wconf 77' lang='grc' dir='ltr'>κακῶν</span> <span class='ocrx_word' id='word_1_493' title='bbox 212 2198 331 2227; x_wconf 80' lang='grc' dir='ltr'>ἀπυστία.</span> <span class='ocrx_word' id='word_1_494' title='bbox 348 2199 383 2227; x_wconf 80' lang='lat' dir='ltr'><strong>Ei</strong></span> <span class='ocrx_word' id='word_1_495' title='bbox 401 2197 452 2236; x_wconf 81' lang='grc' dir='ltr'>γὰρ</span> <span class='ocrx_word' id='word_1_496' title='bbox 467 2196 603 2225; x_wconf 88' lang='grc' dir='ltr'>ἐπίστευσε</span> <span class='ocrx_word' id='word_1_497' title='bbox 624 2197 687 2235; x_wconf 80' lang='grc' dir='ltr'><strong>Θεῷ</strong></span> <span class='ocrx_word' id='word_1_498' title='bbox 705 2195 821 2234; x_wconf 82' lang='grc' dir='ltr'>λέγοντι,</span> <span class='ocrx_word' id='word_1_499' title='bbox 834 2190 871 2236; x_wconf 59' lang='grc' dir='ltr'><strong>’ᾟ</strong></span> 
     </span>
    </p>
   </div>
   <div class='ocr_carea' id='block_1_10' title="bbox 105 2272 865 2576">
    <p class='ocr_par' dir='ltr' id='par_1_10' title="bbox 105 2272 865 2576">
     <span class='ocr_line' id='line_1_64' title="bbox 137 2272 865 2309; baseline -0.01 -6"><span class='ocrx_word' id='word_1_500' title='bbox 137 2279 151 2297; x_wconf 76' lang='lat'><strong>¹³</strong></span> <span class='ocrx_word' id='word_1_501' title='bbox 168 2275 258 2303; x_wconf 66' lang='grc' dir='ltr'>ἕνωσιν.</span> <span class='ocrx_word' id='word_1_502' title='bbox 269 2276 367 2309; x_wconf 76' lang='lat' dir='ltr'><strong>Cot-rigi</strong></span> <span class='ocrx_word' id='word_1_503' title='bbox 380 2275 453 2300; x_wconf 88' lang='lat' dir='ltr'><strong>velim</strong></span> <span class='ocrx_word' id='word_1_504' title='bbox 466 2283 495 2299; x_wconf 78' lang='lat' dir='ltr'><strong>ex</strong></span> <span class='ocrx_word' id='word_1_505' title='bbox 505 2274 749 2304; x_wconf 68' lang='lat' dir='ltr'><strong>Graecisttmficum,</strong></span> <span class='ocrx_word' id='word_1_506' title='bbox 763 2272 865 2305; x_wconf 87' lang='lat' dir='ltr'><strong>quando</strong></span> 
     </span>
     <span class='ocr_line' id='line_1_65' title="bbox 105 2311 865 2349; baseline -0.009 -8"><span class='ocrx_word' id='word_1_507' title='bbox 105 2321 178 2341; x_wconf 81' lang='lat' dir='ltr'><strong>notat</strong></span> <span class='ocrx_word' id='word_1_508' title='bbox 196 2314 229 2340; x_wconf 81' lang='lat' dir='ltr'><strong>ad</strong></span> <span class='ocrx_word' id='word_1_509' title='bbox 236 2314 370 2349; x_wconf 85' lang='lat' dir='ltr'><strong>Synodum</strong></span> <span class='ocrx_word' id='word_1_510' title='bbox 379 2312 608 2339; x_wconf 78' lang='lat' dir='ltr'><strong>Clmlcedonensem</strong></span> <span class='ocrx_word' id='word_1_511' title='bbox 619 2321 625 2335; x_wconf 74' lang='grc' dir='ltr'><strong>ι</strong></span> <span class='ocrx_word' id='word_1_512' title='bbox 639 2311 736 2336; x_wconf 82' lang='lat' dir='ltr'><strong>Melior</strong></span> <span class='ocrx_word' id='word_1_513' title='bbox 746 2312 865 2344; x_wconf 74' lang='lat' dir='ltr'><strong>interpre-</strong></span> 
     </span>
     <span class='ocr_line' id='line_1_66' title="bbox 105 2349 864 2388; baseline -0.011 -8"><span class='ocrx_word' id='word_1_514' title='bbox 105 2357 195 2380; x_wconf 70' lang='lat' dir='ltr'><strong>naiton·</strong></span> <span class='ocrx_word' id='word_1_515' title='bbox 205 2364 234 2379; x_wconf 81' lang='lat' dir='ltr'><strong>eo</strong></span> <span class='ocrx_word' id='word_1_516' title='bbox 243 2354 311 2388; x_wconf 85' lang='lat' dir='ltr'><strong>quod</strong></span> <span class='ocrx_word' id='word_1_517' title='bbox 323 2354 393 2378; x_wconf 72' lang='lat' dir='ltr'><strong>Deus</strong></span> <span class='ocrx_word' id='word_1_518' title='bbox 405 2351 517 2377; x_wconf 81' lang='lat' dir='ltr'><strong>Verbum</strong></span> <span class='ocrx_word' id='word_1_519' title='bbox 528 2351 702 2375; x_wconf 75' lang='lat' dir='ltr'><strong>incarnatione</strong></span> <span class='ocrx_word' id='word_1_520' title='bbox 714 2355 738 2373; x_wconf 89' lang='lat' dir='ltr'><strong>et</strong></span> <span class='ocrx_word' id='word_1_521' title='bbox 748 2349 864 2374; x_wconf 83' lang='lat' dir='ltr'><strong>inhuma-</strong></span> 
     </span>
     <span class='ocr_line' id='line_1_67' title="bbox 105 2389 863 2425; baseline -0.009 -6"><span class='ocrx_word' id='word_1_522' title='bbox 105 2400 180 2419; x_wconf 75' lang='lat' dir='ltr'><strong>naun</strong></span> <span class='ocrx_word' id='word_1_523' title='bbox 195 2396 228 2419; x_wconf 75' lang='lat' dir='ltr'><strong>sit</strong></span> <span class='ocrx_word' id='word_1_524' title='bbox 239 2399 263 2418; x_wconf 83' lang='lat' dir='ltr'><strong>et</strong></span> <span class='ocrx_word' id='word_1_525' title='bbox 275 2394 435 2425; x_wconf 80' lang='lat' dir='ltr'><strong>conceptione</strong></span> <span class='ocrx_word' id='word_1_526' title='bbox 448 2391 552 2414; x_wconf 70' lang='lat' dir='ltr'><strong>univerit</strong></span> <span class='ocrx_word' id='word_1_527' title='bbox 568 2389 702 2422; x_wconf 71' lang='lat' dir='ltr'><strong>templwn5</strong></span> <span class='ocrx_word' id='word_1_528' title='bbox 715 2390 749 2413; x_wconf 83' lang='lat' dir='ltr'><strong>ita</strong></span> <span class='ocrx_word' id='word_1_529' title='bbox 760 2394 788 2413; x_wconf 87' lang='lat' dir='ltr'><strong>ut</strong></span> <span class='ocrx_word' id='word_1_530' title='bbox 799 2390 863 2413; x_wconf 76' lang='lat' dir='ltr'><strong>scri-</strong></span> 
     </span>
     <span class='ocr_line' id='line_1_68' title="bbox 106 2428 863 2465; baseline -0.008 -7"><span class='ocrx_word' id='word_1_531' title='bbox 106 2432 189 2465; x_wconf 81' lang='lat' dir='ltr'><strong>batur,</strong></span> <span class='ocrx_word' id='word_1_532' title='bbox 205 2433 293 2457; x_wconf 88' lang='lat' dir='ltr'><strong>melior</strong></span> <span class='ocrx_word' id='word_1_533' title='bbox 308 2431 476 2464; x_wconf 72' lang='lat' dir='ltr'><strong>interpretatio</strong></span> <span class='ocrx_word' id='word_1_534' title='bbox 487 2431 533 2459; x_wconf 79' lang='lat' dir='ltr'><strong>sit,</strong></span> <span class='ocrx_word' id='word_1_535' title='bbox 546 2437 575 2453; x_wconf 83' lang='lat' dir='ltr'><strong>eo</strong></span> <span class='ocrx_word' id='word_1_536' title='bbox 587 2429 656 2462; x_wconf 80' lang='lat' dir='ltr'><strong>quod</strong></span> <span class='ocrx_word' id='word_1_537' title='bbox 666 2428 738 2452; x_wconf 80' lang='lat' dir='ltr'><strong>Deus</strong></span> <span class='ocrx_word' id='word_1_538' title='bbox 752 2428 863 2453; x_wconf 79' lang='lat' dir='ltr'><strong>Verbum</strong></span> 
     </span>
     <span class='ocr_line' id='line_1_69' title="bbox 106 2468 862 2501; baseline -0.008 -4"><span class='ocrx_word' id='word_1_539' title='bbox 106 2477 253 2496; x_wconf 62' lang='lat' dir='ltr'><strong>incarnatus</strong></span> <span class='ocrx_word' id='word_1_540' title='bbox 268 2477 292 2496; x_wconf 83' lang='lat' dir='ltr'><strong>et</strong></span> <span class='ocrx_word' id='word_1_541' title='bbox 306 2470 484 2495; x_wconf 81' lang='lat' dir='ltr'><strong>inhumanatus</strong></span> <span class='ocrx_word' id='word_1_542' title='bbox 495 2469 541 2497; x_wconf 77' lang='lat' dir='ltr'><strong>sit,</strong></span> <span class='ocrx_word' id='word_1_543' title='bbox 554 2473 578 2492; x_wconf 85' lang='lat' dir='ltr'><strong>et</strong></span> <span class='ocrx_word' id='word_1_544' title='bbox 588 2476 621 2492; x_wconf 83' lang='lat' dir='ltr'><strong>ex</strong></span> <span class='ocrx_word' id='word_1_545' title='bbox 633 2468 794 2501; x_wconf 79' lang='lat' dir='ltr'><strong>conceptione</strong></span> <span class='ocrx_word' id='word_1_546' title='bbox 806 2469 862 2492; x_wconf 84' lang='lat' dir='ltr'><strong>uni-</strong></span> 
     </span>
     <span class='ocr_line' id='line_1_70' title="bbox 109 2506 862 2544; baseline -0.005 -8"><span class='ocrx_word' id='word_1_547' title='bbox 109 2513 167 2535; x_wconf 82' lang='lat' dir='ltr'><strong>verit</strong></span> <span class='ocrx_word' id='word_1_548' title='bbox 177 2511 302 2544; x_wconf 77' lang='lat' dir='ltr'><strong>templum.</strong></span> <span class='ocrx_word' id='word_1_549' title='bbox 316 2510 347 2534; x_wconf 84' lang='lat' dir='ltr'><strong>T.</strong></span> <span class='ocrx_word' id='word_1_550' title='bbox 362 2511 371 2533; x_wconf 71' lang='lat'>4</span> <span class='ocrx_word' id='word_1_551' title='bbox 389 2509 494 2533; x_wconf 73' lang='lat' dir='ltr'><strong>recentis</strong></span> <span class='ocrx_word' id='word_1_552' title='bbox 511 2506 681 2540; x_wconf 70' lang='lat' dir='ltr'><strong>[vraeclaraeque</strong></span> <span class='ocrx_word' id='word_1_553' title='bbox 700 2506 862 2532; x_wconf 80' lang='lat' dir='ltr'><strong>Collectionis</strong></span> 
     </span>
     <span class='ocr_line' id='line_1_71' title="bbox 106 2546 509 2576; baseline -0.007 -1"><span class='ocrx_word' id='word_1_554' title='bbox 106 2550 244 2576; x_wconf 69' lang='lat' dir='ltr'><strong>baluzianae</strong></span> <span class='ocrx_word' id='word_1_555' title='bbox 256 2550 304 2574; x_wconf 84' lang='lat' dir='ltr'><strong>col.</strong></span> <span class='ocrx_word' id='word_1_556' title='bbox 321 2549 391 2574; x_wconf 71' lang='lat'>«080.</span> <span class='ocrx_word' id='word_1_557' title='bbox 405 2546 509 2573; x_wconf 77' lang='lat' dir='ltr'><strong>coteler.</strong></span> 
     </span>
    </p>
   </div>
   <div class='ocr_carea' id='block_1_11' title="bbox 923 1038 1818 2095">
    <p class='ocr_par' dir='ltr' id='par_1_11' title="bbox 923 1038 1818 2095">
     <span class='ocr_line' id='line_1_72' title="bbox 928 1038 1670 1078; baseline 0.001 -10"><span class='ocrx_word' id='word_1_558' title='bbox 928 1050 988 1069; x_wconf 89' lang='lat' dir='ltr'><strong>rum</strong></span> <span class='ocrx_word' id='word_1_559' title='bbox 997 1039 1072 1075; x_wconf 87' lang='lat' dir='ltr'><strong>fidei,</strong></span> <span class='ocrx_word' id='word_1_560' title='bbox 1085 1039 1196 1069; x_wconf 85' lang='lat' dir='ltr'><strong>noxium</strong></span> <span class='ocrx_word' id='word_1_561' title='bbox 1217 1038 1246 1068; x_wconf 90' lang='lat' dir='ltr'><strong>in</strong></span> <span class='ocrx_word' id='word_1_562' title='bbox 1264 1039 1312 1068; x_wconf 83' lang='lat' dir='ltr'><strong>illa</strong></span> <span class='ocrx_word' id='word_1_563' title='bbox 1326 1049 1382 1068; x_wconf 88' lang='lat' dir='ltr'><strong>esse</strong></span> <span class='ocrx_word' id='word_1_564' title='bbox 1395 1038 1424 1068; x_wconf 89' lang='lat' dir='ltr'><strong>id</strong></span> <span class='ocrx_word' id='word_1_565' title='bbox 1437 1039 1511 1078; x_wconf 90' lang='lat' dir='ltr'><strong>quod</strong></span> <span class='ocrx_word' id='word_1_566' title='bbox 1524 1039 1670 1069; x_wconf 83' lang='lat' dir='ltr'><strong>ratiociniis</strong></span> 
     </span>
     <span class='ocr_line' id='line_1_73' title="bbox 927 1085 1670 1127; baseline 0 -12"><span class='ocrx_word' id='word_1_567' title='bbox 927 1097 979 1116; x_wconf 91' lang='lat' dir='ltr'><strong>non</strong></span> <span class='ocrx_word' id='word_1_568' title='bbox 996 1086 1154 1127; x_wconf 78' lang='lat' dir='ltr'><strong>subjIciatur</strong></span> <span class='ocrx_word' id='word_1_569' title='bbox 1165 1097 1172 1113; x_wconf 88' lang='lat'>:</span> <span class='ocrx_word' id='word_1_570' title='bbox 1184 1093 1210 1115; x_wconf 84' lang='lat' dir='ltr'><strong>et</strong></span> <span class='ocrx_word' id='word_1_571' title='bbox 1224 1085 1275 1115; x_wconf 87' lang='lat' dir='ltr'><strong>nisi</strong></span> <span class='ocrx_word' id='word_1_572' title='bbox 1293 1085 1356 1115; x_wconf 83' lang='lat' dir='ltr'><strong>fidei</strong></span> <span class='ocrx_word' id='word_1_573' title='bbox 1379 1085 1542 1126; x_wconf 82' lang='lat' dir='ltr'><strong>adjungatur</strong></span> <span class='ocrx_word' id='word_1_574' title='bbox 1558 1087 1670 1115; x_wconf 85' lang='lat' dir='ltr'><strong>rationis</strong></span> 
     </span>
     <span class='ocr_line' id='line_1_74' title="bbox 927 1131 1669 1170; baseline 0 -8"><span class='ocrx_word' id='word_1_575' title='bbox 927 1143 1052 1170; x_wconf 87' lang='lat' dir='ltr'><strong>examen,</strong></span> <span class='ocrx_word' id='word_1_576' title='bbox 1066 1132 1175 1161; x_wconf 64' lang='lat' dir='ltr'><strong>nullutn</strong></span> <span class='ocrx_word' id='word_1_577' title='bbox 1196 1131 1312 1162; x_wconf 79' lang='lat' dir='ltr'><strong>credenti</strong></span> <span class='ocrx_word' id='word_1_578' title='bbox 1337 1132 1443 1161; x_wconf 86' lang='lat' dir='ltr'><strong>lucrum</strong></span> <span class='ocrx_word' id='word_1_579' title='bbox 1464 1133 1569 1161; x_wconf 80' lang='lat' dir='ltr'><strong>afferre.</strong></span> <span class='ocrx_word' id='word_1_580' title='bbox 1589 1133 1669 1162; x_wconf 91' lang='lat' dir='ltr'><strong>Unde</strong></span> 
     </span>
     <span class='ocr_line' id='line_1_75' title="bbox 927 1177 1666 1217; baseline 0.001 -10"><span class='ocrx_word' id='word_1_581' title='bbox 927 1179 998 1208; x_wconf 89' lang='lat' dir='ltr'><strong>enim</strong></span> <span class='ocrx_word' id='word_1_582' title='bbox 1009 1178 1063 1215; x_wconf 87' lang='lat' dir='ltr'><strong>vis,</strong></span> <span class='ocrx_word' id='word_1_583' title='bbox 1072 1178 1170 1217; x_wconf 83' lang='lat' dir='ltr'><strong>inquit,</strong></span> <span class='ocrx_word' id='word_1_584' title='bbox 1183 1184 1306 1207; x_wconf 81' lang='lat' dir='ltr'><strong>naturam</strong></span> <span class='ocrx_word' id='word_1_585' title='bbox 1318 1177 1381 1207; x_wconf 83' lang='lat' dir='ltr'><strong>fidei</strong></span> <span class='ocrx_word' id='word_1_586' title='bbox 1396 1178 1569 1207; x_wconf 75' lang='lat' dir='ltr'><strong>examinare?</strong></span> <span class='ocrx_word' id='word_1_587' title='bbox 1580 1179 1666 1214; x_wconf 87' lang='lat' dir='ltr'><strong>visne,</strong></span> 
     </span>
     <span class='ocr_line' id='line_1_76' title="bbox 928 1223 1667 1265; baseline 0.001 -12"><span class='ocrx_word' id='word_1_588' title='bbox 928 1225 1027 1264; x_wconf 89' lang='lat' dir='ltr'><strong>inquit,</strong></span> <span class='ocrx_word' id='word_1_589' title='bbox 1037 1235 1052 1253; x_wconf 85' lang='lat' dir='ltr'><strong>a</strong></span> <span class='ocrx_word' id='word_1_590' title='bbox 1069 1225 1212 1265; x_wconf 85' lang='lat' dir='ltr'><strong>principio,</strong></span> <span class='ocrx_word' id='word_1_591' title='bbox 1220 1224 1254 1254; x_wconf 85' lang='lat' dir='ltr'><strong>ab</strong></span> <span class='ocrx_word' id='word_1_592' title='bbox 1273 1224 1331 1264; x_wconf 88' lang='lat' dir='ltr'><strong>ipsa</strong></span> <span class='ocrx_word' id='word_1_593' title='bbox 1342 1223 1438 1253; x_wconf 89' lang='lat' dir='ltr'><strong>mundi</strong></span> <span class='ocrx_word' id='word_1_594' title='bbox 1451 1224 1584 1254; x_wconf 82' lang='lat' dir='ltr'><strong>creatione</strong></span> <span class='ocrx_word' id='word_1_595' title='bbox 1594 1225 1608 1254; x_wconf 68' lang='grc' dir='ltr'><strong><em>Ρ</em></strong></span> <span class='ocrx_word' id='word_1_596' title='bbox 1621 1227 1667 1254; x_wconf 90' lang='lat' dir='ltr'><strong>ln-</strong></span> 
     </span>
     <span class='ocr_line' id='line_1_77' title="bbox 927 1270 1668 1311; baseline 0.001 -11"><span class='ocrx_word' id='word_1_597' title='bbox 927 1271 1004 1310; x_wconf 88' lang='lat' dir='ltr'><strong>quire</strong></span> <span class='ocrx_word' id='word_1_598' title='bbox 1025 1271 1059 1300; x_wconf 90' lang='lat' dir='ltr'><strong>de</strong></span> <span class='ocrx_word' id='word_1_599' title='bbox 1082 1281 1125 1306; x_wconf 90' lang='lat' dir='ltr'><strong>co,</strong></span> <span class='ocrx_word' id='word_1_600' title='bbox 1152 1281 1232 1309; x_wconf 88' lang='lat' dir='ltr'><strong>quem</strong></span> <span class='ocrx_word' id='word_1_601' title='bbox 1257 1270 1359 1300; x_wconf 79' lang='lat' dir='ltr'><strong>vocatis</strong></span> <span class='ocrx_word' id='word_1_602' title='bbox 1385 1271 1593 1311; x_wconf 84' lang='lat' dir='ltr'><strong>protoplastum.</strong></span> <span class='ocrx_word' id='word_1_603' title='bbox 1621 1273 1668 1301; x_wconf 92' lang='lat' dir='ltr'><strong>In-</strong></span> 
     </span>
     <span class='ocr_line' id='line_1_78' title="bbox 926 1316 1668 1348; baseline -0.003 0"><span class='ocrx_word' id='word_1_604' title='bbox 926 1318 1004 1348; x_wconf 82' lang='lat' dir='ltr'><strong>venio</strong></span> <span class='ocrx_word' id='word_1_605' title='bbox 1029 1317 1108 1346; x_wconf 90' lang='lat' dir='ltr'><strong>illum</strong></span> <span class='ocrx_word' id='word_1_606' title='bbox 1132 1327 1147 1345; x_wconf 87' lang='lat' dir='ltr'><strong>a</strong></span> <span class='ocrx_word' id='word_1_607' title='bbox 1172 1316 1225 1346; x_wconf 87' lang='lat' dir='ltr'><strong>fide</strong></span> <span class='ocrx_word' id='word_1_608' title='bbox 1248 1316 1385 1346; x_wconf 89' lang='lat' dir='ltr'><strong>cecidisse.</strong></span> <span class='ocrx_word' id='word_1_609' title='bbox 1413 1317 1558 1347; x_wconf 81' lang='lat' dir='ltr'><strong>Considera</strong></span> <span class='ocrx_word' id='word_1_610' title='bbox 1588 1317 1668 1346; x_wconf 85' lang='lat' dir='ltr'><strong>mali-</strong></span> 
     </span>
     <span class='ocr_line' id='line_1_79' title="bbox 926 1362 1669 1403; baseline -0.001 -11"><span class='ocrx_word' id='word_1_611' title='bbox 926 1364 971 1403; x_wconf 80' lang='lat' dir='ltr'><strong>gni</strong></span> <span class='ocrx_word' id='word_1_612' title='bbox 1003 1363 1132 1392; x_wconf 74' lang='lat' dir='ltr'><strong>daemonis</strong></span> <span class='ocrx_word' id='word_1_613' title='bbox 1145 1363 1239 1398; x_wconf 82' lang='lat' dir='ltr'><strong>verba,</strong></span> <span class='ocrx_word' id='word_1_614' title='bbox 1249 1362 1297 1401; x_wconf 86' lang='lat' dir='ltr'><strong>qui</strong></span> <span class='ocrx_word' id='word_1_615' title='bbox 1319 1362 1409 1392; x_wconf 88' lang='lat' dir='ltr'><strong>omnia</strong></span> <span class='ocrx_word' id='word_1_616' title='bbox 1436 1362 1514 1392; x_wconf 83' lang='lat' dir='ltr'><strong>facile</strong></span> <span class='ocrx_word' id='word_1_617' title='bbox 1526 1363 1607 1392; x_wconf 82' lang='lat' dir='ltr'><strong>audet</strong></span> <span class='ocrx_word' id='word_1_618' title='bbox 1620 1374 1669 1403; x_wconf 83' lang='lat' dir='ltr'><strong>ag—</strong></span> 
     </span>
     <span class='ocr_line' id='line_1_80' title="bbox 925 1408 1667 1449; baseline -0.001 -10"><span class='ocrx_word' id='word_1_619' title='bbox 925 1410 1014 1449; x_wconf 83' lang='lat' dir='ltr'><strong>gredi,</strong></span> <span class='ocrx_word' id='word_1_620' title='bbox 1031 1409 1121 1448; x_wconf 84' lang='lat' dir='ltr'><strong>qualia</strong></span> <span class='ocrx_word' id='word_1_621' title='bbox 1153 1408 1261 1446; x_wconf 81' lang='lat' dir='ltr'><strong>audeat,</strong></span> <span class='ocrx_word' id='word_1_622' title='bbox 1280 1419 1403 1448; x_wconf 84' lang='lat' dir='ltr'><strong>quaenam</strong></span> <span class='ocrx_word' id='word_1_623' title='bbox 1431 1409 1567 1448; x_wconf 83' lang='lat' dir='ltr'><strong>loquatur,</strong></span> <span class='ocrx_word' id='word_1_624' title='bbox 1592 1420 1667 1448; x_wconf 83' lang='lat' dir='ltr'><strong>quae-</strong></span> 
     </span>
     <span class='ocr_line' id='line_1_81' title="bbox 924 1455 1669 1496; baseline 0 -10"><span class='ocrx_word' id='word_1_625' title='bbox 924 1467 986 1486; x_wconf 87' lang='lat' dir='ltr'><strong>nam</strong></span> <span class='ocrx_word' id='word_1_626' title='bbox 1017 1455 1152 1485; x_wconf 81' lang='lat' dir='ltr'><strong>obtendat.</strong></span> <span class='ocrx_word' id='word_1_627' title='bbox 1181 1458 1240 1486; x_wconf 90' lang='lat' dir='ltr'><strong>Vos</strong></span> <span class='ocrx_word' id='word_1_628' title='bbox 1263 1455 1364 1492; x_wconf 87' lang='lat' dir='ltr'><strong>dicitis,</strong></span> <span class='ocrx_word' id='word_1_629' title='bbox 1393 1455 1493 1494; x_wconf 85' lang='lat' dir='ltr'><strong>inquit,</strong></span> <span class='ocrx_word' id='word_1_630' title='bbox 1521 1464 1669 1496; x_wconf 86' lang='lat' dir='ltr'><strong>serpentem</strong></span> 
     </span>
     <span class='ocr_line' id='line_1_82' title="bbox 923 1502 1803 1541; baseline 0.001 -10"><span class='ocrx_word' id='word_1_631' title='bbox 923 1502 966 1531; x_wconf 91' lang='lat' dir='ltr'><strong>illi</strong></span> <span class='ocrx_word' id='word_1_632' title='bbox 979 1502 1095 1531; x_wconf 86' lang='lat' dir='ltr'><strong>dixisse:</strong></span> <span class='ocrx_word' id='word_1_633' title='bbox 1108 1502 1295 1541; x_wconf 83' lang='lat' dir='ltr'><strong>Quocumque</strong></span> <span class='ocrx_word' id='word_1_634' title='bbox 1306 1502 1353 1530; x_wconf 86' lang='lat' dir='ltr'><strong>die</strong></span> <span class='ocrx_word' id='word_1_635' title='bbox 1366 1503 1558 1539; x_wconf 82' lang='lat' dir='ltr'><strong>comederitis,</strong></span> <span class='ocrx_word' id='word_1_636' title='bbox 1572 1503 1668 1541; x_wconf 86' lang='lat' dir='ltr'><strong>inquit,</strong></span> <span class='ocrx_word' id='word_1_637' title='bbox 1682 1515 1739 1535; x_wconf 80' lang='lat' dir='ltr'><strong>Gen.</strong></span> <span class='ocrx_word' id='word_1_638' title='bbox 1748 1514 1771 1536; x_wconf 82' lang='grc'><strong>3,</strong></span> <span class='ocrx_word' id='word_1_639' title='bbox 1781 1514 1803 1536; x_wconf 82' lang='lat'><strong>5.</strong></span> 
     </span>
     <span class='ocr_line' id='line_1_83' title="bbox 924 1547 1667 1579; baseline 0.001 -2"><span class='ocrx_word' id='word_1_640' title='bbox 924 1550 1004 1577; x_wconf 82' lang='lat' dir='ltr'><strong>eritis</strong></span> <span class='ocrx_word' id='word_1_641' title='bbox 1019 1549 1093 1576; x_wconf 84' lang='lat' dir='ltr'><strong>sicut</strong></span> <span class='ocrx_word' id='word_1_642' title='bbox 1106 1547 1148 1575; x_wconf 81' lang='lat' dir='ltr'><strong>dii</strong></span> <span class='ocrx_word' id='word_1_643' title='bbox 1159 1549 1280 1576; x_wconf 83' lang='lat' dir='ltr'><strong>scientes</strong></span> <span class='ocrx_word' id='word_1_644' title='bbox 1297 1549 1405 1577; x_wconf 82' lang='lat' dir='ltr'><strong>bonum</strong></span> <span class='ocrx_word' id='word_1_645' title='bbox 1419 1555 1447 1577; x_wconf 84' lang='lat' dir='ltr'><strong>et</strong></span> <span class='ocrx_word' id='word_1_646' title='bbox 1466 1549 1577 1577; x_wconf 78' lang='lat' dir='ltr'><strong>malum</strong></span> <span class='ocrx_word' id='word_1_647' title='bbox 1600 1550 1667 1579; x_wconf 91' lang='lat' dir='ltr'><strong>Cre—</strong></span> 
     </span>
     <span class='ocr_line' id='line_1_84' title="bbox 924 1593 1669 1634; baseline 0.003 -12"><span class='ocrx_word' id='word_1_648' title='bbox 924 1593 996 1623; x_wconf 88' lang='lat' dir='ltr'><strong>didit</strong></span> <span class='ocrx_word' id='word_1_649' title='bbox 1007 1593 1135 1633; x_wconf 85' lang='lat' dir='ltr'><strong>serpenti,</strong></span> <span class='ocrx_word' id='word_1_650' title='bbox 1147 1593 1221 1631; x_wconf 89' lang='lat' dir='ltr'><strong>quod</strong></span> <span class='ocrx_word' id='word_1_651' title='bbox 1229 1593 1388 1623; x_wconf 85' lang='lat' dir='ltr'><strong>credidisset</strong></span> <span class='ocrx_word' id='word_1_652' title='bbox 1399 1594 1490 1634; x_wconf 81' lang='lat' dir='ltr'><strong>periit.</strong></span> <span class='ocrx_word' id='word_1_653' title='bbox 1500 1595 1669 1634; x_wconf 87' lang='lat' dir='ltr'><strong>Principium</strong></span> 
     </span>
     <span class='ocr_line' id='line_1_85' title="bbox 924 1638 1670 1679; baseline 0.001 -10"><span class='ocrx_word' id='word_1_654' title='bbox 924 1650 990 1679; x_wconf 79' lang='lat' dir='ltr'><strong>ergo</strong></span> <span class='ocrx_word' id='word_1_655' title='bbox 1003 1639 1139 1668; x_wconf 87' lang='lat' dir='ltr'><strong>malorum</strong></span> <span class='ocrx_word' id='word_1_656' title='bbox 1153 1645 1192 1667; x_wconf 88' lang='lat' dir='ltr'><strong>est</strong></span> <span class='ocrx_word' id='word_1_657' title='bbox 1209 1638 1288 1668; x_wconf 87' lang='lat' dir='ltr'><strong>fides.</strong></span> <span class='ocrx_word' id='word_1_658' title='bbox 1304 1640 1367 1668; x_wconf 84' lang='lat' dir='ltr'><strong>Haec</strong></span> <span class='ocrx_word' id='word_1_659' title='bbox 1381 1640 1415 1669; x_wconf 80' lang='lat' dir='ltr'><strong>ad</strong></span> <span class='ocrx_word' id='word_1_660' title='bbox 1431 1651 1479 1669; x_wconf 89' lang='lat' dir='ltr'><strong>nos</strong></span> <span class='ocrx_word' id='word_1_661' title='bbox 1493 1641 1536 1670; x_wconf 86' lang='lat' dir='ltr'><strong>illi</strong></span> <span class='ocrx_word' id='word_1_662' title='bbox 1549 1641 1670 1671; x_wconf 85' lang='lat' dir='ltr'><strong>veritatis</strong></span> 
     </span>
     <span class='ocr_line' id='line_1_86' title="bbox 925 1685 1669 1727; baseline 0.004 -13"><span class='ocrx_word' id='word_1_663' title='bbox 925 1685 1040 1718; x_wconf 80' lang='lat' dir='ltr'><strong>inimici,</strong></span> <span class='ocrx_word' id='word_1_664' title='bbox 1055 1685 1107 1725; x_wconf 84' lang='lat' dir='ltr'><strong>piae</strong></span> <span class='ocrx_word' id='word_1_665' title='bbox 1128 1685 1266 1724; x_wconf 81' lang='lat' dir='ltr'><strong>religionis</strong></span> <span class='ocrx_word' id='word_1_666' title='bbox 1290 1685 1390 1715; x_wconf 86' lang='lat' dir='ltr'><strong>hostes.</strong></span> <span class='ocrx_word' id='word_1_667' title='bbox 1413 1686 1466 1716; x_wconf 88' lang='lat' dir='ltr'><strong>Sed</strong></span> <span class='ocrx_word' id='word_1_668' title='bbox 1482 1687 1605 1727; x_wconf 82' lang='lat' dir='ltr'><strong>ignorant</strong></span> <span class='ocrx_word' id='word_1_669' title='bbox 1618 1687 1669 1716; x_wconf 85' lang='lat' dir='ltr'><strong>im-</strong></span> 
     </span>
     <span class='ocr_line' id='line_1_87' title="bbox 925 1730 1667 1774; baseline 0.004 -14"><span class='ocrx_word' id='word_1_670' title='bbox 925 1731 964 1771; x_wconf 90' lang='lat' dir='ltr'><strong>pii</strong></span> <span class='ocrx_word' id='word_1_671' title='bbox 979 1742 1071 1761; x_wconf 81' lang='lat' dir='ltr'><strong>veram</strong></span> <span class='ocrx_word' id='word_1_672' title='bbox 1085 1731 1149 1761; x_wconf 81' lang='lat' dir='ltr'><strong>fidei</strong></span> <span class='ocrx_word' id='word_1_673' title='bbox 1172 1730 1367 1769; x_wconf 86' lang='lat' dir='ltr'><strong>definitionem,</strong></span> <span class='ocrx_word' id='word_1_674' title='bbox 1378 1733 1499 1762; x_wconf 89' lang='lat' dir='ltr'><strong>nesciunt</strong></span> <span class='ocrx_word' id='word_1_675' title='bbox 1515 1733 1584 1772; x_wconf 88' lang='lat' dir='ltr'><strong>quid</strong></span> <span class='ocrx_word' id='word_1_676' title='bbox 1597 1734 1667 1774; x_wconf 85' lang='lat' dir='ltr'><strong>obji-</strong></span> 
     </span>
     <span class='ocr_line' id='line_1_88' title="bbox 925 1778 1669 1819; baseline 0.005 -12"><span class='ocrx_word' id='word_1_677' title='bbox 925 1778 1007 1807; x_wconf 83' lang='lat' dir='ltr'><strong>ciant.</strong></span> <span class='ocrx_word' id='word_1_678' title='bbox 1020 1778 1085 1808; x_wconf 88' lang='lat' dir='ltr'><strong>Nou</strong></span> <span class='ocrx_word' id='word_1_679' title='bbox 1101 1778 1172 1807; x_wconf 88' lang='lat' dir='ltr'><strong>enim</strong></span> <span class='ocrx_word' id='word_1_680' title='bbox 1186 1778 1313 1815; x_wconf 85' lang='lat' dir='ltr'><strong>dicimus,</strong></span> <span class='ocrx_word' id='word_1_681' title='bbox 1325 1779 1472 1817; x_wconf 88' lang='lat' dir='ltr'><strong>quemlibet</strong></span> <span class='ocrx_word' id='word_1_682' title='bbox 1483 1780 1530 1819; x_wconf 90' lang='lat' dir='ltr'><strong>qui</strong></span> <span class='ocrx_word' id='word_1_683' title='bbox 1544 1782 1669 1811; x_wconf 89' lang='lat' dir='ltr'><strong>omnihus</strong></span> 
     </span>
     <span class='ocr_line' id='line_1_89' title="bbox 925 1823 1668 1866; baseline 0.007 -14"><span class='ocrx_word' id='word_1_684' title='bbox 925 1823 1026 1860; x_wconf 86' lang='lat' dir='ltr'><strong>credat,</strong></span> <span class='ocrx_word' id='word_1_685' title='bbox 1044 1824 1126 1853; x_wconf 85' lang='lat' dir='ltr'><strong>fidem</strong></span> <span class='ocrx_word' id='word_1_686' title='bbox 1146 1824 1255 1859; x_wconf 82' lang='lat' dir='ltr'><strong>habere,</strong></span> <span class='ocrx_word' id='word_1_687' title='bbox 1276 1835 1307 1854; x_wconf 83' lang='lat' dir='ltr'><strong>ac</strong></span> <span class='ocrx_word' id='word_1_688' title='bbox 1326 1824 1434 1854; x_wconf 82' lang='lat' dir='ltr'><strong>fidelem</strong></span> <span class='ocrx_word' id='word_1_689' title='bbox 1452 1826 1606 1866; x_wconf 83' lang='lat' dir='ltr'><strong>praedicari;</strong></span> <span class='ocrx_word' id='word_1_690' title='bbox 1622 1838 1668 1857; x_wconf 88' lang='lat' dir='ltr'><strong>ne-</strong></span> 
     </span>
     <span class='ocr_line' id='line_1_90' title="bbox 926 1870 1666 1913; baseline 0.005 -14"><span class='ocrx_word' id='word_1_691' title='bbox 926 1881 978 1909; x_wconf 88' lang='lat' dir='ltr'><strong>que</strong></span> <span class='ocrx_word' id='word_1_692' title='bbox 999 1881 1062 1899; x_wconf 89' lang='lat' dir='ltr'><strong>eum</strong></span> <span class='ocrx_word' id='word_1_693' title='bbox 1078 1870 1127 1909; x_wconf 91' lang='lat' dir='ltr'><strong>qui</strong></span> <span class='ocrx_word' id='word_1_694' title='bbox 1145 1870 1226 1899; x_wconf 88' lang='lat' dir='ltr'><strong>obvio</strong></span> <span class='ocrx_word' id='word_1_695' title='bbox 1245 1870 1332 1900; x_wconf 91' lang='lat' dir='ltr'><strong>cuivis</strong></span> <span class='ocrx_word' id='word_1_696' title='bbox 1353 1871 1448 1908; x_wconf 81' lang='lat' dir='ltr'><strong>credit,</strong></span> <span class='ocrx_word' id='word_1_697' title='bbox 1465 1882 1521 1901; x_wconf 87' lang='lat' dir='ltr'><strong>esse</strong></span> <span class='ocrx_word' id='word_1_698' title='bbox 1540 1872 1666 1913; x_wconf 84' lang='lat' dir='ltr'><strong>fldelem;</strong></span> 
     </span>
     <span class='ocr_line' id='line_1_91' title="bbox 926 1916 1668 1954; baseline 0.004 -8"><span class='ocrx_word' id='word_1_699' title='bbox 926 1916 973 1946; x_wconf 86' lang='lat' dir='ltr'><strong>sed</strong></span> <span class='ocrx_word' id='word_1_700' title='bbox 983 1928 1045 1946; x_wconf 89' lang='lat' dir='ltr'><strong>eum</strong></span> <span class='ocrx_word' id='word_1_701' title='bbox 1057 1917 1174 1954; x_wconf 83' lang='lat' dir='ltr'><strong>quivere</strong></span> <span class='ocrx_word' id='word_1_702' title='bbox 1183 1918 1240 1946; x_wconf 86' lang='lat' dir='ltr'><strong>Deo</strong></span> <span class='ocrx_word' id='word_1_703' title='bbox 1249 1916 1345 1946; x_wconf 87' lang='lat' dir='ltr'><strong>credit.</strong></span> <span class='ocrx_word' id='word_1_704' title='bbox 1360 1918 1433 1946; x_wconf 89' lang='lat' dir='ltr'><strong>Num</strong></span> <span class='ocrx_word' id='word_1_705' title='bbox 1444 1918 1583 1948; x_wconf 84' lang='lat' dir='ltr'><strong>ostendisti</strong></span> <span class='ocrx_word' id='word_1_706' title='bbox 1596 1919 1668 1949; x_wconf 79' lang='lat' dir='ltr'><strong>Ada-</strong></span> 
     </span>
     <span class='ocr_line' id='line_1_92' title="bbox 927 1962 1663 2003; baseline 0.003 -11"><span class='ocrx_word' id='word_1_707' title='bbox 927 1974 1001 1992; x_wconf 89' lang='lat' dir='ltr'><strong>mum</strong></span> <span class='ocrx_word' id='word_1_708' title='bbox 1022 1962 1096 2001; x_wconf 91' lang='lat' dir='ltr'><strong>quod</strong></span> <span class='ocrx_word' id='word_1_709' title='bbox 1109 1962 1170 1991; x_wconf 88' lang='lat' dir='ltr'><strong>Deo</strong></span> <span class='ocrx_word' id='word_1_710' title='bbox 1190 1962 1348 1992; x_wconf 85' lang='lat' dir='ltr'><strong>credidisset</strong></span> <span class='ocrx_word' id='word_1_711' title='bbox 1369 1963 1498 2003; x_wconf 82' lang='lat' dir='ltr'><strong>periisse?</strong></span> <span class='ocrx_word' id='word_1_712' title='bbox 1510 1964 1591 2001; x_wconf 92' lang='lat' dir='ltr'><strong>Quod</strong></span> <span class='ocrx_word' id='word_1_713' title='bbox 1605 1965 1663 1994; x_wconf 83' lang='lat' dir='ltr'><strong>dia-</strong></span> 
     </span>
     <span class='ocr_line' id='line_1_93' title="bbox 927 2008 1668 2049; baseline 0.001 -10"><span class='ocrx_word' id='word_1_714' title='bbox 927 2010 990 2039; x_wconf 88' lang='lat' dir='ltr'><strong>bolo</strong></span> <span class='ocrx_word' id='word_1_715' title='bbox 1000 2008 1155 2045; x_wconf 86' lang='lat' dir='ltr'><strong>crediderit,</strong></span> <span class='ocrx_word' id='word_1_716' title='bbox 1167 2009 1258 2049; x_wconf 84' lang='lat' dir='ltr'><strong>lapsus</strong></span> <span class='ocrx_word' id='word_1_717' title='bbox 1267 2015 1306 2038; x_wconf 87' lang='lat' dir='ltr'><strong>est</strong></span> <span class='ocrx_word' id='word_1_718' title='bbox 1315 2020 1323 2046; x_wconf 88' lang='lat'>;</span> <span class='ocrx_word' id='word_1_719' title='bbox 1334 2009 1407 2048; x_wconf 86' lang='lat' dir='ltr'><strong>quod</strong></span> <span class='ocrx_word' id='word_1_720' title='bbox 1416 2011 1473 2039; x_wconf 87' lang='lat' dir='ltr'><strong>Deo</strong></span> <span class='ocrx_word' id='word_1_721' title='bbox 1483 2020 1535 2039; x_wconf 89' lang='lat' dir='ltr'><strong>non</strong></span> <span class='ocrx_word' id='word_1_722' title='bbox 1543 2011 1668 2040; x_wconf 87' lang='lat' dir='ltr'><strong>credide-</strong></span> 
     </span>
     <span class='ocr_line' id='line_1_94' title="bbox 927 2054 1818 2095; baseline 0.004 -11"><span class='ocrx_word' id='word_1_723' title='bbox 927 2056 973 2092; x_wconf 84' lang='lat' dir='ltr'><strong>rit,</strong></span> <span class='ocrx_word' id='word_1_724' title='bbox 986 2055 1091 2085; x_wconf 88' lang='lat' dir='ltr'><strong>cecidit.</strong></span> <span class='ocrx_word' id='word_1_725' title='bbox 1106 2056 1163 2085; x_wconf 86' lang='lat' dir='ltr'><strong>Cur</strong></span> <span class='ocrx_word' id='word_1_726' title='bbox 1179 2054 1250 2084; x_wconf 75' lang='lat' dir='ltr'><strong>dicta</strong></span> <span class='ocrx_word' id='word_1_727' title='bbox 1269 2055 1418 2095; x_wconf 78' lang='lat' dir='ltr'><strong>pervertis?</strong></span> <span class='ocrx_word' id='word_1_728' title='bbox 1434 2056 1506 2086; x_wconf 83' lang='lat' dir='ltr'><strong>Audi</strong></span> <span class='ocrx_word' id='word_1_729' title='bbox 1522 2058 1667 2087; x_wconf 82' lang='lat' dir='ltr'><strong>Jeremiam</strong></span> <span class='ocrx_word' id='word_1_730' title='bbox 1680 2068 1728 2088; x_wconf 69' lang='lat' dir='ltr'><strong>Im«,</strong></span> <span class='ocrx_word' id='word_1_731' title='bbox 1749 2067 1818 2088; x_wconf 52' lang='grc' dir='ltr'>Μήτι.</span> 
     </span>
    </p>
   </div>
   <div class='ocr_carea' id='block_1_12' title="bbox 899 2098 1737 2142">
    <p class='ocr_par' dir='ltr' id='par_1_12' title="bbox 899 2098 1737 2142">
     <span class='ocr_line' id='line_1_95' title="bbox 899 2098 1737 2142; baseline -0.004 -11"><span class='ocrx_word' id='word_1_732' title='bbox 899 2106 906 2128; x_wconf 71' lang='lat'>2</span> <span class='ocrx_word' id='word_1_733' title='bbox 927 2102 1079 2131; x_wconf 82' lang='lat' dir='ltr'><strong>dicentem:</strong></span> <span class='ocrx_word' id='word_1_734' title='bbox 1096 2101 1208 2130; x_wconf 84' lang='lat' dir='ltr'><strong>Audite</strong></span> <span class='ocrx_word' id='word_1_735' title='bbox 1228 2111 1283 2138; x_wconf 87' lang='lat' dir='ltr'><strong>me,</strong></span> <span class='ocrx_word' id='word_1_736' title='bbox 1299 2102 1350 2141; x_wconf 87' lang='lat' dir='ltr'><strong>qui</strong></span> <span class='ocrx_word' id='word_1_737' title='bbox 1370 2102 1437 2130; x_wconf 87' lang='lat' dir='ltr'><strong>odio</strong></span> <span class='ocrx_word' id='word_1_738' title='bbox 1460 2103 1573 2132; x_wconf 82' lang='lat' dir='ltr'><strong>habetis</strong></span> <span class='ocrx_word' id='word_1_739' title='bbox 1586 2104 1670 2142; x_wconf 83' lang='lat' dir='ltr'><strong>judi-</strong></span> <span class='ocrx_word' id='word_1_740' title='bbox 1680 2098 1737 2128; x_wconf 79' lang='lat'><strong>3·9·</strong></span> 
     </span>
    </p>
   </div>
   <div class='ocr_carea' id='block_1_13' title="bbox 925 2150 1671 2234">
    <p class='ocr_par' dir='ltr' id='par_1_13' title="bbox 925 2150 1671 2234">
     <span class='ocr_line' id='line_1_96' title="bbox 927 2150 1671 2188; baseline 0.003 -11"><span class='ocrx_word' id='word_1_741' title='bbox 927 2151 1015 2186; x_wconf 81' lang='lat' dir='ltr'><strong>cium,</strong></span> <span class='ocrx_word' id='word_1_742' title='bbox 1033 2150 1084 2188; x_wconf 84' lang='lat' dir='ltr'><strong>qui</strong></span> <span class='ocrx_word' id='word_1_743' title='bbox 1093 2151 1193 2177; x_wconf 83' lang='lat' dir='ltr'><strong>omnia</strong></span> <span class='ocrx_word' id='word_1_744' title='bbox 1206 2155 1286 2177; x_wconf 78' lang='lat' dir='ltr'><strong>recta</strong></span> <span class='ocrx_word' id='word_1_745' title='bbox 1291 2151 1465 2187; x_wconf 81' lang='lat' dir='ltr'><strong>pervertitis.</strong></span> <span class='ocrx_word' id='word_1_746' title='bbox 1483 2150 1567 2188; x_wconf 84' lang='lat' dir='ltr'><strong>Atqui</strong></span> <span class='ocrx_word' id='word_1_747' title='bbox 1582 2150 1671 2179; x_wconf 84' lang='lat' dir='ltr'><strong>dicere</strong></span> 
     </span>
     <span class='ocr_line' id='line_1_97' title="bbox 925 2194 1670 2234; baseline 0.001 -11"><span class='ocrx_word' id='word_1_748' title='bbox 925 2194 1054 2234; x_wconf 81' lang='lat' dir='ltr'><strong>oportuit,</strong></span> <span class='ocrx_word' id='word_1_749' title='bbox 1069 2194 1236 2234; x_wconf 86' lang='lat' dir='ltr'><strong>Principium</strong></span> <span class='ocrx_word' id='word_1_750' title='bbox 1247 2194 1378 2223; x_wconf 82' lang='lat' dir='ltr'><strong>matorum</strong></span> <span class='ocrx_word' id='word_1_751' title='bbox 1402 2194 1584 2224; x_wconf 82' lang='lat' dir='ltr'><strong>incredulitas.</strong></span> <span class='ocrx_word' id='word_1_752' title='bbox 1602 2197 1670 2225; x_wconf 85' lang='lat' dir='ltr'><strong>Nam</strong></span> 
     </span>
    </p>
   </div>
   <div class='ocr_carea' id='block_1_14' title="bbox 911 2272 1672 2537">
    <p class='ocr_par' dir='ltr' id='par_1_14' title="bbox 948 2272 1563 2306">
     <span class='ocr_line' id='line_1_98' title="bbox 948 2272 1563 2306; baseline -0.005 -7"><span class='ocrx_word' id='word_1_753' title='bbox 948 2280 958 2291; x_wconf 56' lang='grc' dir='ltr'>ἒ</span> <span class='ocrx_word' id='word_1_754' title='bbox 976 2275 1131 2306; x_wconf 67' lang='grc' dir='ltr'>Τολμούντων,</span> <span class='ocrx_word' id='word_1_755' title='bbox 1144 2273 1179 2297; x_wconf 86' lang='lat' dir='ltr'><strong>sic</strong></span> <span class='ocrx_word' id='word_1_756' title='bbox 1192 2272 1243 2297; x_wconf 84' lang='lat' dir='ltr'><strong>sere</strong></span> <span class='ocrx_word' id='word_1_757' title='bbox 1254 2272 1345 2305; x_wconf 86' lang='lat' dir='ltr'><strong>ubique</strong></span> <span class='ocrx_word' id='word_1_758' title='bbox 1357 2281 1404 2305; x_wconf 87' lang='lat' dir='ltr'><strong>pro</strong></span> <span class='ocrx_word' id='word_1_759' title='bbox 1416 2276 1563 2306; x_wconf 63' lang='grc' dir='ltr'>τολμώντων.</span> 
     </span>
    </p>

    <p class='ocr_par' dir='ltr' id='par_1_15' title="bbox 911 2309 1672 2537">
     <span class='ocr_line' id='line_1_99' title="bbox 947 2309 1671 2347; baseline -0.006 -8"><span class='ocrx_word' id='word_1_760' title='bbox 947 2319 957 2331; x_wconf 88' lang='grc'>·</span> <span class='ocrx_word' id='word_1_761' title='bbox 975 2309 993 2339; x_wconf 82' lang='grc' dir='ltr'>ὁ</span> <span class='ocrx_word' id='word_1_762' title='bbox 1004 2315 1050 2347; x_wconf 69' lang='grc' dir='ltr'>’ὄφις</span> <span class='ocrx_word' id='word_1_763' title='bbox 1061 2314 1127 2339; x_wconf 68' lang='grc' dir='ltr'>εἶπεν.</span> <span class='ocrx_word' id='word_1_764' title='bbox 1140 2313 1177 2336; x_wconf 84' lang='lat' dir='ltr'><strong>De</strong></span> <span class='ocrx_word' id='word_1_765' title='bbox 1188 2310 1269 2336; x_wconf 81' lang='lat' dir='ltr'><strong>trihus</strong></span> <span class='ocrx_word' id='word_1_766' title='bbox 1282 2310 1460 2344; x_wconf 84' lang='lat' dir='ltr'><strong>quaestionibus</strong></span> <span class='ocrx_word' id='word_1_767' title='bbox 1469 2312 1562 2343; x_wconf 86' lang='lat' dir='ltr'><strong>Lupus,</strong></span> <span class='ocrx_word' id='word_1_768' title='bbox 1569 2311 1614 2336; x_wconf 84' lang='lat' dir='ltr'><strong>sub</strong></span> <span class='ocrx_word' id='word_1_769' title='bbox 1622 2312 1671 2335; x_wconf 89' lang='lat' dir='ltr'><strong>ini-</strong></span> 
     </span>
     <span class='ocr_line' id='line_1_100' title="bbox 913 2349 1671 2384; baseline -0.003 -9"><span class='ocrx_word' id='word_1_770' title='bbox 913 2351 975 2375; x_wconf 82' lang='lat' dir='ltr'><strong>tium</strong></span> <span class='ocrx_word' id='word_1_771' title='bbox 986 2360 991 2374; x_wconf 76' lang='grc' dir='ltr'><strong>ε</strong></span> <span class='ocrx_word' id='word_1_772' title='bbox 1005 2349 1120 2384; x_wconf 81' lang='lat' dir='ltr'><strong>Adjecto</strong></span> <span class='ocrx_word' id='word_1_773' title='bbox 1132 2359 1170 2380; x_wconf 87' lang='lat' dir='ltr'><strong>eo,</strong></span> <span class='ocrx_word' id='word_1_774' title='bbox 1183 2351 1245 2375; x_wconf 79' lang='lat' dir='ltr'><strong>scire</strong></span> <span class='ocrx_word' id='word_1_775' title='bbox 1258 2350 1341 2374; x_wconf 80' lang='lat' dir='ltr'><strong>Deum</strong></span> <span class='ocrx_word' id='word_1_776' title='bbox 1354 2349 1433 2383; x_wconf 84' lang='lat' dir='ltr'><strong>(nihil</strong></span> <span class='ocrx_word' id='word_1_777' title='bbox 1446 2351 1545 2382; x_wconf 78' lang='lat' dir='ltr'><strong>muto),</strong></span> <span class='ocrx_word' id='word_1_778' title='bbox 1563 2350 1632 2382; x_wconf 82' lang='lat' dir='ltr'><strong>quod</strong></span> <span class='ocrx_word' id='word_1_779' title='bbox 1647 2351 1671 2373; x_wconf 81' lang='lat' dir='ltr'><strong>si</strong></span> 
     </span>
     <span class='ocr_line' id='line_1_101' title="bbox 912 2388 1672 2423; baseline -0.003 -9"><span class='ocrx_word' id='word_1_780' title='bbox 912 2390 1073 2414; x_wconf 68' lang='lat' dir='ltr'><strong>comedissem</strong></span> <span class='ocrx_word' id='word_1_781' title='bbox 1095 2389 1160 2414; x_wconf 76' lang='lat' dir='ltr'><strong>unde</strong></span> <span class='ocrx_word' id='word_1_782' title='bbox 1178 2388 1300 2423; x_wconf 81' lang='lat' dir='ltr'><strong>prohibiti</strong></span> <span class='ocrx_word' id='word_1_783' title='bbox 1319 2394 1401 2412; x_wconf 81' lang='lat' dir='ltr'><strong>essent</strong></span> <span class='ocrx_word' id='word_1_784' title='bbox 1413 2407 1419 2418; x_wconf 93' lang='lat'><strong>‚</strong></span> <span class='ocrx_word' id='word_1_785' title='bbox 1440 2396 1498 2412; x_wconf 74' lang='lat' dir='ltr'><strong>mox</strong></span> <span class='ocrx_word' id='word_1_786' title='bbox 1520 2389 1672 2421; x_wconf 80' lang='lat' dir='ltr'><strong>aperirentur</strong></span> 
     </span>
     <span class='ocr_line' id='line_1_102' title="bbox 912 2426 1669 2461; baseline -0.004 -7"><span class='ocrx_word' id='word_1_787' title='bbox 912 2429 982 2454; x_wconf 82' lang='lat' dir='ltr'><strong>oculi</strong></span> <span class='ocrx_word' id='word_1_788' title='bbox 989 2438 1070 2454; x_wconf 81' lang='lat' dir='ltr'><strong>eorum</strong></span> <span class='ocrx_word' id='word_1_789' title='bbox 1077 2448 1084 2459; x_wconf 91' lang='lat'><strong>,</strong></span> <span class='ocrx_word' id='word_1_790' title='bbox 1097 2429 1241 2461; x_wconf 74' lang='lat' dir='ltr'><strong>similesque</strong></span> <span class='ocrx_word' id='word_1_791' title='bbox 1250 2428 1300 2451; x_wconf 81' lang='lat' dir='ltr'><strong>diis</strong></span> <span class='ocrx_word' id='word_1_792' title='bbox 1310 2428 1461 2451; x_wconf 75' lang='lat' dir='ltr'><strong>exsisterent.</strong></span> <span class='ocrx_word' id='word_1_793' title='bbox 1476 2426 1580 2452; x_wconf 78' lang='lat' dir='ltr'><strong>Scilicet</strong></span> <span class='ocrx_word' id='word_1_794' title='bbox 1588 2433 1614 2451; x_wconf 83' lang='lat' dir='ltr'><strong>ut</strong></span> <span class='ocrx_word' id='word_1_795' title='bbox 1622 2436 1669 2451; x_wconf 83' lang='lat' dir='ltr'><strong>nu-</strong></span> 
     </span>
     <span class='ocr_line' id='line_1_103' title="bbox 911 2465 1672 2498; baseline -0.001 -6"><span class='ocrx_word' id='word_1_796' title='bbox 911 2469 1053 2492; x_wconf 57' lang='lat' dir='ltr'><strong>mem-vitate</strong></span> <span class='ocrx_word' id='word_1_797' title='bbox 1064 2467 1165 2491; x_wconf 73' lang='lat' dir='ltr'><strong>deorum</strong></span> <span class='ocrx_word' id='word_1_798' title='bbox 1176 2466 1265 2491; x_wconf 82' lang='lat' dir='ltr'><strong>saltem</strong></span> <span class='ocrx_word' id='word_1_799' title='bbox 1278 2474 1360 2490; x_wconf 88' lang='lat' dir='ltr'><strong>eorum</strong></span> <span class='ocrx_word' id='word_1_800' title='bbox 1371 2465 1453 2498; x_wconf 83' lang='lat' dir='ltr'><strong>fidem</strong></span> <span class='ocrx_word' id='word_1_801' title='bbox 1467 2472 1633 2498; x_wconf 79' lang='lat' dir='ltr'><strong>corrumperet,</strong></span> <span class='ocrx_word' id='word_1_802' title='bbox 1647 2469 1672 2491; x_wconf 79' lang='lat' dir='ltr'><strong>si</strong></span> 
     </span>
     <span class='ocr_line' id='line_1_104' title="bbox 911 2504 1668 2537; baseline -0.001 -5"><span class='ocrx_word' id='word_1_803' title='bbox 911 2508 947 2532; x_wconf 85' lang='lat' dir='ltr'><strong>ad</strong></span> <span class='ocrx_word' id='word_1_804' title='bbox 960 2507 1152 2532; x_wconf 82' lang='lat' dir='ltr'><strong>inobedientiam</strong></span> <span class='ocrx_word' id='word_1_805' title='bbox 1173 2506 1264 2530; x_wconf 77' lang='lat' dir='ltr'><strong>tentati</strong></span> <span class='ocrx_word' id='word_1_806' title='bbox 1282 2504 1351 2537; x_wconf 77' lang='lat' dir='ltr'><strong>gulae</strong></span> <span class='ocrx_word' id='word_1_807' title='bbox 1371 2504 1433 2528; x_wconf 82' lang='lat' dir='ltr'><strong>vitio</strong></span> <span class='ocrx_word' id='word_1_808' title='bbox 1454 2512 1504 2528; x_wconf 85' lang='lat' dir='ltr'><strong>non</strong></span> <span class='ocrx_word' id='word_1_809' title='bbox 1529 2506 1668 2533; x_wconf 67' lang='lat' dir='ltr'><strong>cessissent.</strong></span> 
     </span>
    </p>
   </div>
   <div class='ocr_carea' id='block_1_15' title="bbox 912 2544 1015 2570">
    <p class='ocr_par' dir='ltr' id='par_1_16' title="bbox 912 2544 1015 2570">
     <span class='ocr_line' id='line_1_105' title="bbox 912 2544 1015 2570; baseline -0.01 0"><span class='ocrx_word' id='word_1_810' title='bbox 912 2544 1015 2570; x_wconf 79' lang='lat' dir='ltr'><strong>Coteler.</strong></span> 
     </span>
    </p>
   </div>
  </div>
 </body>
</html>
