1890 2826
224 185 268 230 74

220 256 258 285 ait
280 268 285 284 :
309 256 420 285 Factum
437 262 476 284 est
493 254 522 284 in
544 254 640 284 diebus
653 254 737 291 onae,
750 263 816 290 non,
835 260 960 293 regnante

219 302 296 337 Ozia,
306 300 364 338 sed,
377 301 490 331 Factum
498 307 538 330 est
547 311 609 330 cum
619 306 742 330 mortuus
752 306 802 329 est.
813 298 889 337 Quid
896 308 960 339 ergo

219 347 280 377 vult
289 348 335 377 hic
347 347 444 388 agere?
451 349 512 378 Non
528 354 637 383 temere,
649 356 697 375 nec
706 345 817 375 fortuito
828 345 875 375 hie
886 345 956 384 agit3

218 393 266 423 sed
287 393 356 433 quid
371 404 500 424 arcanum
521 393 598 423 nobis
615 392 785 423 subindicat?
798 391 875 430 Quid
888 390 960 421 illud
977 397 998 420 Ι)

218 440 278 470 est?
308 440 360 471 Hie
390 440 469 471 Ozias
494 450 528 470 ex
548 440 632 472 ,rebus
662 439 796 479 gestisque
827 438 960 479 prosperis

143 495 187 509 ¹¹¹·ss
201 486 324 525 ebrius,
352 493 379 516 et
405 485 531 516 felicitate
554 486 681 523 inflatus,
706 485 794 525 majus
817 483 959 525 quidpiam

150 558 173 571 n,
188 551 206 572 ὴ
215 543 296 571 quam
313 543 362 562 sua
375 533 493 572 dignitas
509 532 610 562 ferebat
623 531 766 562 affectavit.
782 531 820 561 Et
831 530 895 570 quia
910 539 959 559 rex

215 586 281 616 erat,
296 579 402 620 putavit
415 579 468 609 sibi
480 586 640 619 competere,
656 585 686 608 ut
699 576 847 607 sacerdotio
857 577 958 617 sunge-

215 632 299 662 retur,
313 625 409 655 insiliit
421 625 449 654 in
468 625 610 665 templum,
621 625 756 664 ingressus
773 630 814 654 est
822 623 855 653 in
868 629 957 653 sancta

213 679 382 709 sanctorum3
397 679 423 702 et
435 672 582 702 reluctante
598 671 745 709 sacerdote,
760 677 839 710 atque
852 670 958 710 ingres-

213 729 273 749 sum
285 719 353 748 illuc
363 713 533 759 piohibente,
549 728 602 747 non
616 718 680 747 tulit
692 717 750 755 ille,
762 716 810 747 sed
824 717 853 747 in
864 726 956 746 amen-

213 765 249 794 tia
268 765 460 806 perseveravit,
472 776 583 806 parvam
602 763 748 794 sacerdotis
760 763 890 793 rationem
902 762 956 792 ha-

211 811 287 841 bens.
300 811 345 842 Ob
363 818 465 841 tantam
483 810 677 852 impudentiam
696 809 808 839 immisit
821 809 864 838 illi
883 809 956 839 Deus

210 857 314 897 lepram
332 858 361 887 in
384 858 511 888 frontem.
533 859 603 888 Cum
622 857 693 886 enim
713 858 854 897 majorem,
874 866 955 895 quam

208 903 262 932 sibi
274 910 444 944 competeret,
458 903 588 934 honorem
607 904 752 941 affectaret,
767 902 802 932 ab
816 902 864 932 illo
874 902 955 932 etiam

209 960 289 988 quem
311 950 428 980 hahebat
441 950 551 980 excidit.
563 951 625 980 Non
641 949 722 980 modo
744 949 817 979 enim
830 948 953 978 sacerdo—

209 997 279 1025 tium
299 1006 352 1025 non
371 996 484 1037 accepit,
497 996 544 1026 sed
563 995 722 1025 immundus
734 995 831 1031 faetus,
846 1005 861 1023 a
873 1004 955 1034 regno

209 1042 291 1071 etiam
309 1042 440 1083 expulsus
453 1049 504 1080 est,
518 1053 550 1072 ac
562 1053 611 1083 per
620 1051 698 1071 omne
712 1048 818 1082 tempus
831 1041 859 1070 in
873 1040 954 1070 domo

209 1088 326 1125 quadam
346 1089 468 1119 occultus
490 1088 639 1126 habitabat,
655 1087 730 1127 quod
749 1086 880 1128 pudorem
900 1096 953 1117 non

208 1135 299 1164 ferret.
317 1135 439 1175 Populus
454 1145 561 1174 quoque
574 1134 663 1164 omnis
674 1133 702 1163 in
716 1140 819 1174 partem
832 1133 894 1162 talis
910 1132 953 1162 ul—

207 1181 290 1211 tionis
308 1188 418 1211 vocatus
431 1188 482 1217 est,
496 1181 560 1221 quia
582 1181 654 1220 leges
675 1180 726 1210 Dei
746 1180 913 1220 despexerat,
928 1186 954 1209 et

192 1255 194 1257 .
208 1228 368 1258 contumelia
393 1228 518 1258 affectum
531 1226 710 1257 sacerdotium
723 1236 777 1256 non
797 1226 954 1257 vindicave-

58 1787 197 1811 lomi-ld&

60 1882 197 1913 Ιοαιι.6.46.

58 1972 136 1995 Etoa.
149 1973 188 1997 33.

207 1281 259 1304 rat.
282 1273 425 1312 Quomodo
445 1274 529 1313 igitur
547 1273 576 1302 in
590 1279 693 1313 partem
712 1272 823 1302 ultiouis
844 1279 953 1302 vocatus

208 1320 266 1349 esti’
289 1320 360 1358 Quia
376 1320 518 1360 prophetia
536 1326 648 1349 retracta
665 1325 705 1348 est
722 1329 730 1346 :
747 1318 833 1348 iratus
851 1319 954 1359 quippe

207 1366 284 1396 Deus
297 1366 368 1396 circa
387 1377 444 1395 rem
459 1365 583 1405 quamvis
604 1365 674 1394 nihil
692 1364 878 1405 respondebat.
896 1365 954 1395 Hoc

209 1423 279 1452 vero¹
292 1422 347 1442 non
364 1411 399 1442 ad
418 1422 496 1442 omne
517 1418 624 1452 tempus
646 1411 719 1448 fecit,
737 1410 785 1440 sed
805 1410 952 1441 seeundum

208 1469 362 1488 mensuram
380 1458 443 1488 vitae
457 1457 536 1498 regis,
551 1467 704 1487 mensuram
723 1467 830 1496 quoque
842 1455 954 1486 ultionis

208 1505 340 1535 definivit.
358 1505 447 1535 Simul
460 1514 524 1544 ergo
535 1511 615 1544 atque
629 1503 676 1533 ille
688 1503 773 1534 vitam
786 1502 864 1540 obiit,
879 1503 954 1532 Deus

209 1551 279 1581 iram
285 1551 376 1587 solvit,
384 1557 410 1580 et
427 1551 498 1580 fores
509 1550 609 1580 iterum
613 1549 761 1590 prophetiae
769 1548 888 1590 aperuit.
896 1551 954 1580 Hoc

206 1597 296 1636 itaque
310 1597 482 1627 subindicans
497 1596 638 1637 propheta,
653 1595 807 1626 memoriam
822 1595 900 1625 nobis
911 1607 954 1626 re-

205 1643 314 1674 vocavit
334 1643 425 1673 obitus
441 1642 520 1683 regis.
532 1641 716 1679 Quamobrem
731 1641 770 1671 sic
784 1641 953 1682 prophetiam

207 1689 315 1719 orditur
330 1702 337 1719 ε
352 1692 479 1719 Factum
490 1695 533 1719 est
546 1690 579 1717 in
591 1698 683 1726 anno,
697 1698 755 1728 quo
769 1695 899 1718 mortuus
910 1696 954 1719 est

208 1747 260 1765 rex
288 1738 387 1775 Ozias,
410 1737 479 1765 vidi
502 1736 664 1765 Dominum
687 1735 845 1765 sedentem.
872 1735 953 1775 Atqui

209 1782 334 1812 Christus
347 1782 386 1812 ait
401 1794 408 1811 z
422 1782 518 1812 Deum
529 1791 612 1811 nemo
625 1782 702 1811 vidit
710 1792 860 1821 umquam.
880 1783 953 1812 Uni-

208 1831 322 1869 genitus
341 1831 392 1869 qui
413 1836 456 1859 est
467 1830 499 1858 in
517 1830 584 1857 sinu
605 1829 716 1865 Patris,
736 1829 788 1858 ille
807 1831 949 1859 narravit.

209 1875 246 1905 Et
258 1886 367 1905 rursum
382 1888 389 1904 z
404 1876 474 1905 Non
489 1876 561 1914 quia
573 1875 694 1903 Patrem
709 1875 773 1914 quis
793 1875 879 1911 vidit,
896 1876 953 1904 nisi

209 1923 261 1961 qui
272 1928 316 1951 est
326 1932 345 1950 a
357 1923 421 1951 Deo
433 1921 504 1950 :ille
513 1920 590 1950 vidit
601 1921 734 1949 Patrem.
749 1920 853 1964 Illeque
862 1921 952 1960 Moysi
973 1919 988 1942 Β

209 1967 282 1997 dixit
303 1981 310 1996 :
329 1968 423 1997 Nemo
440 1967 555 1996 videbit
562 1967 680 2007 faciem
701 1975 795 1994 meam
815 1973 844 1996 et
857 1969 949 1997 vivet.

210 2013 354 2050 Quomodo
378 2013 462 2053 igitur
482 2012 528 2042 hic
546 2012 584 2041 ait
605 2022 634 2041 se
655 2011 756 2041 vidisse
779 2011 950 2043 Dominum?

209 2060 279 2090 Nam
289 2060 338 2097 ait,
359 2060 429 2088 Vidi
439 2059 596 2088 Dominum
609 2070 616 2086 :
630 2067 683 2087 non
695 2057 827 2087 contraria
838 2058 875 2088 ait
886 2069 950 2089 vero

208 2106 252 2142 iis,
264 2117 324 2145 quae
346 2105 470 2135 Christus
491 2104 572 2141 dixit,
591 2103 639 2133 sed
657 2103 804 2133 admodum
822 2115 947 2134 consona.

207 2153 276 2182 Nam
287 2151 412 2182 Christus
421 2151 456 2180 de
465 2157 587 2180 accurata
598 2149 749 2189 cognitione
761 2150 893 2189 loquitur,
907 2162 950 2181 se-

207 2198 327 2228 cundum
338 2209 420 2238 quam
432 2207 510 2227 nemo
522 2196 592 2227 vidit
605 2209 612 2226 t
626 2196 727 2226 nudam
740 2196 813 2226 enim
822 2196 950 2227 divinita-

208 2254 260 2276 tem
268 2257 417 2287 puramque
427 2246 603 2276 substantiam
611 2255 689 2275 nemo
696 2244 767 2274 vidit
777 2252 874 2284 praeter
881 2247 949 2276 Uni-

208 2292 326 2332 genitum
338 2306 345 2328 ;
359 2293 489 2332 propheta
498 2302 563 2322 vero
576 2298 684 2320 eatenus
698 2302 726 2321 se
737 2291 839 2321 vidisse
847 2300 947 2330 narrat,

123 2358 132 2372 s
174 2360 198 2373 ο,
207 2345 338 2377 quatenus
354 2345 467 2378 poterat.
482 2338 575 2376 Neque
592 2337 663 2366 enIm
676 2337 734 2377 ipse
747 2337 777 2366 id
789 2337 863 2376 quod
875 2339 949 2368 Deus

175 2391 198 2404 ⁰·
207 2393 246 2415 est
258 2385 352 2416 videre
371 2390 484 2425 poterat,
498 2383 544 2413 sed
559 2383 609 2413 sub
626 2384 712 2422 figura
732 2383 850 2423 quadam
869 2384 948 2414 illum

207 2431 448 2471 contemplabatur,
457 2429 504 2469 qui
512 2436 618 2459 tantum
628 2429 810 2467 descenderat,
818 2438 949 2469 quantum

207 2477 410 2518 contemplantis
423 2476 563 2506 infirmitas
581 2475 721 2505 ascendere
734 2483 846 2515 poterat.
866 2477 946 2515 Quod
967 2479 985 2503 C

205 2524 278 2553 enim
296 2534 382 2562 neque
395 2523 463 2563 ipse,
486 2532 572 2560 neque
593 2521 736 2560 quisquam
754 2522 824 2552 alius
847 2523 947 2553 nudam

204 2569 303 2599 viderit
321 2569 500 2604 divinitatem,
522 2567 556 2597 ab
577 2567 611 2597 iis
633 2578 693 2606 quae
714 2576 822 2598 narrant
842 2570 948 2610 perspi-

203 2627 285 2645 cuum
293 2623 341 2645 est.
353 2616 421 2645 Vidi
427 2615 508 2654 enim,
520 2615 617 2653 inquit,
625 2615 785 2644 Dominum
794 2616 946 2646 sedentemf

563 194 589 216 S.
610 189 757 225 *1011*le
778 192 967 218 ,CHRYSOST-
997 193 1153 217 ARcmEP.
1181 195 1454 220 CONSTAN'HNOP,

1018 254 1082 294 ρίζει
1095 257 1140 285 νῦν
1154 258 1168 285 ὁ
1181 256 1333 297 προφήτης;
1347 259 1388 287 Οὔ
1405 258 1457 299 γὰρ
1473 254 1556 295 εἶπεν,
1572 260 1675 299 ἐγένετο
1687 262 1714 290 ἐν
1728 265 1786 295 ταῖς

1015 301 1127 342 ἡμέραις
1138 301 1237 339 Ὀζίου,
1259 303 1336 340 οὐδὲ,
1356 305 1384 334 ἔν
1402 307 1436 345 τῇ
1453 305 1575 346 βασιλείᾳ
1588 305 1694 343 Ὀζίου,
1715 308 1784 344 ἀλλ’,

1015 346 1119 386 ἐγένετο
1137 348 1216 384 ἡνίκα
1234 349 1358 379 ἀπέθανε.
1379 350 1416 380 Τί
1434 350 1532 387 δήποτε
1555 352 1584 380 ἐν
1595 351 1681 392 τούτῳ
1695 357 1784 390 ποιεῖς

1015 393 1078 433 Οὐχ
1098 394 1205 431 ἁπλῶς,
1233 395 1291 425 οὐδὲ
1314 397 1350 429 ὥς
1372 396 1474 437 ἔτυχεν,
1498 397 1568 427 ἀλλά
1587 409 1615 426 τι
1635 397 1784 438 ἀπόρρητον

1014 441 1079 478 ἡμῖν
1092 441 1245 471 αἰνίττεται.
1261 442 1297 471 Τί
1317 443 1343 472 δὲ
1362 443 1439 473 τοῦτό
1451 443 1539 481 ἱστινς
1553 443 1644 478 Ὀζίας
1656 439 1731 478 οὗτος
1750 447 1784 486 τῇ

1013 487 1066 514 τῶν
1078 483 1259 526 γεγενημένων
1273 488 1403 529 εὐπραγίᾳ
1423 488 1534 528 μεθύων,
1546 489 1591 519 καὶ
1604 490 1658 520 ὑπὸ
1677 492 1726 526 τ’ἥς
1741 491 1784 521 οὖ-

1013 532 1124 572 ημ-ερίας
1137 533 1303 573 ὀγκούμενος,
1316 537 1403 574 μεῖζον
1418 537 1467 571 τῆς
1484 535 1558 570 ἀξίας
1576 536 1713 578 ἐφρόνησε.
1730 537 1786 567 Καὶ

1015 577 1105 614 ἐπειδὴ
1128 579 1251 619 βασιλεὺς
1271 576 1312 618 ἧν,
1327 581 1446 620 ἐνόμισεν
1460 583 1533 623 αὑτῷ
1555 582 1700 623 προσήκειν
1712 585 1785 624 ἱερᾶ-

1014 625 1092 660 σθαι,
1110 625 1156 655 καὶ
1169 626 1319 662 ἐπεπήδησε
1339 629 1379 668 τῷ
1401 630 1465 669 ναῷ,
1486 628 1531 658 καὶ
1549 630 1585 662 εἰς
1603 629 1638 658 τὰ
1654 629 1718 669 ἅγια
1730 631 1784 659 τῶν

1014 668 1094 708 ἁγίων
1107 672 1227 708 εἰσῆλθε,
1242 672 1287 702 καὶ
1305 675 1351 702 τοῦ
1373 673 1463 714 ἱερέως
1484 673 1629 708 κωλύοντος
1646 675 1693 704 καὶ
1711 676 1782 705 ἀπα-

1013 715 1162 755 γορεύοντος
1181 719 1254 758 αὐτῷ
1277 718 1326 754 τὴν
1340 721 1425 749 ἐκεῖσε
1440 719 1549 755 εἴσοδον,
1565 721 1614 750 οὐκ
1633 720 1762 762 ἠνέσχετο
1774 743 1783 755 .

1013 762 1072 791 ἀλλ’
1092 762 1207 802 lviii-uve
1226 766 1260 804 τῇ
1276 765 1371 806 μανίᾳ,
1395 766 1482 805 ὀλίγον
1508 769 1554 796 τοῦ
1581 766 1671 808 ἱερέως
1692 767 1784 798 ποιού-

1013 819 1091 846 μενος
1107 809 1193 850 λόγον.
1208 811 1316 848 Ταύτης
1330 813 1416 842 ἕνεκεν
1439 816 1486 849 τῆς
1499 813 1686 854 ἀναισχυντίας
1707 815 1780 844 ἔπα-

1011 855 1093 894 φῆκιν
1106 856 1177 896 αὐτῷ
1197 856 1296 898 λέπραν
1310 860 1324 887 ὁ
1337 855 1406 892 Θεὸς
1418 859 1488 889 κατὰ
1503 862 1549 889 τοῦ
1564 859 1697 899 μετώπου.
1715 861 1783 890 Βου-

1010 900 1098 936 ληθιὶς
1113 901 1163 942 γὰρ
1180 903 1289 933 πλείονα
1309 906 1357 940 τῆς
1372 904 1452 942 οὔσης
1470 905 1551 944 τιμὴν
1565 905 1668 943 λαθεῖν,
1685 906 1730 936 καὶ
1749 902 1781 943 ἧς

1011 941 1081 987 εἶχεν
1094 946 1224 982 δείπνισεν.
1238 950 1279 979 Οὔ
1291 949 1343 990 γὰρ
1357 950 1389 987 δὴ
1405 951 1482 990 μόνον
1497 951 1641 992 ἱερωσύνην
1653 954 1683 982 οὐ
1695 963 1781 992 προσ·-

1011 993 1115 1030 έλαὸεν,
1133 993 1201 1025 ἀλλὰ
1221 995 1266 1025 καὶ
1286 995 1425 1036 γενόμενος
1446 997 1609 1037 ἀκάθαρτος,
1629 999 1682 1027 τῶν
1700 1001 1780 1038 βασι-

1009 1039 1086 1069 λείων
1104 1039 1274 1078 ἕξιὸάλλετο,
1296 1042 1342 1071 καὶ
1359 1043 1404 1072 τὸν
1426 1043 1531 1073 ἅπαντα
1554 1045 1647 1084 χρόνον
1668 1045 1695 1074 ἕν
1714 1043 1780 1085 οἴκῳ

1010 1084 1060 1114 τινὶ
1082 1087 1258 1127 κεκρυμμένος
1279 1089 1410 1129 κατῴκει,
1433 1088 1482 1124 τὴν
1495 1089 1623 1130 αἰσχύνην
1637 1092 1667 1120 οὗ
1682 1090 1778 1131 φέρων.

1009 1132 1084 1162 Kal&
1091 1132 1154 1167 λαὸς
1163 1133 1192 1163 δὲ
1205 1134 1406 1171 συναπήλαυσεν
1416 1135 1484 1169 ἅπας
1494 1138 1542 1172 τῆς
1555 1134 1679 1171 τοιαύτης
1688 1138 1777 1177 ὀργῆς,

1009 1179 1050 1208 ὅτι
1069 1179 1129 1214 τοὺς
1143 1183 1189 1210 τοῦ
1207 1181 1277 1211 Θεοῦ
1297 1181 1391 1220 νόμους
1404 1183 1544 1222 περιεῖδον,
1560 1182 1610 1223 ,καὶ
1629 1182 1678 1219 τὴν
1698 1185 1777 1223 ἱερω-

1009 1224 1089 1262 σύνην
1111 1226 1282 1267 ὀὸριζομόνην
1301 1228 1349 1257 οὒκ
1371 1227 1533 1264 ἐξεδίκησαν.
1558 1228 1621 1263 Πῶς
1646 1225 1690 1260 οὗν
1713 1241 1776 1259 συν-

1009 1271 1146 1307 απήλαυσε
1160 1274 1207 1309 τῆς
1224 1275 1324 1314 ὀργῆς;
1339 1274 1387 1313 Τῷ
1407 1274 1454 1309 τὴν
1477 1275 1640 1315 προφητείαν
1661 1278 1775 1306 ἀναστα-

1008 1319 1085 1353 λῆναι
1096 1329 1102 1336 ·
1117 1318 1278 1359 ὀργιζόμενος
1290 1319 1342 1359 γὰρ
1363 1321 1451 1353 αὐτοῖς
1469 1323 1483 1350 ὁ
1505 1321 1574 1354 Θεὸς
1590 1321 1652 1362 περὶ
1674 1323 1777 1356 οὗδενὸς

1009 1363 1083 1394 οὗδὲν
1095 1364 1261 1405 ἀπεκρίνατο.
1275 1364 1344 1396 Ἀλλ’
1360 1367 1389 1395 οὔ
1406 1366 1484 1406 μέχρι
1501 1367 1598 1401 παντὸς
1610 1371 1688 1397 τοῦτο
1699 1369 1776 1398 ἐποί-

1008 1421 1081 1446 ησεν,
1107 1409 1174 1440 ἀλλὰ
1193 1412 1232 1451 τῷ
1251 1410 1340 1452 μέτρῳ
1358 1414 1408 1448 ,τῆς
1429 1414 1498 1448 ζωῆς
1518 1415 1564 1441 τοῦ
1581 1413 1710 1453 βασιλέως
1730 1414 1775 1444 καὶ

1010 1455 1105 1496 μέτρον
1127 1458 1174 1492 τῆς
1201 1456 1329 1497 τιμωρίας
1352 1457 1455 1497 ὥρισεν.
1476 1458 1562 1497 Ὁμοῦ
1588 1461 1650 1499 γοῦν
1675 1460 1774 1490 ἐκείνου

1009 1502 1206 1536 καταλύσαντος
1222 1502 1270 1539 τὴν
1291 1503 1370 1540 ζωὴν,
1384 1505 1429 1533 καὶ
1442 1507 1456 1534 ὁ
1470 1505 1538 1538 Θεὸς
1557 1505 1605 1542 τὴν
1620 1506 1701 1546 ὀργὴν
1721 1519 1773 1536 κα-

1009 1548 1102 1578 τέλυσι
1110 1570 1119 1585 ,
1130 1548 1175 1579 καὶ
1187 1548 1234 1583 τὰς
1248 1549 1328 1590 θύρας
1339 1549 1419 1579 πάλιν
1432 1552 1480 1586 τ’ἤς
1491 1552 1653 1591 προφητείας
1667 1552 1773 1593 ἀνέῳξε.

1009 1595 1096 1624 Τοῦτο
1105 1597 1166 1634 γοῦν
1179 1594 1354 1634 αἰνιττόμενος
1366 1598 1380 1625 ὁ
1393 1597 1530 1637 προφήτης
1542 1597 1688 1637 ἀνέμνησεν
1701 1601 1773 1638 ἡμᾶς

1009 1643 1054 1669 τοῦ
1067 1643 1159 1681 καιροῦ
1173 1642 1220 1676 τ’ῆς
1238 1642 1361 1677 τελευτῆς
1380 1645 1426 1671 τοῦ
1441 1643 1570 1682 βασιλέως
1583 1655 1589 1662 ·
1602 1643 1704 1684 ,διόπερ
1724 1637 1771 1674 οἱέ-

1008 1699 1060 1720 τως
1080 1687 1190 1727 ἄρχεται
1209 1688 1257 1723 τῆς
1276 1687 1451 1728 προφητείας,
1470 1689 1554 1729 λέγων
1565 1701 1572 1708 ·
1587 1689 1710 1730 Ἐγένιτο
1725 1694 1772 1720 τοῦ

1008 1733 1096 1770 ἔτους,
1106 1728 1137 1763 οἶ
1147 1732 1273 1763 ἀπέθανον
1284 1732 1374 1767 Ὀζίας
1388 1735 1402 1762 ὁ
1417 1735 1553 1773 βασιλεὺς,
1575 1732 1644 1766 εἶδον
1657 1736 1701 1766 τὸν
1716 1736 1772 1767 Κύ-

1009 1791 1063 1819 ριον
1084 1779 1238 1818 καθήμενον.
1261 1779 1355 1809 Καίτοι
1374 1792 1404 1819 γε
1424 1783 1439 1810 ὁ
1460 1780 1572 1821 Χριστός
1596 1794 1680 1823 φησι·
1702 1783 1772 1814 Θεὸν

1007 1825 1091 1859 οὐδεὶς
1108 1824 1207 1867 ἑᾷιρακι
1219 1823 1334 1855 nme·
1349 1825 1383 1854 ‘O
1403 1827 1543 1866 μονογενὴς
1557 1827 1636 1866 Υἱὸς,
1652 1831 1666 1858 ὁ
1679 1829 1716 1858 ὢν
1736 1831 1772 1863 εἰς

1007 1871 1051 1901 τὸν
1077 1870 1174 1901 κόλπον
1195 1874 1241 1900 τοῦ
1262 1872 1388 1911 Πατρὸς,
1416 1874 1512 1906 ἐκεῖνος
1535 1872 1692 1913 ἐξηγήσατο.
1717 1875 1771 1905 Καὶ

1007 1918 1103 1947 πάλιν·
1119 1918 1181 1958 Οὗχ
1201 1917 1241 1947 δτι
1261 1917 1306 1947 τὸν
1325 1918 1435 1958 Πατέρα
1452 1931 1492 1953 τις
1514 1919 1644 1960 ἑώρακεν,
1660 1922 1683 1950 εἷ
1703 1920 1742 1959 μὴ
1756 1923 1770 1950 ὁ

1007 1963 1044 1993 ὢν
1055 1963 1128 2004 παρὰ
1146 1965 1192 1993 τοῦ
1210 1963 1280 1993 Θεοῦ
1293 1975 1300 1982 ·
1314 1959 1387 1997 οἶτος
1408 1964 1507 2005 ἑώρακε
1522 1965 1566 1995 τὸν
1581 1966 1699 2006 Πατέρα.
1718 1966 1770 1996 Καὶ

1005 2009 1070 2050 πρὸς
1093 2009 1138 2039 τὸν
1157 2008 1274 2039 Maecia
1298 2010 1374 2044 αὐτός
1392 2022 1470 2050 φησιν
1482 2024 1489 2030 ·
1512 2012 1606 2045 Οὐδεὶς
1625 2012 1718 2052 ὄψεται
1739 2013 1770 2042 τὸ

1005 2055 1144 2095 πρόσωπόν
1164 2067 1232 2094 μου,
1253 2054 1298 2085 καὶ
1313 2056 1431 2091 ζήσεται.
1455 2058 1517 2091 Πῶς
1537 2053 1580 2086 οὖν
1594 2053 1669 2091 οὗτός
1690 2069 1769 2098 φησιν

1005 2102 1147 2143 ἑωρακέναι
1156 2101 1200 2131 τὸν
1214 2101 1329 2141 Κύριον;
1345 2097 1423 2132 Εἶδον
1436 2103 1496 2143 γὰρ,
1512 2103 1586 2143 φησὶ,
1597 2102 1642 2132 τὸν
1656 2104 1767 2144 Κύριον·

1005 2150 1052 2179 οὒκ
1063 2147 1167 2178 ἐναντία
1178 2151 1232 2181 τοῖς
1242 2151 1287 2176 τοῦ
1298 2149 1413 2187 Χριστοῦ
1425 2148 1518 2188 λέγων,
1530 2148 1599 2178 ἀλλὰ
1610 2149 1655 2179 καὶ
1667 2150 1768 2190 σφόδρα

1006 2193 1116 2235 συνῳδᾶ.
1126 2193 1160 2224 Ὁ
1174 2192 1221 2232 μὲν
1242 2192 1292 2232 γὰρ
1307 2194 1422 2233 Χριστὸς
1432 2194 1480 2230 τὴν
1497 2195 1593 2234 ἀκριὸἥ
1608 2195 1767 2231 κατανόησίν

1005 2251 1094 2281 φησιν,
1109 2239 1142 2276 ἣν
1159 2239 1242 2273 οὐδεὶς
1257 2235 1309 2269 εἶδε
1321 2253 1327 2259 ·
1342 2240 1445 2280 γυμνὴν
1458 2240 1509 2280 γὰρ
1530 2240 1579 2276 τὴν
1594 2240 1706 2276 θεότητα
1725 2242 1770 2272 καὶ

1005 2287 1135 2327 ἀκραιφνῆ
1149 2285 1197 2322 τὴν
1211 2285 1301 2315 οὐσίαν
1315 2286 1399 2319 οὐδεὶς
1417 2286 1553 2321 ἐθεάσατο,
1566 2286 1636 2323 πλὴν
1647 2289 1692 2317 τοῦ
1712 2289 1770 2317 Μο-

1005 2335 1139 2372 νογενοῦς·
1160 2334 1175 2361 ὃ
1192 2331 1219 2361 δὲ
1244 2331 1381 2372 προφήτης
1411 2332 1459 2368 τὴν
1477 2333 1549 2372 αὐτῷ
1573 2333 1685 2370 δυνατὴν
1707 2335 1770 2363 ἰδεῖν

1005 2378 1175 2418 ἀπαγγέλλει.
1191 2377 1260 2408 Οὖδὲ
1273 2377 1324 2417 γὰρ
1346 2377 1421 2411 αὐτὸς
1435 2377 1499 2418 ὅπερ
1513 2378 1583 2408 ἐστὶν
1597 2381 1611 2408 ὃ
1624 2379 1692 2412 Θεὸς
1706 2380 1769 2409 ἰδεῖν

1004 2424 1134 2461 ἠδυνήθη,
1157 2422 1225 2453 ἀλλὰ
1245 2423 1460 2463 σχηματισθέντα
1480 2424 1557 2454 αὐτὸν
1587 2428 1699 2465 θεωρεῖ,
1725 2425 1770 2454 καὶ

1003 2473 1126 2500 τοσοῦτον
1138 2468 1301 2505 καταὸἄντα,
1317 2468 1376 2498 ὅσον
1398 2469 1526 2505 ἀναὸἥναι
1545 2473 1562 2506 ἡ
1582 2474 1628 2500 τοῦ
1642 2473 1770 2510 θεωροῦν-

1004 2529 1046 2550 τος
1069 2515 1188 2546 ἀσθένεια
1209 2514 1312 2555 ἐχώρει.
1326 2514 1391 2544 Ὅτι
1411 2515 1462 2554 γὰρ
1485 2517 1515 2545 οὗ
1534 2516 1636 2555 γυμνὴν
1654 2512 1706 2546 εἶδε
1720 2516 1770 2552 τὴν

1003 2566 1131 2601 θεότητα,
1143 2564 1201 2594 οὔτε
1216 2563 1307 2601 αὐτὸς,
1327 2563 1387 2592 οὔτε
1406 2564 1483 2598 ἄλλος
1503 2565 1595 2601 οὐδεὶς,
1615 2566 1663 2595 ἀπ’
1683 2567 1770 2594 αὐτῶν

1004 2612 1039 2646 ὧν
1054 2614 1260 2655 ἀπαγγέλλουσιν
1288 2614 1406 2650 εὔδηλον.
1436 2611 1513 2645 Εἶδον
1534 2615 1600 2655 γὰρ,
1621 2616 1703 2655 φησὶ,
1726 2615 1769 2645 τὸν
