1890 2826
626 219 660 243 m
688 213 850 242 mmmmm
875 211 1006 235 cnms'rt
1031 213 1127 237 mem.

94 286 227 320 στεωςτὸν
239 285 357 324 ἄσταχυν
371 282 480 324 ἔθέρισε.
489 281 533 311 Τὰ
543 281 604 318 ἔθνη
616 280 646 310 τὸ
661 279 734 320 ῥόδον
746 274 861 307 eoo-5663<

94 334 226 372 ἀπέκειρε,
235 330 297 360 *καὶ
306 329 442 362 Ἰουδαίοις
455 330 472 364 ἡ
487 327 589 357 ἄκανθα
601 327 649 361 τῆς
662 322 785 355 ἀπιστίας
797 318 862 351 ἀπί-

95 389 191 418 μεινεν·
201 380 216 407 ὁ
229 375 331 409 νεοττὸς
343 373 448 410 ἀπέπτη
458 396 466 410 ,
477 373 522 403 καὶ
535 371 737 413 παρακάθηνται
747 370 771 398 οἱ
782 367 862 408 ἄφρο-

95 435 136 456 νες
152 425 186 462 τῇ
200 423 295 461 καλιᾷ·
309 419 357 457 τὴν
371 419 491 460 φυλλάδα
510 420 556 447 τοῦ
570 416 727 458 γράμματος
749 415 773 444 οἳ
797 414 864 442 Ἰου-

96 470 165 498 δαῖοι
178 466 364 508 ἑρμηνεύουσι,
375 465 437 495 ’καὶ
459 465 503 495 τὸν
525 463 626 504 καρπὸν
641 465 687 492 τοῦ
709 459 865 498 Πνεύματος

95 515 130 545 τὰ
142 514 202 551 ἔθνη
216 513 370 554 δρέπονται·
384 511 439 541 ἰδοὺ
452 513 470 547 ἡ
481 509 608 551 παρθένος
623 510 650 539 ἐν
669 507 765 548 γαστρὶ
777 506 863 546 λήψε-

97 572 150 590 ται.
173 559 242 590 Εἰπέ
264 570 325 598 μοι,
339 552 363 587 ὦ
383 558 509 594 Ἰουδαῖε,
533 555 591 586 εἰπέ
614 566 659 594 μοι
680 553 782 589 λοιπὸν,
807 551 866 581 τίνα

1586 204 1655 250 463

916 279 1005 311 gentes
1019 273 1082 303 fidei
1098 275 1166 306 falce
1178 284 1291 317 segetem
1305 285 1482 309 messuerunt.
1498 278 1597 308 Gentes
1611 289 1658 307 ro-

915 328 973 347 sam
994 319 1038 359 pie
1055 320 1253 362 decerpserunt,
1265 332 1290 354 et
1303 325 1377 365 apud
1394 324 1503 355 Judaeos
1525 323 1601 364 spina
1616 324 1658 352 in-

917 364 1083 396 credulitatis
1096 370 1222 400 remansit
1238 382 1245 399 :
1260 371 1354 411 pullus
1367 371 1497 407 avolavit,
1506 377 1531 400 et
1542 370 1659 399 assident

918 411 982 441 nido
1002 413 1077 443 stulti
1093 427 1100 443 2
1115 416 1180 446 folia
1191 417 1276 447 literae
1297 418 1506 458 interpretantur
1519 415 1619 452 Judaei,
1634 421 1661 445 et

916 457 1034 488 fructum
1057 461 1174 500 Spiritus
1195 470 1284 502 gentes
1303 463 1461 504 decerpunt.
1476 463 1553 492 Ecce
1575 463 1660 501 virgo

919 504 951 532 in
972 510 1054 534 utero
1077 508 1284 547 concipiet.Dic
1303 509 1371 538 mihi
1394 507 1501 544 Judaee,
1522 507 1568 537 dio
1592 506 1662 535 mihi

919 559 1011 589 porro,
1026 561 1106 589 quem
1125 553 1252 593 peperit?
1274 553 1343 584 Fide
1354 554 1434 591 mihi,
1446 553 1540 583 saltem
1556 559 1586 582 ut
1603 553 1662 582 He-

98 607 186 642 ἔτεκε;
200 603 342 645 Θοίῤῥησόν
357 615 418 643 μοι,
429 603 478 633 κᾶν
491 604 528 637 ὡς
547 604 586 643 τῷ
602 600 721 641 Ἡρώδῃ.
734 599 822 629 ΙῑἈλλ’
837 598 910 633 023³„
922 595 991 625 rodi.
1005 596 1059 626 Sed
1073 608 1124 627 non
1139 598 1213 628 fidis.
1230 598 1293 629 Scio
1307 611 1390 639 quam
1401 600 1435 629 ob
1449 610 1557 629 causam
1571 612 1577 628 :
1594 608 1662 639 pro—

99 654 211 693 θαρρεῖς.
220 647 289 681 Οἶδα
299 650 343 680 διὰ
352 650 379 679 τί
390 662 396 668 -
411 651 454 680 διὰ
465 648 515 684 τὴν
529 647 679 687 ἑπιὸουλήν.
694 646 805 686 Ἐκείνῳ
815 644 868 685 γὰρ
884 641 903 664 Α
921 649 980 682 pter
994 642 1114 673 insidias.
1130 644 1184 686 *Illi
1198 645 1270 674 enim
1283 645 1389 683 dixisti,
1404 652 1434 675 ut
1455 641 1518 675 eum
1532 644 1664 674 interfice-

99 693 245 733 εἷπας,ἰ’να
263 697 339 726 αὐτὸν
355 695 450 736 ἀνέλῃ·
465 695 525 734 ἐμοὶ
550 694 578 724 δὲ
602 695 631 724 οὗ
650 692 752 732 λέγεις,
764 691 809 721 ἵνα
830 691 868 731 μὴ
921 695 982 718 ret:
1003 688 1072 718 mihi
1091 700 1155 720 vero
1176 700 1230 720 non
1253 691 1332 727 dicis,
1347 698 1377 720 ut
1397 701 1430 721 ne
1453 701 1516 720 eum
1542 690 1662 719 adorem.

101 742 178 773 αὐτὸν
192 742 377 783 προσκυνήσω.
387 741 456 771 Τίνα
468 740 495 770 δὲ
510 739 599 776 ἔτεκες
613 739 682 769 Τίνα
690 737 761 775 ;Τὸν
768 737 870 768 Δεσπό*

100 801 149 825 την
162 791 210 824 τῆς
223 787 332 829 φύσεως.
349 787 407 818 Κᾶν
418 786 470 827 γὰρ
489 785 520 815 σὺ
546 791 660 825 σιωπᾷς,
674 787 691 821 ἡ
705 784 781 826 φύσις
804 786 868 824 βοᾷ·

101 835 174 865 ἔτεκε
185 835 250 875 γὰρ,
263 836 299 868 ὥς
312 837 326 864 ὁ
338 833 441 874 τεχθεὶς
461 834 589 872 τεχθῆναι
604 830 741 867 ἠθέλησεν.
756 832 797 861 Οὐ
819 829 870 870 γὰρ

102 882 153 911 ὑπὸ
163 884 212 917 τῆς
230 881 332 921 φύσεως
344 878 520 919 ἐπετρέπετο,
532 879 592 907 ἀλλ’
607 879 643 911 ὡς
664 877 803 913 Δεσπότης
823 879 871 913 τῆς

103 927 204 968 φύσεως
222 926 292 962 ξένον
315 927 363 961 τῆς
386 924 532 965 γεννήσεως
555 923 681 963 εἰσήγαγε
706 922 814 962 τρόπον,
828 921 872 952 ἵνα

105 973 190 1013 δείξῃ,
205 973 246 1003 ὅτι
257 971 303 1002 καὶ
320 972 456 1011 ἄνθρωπος
468 969 607 1010 γενόμενος
620 971 670 1009 οὐχ
689 971 724 1002 ὡς
738 969 873 1009 ἄνθρωπος

103 1019 237 1055 τίκτεται,
259 1019 317 1048 ἀλλ’
340 1020 376 1052 ὡς
391 1017 459 1050 Θεὸς
472 1021 605 1056 γεννᾶται.
618 1016 670 1045 Ἐκ
684 1014 814 1054 παρθένου
828 1009 873 1043 οὖν

104 1065 220 1106 σήμερον
238 1065 354 1104 προῆλθε
373 1062 535 1099 ’νικησάσης
559 1061 647 1102 φύσιν,
662 1060 814 1100 ὗπερὸάσης
826 1060 874 1100 γά-

105 1123 162 1150 μον.
174 1111 298 1150 Ἔπρεπε
311 1109 362 1149 γὰρ
375 1111 413 1149 τῷ
433 1111 481 1144 τῆς
491 1107 631 1147 ἆγιοσύνης
640 1106 767 1146 πρυτάνει
780 1107 811 1135 ἐκ
822 1118 874 1136 κα-
888 1109 906 1131 Β

105 1158 191 1196 θαρῶν
204 1155 250 1185 καὶ
264 1155 344 1195 ἁγίων
358 1155 494 1195 προελθεῖν
505 1154 598 1183 τόκων.
612 1152 696 1185 Αὐτὸς
709 1152 760 1192 γάρ
774 1153 845 1181 ἐστιν
859 1154 873 1182 ὃ

105 1203 189 1232 πάλαι
200 1203 230 1231 ἐκ
253 1201 382 1242 παρθένου
395 1203 443 1240 γῆς
465 1199 510 1229 τὸν
525 1198 607 1237 Ἀδὰμ
629 1197 750 1235 πλάσας,
774 1197 827 1227 ἀπὸ
845 1198 873 1227 δὲ

105 1253 152 1278 τοῦ
167 1247 252 1287 Ἀδὰμ
264 1248 324 1277 ἄνευ
346 1246 468 1287 γυναικὸς
480 1250 593 1286 γυναῖκα
608 1243 757 1285 μορφώσας.
767 1244 874 1284 “Ωσπερ

105 1294 157 1335 γὰρ
170 1296 184 1323 ὁ
194 1293 278 1333 Ἀδὰμ
287 1293 347 1323 ἄνευ
357 1292 479 1332 γυναικὸς
489 1295 601 1331 γυναῖκα
611 1290 730 1330 ἤνεγκεν,
744 1290 813 1320 οὕτω
829 1290 875 1319 καὶ

107 1341 223 1380 σήμερον
236 1342 253 1375 ἡ
267 1339 394 1379 παρθένος
411 1338 471 1367 ἄνευ
492 1336 584 1377 ἀνδρὸς
598 1337 680 1377 ἄνδρα
702 1337 799 1366 ἔτεκεν.
813 1335 873 1366 'Ave

107 1390 210 1427 θρωπος
229 1385 281 1426 γάρ
298 1386 372 1421 ἐστι,
397 1384 478 1424 φησὶ,
497 1383 541 1413 καὶ
564 1383 605 1416 τίς
623 1382 754 1423 γνώσεται
781 1382 874 1419 αὖτόν;

108 1432 219 1469 Ἐπειδὴ
233 1431 285 1471 γὰρ
297 1430 439 1471 ἐχρεώστει
451 1430 482 1459 τὸ
497 1433 644 1468 γυναικεῖον
660 1428 734 1468 γένος
755 1433 810 1462 τοῖς
831 1429 876 1457 ἄν·

107 1479 220 1519 θρώποις
232 1478 281 1515 τὴν
294 1477 382 1518 χάριν,
396 1478 432 1511 ὡς
451 1478 496 1506 τοῦ
512 1475 595 1515 Ἀδὰμ
619 1475 679 1504 ἄνευ
700 1474 822 1514 γυναικὸς
834 1487 876 1514 γυ-

106 1530 185 1555 ναῖκα
205 1524 417 1565 βλαστήσαντος,
442 1523 486 1552 διὰ
509 1525 586 1551 τοῦτο
610 1521 725 1560 σήμερον
748 1521 835 1551 ἔτεκεν
860 1523 876 1556 ἡ

107 1571 232 1611 παρθένος
256 1570 316 1599 ἄνευ
337 1569 446 1608 ἀνδρὸς,
460 1567 525 1608 ὑπὲρ
543 1569 591 1603 τῆς
613 1566 685 1600 Εὔας
709 1566 878 1596 ἓκτιννύουσα

108 1621 162 1649 τοῖς
176 1615 285 1656 ἀνδράσι
298 1614 329 1644 τὸ
342 1613 429 1654 χρέος.
446 1613 503 1642 Ἵνα
524 1613 575 1652 γὰρ
589 1611 626 1651 μὴ
643 1612 711 1651 μέγα
732 1612 848 1652 φρονήοῃ
863 1615 877 1642 ὁ

108 1662 212 1700 Ἀδὰμ,
239 1661 300 1690 ἄνευ
327 1659 449 1699 γυναικὸς
474 1658 488 1675 ⁶
501 1662 613 1698 γυναῖκα
642 1657 807 1696 βλαστήσας,
834 1658 877 1687 διὰ
893 1666 911 1689 c

109 1712 187 1738 τοῦτο
199 1707 245 1737 καὶ
259 1709 275 1742 ἠ
297 1705 424 1746 παρθένος
438 1705 499 1735 ἄνευ
521 1704 613 1744 ἀνδρὸς
627 1703 710 1743 ἄνδρα
723 1704 820 1740 ἔτεκεν,
834 1704 878 1734 ἵνα

109 1756 148 1794 τῷ
161 1755 240 1794 κοινῷ
248 1755 293 1782 τοῦ
304 1752 440 1790 ’θαύματος
449 1751 480 1779 τὸ
491 1749 618 1789 ὁμότιμον
627 1749 698 1789 δείξῃ
712 1752 759 1786 τῆς
768 1749 878 1790 φύσεως.

109 1799 216 1839 ’Ὠσπερ
230 1798 281 1838 γὰρ
296 1797 404 1827 ἀπὸτοῦ
419 1796 503 1835 Ἀδὰμ
519 1795 567 1831 τὴν
583 1795 697 1835 πλευρὰν
713 1797 819 1835 ἀφεῖλε,
834 1796 879 1826 καὶ

109 1845 155 1875 τὸν
167 1844 251 1883 Ἀδὰμ
267 1844 315 1874 οὒκ
331 1842 456 1882 ἐμείωσεν
469 1841 557 1872 οὐδέν·
571 1840 640 1871 οὕτω
654 1842 699 1870 καὶ
713 1843 739 1871 ἐν
754 1843 787 1882 τῇ
809 1854 878 1883 παρ-

111 1891 176 1932 θένῳ
188 1890 233 1920 καὶ
247 1889 291 1920 τὸν
305 1888 423 1929 ἔμψυχον
435 1891 446 1904 ²
455 1887 553 1917 ἔπλασε
567 1886 637 1922 ναὸν,
652 1887 696 1917 καὶ
709 1887 757 1923 τὴν
779 1892 880 1928 παρθε-

111 1936 168 1966 νίαν
187 1937 235 1966 οὐκ
252 1936 353 1966 ἔλυσεν.
368 1936 442 1967 Σῶος
455 1933 555 1973 ἔμεινεν
573 1935 587 1962 ὃ
601 1932 685 1972 Ἀδὰμ
699 1933 743 1962 καὶ
755 1934 822 1973 μετὰ
833 1934 881 1971 τὴν

112 1982 249 2023 ἀφαίρεσιν
263 1983 311 2017 τῆς
321 1982 437 2020 πλευρᾶς
446 1992 453 1998 ·
468 1980 580 2020 ἄφθορος
595 1979 682 2018 ἔμεινε
695 1979 740 2008 καὶ
754 1982 770 2016 ἡ
786 1980 882 2021 παρθέ-

111 2040 154 2062 νος
165 2027 233 2067 μιτὰ
243 2026 292 2063 τὴν
305 2026 415 2067 πρόοδον
429 2028 474 2055 τοῦ
488 2025 608 2065 βρέφους.
625 2024 677 2054 Διὰ
689 2029 766 2055 τοῦτο
785 2026 812 2056 δὲ
834 2028 882 2057 οὐκ

112 2073 257 2114 ἀλλαχόθεν
282 2074 368 2112 ἑαυτῷ
391 2071 453 2101 ναὸν
476 2070 704 2108 κατεσκευάσατο,
733 2072 792 2101 οὐδὲ
817 2073 883 2103 ἄλλο

112 2122 191 2159 σῶμα
203 2119 307 2152 πλάσας
324 2117 478 2153 ἐνεδύσατο,
491 2117 535 2146 ἵνα
548 2116 584 2155 μὴ
605 2116 666 2157 δόξῃ
687 2118 718 2147 τὸ
738 2121 784 2148 τοῦ
799 2119 884 2159 Ἀδὰμ
899 2134 918 2157 ῃ

112 2165 254 2206 ἐνυὸρίζειν
269 2163 386 2205 φύραμα.
402 2162 514 2199 Ἐπειδὴ
528 2163 580 2203 γὰρ
593 2164 738 2199 ἀπατηθεὶς
750 2166 765 2194 ὁ
778 2165 882 2205 ἄνθρω-

112 2223 161 2245 πος
171 2211 280 2251 ὄργανον
294 2209 384 2249 γέγονε
404 2212 450 2239 τοῦ
465 2208 603 2244 διαὸόλου,
615 2208 628 2226 ‘¹
637 2209 680 2239 διὰ
701 2213 779 2240 τοῦτο
803 2213 881 2242 αὐτὸν

113 2260 157 2290 τὸν
172 2257 394 2289 ὗποσκελισθέντα
413 2257 531 2298 ἔμψυχον
552 2258 718 2298 ἄνελάμὸανε
743 2260 814 2296 ναὸν,
838 2261 882 2290 ἵνα

115 2310 158 2340 διὰ
169 2309 218 2346 τὴν
233 2308 300 2349 πρὸς
320 2308 365 2338 τὸν
386 2306 554 2343 πεποιηκότα
569 2308 711 2349 συνάφειαν
730 2311 761 2340 ἐκ
783 2313 831 2347 τῆς
844 2316 889 2343 τοῦ
913 2315 915 2318 ’

148 2393 158 2404 ‘
174 2388 235 2422 Reg.
247 2391 285 2414 καὶ
292 2391 358 2422 παρὰ
369 2386 589 2418 bethlem-,Ilum-

148 2428 160 2447 θ’
176 2427 238 2460 [teg.
259 2430 297 2453 καὶ
309 2430 349 2452 τὸν
364 2429 480 2460 ἀκρίμονα
492 2429 532 2451 τοῦ
546 2427 673 2458 πνεύματος
684 2431 714 2453 τά
723 2431 774 2458 ι”θνη
783 2433 874 2462 βαστά-

118 2472 239 2538 gmitsslleg.
253 2506 305 2530 ἀλλ’
321 2506 347 2530 οὐ
363 2506 452 2538 vamba,-
463 2506 546 2535 ὶκιίνῳ.
560 2502 630 2528 Infra
646 2510 680 2537 μή
696 2510 755 2530 ante
770 2509 837 2533 αὐτόν
849 2506 874 2532 in

117 2543 234 2570 Editione
245 2542 332 2568 noret.
345 2541 429 2574 deest,
441 2540 485 2567 sed
495 2547 532 2566 est
542 2542 566 2566 in
579 2542 640 2576 Reg.
650 2543 686 2575 [et
698 2544 723 2569 in
735 2544 824 2580 Savil.]
833 2564 841 2575 .
851 2551 877 2572 et

117 2583 154 2609 sic
168 2581 308 2617 legendum.

152 2631 162 2641 ³
180 2623 241 2654 Reg.
255 2628 343 2650 νικήσας
358 2623 428 2654 φύσιν,
440 2622 537 2654 ὑπερθὰε
549 2625 630 2652 γάμον,
643 2629 694 2646 non
714 2622 786 2647 male.
801 2623 877 2649 Paulo

922 735 1074 772 Quemnam
1086 746 1151 765 vero
1164 737 1267 777 peperit
1275 737 1289 766 Ρ
1303 739 1453 775 Quemnam
1461 737 1476 766 ἒ)
1489 737 1597 775 Naturae
1610 737 1665 765 Do-

923 780 1039 810 minum.
1053 782 1127 811 Licet
1138 783 1210 811 enim
1223 789 1253 812 tu
1267 783 1358 820 sileas,
1373 783 1469 813 clamat
1485 789 1580 811 natura
1596 793 1603 810 :
1619 792 1666 821 pe—

924 827 993 867 perit
1005 828 1089 866 enim,
1105 835 1134 859 ut
1144 830 1233 859 voluit
1247 836 1324 870 partu
1335 829 1390 867 edi,
1405 829 1452 869 qui
1463 835 1543 869 partu
1555 835 1595 857 est
1608 827 1666 857 edi-

925 881 977 904 tus.
990 875 1051 904 Non
1065 875 1178 909 euimid
1198 887 1214 906 a
1227 883 1322 905 natura
1346 876 1561 916 permittebatur,
1575 873 1623 904 sed
1637 880 1667 903 ut

925 926 1026 949 naturae
1050 921 1184 951 Dominus
1203 921 1360 951 inusitatum
1386 921 1534 951 nativitatis
1555 920 1667 950 modum

923 965 1038 1003 invexit,
1054 975 1083 997 ut
1097 967 1218 997 ostendat
1240 978 1268 998 se
1290 968 1424 997 hominem
1446 968 1557 1004 factum,
1571 977 1623 996 non
1638 972 1668 995 ut

924 1011 1059 1042 hominem
1073 1021 1154 1053 partu
1175 1014 1229 1050 edi,
1246 1013 1294 1043 sed
1306 1021 1335 1043 ut
1347 1015 1435 1043 Deum
1448 1013 1532 1043 nasci·
1547 1014 1591 1043 Ex
1601 1013 1668 1043 Vir-

924 1058 986 1096 gine
999 1059 1083 1098 igitur
1098 1059 1180 1089 hodie
1200 1060 1312 1100 prodiit,
1327 1071 1386 1099 quae
1406 1067 1527 1089 naturam
1542 1059 1619 1096 vicit,
1641 1065 1668 1088 et

924 1105 1032 1145 nuptias
1058 1106 1205 1146 superavit.
1222 1107 1330 1136 Etenim
1353 1106 1498 1136 sanctitatis
1520 1106 1666 1146 Dispensa-

925 1151 976 1180 tori
996 1152 1181 1189 conveniebat,
1196 1160 1226 1182 ut
1246 1164 1314 1194 puro
1327 1160 1354 1183 et
1371 1160 1461 1184 sancto
1477 1159 1557 1193 partu
1573 1152 1602 1181 in
1623 1152 1667 1181 lu-

925 1207 981 1226 cem
991 1197 1124 1228 ederetur.
1139 1199 1201 1239 IPse
1208 1209 1323 1238 namque
1334 1206 1382 1235 est,
1394 1199 1440 1238 qui
1455 1205 1550 1228 eterra
1563 1197 1669 1237 virgine

925 1242 1060 1280 quondam
1073 1244 1199 1274 formavit
1212 1245 1355 1282 Adamum,
1369 1255 1404 1274 ex
1416 1244 1519 1274 Adamo
1533 1254 1600 1273 vero
1613 1243 1669 1273 sine

927 1289 1040 1318 muliere
1063 1291 1204 1321 mulierem
1231 1291 1394 1321 efformavit.
1418 1291 1494 1321 Sicut
1520 1290 1591 1320 enim
1612 1290 1670 1319 sine

928 1336 1042 1366 muliere
1067 1337 1181 1377 protulit
1207 1338 1347 1368 mulierem
1373 1337 1504 1373 Adamus,
1525 1337 1564 1366 sic
1588 1336 1669 1365 etiam

928 1383 1016 1422 Virgo
1026 1383 1083 1412 sine
1105 1383 1164 1413 viro
1179 1383 1314 1414 bominem
1346 1384 1427 1413 hodie
1448 1384 1563 1424 peperit.
1581 1383 1668 1412 Homo

928 1428 1000 1457 enim
1023 1436 1074 1466 est,
1101 1430 1199 1469 inquit,
1219 1437 1246 1459 et
1263 1431 1325 1469 quis
1346 1436 1485 1470 cognoscet
1507 1429 1588 1458 eum?
1599 1429 1669 1458 Nam

929 1475 1056 1512 quoniam
1076 1475 1232 1505 hominibus
1252 1487 1334 1516 genus
1354 1476 1487 1505 muliebre
1508 1474 1670 1504 beneficium

930 1519 1057 1558 debebat,
1077 1528 1168 1561 utpote
1193 1522 1267 1560 quod
1285 1522 1371 1552 Adam
1393 1522 1450 1552 sine
1473 1521 1586 1551 muliere
1607 1532 1669 1549 mu-

930 1565 1024 1594 lierem
1034 1566 1197 1605 produxerat
1213 1580 1219 1596 =
1236 1575 1375 1608 propterea
1388 1568 1464 1607 virgo
1481 1567 1539 1597 sine
1550 1567 1610 1597 viro
1621 1567 1671 1596 ho-

931 1613 975 1642 die
984 1613 1098 1653 peperit,
1111 1624 1142 1642 ac
1152 1623 1202 1653 pro
1215 1614 1275 1643 Eva
1289 1614 1411 1643 debitum
1422 1614 1477 1644 viri
1486 1614 1673 1654 persolvit.Ut

930 1669 1002 1687 enim
1016 1669 1068 1687 non
1088 1659 1239 1698 superbiret
1253 1659 1383 1696 Adamus,
1397 1659 1471 1698 quod
1484 1660 1540 1689 sine
1560 1659 1673 1688 muliere

932 1704 1074 1734 mulierem
1091 1704 1256 1745 protulisset,
1269 1705 1370 1735 idcirco
1381 1712 1408 1734 et
1426 1705 1524 1734 mulier
1540 1706 1598 1734 sine
1612 1705 1674 1735 viro

933 1751 1037 1791 peperit
1050 1752 1151 1787 viriun,
1172 1758 1203 1781 ut
1219 1751 1343 1781 miraculi
1366 1751 1552 1781 communione
1572 1758 1673 1780 naturae

934 1797 1111 1836 aequalitatem
1134 1797 1295 1828 ostenderet.
1314 1798 1383 1827 Nam
1396 1792 1624 1836 quemadmodum
1639 1797 1674 1826 ab

935 1843 1039 1874 Adamo
1053 1851 1152 1883 costam
1169 1844 1291 1882 abstulit,
1306 1850 1332 1873 et
1349 1843 1483 1873 Adamum
1501 1843 1572 1872 nihil
1583 1843 1674 1873 immi-

935 1891 995 1920 nuit
1010 1903 1016 1920 :
1032 1891 1105 1920 sicet
1115 1891 1143 1920 in
1157 1890 1274 1930 Virgine
1289 1891 1436 1919 animatum
1449 1889 1579 1929 templum
1592 1888 1675 1918 effin-

934 1937 986 1974 xit,
997 1943 1023 1966 et
1039 1936 1200 1977 virginatem
1220 1936 1330 1966 minime
1342 1936 1435 1965 solvit.
1451 1936 1549 1966 Salvus
1562 1941 1588 1964 et
1601 1935 1675 1964 inco-

935 1983 1018 2012 lumis
1024 1983 1149 2013 remansit
1161 1983 1241 2012 etiam
1254 1989 1314 2023 post
1326 1989 1404 2012 costae
1416 1982 1594 2022 privationem
1604 1980 1676 2010 Ada-

936 2040 996 2058 mus
1004 2041 1011 2057 τ
1020 2029 1173 2070 incorrupta
1186 2029 1265 2060 etiam
1274 2029 1352 2069 virgo
1365 2028 1521 2070 permansit,
1534 2035 1677 2068 postquam

936 2077 1023 2106 infans
1041 2088 1076 2106 ex
1089 2087 1119 2106 ea
1133 2077 1244 2117 prodiit.
1267 2076 1373 2110 Idcirco
1386 2084 1476 2106 autem
1495 2086 1549 2105 non
1567 2075 1678 2104 aliunde

936 2122 989 2152 sibi
1002 2123 1132 2163 templum
1141 2122 1284 2160 exstruxit,
1293 2133 1379 2161 neque
1389 2121 1465 2151 aliud
1474 2131 1571 2161 corpus
1580 2121 1677 2150 forma-

936 2175 995 2199 tum
1017 2169 1116 2207 induit,
1129 2179 1163 2199 ne
1183 2180 1297 2199 massam
1318 2168 1414 2198 Adami
1432 2167 1593 2198 contumelia
1615 2167 1679 2201 *affi-

936 2227 994 2246 cere
1005 2215 1151 2246 videretur.
1159 2217 1228 2246 Nam
1241 2215 1368 2255 quoniam
1381 2214 1508 2255 deceptus
1521 2212 1678 2250 homo,dia-

935 2262 992 2292 boli
1013 2262 1218 2292 instrumentum
1242 2262 1327 2291 factus
1350 2268 1416 2297 erat,
1430 2267 1568 2300 propterea
1588 2259 1678 2298 ipsum

934 2311 982 2351 qui
995 2311 1182 2351 supplantatus
1201 2310 1288 2339 fuerat
1298 2315 1434 2347 tamquam
1451 2307 1599 2336 animatum
1613 2311 1680 2333 tem-

922 2396 981 2424 post
992 2389 1058 2415 idem
1074 2392 1191 2425 προελθεῖν
1204 2389 1333 2415 παστάδων.

955 2431 969 2450 ¹¹
986 2430 1047 2463 Reg.
1066 2435 1158 2462 γυναῖκα
1172 2431 1267 2456 πλάσας.
1279 2427 1338 2451 Mox
1355 2423 1424 2449 idem
1442 2425 1564 2456 θαύματος,
1581 2423 1639 2455 δείξῃ
1653 2424 1680 2446 τὸ

923 2473 996 2496 καινὸν
1009 2474 1049 2499 τῆς
1061 2471 1151 2504 φύσεως.

956 2516 967 2528 ⁸·
983 2505 1088 2536 ἔπλασαν
1097 2511 1214 2541 ἄνθρωπον
1222 2506 1283 2538 Reg.

957 2547 971 2566 ‘¹
989 2548 1050 2580 ΗΕΒ.
1062 2550 1098 2573 διὰ
1118 2549 1184 2572 τοῦτο
1200 2548 1255 2570 αὐτὸ
1271 2548 1297 2569 τὸ
1314 2546 1388 2568 δοκοῦν
1404 2544 1507 2576 ὄργανον,
1520 2543 1619 2572 ἑμψυχον
1631 2541 1681 2563 ἀνέ-

928 2590 981 2613 λαὸε
993 2591 1052 2617 vz'ov,
1066 2589 1100 2612 ἵνα
1111 2588 1146 2612 διὰ
1157 2591 1197 2614 τῆς
1211 2587 1333 2617 συναφείας.
