1890 2826
607 217 767 240 SYNoPsts
794 217 982 240 SCRIPTURAE
1007 218 1118 242 SACRAE
1125 234 1131 241 .

88 278 191 316 τέο-τιν,
206 280 237 309 ἐκ
245 281 291 308 τοῦ
304 278 435 317 στόματος
445 280 491 307 τοῦ
504 278 620 315 λέοντος,
633 278 677 308 καὶ
694 280 723 307 ἐκ
738 279 854 318 σκληροῦ

87 325 147 354 ἀντὶ
157 328 204 354 τοῦ
217 327 312 365 πικροῦ
326 324 418 363 γλυκύ.
436 324 490 354 Καὶ
501 324 632 365 ὑπέσχετο
641 347 648 360 ,
664 327 686 354 εἰ
704 324 836 354 ἐπιλύσειε
844 346 852 360 ,

87 370 179 400 δώσειν
193 372 280 405 αὐτοῖς
291 370 433 410 τριάκοντα
443 371 572 407 σινδόνας,
584 371 630 400 καὶ
641 370 782 410 τριάκοντα
796 382 853 400 στο-

85 416 132 450 λάς
141 428 149 435 ·
165 418 188 446 εἰ
202 417 230 446 δὲ
242 416 279 456 μὴ
293 415 434 454 δυνηθείἒν,
449 417 606 453 ἄκαιτήσειν
619 417 712 450 αὐτοὺς
724 420 848 446 τοσαῦτα.

85 461 132 495 Ὡς
146 463 173 492 δὲ
187 463 343 503 διηπόρουν,
365 464 410 493 καὶ
432 465 482 504 οὐχ
498 464 627 503 εὕρισκον,
648 463 795 500 ἠπείλησαν
817 465 851 502 τῇ

83 508 188 547 γυναικὶ
207 510 287 539 αὐτοῦ
301 509 426 545 θάνατον,
440 511 463 539 εἷ
484 509 521 549 μὴ
544 509 622 549 μάθοι
641 511 704 549 παρ’
724 511 803 538 αὐτοῦ
821 509 852 539 τὸ

84 554 208 594 αἴνιγμα·
232 558 250 590 ἡ
267 555 303 589 ,δὲ
324 557 460 594 μαθοῦσα,
485 556 644 595 ἀπήγγειλεν
678 558 780 590 αὐτοῖς,
806 554 851 583 καὶ

82 600 199 634 εἰπόντες
209 601 314 631 ἔλαθον.
328 602 456 642 Ὠργίσθη
466 601 495 631 δὲ
508 605 522 631 ὁ
536 602 666 642 Σαμψών.
676 602 711 632 ‘O
723 601 750 631 δὲ
761 601 850 642 πατὴρ

81 648 130 682 ῑιῆς
142 646 245 687 νύμφης
258 647 362 684 δείσας,
372 647 462 677 λαὸὼν
483 648 565 685 αὐτὴν
579 649 660 678 ἔδωκε
671 647 684 664 ¹'
692 650 731 688 τῷ
744 660 849 687 νυμφα-

80 694 161 733 γωγῷ
174 693 269 723 αὐτοῦ·
287 697 364 723 τοῦτο
383 694 411 723 δὲ
425 696 526 733 μᾶλλον
539 694 618 724 αὐτὸν
640 694 771 730 ἐλύπησεν
782 717 790 730 ,
805 694 853 737 καί

82 738 171 768 λαὸὼν
184 740 349 780 τριακοσίους
360 741 515 777 ἀλώπεκας,
529 741 574 770 καὶ
587 740 728 779 λαμπάδας
744 740 850 770 ὄπισθεν

82 786 168 814 αὐτῶν
182 785 288 826 ἐξάψας,
304 789 403 826 ἀφῆκεν
417 789 453 820 εἰς
470 787 504 816 τὰ
521 787 600 816 πεδία
611 789 664 816 τῶν
679 786 832 826 ἀλλοφύλων
842 798 849 805 ·

74 832 116 864 ὡς
130 831 157 860 δὲ
168 832 321 872 ἐνεπύρισεν
340 834 426 862 αὐτῶν
442 833 476 862 τὰ
496 832 662 873 σταχυοφόρα
675 831 770 868 πεδία,
791 832 846 861 ἐνέ-

78 889 187 918 πρησαν
199 880 293 908 ἐκεῖνοι
303 879 352 916 τὴν
365 879 449 909 οἰκίαν
460 881 507 915 τῆς
522 880 625 920 νύμφης
639 881 697 919 μετ’
710 882 791 915 αὐτῆς
803 879 848 908 καὶ

79 927 125 954 τοῦ
138 925 238 965 πατρὸς
257 927 346 962 αὐτῆς.
368 925 438 956 Οὐδὲ
459 926 551 955 τούτου
571 925 710 965 γενομένου
732 926 846 965 ἐχάλασε

81 971 130 1007 τὴν
149 971 229 1011 ὀργὴν
245 974 260 1001 ὁ
272 972 392 1012 Σαμψὼν
402 994 411 1008 ,
426 973 484 1002 ἀλλ’
499 972 538 1002 ἔτι
559 972 684 1011 ἐπολέμει
699 974 796 1005 αὐτοῖς.
811 973 847 1002 Οἱ

75 1017 107 1047 δὲ
127 1017 342 1057 παραταξάμενοι
362 1018 431 1048 κατὰ
452 1022 498 1048 τοῦ
520 1018 647 1058 Ἰσραὴλ,
662 1019 706 1047 τὸν
726 1018 846 1058 Σαμψὼν

78 1063 198 1100 ἐζήτουν·
213 1064 339 1100 δήσαντες
360 1065 436 1094 αὐτὸν
458 1066 481 1094 οἱ
503 1066 668 1104 Ἰσραηλῖται
689 1065 846 1105 παρέδωκαν

76 1113 131 1142 τοῖς
145 1110 256 1150 ἐχθροῖς.
271 1109 306 1139 ‘O
329 1110 356 1139 δὲ
376 1110 410 1139 τὰ
430 1110 515 1149 δεσμὰ
529 1110 684 1151 διαρρήξας,
706 1111 750 1140 καὶ
764 1112 846 1151 εὑρὼν

73 1154 186 1194 σιαγόνα
199 1156 268 1190 ὄνου,
282 1155 383 1195 χιλίους
399 1156 549 1186 ἀπέκτεινεν
563 1157 589 1185 ἓν
606 1158 683 1196 αὐτῇ.
699 1157 752 1186 Καὶ
766 1158 846 1198 διψή-

76 1212 125 1234 σας
138 1201 236 1236 ηὔξατο
248 1204 287 1241 τῷ
301 1203 373 1242 Θεῷ,
388 1202 433 1231 καὶ
446 1202 553 1237 ἐξῆλθεν
569 1202 640 1243 ὕδωρ
654 1204 684 1232 ἐκ
694 1206 741 1239 τῆς
753 1203 845 1242 σιαγό-

41 1271 46 1278 .
73 1259 127 1282 νος,
141 1248 187 1276 καὶ
199 1248 279 1277 ἔπιεν.
293 1243 393 1277 ΊἮλθεν
410 1249 507 1277 ἐκεῖθεν
521 1250 557 1281 εἷς
568 1253 679 1287 γυναῖκα
693 1249 792 1288 πόρνην
810 1250 847 1283 εἷς

76 1293 173 1328 Γάζαν,
185 1294 229 1322 καὶ
243 1294 456 1334 περιεκύκλωσαν
471 1293 549 1323 αὐτὸν
560 1297 585 1324 οἱ
598 1294 702 1334 ἐχθροί·
714 1297 728 1324 ὁ
740 1295 767 1324 δὲ
778 1295 846 1325 κατὰ

74 1340 105 1368 τὸ
127 1339 296 1378 μεσονύκτιον
319 1340 408 1370 λαὸὼν
431 1340 478 1374 τὰς
495 1341 580 1374 πύλας
602 1343 649 1376 τῆς
669 1340 785 1382 πόλεως,
801 1342 846 1371 καὶ

75 1385 127 1418 θεὶς
140 1386 248 1415 ἐπὶτῶν
263 1385 343 1425 ὤμων
354 1386 470 1422 ἐξῆλθεν.
485 1386 605 1426 Ἠράσθη
621 1386 688 1426 μετὰ
701 1390 785 1416 ταῦτα
796 1400 845 1427 γυ-

71 1431 162 1464 ναικός
172 1443 242 1465 τινος
255 1435 266 1448 ⁰
277 1435 291 1462 ὃ
304 1433 425 1472 Σαμψὼν
441 1432 551 1471 ὀνόματι
570 1433 702 1469 Δαλιδᾶς,
718 1433 763 1462 καὶ
782 1433 845 1462 ἔλακ

74 1477 119 1505 &ev
133 1477 215 1514 αὐτὴν
228 1480 262 1511 εἷς
271 1483 392 1518 γυναῖκα.
404 1478 498 1518 Ταύτῃ
514 1478 541 1507 δὲ
554 1478 699 1518 ὑπέσχοντο
712 1480 736 1508 οἳ
749 1479 845 1519 σατρά-

74 1534 123 1552 παι
135 1525 187 1552 τῶν
202 1524 354 1564 ἀλλοφύλων
367 1525 467 1564 χιλίους
481 1525 526 1554 καὶ
549 1525 641 1554 ἑκατὸν
658 1525 794 1565 ἀργυρίους
804 1549 810 1562 ,
821 1528 844 1555 εἷ

75 1567 153 1605 μάθοι
167 1571 230 1608 παρ’
250 1571 347 1606 αὐτοῦ,
365 1572 421 1603 πῶς
442 1570 472 1599 ἂν
492 1571 716 1610 εὖκαταγώνιστος
730 1570 839 1610 γένοιτο.

74 1613 121 1646 Ὡς
134 1613 162 1642 δὲ
176 1615 299 1654 ἐπειρᾶτο
309 1619 412 1654 μαθεῖν,
425 1616 456 1645 τὸ
471 1616 518 1655 μὲν
532 1618 638 1656 πρῶτον
650 1617 731 1652 αὐτὴν
742 1617 842 1653 ἠπάτα·

72 1659 147 1692 τέλος
161 1659 204 1695 δὲ,
227 1662 263 1694 ὡς
284 1662 477 1701 κατειργάσατο
491 1662 586 1698 αὐτὸν,
606 1658 678 1692 εἶπεν
704 1664 770 1703 αὐτῇ
794 1663 842 1699 τὴν

73 1705 207 1741 ἀλήθειαν,
219 1705 260 1735 ὅτι
274 1706 318 1736 ἐάν
330 1719 369 1740 τις
381 1709 460 1736 αὐτοῦ
472 1707 589 1747 περιέλοι
600 1706 659 1740 τοὺς
672 1708 841 1748 βοστρύχους,

71 1751 220 1787 ἀσθενήσει.
238 1751 274 1781 ‘H
294 1752 321 1781 δὲ
335 1752 471 1782 καλέσασα
483 1752 543 1786 τοὺς
562 1753 715 1792 σατράπας,
729 1753 774 1782 καὶ
787 1765 840 1782 κοι-

73 1797 182 1835 μήσασα
205 1798 281 1827 αὐτὸν
290 1820 299 1834 ,
321 1798 429 1834 ἐποίησε
451 1798 615 1838 ξυρισθῆναι,
637 1797 682 1827 καὶ
703 1798 841 1834 ἠσθένησε.

71 1843 125 1872 Καὶ
148 1844 272 1877 λαὸόντες
293 1843 370 1874 αὐτὸν
395 1846 419 1873 οἱ
444 1844 605 1885 ἀλλόφυλοι,
625 1844 777 1884 ἐτύφλωσαν
796 1844 840 1874 καὶ

70 1889 193 1919 ἐνέὸαλον
214 1891 250 1923 εἷς
261 1890 291 1919 τὸ
305 1890 494 1930 δεσμωτήριον.
511 1890 585 1924 Οῑὲδὲ
600 1890 781 1930 ηὖφραίνοντο,
796 1890 841 1919 καὶ

70 1933 197 1974 ἐξήγαγον
212 1935 290 1964 αὐτὸν
304 1936 334 1964 ἐκ
355 1937 401 1964 τοῦ
416 1934 608 1974 δεσμωτηρίου,
621 1936 658 1967 εἷς
669 1934 700 1963 τὸ
714 1933 840 1973 ἐμπαῖξαι

49 1995 52 1997 ·
70 1981 156 2020 αὐτῷ·
175 1982 189 2009 ὁ
207 1980 234 2009 δὲ
253 1980 346 2020 πικρὸν
357 1980 496 2017 στενάξας,
512 1980 557 2009 καὶ
570 1982 616 2009 τοῦ
628 1980 726 2020 Κυρίου
741 1979 840 2016 δεηθεὶς

68 2025 136 2055 ὥστε
161 2027 298 2066 ἐνισχῦσαι
322 2026 400 2055 αὐτὸν
410 2048 417 2061 ,
440 2028 492 2055 τῶν
514 2026 606 2056 κιόνων
627 2026 772 2065 λαῧόμενος
792 2028 838 2055 τοῦ

68 2071 149 2106 οἴκου,
163 2072 208 2101 καὶ
221 2072 405 2109 διασαλεύσας,
417 2072 563 2111 κατήνεγκε
575 2072 620 2101 τὸν
634 2067 704 2101 οἶκον
720 2071 765 2101 ἐπὶ
778 2071 838 2104 τοὺς

1577 216 1643 259 401

907 278 960 307 sibi
982 279 1147 309 tantumdem
1166 280 1269 311 darent.
1285 284 1323 312 Ut
1342 290 1432 312 autem
1446 283 1488 313 illi
1503 284 1650 324 haerebant‚

906 330 932 353 et
946 325 1149 364 explicationem
1161 337 1213 356 non
1227 329 1404 368 reperiebant,
1417 331 1495 359 uxori
1505 331 1563 370 ejus
1573 343 1648 361 com-

907 369 1000 399 minati
1020 378 1082 399 sunt
1105 379 1227 410 mortem,
1251 374 1303 404 nisi
1323 375 1420 404 abillo
1442 376 1647 415 explicationem

905 415 1052 454 aenigmatis
1077 416 1205 447 edisceret
1220 431 1228 456 ς
1253 430 1314 449 cum
1334 420 1471 450 didicisset
1497 421 1555 458 illa,
1582 423 1650 463 ipsis

905 461 1073 491 annuntiavit
1081 470 1122 491 aet
1131 474 1192 492 cum
1206 464 1281 494 illam
1291 466 1497 506 explicationem
1504 468 1646 507 dixissent,

905 506 1018 545 pignora
1032 516 1200 548 acceperunt.
1215 511 1373 551 Indignatus
1387 520 1425 542 est
1445 514 1585 554 Sampson.
1597 517 1648 545 Pa·-

904 558 945 581 ter
965 559 1054 581 autem
1075 564 1178 593 sponsae
1197 563 1334 594 metucns,
1358 558 1434 587 illam
1457 561 1580 598 pronubo
1598 571 1648 590 suo

904 597 979 626 dedit
991 611 998 627 τ
1013 598 1043 628 id
1057 600 1130 638 quod
1149 602 1233 641 magis
1246 603 1419 642 Sampsonem
1432 606 1610 643 contristavit,
1623 614 1649 636 et

903 645 1016 684 arreptis
1024 646 1154 686 vulpibus
1165 649 1300 685 trecentis,
1315 650 1539 690 lampadibusque
1549 663 1563 681 a
1573 659 1649 693 tergo

903 699 997 719 eorum
1010 692 1139 729 accensis,
1154 693 1243 723 emisit
1256 694 1284 723 in
1298 705 1406 736 campos
1419 697 1628 737 alienigenarum
1637 711 1645 727 z

903 742 933 765 ut
946 744 1034 766 autem
1054 746 1214 778 campestres
1234 751 1329 770 eorum
1349 752 1447 771 messes
1459 743 1588 781 incendit,
1604 745 1647 774 illi

902 791 1005 821 sponsae
1014 783 1125 812 domum
1142 795 1204 814 cum
1215 785 1260 825 ipa
1269 797 1365 826 sponsa
1373 794 1399 816 et
1412 795 1488 828 patre
1504 788 1563 828 ejus
1575 800 1648 819 com-

902 828 1056 858 busserunt.
1068 831 1162 869 Neque
1174 831 1226 860 hoc
1232 833 1301 861 sacto
1313 833 1415 863 sedavit
1426 834 1493 863 iram
1504 836 1646 875 Sampson,

903 874 951 902 sed
962 874 1053 904 adhuc
1064 877 1238 916 oppugnabat
1248 888 1303 907 eos.
1314 879 1359 907 Illi
1365 889 1428 908 vero
1438 879 1565 910 instructa
1580 892 1647 910 con-

902 926 943 948 tra
949 921 1075 950 Israelem
1083 922 1148 958 acie,
1157 924 1330 963 Sampsonem
1342 926 1477 964 petebant,
1491 926 1571 956 illum
1581 939 1647 958 vero

866 966 885 989 C
902 966 1022 995 vinctum
1043 967 1165 997 hostibus
1191 970 1358 1000 tradiderunt
1378 973 1516 1002 Israelitae.
1545 975 1648 1004 Fractis

900 1012 948 1041 ille
962 1013 1088 1049 vinculis,
1098 1025 1160 1043 cum
1173 1015 1316 1045 invenisset
1329 1017 1468 1047 maxillam
1478 1019 1557 1056 asini,
1570 1021 1647 1050 mille

901 1069 961 1087 cum
985 1059 1033 1088 illa
1047 1060 1120 1089 viros
1139 1061 1245 1090 occidit.
1268 1064 1390 1102 Cumque
1403 1065 1449 1093 siti
1467 1066 1644 1106 affligeretur,

901 1111 1024 1143 precatus
1041 1113 1079 1134 est
1096 1107 1194 1143 Deum,
1214 1115 1240 1137 et
1253 1110 1338 1139 exivit
1359 1121 1428 1149 aqua
1441 1122 1474 1141 ex
1488 1113 1599 1141 maxilla
1618 1121 1644 1142 et

900 1150 979 1180 bibit.
995 1151 1061 1180 Inde
1074 1154 1146 1182 venit
1159 1154 1194 1182 ad
1206 1157 1373 1186 meretricem
1387 1159 1528 1188 mulierem
1547 1160 1574 1189 in
1590 1161 1645 1190 Ga-

899 1207 968 1233 zam,
984 1197 1128 1236 ipsumque
1141 1199 1230 1230 hostes
1251 1202 1504 1233 circumdederunt:
1521 1206 1568 1235 ille
1579 1217 1644 1236 vero

899 1242 988 1271 media
1001 1250 1077 1272 nocte
1091 1244 1200 1274 eductas
1214 1248 1289 1277 urhis
1301 1256 1390 1288 portas
1398 1250 1536 1290 imponens
1547 1252 1643 1281 hume-

899 1287 938 1316 ris
966 1288 1034 1325 suis,
1064 1289 1141 1318 abiit.
1166 1290 1309 1322 Adamavit
1335 1301 1395 1334 post
1420 1295 1477 1324 haec
1502 1297 1644 1326 mulierem

898 1333 1042 1371 quamdam
1052 1336 1162 1365 Samson
1174 1338 1300 1368 Dalidam
1310 1341 1428 1377 nomine,
1438 1349 1464 1371 et
1472 1343 1575 1382 accepit
1585 1354 1643 1373 eam

897 1379 925 1408 in
945 1391 1068 1410 uxorem.
1094 1383 1164 1412 Huic
1183 1385 1364 1423 promiserunt
1384 1394 1495 1428 satrapae
1513 1389 1643 1429 alienige-

862 1438 882 1460 „
898 1436 992 1454 narum
1008 1427 1084 1456 mille
1107 1435 1132 1457 et
1146 1436 1252 1459 centum
1266 1440 1414 1471 argenteos,
1432 1434 1454 1462 si
1468 1435 1502 1463 ab
1515 1435 1574 1474 ipso
1583 1435 1642 1464 cdi-

896 1479 990 1509 sceret,
1016 1483 1070 1511 quo
1095 1482 1171 1513 pacto
1192 1485 1348 1516 expugnatu
1369 1479 1456 1508 facilis
1471 1480 1550 1509 foret.
1574 1482 1643 1510 Cum

897 1524 985 1546 autem
1000 1518 1047 1547 illa
1060 1519 1088 1547 id
1102 1520 1219 1550 ediscere
1225 1530 1376 1560 conaretur,
1387 1525 1592 1564 primoquidem
1605 1526 1640 1555 il-

897 1564 949 1593 lam
963 1564 1113 1604 decipiebat
1129 1579 1136 1595 τ
1152 1567 1273 1605 demum,
1286 1580 1348 1598 cum
1362 1570 1515 1610 importune
1528 1572 1576 1600 illa
1598 1572 1643 1600 in-

896 1611 1010 1646 sisteret,
1034 1612 1171 1640 veritatem
1196 1613 1247 1652 ipsi
1270 1615 1428 1652 enuntiavit,
1444 1627 1539 1656 nempe
1560 1627 1597 1653 se,
1619 1617 1642 1646 si

896 1655 958 1692 quis
979 1655 1031 1684 sibi
1050 1656 1162 1695 capillos
1182 1659 1310 1695 auferret,
1326 1659 1463 1690 infirmum
1483 1672 1639 1692 evasurum.

896 1702 943 1730 llla
967 1702 1083 1732 evocatis
1107 1704 1231 1743 satrapis,
1257 1715 1330 1747 cum,
1349 1706 1429 1735 illum
1454 1707 1489 1736 ad
1517 1718 1642 1738 somnum

895 1747 1037 1776 inductum
1062 1748 1167 1777 tonderi
1194 1757 1320 1786 curasset,
1346 1751 1483 1781 infirmum
1509 1753 1639 1783 reddidit.

894 1795 987 1833 Ipsum
995 1804 1058 1823 vero
1072 1802 1182 1834 captum
1192 1795 1347 1835 alienigenae
1355 1806 1531 1835 excaecarunt,
1545 1807 1569 1829 et
1577 1800 1641 1840 inje-

893 1847 988 1869 cerunt
1007 1840 1034 1869 in
1050 1851 1192 1870 carcerem.
1209 1842 1257 1871 Illi
1270 1853 1334 1871 vero
1348 1843 1517 1883 laetabantur,
1532 1852 1558 1874 et
1572 1846 1641 1875 edu-

893 1893 991 1915 xerunt
1008 1897 1070 1916 eum
1083 1897 1117 1916 ex
1137 1897 1251 1924 carcere,
1271 1896 1302 1918 ut
1322 1889 1373 1929 ipsi
1394 1891 1549 1922 illuderent.
1564 1893 1642 1922 Sam-

858 1939 877 1962 Ε
893 1942 960 1971 pson
984 1939 1074 1962 autem
1097 1933 1191 1963 acerbe
1210 1934 1397 1973 ingemiscens,
1417 1947 1479 1965 cum
1493 1937 1641 1967 Dominum

893 1985 1010 2018 rogasset
1034 1985 1064 2008 ut
1076 1978 1129 2008 sibi
1151 1979 1223 2009 vires
1244 1980 1358 2019 inderet,
1379 1983 1492 2023 arreptis
1509 1983 1640 2013 columnis

893 2026 989 2055 domus
1010 2026 1095 2064 iisque
1109 2027 1254 2065 concussis,
1281 2028 1393 2058 domum
1412 2029 1530 2059 decussit
1554 2031 1581 2059 in
1596 2042 1640 2060 sa-

892 2080 991 2112 trapas,
1006 2074 1034 2102 in
1046 2073 1165 2113 seipsum
1183 2081 1208 2103 et
1223 2074 1250 2103 in
1263 2075 1348 2104 alium
1362 2076 1494 2116 populum
1509 2077 1637 2115 multum,

870 458 889 481 B

67 2117 204 2157 σατράπας
227 2118 272 2147 καὶ
293 2118 383 2147 ἑαυτὸν
411 2118 456 2147 καὶ
476 2117 563 2158 ἕτερον
585 2117 648 2147 λαὸν
673 2117 769 2153 πολὺν,
791 2117 836 2147 καὶ
847 2141 883 2162 ³4³
892 2119 1036 2158 pluresque
1049 2126 1113 2148 tunc
1123 2120 1222 2149 mortui
1237 2128 1300 2149 sunt
1310 2132 1391 2159 quam
1413 2122 1471 2161 ipse
1485 2122 1580 2152 vivens
1591 2134 1637 2152 oc-

575 2165 583 2175 c
611 2166 618 2176 ι

659 2166 764 2175 qu.-

66 2209 143 2237 Μετὰ
163 2212 247 2238 ταῦτα
262 2209 496 2248 ’ἐπιστρατεύουσιν
518 2211 541 2238 οἱ
563 2211 592 2238 ἐκ
608 2211 656 2247 τῆς
671 2210 753 2249 φυλῆς
766 2209 835 2244 Aaou,

22 2250 23 2253 Ἴ
65 2254 110 2283 καὶ
123 2255 217 2284 ἔλαόον
231 2254 279 2290 τὴν
294 2254 395 2284 Ααϊσὰν
404 2278 412 2291 ,
430 2254 475 2284 καὶ
491 2254 664 2293 ἐπωνόμασαν
679 2255 776 2290 αὐτὴν,
790 2254 835 2283 καὶ

65 2300 179 2336 ἔστησαν
192 2302 246 2330 ἐκεῖ
258 2301 372 2340 γλυπτὸν
383 2300 517 2340 λατρείαν.
535 2301 611 2341 Ἀνὴρ
626 2301 750 2336 Λευίτης,
765 2301 836 2340 ὀργι-

96 2392 110 2411 b
127 2398 162 2425 Τῷ
174 2398 314 2426 νυμφαγωγῷ
335 2394 410 2417 αὑτοῦ.
423 2389 586 2423 Septuaginta
604 2393 635 2417 ἑνὶ
647 2397 691 2417 τῶν
702 2394 769 2425 φίλων
781 2394 824 2417 αὖ·

67 2433 114 2456 τοῦ.
128 2429 195 2455 Alius
211 2431 280 2463 cujus
295 2439 387 2456 nomen
401 2435 497 2455 tacetur
507 2430 533 2455 in
544 2429 664 2462 Hexaplis
679 2431 771 2455 nostris
783 2431 824 2462 ⁴5,

64 2470 88 2501 2,
102 2472 132 2495 §vt
143 2476 187 2496 τῶν
203 2474 337 2505 συνεταίρων
353 2473 429 2496 αὐτοῦ.
444 2470 571 2494 Incertum
587 2477 618 2494 nn
630 2468 826 2502 Chrysostomus

14 2504 16 2506 ’
63 2506 90 2532 in
112 2508 246 2541 exemplari
264 2517 309 2533 suo
327 2515 472 2544 νυμφαγωγὸν
492 2507 617 2540 habuerit,
634 2516 665 2533 ex
683 2507 767 2542 aliquo
785 2509 826 2533 in-

62 2553 87 2572 tc
96 2553 178 2579 rprete
187 2546 338 2580 desumtum,
352 2557 412 2573 num
424 2556 483 2573 vero
495 2549 545 2580 ipse
555 2556 602 2580 pro
615 2551 746 2583 συνεταίρῳ,
759 2546 826 2573 scili-

60 2592 101 2610 cet
112 2595 142 2611 ex
155 2595 259 2612 numero
268 2588 387 2621 tringinta
397 2587 505 2618 illorum,
516 2587 558 2619 qui
570 2587 681 2620 sponsali
694 2586 741 2612 bus
750 2588 829 2613 inter-

63 2629 162 2654 fuerant
170 2647 176 2659 ,
196 2633 341 2662 νυμφαγωγὸν
364 2626 534 2660 appellaverit.
559 2628 568 2659 [
588 2627 668 2659 Supra
698 2631 829 2657 otum-emm

890 2218 973 2248 erant,
990 2213 1149 2249 La'isamque
1174 2211 1283 2252 capiunt
1295 2219 1321 2241 et
1345 2213 1398 2252 ipsi
1409 2223 1506 2242 nomen
1531 2213 1637 2243 indide-

889 2265 951 2286 runt
965 2269 972 2286 :
988 2263 1189 2296 statueruntque
1212 2257 1250 2286 ibi
1264 2259 1389 2298 sculptile
1409 2259 1562 2289 colendum.
1580 2260 1633 2290 Vir

888 2301 993 2338 Levita,
1009 2312 1070 2330 cum
1094 2301 1244 2331 concubina
1265 2303 1324 2342 ejus
1342 2302 1410 2331 irata
1429 2303 1595 2332 abscessisset
1608 2303 1635 2331 in

874 2390 989 2417 dedimus
998 2400 1011 2417 e
1019 2391 1106 2424 Coisl.;
1117 2391 1207 2416 Montf.
1217 2393 1371 2424 ammaum]

907 2438 918 2451 ε
935 2432 966 2456 In
978 2430 1132 2456 Coisliniano
1150 2430 1215 2457 Cod.
1230 2430 1319 2464 legitur
1335 2436 1435 2463 γυναικός
1445 2442 1502 2460 τινες
1512 2433 1633 2460 Δαδαλινῆς

876 2473 888 2497 ὁ
905 2475 1001 2504 Σαμψὼν
1018 2473 1121 2499 Δαλιῧᾶς.
1136 2471 1225 2494 Nescio
1238 2469 1298 2502 quid
1318 2469 1366 2494 hoc
1380 2468 1492 2495 vocabuli
1504 2470 1549 2501 sit;
1563 2469 1632 2494 vide-

876 2514 917 2534 tur
926 2508 967 2534 hic
977 2510 1063 2541 patriae
1073 2517 1164 2534 nomen
1176 2509 1278 2540 apponi.
1291 2508 1381 2532 verum
1391 2508 1495 2532 Samson
1505 2507 1630 2541 Dalidam,

875 2549 926 2573 sive
937 2547 1045 2573 Dalilam
1057 2546 1159 2572 amabat
1169 2566 1174 2576 ‚
1187 2555 1241 2578 quae
1253 2547 1278 2570 in
1294 2544 1426 2575 Alsorech,
1437 2545 1477 2571 vel
1489 2552 1516 2570 ut
1525 2546 1631 2579 Vulgata

876 2586 965 2618 habet,
978 2588 1003 2611 in
1019 2585 1083 2611 valle
1094 2584 1187 2611 Sorech
1204 2583 1476 2617 habitabat31nullaquc
1492 2583 1532 2610 hic
1545 2584 1632 2610 obser—

878 2631 950 2651 vatur
963 2626 1091 2651 nominum
1104 2622 1220 2648 affinitas.
