1890 2826
210 194 281 230 (328

210 267 281 296 nuda
300 272 325 294 et
345 265 434 294 tenuia
452 263 544 298 verba,
560 262 606 292 sed
627 262 678 291 Dei
703 262 796 290 verba.
814 262 882 291 Nam
905 261 952 298 qui

210 306 292 336 verbo
303 305 398 334 caelum
413 302 542 339 firmavit,
555 309 582 331 et
598 308 696 331 terram
715 301 841 331 fundavit
859 301 954 335 verbo,

210 346 290 375 etiam
301 344 448 374 Ecclesiam
463 341 617 376 aedificavit,
631 348 657 370 et
669 351 748 371 muro
761 341 856 377 cinxit,
870 347 896 369 et
909 340 955 369 fir-

211 384 294 414 mavit
307 384 399 413 orbem
418 391 507 417 terrae,
522 381 570 420 qui
584 391 636 410 non
655 380 876 410 commovebitur.
889 381 956 410 Pro-

211 424 333 454 cidamus
345 424 443 462 itaque,
457 420 638 458 dilectissimi,
651 420 693 449 illi
710 420 757 459 qui
774 420 868 449 orbem
878 426 956 449 terrm

935 199 1065 222 spuma.

1006 261 1141 296 τακίνητοι
1155 260 1199 289 ἐπὶ
1215 260 1258 288 τὸν
1274 259 1394 289 ἄσειστον
1411 259 1455 288 καὶ
1470 259 1572 298 ἇῤῥαγῆ
1587 258 1707 298 θεμέλιον
1719 258 1777 296 μεί-

1005 312 1095 333 ναντες
1105 322 1113 333 ,
1130 301 1201 339 αὐτῷ
1222 299 1270 335 τὴν
1284 298 1360 332 δόξαν
1375 298 1583 338 ἀναπέμπωμεν,
1601 299 1646 328 καὶ
1671 297 1720 333 τὴν
1733 299 1778 326 εὖ-

1005 339 1146 379 χαριστίαν
1173 339 1300 375 πάντοτε,
1326 339 1382 377 ἅμα
1406 340 1445 377 τῷ
1468 338 1556 378 Πατρὶ
1584 338 1630 367 καὶ
1652 339 1689 377 τῷ
1711 337 1779 377 ἁγίῳ

1006 379 1144 417 Πνεύματι
1153 402 1161 415 ,
1174 381 1218 408 νῦν
1231 378 1276 408 καὶ
1288 379 1346 414 ἀεὶ,
1362 378 1406 408 καὶ
1419 379 1455 411 εἰς
1467 377 1527 411 τοὺς
1540 380 1636 411 αἰῶνας
1651 377 1778 407 τῶνάἱώ-

1006 431 1067 448 νων.
1082 418 1174 457 Ἀμήν.

212 463 354 499 stabilivit,
370 469 396 491 et
415 462 563 502 ploremus,
584 467 610 490 ct
629 459 664 489 ad
685 458 895 489 misericordiam
915 459 956 487 in-

212 504 354 536 ducamus,
370 509 400 531 ut
417 501 483 542 peri
505 501 561 530 sius
579 499 769 539 benignitatem
790 505 817 528 et
835 498 957 528 ineffabi-

214 544 267 572 lem
285 542 430 582 potentiam
450 548 488 570 sta
511 541 558 570 iles
580 547 605 569 et
624 538 855 569 incommutabiles
873 539 899 567 in
916 539 957 567 in-

214 592 341 612 concusso
354 588 380 611 et
390 581 501 610 infracto
511 579 684 609 fundamento
697 585 891 619 permanentes,
905 578 956 617 ipsi

211 622 312 662 jugiter
325 621 441 660 gloriam
450 621 605 655 offeramus,
619 625 646 648 et
656 618 803 659 gratiarum
817 618 957 652 actionem,

214 662 294 690 simul
314 672 377 690 cum
386 662 464 690 Patre
481 666 507 689 et
529 660 548 690 S
569 659 633 688 iritu
653 665 756 694 sancto,
772 664 879 687 nuncet
891 667 957 686 scm-

215 712 274 740 per,
289 708 314 730 et
328 701 355 729 in
366 700 464 730 saecula
477 710 545 729 saecu
559 709 647 729 orum.
657 701 751 728 Amen.

724 1002 733 1009 ι
795 903 1203 967 MONITUM

624 1045 680 1081 IN
728 1043 1057 1091 SEQUENTEM
1105 1040 1399 1078 HOMILlAM.

257 1160 376 1189 AEternis
389 1159 503 1199 dignum
520 1158 636 1187 tenebris
656 1167 725 1197 opus
742 1157 770 1186 in
789 1156 877 1186 lucem
890 1155 969 1186 edere
981 1164 1015 1184 ne
1036 1155 1227 1194 cogitassemus
1246 1153 1368 1194 quidem,
1382 1154 1434 1184 nisi
1445 1156 1502 1195 jam
1514 1154 1634 1185 Savilius
1647 1154 1788 1195 publicum

218 1206 328 1235 fecisset.
339 1205 428 1234 Miror
441 1211 529 1233 autem
542 1214 616 1240 eum,
627 1203 675 1241 qui
689 1203 742 1232 alia
754 1202 840 1231 multa
851 1201 981 1241 opuscula
993 1200 1092 1229 infimae
1100 1206 1182 1237 notae,
1193 1199 1221 1229 in
1231 1200 1285 1229 situ
1295 1206 1322 1229 et
1333 1199 1457 1240 pulvere,
1467 1199 1571 1240 optimo
1588 1200 1712 1237 wusilio,
1726 1200 1790 1229 reli-

217 1257 321 1290 querat,
335 1251 405 1279 hanc
424 1250 554 1279 insulsam
571 1249 719 1278 orationem
738 1258 792 1277 non
812 1248 886 1287 paris
905 1248 1000 1277 fecisse
1019 1245 1190 1276 conditionis.
1204 1247 1290 1287 Cujus
1305 1247 1374 1276 hanc
1395 1246 1442 1276 ille
1454 1257 1595 1276 censuram
1608 1246 1636 1276 in
1650 1246 1721 1276 notis
1733 1246 1790 1275 suis

217 1297 320 1326 edidit:
339 1295 450 1326 «Oratio
465 1295 541 1335 plena
550 1294 723 1334 ineptiarum,
736 1294 815 1333 plena
828 1292 987 1322 soloecismis
999 1298 1026 1321 et
1038 1291 1209 1333 vulneribus,
1222 1302 1282 1330 quae
1295 1293 1384 1321 omnia
1397 1303 1503 1322 sanasse
1513 1303 1566 1322 non
1585 1299 1625 1322 αἱ
1641 1303 1743 1329 meum,
1757 1302 1792 1322 ne

217 1353 306 1383 operae
326 1341 435 1381 quidem
457 1340 573 1381 pretium
596 1340 727 1368 sortasse:
744 1339 831 1369 conati
851 1349 944 1368 sumus
958 1345 1046 1367 tamen
1070 1337 1098 1366 in
1122 1347 1175 1366 non
1196 1339 1290 1377 paucis
1307 1338 1412 1377 aliquid
1424 1350 1432 1374 ;
1445 1349 1527 1377 quam
1539 1338 1635 1368 dextro
1655 1349 1789 1374 successu,

220 1388 318 1419 nescio.
331 1389 416 1424 Porro
426 1387 510 1427 hujus
519 1385 648 1416 orationis
660 1392 712 1414 tres
726 1391 788 1414 sunt
798 1391 886 1424 patres
898 1395 906 1413 ε
921 1384 1020 1424 prima,
1032 1384 1181 1413 encomium
1191 1383 1289 1423 jejunii
1303 1395 1310 1417 ;
1323 1382 1451 1420 secunda,
1465 1383 1647 1423 interpretatio
1659 1383 1750 1413 brevis
1762 1383 1790 1412 in

220 1435 270 1465 tria
293 1434 385 1474 priora
405 1434 491 1473 capita
515 1432 649 1462 Genescos
660 1443 668 1469 ς
685 1430 773 1468 tertia,
789 1430 921 1460 invectiva
940 1429 1004 1459 satis
1025 1429 1135 1469 frigida,
1149 1429 1273 1459 convitiis
1292 1439 1307 1458 e
1325 1429 1406 1459 trivio
1426 1429 1527 1469 petitis,
1541 1435 1633 1458 contra
1653 1429 1791 1469 improbas

221 1480 347 1510 mulieres
359 1490 385 1508 n.
400 1480 523 1508 Duorum
536 1477 784 1517 Manuscriptorum
795 1486 846 1516 ope
854 1475 1001 1505 orationem
1010 1482 1154 1513 utcumque
1168 1475 1266 1504 sarcire
1277 1475 1364 1504 conati
1375 1485 1479 1504 sumus.
1490 1476 1615 1512 Quorum
1624 1485 1693 1504 unus
1706 1475 1791 1505 multa

221 1526 285 1556 hinc
299 1525 362 1555 inde
374 1524 555 1554 additamenta
562 1523 720 1564 praeferebat
732 1534 740 1561 ;
753 1522 883 1551 nimirum
895 1521 1036 1559 librarius,
1055 1521 1100 1551 his
1113 1522 1261 1561 conspectis
1272 1521 1362 1560 nugis,
1378 1520 1444 1550 alias
1458 1520 1573 1551 subinde
1585 1531 1671 1561 nugas
1683 1521 1790 1562 adjecit.

223 1571 357 1609 Quamvis
371 1571 502 1613 insulsum
517 1580 585 1610 opus
597 1569 691 1600 Latine
702 1569 894 1599 convertimus.

223 1772 262 1799 1η
273 1771 447 1809 principium
459 1769 578 1807 jejunii,
596 1768 627 1796 in
644 1766 780 1795 exsilium
790 1764 924 1802 Adami,
939 1770 966 1793 et
987 1767 1007 1789 A
1023 1763 1127 1803 ”Λόγος
1143 1766 1180 1797 εἷς
1198 1764 1247 1801 τὴν
1260 1765 1346 1804 ἀρχὴν
1360 1767 1407 1801 τῆς
1421 1765 1497 1804 ἁγίας
1509 1767 1738 1806 τεσσαρακοστῆς,
1749 1766 1794 1795 καὶ

263 1817 300 1846 de
313 1817 449 1856 improbis
461 1814 640 1844 mulieribus.
658 1813 774 1842 Concio.

267 1958 296 1985 1.
315 1954 465 1995 Apponitur
484 1952 571 1988 nobis,
583 1951 686 1988 dilecti,
704 1961 795 1980 mensa
809 1951 968 1990 spiritualis,

227 1995 328 2026 divinis
341 1994 488 2034 Scripturis
509 1993 603 2022 referta
615 2003 623 2029 3
639 1991 717 2031 plena
736 1991 825 2028 honis,
837 2001 890 2020 non
903 1992 970 2020 cibis

229 2035 328 2072 ssuxis;
344 2034 390 2063 sed
412 2032 515 2063 deliciae
539 2038 601 2061 sunt
622 2041 681 2069 quae
702 2030 822 2059 veritatis
845 2030 970 2070 dogmata

229 2075 389 2104 effundunt:
405 2083 493 2102 mensa
511 2082 570 2110 qua:
585 2081 637 2099 non
657 2077 858 2109 temporaneum
876 2081 973 2109 panem

229 2115 319 2150 offert,
339 2112 387 2142 sed
409 2123 468 2151 qua:
490 2112 564 2140 lauto
591 2110 758 2139 insensilium
781 2110 973 2149 cogitationum

230 2166 244 2183 a
266 2160 360 2194 paratu
373 2153 475 2181 animas
497 2150 581 2180 nutrit
596 2162 602 2178 z
619 2150 714 2179 vinum
730 2149 803 2187 quod
824 2149 901 2178 offert
920 2160 972 2179 non

230 2166 385 2223 eiirictatem
394 2197 531 2232 procurat,
546 2189 593 2219 sed
607 2189 725 2228 Spiritus
745 2195 810 2217 :estu
823 2199 869 2218 cor
882 2189 973 2218 inccn—

231 2233 275 2263 dit
289 2246 295 2262 :
313 2243 365 2261 non
379 2241 472 2261 carnes
485 2229 651 2269 corruptioni
673 2229 802 2257 obnoxias
823 2228 911 2265 affert,
927 2228 974 2258 sed

233 2272 363 2312 gaudium
382 2271 601 2310 voluptatemque
622 2268 753 2297 caelestem
774 2268 901 2304 instillat3
922 2279 974 2297 non

231 2313 341 2342 citharae
363 2318 389 2340 et
406 2311 478 2340 tihiae
496 2320 592 2338 sonum
611 2308 718 2344 emittit,
742 2307 789 2336 scd
810 2308 927 2347 psalmos
950 2315 976 2337 ct

231 2352 348 2392 hymnos
361 2353 448 2380 Deum
461 2349 622 2379 oblectantes
635 2347 752 2377 concinit
768 2360 774 2375 :
789 2357 842 2375 non
856 2348 976 2376 meretri-

234 2391 282 2420 ciis
297 2391 426 2431 tripudiis
438 2389 578 2419 oculorum
596 2387 735 2417 sensilium
753 2386 843 2416 visum
857 2387 973 2422 hebetat,
994 2386 1011 2408 Β
1030 2386 1088 2424 ρίαν
1111 2386 1257 2421 ἐκλύουσα,
1281 2386 1350 2415 ἀλλὰ
1373 2385 1432 2418 τοὺς

235 2431 282 2461 scd
295 2431 387 2460 oculos
400 2429 488 2459 cordis
512 2428 547 2458 ad
568 2427 734 2457 desiderium
755 2426 830 2466 regni
848 2427 975 2455 caelorum

269 2533 279 2544 ²
295 2523 394 2549 Collata
406 2531 465 2548 cum
475 2521 559 2547 Codd.
575 2520 658 2553 Regiis
676 2519 748 2552 1828,
763 2524 788 2543 et.
800 2519 875 2551 2424,
889 2519 932 2551 qui
943 2519 989 2542 mi-

235 2573 290 2589 rum
303 2569 426 2597 quantum
439 2562 545 2588 variant.
560 2559 653 2586 Insulsi
662 2560 744 2591 operis
756 2567 797 2583 eas
813 2558 893 2583 solum
907 2558 993 2582 lectio-

237 2612 279 2627 nes
291 2603 433 2627 notavimus
444 2610 499 2634 qum
512 2600 612 2633 majoris
623 2599 697 2631 pretii
709 2597 859 2624 videbantur
871 2606 930 2622 cssc.
949 2597 993 2622 sa-

1018 1819 1020 1821 ’
1064 1811 1101 1843 εἷς
1124 1810 1226 1850 ἐξορίαν
1251 1813 1297 1839 τοῦ
1322 1811 1420 1849 Ἀδάμ·
1445 1811 1490 1840 καὶ
1514 1811 1575 1851 περὶ
1597 1813 1719 1851 πονηρῶν
1745 1823 1794 1851 γυ-

1063 1868 1168 1885 ναικων.

1064 1947 1209 1988 Πρόκειται
1222 1950 1296 1987 ἡμῖν,
1317 1948 1466 1987 ἀγαπητοὶ,
1481 1949 1646 1988 πνευματικὴ
1662 1949 1794 1989 τράπεζα,

1024 1989 1055 2017 ἐκ
1069 1990 1122 2017 τῶν
1136 1987 1211 2017 θείων
1228 1989 1339 2027 Γραφῶν
1352 1988 1522 2028 πληρουμένη
1532 2000 1539 2006 ·
1553 1988 1657 2028 πλήρης
1671 1990 1776 2028 ἀγαθῶν
1785 2011 1793 2024 ,

1025 2029 1072 2057 οὐκ
1082 2027 1233 2066 ἐδεσμάτων
1245 2028 1434 2066 ἀπολλυμένων
1445 2040 1452 2046 ·
1466 2028 1534 2057 ἀλλὰ
1545 2040 1593 2068 τρυ
1613 2028 1630 2064 ὴ
1644 2028 1795 2068 προχέουσα

1025 2069 1072 2103 τῆς
1086 2066 1209 2102 ἀληθείας
1230 2067 1395 2106 διδάγματα·
1417 2069 1464 2097 οὐκ
1481 2067 1558 2108 ἄρτον
1573 2039 1688 2108 φῖρουσα
1709 2068 1793 2108 πρόσ·

1026 2119 1126 2147 καιρον,
1141 2106 1210 2135 ἀλλὰ
1223 2107 1362 2148 νοημᾴτων
1384 2106 1470 2137 ἀῢλων
1491 2107 1636 2148 πανδαισία
1650 2107 1697 2141 τὰς
1708 2108 1795 2147 ψυχὰς

1026 2147 1202 2187 ἐκτρέφουσαν
1211 2157 1218 2164 ·
1229 2147 1278 2175 οὐκ
1287 2149 1354 2175 οἶνον
1365 2147 1447 2185 μέθην
1456 2147 1638 2187 ἐργαζόμενον,
1648 2147 1717 2176 ἀλλὰ
1728 2148 1796 2181 ζέσει

1026 2187 1183 2225 Πνεύματος
1216 2186 1264 2221 τὴν
1295 2186 1404 2226 καρδίαν
1438 2187 1632 2226 ἀναφλέγουσα·
1659 2188 1688 2216 οὔ
1713 2186 1797 2226 κρέων

1028 2225 1232 2265 ἀπολλυμένων,
1253 2226 1322 2254 ἀλλὰ
1344 2232 1431 2266 χαρᾶς
1442 2227 1592 2260 ’στάζουσα
1611 2226 1706 2262 ἡδονὴν
1719 2227 1796 2256 ἐπου-

1030 2267 1129 2306 ράνιον·
1158 2267 1187 2295 οὗ
1213 2266 1322 2305 κιθάρας
1342 2266 1359 2301 ἢ
1380 2266 1474 2299 αὐλοὺς
1495 2266 1704 2305 ἀναπέμπουσα,
1729 2266 1797 2295 ἀλλὰ

1028 2306 1148 2346 ψαλμοὺς
1162 2305 1207 2335 καὶ
1221 2305 1317 2344 ὕμνους
1331 2309 1479 2345 θεοτερπεῖς
1499 2306 1653 2346 μελῳδοῧσα
1664 2317 1670 2323 ·
1685 2307 1715 2335 οὐ
1730 2317 1797 2345 πορ-

1029 2350 1110 2379 νικοῖς
1129 2345 1265 2386 ὀρχήμασι
1280 2351 1334 2378 τοῖς
1355 2347 1489 2382 αἰσθητοῖς
1503 2346 1646 2385 ὀφθαλμοῖς
1663 2345 1710 2381 τὴν
1731 2348 1798 2374 θεω-

1454 2384 1602 2425 ὄφθαλμ-οὺς
1622 2386 1670 2419 τῆς
1691 2385 1798 2424 καρδίας

1029 2426 1093 2465 πρὸς
1107 2425 1185 2455 πόθον
1207 2428 1254 2462 τῆς
1274 2425 1408 2464 βασιλείας
1422 2426 1475 2454 τῶν
1489 2426 1604 2463 οὐρανῶν
1619 2424 1781 2464 διεγείρουσα
1792 2437 1798 2443 ·

1042 2517 1094 2543 vilii
1105 2524 1186 2542 textus
1197 2523 1235 2542 est
1246 2516 1385 2542 admodum
1398 2517 1509 2541 vitiatus.

1075 2566 1085 2576 Π
1105 2558 1146 2582 Sic
1158 2558 1201 2582 Szu
1209 2557 1234 2583 il.
1248 2563 1274 2582 et.
1283 2566 1346 2582 unus
1357 2557 1418 2589 ch,
1431 2555 1497 2580 Alius
1509 2560 1661 2589 χορτὰςοῃκ,
