1890 2826
517 194 551 216 m
576 191 693 223 mmm,
722 189 792 214 vim
820 186 990 220 DOMlNUM,
1022 188 1141 211 HOMlL.
1168 189 1214 211 tv.

99 268 142 290 τος
154 256 211 286 ἀντὶ
223 255 350 295 σπαρτίου
365 254 408 284 ἐπὶ
426 256 472 283 τοῦ
492 253 614 293 μετώπου
627 248 683 292 εἶχε
698 251 746 288 τὴν
764 251 863 290 λέπραν

99 301 279 341 ἀπαγόμενος,
297 301 388 336 ἐπειδὴ
410 299 460 336 τὴν
481 299 625 340 ἱερωσύνην
646 297 747 338 neptae.
770 298 864 336 Ταῦτα

1590 179 1655 226 149

916 255 1004 278 mento
1018 249 1162 289 inscripte,
1180 256 1208 279 ut
1222 249 1320 288 aliquis
1334 257 1421 289 posset
1434 249 1532 287 detero,
1548 250 1596 280 sed
1609 260 1656 279 na—

915 296 1011 325 turalis
1030 302 1085 325 erat
1099 296 1183 336 lepra,
1198 306 1312 335 eumque
1325 296 1455 326 reddebat
1475 297 1657 334 immundum,

98 347 184 387 λέγω,
197 347 257 387 οὐχὶ
273 346 397 386 βασιλέας
414 345 572 380 διαὸάλλων,
585 344 654 375 ἀλλὰ
666 344 726 377 τοὺς
743 344 777 382 τῇ
797 345 863 372 ἀπο-
879 349 898 371 G
916 347 946 370 ut
959 341 1026 370 alios
1040 341 1137 371 faceret
1156 341 1282 371 mundos.
1298 342 1333 371 Et
1358 342 1586 381 quemadmodum
1596 345 1658 383 jure

98 393 155 433 νοίᾳ
165 394 211 423 καὶ
223 395 262 434 τῷ
272 395 347 433 θυμῷ
361 393 516 432 μεθύοντας,
529 392 573 421 ἶνα
587 392 687 430 μάθητε
699 390 739 420 ὅτι
753 392 770 424 ἡ
786 391 864 429 ἱερω-

99 439 164 476 σύνη
179 439 313 479 βασιλείας
324 439 430 479 μείζων.

140 678 192 708 ’Aet
204 676 256 718 γὰρ
275 680 289 707 ὃ
308 677 392 712 Θεὸς,
405 677 469 706 ὅταν
488 676 594 716 ἁμάρτῃ
606 677 624 711 ἡ
637 675 725 716 ψυχὴ,
743 674 773 703 τὸ
790 675 868 712 σῶμα

98 723 215 758 κολάζει.
230 723 312 754 Οὕτω
330 722 377 752 καὶ
395 722 439 752 ἐπὶ
453 725 498 752 τοῦ
515 722 584 751 Κᾶϊν
599 721 734 757 ἐποίησεν.
746 719 782 749 Ἡ
793 716 867 759 ψυχὴ

99 769 203 809 ἥμαρτε
217 769 294 809 φόνον
311 768 496 809 ἐργασαμένη,
510 767 556 797 καὶ
572 767 604 797 τὸ
624 768 702 806 σῶμα
722 767 800 795 αὐτοῦ
813 776 868 794 πα-

101 815 206 855 ρελύθη·
213 815 258 844 καὶ
268 814 340 854 μάλα
351 814 467 848 εἰκότως.
475 811 527 844 Aa&
535 813 574 850 τίς
586 812 690 844 Στένων
698 811 743 842 καὶ
755 810 869 852 τρέμων,

101 860 196 900 φησὶν,
218 861 265 900 ἔσῃ
285 860 329 890 ἐπὶ
343 862 392 896 τῆς
410 862 469 900 γῆς.
490 859 543 890 Καὶ
563 859 668 900 περιῄει
687 861 701 888 ὁ
720 858 789 888 Κάϊν
803 862 869 887 πᾶσι

102 906 300 946 διαλεγόμενος,
315 908 377 946 σιγῇ
391 906 479 947 φωνὴν
500 906 598 946 ἀφιεὶς,
614 905 715 947 ἀφωνία
728 904 868 935 παιδεύων.

101 952 137 982 Ἥ
150 953 260 992 γλῶσσα
270 952 346 992 ἐσίγα
355 973 364 987 ,
374 952 421 982 καὶ
434 952 468 982 τὰ
482 951 552 991 μέλη
565 951 644 988 ἐὸόα,
655 951 701 981 καὶ
711 956 778 980 πᾶσι
789 951 869 980 διελέ-

101 1009 164 1037 γετο
175 997 218 1027 διὰ
228 997 254 1027 τί
265 997 359 1034 στένει,
374 997 418 1027 διὰ
428 997 455 1036 τί
467 997 560 1038 τρέμει
568 1010 574 1016 ·
589 997 700 1037 ἀδελφὸν
712 997 854 1026 ἀπέκτεινα
863 1018 870 1032 ,

102 1043 178 1084 φόνον
186 1043 366 1084 εἰργασάμην.
380 1043 415 1073 Ὁ
425 1045 544 1079 Μωῦσῆς
558 1042 626 1082 μετὰ
639 1046 723 1072 ταῦτα
737 1042 810 1081 ἔλεγε
829 1041 872 1070 διὰ

102 1089 276 1129 γραμμάτων,
290 1091 388 1123 ἐκεῖνος
401 1089 445 1119 διὰ
457 1090 623 1129 πραγμάτων
635 1088 740 1129 περιῄει
753 1093 820 1117 πᾶσι
832 1087 873 1116 λε’-

103 1146 170 1173 γων·
183 1137 224 1165 Οὐ
238 1135 381 1175 φονεύσεις.
397 1130 474 1168 Ε’ἶδες
488 1134 574 1174 στόμα
593 1136 684 1174 σιγῶν,
697 1133 742 1163 καὶ
761 1138 874 1173 πρᾶγμα

106 1182 189 1220 βοῶν;
198 1176 268 1214 Ιεἶδες
277 1181 356 1220 νόμον
367 1180 486 1221 ἔμψυχον
499 1180 717 1221 περιφερόμενον;
731 1175 796 1213 εἶδες
807 1179 874 1215 στή-

105 1228 156 1262 λην
168 1226 395 1266 περιερχομένην;
414 1221 481 1260 εἶδες
495 1225 623 1266 τιμωρίας
642 1225 790 1265 ἀναίρεσιν;
809 1221 874 1258 εἶδες

106 1272 215 1301 κόλασιν
225 1271 385 1305 παιδεύσεως
394 1271 518 1301 ὑπόθεσιν
525 1271 679 1311 γινομένην;
693 1266 759 1304 εἶδες
767 1270 874 1311 οψυχὴν

107 1319 286 1357 ἁμαρτοῦσαν,
299 1317 344 1347 καὶ
362 1317 410 1353 τὴν
424 1317 510 1356 σάρκα
523 1316 719 1356 κολαζομένηνς
734 1317 788 1347 Καὶ
803 1316 876 1355 μάλα

108 1363 222 1397 εἰκότως.
236 1363 316 1393 Οὕτω
330 1362 357 1392 δὲ
371 1363 416 1392 καὶ
428 1363 472 1392 ἐπὶ
484 1363 630 1403 Ζαχαρίου,
643 1365 661 1399 ἡ
672 1362 745 1403 ψυχὴ
757 1362 875 1403 ἥμαρτε,

106 1410 152 1439 καὶ
161 1412 178 1446 ἡ
190 1410 299 1449 γλῶσσα
314 1409 399 1446 ἐδέθη.
418 1410 474 1438 Τοῦ
487 1409 539 1450 γὰρ
561 1409 672 1449 ὀργάνου
691 1411 740 1444 τῆς
755 1408 877 1448 γλώττης

106 1455 242 1495 ἀχρήστου
254 1454 346 1485 λοιπὸν
362 1454 506 1494 γεγονότος,
520 1456 618 1489 ἐκεῖνος
630 1457 644 1484 ὁ
655 1455 704 1492 τὴν
718 1454 806 1495 φωνὴν
816 1466 875 1494 γεν-

106 1501 190 1537 νήσας
198 1504 210 1517 ⁸
217 1500 355 1541 Ζαχαρίας
363 1501 519 1541 ἐτιμωρεῖτο
527 1501 570 1537 δὴ,
579 1500 624 1530 καὶ
634 1500 724 1535 Ὀζίας
734 1502 877 1540 ἐλεπροῧτο

105 1547 139 1577 τὸ
156 1547 294 1586 μέτωπον,
315 1546 459 1587 ἁμαρτὼν,
480 1547 523 1577 ἵνα
543 1549 639 1581 ἐκεῖνος
659 1548 797 1587 παιδευθῇ.
824 1547 877 1577 Καὶ

915 387 1064 425 damnatos,
1098 395 1270 427 posteaquam
1298 388 1390 417 funem
1410 389 1569 428 acceperint,
1591 390 1659 419 edu-

916 440 980 463 cunt
992 434 1082 463 funem
1092 445 1137 463 ore
1151 440 1280 474 gestantes
1295 447 1302 463 :
1319 434 1357 463 sic
1369 441 1395 463 et
1408 434 1453 463 hic
1465 433 1658 472 abducebatur,

916 490 966 519 pro
979 480 1043 509 fune
1056 480 1159 520 lepram
1173 481 1200 509 in
1212 481 1298 510 fronte
1315 486 1428 520 gestans,
1442 490 1473 509 eo
1487 480 1561 519 quod
1574 492 1661 511 saecr-

915 526 1021 556 dotium
1034 526 1164 556 affecisset
1173 527 1416 557 contumelia.Haec
1428 526 1535 566 loquor,
1550 537 1603 557 non
1618 528 1660 557 in-

916 582 1019 602 cessens
1037 582 1122 612 reges,
1138 572 1185 601 sed
1205 583 1250 602 eos
1263 572 1311 612 qui
1324 572 1476 613 arrogantia
1494 572 1587 612 iraque
1599 580 1663 602 sunt

916 618 998 656 ebrii,
1010 625 1040 648 ut
1048 618 1205 658 intelligatis
1214 618 1392 648 sacerdotium
1403 628 1485 658 regno
1494 619 1581 659 majus
1594 629 1660 648 esse.

956 666 986 695 6.
1000 666 1112 705 Semper
1123 665 1195 694 enim
1208 667 1291 702 Deus,
1305 665 1352 695 ubi
1367 665 1487 705 peccavit
1500 665 1599 703 anima,
1612 676 1663 706 pu-

918 712 958 741 nit
970 722 1079 752 corpus.
1095 711 1193 741 Itidem
1210 711 1272 741 fecit
1287 718 1313 741 et
1327 711 1354 740 in
1368 712 1445 742 Ca'1'n.
1461 711 1558 740 Anima
1571 722 1664 752 pecca-

919 764 993 788 verat
1002 757 1132 787 admisso·
1137 757 1294 798 parricidio,
1307 764 1334 786 et
1346 767 1444 797 corpus
1458 757 1533 787 illius
1547 757 1664 798 paralysi

917 811 1018 834 tactum
1031 810 1097 834 ‘estz
1128 804 1210 844 idque
1237 805 1299 844 jure
1312 815 1314 818 ·
1329 804 1442 845 optimo.
1463 804 1665 842 Quamobrem?

921 851 1047 881 Gemens
1060 861 1096 880 ac
1113 856 1236 880 tremens
1256 852 1312 880 eris
1329 860 1414 890 super
1427 856 1546 879 terram.
1561 851 1597 880 Et
1609 850 1663 880 cir-
1677 860 1756 891 Gens,
1777 867 1811 883 η,

919 898 1038 927 cumibat
1055 898 1133 934 Cain,
1155 897 1282 926 omnibus
1301 897 1425 935 loquens,
1446 896 1554 925 silentio
1571 906 1664 926 voc-em

919 945 1014 982 edens,
1031 944 1191 983 silentioque
1218 943 1355 973 erudiens.
1378 943 1484 982 Lingua
1503 943 1619 981 tacebat,
1640 950 1666 974 et

920 998 1013 1021 caetera
1030 991 1152 1020 membra
1171 990 1322 1019 clamabant
1345 1003 1351 1019 ι
1375 989 1531 1028 cunctisque
1548 1000 1666 1030 expone-

920 1039 977 1075 bat,
991 1049 1040 1068 cur
1053 1044 1179 1078 gemeret,
1195 1049 1246 1067 cur
1258 1044 1383 1067 tremeret
1402 1049 1408 1065 :
1425 1038 1548 1066 Fratrem
1566 1038 1665 1075 occidi,

890 1089 906 1110 D
922 1085 1098 1125 parricidium
1118 1083 1226 1113 admisi.
1240 1083 1321 1121 Quod
1334 1090 1425 1123 postea
1444 1085 1553 1123 Moyses
1567 1083 1666 1124 scripto

922 1131 1053 1166 narravit,
1069 1131 1116 1160 ille
1131 1131 1211 1169 rebus
1225 1130 1292 1171 ipsis
1308 1130 1434 1160 omnihus
1447 1131 1560 1169 loquens
1574 1130 1667 1160 obam-

922 1177 1033 1206 bulabat
1049 1189 1055 1206 :
1071 1177 1140 1206 Non
1157 1176 1282 1206 occides.
1297 1175 1399 1206 Vidisti
1411 1186 1441 1205 os
1460 1176 1553 1212 silens,
1568 1182 1666 1206 et-rem
1677 1189 1752 1210 End.
1762 1195 1800 1210 20,

923 1223 1112 1254 vociferantem
1123 1223 1137 1252 Ρ
1153 1222 1246 1252 vidisti
1265 1223 1350 1262 legem
1367 1223 1459 1253 vivam
1473 1223 1555 1252 ferri?
1573 1223 1668 1254 vidisti
1680 1220 1715 1242 ¹3·

926 1269 1036 1309 cippum
1045 1268 1260 1298 obambulantem
1266 1269 1280 1298 9
1289 1268 1382 1298 vidisti
1390 1268 1538 1299 vindictam
1549 1269 1668 1299 vindicta

908 1314 1004 1344 ·tolli?
1023 1314 1118 1344 vidisti
1138 1314 1306 1354 supplicium
1326 1325 1434 1345 versum
1461 1315 1489 1344 in
1510 1315 1670 1345 eruditionis

924 1360 1083 1391 materiam?
1096 1360 1189 1391 vidisti
1206 1368 1356 1401 peccantem
1378 1362 1505 1399 animam,
1521 1368 1547 1391 et
1565 1372 1670 1391 carnem

925 1406 1033 1436 dantem
1068 1406 1180 1447 poenas?
1203 1406 1290 1446 quue
1311 1406 1458 1436 admodum
1483 1414 1669 1447 congruenter.

924 1453 1000 1483 Idem
1011 1452 1111 1483 accidit
1123 1453 1150 1482 in
1164 1452 1294 1482 Zacharia
1311 1465 1318 1481 ε
1334 1453 1423 1482 anima
1432 1457 1564 1494 'peccarat
1577 1461 1603 1484 et
1616 1454 1671 1484 lin—

926 1511 979 1541 gua
991 1502 1080 1533 vinc-ta
1094 1507 1142 1531 est.
1162 1501 1233 1530 Nam
1255 1511 1318 1530 cum
1338 1501 1433 1530 inutile
1453 1501 1590 1531 redditum
1603 1509 1670 1532 esset
1679 1515 1732 1537 Luc.
1744 1521 1766 1537 2,

926 1557 1057 1587 organum
1068 1547 1179 1587 linguae,
1195 1547 1243 1576 ille
1254 1547 1300 1586 qui
1316 1547 1409 1587 genuit
1420 1558 1513 1578 vocem
1528 1549 1670 1578 Zacharias

108 1592 178 1632 ἐξῄει
187 1594 202 1621 ὁ
217 1591 340 1631 βασιλεὺς
351 1597 432 1622 πᾶσιν
443 1592 590 1632 ὑπόδειγμα
601 1593 744 1632 γινόμενος,
757 1593 802 1622 καὶ
815 1594 877 1623 ἐκα-
893 1591 910 1614 E
927 1594 1038 1633 punitus
1052 1600 1092 1623 est
1106 1605 1114 1622 t
1129 1593 1168 1623 sic
1181 1592 1311 1623 nimirum
1325 1600 1352 1623 et
1362 1592 1442 1623 Ozias
1455 1594 1530 1634 lepra
1542 1594 1570 1623 in
1578 1591 1670 1624 'fronte

108 1638 192 1677 θάρθη
204 1638 235 1667 τὸ
247 1638 326 1678 ἱερὸν,
339 1638 385 1667 καὶ
396 1637 559 1675 ἐξεὸἄλλετο,
574 1638 676 1671 οὐδενὸς
686 1640 822 1673 ὠθοῦντος,
832 1639 878 1668 καὶ

109 1684 190 1714 θέλων
211 1684 259 1720 τὴν
272 1684 416 1723 ἱερωσύνην
435 1684 593 1724 προσλαὸεῖν
603 1707 612 1718 ,
626 1684 671 1714 καὶ
684 1685 698 1714 ὃ
709 1680 780 1724 εἶχεν
802 1684 877 1714 ἀπώ-

926 1646 1066 1679 correptus
1079 1645 1128 1677 est,
1148 1649 1211 1669 cum
1230 1646 1375 1679 peccasset,
1392 1646 1422 1668 ut
1437 1640 1484 1669 ille
1503 1640 1667 1670 erudiretur.

928 1685 963 1714 Et
983 1695 1105 1725 egressus
1124 1692 1164 1715 est
1181 1696 1241 1723 rex,
1257 1685 1382 1715 omnibus
1398 1687 1554 1727 exemplum
1573 1687 1669 1723 factus,

109 1731 181 1760 λεσε.
194 1730 248 1760 Καὶ
258 1729 327 1770 ἰξῄει
340 1729 392 1759 ἀπὸ
402 1732 448 1759 τοῦ
462 1732 542 1770 ἱεροῦ.
554 1731 594 1759 Τὸ
607 1730 654 1769 μὲν
665 1730 778 1760 παλαιὸν
791 1731 878 1759 πάντα
927 1738 1124 1770 purgatumque
1137 1738 1176 1760 est
1193 1731 1335 1770 templum,
1350 1737 1376 1760 et
1396 1731 1496 1770 ejectus
1514 1739 1553 1762 est
1567 1733 1672 1762 nemine

110 1776 206 1816 λεπρὸν
221 1771 253 1811 ἦν
263 1775 342 1814 νόμος
350 1774 400 1809 ἔξω
413 1777 460 1811 τῆς
468 1775 568 1809 πόλεως
582 1775 756 1805 ἐκὸάλλεσθόιι
765 1787 771 1793 ·
782 1775 840 1804 νυνὶ
850 1775 878 1804 δὲ
927 1777 1104 1816 propellente,
1124 1787 1239 1815 cumque
1261 1776 1441 1806 sacerdotium
1461 1778 1512 1807 sibi
1527 1778 1608 1808 vellet
1621 1789 1670 1808 su-

110 1821 208 1851 οὗκέτι.
224 1820 275 1850 Διὰ
284 1821 323 1858 τίς
338 1821 448 1857 Ἐπειδὴ
459 1822 495 1854 ὡς
503 1821 616 1854 παιδίοις
626 1825 766 1861 προσεῖχεν
777 1821 877 1856 ὁΘεὸς,
928 1832 1011 1859 mere,
1026 1829 1052 1851 et
1072 1822 1123 1851 hoc
1146 1822 1220 1861 quod
1239 1822 1356 1852 habebat
1375 1822 1505 1862 perdidit.
1528 1824 1563 1853 Et
1586 1823 1671 1854 exivit

109 1867 170 1896 τότε
182 1866 268 1906 λέπρα
283 1863 316 1903 ἦν
337 1869 382 1896 τοῦ
395 1866 530 1905 σώματος,
543 1870 588 1896 νῦν
603 1869 620 1902 ἡ
634 1867 720 1906 λέπρα
732 1869 780 1902 τῆς
791 1868 877 1906 ψυχῆς
927 1878 942 1897 e
968 1869 1078 1909 templo.
1095 1870 1182 1900 Vetus
1205 1876 1262 1898 erat
1286 1879 1344 1898 mos
1368 1879 1474 1899 omnem
1500 1870 1637 1910 leprosum
1656 1882 1671 1900 e

109 1916 235 1951 ζητεῖται.
250 1915 339 1955 Ἐξῄει
358 1914 442 1944 τοίνυν
456 1917 470 1944 ὁ
486 1914 608 1954 βασιλεὺς
623 1915 650 1943 ἐν
664 1914 820 1954 λεπρότητι,
832 1914 1035 1955 xalmcivitate
1063 1915 1174 1955 ejicere;
1193 1925 1265 1945 nunc
1289 1926 1354 1945 vcro
1374 1926 1427 1945 non
1453 1916 1524 1946 idem
1543 1917 1585 1946 fit.
1614 1917 1671 1946 Cur

109 1962 157 1990 οὐκ
170 1960 292 1995 ἔξέὸαλον
305 1960 382 1990 αὐτὸν
397 1962 427 1990 ἐκ
438 1963 486 1996 τῆς
497 1960 607 1997 πόλεως,
620 1960 769 2000 αἰδούμενοι
780 1960 809 1990 τὸ
821 1961 876 1990 διά-
893 1966 911 1987 Δ
926 1962 985 1991 ita?
1005 1963 1074 1993 Nam
1100 1972 1163 1991 cum
1187 1963 1261 1991 Deus
1278 1962 1362 1992 veluti
1388 1962 1483 2002 pueris
1503 1963 1575 2003 leges
1595 1964 1671 1993 sei-e-

109 2007 182 2046 δημα
196 2009 274 2037 αὐτοῦ
288 2007 334 2037 καὶ
347 2007 397 2043 τὴν
417 2006 568 2047 βασιλείαν,
588 2008 646 2036 ἀλλ’
669 2007 783 2042 ἐκάθητο
796 2007 875 2037 πάλιν
925 2010 982 2048 bat,
996 2016 1055 2039 tum
1071 2009 1144 2049 lepra
1156 2014 1212 2037 erat
1230 2007 1351 2048 corporis
1367 2019 1373 2036 :
1389 2017 1461 2038 nunc
1474 2016 1561 2039 autem
1576 2011 1670 2039 animae

108 2055 278 2093 παρανομῶν.
291 2053 327 2083 Τί
343 2049 387 2083 οὖν
401 2056 415 2083 ὁ
430 2053 513 2090 Osci-33
535 2052 720 2093 Ὀργιζόμενος
735 2057 790 2087 τοῖς
807 2053 875 2082 Ἰου-
926 2056 1000 2096 lepra
1024 2055 1163 2095 quaeritur.
1178 2053 1274 2085 Exivit
1290 2053 1374 2093 igitur
1386 2065 1433 2084 rcx
1447 2065 1509 2084 cum
1522 2056 1608 2096 lepra,
1623 2067 1670 2086 nec

113 2099 194 2133 δαΐοις
213 2099 308 2135 ἔθ’ῑἭῦἾξ
329 2099 379 2135 τὴν
398 2099 568 2139 προφητείαν.
586 2100 680 2128 Ταῦτα
703 2094 748 2128 οὖν
770 2099 875 2128 ἅπαντα
925 2110 1013 2138 tamen
1021 2102 1154 2142 ejecerunt
1167 2110 1230 2129 eum
1242 2110 1257 2128 e
1268 2099 1388 2137 civitate,
1400 2100 1524 2130 diadema
1540 2102 1614 2131 illius
1629 2113 1670 2131 re-

108 2148 152 2178 διὰ
164 2148 195 2179 τὸ
204 2147 277 2189 ῥῆμᾶ
287 2152 332 2180 τοῦ
346 2149 481 2189 προφήτου
489 2172 497 2187 ,
509 2149 553 2178 ἵνα
567 2148 710 2180 καταὸάλω
722 2152 733 2165 “
741 2149 771 2178 τὸ
784 2149 873 2189 χρέος·

141 2226 155 2245 ⁴
173 2231 252 2260 Ψυχὴν
261 2229 451 2263 άμαρτῶσαν,ε”ισ
463 2227 604 2259 ιιιιυε,ιι1ἰιιε
613 2236 673 2254 vero
685 2231 859 2264 άμαρτήσασαν.
872 2227 875 2230 ’

140 2271 151 2284 ⁸
168 2264 215 2290 Alii
226 2265 262 2298 [et.
278 2266 367 2300 Savil.]
378 2271 502 2302 Ζαχαρίας·
513 2270 571 2294 οὕτω
588 2270 614 2297 δὴ
633 2272 730 2297 κάκεῖνος
745 2271 862 2302 ἐλεττρώθη

109 2308 147 2331 καὶ
165 2308 231 2339 ἇξῄιι.
247 2305 394 2338 Zachariam
409 2306 451 2332 hic
466 2313 542 2332 vocat
559 2309 628 2332 vocis
645 2313 750 2339 patrem,
768 2306 862 2331 scilicet

109 2344 213 2368 loannis
221 2344 347 2376 Baptista,
358 2343 390 2370 de
406 2353 456 2378 quo
468 2344 564 2371 dictum
576 2351 614 2371 est
626 2358 630 2372 ι
649 2345 680 2371 V
677 2355 711 2369 ox
728 2345 863 2370 clamantis

111 2383 138 2406 in
148 2382 253 2412 dacae,
263 2388 314 2408 etc.

142 2429 153 2441 ¹
170 2426 200 2448 τὸ
218 2423 354 2457 χριος.Ἠίσ
372 2427 410 2448 est
427 2431 516 2456 magua
534 2423 711 2456 exemplarium
734 2423 859 2448 varietas:

110 2469 196 2486 omnes
207 2461 258 2486 fere
270 2462 328 2486 Mas.
341 2470 398 2486 cum
410 2462 512 2494 savilio,
525 2471 575 2487 uno
584 2468 698 2495 excepto,
710 2468 806 2487 textum
818 2461 863 2486 ha-

110 2499 172 2525 hart
184 2506 212 2525 ut.
225 2509 271 2526 nos
282 2501 306 2525 in
317 2506 377 2525 nota
388 2499 493 2527 edimus.
503 2501 619 2526 Metellus
630 2509 689 2526 vero
701 2507 726 2526 et
738 2509 800 2525 unus
810 2501 862 2525 Co-

111 2537 159 2564 dex
171 2544 227 2564 toto
242 2538 304 2564 caelo
321 2538 442 2564 differunt
457 2547 470 2564 a
482 2539 608 2566 Saviliana
624 2539 750 2565 Editione.
768 2539 863 2564 Mor-elli

111 2582 195 2603 umen
207 2577 332 2610 exemplar
351 2583 468 2610 sequutus
483 2583 521 2603 est
533 2578 658 2609 Erasmus,
673 2584 698 2604 et.
708 2587 754 2604 nes
765 2587 863 2611 quoque

269 2635 331 2653 ΤΟΜ
338 2647 342 2651 .
365 2634 396 2652 VI
403 2647 408 2652 .

927 2148 1050 2188 giamque
1067 2146 1228 2186 dignitatem
1241 2145 1349 2177 reveriti
1363 2157 1370 2174 τ
1387 2146 1433 2175 sed
1450 2147 1571 2176 consedit
1584 2148 1610 2176 in
1625 2159 1669 2177 so-

910 2227 1044 2260 aeqffimur,
1057 2223 1207 2259 quibusdam
1221 2230 1305 2249 tamen
1321 2233 1352 2249 ex
1367 2223 1417 2250 alio
1432 2231 1502 2250 textu
1522 2224 1668 2255 emendatis,

911 2275 966 2299 quae
974 2265 1033 2291 ferri
1041 2273 1093 2291 non
1102 2270 1229 2298 poterant.
1235 2264 1312 2290 savit.
1319 2265 1394 2298 igitur
1403 2270 1429 2289 et
1438 2265 1599 2297 manuscripti
1608 2274 1669 2298 qua—

912 2310 969 2330 tuor
979 2305 1015 2330 sic
1027 2303 1135 2330 habent:
1150 2308 1193 2337 ἐγὼ
1203 2308 1229 2330 τὸ
1242 2307 1296 2336 ἐμὸν
1312 2307 1413 2334 ἐποίησα,
1423 2309 1495 2338 φησιν’
1506 2306 1568 2336 ὑμεῖς
1579 2307 1590 2330 ὁ
1602 2307 1670 2337 δῆμος

911 2347 1010 2380 poeste&
1021 2348 1060 2370 τὸν
1068 2347 1197 2377 ἀκάθαρτον
1206 2345 1314 2374 έκὸαλεῖνς
1323 2345 1376 2368 ἀλλ’
1386 2345 1480 2368 αἰδεῖσθε
1493 2347 1533 2372 τὴν
1544 2346 1669 2375 βασιλείαν,

910 2386 999 2416 μᾶλλον
1007 2385 1078 2408 §beaw
1089 2387 1157 2415 νόμον
1166 2385 1206 2407 τοῦ
1213 2384 1270 2407 Θεοῦ
1278 2385 1448 2416 παρα-γράφετε.
1462 2386 1549 2415 ἀφῆκαν
1558 2383 1595 2406 οὖν
1604 2385 1670 2408 αὐτὸν

910 2425 970 2448 ἔνδον
981 2425 1121 2454 καθέζεσθαι.
1136 2425 1158 2447 τί
1174 2422 1212 2446 οὖν
1223 2423 1235 2446 ὁ
1246 2425 1314 2451 Θεός;
1333 2424 1467 2455 ἀπεστράφη
1478 2422 1565 2448 αὐτούς’
1583 2424 1668 2452 οὐκέτι,

911 2465 971 2496 φησὶ,
983 2464 1044 2488 λαλῶ
1063 2465 1109 2489 τοῖς
1125 2465 1251 2494 προφήταις
1268 2461 1337 2491 ὑμῶν,
1352 2462 1423 2484 οὐκέτι
1440 2462 1523 2490 πέμπω
1541 2462 1671 2492 Πντύματος

911 2505 986 2534 χάριν.
1006 2504 1043 2526 καὶ
1062 2503 1087 2529 ἦν
1102 2503 1167 2533 ῥῆμα
1185 2502 1258 2531 τίμιον
1275 2503 1340 2528 τότε,
1354 2502 1391 2523 καὶ
1407 2500 1445 2522 οὐκ
1460 2500 1486 2526 ἦν
1501 2500 1564 2531 ῥῆσις
1579 2509 1669 2534 προφη-

911 2542 1013 2567 τεύουσα.
1029 2545 1078 2571 σιγᾷ
1090 2542 1129 2564 τοῦ
1145 2539 1276 2569 Πνεῦματος
1292 2540 1306 2564 ἡ
1318 2540 1391 2569 χάρις,
1405 2538 1443 2560 οὐκ
1455 2537 1564 2561 ἐδείκνυτο
1575 2536 1617 2570 (al.
1631 2541 1669 2564 οὒκ

914 2578 1034 2611 &izit-fib
1054 2583 1117 2605 Θεὸς.
1136 2578 1210 2605 irtaco-h
1234 2578 1269 2600 ἐπὶ
1283 2578 1412 2606 &measa-rou
1431 2576 1468 2598 obt
1485 2577 1510 2603 ἦν
1529 2578 1542 2603 ἡ
1559 2580 1669 2610 χάρις’,ού

1516 2631 1523 2648 Ι
1537 2631 1544 2649 Ι
