1904 2840
609 205 642 227 IN
669 203 877 227 MATTRAEUM.

133 279 192 308 quae
205 267 331 298 diabolus
340 264 434 307 juissit,
460 266 507 296 ille
519 266 567 296 etsi
583 266 710 304 loquatur
730 271 756 294 et
772 263 873 302 videat,

131 315 261 347 quantum
275 314 364 337 tamen
374 307 410 336 ad
419 308 509 336 Deum
523 312 615 336 mutus
622 312 648 335 et
658 315 742 334 caecus
751 311 800 334 est.
814 305 875 334 Non

130 347 202 377 enim
215 347 264 376 ille
276 347 350 377 videt
360 348 447 377 Deum
461 346 510 385 qui
527 345 576 375 scit
595 347 682 375 Deum
691 368 699 382 ,
716 343 763 373 sed
777 343 822 382 qui
836 345 875 373 ti-

131 393 187 416 met
198 393 225 416 et
237 386 328 426 diligit
338 388 436 416 Deum.
451 386 507 423 Qui
519 392 608 415 autem
622 386 697 414 timet
705 391 731 413 et
744 394 796 413 non
811 383 876 413 dili-

131 426 181 466 git,
194 436 290 460 nomen
304 427 353 456 Dei
367 425 510 466 cognoscit,
522 435 575 455 non
589 431 755 464 potestatem.
771 423 807 453 Et
827 423 875 462 qui

117 473 188 496 -orat
204 473 231 495 et
249 466 352 506 psallit,
364 472 389 495 et
408 476 461 495 non
480 465 543 495 facit
557 475 616 504 quae
629 463 732 499 laudat,
753 463 801 492 ille
811 473 875 492 cor-

131 517 198 547 pore
210 505 340 545 loquitur,
353 505 442 535 animo
455 511 544 534 autem
557 511 635 534 tacet.
651 506 700 534 25.
713 503 874 542 Stupebant

131 552 228 575 autem
241 547 343 581 turboe,
357 546 486 574 dicentes
497 557 504 573 :
516 544 669 584 Numquid
678 544 727 573 hic
739 549 782 572 est
785 543 873 583 filius

132 586 257 615 David?
271 586 360 622 Quam
380 595 429 625 pro
450 585 490 614 rie
510 584 593 621 dixit,
615 584 774 623 Stupebant
785 595 793 611 .·
808 582 873 621 quia

132 624 222 664 ipsum
245 624 365 654 nondum
378 596 504 654 sciebant.
518 625 603 653 Nemo
615 623 686 652 enim
706 629 793 662 potest
811 632 873 652 vere

128 663 252 704 judicare
264 664 299 694 de
309 675 390 704 opere
402 664 505 703 aliquo,
520 663 572 693 nisi
585 673 725 703 personam
740 661 873 702 opwantis

131 705 285 743 cognoverit
297 705 358 743 quis
366 711 415 734 est.
428 705 542 748 Utputa,
553 703 577 732 si
587 710 798 746 magnumopus
810 701 873 731 facit

131 742 283 784 discipulus
295 743 411 784 alicujus
421 743 542 780 artificis,
555 743 696 778 miramur,
711 752 775 780 quia
789 741 871 770 disci-

131 783 217 822 pulus
235 783 352 823 alicujus
373 783 532 812 constitutus
549 782 602 812 tale
622 792 691 821 opus
707 782 795 821 potuit
806 791 873 811 con-

132 832 276 852 summare.
290 823 319 854 Si
341 830 430 852 autem
451 821 544 852 fecerit
562 821 633 851 illud
655 822 713 861 ipse
734 821 870 860 magister,

132 872 186 891 non
210 862 273 892 satis
293 863 434 892 miramur.
447 861 529 899 Quod
541 861 612 890 enim
625 871 753 900 magnum
773 867 828 896 est,
844 867 872 889 ut

130 902 364 931 exercitatissimus
376 902 501 941 magister
509 901 661 941 faciat'opus
674 900 822 940 magnum?
832 901 873 929 lta

131 947 157 970 et
167 942 240 971 Deus
249 941 441 980 qualecumque
451 952 520 986 opus
529 941 631 978 fecerit,
641 941 730 970 minus
743 947 780 970 est
792 950 873 979 quam

130 987 245 1020 potestas
253 981 415 1021 ipsius.1deo
428 981 525 1010 faciens
534 980 620 1010 Filius
635 980 686 1010 Dei
700 980 871 1015 miraculum,

131 1030 184 1050 non
192 1027 329 1060 stuporem
340 1021 433 1050 debuit
444 1021 570 1055 excitare,
582 1020 629 1049 sed
641 1019 730 1049 fldem.
743 1020 794 1049 Vis
805 1019 874 1048 scire

131 1060 196 1099 quia
209 1071 270 1090 eum
282 1071 334 1090 non
348 1067 540 1100 cognoverunt,
553 1060 613 1089 ideo
624 1059 785 1099 stupebant?
799 1058 872 1088 Audi

130 1099 198 1138 quid
211 1100 321 1130 dicunt:
337 1100 488 1139 Numquid
501 1101 548 1128 hic
566 1105 608 1128 est
619 1099 700 1138 filius
714 1100 828 1128 David?
843 1097 873 1128 Si

131 1139 203 1168 enim
217 1140 403 1179 cognovissent
415 1150 488 1174 eum,
506 1149 653 1177 numquam
669 1138 798 1174 dicerent,
815 1140 874 1167 Hic

132 1180 266 1218 estfilius
274 1180 376 1208 David
383 1191 391 1207 :
403 1179 449 1208 sed
460 1179 589 1215 dicerent,
599 1178 648 1208 Hic
659 1185 699 1207 est
710 1178 798 1208 Filius
810 1177 869 1207 Dei.

131 1219 181 1248 2⁴.
198 1219 343 1248 Pharisaei
356 1226 454 1248 autem
464 1219 624 1252 audientes,
643 1217 780 1247 dixerunt
793 1231 800 1247 :
815 1219 873 1247 Hic

132 1268 193 1286 non
205 1259 283 1298 ejicit
294 1259 450 1294 doemonia,
467 1259 525 1287 nisi
543 1260 575 1286 in
588 1257 750 1287 Beelzebub
768 1259 872 1298 princi-

129 1309 166 1337 pe
179 1298 399 1327 doemoniorum.
412 1298 572 1328 Videamus.
589 1297 722 1327 Dixerunt
736 1298 787 1327 hoc
799 1298 871 1328 Pha—

130 1337 210 1373 risaei,
227 1345 274 1367 aut
295 1337 501 1377 cogitaverunt?
514 1339 602 1368 Causa
615 1343 704 1366 autem
717 1338 872 1376 questionis

130 1387 163 1406 ex
176 1387 207 1406 eo
225 1384 276 1411 est,
289 1376 415 1415 quoniam
434 1377 478 1407 hie
500 1377 610 1416 quidem
631 1375 872 1407 dicitePharisoei

129 1423 228 1446 autem
248 1418 410 1453 audientes,
430 1418 577 1446 dixerunt.
592 1417 624 1446 In
644 1416 763 1454 sequenti
781 1424 870 1446 autem

906 204 1024 228 uouit..
1046 205 1144 229 xxix.
1600 195 1670 243 859

893 268 912 291 Δ
927 272 1018 305 aperte
1030 266 1171 303 dixissent,
1185 275 1211 297 et
1224 267 1273 297 iste
1286 278 1301 297 e
1312 274 1404 297 contra
1418 267 1614 308 respondisset:
1626 268 1670 297 di-

927 315 1047 334 ceremus
1059 306 1170 335 forsitan
1183 307 1248 345 quia
1269 306 1330 336 ideo
1350 314 1441 336 contra
1458 307 1541 337 verba
1557 307 1683 338 illoruni*

927 345 1076 384 respondit,
1100 353 1129 375 ut
1146 346 1318 376 confunderet
1333 347 1462 377 malitiam
1475 358 1578 377 eorum.
1591 348 1671 378 Nunc

927 391 1015 414 autem
1030 385 1198 415 manifestum
1222 393 1260 416 est
1287 387 1349 425 quia
1370 386 1431 415 ideo
1452 387 1601 427 respondit,
1617 398 1670 417 non

927 430 957 453 ut
968 424 1140 454 confunderet
1147 425 1276 455 malitiam
1287 436 1388 463 eorum,
1398 426 1445 455 sed
1456 433 1484 456 ut
1497 434 1600 456 sanaret
1614 427 1672 456 vul-

926 471 1044 494 neratam
1063 465 1251 494 conscientiam
1272 465 1402 505 ipsorum,
1419 473 1448 495 ut
1464 466 1584 496 videntes
1597 467 1671 507 cogi-

926 503 1038 533 tationes
1059 514 1121 533 suas
1141 505 1169 534 in
1189 505 1279 534 v'erbis
1301 506 1369 545 ejus,
1393 506 1435 535 vel
1461 506 1501 535 sic
1519 506 1671 545 intelligant

925 542 988 581 quia
1000 553 1053 573 non
1066 550 1104 573 est
1113 544 1204 581 homo,
1212 544 1260 583 qui
1270 544 1351 574 corda
1362 545 1506 584 cognoscit.
1520 546 1671 584 Tamquam

925 582 948 611 si
960 582 996 612 ita
1005 582 1077 613 dicat
1089 583 1124 613 ad
1132 594 1177 614 eos
1189 595 1195 612 τ
1209 585 1276 613 Puta
1290 584 1354 623 quia
1367 584 1497 614 daemonia
1511 596 1572 614 cum
1584 586 1671 625 potuit

926 632 1018 651 sanare
1029 623 1189 660 Beelzebub,
1205 623 1340 663 numquid
1363 630 1447 664 potest
1460 625 1610 654 Beelzebub
1624 636 1671 655 oc-

925 661 999 691 culta
1006 662 1094 692 cordis
1099 663 1217 703 aspicere
1225 663 1239 692 ¹?
1249 664 1341 692 Omne
1349 674 1469 704 reg-num
1477 665 1629 694 adversum
1639 675 1671 694 se

926 702 1063 738 divisum,
1071 703 1262 732 desolabitur.
1273 703 1356 732 Aliud
1364 711 1402 733 est
1409 703 1585 743 impossibile,
1593 705 1671 734 aliud

924 741 1034 772 salsum.
1048 742 1219 783 Impossibile
1228 750 1277 780 est,
1290 743 1362 811 quod
1373 743 1434 772 fieri
1444 753 1496 772 non
1511 750 1596 782 potest
1601 756 1610 782 ;
1621 745 1670 774 fal-

925 792 985 810 sum
990 788 1088 818 autem,
1096 782 1170 821 quod
1177 782 1236 812 fieri
1244 783 1291 821 qui
1312 794 1353 812 em
1363 789 1459 823 potest,
1471 783 1571 812 factum
1579 790 1669 813 autem

925 831 978 850 non
991 829 1040 851 est.
1056 821 1138 859 Quod
1151 832 1213 862 ergo
1227 823 1244 852 J
1247 822 1316 851 udaei
1329 822 1458 858 adversus
1472 822 1611 852 Christum
1623 823 1667 852 di-

891 868 908 891 Β
925 861 1028 898 cebant,
1040 862 1169 901 possibile
1181 861 1293 901 quidem
1306 869 1374 899 erat,
1390 873 1484 892 verum
1504 869 1593 891 autem
1615 872 1667 892 non

924 908 992 930 erat.
1007 901 1150 938 Quomodo
1169 912 1223 930 non
1243 909 1299 931 erat
1319 902 1435 931 verum?
1453 901 1525 938 Quia
1543 901 1668 932 Christus

923 940 1034 979 quidem
1046 941 1073 970 in
1087 941 1237 970 Beelzebub
1250 952 1303 970 non
1320 941 1431 981 ejecerat
1443 941 1575 971 daemonia
1588 954 1594 970 :
1608 941 1668 971 fleri

924 987 1014 1009 autem
1031 987 1143 1021 poterat,
1160 988 1190 1010 ut
1202 981 1230 1010 in
1243 992 1256 1009 s
1278 981 1341 1010 iritu
1360 980 1461 1010 diaboli
1474 980 1607 1010 daemones
1620 992 1666 1011 ex-

924 1020 1097 1064 pellerentur.
1125 1020 1244 1060 Numqui
1283 1020 1410 1050 Pharisaei
1420 1043 1427 1057 ,
1450 1021 1570 1050 homines
1594 1020 1667 1050 docti

925 1069 952 1087 m
965 1060 1049 1096 malo,
1064 1060 1115 1089 hoc
1126 1059 1255 1090 adversus
1267 1061 1414 1089 Dominum
1426 1060 1665 1100 blasphemassent,

925 1098 976 1128 nisi
986 1110 1018 1129 co
1054 1099 1171 1129 ovissent
1182 1099 1240 1129 fieri
1256 1099 1353 1140 posse?
1367 1100 1434 1129 Nam
1447 1100 1544 1128 salsum
1557 1099 1667 1138 quidem

925 1137 1013 1168 dicere
1044 1139 1165 1168 ominum
1182 1146 1221 1168 est
1236 1139 1416 1178 malignorum
1436 1151 1442 1167 τ
1456 1139 1519 1178 quia
1533 1139 1599 1169 falsa
1612 1151 1664 1177 res,

924 1178 947 1207 si
961 1178 1028 1208 bene
1046 1179 1197 1208 continuata
1218 1179 1307 1214 fuerit,
1321 1189 1384 1208 vera
1397 1185 1423 1208 et
1436 1178 1575 1208 credibilis
1594 1180 1665 1209 aesti-

924 1225 1022 1247 matur.
1043 1220 1112 1248 Rem
1125 1225 1214 1248 autem
1228 1218 1422 1259 impossibilem
1440 1218 1529 1248 dicere
1549 1218 1667 1248 insensa·
1712 1222 1724 1226 “

923 1264 1012 1287 torum
1022 1258 1162 1287 hominum
1171 1265 1221 1295 est,
1235 1269 1286 1287 non
1297 1258 1429 1287 malorum
1443 1270 1449 1287 ε
1462 1258 1524 1297 quia
1535 1258 1607 1297 quod
1617 1258 1666 1287 im-

958 1297 1050 1327 ssibile
1059 1297 1267 1332 est‚defensione
1278 1308 1331 1326 non
1341 1297 1454 1336 indiget,
1464 1297 1526 1336 quia
1539 1298 1664 1337 impossi-

941 1337 1013 1366 ilitas
1024 1337 1062 1366 rei
1075 1338 1189 1377 seipsam
1202 1336 1329 1366 defendit.
1345 1337 1426 1374 Quod
1442 1336 1575 1367 daemones
1588 1337 1664 1367 dixi-

921 1386 982 1405 mus
993 1387 1009 1406 a
1016 1377 1165 1406 Beelzebub
1173 1387 1249 1417 posse
1258 1376 1499 1416 expelli,quantum
1507 1376 1541 1406 ad
1551 1377 1664 1417 primam

921 1416 1014 1445 faciem
1033 1416 1153 1446 diximus
1173 1427 1261 1456 posse,
1276 1416 1423 1445 secundum
1438 1416 1511 1455 quod
1524 1417 1603 1446 multi
1621 1427 1662 1447 se-

128 1455 229 1486 dicitur
240 1457 288 1492 ita,
302 1456 402 1485 Sciens
412 1457 497 1486 Jesus
509 1457 700 1496 cogitationes
712 1466 828 1485 eorum:
844 1464 870 1486 et
887 1464 906 1488 c
921 1455 1046 1485 ductores
1066 1456 1193 1486 videntur
1209 1456 1361 1495 expellere:
1378 1467 1406 1485 re
1419 1467 1482 1485 vera
1502 1463 1590 1485 autem
1610 1456 1663 1486 iiu-

129 1505 182 1524 non
200 1495 281 1532 dixit,
295 1495 414 1525 Audiens
435 1495 505 1525 dicta
523 1506 629 1525 eorum.
645 1495 720 1532 Quid
732 1503 795 1540 ergo
808 1497 870 1525 est?

128 1536 252 1565 Forsitan
260 1534 368 1573 quidam
381 1534 519 1571 dixerunt,
531 1534 578 1564 sed
587 1545 621 1564 ex
633 1535 702 1564 mala
713 1535 871 1574 cogitatione

129 1573 266 1604 dixerunt.
280 1575 445 1612 Frequenter
455 1574 526 1603 enim
536 1573 630 1603 dicunt
644 1574 764 1603 homines
774 1574 809 1603 de
821 1575 870 1604 ali-

130 1624 196 1652 quo,
208 1613 281 1652 quod
295 1623 349 1642 non
367 1619 407 1642 est
424 1623 530 1649 verum,
542 1623 595 1642 non
617 1619 706 1642 autem
724 1613 818 1642 dicunt
835 1625 870 1643 ex

130 1653 200 1681 mala
213 1652 384 1692 cogitatione,
398 1659 428 1681 ut
450 1652 577 1692 derogent
590 1652 627 1687 ei,
648 1652 695 1682 sed
708 1652 803 1682 dicunt
823 1663 870 1682 ne-

130 1693 241 1722 scientes
255 1692 292 1721 rei
304 1691 451 1721 veritatem.
466 1692 502 1721 Hi
514 1699 602 1721 autem
616 1691 742 1721 Pharisaei
753 1702 786 1721 ex
799 1692 869 1722 mala

128 1731 286 1770 cogitatione
298 1731 425 1760 dixerunt
436 1731 533 1761 falsum
546 1730 580 1760 de
592 1731 711 1767 Christo,
726 1742 778 1761 non
792 1732 867 1772 igno-

130 1778 217 1800 rantes
228 1771 267 1800 rei
280 1771 429 1806 veritatem,
444 1770 492 1800 sed
510 1778 539 1800 ut
553 1770 727 1809 derogatoriis
741 1772 870 1801 sermoni-

128 1811 181 1840 bus
194 1810 252 1840 istis
262 1811 394 1850 populum
407 1821 422 1839 a
435 1810 489 1839 fide
501 1810 604 1840 Christi
616 1817 772 1840 averterent.
786 1810 870 1842 Vide-

129 1850 194 1879 bant
205 1851 276 1879 euim
289 1850 396 1879 turbam
411 1857 571 1890 stupentem,
583 1860 614 1879 ac
625 1849 756 1879 dicentem
769 1863 775 1879 :
787 1851 869 1880 Non-

130 1900 167 1919 ne
180 1891 228 1919 hic
246 1896 289 1919 est
299 1890 380 1928 filius
403 1890 502 1919 David
511 1892 524 1917 P
538 1891 605 1926 Quae
619 1890 702 1919 verba
721 1890 868 1930 appropin-

129 1930 268 1968 quantium
282 1936 358 1958 erant
378 1929 413 1959 ad
426 1929 517 1959 fidem.
530 1929 595 1958 Ideo
612 1929 738 1958 Pharisaei
761 1930 868 1959 excitati

130 1969 158 1998 iu
171 1969 239 2006 zelo,
253 1979 286 1999 ne
300 1969 359 1998 viso
376 1969 506 1998 miraculo
520 1969 579 2008 ejus
599 1968 736 1998 crederent
748 1969 776 1997 in
793 1980 866 2005 eum,

128 2008 257 2038 dixerunt
273 2019 279 2036 ε
294 2008 368 2046 Quid
383 2015 493 2054 stupore
505 2008 589 2037 nimio
602 2008 760 2045 movemini,
775 2019 791 2037 o
804 2009 868 2045 viri,

129 2048 196 2086 quid
209 2048 345 2088 superflua
359 2047 449 2077 dicius
462 2048 554 2082 verba,
567 2054 690 2087 putantes
702 2058 734 2077 ne
748 2048 822 2078 filius
835 2048 870 2078 sit

128 2087 237 2117 David?
251 2088 307 2117 Nos
328 2088 465 2117 manifeste
477 2087 672 2127 cognoscimus,
685 2087 811 2126 quoniam
824 2087 869 2117 hic

128 2137 181 2156 non
192 2127 266 2167 ejicit
273 2126 415 2164 daemonia,
427 2127 478 2156 nisi
487 2127 515 2156 in
525 2127 673 2156 Beelzebub
685 2127 805 2167 principe
815 2127 869 2156 dae-

129 2166 292 2195 moniorum.
305 2168 439 2203 Quoniam
450 2177 512 2211 ergo
525 2166 560 2195 ita
572 2166 712 2202 dixerunt,
726 2177 778 2195 non
792 2167 869 2206 igno-

130 2211 218 2234 rantes
231 2205 269 2234 rei
282 2206 421 2235 veritatem
433 2218 440 2234 ε
455 2205 573 2235 sciebant
585 2205 656 2235 enim
670 2205 744 2244 quod
757 2206 868 2246 spiritus

130 2251 227 2273 satanae
238 2254 290 2272 non
308 2244 463 2284 hujusmodi
481 2245 642 2274 miraculum
662 2252 788 2284 operatur
804 2245 870 2275 :sed

130 2294 164 2312 ex
178 2283 247 2312 mala
266 2283 435 2322 cogitatione,
449 2290 476 2313 et
495 2294 530 2312 ex
548 2284 640 2313 invido
663 2284 817 2323 proposito,
839 2291 870 2314 ιιι

130 2329 278 2352 averterent
296 2323 425 2362 populum
439 2334 455 2352 a
472 2322 525 2351 fide
542 2323 641 2352 Christi
656 2336 662 2351 :
678 2322 739 2352 ideo
758 2322 869 2360 dicitur,

130 2364 181 2392 25.
193 2362 293 2392 Sciens
305 2369 401 2391 autem
414 2363 500 2392 Jesus
510 2365 697 2402 cogitationes
708 2372 816 2399 eorum,
828 2364 871 2392 di-

131 2403 175 2430 xit
189 2403 241 2430 eis.
256 2404 308 2430 Aut
320 2408 400 2436 certe,
411 2402 480 2431 sicut
493 2401 649 2441 simpliciter
661 2411 748 2431 sermo
761 2400 871 2431 demon·

131 2447 207 2477 strat,
222 2440 278 2470 haec
294 2441 420 2470 Pharisaei
442 2451 494 2470 non
513 2440 652 2477 dixerunt,
671 2440 719 2470 sod
738 2442 871 2480 cogitave-

131 2487 207 2509 runt.
218 2480 291 2509 Mala
305 2487 395 2509 autem
405 2491 498 2510 eorum
517 2490 578 2509 cum
600 2487 686 2509 essent
705 2480 872 2518 abscondita,

132 2518 202 2557 qnid
219 2529 313 2549 nocere
329 2526 449 2559 poterant
471 2519 562 2559 gloriae
576 2519 702 2549 Christi?
715 2519 805 2550 Nihil.
819 2521 875 2558 Qui

132 2558 206 2586 enim
220 2558 321 2588 malum
336 2559 445 2598 cogitat,
462 2570 488 2588 se
521 2558 602 2595 crdit,
617 2558 731 2588 alterum
748 2569 801 2589 non
813 2570 875 2599 gra-

134 2603 190 2626 vat.
207 2597 260 2627 sed
274 2597 337 2627 vide
359 2598 493 2628 misericor
517 2598 567 2627 iam
588 2598 700 2628 Christi.
713 2599 743 2629 Si
763 2599 804 2629 illi
826 2599 877 2629 hoc

922 1495 1048 1534 possibile
1056 1502 1106 1530 est,
1113 1495 1176 1524 utin
1183 1495 1467 1525 Beelzebubdaemoncs
1473 1495 1646 1540 expellantur
1656 1508 1662 1525 :

920 1534 983 1572 quia
993 1534 1130 1579 expellens
1142 1534 1355 1571 daemonem‚non
1364 1534 1568 1573 propterodium
1577 1535 1663 1574 ipsius

920 1573 1060 1608 daemoms,
1075 1583 1092 1602 n
1129 1584 1161 1602 ue
1183 1580 1292 1612 propter
1311 1573 1424 1602 salutem
1442 1573 1560 1603 hominis
1576 1573 1662 1613 ipsius

920 1613 992 1652 ejicit
999 1584 1126 1647 camasi
1136 1620 1165 1641 ut
1177 1611 1296 1642 videntes
1304 1611 1397 1651 perdat
1403 1612 1664 1653 deceptos,quicum-

921 1662 973 1690 que
979 1651 1170 1681 crediderintei
1176 1651 1221 1682 vel
1228 1651 1358 1680 ministris
1367 1652 1435 1692 ejus,
1446 1652 1518 1690 quod
1526 1653 1610 1698 possit
1617 1653 1663 1692 eji-

920 1701 978 1720 cere
992 1691 1135 1727 daemoncs.
1148 1692 1217 1721 Nam
1229 1691 1336 1731 ejiciens
1346 1702 1419 1728 eum,
1435 1702 1487 1721 non
1502 1691 1574 1731 ejicit
1587 1703 1660 1729 eum,

920 1730 967 1759 scd
985 1730 1122 1760 concludit
1135 1741 1197 1760 cum
1213 1741 1255 1766 eo,
1267 1737 1297 1759 ut
1307 1730 1376 1759 inter
1413 1731 1591 1771 raecipientcm
1604 1731 1660 1761 dae-

919 1780 1024 1799 monem
1033 1777 1059 1799 et
1065 1770 1179 1800 alterum
1185 1769 1351 1800 obedientem
1361 1741 1521 1800 seducantur
1527 1770 1647 1801 videntes
1652 1794 1659 1801 .

921 1808 987 1838 ldco
1004 1817 1029 1839 et
1052 1810 1184 1841 Dominus
1208 1809 1292 1839 sciens
1318 1809 1380 1848 quia
1402 1811 1430 1838 in
1450 1810 1582 1840 schemate
1607 1811 1660 1851 eji-

919 1850 1039 1886 ciuntur,
1066 1859 1118 1878 non
1142 1849 1170 1878 in
1193 1849 1304 1880 veritate
1319 1862 1325 1878 ε
1342 1859 1394 1878 non
1417 1849 1451 1878 ad
1475 1850 1590 1884 schema,
1613 1850 1660 1880 sed

918 1888 954 1918 ad
966 1889 1050 1928 ipsam
1063 1888 1201 1918 veritatem
1215 1888 1362 1929 respondit,
1378 1888 1468 1918 dicens
1482 1901 1489 1918 t
1508 1890 1601 1918 Omne
1613 1901 1660 1919 re-

918 1939 1007 1968 gnum
1020 1929 1051 1957 in
1061 1930 1185 1968 seipsum
1204 1929 1341 1964 divisum,
1358 1929 1547 1958 desolabitur.
1561 1929 1594 1958 Id
1607 1937 1658 1966 est,

916 1969 994 1998 Sicut
1005 1977 1056 1996 non
1070 1975 1155 2008 potest
1172 1968 1242 2004 fieri,
1258 1975 1287 1997 ut
1299 1968 1359 2006 quis
1373 1979 1401 1997 sc
1416 1975 1588 2008 persequatur
1600 1980 1607 1997 :
1623 1969 1661 1998 sic

918 2018 970 2036 non
980 2014 1019 2036 est
1028 2007 1167 2051 possibile,
1178 2014 1207 2037 ut
1218 2007 1342 2036 diabolus
1353 2006 1492 2037 diabolum
1501 2008 1598 2048 ejiciat.
1609 2009 1660 2038 Re-

888 2057 905 2080 ι)
919 2057 1002 2087 gnum
1011 2046 1112 2076 diaboli
1123 2054 1162 2076 est
1174 2057 1252 2076 omne
1263 2047 1376 2083 malum,
1386 2058 1498 2087 regnum
1509 2054 1596 2077 autem
1610 2048 1661 2077 Dei

920 2097 997 2115 omne
1010 2086 1122 2115 bonum.
1137 2087 1210 2126 Ergo
1223 2086 1348 2116 diabolus
1362 2097 1410 2116 rex
1421 2087 1485 2116 mali
1498 2100 1504 2116 :
1523 2087 1547 2116 si
1559 2088 1659 2116 bonum

918 2126 1006 2162 faciat,
1015 2125 1072 2165 ipse
1078 2125 1197 2156 destruet
1205 2136 1316 2165 regnum
1324 2137 1414 2163 suum,
1423 2127 1485 2165 quia
1494 2126 1622 2157 adversus
1633 2137 1660 2156 se
1670 2136 1747 2153 cxx-n

920 2166 982 2205 agit.
991 2165 1065 2195 Sicut
1071 2165 1248 2195 enimmalum
1256 2165 1384 2196 adversus
1390 2167 1491 2195 bonum
1498 2167 1661 2195 contrarium

921 2212 994 2234 estet
1004 2205 1142 2242 nocivum,
1151 2205 1190 2235 sic
1197 2205 1298 2235 bonum
1306 2204 1435 2235 adversus
1444 2206 1546 2235 malum
1560 2212 1661 2234 contra-

921 2245 992 2274 rium
1003 2251 1042 2274 est
1056 2251 1082 2273 et
1093 2245 1229 2274 nocivum.
1239 2244 1358 2285 Ejiciens
1371 2246 1459 2283 itaque
1471 2244 1660 2274 diabolusdia·

920 2284 1025 2318 bolum,
1043 2283 1177 2314 delusorie
1198 2295 1250 2313 non
1273 2285 1372 2313 bonum
1386 2284 1459 2320 facit,
1474 2283 1519 2312 sed
1539 2284 1659 2319 malum;

923 2323 951 2353 id
963 2330 1011 2360 est,
1023 2333 1075 2353 nou
1087 2323 1216 2354 adversus
1230 2335 1257 2353 se
1269 2323 1335 2362 agit,
1344 2323 1391 2352 sed
1405 2334 1453 2362 pro
1467 2333 1494 2351 se
1508 2334 1515 2350 :
1533 2322 1596 2360 quia
1608 2332 1661 2350 non

922 2362 1112 2403 ejiciendorum
1122 2363 1272 2393 daemonum
1280 2363 1363 2401 gratia
1376 2362 1448 2402 ejicit
1460 2361 1603 2395 daemones,
1615 2360 1663 2390 sed

923 2402 1136 2432 seducendorum
1156 2403 1296 2432 hominum
1319 2412 1409 2431 causa.
1428 2402 1497 2430 Nam
1516 2399 1626 2439 expedit
1638 2406 1664 2429 et

924 2442 990 2482 ipsis
1003 2442 1169 2472 daemonibus
1192 2440 1322 2471 obaudire
1348 2440 1401 2468 sibi
1414 2439 1530 2468 invicem
1544 2440 1571 2467 in
1584 2439 1664 2468 sche-

926 2488 1038 2518 mate,et
1051 2482 1125 2511 exire
1134 2481 1168 2511 de
1180 2491 1300 2520 corpore.
1313 2478 1413 2508 Melius
1424 2484 1463 2507 est
1476 2477 1547 2507 enim
1557 2478 1581 2507 ei
1592 2478 1666 2507 exire

926 2520 960 2550 de
984 2531 1106 2561 corpore,
1120 2528 1146 2549 et
1169 2520 1284 2548 animam
1306 2528 1436 2557 occupare
1452 2527 1460 2543 ι
1478 2527 1560 2546 unum
1574 2516 1667 2546 dimit-

928 2567 994 2597 tere,
1010 2567 1036 2589 ct
1056 2560 1186 2599 plurimos
1227 2556 1354 2587 assidere.
1369 2556 1439 2592 Quia
1454 2555 1477 2585 si
1499 2566 1551 2585 non
1575 2556 1669 2586 exierit

929 2599 965 2629 de
975 2610 1096 2639 corpore,
1106 2569 1329 2638 corpusliominis
1346 2595 1530 2626 tantummodo
1541 2595 1669 2636 possidet,
