1904 2840
88 446 136 468 Iota
148 450 229 476 myste-

89 479 146 499 rium
154 477 228 499 habet.

92 1036 178 1059 Matth.
194 1043 214 1058 1.

94 1066 130 1090 18.

88 1433 181 1455 Ibidem.

250 207 321 256 754

241 290 348 321 regum,
366 277 458 309 David
473 277 603 323 :nprimiis
621 276 791 317 pontificum.
809 276 888 306 Jesus
907 275 983 306 filius
1000 277 1022 301 Α
1038 277 1084 307 Sic
1095 284 1152 307 erat
1163 276 1308 313 mirabilis,
1324 283 1354 308 ut
1371 276 1419 316 qui
1434 282 1524 317 patres

240 319 382 351 Josedech.
407 319 463 348 Hos
485 328 513 346 in
537 317 623 357 figura
644 315 746 346 Christi
770 316 853 346 fuisse
875 315 983 346 dubitat

240 370 329 390 nemo.
342 360 422 389 Forte
437 357 499 387 ideo
518 356 721 396 quatuordecim
740 356 920 396 generationes
969 374 982 378 -

238 407 352 435 nuntur,
365 398 394 428 id
405 404 455 434 est,
469 405 563 436 quater
571 396 735 432 decem,hoc
748 402 787 424 est
800 402 894 434 quater
902 366 982 426 cliiii-

239 447 306 469 stus.
329 440 385 468 Iota
405 438 478 467 enim
500 437 577 466 litera
595 436 696 466 Christi
715 435 872 476 mysterium
889 435 980 464 habet.

239 479 304 509 Ideo
318 488 381 517 ergo
391 477 606 516 quatuordecim,
625 475 752 516 quoniam
766 482 807 504 ter
824 474 933 514 quidem
947 474 981 503 fi-

239 525 350 558 guratus
361 517 486 547 Christus
499 523 620 546 ostensus
631 522 680 552 cst,
693 521 789 554 quarto
801 521 890 544 autem
903 525 982 544 verus

238 558 363 588 Christus
376 557 511 597 apparuit.
525 557 586 594 Qua
603 555 705 584 ratione
724 554 798 595 apud
817 556 918 584 Lucam
937 564 982 583 se-

237 598 478 638 ptuagintaseptem
510 594 691 635 generationes
718 601 856 635 ponuntur
881 593 982 624 Christi

238 637 399 668 renascentis
420 647 455 666 ex
473 635 619 677 baptismo,
638 634 666 664 in
685 634 796 675 proprio
817 643 982 673 exponemus

238 677 309 707 loco.
330 677 386 707 Hic
405 683 495 706 autem
513 675 650 712 dicamus,
672 685 726 714 qua
746 674 849 703 ratione
866 672 982 712 quadra-

258 717 377 747 intaduae
402 715 583 756 generationes
602 721 741 754 ponuntur
761 713 864 743 Christi
884 722 980 742 secun-

236 728 304 786 dum
316 767 424 787 carnem
436 755 566 785 nascentis
580 754 606 784 in
621 754 764 783 mundum.
780 752 984 792 Quadi-aginta-

238 796 294 826 duo
314 797 397 832 enim,
415 806 463 826 sex
486 795 696 835 septimanarum
716 803 845 823 numerus
863 798 912 821 est.
929 792 984 822 Sex

238 843 328 866 autem
348 846 487 872 numerus,
511 834 600 904 operis
619 840 645 863 et
666 833 766 863 laboris
786 842 914 862 numerus
932 838 981 868 est,

238 876 367 916 quoniam
380 875 408 904 in
422 886 469 905 sex
479 874 525 904 die
544 884 576 903 us
587 874 671 903 sactus
681 880 720 902 est
729 872 860 907 mundus,
873 871 919 910 qui
934 881 982 911 po·
1001 876 1020 900 B

239 917 307 946 situs
320 923 359 946 est
373 916 401 944 in
414 925 506 955 opere,
519 921 545 943 et
557 913 656 950 labore,
664 919 689 942 et
702 912 806 941 dolore.
815 910 984 941 Convenien-

239 963 280 985 ter
285 966 349 995 ergo
359 954 461 986 Christi
467 953 597 984 nascentis
609 953 636 982 in
647 951 779 982 mundum
789 951 823 981 ad
830 951 949 980 laborem
958 957 985 980 et

240 995 361 1025 dolorem
376 993 615 1034 quadragintaduae
635 992 815 1032 generationes
834 997 982 1031 ponuntur,

241 1035 400 1076 mysterium
408 1034 571 1064 continentes
582 1033 670 1072 operis
681 1038 707 1061 et
715 1031 841 1061 laboris.t
847 1030 877 1061 8.
888 1030 984 1060 Gene-

241 1077 316 1104 ratio
334 1081 432 1104 autem
445 1074 553 1103 Christi
570 1074 612 1102 sic
624 1077 698 1101 erat.
714 1071 851 1108 Quoniam
860 1069 983 1110 superins

240 1115 355 1151 dixerat,
369 1114 453 1144 Jacob
465 1120 555 1142 autem
573 1111 665 1152 genuit
681 1111 794 1151 Joseph,
809 1109 853 1139 cui
865 1109 981 1149 despon-

239 1161 295 1184 sata
309 1154 396 1184 Maria
409 1153 500 1193 genuit
513 1154 607 1183 Jesum
621 1164 627 1180 :
643 1162 677 1180 ne
696 1150 795 1189 aliquis
814 1149 983 1179 audientium

239 1195 391 1229 aestimaret,
408 1194 446 1222 sic
459 1203 515 1222 esse
533 1191 634 1221 Christi
653 1190 828 1224 nativitatem,
848 1188 983 1228 quomodo

239 1232 446 1272 praecedentium
460 1238 577 1272 patrum,
591 1230 648 1270 ipse
659 1229 780 1260 ordinem
792 1239 847 1258 suae
857 1229 985 1258 narratio-

240 1272 282 1301 nis
295 1272 442 1312 praecidens
455 1270 572 1306 addidit,
582 1277 607 1299 ct
616 1269 684 1299 dicit
695 1281 702 1297 ε
716 1270 873 1298 Gens-ratio
887 1274 983 1297 autem

242 1312 351 1342 Christi
363 1314 405 1341 sic
422 1317 485 1340 erat
500 1322 507 1338 :
523 1321 554 1339 ac
565 1309 588 1338 si
608 1308 691 1346 dieat,
708 1309 852 1337 Generatio
874 1307 983 1345 quidem

240 1362 344 1387 eornm,
360 1362 428 1389 quos
439 1349 625 1389 exposuimus,
638 1355 756 1388 patrum,
772 1347 811 1376 sic
824 1347 876 1376 fuit
885 1357 982 1385 quem-

240 1390 386 1421 admodum
397 1390 477 1420 retuli
492 1402 499 1418 x
515 1388 616 1419 Christi
628 1394 716 1416 autem
724 1387 857 1425 generatio
867 1396 920 1415 non
932 1385 980 1423 ita,

239 1431 287 1460 sed
298 1431 346 1460 sic.
359 1429 519 1468 Quomodo?
534 1429 634 1457 Maria
646 1437 710 1456 cum
720 1433 793 1456 esset
806 1427 982 1465 desponsata

238 1471 358 1511 Ioseph,
369 1472 540 1510 priusquam
554 1467 752 1503 convenirent,
766 1467 888 1495 inventa
898 1467 980 1495 estin
998 1474 1017 1498 c

238 1516 319 1540 utero
340 1511 451 1539 habens
461 1521 472 1538 .-
485 1507 514 1537 id
534 1513 583 1543 est,
599 1517 634 1536 ex
653 1505 759 1545 virgine
775 1505 832 1535 sine
847 1511 933 1545 patre,
950 1511 981 1534 ut

236 1551 295 1590 ejus
311 1549 508 1588 generationem
527 1555 697 1582 enumerans,
716 1545 750 1574 de
771 1545 872 1574 semine
891 1544 982 1574 David

237 1600 300 1619 eum
312 1588 479 1619 descendisse
487 1585 608 1616 ostendat
615 1584 763 1614 secundum
774 1584 825 1613 Dei
836 1583 978 1624 promissa,

236 1636 262 1659 et
275 1635 351 1658 extra
362 1635 484 1658 naturam
495 1627 640 1656 humanam
653 1624 820 1655 nativitatem
828 1625 887 1664 ejus
895 1633 980 1662 expo-

237 1679 301 1699 nens
314 1669 424 1705 sactam‚
434 1666 595 1707 mysterium
607 1663 714 1694 deitatis
725 1664 783 1703 ejus
795 1663 909 1703 aperiat.
924 1664 981 1693 Nec

237 1709 309 1738 enim
322 1708 437 1747 dignum
446 1714 513 1743 erat,
521 1713 552 1735 ut
562 1703 725 1744 Unigenitus
735 1704 797 1740 Dei,
804 1713 856 1732 non
870 1709 979 1743 propter

237 1759 276 1784 se,
291 1748 336 1777 sed
350 1754 460 1788 propter
472 1746 594 1776 homines
608 1753 727 1781 nascens,
741 1753 816 1772 more
828 1749 981 1772 nasceretur

236 1787 366 1816 humano.
380 1789 468 1817 Homo
481 1785 590 1815 enimin
604 1793 683 1813 carne
696 1783 822 1819 nascitur,
837 1789 867 1812 ut
881 1793 979 1812 eorru-

237 1827 324 1867 ptioni
339 1827 474 1867 subjaceat
490 1839 496 1855 :
508 1824 633 1856 Christus
642 1830 731 1852 autem
745 1829 823 1852 natus
836 1829 886 1859 cst,
900 1828 930 1851 ut
942 1832 981 1851 sa-

237 1873 282 1896 net
295 1867 504 1906 corruptionem.
516 1865 593 1895 Sicut
604 1872 667 1901 ergo
684 1873 737 1891 non
753 1869 793 1891 est
805 1871 979 1907 consequens,

238 1914 269 1936 ut
278 1906 462 1946 corruptibilis
473 1905 553 1934 homo
561 1912 670 1932 nascens
681 1913 714 1931 cx
725 1901 981 1942 incorruptibilitate

237 1945 400 1992 virginitatis
413 1951 538 1974 nascatur
551 1954 558 1972 ε
573 1943 612 1972 sic
624 1952 677 1971 non
692 1949 747 1971 erat
761 1951 934 1980 consequens,
950 1947 981 1971 ut

238 1985 402 2025 Unigenitus
420 1984 482 2021 Dei,
504 1983 550 2022 qui
571 1981 632 2011 ideo
653 1982 822 2018 nascebatur,
836 1988 866 2010 ut
886 1991 980 2010 corm-

238 2025 357 2064 ptionem
369 2030 482 2060 sanaret,
498 2028 650 2052 nasceretur
660 2032 694 2051 ex
707 2021 877 2061 corruptione
888 2021 980 2060 eonju-

239 2064 288 2103 gii.
302 2065 388 2094 Homo
399 2074 434 2093 ex
443 2063 596 2092 necessitate
605 2061 733 2098 nascitur,
743 2068 774 2090 ut
784 2061 819 2090 sit
834 2073 841 2090 :
854 2060 979 2090 Christus

239 2111 328 2133 autem
342 2113 395 2132 non
408 2113 442 2132 ex
455 2102 609 2132 necessitate
621 2107 733 2137 naturae,
748 2107 779 2130 ut
792 2107 870 2137 esset,
885 2098 932 2129 sed
944 2109 978 2129 ex

239 2143 379 2173 voluntate
389 2140 578 2172 misericordiae
590 2146 620 2169 ut
632 2140 756 2170 salvaret.
767 2139 910 2177 Quomodo
916 2149 980 2178 ergo

237 2183 341 2223 justum
351 2189 401 2220 est,
414 2189 444 2211 ut
454 2192 538 2210 unum
551 2179 728 2218 eumdemque
747 2180 860 2209 habeant
878 2179 980 2210 nativi-

239 2223 301 2252 tatis
311 2223 440 2251 honorem
452 2221 592 2250 necessitas
605 2226 632 2248 et
643 2219 788 2248 voluntas?
803 2219 902 2249 Merito
914 2229 978 2258 ergo

240 2269 332 2292 contra
350 2268 450 2291 naturae
467 2261 590 2290 humanae
609 2259 729 2298 regulam
750 2266 827 2288 natus
844 2265 894 2294 est,
915 2259 978 2297 quia

118 2307 233 2330 mirandus
242 2309 297 2332 crat
309 2311 391 2342 super
403 2308 536 2330 naturam.
550 2298 624 2330 Vide
637 2305 725 2327 autem
745 2308 842 2328 novam
854 2305 879 2327 et
892 2298 981 2327 admi-

91 2340 174 2361 C¹¹¹³⁸¹³
196 2348 233 2361 Μ·
242 2341 353 2372 randam
372 2340 476 2371 Christi
493 2339 670 2374 nativitatem,
684 2337 714 2367 id
727 2345 776 2375 est,
793 2348 841 2377 per
860 2338 981 2367 homines

91 2375 135 2396 tus,
150 2370 234 2392 scilicet

92 2409 132 2430 Fer
155 2410 233 2431 pecca·
243 2393 277 2422 l'e

95 2438 159 2455 tores.

278 2388 404 2419 ccatores,
418 2391 467 2421 per
484 2379 609 2409 mulieres
625 2377 786 2414 meretrices,
799 2384 826 2406 et
836 2377 981 2413 adulteras,

243 2429 268 2451 et
281 2421 403 2461 gentiles.
419 2420 473 2451 Sed
485 2419 545 2449 talis
555 2418 686 2460 generatio
695 2427 748 2446 non
759 2416 879 2446 sordidat
889 2417 980 2455 digni-

242 2459 487 2498 tatemChristi‚sed
497 2456 880 2489 commendatmisericordiam
886 2456 980 2496 ipsius.

278 2556 290 2574 b
308 2556 339 2579 In
350 2553 443 2579 Codice
455 2551 533 2577 Vallis
543 2551 589 2577 Dei
601 2550 642 2576 h'ic
652 2550 740 2582 incipit
755 2548 858 2574 homilia
875 2548 992 2574 secunda.

277 2601 287 2612 ἢ
305 2593 375 2618 Editi
385 2593 411 2618 in
421 2600 501 2626 marg.
510 2597 535 2616 et
544 2589 630 2616 Codex
641 2590 672 2614 V.
681 2590 712 2614 D.
724 2594 750 2613 ut
764 2589 918 2622 virginitatis
937 2597 995 2622 gra-

245 2634 312 2658 tiam.

840 213 925 237 OPUS
952 214 1188 239 lMPERFECTtJM

1608 276 1783 318 adoptionem

1037 316 1100 346 fecit
1109 324 1135 346 et
1147 316 1247 357 genuit,
1255 327 1270 346 a
1282 316 1348 346 filiis
1359 323 1522 346 nasceretur.
1559 316 1610 346 acti
1620 324 1683 347 sunt
1729 324 1782 348 tra

1038 356 1107 396 ejus,
1123 367 1239 395 quorum
1252 366 1306 386 non
1317 362 1374 386 erat
1386 355 1472 386 fitius.
1483 357 1539 386 Iste
1551 356 1608 386 illis
1617 356 1687 386 bene
1707 357 1780 386 cium

1038 396 1171 441 praestitit,
1193 402 1224 425 iit
1239 403 1307 425 esset
1322 395 1397 425 iilius
1416 406 1519 425 eorum.
1539 395 1585 425 Illi
1605 403 1695 426 autem
1712 396 1781 426 niliil

1036 435 1080 464 isti
1093 435 1284 479 praestiterunt,
1300 441 1330 464 ut
1342 442 1429 464 essent
1440 441 1529 475 patres
1545 435 1641 475 ipsius.
1657 436 1712 465 ln*
1726 435 1781 466 ho-

1038 474 1157 504 minibus
1170 481 1258 515 patres
1276 474 1348 504 filios
1365 475 1419 504 sibi
1434 473 1570 515 adoptant,
1582 479 1651 514 quos
1664 474 1718 515 ipsi
1731 475 1782 505 de-

1038 514 1157 543 siderant
1173 527 1179 543 :
1196 514 1240 543 hic
1251 521 1341 543 autem
1361 513 1436 544 filius
1457 514 1510 543 sibi
1530 513 1668 554 adoptavit
1679 521 1780 555 patres,

1791 442 1800 452 '
1811 444 1904 466 omnibns

1038 564 1106 592 quos
1126 553 1184 593 ipse
1203 553 1294 593 elegit.
1317 553 1378 583 Illic
1399 553 1450 583 filii
1463 564 1480 583 a
1492 554 1615 594 patribus
1629 554 1783 594 suscipiunt
1800 562 1803 566 ⁴

1039 593 1223 632 generositatis
1235 593 1403 632 dignitatem,
1419 593 1465 624 hic
1484 600 1573 623 autem
1591 599 1680 634 patres
1693 604 1710 622 a
1721 594 1781 624 filio

1039 632 1241 672 siisccpei·unt.¹'
1258 634 1331 662 Cam
1344 640 1417 663 esset
1427 634 1604 672 desponsata
1613 639 1709 663 mater
1717 635 1780 674 ejus

1790 638 1876 661 Hamil.
1898 639 1904 660 l

1039 673 1139 702 Maria
1145 673 1266 712 Joseph,
1276 674 1446 712 priusquam
1455 675 1651 710 convenirent,
1660 674 1781 703 inventa
1789 670 1814 692 5¹²
1826 670 1885 693 '¹³⁵⁸’

1039 718 1083 742 est
1092 713 1125 741 ιή
1138 719 1218 742 utero
1229 714 1340 742 liabens
1350 713 1387 742 de
1398 713 1507 752 Spiritu
1517 720 1629 743 sancto.
1645 713 1782 750 Quoniam

1038 751 1160 781 futurum
1178 759 1244 787 erat,
1263 759 1294 781 ut
1315 763 1406 782 omnes
1422 752 1507 784 sancii
1518 751 1554 781 de
1563 751 1670 791 virgine
1688 762 1782 782 nasce-

1039 798 1135 821 rentur
1145 792 1277 829 Ecclesia,
1292 791 1449 832 desponsata
1456 791 1574 828 Christo,
1584 791 1645 822 ideo
1656 791 1781 822 Christus

1038 831 1157 861 nascitur
1168 831 1203 861 de
1213 831 1319 871 virgine
1337 832 1506 872 desponsata,
1521 841 1555 861 ne
1565 830 1675 872 dignius
1687 841 1780 861 nasce·-

1039 877 1132 900 rentiir
1151 872 1221 902 servi
1241 882 1322 910 quain
1345 871 1489 901 Dominus.
1504 870 1559 901 Sed
1578 878 1609 901 ut
1627 871 1780 912 peremnia

1038 909 1091 939 filii
1112 918 1227 951 paternae
1255 911 1402 941 nativitatis
1467 911 1579 941 i-fectum
1611 910 1781 941 imitarentur

1038 950 1202 995 exemplum,
1214 950 1275 980 ideo
1284 957 1311 980 et
1322 950 1411 980 Maria
1442 957 1580 991 espousata
1591 957 1648 981 erat
1657 950 1735 980 fabro
1747 950 1780 979 li-

1038 999 1132 1028 gnario
1147 1002 1154 1020 :
1170 990 1298 1030 quoniam
1321 997 1347 1020 ct
1367 990 1493 1020 Christus
1515 1000 1629 1030 sponsus
1653 989 1780 1020 Ecclesiae
1797 993 1803 998 '

1038 1038 1143 1058 omnem
1154 1030 1267 1060 salutem
1278 1030 1420 1059 hominum
1432 1036 1458 1059 et
1469 1040 1548 1064 omne
1560 1040 1576 1059 ο
1596 1040 1629 1060 us
1639 1040 1719 1059 suum
1730 1040 1779 1069 per

1037 1068 1144 1108 lignum
1161 1069 1248 1100 crucis
1265 1070 1352 1099 fuerat
1371 1076 1540 1115 operaturus.
1561 1070 1574 1099 1
1594 1080 1626 1100 eo
1646 1076 1735 1099 autem
1752 1075 1779 1098 et

1037 1107 1195 1154 desponsata
1208 1116 1234 1138 et
1243 1109 1317 1139 domi
1329 1109 1431 1145 habita,
1446 1115 1477 1139 ut
1488 1108 1657 1149 desponsatio
1668 1108 1727 1149 ipsa
1741 1108 1773 1137 fi-
1787 1116 1847 1134 mv

1039 1147 1108 1177 delis
1123 1156 1200 1186 essct,
1221 1156 1248 1179 et
1263 1148 1448 1178 fornicationis
1469 1149 1646 1194 opprobrium
1663 1159 1679 1178 a
1695 1155 1779 1178 matre

1039 1188 1209 1233 repelleret,⁸
1221 1196 1248 1218 et
1260 1188 1424 1227 virginitatis
1441 1188 1554 1228 gloriam
1570 1190 1706 1218 nascituro
1718 1189 1778 1217 Do-

1039 1238 1113 1256 mino
1131 1235 1288 1258 reservaret.
1307 1228 1338 1258 Si
1354 1227 1436 1264 enim,
1457 1227 1522 1267 quia
1539 1227 1569 1257 in
1589 1227 1671 1258 domo
1688 1227 1779 1268 sponsi

1016 1275 1020 1279 ·
1038 1267 1153 1307 peperit,
1167 1267 1289 1297 infideles
1301 1267 1390 1298 Judaei
1404 1267 1545 1304 dixerunt,
1557 1267 1665 1297 Nonne
1675 1269 1725 1298 hic
1736 1273 1779 1297 est

1038 1307 1217 1346 Jesusfilius
1230 1308 1342 1347 Joseph
1351 1310 1365 1335 P
1375 1313 1475 1346 quanto
1493 1307 1579 1347 magis
1596 1307 1620 1336 si
1635 1314 1711 1337 extra
1727 1307 1777 1338 do·

1038 1356 1113 1374 mum
1132 1356 1145 1375 s
1165 1347 1224 1375 onsi
1245 1346 1400 1392 peperisset,
1424 1345 1524 1376 dicturi
1543 1347 1648 1376 fuerant
1663 1359 1670 1376 ε
1685 1348 1780 1377 Nonne

1038 1384 1083 1414 hic
1094 1392 1133 1414 est
1146 1357 1226 1416 §esus
1246 1386 1320 1415 filius
1337 1385 1503 1415 meretricis?
1515 1386 1585 1415 Nam
1599 1386 1779 1425 'quemadmo-

1037 1423 1103 1453 dum
1117 1425 1145 1453 in
1160 1435 1201 1462 ea,
1215 1435 1274 1464 quae
1285 1425 1314 1453 in
1327 1424 1408 1454 domo
1423 1424 1474 1454 viri
1487 1425 1614 1465 concipit,
1620 1425 1780 1465 intelligitur

1038 1464 1175 1504 conceptio
1188 1464 1318 1494 maritalis
1333 1475 1340 1492 :
1355 1464 1433 1493 sicin
1446 1474 1488 1501 ea,
1502 1474 1563 1503 quae
1575 1471 1649 1494 extra
1668 1464 1779 1495 domum

1037 1504 1165 1544 concipit,
1178 1511 1218 1533 est
1230 1510 1351 1544 suspecta
1370 1503 1517 1544 conceptio.
1541 1504 1631 1544 Magis
1649 1515 1714 1550 ergo
1730 1516 1779 1535 vo-

1037 1542 1090 1572 luit
1107 1544 1250 1581 Dominus,
1269 1550 1301 1573 ut
1319 1543 1428 1572 haberet
1448 1549 1533 1572 mater
1550 1543 1609 1583 ejus
1628 1545 1779 1575 maritalem

1037 1583 1229 1623 suspicionem,
1245 1593 1327 1622 quam
1339 1582 1523 1612 soi-nicationis
1537 1583 1715 1624 opprobrium
1727 1596 1777 1625 pa-

1037 1628 1148 1652 teretur.
1161 1623 1333 1663 Antequam
1346 1623 1544 1658 convenirent,
1559 1624 1681 1653 inventa
1691 1631 1732 1654 est
1746 1626 1778 1653 in

1038 1669 1117 1691 utero
1133 1663 1255 1692 habens.
1270 1663 1331 1692 Non
1344 1661 1427 1698 dixit,
1445 1661 1605 1701 Priusquam
1622 1662 1752 1703 acciperet
1768 1676 1775 1693 ε

1037 1701 1095 1738 sed,
1111 1702 1272 1741 Priusquam
1286 1701 1469 1738 convenirent,
1485 1701 1592 1732 inventa
1605 1709 1646 1732 est
1659 1702 1687 1731 in
1700 1710 1777 1733 utero

1037 1741 1137 1771 habens
1153 1754 1159 1770 :
1174 1742 1239 1781 quia
1249 1742 1307 1782 jam
1319 1751 1378 1771 acce
1399 1748 1424 1771 ta
1438 1747 1494 1770 erat
1507 1741 1534 1771 in
1546 1741 1638 1772 domo.
1653 1743 1776 1788 Virgini-

1036 1787 1076 1810 tas
1089 1782 1161 1811 enim
1178 1788 1218 1811 est
1234 1781 1382 1821 incorrupti
1404 1780 1475 1810 iliias
1489 1793 1496 1810 ε
1510 1780 1524 1797 “’
1538 1781 1777 1822 incorruptibilitas

1036 1827 1125 1850 autem
1131 1820 1273 1860 virginitas
1287 1821 1344 1861 ipsa
1357 1821 1469 1851 sincera.
1478 1819 1543 1850 Ideo
1551 1831 1625 1862 ergo,
1636 1828 1776 1861 antequam

1037 1861 1219 1898 convenirent,
1244 1867 1387 1900 conceptus
1409 1867 1448 1890 est
1469 1860 1607 1897 Christus,
1628 1868 1659 1891 ut
1677 1871 1726 1891 nec
1741 1861 1777 1891 de

1036 1901 1207 1940 corruptione
1227 1899 1469 1946 incorruptibilitas
1490 1907 1657 1937 nasceretur,
1672 1911 1721 1930 nec
1741 1912 1776 1931 ex

1055 1940 1158 1970 assione
1167 1941 1287 1980 corporis
1295 1947 1435 1978 utriusque
1443 1946 1495 1969 tem
1516 1940 1573 1970 lum
1581 1940 1635 1970 sibi
1643 1941 1776 1971 Dominus

1062 1979 1188 2009 bricaret.
1203 1980 1273 2010 Dico
1290 1985 1379 2008 autem
1396 1989 1450 2008 non
1469 1990 1485 2009 a
1526 1978 1735 2020 desperationem
1749 1987 1776 2010 et

1036 2019 1219 2049 confusionem
1236 2025 1393 2059 nuptorum,
1411 2019 1459 2048 sed
1477 2018 1512 2048 ad
1530 2019 1736 2050 consolationem
1749 2027 1776 2050 et

1036 2058 1149 2097 gloriam
1163 2058 1366 2094 continentium,
1382 2058 1509 2097 quoniam
1522 2058 1579 2088 haec
1592 2059 1650 2098 ipsa
1664 2059 1777 2099 conjun-

1035 2097 1089 2127 ctio
1102 2098 1232 2127 maritalis
1253 2098 1354 2127 malum
1377 2104 1417 2127 est
1437 2104 1498 2127 ante
1517 2099 1604 2127 Deum
1620 2110 1628 2126 :
1642 2109 1695 2128 non
1713 2099 1776 2128 dico

1034 2144 1183 2177 peccatum,
1197 2136 1246 2167 sed
1257 2137 1370 2166 malum.
1384 2138 1454 2166 Nam
1466 2143 1596 2176 quantum
1606 2137 1641 2167 ad
1655 2145 1776 2168 naturam

1034 2177 1073 2207 rei
1087 2177 1183 2218 ipsius,
1205 2183 1343 2217 peceatum
1362 2183 1417 2215 est;
1431 2176 1599 2206 concessione
1615 2184 1705 2207 autem
1724 2179 1776 2207 Dei

1033 2217 1132 2247 sactum
1144 2224 1193 2253 est,
1204 2223 1234 2246 ut
1246 2227 1298 2246 non
1312 2216 1347 2246 sit
1359 2222 1506 2256 peecatum.
1518 2217 1680 2253 Quomodo?
1691 2218 1775 2257 ᾠοτ-

1034 2257 1105 2287 tebat
1122 2257 1206 2294 enim,
1229 2262 1260 2286 ut
1275 2256 1362 2291 ¹homo
1378 2256 1563 2296 corruptibilis
1583 2263 1735 2286 nasceretur
1746 2256 1775 2286 in

1034 2297 1145 2334 mundo,
1159 2303 1190 2326 ut
1209 2303 1298 2336 posset
1315 2296 1422 2331 tentari,
1437 2302 1467 2325 ut
1486 2302 1602 2326 tentatus
1620 2303 1771 2332 coronetur.

1034 2337 1064 2367 Si
1076 2344 1165 2366 autem
1178 2335 1390 2376 incorruptibilis
1402 2336 1487 2365 sactus
1497 2335 1600 2372 suisset,
1613 2335 1708 2365 tentari
1720 2345 1774 2364 non

1035 2383 1146 2417 poterat.
1160 2376 1190 2407 Si
1202 2386 1267 2406 vero
1281 2385 1334 2405 non
1347 2375 1507 2413 tentabatur,
1517 2385 1566 2404 nec
1576 2375 1754 2405 coronabatur
1763 2386 1771 2402 ε

1035 2416 1098 2455 qnia
1113 2415 1353 2455 incorruptibilitas
1363 2415 1533 2444 tentationem
1544 2424 1598 2443 non
1607 2414 1695 2443 sentit.
1708 2413 1773 2444 Ideo

1034 2466 1098 2496 crgo
1104 2457 1202 2486 sactum
1212 2462 1262 2493 est,
1275 2462 1304 2484 ut
1316 2466 1350 2485 ex
1358 2454 1480 2495 passione
1488 2453 1576 2484 carnis
1586 2459 1611 2483 et
1622 2454 1772 2493 sanguinis,

1054 2549 1067 2568 b
1084 2548 1153 2573 Editi
1169 2549 1194 2572 in
1213 2556 1291 2581 marg.
1307 2553 1333 2572 et
1350 2547 1380 2571 V.
1400 2547 1430 2572 D.
1452 2546 1674 2580 incorruptibilitas
1691 2552 1773 2571 autem

1024 2588 1115 2611 veritas
1126 2589 1181 2620 ipsa
1190 2597 1197 2611 .·
1211 2593 1237 2612 et
1247 2595 1306 2612 mox
1318 2586 1394 2612 iidem
1406 2591 1542 2619 atweqiiam
1558 2586 1715 2611 conveniterit
1725 2595 1772 2610 na-

1022 2632 1060 2650 ms
1072 2632 1107 2651 est
1119 2625 1238 2651 Christus.
