1890 2826
758 220 802 245 DE
826 221 1080 246 MELCHISEDECO
1087 237 1094 245 .

129 283 245 324 ἕπιφέρει
272 283 324 324 γὰρ
347 283 440 323 λέγων,
462 282 680 323 Ἀφωμοιωμένος
701 285 741 324 τῷ
764 284 823 324 ruf,
852 286 898 313 τοῦ

129 331 200 359 Θεοῦ
209 341 216 348 ·
239 333 252 346 ⁶
261 329 330 359 οὕτω
351 330 389 358 δεῖ
401 333 479 366 νοεῖν,
499 329 540 359 ὅτι
561 329 651 370 ὥσπερ
673 329 719 358 καὶ
738 332 816 369 ἡμεῖς
837 332 897 359 κατ’

129 374 217 404 εἰκόνα
229 376 300 405 Θεοῦ
309 374 455 415 γεγόναμεν
467 375 513 406 καὶ
523 375 658 415 ὁμοίωσιν,
668 377 737 405 οὕτω
753 375 798 405 καὶ
811 375 897 410 αὐτός.

129 420 253 451 Ἰουδαῖοι
267 420 316 460 μὲν
329 420 382 461 γὰρ
399 421 477 451 αὐτὸν
490 421 611 461 λέγουσιν
624 423 655 451 ἐκ
666 422 791 462 πορνείας
802 433 897 461 γεννη-

128 466 206 496 θέντα
218 489 227 505 ,
251 467 298 496 καὶ
318 467 362 496 διὰ
374 471 452 497 τοῦτο
466 468 671 508 ἄγενεαλόγητον
685 468 818 508 γενέσθαι·
831 468 898 508 πρὸς

128 512 173 546 οὓς
182 513 302 554 ἐροῦμεν,
319 512 360 543 ὅτι
381 516 470 547 κακῶς
491 525 564 554 φατε.
580 514 632 543 Καὶ
643 513 695 554 γὰρ
709 514 755 544 καὶ
767 514 896 554 Σολομὼν

127 560 159 589 ἐκ
172 561 220 595 τῆς
232 562 279 589 τοῦ
293 558 392 599 Οὖρίου
403 560 534 599 γεννηθεὶς
552 560 674 600 γυναικὸς
688 560 841 600 μοιχαλίδος
853 573 897 600 γε-

128 606 298 644 νεαλογεῑται.
310 605 380 635 Ἀλλ’
393 606 484 642 ἐπειδὴ
498 608 512 635 ὁ
524 606 694 646 Μελχισεδὲκ
706 606 787 640 τύπος
807 602 841 643 ἧν
851 609 896 636 τοῦ

128 651 241 691 Κυρίου,
263 651 309 681 καὶ
330 651 420 682 εἰκόνα
432 651 507 692 ἔφερε
527 655 575 682 τοῦ
594 653 729 693 Χριστοῦ,
747 651 836 686 καθως
851 652 898 682 καὶ

128 696 235 732 Ἰωνᾶς,
246 696 290 726 διὰ
302 700 380 727 τοῦτο
393 700 413 733 ἦ
425 697 520 738 Γραφὴ
533 698 679 738 παρέλιπεν
693 699 772 728 αὐτοῦ
785 698 830 727 τὸν
842 710 898 728 πα-

128 742 207 783 τέρα,
220 742 264 772 ἵνα
277 744 304 772 ἐν
318 743 427 783 bizim),
436 744 555 785 καθάπερ
570 745 598 774 ἐν
608 744 705 781 εἰκόνι,
727 744 771 774 τὸν
794 745 898 781 ἀληθῶς

128 788 251 829 ἀπάτορα
269 789 314 819 καὶ
326 790 532 829 ἀγενεαλόγητον
545 790 660 831 Χριστὸν
674 790 897 830 ἐνοτπρισιῖιμεθα.

128 834 305 874 Ἀντιλέγουσι
318 834 346 864 δὲ
359 835 405 865 καὶ
417 839 495 866 τοῦτο
504 839 570 875 ἡμῖν
580 837 605 866 οἱ
616 836 840 876 Μελχισεδεκιταὶ
851 836 896 866 λέ-

128 892 235 919 γοντες·
253 881 290 910 Τί
311 876 356 910 ουν
377 882 449 911 ἐστιν
462 882 477 911 ὃ
489 882 561 921 λέγει
581 882 647 922 πρὸς
666 882 744 912 αὐτὸν
758 884 771 911 ὁ
785 882 897 922 Πατήρ·

129 925 168 956 Σὺ
182 925 266 966 ἱερεὺς
279 928 318 960 εἰς
329 926 375 957 τὸν
388 929 472 957 αἰῶνα
484 928 554 958 κατὰ
566 927 615 964 τὴν
628 928 702 962 τάξιν
717 928 867 968 Μελχισεδέ
867 940 903 964 x;

128 972 203 1011 Πρὸς
213 971 258 1006 οὓς
268 972 390 1012 λέγομεν,
403 973 444 1004 ὅτι
454 969 529 1007 οὗτος
541 976 559 1003 ὁ
569 974 737 1014 Μελχισεδὲκ
767 973 834 1014 ἀνὴρ
858 974 900 1003 86—

128 1029 202 1051 καιος
214 1018 318 1057 γέγονε,
333 1019 378 1048 καὶ
392 1020 496 1056 ἀληθῶς
516 1020 604 1049 εἰκόνα
624 1021 699 1060 ἔφερε
713 1031 760 1049 του
772 1021 904 1060 Χριστοῦ,

128 1064 291 1103 Προφητικῷ
311 1064 397 1093 τοίνυν
416 1077 547 1103 πνευματι
570 1065 719 1104 κινούμενος
729 1087 737 1102 ,
760 1065 809 1101 ἰ-ἡν
832 1065 899 1104 μέλ-

127 1110 228 1138 λουσαν
248 1109 400 1149 προσφορὰν
420 1110 487 1150 ὓπὲρ
509 1113 561 1140 τῶν
581 1112 662 1140 ἐθνῶν
675 1110 900 1150 προσκομίζεσθαι

128 1154 242 1190 νοήσας,
256 1155 330 1195 ἄρτῳ
353 1155 399 1184 καὶ
423 1156 485 1196 οἴνω
505 1156 555 1186 τὸν
563 1156 632 1186 Θεὸν
646 1156 783 1197 ἐγέραιρε,
800 1157 898 1196 μιμού-

130 1211 207 1238 μενος
216 1200 261 1229 τὸν
273 1200 404 1239 μέλλοντα
416 1202 540 1241 Χριστόν.
553 1202 664 1238 Ἐπειδὴ
677 1198 722 1232 ουν
733 1205 750 1238 ἡ
766 1204 898 1232 Ἰουδαίων

130 1246 270 1285 συναγωγὴ
289 1248 317 1275 ἐν
332 1246 404 1280 τάξει
418 1250 464 1276 τοῦ
479 1247 578 1288 Ἀαρὼν
591 1249 682 1278 θυσίαν
700 1249 847 1290 προσέφερε
860 1252 899 1290 τῷ

130 1293 206 1332 Θεῷ,
213 1293 262 1322 οὐκ
274 1291 353 1332 ἄρτον
362 1293 408 1322 καὶ
427 1289 506 1330 οἶνον,
518 1293 587 1323 ἀλλὰ
599 1294 714 1335 μόσχους
727 1295 774 1324 καὶ
784 1295 882 1335 ἀμνους
890 1318 898 1332 ,

130 1337 176 1367 καὶ
188 1338 290 1371 θυσίαις
313 1339 346 1367 δι’
372 1338 484 1377 αἵματος
507 1339 611 1374 ἐδόξαζε
635 1341 679 1370 τὸν
699 1341 787 1377 Θεὸν,
802 1344 816 1371 ὁ
831 1342 900 1376 Θεὸς

129 1382 195 1423 πρὸς
207 1384 252 1413 τὸν
265 1383 396 1423 μέλλοντα
407 1388 548 1424 γεννᾶσθαι
570 1387 601 1415 ἐκ
624 1388 672 1422 τῆς
694 1387 824 1427 παρθένου
838 1389 900 1417 Μοι-

130 1429 187 1468 ρίας
206 1429 311 1465 Ἰησοῦν
330 1430 375 1459 τὸν
389 1431 513 1470 Χριστὸν,
532 1431 577 1461 τὸν
589 1431 654 1462 Υἱὸν
673 1435 719 1462 τοῦ
744 1434 834 1470 Θεοῦ,
850 1435 900 1474 βοᾷ

128 1475 174 1504 καὶ
187 1475 274 1515 λέγει·
289 1475 328 1505 Σὺ
348 1476 432 1516 ἱερεὺς
452 1479 489 1511 εἰς
508 1477 553 1506 τὸν
567 1479 650 1507 αἰῶνα
672 1478 741 1508 κατὰ
756 1479 804 1515 τὴν
825 1479 899 1513 τάξιν

129 1521 297 1560 Μελχισεδέκ
308 1533 315 1540 ·
328 1523 358 1551 οὖ
371 1522 440 1551 κατὰ
452 1522 502 1559 τὴν
513 1523 623 1563 Ἀαρὼν,
634 1527 680 1553 τοῦ
692 1525 719 1553 ἐν
733 1525 842 1565 μόσχοις
855 1525 900 1554 καὶ

131 1566 407 1607 ἄρνασιλατρεύοντος
417 1580 424 1587 ·
438 1568 523 1606 ἀλλὰ,
535 1569 574 1599 Σὺ
589 1570 672 1609 ἱερεὺς
692 1572 729 1604 εἷς
750 1571 794 1600 τὸν
817 1573 900 1600 αἰῶνα

130 1612 199 1641 κατὰ
208 1612 256 1648 τὴν
270 1611 345 1647 τάξιν
355 1614 540 1653 Μελχισεδὲκ,
559 1615 631 1655 ἄρτῳ
646 1616 692 1645 καὶ
708 1616 769 1656 οἴνῳ
782 1616 830 1653 τὴν
846 1618 899 1646 τῶν

131 1658 359 1696 προσκομιζόντων
368 1659 519 1699 προσφορὰν
531 1662 569 1693 εἰς
579 1659 610 1689 τὸ
622 1661 738 1697 διηνεκὲς
749 1662 899 1701 προσάγων.

131 1702 174 1730 Δι’
189 1698 218 1731 οὗ
238 1705 276 1743 τῷ
290 1704 378 1744 Πατρὶ
389 1707 407 1740 ἡ
422 1704 483 1739 δόξα
497 1704 544 1734 σὺν
557 1707 595 1745 τῷ
607 1707 728 1746 παναγίῳ
740 1708 878 1746 Πνεύματι
890 1731 898 1746 ,

131 1751 176 1777 νῦν
190 1747 235 1778 καὶ
249 1748 306 1787 ἀεὶ,
324 1749 371 1779 καὶ
383 1751 419 1784 εἷς
432 1750 493 1784 τοὺς
504 1752 599 1785 αἰῶνας
612 1754 665 1781 τῶν
680 1752 790 1783 αἰώνων.
805 1753 896 1792 Ἀμήν,

164 1937 177 1949 e
192 1929 234 1955 sic
251 1929 395 1963 legendum,
408 1940 459 1957 nou
480 1935 538 1959 οὕτω
554 1935 581 1964 δὴ
600 1927 668 1965 νοεῖν,
688 1939 716 1959 ut
732 1939 799 1959 unte.
813 1933 890 1965 Quod

133 1977 190 1994 nox
202 1968 304 2002 dicitur,
314 1979 403 2003 nempe
418 1970 519 1996 Judaeos
537 1971 627 1997 dixisse
640 1971 847 1998 Melchisedecum
859 1981 889 1998 ex

1621 213 1689 247 313

952 283 1138 323 considerent5
1154 294 1216 314 nam
1234 284 1389 325 subjungit,
1405 285 1595 314 Assimilatus
1611 286 1691 315 Filio
1702 293 1772 315 llehr.
1785 300 1806 322 7.
1818 293 1841 315 3.

951 331 1026 360 Dei.-
1044 331 1081 360 ita
1103 331 1310 372 intelligendum
1327 338 1383 368 est,
1407 331 1498 371 ipsum
1519 341 1630 371 nempe,
1646 343 1692 372 pe-

950 375 1028 406 rinde
1045 383 1124 415 atque
1144 387 1209 415 nos,
1222 377 1258 407 ad
1278 377 1423 417 imaginem
1443 384 1469 406 et
1486 376 1693 407 similitudinem

950 422 1001 451 Dei
1020 423 1120 452 factum
1139 423 1231 453 fuisse.
1248 423 1338 454 Judaei
1355 433 1437 463 porro
1450 422 1544 452 dicunt
1555 423 1645 463 ipsum
1658 434 1692 453 ex

949 468 1123 498 fornicatione
1146 476 1238 498 natum
1256 480 1323 507 esse,
1343 469 1457 508 ideoque
1469 469 1526 498 sine
1540 469 1692 509 genealogia

915 525 934 548 Ε
950 524 1025 546 esse;
1043 515 1143 554 quibus
1165 526 1212 545 nos
1226 515 1348 546 dicemus
1358 539 1366 553 ,
1378 515 1453 555 quod
1474 515 1527 556 ipsi
1551 526 1692 556 perperam

950 561 1104 600 loquantur.
1128 563 1237 592 Etenim
1259 563 1426 600 Salomonis,
1448 563 1496 602 qui
1516 573 1551 592 ex
1571 562 1692 592 adultera

949 607 1025 637 Uriae
1037 618 1121 638 uxore
1137 615 1216 638 natus
1233 615 1288 644 est,
1299 608 1453 649 genealogia
1471 615 1559 638 tamen
1572 607 1692 638 ducitur.

950 654 1005 685 Sed
1017 655 1146 694 quoniam
1160 655 1343 686 Melchisedec
1362 662 1447 696 typus
1457 662 1514 684 erat
1526 655 1653 692 Domini,
1668 662 1694 684 et

949 701 1094 742 imaginem
1114 702 1215 731 ferebat
1234 702 1352 738 Christi,
1365 700 1594 740 quemadmodum
1609 708 1635 731 et
1648 702 1695 732 Jo-

950 758 998 777 nas
1008 771 1016 785 ,
1029 747 1090 777 ideo
1100 749 1240 800 Scriptura
1253 749 1313 788 ejus
1326 755 1428 788 patrem
1439 747 1533 785 tacuit,
1547 755 1577 776 ut
1590 747 1617 777 in
1633 748 1693 784 illo,

950 800 1087 833 tamquam
1109 794 1138 823 in
1156 794 1288 833 imagine,
1311 793 1463 831 Christum,
1486 793 1533 832 qui
1555 804 1619 822 vere
1638 793 1696 823 sine

909 863 945 883 27⁰
933 847 1027 883 ⁰patre
1048 847 1074 869 et
1095 840 1155 869 sine
1182 840 1333 880 genealogia
1359 847 1399 869 est
1408 862 1417 876 ‚
1445 839 1609 868 intueamur.
1637 841 1695 870 Hoc

916 892 936 914 Α
951 886 1032 915 etiam
1045 885 1123 914 nobis
1140 885 1273 925 objiciunt
1290 884 1535 915 Melchisedecitae:
1547 884 1622 921 Quid
1640 885 1694 914 sihi

950 931 1013 961 vult
1022 942 1086 970 ergo
1101 931 1130 960 id
1144 930 1218 970 quod
1231 931 1298 960 dicit
1311 930 1336 960 ei
1347 932 1436 967 Pater,
1454 930 1479 959 T
1478 940 1498 958 ιι
1515 940 1545 958 es
1558 932 1693 960 sacerdos
1703 940 1744 962 Ps
1760 945 1811 969 ¹09
1821 939 1845 970 4.

950 980 983 1007 in
996 985 1137 1007 aeeernum
1151 978 1310 1006 secundum
1326 977 1458 1005 ordinem
1474 977 1692 1007 Melchisedec?

950 1024 1058 1062 Quibus
1066 1023 1269 1063 respondemus,
1276 1022 1504 1052 Melchisedecum
1512 1022 1602 1052 virum
1611 1024 1694 1054 fuisse

947 1070 1064 1110 justum,
1074 1077 1099 1099 et
1109 1080 1172 1099 vere
1193 1069 1336 1108 imaginem
1350 1068 1443 1098 tulisse
1454 1068 1566 1098 Christi.
1580 1069 1633 1099 Ille
1643 1070 1694 1100 ita-

949 1126 1002 1155 que
1021 1115 1180 1156 prophetico
1199 1114 1296 1154 spiritu
1316 1121 1404 1143 motus
1416 1136 1424 1150 ,
1443 1114 1563 1144 futuram
1581 1115 1695 1145 oblatio-

950 1172 1011 1191 nem
1023 1173 1074 1202 pro
1087 1161 1211 1201 gentibus
1221 1159 1407 1201 proferendam
1419 1160 1582 1200 intelligens,
1591 1171 1660 1201 pane
1668 1169 1694 1191 ct

949 1207 1014 1238 vino
1023 1207 1115 1236 Deum
1133 1206 1229 1243 coluit,
1242 1206 1383 1235 christum
1403 1213 1546 1235 venturum
1562 1206 1691 1237 imitatus.

950 1253 1084 1291 Quoniam
1107 1253 1191 1292 igitur
1210 1252 1368 1283 Judaeorum
1390 1262 1524 1292 synagoga
1546 1253 1694 1283 secundum

949 1299 1071 1329 ordinem
1085 1298 1197 1328 Aaronis
1214 1298 1329 1328 hostiam
1347 1298 1476 1327 offerebat
1489 1299 1557 1337 Deo,
1577 1310 1630 1329 non
1641 1311 1694 1340 pa—

916 1351 935 1374 B
950 1356 1011 1375 nem
1024 1353 1050 1375 et
1062 1345 1168 1382 vinum,
1178 1344 1226 1374 sed
1234 1344 1335 1374 vitulos
1344 1350 1370 1373 et
1380 1354 1473 1383 agnos,
1488 1351 1515 1374 et
1527 1346 1644 1375 cruentis
1655 1358 1695 1376 sa-

950 1391 1059 1421 crificiis
1070 1391 1183 1431 gloriam
1195 1390 1255 1420 Deo
1272 1390 1416 1427 referebat,
1429 1392 1504 1420 Deus
1522 1391 1557 1421 ad
1570 1403 1630 1421 eum
1647 1394 1695 1431 qui

950 1448 985 1467 ex
1005 1437 1112 1477 virgine
1135 1436 1224 1467 Maria
1246 1436 1397 1466 nasciturus
1414 1443 1488 1474 erat,
1504 1438 1598 1467 Jesum
1616 1439 1695 1468 Chri-

950 1490 1021 1513 stum
1035 1483 1139 1513 Filium
1150 1482 1212 1519 Dei,
1225 1483 1323 1512 clamat
1333 1489 1359 1512 et
1368 1482 1452 1512 dicit:
1466 1484 1508 1513 Tu
1519 1494 1550 1513 es
1561 1485 1695 1515 sacerdos

951 1531 983 1558 in
995 1536 1135 1559 oeternum
1150 1529 1310 1558 secundum
1328 1530 1460 1558 ordinem
1478 1530 1673 1560 Melchisedec
1678 1543 1694 1568 ;

950 1584 1004 1604 non
1020 1574 1168 1604 secundum
1187 1574 1309 1604 ordinem
1332 1575 1463 1611 Anonis,
1486 1575 1534 1614 qui
1551 1576 1645 1606 vitulis
1668 1584 1694 1607 et

951 1621 1027 1660 agnis
1040 1622 1098 1650 Deo
1108 1620 1213 1650 cultum
1227 1620 1372 1658 referebat3
1385 1619 1442 1657 sed,
1458 1621 1483 1649 T
1481 1631 1500 1649 ιι
1516 1631 1546 1650 es
1561 1623 1695 1652 sacerdos

951 1667 983 1694 in
1002 1672 1142 1695 oeternum
1156 1665 1315 1694 secundum
1332 1665 1464 1694 ordinem
1481 1667 1694 1705 Melchisedec,

953 1722 1021 1751 pane
1034 1718 1060 1740 et
1073 1711 1138 1741 vino
1156 1710 1322 1739 asserentium
1337 1720 1429 1739 eorum
1443 1719 1570 1751 perpetua
1583 1723 1693 1742 munera

954 1757 1011 1785 Deo
1024 1755 1148 1784 offerens.
1163 1755 1215 1784 Per
1227 1764 1307 1793 quem
1322 1754 1395 1783 Patri
1408 1754 1494 1794 gloria
1510 1767 1573 1785 cum
1586 1758 1694 1787 sanctis*

951 1799 1020 1828 simo
1036 1798 1139 1838 Spiritu
1150 1820 1158 1836 ‚
1171 1808 1243 1828 nunc
1253 1804 1282 1827 et
1292 1808 1407 1837 semper,
1419 1805 1445 1828 ct
1457 1799 1485 1829 in
1497 1800 1593 1830 saecula
1606 1811 1692 1831 saecu-

952 1843 1053 1872 lorum.
1067 1843 1164 1871 Amen.

937 1934 1103 1959 fornicatione
1122 1939 1210 1958 natum
1221 1932 1307 1965 fuisse,
1319 1932 1394 1958 refert
1411 1933 1486 1958 etiam
1502 1933 1656 1967 Epiphanius
1667 1936 1693 1960 iu

937 1973 1030 1998 Haeresi
1040 1971 1317 1998 Melchisedecianorum
1327 1981 1352 2005 p.
1362 1972 1419 1998 473.

699 2170 1108 2234 MONITUM

540 2317 608 2353 AD
640 2317 915 2354 HOMILIAM
949 2319 1294 2366 SEQUENTEM.

176 2432 233 2461 Hac
246 2431 378 2469 homilia,
393 2431 543 2461 hactenus'
536 2439 643 2472 ignota,
655 2432 781 2461 nullam
772 2442 801 2461 m
814 2439 870 2462 toto
883 2432 1068 2486 Chrysostomi
1082 2442 1147 2472 ope1
1148 2442 1194 2460 um
1207 2431 1322 2461 decursu
1340 2430 1548 2471 praestantiorem
1560 2440 1616 2458 csse
1625 2438 1697 2459 com

137 2478 270 2517 perlmUS'
285 2479 344 2508 Sive
357 2479 514 2518 elegantiam
528 2486 689 2519 spectemus,
698 2479 755 2509 Sive
767 2489 863 2510 nervos
874 2487 900 2509 (Εἰ

910 2480 996 2516 sales,
1011 2479 1069 2509 sive
1082 2479 1137 2509 alia
1145 2489 1235 2508 rerum
1245 2478 1414 2514 documenta,
1427 2487 1485 2515 quae
1496 2476 1531 2505 ad
1542 2487 1628 2506 mores
1639 2488 1696 2517 per-

138 2523 233 2560 tinent,
248 2523 283 2553 ad
296 2524 502 2554 consuetudines
521 2524 720 2563 ecclesiasticas,
738 2526 924 2566 praecipueque
938 2526 974 2555 ad
991 2525 1142 2555 historiam.
1159 2526 1265 2553 Annum
1287 2524 1357 2553 enim
1375 2522 1475 2551 indicat
1489 2522 1548 2550 Clu
1548 2529 1699 2562 ysostomus

139 2569 236 2599 habitae
255 2570 402 2608 concionis,
417 2570 616 2600 hebdomadam
632 2571 708 2608 item,
724 2582 814 2601 rerum
827 2579 960 2611 gestarum
978 2571 1063 2601 vicem
1081 2578 1107 2599 et
1120 2570 1178 2599 dies
1187 2581 1195 2607 3
1208 2569 1243 2598 ita
1258 2576 1286 2597 ut
1307 2578 1358 2597 non
1374 2578 1457 2606 parva
1469 2567 1532 2596 hinc
1548 2574 1657 2597 eruatur
1669 2568 1700 2597 ad

138 2615 222 2645 vitam
235 2616 317 2646 sancti
331 2615 449 2647 doctoris
461 2617 587 2648 accessio.
606 2618 673 2647 Rem
688 2617 727 2647 uti
742 2625 811 2657 gesta
826 2625 864 2647 est
878 2618 922 2647 hie
935 2617 1028 2647 ordine
1043 2616 1191 2646 referimus.
