1904 2840
79 568 215 596 Juun.6.69.

226 207 298 255 953

776 222 784 225 “
821 217 904 240 OPUS
927 216 1027 240 IMPER
1033 217 1162 240 FECTUM

226 283 302 311 bum.
317 283 403 312 Omne
419 281 491 310 enim
504 280 628 316 verbum,
643 273 718 319 quod
731 290 784 311 non
798 281 878 311 habet
895 280 923 310 in
936 290 964 310 se
984 283 1002 306 A
1019 287 1044 310 et
1059 281 1182 321 *partem
1195 281 1306 320 quidem
1327 290 1420 310 eorum
1438 279 1554 311 comedit
1570 281 1653 311 fames
1668 288 1694 311 et
1707 282 1764 322 gla-

226 322 363 351 veritatem
380 321 440 357 Dei,
453 322 587 349 mortuum
608 326 659 357 est,
669 320 896 359 quemadmodum
908 320 966 350 sine

227 361 356 400 sanguine
376 370 483 399 corpus.
502 361 644 400 Propterea
666 359 755 390 omnia
768 360 850 390 verba
860 360 963 396 divina,

227 400 350 439 quamvis
367 400 467 429 rustica
483 399 537 429 sint
557 406 582 429 et
602 399 788 446 incomposita,
802 399 865 430 viva
878 406 942 428 sunt
957 411 964 427 ε

227 439 352 478 quoniam
375 439 447 468 intus
469 439 497 468 in
514 439 637 469 sensibus
658 450 715 469 suis
734 440 833 469 habent
852 438 966 480 positam

227 479 363 509 veritatem
372 478 434 515 Dei,
442 478 518 518 quasi
530 479 686 518 sanguinem
695 479 722 508 in
732 479 807 509 venis
818 479 964 514 inclusum,

227 526 252 547 ct
266 519 326 548 ideo
341 518 478 549 vivificant
491 517 654 555 audientem,
667 518 735 548 sicut
748 525 859 548 testatur
871 520 967 548 Petrus

227 558 261 587 ad
273 558 422 595 Christum,
437 557 530 587 dicens
542 570 549 586 τ
562 559 628 596 Quo
646 560 773 587 ibimus?
786 559 878 588 verba
894 559 967 587 viva

228 600 327 627 habes.
345 598 444 628 Omnia
465 605 554 627 autem
571 598 653 627 verba
674 597 824 634 saecularia‚
839 597 967 636 quoniam

227 649 279 667 non
302 638 401 667 hahent
414 638 442 666 in
462 648 491 666 se
507 637 636 667 virtutem
657 637 719 674 Dei,
733 644 758 666 et
774 637 899 676 quamvis
915 637 969 667 sint

227 677 373 717 composita
393 684 420 706 et
433 676 579 716 ingeniosa,
594 683 698 706 mortua
712 684 784 713 sunt,
796 677 923 716 quoniam
940 676 968 705 iu

227 717 302 747 veuls
315 727 442 746 sensuum
455 727 566 746 suorum
577 727 630 746 nou
643 716 742 746 habent
754 717 882 746 virtutem
895 716 944 746 Dei
959 728 967 745 =

227 764 367 797 propterea
382 767 431 786 nec
451 756 604 785 audientem
618 756 732 786 salvant.
747 755 902 786 Secundum
913 756 970 785 haec

224 797 280 836 jam
296 796 436 835 intelligis,
448 795 582 835 quomodo
597 796 716 825 haeretici
728 795 854 825 occidunt
865 802 890 825 et
901 795 970 835 lapi-

227 836 292 866 dant
307 836 450 876 prophetas
470 842 496 864 et
514 835 647 875 apostolos
669 835 764 865 missos
783 835 818 864 ad
837 846 875 864 se.
892 836 970 872 Quo-

228 876 295 905 tiens
308 875 381 905 enim
391 875 531 905 veritatem
546 875 691 905 verborum
705 885 797 904 eorum
809 874 900 914 gladio
912 885 971 904 ma-

228 916 296 955 ligni
309 915 421 955 spiritus
433 921 458 944 et
473 915 548 944 verbi
562 914 682 954 perversi
696 921 883 954 corrumpunt,
899 914 973 944 occi-

229 955 297 984 dunt
312 955 454 995 prophetas
467 961 493 983 et
505 954 650 994 apostolos,
666 960 691 983 et
703 954 859 993 sanguinem
872 954 975 983 verbo-

230 1006 291 1023 rum
301 1005 405 1028 eorum,
419 993 447 1022 id
458 994 652 1030 est,veritatem
662 992 807 1023 effundunt
816 994 842 1022 in
856 1000 953 1023 terram
964 1007 970 1023 z

230 1034 325 1063 totiens
338 1033 414 1062 aliud
435 1033 611 1062 intelliventes
628 1033 655 1062 in
669 1032 759 1062 verbis
780 1033 973 1073 prophetarum

231 1080 256 1102 et
270 1073 462 1114 apostolorum,
474 1080 501 1102 et
514 1056 589 1102 alliud
622 1072 802 1111 roloquuntur
816 1073 845 1112 in
858 1073 971 1113 populo,

230 1113 411 1152 blasphemias
429 1123 492 1142 suas
512 1113 589 1151 quasi
620 1111 712 1153 apides
731 1112 860 1151 quosdam
872 1113 974 1152 jactant

231 1163 313 1192 super
321 1152 455 1192 apostolos
464 1159 489 1181 et
497 1152 650 1192 prophetas.
663 1153 803 1191 Quotiens
812 1152 896 1181 volui
906 1163 973 1182 con-

232 1202 351 1232 gregare
360 1192 440 1232 filios
461 1198 536 1228 tuos,
557 1198 608 1220 etc.
625 1191 871 1230 Quotienscumque
888 1193 971 1230 enim,

233 1231 302 1260 sicut
313 1231 445 1268 diximus,
461 1231 530 1260 inter
543 1230 681 1260 haereticos
692 1238 718 1260 et
733 1230 825 1261 fideles
841 1231 904 1261 fidei
915 1243 974 1262 mo-

232 1278 311 1300 vetur
334 1277 465 1300 certamen
476 1293 484 1307 ,
506 1270 643 1300 evidenter
670 1270 730 1300 vult
750 1270 813 1300 illos
842 1272 974 1301 Dominus

233 1320 393 1350 congregare
419 1310 470 1339 sub
491 1310 601 1339 veritate
619 1310 722 1339 alarum
744 1320 866 1345 suarum,
881 1310 910 1340 id
924 1318 973 1348 est,

232 1348 350 1378 duorum
370 1351 612 1385 Testamentorum,
628 1349 864 1388 quotienscumque
881 1350 975 1389 legun·

233 1396 279 1418 tur
292 1388 365 1428 apud
379 1400 424 1418 eos
433 1388 515 1417 verba
530 1388 721 1433 prophetarum
735 1394 760 1417 et
768 1389 971 1428 apostolorum:

235 1428 277 1457 illi
291 1435 380 1458 autem
394 1438 446 1457 non
454 1438 536 1466 quasi
547 1427 685 1457 domestici
698 1427 768 1467 pulli
782 1428 899 1467 gallinae,
914 1440 973 1468 quae

235 1475 274 1497 est
286 1468 416 1504 Ecclesia,
429 1467 476 1496 sed
489 1467 566 1506 quasi
579 1466 713 1497 silvestres
727 1467 796 1507 pulli
809 1469 973 1507 sanguinarii

234 1507 363 1544 vulturis,
375 1514 421 1536 aut
441 1507 586 1546 accipitris,
601 1516 653 1535 non
675 1506 762 1535 solum
781 1506 816 1536 ad
834 1508 973 1538 veritatem

236 1546 352 1575 duorum
365 1547 595 1576 'testamentorum
610 1546 702 1576 venire
722 1556 774 1575 non
793 1547 973 1585 acquiescunt,

236 1585 284 1615 sed
298 1586 388 1615 adhuc
411 1587 517 1615 irruunt
533 1596 614 1625 super
629 1585 638 1614 i
658 1595 714 1614 sam
728 1585 866 1625 gallinam,
881 1586 911 1616 id
922 1594 972 1624 est,

236 1625 395 1661 Ecclesiam,
411 1633 436 1655 et
444 1624 577 1665 diripiunt
593 1631 619 1654 et
653 1625 790 1664 ispergunt
802 1626 893 1665 pullos
903 1627 972 1667 ejus,

237 1672 261 1694 et
280 1665 422 1694 evellicant
445 1675 502 1694 eam
519 1676 525 1691 ε
542 1664 639 1694 totiens
660 1665 720 1694 vult
740 1675 786 1694 eos
803 1675 974 1706 congregare,

236 1705 278 1734 illi
298 1712 386 1734 autem
407 1705 512 1734 nolunt.
528 1704 577 1734 58.
594 1705 672 1733 Ecce
689 1705 871 1744 relinquetur
889 1708 975 1736 vobis

236 1746 339 1774 domus
351 1751 450 1774 vestra
464 1745 591 1779 deserta5
602 1744 630 1773 id
645 1751 694 1780 est,
709 1755 769 1773 ecce
781 1744 861 1782 nunc,
876 1752 977 1785 tempo-

236 1795 265 1813 re
291 1785 410 1813 instanti.
423 1786 492 1813 Cum
506 1794 555 1823 ego
575 1784 652 1813 fuero
666 1783 823 1820 crucifixus,
839 1785 976 1815 scindetur

235 1824 328 1853 velum
339 1824 444 1864 templi,
459 1830 484 1853 et
496 1830 594 1852 secreta
611 1823 738 1863 mysteria
755 1824 900 1854 sanctitatis
917 1825 975 1864 ejus

236 1863 459 1903 publicabuntur,
472 1870 498 1892 et
516 1862 619 1892 recedet
639 1864 673 1892 ab
695 1873 726 1892 eo
739 1863 856 1902 Spiritus
868 1865 928 1893 Dei.
940 1866 976 1894 Et

236 1903 305 1932 sicut
317 1914 414 1943 corpus
426 1903 513 1931 anima
528 1902 666 1932 recedente
682 1903 758 1942 prius
773 1903 883 1941 quidem
893 1904 975 1944 frige-

235 1943 294 1978 scit,
310 1943 408 1972 deinde
426 1942 590 1983 putrescitet
606 1942 722 1972 solvitur
735 1953 741 1970 :
756 1942 793 1972 sic
806 1950 831 1972 et
845 1943 975 1983 templum

235 1989 365 2016 vestrum,
379 1983 428 2012 Dei
446 1982 548 2022 Spiritu
571 1981 707 2011 recedente
725 1982 759 2011 ab
772 1993 813 2017 eo,
827 1982 904 2022 prius
917 1984 976 2022 qui-

234 2021 296 2050 dem
313 2022 497 2057 seditionibus,
511 2028 536 2050 et
550 2020 843 2061 indisciplinationibus
856 2022 975 2062 replebi-

234 2067 279 2090 tur
295 2061 537 2101 tyrannicis,quasi
558 2062 615 2090 Deo
633 2062 690 2100 jum
711 2061 782 2090 illud
801 2071 853 2090 nou
875 2061 974 2101 guber-

234 2108 312 2130 nante
323 2115 329 2137 ;
345 2101 442 2130 deinde
453 2101 542 2130 veniet
554 2099 589 2129 ad
607 2101 723 2129 ruinam.
742 2101 818 2130 Sicut
831 2101 902 2130 enim
914 2108 974 2131 ante

233 2147 346 2169 moriem
359 2140 486 2177 hominis,
498 2139 655 2169 insanabilis
668 2140 795 2184 praecedit
806 2140 947 2170 infirmitas
964 2154 970 2170 z

234 2180 272 2209 sic
285 2187 310 2209 et
332 2187 392 2209 ante
403 2180 508 2209 ruinam
519 2186 566 2208 aut
578 2179 705 2214 hominis,
721 2186 766 2208 aut
779 2179 831 2208 loci
844 2179 970 2219 alicujus,

232 2226 278 2248 aut
286 2219 411 2253 civitatis,
419 2218 625 2248 inemendabilia
632 2218 786 2258 praecedunt
795 2226 911 2258 peccata.
919 2220 973 2249 Sio-

233 2265 261 2287 ut
276 2259 347 2288 enim
357 2259 427 2298 pulli
441 2259 591 2297 frequenter
601 2269 616 2287 a
631 2264 714 2287 matre
724 2259 822 2295 vocati,
838 2270 899 2288 cum
918 2269 970 2288 non

231 2298 411 2334 obaudierint,
426 2309 511 2337 neque
522 2297 628 2336 sequuti
638 2297 739 2326 fuerint
752 2305 873 2335 matrem,
887 2305 971 2328 matre

231 2337 337 2377 longius
351 2338 527 2371 abeunte,aut
537 2337 610 2367 venit
622 2337 759 2376 accipiter,
772 2344 798 2366 et
809 2337 904 2378 diripit
916 2349 969 2376 eos,

231 2384 276 2406 aut
291 2377 398 2416 longius
411 2383 568 2417 evagantur,
584 2383 614 2405 ut
626 2384 734 2415 pereant
747 2389 753 2405 ι
765 2376 804 2406 sic
816 2384 841 2406 et
854 2378 970 2407 Domino

230 2416 379 2454 frequenter
390 2418 406 2446 J
410 2417 498 2445 udaeos
509 2416 762 2454 vocante,quoniam
777 2426 828 2445 non
843 2417 969 2446 obaudie-

230 2462 303 2492 runt,
319 2466 403 2494 neque
421 2456 528 2494 sequuti
550 2462 612 2484 sunt
635 2466 708 2491 eum,
724 2455 861 2485 recedente
874 2456 922 2484 illo
935 2457 970 2486 ab

230 2494 278 2532 eis,
291 2494 325 2523 ad
340 2502 428 2534 gentes
441 2495 514 2525 venit
529 2494 606 2534 quasi
622 2495 747 2536 accipiter
757 2505 805 2525 rex
819 2497 966 2534 Romanus,

261 2586 273 2597 '⁶
293 2584 567 2618 [Commeliu.patrem‚
579 2586 638 2621 sim]

261 2633 271 2644 a
282 2623 335 2659 Qui
343 2625 368 2648 in
379 2624 489 2649 Actibus
499 2625 666 2657 apostolorum
678 2626 838 2660 legunturJn
847 2625 899 2652 ltaec
908 2625 983 2654 verba

1019 320 1093 357 dius,
1107 321 1154 349 alii
1172 327 1260 350 autem
1271 331 1319 361 per
1339 320 1459 360 singulas
1482 320 1634 360 provincias
1647 320 1764 362 dispersi

1021 366 1092 394 sunt,
1104 367 1131 389 ut
1143 361 1271 400 perirent.
1285 361 1334 390 59.
1352 360 1426 390 Dico
1444 362 1521 390 enim
1534 362 1631 396 vobis,
1645 371 1705 390 non
1719 372 1764 391 me

1021 399 1160 428 videbitis
1171 400 1287 436 amodo,
1300 401 1393 429 donec
1405 400 1520 437 dicatis,
1527 401 1702 431 Benedictus
1713 402 1765 442 qui

1021 440 1104 468 venit
1116 440 1148 467 in
1158 442 1275 468 nomine
1291 440 1423 469 Domini.
1434 441 1608 469 Praecessores
1622 441 1705 470 nostri
1719 451 1764 470 ex-

1022 485 1136 517 ponunt,
1149 478 1220 508 circa
1231 479 1321 518 ipsum
1332 479 1405 509 diem
1412 478 1511 519 judicii
1524 485 1550 507 et
1565 480 1765 510 resurrectionis

1021 517 1152 556 quosdam
1161 519 1179 548 J
1182 518 1319 548 udaeorum
1330 518 1480 548 credituros
1489 518 1516 548 in
1524 518 1672 549 Christum.
1682 519 1764 556 Quod

1022 564 1047 586 et
1058 558 1195 597 apostolus
1207 558 1358 597 significare
1367 558 1487 594 videtur,
1502 557 1593 588 dicens
1604 570 1611 587 :
1622 559 1672 588 Ex
1682 565 1766 599 parte
1777 569 1840 591 Ram.
1857 575 1893 592 n.

1024 598 1140 626 coecitas
1149 600 1268 637 contigit
1274 599 1305 626 in
1314 599 1418 635 lsrael,
1425 599 1520 627 donec
1529 598 1683 637 plenitudo
1694 609 1764 639 gen·
1775 600 1814 623 25-
1825 600 1864 624 26-

1025 638 1097 665 tium
1108 638 1242 672 intraret,
1254 645 1283 666 et
1295 639 1339 667 sic
1350 638 1443 668 omnis
1456 637 1552 667 Israe'l
1560 637 1659 667 salvus
1666 639 1762 684 fieret.

1024 676 1060 705 Et
1068 687 1180 715 sequens
1192 677 1271 706 lectio
1285 677 1332 706 illa
1339 684 1393 707 tota
1403 677 1455 707 hoc
1463 677 1553 707 dicere
1562 677 1633 707 velle
1645 677 1766 711 videtur.

1025 715 1054 745 Si
1065 717 1129 755 quis
1146 724 1235 746 autem
1253 717 1413 757 mysterium
1427 717 1478 747 hoc
1494 727 1544 757 per
1553 716 1616 746 illos
1647 723 1703 747 utat
1717 718 1769 747 im-

1026 755 1138 824 pletum,
1153 760 1166 773 ²
1194 757 1221 786 ui
1247 757 1275 785 in
1294 757 1405 786 Actibus
1425 757 1608 797 apostolorum
1641 764 1768 825 c‘funtur,

1048 801 1104 824 etro
1116 806 1170 834 prae
1192 796 1287 833 icante‚
1300 803 1346 826 aut
1360 797 1420 826 aliis
1432 796 1561 837 apostolis
1572 796 1644 826 credi
1665 803 1743 826 erunt
1759 807 1767 824 z

1027 834 1159 873 intelligat
1171 842 1280 875 propter
1291 843 1344 866 tres
1357 847 1450 866 causas
1461 847 1513 865 non
1524 846 1581 865 esse
1591 847 1685 866 verum
1696 835 1770 876 φιοᾶ

1028 873 1102 903 dicit.
1112 875 1246 910 Primum,
1258 876 1321 914 quia
1344 883 1408 905 tunc
1429 886 1491 916 pars
1505 875 1609 905 modica
1623 876 1770 906 secundum

1028 913 1185 944 electionem
1207 915 1332 952 credidit,
1354 926 1407 945 non
1424 923 1496 945 totus
1516 916 1608 946 lsrael.
1634 915 1769 953 Secundo,

1028 952 1102 992 quod
1122 954 1164 982 illi
1187 960 1247 983 ante
1266 962 1355 995 gentes
1373 955 1557 992 crediderunt,
1570 965 1621 985 non
1637 962 1696 996 post
1709 965 1772 995 gen·

1029 999 1077 1022 tes.
1096 993 1237 1022 Plenitudo
1251 1001 1340 1024 autem
1355 995 1473 1035 gentium
1484 1001 1548 1023 tunc
1560 994 1649 1024 adhuc
1660 1005 1712 1024 non
1726 995 1770 1024 in-

1028 1033 1147 1069 troierat,
1157 1033 1205 1062 sed
1218 1033 1388 1064 inchoaverat
1396 1034 1459 1064 hoc.
1472 1034 1575 1071 Tertio,
1587 1035 1652 1074 quia
1662 1034 1770 1074 quando

1028 1071 1085 1101 haec
1098 1072 1188 1102 sutura
1203 1073 1363 1113 praedicebat
1376 1074 1524 1114 apostolus,
1558 1082 1630 1104 entes
1639 1074 1695 1114 jam
1710 1085 1771 1104 cres-

1028 1110 1198 1148 diderant,et
1209 1112 1297 1142 Judaei
1313 1113 1359 1152 qui
1373 1114 1478 1143 fuerant
1490 1083 1619 1144 emlinuri
1629 1124 1635 1142 :
1645 1120 1671 1143 et
1681 1120 1769 1143 tamen

1027 1152 1164 1191 apostolus
1168 1151 1256 1182 adhuc
1263 1153 1410 1183 credituros
1417 1153 1550 1193 significat
1555 1155 1573 1184 J
1575 1154 1675 1190 udaeos,
1681 1152 1772 1183 dicens

1027 1190 1063 1219 ad
1075 1198 1165 1229 gentes
1182 1204 1188 1220 :
1203 1192 1284 1222 Sicut
1299 1195 1377 1222 enim
1387 1203 1441 1222 vos
1460 1193 1623 1234 aliquando
1635 1203 1694 1222 non
1707 1203 1770 1223 cre-
1780 1203 1840 1225 }bm.
1849 1202 1904 1229 nik

1029 1230 1146 1260 didistis
1158 1233 1223 1261 Deo
1234 1255 1242 1269 ,
1258 1244 1336 1262 nunc
1345 1239 1442 1262 autem
1459 1234 1685 1263 misericordiam
1699 1242 1769 1262 con·
1779 1233 1849 1256 —32

1028 1273 1144 1309 sequuti
1163 1274 1231 1301 estis
1245 1279 1362 1313 propter
1380 1273 1499 1302 illorum
1510 1273 1747 1302 incredulitatem
1759 1284 1768 1301 .·

1028 1311 1071 1339 ita
1085 1317 1113 1339 et
1122 1311 1170 1340 illi
1183 1322 1262 1341 nunc
1273 1323 1333 1341 non
1342 1313 1527 1343 crediderunt
1537 1317 1569 1342 in
1580 1319 1682 1343 vestra
1689 1314 1771 1342 mise-

1028 1351 1154 1387 ratione,
1177 1357 1208 1380 ut
1221 1358 1250 1380 et
1271 1353 1328 1391 ipsi
1344 1353 1573 1382 misericordiam
1587 1363 1673 1382 conse
1695 1362 1772 1382 uan-

1029 1394 1076 1417 tur
1084 1401 1092 1417 .-
1102 1390 1244 1420 conclusit
1253 1393 1330 1420 enim
1342 1392 1422 1421 Deus
1430 1402 1529 1421 omnes
1537 1394 1568 1421 in
1581 1394 1660 1422 incre
1691 1392 1772 1421 alita-

1030 1434 1067 1463 te,
1078 1436 1108 1458 ut
1117 1431 1250 1459 omnihus
1260 1433 1437 1460 miser-eamr.
1452 1432 1551 1461 Dicens
1563 1442 1637 1472 ergo,
1651 1431 1771 1460 Amodo

1030 1477 1088 1496 non
1097 1479 1142 1497 me
1152 1470 1302 1508 videbitis,
1311 1472 1403 1500 donec
1413 1472 1528 1507 dicatis,
1539 1473 1713 1501 Benedictus
1719 1473 1771 1512 qm*

1029 1509 1112 1537 venit
1129 1510 1162 1536 in
1175 1511 1293 1538 nomine
1310 1511 1431 1540 Domini
1440 1524 1450 1540 .·
1466 1511 1517 1540 hoc
1530 1511 1619 1541 dicere
1632 1511 1700 1548 vult,
1714 1512 1771 1541 Do-

1029 1557 1077 1576 nec
1084 1548 1172 1577 veniat
1180 1551 1326 1588 tempus,in
1334 1560 1388 1588 quo
1395 1550 1530 1580 credentes
1539 1550 1644 1587 dicatis,
1651 1552 1773 1580 Benedi-

1030 1592 1092 1616 ctus
1105 1589 1156 1627 qui
1173 1590 1254 1617 venit
1267 1590 1298 1618 ιἰι
1314 1591 1430 1619 nomine
1444 1591 1576 1620 Domini.
1587 1590 1772 1630 spiritualiter

1029 1626 1101 1655 enim
1107 1627 1202 1657 videre
1209 1628 1348 1658 Christum
1358 1636 1397 1667 est
1406 1631 1495 1670 ipsum
1505 1630 1530 1659 in
1541 1629 1594 1659 fide
1601 1640 1768 1671 cognoscere.

1029 1666 1104 1696 Sicut
1116 1673 1205 1696 autem
1215 1667 1250 1697 ad
1263 1668 1339 1697 illam
1351 1670 1500 1699 Jerusalem
1513 1669 1616 1700 dictum
1629 1677 1677 1707 est,
1693 1671 1770 1700 Eece
1778 1684 1860 1700 exem

1030 1706 1214 1745 relinquetur
1223 1709 1308 1737 vobis
1317 1710 1420 1738 domus
1427 1716 1526 1739 vestra
1534 1711 1662 1740 deserta:
1668 1709 1770 1740 scilicet

1030 1757 1091 1774 cum
1103 1746 1253 1776 occideritis
1268 1748 1369 1777 Filium
1383 1749 1434 1778 Dei
1448 1748 1522 1795 apud
1532 1760 1590 1786 voS,
1602 1760 1663 1779 cum
1674 1749 1708 1779 de
1721 1750 1769 1780 illo

1031 1786 1131 1825 templo
1139 1787 1272 1826 corporali
1284 1788 1415 1828 templum
1426 1790 1521 1819 exierit
1536 1789 1686 1829 spirituale,
1694 1789 1769 1829 quod

1030 1825 1137 1854 fuerunt
1144 1827 1289 1866 sancti,qui
1299 1838 1333 1857 ex
1344 1828 1546 1858 circumcisione
1558 1829 1730 1859 crediderunt
1740 1830 1769 1859 in

1030 1865 1168 1894 Christum
1187 1877 1193 1894 :
1209 1866 1248 1895 sic
1259 1874 1283 1896 et
1297 1867 1331 1896 ad
1347 1868 1494 1898 Ecclesiam
1506 1868 1627 1898 omnium
1637 1869 1767 1899 haeresum

1030 1903 1132 1933 dictum
1146 1915 1203 1934 esse
1212 1906 1331 1943 videtur,
1343 1909 1371 1936 E
1373 1918 1422 1937 cce
1431 1909 1614 1949 relinquetur
1625 1911 1710 1939 vobis
1720 1910 1770 1938 do-

1031 1954 1095 1973 mus
1118 1952 1216 1974 vestra
1230 1947 1354 1983 deserta,
1369 1958 1403 1976 ex
1419 1958 1473 1986 quo
1485 1948 1586 1978 Filium
1601 1949 1651 1978 Dei
1666 1949 1771 1979 occidi-

1030 1984 1092 2012 stis:
1104 1983 1132 2013 id
1146 1992 1196 2022 est,
1204 1985 1248 2014 Ex
1258 1997 1311 2025 quo
1324 1987 1419 2016 vivum
1430 1988 1544 2017 verbum
1551 1988 1669 2018 veritatis
1681 1988 1767 2025 illius,

1030 2023 1164 2053 mendacis
1183 2025 1259 2054 verbi
1278 2025 1381 2065 gladio,
1397 2027 1507 2057 veritate
1524 2028 1618 2065 effusa,
1633 2035 1769 2058 mortuum

1030 2062 1127 2092 fecistis
1141 2073 1148 2090 =
1164 2064 1233 2093 sicut
1245 2066 1368 2104 superius
1381 2066 1512 2104 diximus,
1521 2067 1696 2107 spiritualiter
1706 2078 1768 2107 pro-

1029 2102 1122 2141 phetas
1135 2103 1235 2143 suscipi
1259 2112 1305 2133 aut
1319 2106 1416 2134 occidi.
1433 2105 1488 2142 Qui
1512 2107 1582 2135 enim
1598 2106 1710 2136 credunt
1725 2117 1768 2136 se-

1027 2141 1146 2171 cundum
1155 2144 1292 2172 veritatem
1302 2145 1392 2174 verbis
1402 2145 1604 2185 prophetarum,
1619 2146 1769 2186 suscipiunt
1795 2147 1799 2150 ⁴

1028 2181 1169 2221 prophetas
1182 2182 1244 2221 :qui
1258 2190 1347 2212 autem
1360 2192 1537 2225 corrumpunt
1548 2186 1686 2215 veritatem
1698 2186 1770 2226 ipso—

1027 2231 1099 2256 rum,
1111 2221 1237 2251 occidunt
1249 2223 1331 2252 verba
1351 2234 1454 2260 eorum,
1470 2231 1496 2254 et
1520 2235 1565 2254 eos
1579 2225 1650 2265 ipsos
1671 2225 1698 2254 in
1712 2236 1769 2255 ver·

1026 2259 1069 2288 bis
1091 2260 1221 2300 ipsorum.
1241 2261 1287 2291 Sic
1303 2269 1328 2291 et
1347 2263 1471 2293 Christus
1485 2271 1531 2293 aut
1548 2265 1705 2305 suscipitur,
1722 2272 1768 2295 aut

1027 2299 1158 2344 occiditur
1168 2301 1242 2340 apud
1255 2311 1310 2331 nos.
1323 2302 1352 2332 Si
1364 2303 1435 2332 enim
1451 2303 1586 2333 credimus
1598 2305 1687 2334 verbis
1698 2305 1767 2344 ejus,

1026 2349 1189 2379 susciplmus
1203 2352 1275 2377 eum,
1291 2348 1316 2370 et
1347 2352 1486 2372 eneramus
1495 2343 1523 2372 in
1535 2343 1612 2373 nobis
1624 2356 1630 2372 :
1644 2346 1667 2374 si
1679 2351 1768 2373 autem

1026 2388 1078 2407 non
1093 2379 1238 2414 credimus,
1249 2387 1275 2410 et
1298 2381 1332 2410 ad
1355 2393 1388 2413 uc
1402 2382 1539 2412 veritatem
1552 2383 1698 2412 verborum
1710 2383 1768 2423 ejus

1025 2419 1234 2458 corrumpimus,
1251 2421 1406 2460 repellimus
1413 2432 1486 2458 eum,
1497 2429 1522 2451 ct
1535 2422 1682 2452 occidimus
1695 2422 1768 2462 apud

1026 2468 1083 2486 nos.
1099 2458 1179 2487 Unde
1194 2459 1234 2496 fit,
1250 2466 1280 2488 nt
1299 2460 1420 2499 quotidie
1437 2461 1560 2494 Christus
1579 2461 1653 2501 apud
1676 2462 1770 2491 fideles

1025 2497 1135 2536 quidem
1148 2499 1322 2539 suscipiatur,
1335 2507 1414 2539 atque
1427 2507 1559 2538 nascatur,
1574 2501 1647 2541 apud
1663 2501 1769 2531 haereti-

1010 2588 1101 2616 desiuit
1112 2591 1191 2617 codex
1203 2592 1258 2619 ΚΒ.
1269 2593 1316 2618 ΡΡ.
1327 2592 1549 2619 Carthusianorum
1562 2593 1638 2619 vanis
1648 2595 1702 2620 Dei.
