1890 2826
673 195 706 218 IN
734 194 863 225 ΙΒΑΙΑΜ,
892 194 968 216 ΕΑΡ.
998 194 1034 216 Π.

77 261 161 291 ἀνθεῖν
173 259 217 290 καὶ
229 258 377 294 τεθηλέναι,
403 257 479 292 ἡνίκα
491 256 522 285 ἂν
536 255 656 296 ἀκμάζῃ,
670 255 721 285 καὶ
729 255 844 295 ἐσχάτην

75 305 205 346 ἀμορφίαν
222 303 398 334 ἐνδείκνυσθαι
406 325 414 339 ,
430 301 536 332 ἐπειδὰν
549 301 688 341 ἀποὸάλλῃ
702 300 736 330 τὰ
750 300 844 341 φύλλα.

77 351 183 385 Καιῶς
201 349 358 390 παράδεισος
376 349 446 389 ὕδωρ
467 348 503 388 μὴ
523 347 601 388 ἔχων.
625 347 680 378 Καὶ
699 350 716 383 ἡ
738 346 845 386 δευτέρα

74 397 152 426 εἰκὼν
169 398 218 432 τῆς
238 395 367 437 προτέρας
379 394 544 435 σαφεστέρα,
557 394 602 424 καὶ
616 392 780 432 πιστουμένη
793 395 845 422 τῶν

74 442 118 472 ἐπὶ
130 445 163 483 τῇ
174 441 289 483 προτέρᾳ
301 440 386 481 λόγων
400 440 572 481 εἰρημένωνσ.
597 437 668 469 Οὔτε
686 439 737 479 γὰρ
755 450 845 478 παρα-

1598 197 1634 218 21

896 254 1023 283 amiserit.
1039 255 1081 283 Ee
1099 257 1174 284 sicut
1186 256 1287 284 hortus
1307 266 1366 283 non
1390 256 1501 284 hahens
1517 266 1638 295 aquam.

897 299 1023 329 Secunda
1045 300 1132 340 imago
1149 300 1239 341 priore
1254 300 1352 330 clarior
1366 308 1415 334 est,
1431 308 1457 330 et
1476 301 1558 331 fidem
1580 302 1642 331 facit

897 346 941 383 iis,
954 356 1013 385 quae
1026 346 1053 375 in
1067 346 1156 386 priore
1167 346 1239 376 dicta
1249 354 1321 377 sunt.
1336 347 1413 376 Nihil
1425 349 1497 376 enim
1509 355 1549 377 est
1563 349 1642 377 horto

896 391 1000 421 virente
1010 391 1167 431 jucundius,
1182 392 1253 422 nihil
1274 393 1351 423 horto
1364 393 1408 423 his
1422 392 1549 423 destituto
1569 394 1643 434 inju-

897 436 1029 473 cundius,
1043 447 1102 476 quae
1126 438 1206 467 ambo
1225 438 1267 468 illi
1292 439 1434 478 metropoli
1461 440 1638 479 contigerunt.

74 487 162 518 δείσσυ
188 488 327 520 θάλλοντος
353 486 523 526 τερπνότερον
539 509 548 522 ,
578 484 638 515 οὔτε
667 484 846 525 ἐρημωθέντος
862 492 881 515 Ε
897 483 1008 523 Semper
1037 484 1109 513 enim
1141 485 1242 525 optima
1269 492 1325 515 erat
1354 492 1380 515 et
1411 485 1640 526 splendidissima,

76 533 279 574 ἀτερπέστερον,
290 533 357 572 ἅπερ
368 531 505 572 ἀμφότερα
518 531 622 571 γέγονεν
633 531 676 561 ἐπὶ
689 532 736 566 τῆς
746 542 847 570 μητρο-
897 529 1045 559 innumeris
1064 530 1187 561 decorata
1199 531 1377 568 ornamentis;
1390 539 1415 561 et
1428 532 1548 561 omnium
1562 533 1640 562 vilis-

74 579 174 613 πόλεως
184 578 296 615 ἐκείνης.
309 577 429 607 Πάντοτε
440 577 490 618 γὰρ
501 572 533 613 ἦν
544 576 658 616 ἀμείνων
669 577 715 606 καὶ
725 577 847 616 λαμπρο·
897 575 964 605 sima
984 576 1192 616 turpissimaque
1215 577 1283 607 facta
1303 584 1359 615 est,
1375 588 1436 607 cum
1460 585 1545 607 tantas
1563 578 1643 608 dere—

74 625 152 666 τέρα,
176 625 278 666 μυρίοις
300 623 518 663 καλλωπιζομένη
533 622 654 662 κόσμοις·
676 623 722 652 καὶ
740 623 846 652 πάντων
897 629 978 661 pente
999 630 1216 653 ornamentorum
1234 623 1345 654 divitias
1368 624 1510 654 amisisset.
1530 626 1579 654 51.
1601 626 1643 655 Et

75 671 248 711 εὖτελεστέρα
261 671 351 711 γέγονε
366 670 411 700 καὶ
423 669 600 710 αἰσχροτέρα,
619 672 743 698 τοσοῦτον
755 668 847 708 ἀθρόον
898 670 952 698 erit
967 669 1122 710 fortitudo
1149 680 1247 700 eor-um
1273 672 1360 710 quasi
1386 671 1497 710 stipula
1523 678 1642 711 stuppoe.

74 717 216 757 εὐκοσμίας
229 716 400 747 ἀπολαὸοῦσα
419 716 541 745 πλοῦτον.
567 715 621 744 Καὶ
641 714 716 745 ἔσται
734 717 751 750 ἡ
772 714 848 754 ἰσχὺς
898 714 1005 744 Pn'ores
1025 714 1136 754 quidem
1150 715 1279 755 imagines
1300 715 1336 745 ad
1346 716 1525 756 injucundum
1538 718 1641 757 specta-

74 765 160 794 αὗτῶν
173 765 209 797 ὡς
223 762 331 802 καλάμη
345 761 485 791 στυππίου.
503 762 537 790 Αἱ
551 760 675 801 πρότεραι
691 761 738 800 μὲν
751 760 847 793 εἰκόνες
860 777 884 795 ¹5
898 761 991 790 culum
1005 767 1088 800 captae
1101 768 1174 798 sunt,
1188 762 1246 792 haec
1267 773 1331 792 vero
1350 762 1386 792 ad
1398 763 1580 793 infirmitatem
1595 763 1642 793 de-

73 812 111 844 εἷς
122 809 153 839 τὸ
166 809 277 849 ἀτερπὲς
285 807 504 848 παρελήφθησαν,
516 806 583 841 αὕτη
598 806 626 837 δὲ
639 808 674 840 εἷς
687 807 718 836 τὸ
732 807 848 840 ἀσθενές·
863 805 882 827 Α
897 806 1052 837 clarandam
1068 820 1075 836 :
1100 818 1191 837 omnes
1217 815 1307 838 autem
1323 809 1470 839 admodum
1492 810 1642 850 perspicuae

73 860 158 885 πᾶσαι
169 855 196 884 δὲ
210 854 310 895 σφόδρα
320 855 451 893 ἐναργεῖς,
465 853 509 883 καὶ
524 852 592 882 πολὺ
605 852 636 882 τὸ
647 852 727 893 σαφὲς
740 852 785 882 καὶ
797 854 847 891 ἐμ·
897 859 970 889 sunt,
981 853 1120 892 multaque
1129 854 1247 893 gaudent
1256 854 1376 884 claritate
1385 863 1410 885 et
1419 855 1550 895 emphasi.
1564 857 1643 896 Qua-

74 900 198 941 φαντικὸν
209 900 328 941 ἔχουσαι·
344 899 392 933 Ὦς
408 899 517 938 καλάμη
533 897 663 927 ‹numios›
673 921 680 935 ‚
694 898 829 927 τουτέστιν
839 920 846 934 ,
897 903 923 929 si
941 901 1050 940 stipula
1069 906 1188 941 stuppoe,
1203 901 1233 931 id
1252 909 1292 931 est
1302 925 1310 938 ,
1325 902 1483 932 imbecilles.
1499 905 1541 932 Et
1555 914 1643 942 opera

76 948 200 979 ἀσθενεῖς.
218 946 272 975 Καὶ
291 946 319 975 αἱ
333 944 455 985 ἐργασίαι
474 945 560 973 αὗτῶν
573 945 610 976 ὣς
630 943 744 983 σπινθὴρ
757 943 847 983 πυρός.

75 993 206 1022 Ἐνταῦθα
221 992 349 1022 δείκνυσιν
372 991 412 1020 ὅτι
425 990 524 1020 οἴκοθεν
546 989 580 1019 τὰ
601 989 686 1027 κακὰ,
709 990 754 1019 καὶ
775 990 849 1019 αὐτοὶ

73 1037 122 1074 τὴν
142 1036 328 1078 αἰχμαλωσίαν
342 1036 445 1073 ἔτεκον,
466 1036 512 1065 καὶ
527 1035 574 1071 τὴν
596 1035 706 1073 κάμινον
733 1037 847 1074 ἀνῆψαν.

75 1083 182 1124 Ὥσπερ
196 1082 246 1123 γὰρ
256 1085 395 1122 σπινθῆρες
408 1081 584 1120 ἐμπίπτοντες
597 1083 650 1120 πῦρ
663 1081 849 1119 ἀνεγείρουσιν,

78 1128 147 1158 οὕτω
167 1129 201 1159 τὰ
223 1127 405 1168 ἁμαρτήματα
426 1126 525 1156 τούτων
545 1125 707 1165 συναχθέντα
720 1129 765 1154 τοῦ
780 1127 850 1155 Θεοῦ

23 1206 27 1212 ‚
75 1174 124 1211 τὴν
133 1174 214 1215 ὀργὴν
226 1176 320 1214 ’ἀν’ἠψε.
338 1173 391 1202 Καὶ
405 1171 650 1207 κατακαυθήσονται
664 1173 688 1200 οἱ
702 1171 795 1210 ἄνομοι
807 1171 851 1200 καὶ

76 1221 100 1250 οἱ
120 1219 272 1260 ἁμαρτωλοὶ
287 1219 357 1258 ἅμα,
381 1218 426 1247 καὶ
438 1219 486 1247 οὐκ
497 1217 572 1247 ἔσται
591 1219 605 1246 ὁ
627 1216 738 1246 σὸέσων.
765 1217 851 1246 Πάλιν

76 1265 292 1306 ἀπαγορεύειῆν
303 1266 435 1304 σωτηρίαν
451 1263 493 1293 διὰ
502 1263 550 1299 τὴν
565 1262 648 1298 αὐτὴν
660 1263 739 1292 πάλιν
752 1262 850 1297 αἰτίαν,

76 1314 126 1352 οὐχ
138 1314 181 1341 ἵνα
196 1312 360 1350 ἀπογνῶσιν,
389 1309 502 1339 ἀλλ’ἵνα
515 1307 600 1348 ταύτῃ
619 1310 681 1347 γοῦν
699 1308 851 1346 ἀκμάζοντα

76 1357 121 1387 τὸν
134 1357 214 1398 φόὸον
229 1356 382 1396 δεξάμενοι,
402 1354 451 1391 τὴν
465 1354 567 1390 πολλὴν
582 1353 788 1388 ἀποτινάξωνται
803 1356 850 1394 ῥᾳ-

76 1403 184 1442 θυμίαν.
198 1403 251 1433 Καὶ
262 1402 350 1442 ἕτερον
363 1401 391 1432 δέ
405 1413 430 1430 τι
442 1402 553 1430 ἐνταῦθα
566 1400 724 1435 αἰνίττεται,
734 1400 764 1429 τὸ
777 1400 851 1439 ἄμα-

76 1461 124 1490 χον
139 1451 218 1479 αὐτοῦ
226 1450 275 1484 τῆς
290 1448 424 1487 δυνάμεως
433 1469 441 1483 ,
462 1446 508 1476 καὶ
526 1446 567 1475 ὅτι
581 1445 735 1480 κολάζοντος
750 1447 829 1475 αὐτοῦ
842 1467 849 1481 ,

77 1496 123 1525 καὶ
143 1493 340 1535 τιμωρουμένου
350 1515 358 1528 ,
380 1493 464 1526 οὐδεὶς
477 1494 630 1527 ἀντιστῆναι
645 1492 690 1521 καὶ
705 1493 851 1521 καταλῦσαι

78 1541 218 1577 δυνήσεται
231 1540 265 1570 τὰ
276 1539 357 1570 δεινά.

367 1633 507 1662 κΕΦΑΛ.
530 1631 566 1671 β’,

98 1712 137 1756 ‘Oi
146 1726 222 1764 λόγος
236 1728 250 1755 ὁ
263 1725 400 1764 γενόμενος
414 1724 479 1763 πρὸς
492 1722 605 1752 Ἡσαΐαν
621 1723 676 1752 υἱὸν
694 1722 830 1761 '‘Ay-tube.

119 1818 256 1847 Ἐντεῧθεν
283 1817 361 1852 δῆλον
384 1816 420 1848 ὡς
433 1815 462 1844 οὗ
483 1813 570 1847 πάσας
582 1813 627 1854 ὑφ’
641 1813 668 1843 ἓν
682 1814 728 1847 τὰς
748 1825 852 1854 προφη-
868 1827 886 1850 C

79 1863 150 1897 τείας
170 1862 321 1903 εἰρήκασιν,
345 1860 414 1890 ἀλλὰ
434 1859 503 1890 κατὰ
522 1859 659 1899 διαφόρους
679 1859 853 1898 ἐμπνεόμενοι

80 1908 199 1950 καιροὺς,
214 1906 360 1947 περικοπάς
372 1918 444 1939 τινας
458 1905 640 1945 ἀπήγγελλον,
654 1905 681 1935 αἳ
691 1908 853 1935 συντεθεῖσαι

79 1955 187 1995 ὕστερον
201 1955 243 1994 ὕφ’
264 1952 307 1988 ἓν,
321 1952 465 1992 ὁλόκληρον
480 1951 580 1991 βιὸλίον
592 1952 730 1988 ἐποίησαν.
747 1952 796 1982 Διὸ
807 1952 853 1982 καὶ

79 2000 162 2033 οὕτως
174 2000 294 2039 ἄρχεται.
311 1998 371 2028 Οὐκ
390 1998 507 2027 ἐντεῦθεν
526 1997 553 2026 δὲ
573 1997 651 2036 μόνον
675 2000 752 2027 τοῦτο
775 1998 853 2034 δῆλον

80 2047 155 2077 ἔσται
175 2045 221 2076 καὶ
244 2044 324 2085 σαφὲς
342 2047 423 2084 ἡμῖν,
446 2044 504 2074 ἀλλ’
523 2043 551 2078 ἐξ
564 2039 601 2073 ὧν
620 2044 719 2084 προϊὼν
735 2044 780 2074 καὶ
794 2045 853 2079 τοὺς

81 2092 187 2133 καιροὺς
200 2090 417 2130 ἐπισημαίνεται,
431 2093 475 2119 νῦν
488 2089 535 2129 μὲν
548 2089 642 2129 λέγων,
658 2091 684 2119 Τ
685 2094 713 2120 οῦ
727 2092 855 2126 ἐνιαυτοῦ,

81 2135 111 2168 οὗ
131 2138 234 2174 εἰσῆλθε
255 2135 366 2166 1’Νάθαν
382 2137 419 2169 εἷς
435 2135 563 2170 Ἄζωτον·
588 2138 632 2165 νῦν
645 2135 671 2165 δὲ
682 2136 782 2175 λέγων,
801 2137 855 2166 Καὶ

82 2185 184 2224 ἐγένετο
192 2186 238 2213 τοῦ
250 2184 368 2212 ἐνιαυτοῦ
378 2204 386 2219 ,
400 2177 430 2212 οὗ
443 2181 570 2211 ἀπέθανεν
585 2182 676 2216 Ὀζίας
687 2184 700 2211 ὁ
716 2182 855 2222 βασιλεὺς,

83 2225 150 2260 εἶδον
161 2230 205 2260 τὸν
223 2229 319 2269 Κύριον
345 2228 492 2267 καθήμενον
509 2228 554 2258 ἐπὶ
573 2228 663 2268 θρόνου
684 2230 785 2269 ὑψηλοῦ
810 2230 854 2259 καὶ

84 2275 241 2315 ἐπηρμένω.
263 2275 304 2305 Οὐ
316 2274 367 2314 γὰρ
379 2273 469 2314 ὥσπερ
486 2276 513 2303 αἱ
527 2273 686 2304 Ἐπιστολαὶ
707 2276 733 2303 αἱ
747 2275 855 2304 Παύλου

85 2321 130 2351 καὶ
144 2320 178 2350 τὰ
194 2319 345 2360 Εὗαγγίλια
360 2321 403 2360 ὕφ’
425 2319 452 2349 ἓν
468 2320 657 2356 συνετέθησαν,
679 2320 747 2349 οὕτω
764 2319 796 2356 δὴ
811 2321 856 2351 καὶ

85 2371 259 2408 προφητεῖαι,
287 2366 345 2395 ἀλλ’
364 2366 430 2405 ὅπερ
454 2365 533 2406 ἔφθην
552 2365 649 2403 εἰπὼν,
678 2367 705 2395 ἐν
726 2367 857 2407 διαφόροις

119 2451 130 2464 e
147 2444 208 2469 Post
226 2441 450 2478 ιιρημίνωνΒοὶεἰυε
457 2441 518 2467 addi
525 2442 579 2469 vult
586 2446 701 2472 ἀλήθειαν.
713 2443 799 2476 [Savll.
814 2449 844 2471 ἴα,

87 2483 227 2519 ἑρμηνεῖαι]
240 2480 337 2506 [bidem
348 2486 405 2513 post
413 2486 560 2517 τερπνότερον
568 2480 638 2506 deest
647 2493 678 2512 τι,
689 2482 759 2515 quod
770 2482 847 2508 etiam

88 2528 147 2548 ante
162 2523 272 2555 positum
284 2520 358 2545 fuisse
370 2521 463 2553 potuit.
474 2520 552 2546 Paulo
565 2527 624 2553 post
635 2529 682 2554 pro
693 2526 792 2549 πάντοτε
804 2523 848 2548 Al-

86 2568 158 2595 lemn
173 2559 303 2595 legendum
315 2565 389 2592 putat
396 2563 484 2586 πάντων
496 2571 529 2587 τι.
543 2560 593 2585 Sed
605 2565 712 2593 πάντοτε,
723 2562 749 2587 ni
766 2561 848 2592 fallor,

251 2623 324 2641 ΤΟΜ.
348 2623 390 2641 Vl.

898 957 996 976 eorum
1011 949 1098 987 quasi
1109 948 1242 977 scintilla
1255 950 1340 988 ignis.
1358 948 1410 978 Hic
1423 949 1538 978 ostendit
1552 960 1585 979 ex
1599 961 1644 979 se—

898 993 969 1032 ipsIs.
977 993 1047 1022 mala
1069 993 1219 1033 prodiisse,
1235 993 1361 1033 ipsosque
1384 994 1437 1023 sibi
1461 995 1642 1035 captivitatem

899 1038 1051 1077 peperisse,
1064 1045 1091 1067 et
1109 1039 1241 1068 fornacem
1262 1039 1438 1069 succendisse.
1461 1041 1643 1077 Quemadmo—

900 1083 965 1112 dum
986 1084 1059 1113 enim
1083 1084 1207 1114 scintillae
1226 1085 1328 1124 illapsae
1350 1085 1439 1125 ignem
1458 1086 1591 1124 excitant,
1606 1087 1642 1117 ita

901 1137 1007 1169 peccata
1027 1140 1120 1159 eorum
1144 1137 1266 1170 congesta
1290 1131 1341 1160 Dei
1365 1132 1432 1160 iram
1457 1132 1643 1163 accenderunt.

902 1177 943 1205 Et
961 1178 1029 1216 igne
1045 1183 1250 1206 consumentur
1269 1178 1363 1216 iniqui
1380 1185 1407 1207 et
1424 1185 1590 1216 peccatores
1609 1181 1646 1208 si-

904 1222 976 1257 mul,
988 1222 1015 1251 ει
1030 1232 1089 1251 non
1101 1223 1155 1251 erit
1165 1224 1218 1262 qui
1228 1224 1404 1262 exstinguat.
1417 1224 1523 1253 Rursus
1534 1224 1646 1264 denegat

868 1269 886 1292 B
902 1268 1016 1297 salutem
1029 1268 1065 1297 ob
1078 1267 1199 1297 eamdem
1212 1268 1299 1308 ipsam
1312 1279 1430 1306 causam,
1443 1279 1496 1298 non
1511 1276 1541 1298 ut
1551 1270 1645 1310 despe-

901 1320 969 1349 rent,
982 1313 1029 1343 sed
1040 1320 1069 1342 ut
1080 1313 1143 1343 hinc
1157 1313 1249 1343 valido
1262 1314 1356 1344 timore
1370 1315 1498 1356 perculsi,
1513 1316 1646 1356 ingentem

902 1359 1038 1398 ignaviam
1050 1359 1195 1389 excutiant.
1209 1359 1295 1390 Aliud
1307 1370 1414 1400 quoque
1424 1361 1469 1390 hic
1482 1361 1644 1398 subindicat,

902 1405 987 1445 ipsius
1005 1417 1103 1446 nempe
1127 1406 1366 1447 inexpugnabilem
1378 1408 1524 1447 potentiam
1535 1430 1543 1445 ,
1557 1408 1646 1447 quod-

902 1462 955 1490 que
975 1453 1034 1493 ipso
1054 1453 1197 1493 puniente,
1212 1460 1238 1483 et
1257 1453 1404 1483 vindictam
1422 1461 1557 1490 sumente,
1569 1465 1646 1484 nemo

902 1498 986 1539 possit
997 1498 1117 1528 resistere
1128 1506 1153 1528 et
1164 1499 1233 1528 mala
1247 1499 1362 1530 solvere.

1185 1633 1305 1663 CAPUT
1327 1634 1364 1663 11.

904 1723 1038 1761 Verbum,
1048 1724 1122 1762 quod
1133 1725 1231 1753 factum
1244 1732 1282 1754 est
1295 1725 1329 1754 ad
1342 1726 1437 1755 Isaiam
1450 1726 1538 1756 filium
1553 1728 1644 1757 Amos.

945 1817 973 1844 1.
997 1815 1067 1845 Hinc
1091 1815 1176 1854 liquet
1197 1816 1341 1856 prophetas
1368 1828 1421 1847 non
1446 1829 1500 1848 uno
1529 1825 1647 1859 tempore

903 1860 1057 1901 prophetias
1070 1859 1184 1897 dixisse,
1199 1861 1246 1891 sed
1259 1861 1374 1892 diversis
1391 1864 1494 1894 afflatos
1517 1865 1646 1905 tempori—

902 1907 965 1943 bus,
980 1913 1068 1946 partes
1082 1906 1212 1945 quasdam
1224 1908 1404 1946 annuntiasse,
1418 1921 1477 1948 quae
1488 1910 1597 1940 demum
1610 1911 1647 1940 si-

903 1952 961 1981 mul
973 1952 1101 1988 collectae,
1108 1958 1194 1981 totum
1207 1952 1309 1983 librum
1318 1954 1473 1985 effecerunt.
1485 1957 1549 1987 Ideo
1561 1958 1600 1988 sic
1609 1958 1648 1988 in-

903 1997 978 2038 cipit.
991 1998 1086 2037 Neque
1097 1998 1161 2027 hinc
1175 2003 1278 2027 tantum
1289 1998 1319 2028 id
1331 2000 1421 2039 palam
1431 2002 1510 2032 nobis
1521 2010 1560 2033 est
1572 2010 1598 2033 et
1611 2003 1648 2032 li-

903 2043 1029 2082 quidum,
1037 2044 1083 2073 sed
1091 2043 1155 2083 quia
1164 2043 1191 2073 in
1199 2045 1371 2083 sequentibus
1378 2053 1496 2087 tempora
1505 2049 1647 2089 significat,

904 2100 975 2119 nunc
987 2089 1078 2119 dicens
1095 2102 1102 2119 =
1119 2092 1221 2127 Anno,
1235 2101 1292 2130 quo
1304 2092 1448 2131 ingressus
1469 2101 1512 2124 est
1524 2097 1648 2126 Nathan
1660 2101 1762 2123 lsai.2o.
1778 2108 1799 2123 ι.

906 2136 1035 2166 Azotum
1042 2148 1056 2174 ,-
1073 2147 1145 2166 nunc
1159 2146 1222 2166 vero
1241 2150 1249 2167 ε
1265 2137 1308 2166 Et
1318 2138 1439 2178 sactum
1451 2147 1494 2170 est
1517 2144 1548 2171 in
1568 2153 1648 2171 anno
1662 2150 1749 2174 [santi.
1764 2155 1782 2171 ι.

905 2184 937 2212 ἰη.
956 2193 1014 2222 quo
1028 2188 1158 2214 mortuus
1177 2189 1219 2212 est
1235 2194 1287 2213 rex
1303 2185 1402 2222 Ozias,
1411 2187 1477 2215 vidi
1490 2187 1648 2219 Dominum

907 2229 1053 2258 sedentem
1067 2239 1153 2268 super
1169 2229 1275 2259 solium
1292 2231 1440 2260 excelsum
1452 2239 1480 2261 et
1494 2233 1648 2264 elevatum.

908 2275 969 2304 Non
977 2275 1049 2304 enim
1059 2274 1287 2314 quemadmodum
1298 2276 1376 2305 Pauli
1385 2277 1514 2317 Epistola»
1524 2286 1550 2308 et
1561 2280 1652 2309 Evan-

872 2323 892 2347 Ι)
909 2321 978 2361 gelia
993 2320 1022 2350 in
1034 2331 1119 2350 unum
1132 2321 1242 2352 collecta
1257 2329 1329 2358 sunt,
1342 2322 1379 2352 ita
1392 2330 1418 2352 et
1430 2325 1589 2365 prophetiae,
1604 2327 1650 2357 sed

909 2368 983 2408 quod
997 2368 1069 2405 dixi,
1084 2367 1200 2398 diversis
1212 2369 1388 2408 temporibus.
1401 2371 1483 2401 Unde
1494 2372 1528 2400 ab
1542 2372 1595 2401 alio
1605 2383 1652 2403 ex—

896 2445 956 2471 ferri
965 2451 1057 2479 potest.

930 2493 941 2504 Β
959 2485 1000 2510 Sic
1012 2486 1038 2510 in
1050 2482 1167 2509 omnibus
1177 2483 1361 2517 exemplaribus
1370 2484 1456 2518 Ᾰμμώς
1470 2495 1516 2519 pro
1526 2487 1602 2521 Ᾰμώς.

932 2525 946 2544 l·
963 2523 1089 2550 Hebraico
1097 2529 1134 2548 est
1151 2528 1231 2563 ῙΠἿΠ
1253 2523 1378 2555 Thamna,
1386 2524 1412 2549 in
1419 2525 1505 2551 Bibliis
1512 2534 1557 2553 τῶν
1563 2528 1599 2554 ο’,
1610 2536 1655 2555 τα-

900 2570 979 2599 νάθαν,
993 2566 1060 2592 unde
1072 2565 1153 2599 prima
1165 2565 1251 2590 demta
1263 2565 1359 2599 syllaba
1371 2566 1466 2591 sactum
1480 2573 1563 2595 Νάθαν.

1498 2615 1516 2645 3
