1890 2826
498 197 537 222 IN
564 199 678 232 tLLUD,
707 199 817 223 Funus
843 199 889 222 Ex
917 199 956 222 SE
983 199 1072 223 nunt,
1100 200 1210 224 FAct'r.

73 256 141 303 *Aput
154 274 181 291 τι
193 261 285 301 γένοιτ’
299 260 330 290 ἓν
346 261 484 301 αῖρετικῶν
497 261 700 301 ἀσθενέστερον-ἱ
721 262 843 291 Ἰουδαῖοι

75 309 122 347 μὲν
136 307 187 347 γὰρ
208 307 396 343 ἐξεπλήττοντο
406 331 414 344 ,
436 307 478 337 ὅτι
490 310 575 337 ταῦτα
597 308 734 338 ἐδίδασκεν
750 308 844 341 αὖτοὺς

74 355 122 388 Ὡς
134 353 252 388 ἐξουσίαν
263 353 330 392 ἔχων
340 375 348 389 ,
370 353 415 383 καὶ
425 355 475 394 οὐχ
487 355 523 387 ὣς
543 355 567 383 οἱ
581 357 747 394 γραμματεῖς
760 353 806 383 καὶ
819 355 844 383 οἱ

74 399 233 438 Φαρισαῖοι·
250 397 372 426 Ἰουδαῖοι
384 397 501 431 ἐξουσίαν
513 399 585 438 αὐτῷ
599 401 775 438 μαρτυροῦσιν
784 409 790 415 ·
803 392 847 426 οἶ-

74 454 115 471 τοι
137 442 166 471 δὲ
179 441 253 471 οὐδὲν
273 443 318 482 ἀφ’
337 442 432 470 ἑαυτοῦ
446 441 573 471 δύνασθαι
594 443 769 481 μαρτυροῦσι.
790 440 846 471 Καὶ

74 490 122 518 οὐκ
141 483 236 524 εἶπαν,
256 488 292 521 ὣς
314 487 432 522 ἐξουσίαν
451 486 556 527 Ι’ἔχωιη
576 488 647 523 ἀλλ’,
661 487 710 521 Ὡς
726 486 846 521 ἐξουσίαν

74 534 155 572 ἔχων.
173 534 214 563 Οὐ
227 532 279 573 γὰρ
292 532 401 573 ὕστερον
415 534 486 574 αὐτῷ
500 535 518 569 ἡ
529 533 634 567 ἐξουσία
651 533 824 573 προσεγένετο
839 553 848 568 ,

75 580 133 608 ἀλλ’
154 579 337 618 ἀπηρτισμένη
362 581 378 615 ἡ
401 579 507 613 ἐξουσία
524 580 636 619 ἐγενήθη
650 580 752 613 οὐδενὸς
764 590 848 619 προσ-
864 583 882 607 Β

75 624 195 663 δεομένη.
208 625 257 654 Διὸ
270 624 315 654 καὶ
328 624 403 664 ἔλεγε
426 625 488 665 περὶ
510 625 646 665 βασιλείας
664 626 847 666 ἐρωτώμενοςέ

72 665 148 709 Ἐγὼ
161 671 198 703 εἰς
210 672 288 700 τοῦτο
297 670 467 710 γεγέννημαι.
490 671 577 701 Πάλιν
590 672 759 712 προσηνέχθη
773 674 847 713 αὐτῷ

74 716 253 755 παραλυτικὸς
262 738 271 753 ,
282 716 328 746 καί
334 728 425 757 φησιν,
433 717 525 753 ἐπειδὴ
536 717 570 747 τὰ
579 718 760 758 ἁμαρτήματα
767 720 847 748 αὐτοῦ

74 762 162 791 ἴασιν·
175 762 235 792 Ἵνα
253 762 281 791 δὲ
292 763 396 798 εἰδῆτε,
419 763 461 792 ὅτι
473 762 592 797 ἐξουσίαν
603 763 659 804 ἔχει
677 766 692 794 ὁ
713 764 776 798 Υἱὸς
799 767 847 795 τοῦ

75 807 212 847 ἀνθρώπων
224 807 328 847 ἀφιέναι
340 808 471 848 ἁμαρτίας
483 802 528 839 ἐπὶ
538 811 586 845 τ’ῆς
599 812 657 849 γῆς,
672 809 743 850 λέγει
755 812 827 852 αὐτῷ
837 822 845 830 ·

73 849 150 893 ’Ἆρον
163 853 213 890 τὴν
233 853 343 890 κλίνην,
366 855 412 884 καὶ
433 855 519 895 ὕπαγε
541 857 578 889 εἷς
590 856 634 886 τὸν
644 851 715 886 οἶκόν
734 868 791 886 σου.
807 858 844 888 Οἱ

74 900 149 939 ὄχλοι
157 899 248 939 ἔλεγον
259 899 300 929 ὅτι
312 901 348 934 ὣς
360 900 478 935 ἐξουσίαν
492 901 561 941 ἔχων
574 902 662 932 πάντα
675 907 754 932 ποιεῖ’
766 903 844 937 αὐτὸς

75 946 116 982 δὲ,
130 946 171 975 ὅτι
193 945 330 979 Ἐξουσίαν
342 946 399 986 ἔχει
411 949 426 976 ὁ
435 947 499 981 Υἱὸς
511 951 559 977 τοῦ
579 948 718 988 ἀνθρώπου
738 949 842 990 ἀφιέναι

1574 190 1643 226 305

898 260 1012 290 statem?
1026 262 1131 292 Verum
1141 261 1209 301 quid
1221 261 1352 305 liaefeticis
1365 262 1529 292 imbecillius
1539 262 1642 292 suerit?

895 306 984 337 Judaei
998 316 1113 345 namque
1133 307 1286 348 stupebant,
1308 307 1382 347 quod
1402 307 1460 337 haec
1477 307 1584 338 doceret
1597 318 1643 338 eos

901 352 993 390 Quasi
1004 357 1175 391 potestatem
1196 354 1318 391 habens,
1332 360 1360 384 et
1375 363 1434 383 non
1454 355 1528 383 sicut
1541 355 1642 383 scribae
1649 359 1736 381 ΜαιιΙι.
1753 369 1775 391 7,

898 404 927 427 et
940 398 1087 427 Phar-ism·
1099 411 1106 428 ε
1118 399 1207 429 Judaei
1221 407 1376 439 potestatem
1389 400 1449 440 ejus
1458 399 1642 436 testificantur-3
1651 389 1743 442 ²gl2riffl
1753 430 1794 451 po-

898 443 929 472 hi
941 444 1118 474 testificantur
1131 444 1220 485 ipsum
1233 457 1249 476 a
1261 456 1291 475 se
1303 445 1372 475 nihil
1386 456 1474 486 posse.
1491 446 1585 484 Neque
1597 445 1643 474 di·
1652 454 1724 473 testas.

899 497 997 520 xerunt
1004 490 1058 527 illi,
1064 491 1148 528 Quasi
1158 498 1314 530 potestatem
1320 492 1475 528 habiturus,
1483 491 1542 528 sed,
1554 492 1646 530 Quasi

898 542 1072 575 potestatem
1095 537 1217 566 habens.
1233 539 1294 567 Non
1314 538 1386 567 enim
1406 544 1498 578 postea
1520 537 1578 567 haec
1603 537 1647 566 illi

900 590 1017 623 potestas
1033 584 1154 623 accessit,
1169 584 1215 615 sed
1230 586 1345 625 perfecta
1359 585 1477 626 potentia
1494 591 1552 614 erat
1569 584 1646 614 nullo

899 639 990 669 egens.
1003 630 1185 666 Quamobrem
1198 630 1233 660 de
1243 641 1325 671 regno
1335 631 1512 670 interrogatus
1519 629 1643 660 dicebat:

901 676 967 716 Ego
984 677 1017 704 ἰη.
1035 677 1091 705 hoc
1110 683 1198 706 natus
1214 687 1286 706 sum.
1303 678 1425 707 Rursum
1443 676 1551 706 oblatus
1564 682 1604 705 est
1618 675 1721 707 eiloan.
1745 685 1779 708 18.

899 721 1075 761 paralyticus,
1090 721 1135 751 cui
1153 721 1235 759 dixit,
1249 729 1389 762 postquam
1401 728 1508 762 peecata
1522 722 1582 762 ejus
1594 732 1642 751 cu·
1652 714 1691 744 ³7·

899 773 1004 797 raverat
1019 779 1026 796 :
1042 768 1081 797 Ut
1094 774 1193 798 autem
1207 770 1317 805 sciatis,
1328 769 1400 808 quia
1409 767 1508 797 Filius
1517 768 1644 797 hominis
1653 776 1790 807 Macth.9.6.

898 813 987 843 habet
996 818 1168 853 potestatem
1182 815 1349 845 dimittendi
1368 818 1491 854 peccata
1508 815 1540 842 in
1554 820 1643 850 terra,

897 861 940 889 ait
946 860 994 889 illi
1005 872 1014 890 ε
1030 861 1112 890 Tolle
1123 860 1240 897 lectum,
1254 867 1282 890 et
1291 861 1371 891 vade
1379 863 1412 890 in
1422 861 1540 890 domum
1550 866 1642 889 tuam.

896 905 1006 946 Vulgus
1023 905 1140 944 dicebat,
1164 906 1255 947 ipsum
1268 907 1345 946 quasi
1364 913 1521 947 potestatem
1538 905 1643 935 haben-

895 958 949 981 tem
957 951 1047 981 omnia
1060 952 1146 982 facere
1155 965 1164 982 ε
1182 953 1240 992 ipse
1252 963 1327 989 vero,
1342 952 1445 982 Filium
1454 951 1571 981 hominis
1589 961 1642 992 po—

74 991 204 1031 ἇμαρτίας
214 991 258 1020 ἐπὶ
268 993 316 1028 τῆς
327 993 377 1030 γῆς
387 1004 394 1010 ·
408 993 470 1030 καὶ,
485 993 622 1028 Ἐξουσίαν
635 994 690 1034 ἔχω
698 994 780 1024 θεῖναι
792 995 842 1031 τὴν
849 1010 886 1029 2⁶3
896 1002 1015 1024 testatem
1038 996 1138 1026 habere
1155 995 1308 1026 dimittendi
1327 1002 1443 1035 peccata·
1456 996 1484 1025 in
1497 1002 1568 1025 terra
1575 1006 1586 1034 3
1602 1001 1640 1032 et,

73 1036 162 1077 ψυχήν
174 1048 240 1076 μου,
254 1038 300 1066 καὶ
310 1036 430 1072 ἐξουσίαν
442 1039 498 1079 ἔχω
511 1040 602 1069 λαὸεῖν
616 1040 706 1076 αὐτήν.
721 1042 842 1079 Νομοθε-
857 1038 878 1061 Α
892 1039 1073 1068 Pon-statem
1087 1040 1180 1069 habeo
1198 1039 1329 1079 ponendi
1347 1041 1478 1068 animam
1491 1049 1596 1076 meam,
1610 1044 1639 1068 et
1647 1044 1719 1066 lemn.
1739 1050 1774 1068 ιο.

73 1087 113 1112 τεῖ
122 1083 190 1121 μετὰ
203 1083 335 1119 ἐξουσίας,
351 1084 533 1125 ἁμαρτήματα
544 1086 600 1115 λύει
621 1086 690 1125 μετὰ
710 1086 825 1121 ἐξουσίας
834 1110 842 1125 ,

73 1129 185 1158 θανάτου
197 1129 243 1158 καὶ
254 1131 322 1165 ζωῆς
332 1129 450 1164 ἐξουσίαν
460 1130 531 1171 ἔχει,
555 1132 600 1161 καὶ
611 1134 669 1165 πῶς
681 1132 765 1172 λέγεις
773 1155 781 1170 ,
801 1133 841 1162 ὅτι

75 1175 119 1215 ἀφ’
132 1177 225 1204 ἑαυτοῦ
236 1179 307 1204 ποιεῖ
315 1175 398 1212 οὖδένς
408 1171 475 1216 Ἆρά
483 1189 508 1206 τι
521 1177 622 1216 γένοιτο
633 1179 681 1213 τῆς
690 1177 764 1214 νίκης
774 1178 841 1208 ταύ-

25 1224 28 1226 ’
74 1231 121 1254 της
134 1220 293 1260 σαφέστερον
303 1233 313 1259 5

114 1263 182 1293 Ἀλλ’
198 1266 226 1293 εἰ
233 1265 357 1304 βούλεσθε
370 1267 476 1303 λοιπὸν,
497 1268 551 1296 τῶν
565 1269 704 1308 «ipsa-exem
718 1269 842 1298 ἀπαλλα-

72 1306 161 1345 γέντες
169 1330 178 1344 ,
190 1307 240 1344 τὴν
252 1308 327 1338 λύσιν
338 1310 498 1350 ’ἐπάγωμεν
509 1316 563 1345 τοῖς
575 1312 731 1352 εἰρημένοις,
743 1312 841 1351 πρότε-

74 1364 117 1391 ρον
131 1354 214 1383 ἐκεῖνο
227 1355 296 1393 ὑμᾶς
309 1355 469 1394 διδάξαντες,
487 1357 528 1386 ὅτι
541 1357 585 1394 τὸ,
599 1359 640 1387 Οὐ
654 1358 778 1395 δύναται,
796 1358 842 1387 ἐπὶ

73 1400 143 1428 Θεοῦ
154 1400 293 1439 λεγόμενον
301 1423 310 1437 ,
323 1403 370 1431 οὐκ
383 1402 530 1438 ἀσθενείας,
542 1402 611 1432 ἀλλὰ
623 1403 759 1442 δυνάμεώς
769 1405 841 1433 ἐστιν

73 1445 213 1479 ἀπόδειξις.
235 1447 270 1476 Εἰ
279 1447 306 1476 δὲ
321 1447 409 1477 καινὸν
419 1447 449 1477 τὸ
460 1448 595 1487 εἰρημένον
604 1471 612 1485 ,
627 1450 685 1478 ἀλλ’
700 1449 771 1488 ὅμως
787 1462 841 1479 πα-

892 1089 1066 1122 potestatem
1075 1084 1168 1114 habeo
1181 1084 1315 1113 sumendi
1327 1093 1401 1113 eam.
1416 1085 1502 1123 Leges
1514 1083 1566 1112 sert
1575 1093 1638 1112 cum
1652 1073 1687 1096 ¹⁸·

893 1133 1031 1167 potestate,
1047 1134 1154 1167 peccata
1178 1128 1260 1158 solvit
1282 1138 1344 1158 cum
1356 1134 1493 1169 potestate,
1508 1127 1601 1157 mortis
1614 1134 1641 1157 et

894 1170 956 1201 vitae
969 1178 1123 1211 potestatem
1136 1172 1227 1210 hahet,
1240 1179 1266 1202 et
1278 1172 1414 1211 quomodo
1427 1172 1506 1209 dicit,
1520 1171 1610 1212 ipsum
1623 1182 1639 1201 a

894 1213 982 1254 seipso
995 1215 1065 1244 nihil
1078 1216 1237 1246 facere-Hac
1247 1216 1359 1246 victoria
1373 1216 1441 1255 quid
1455 1215 1640 1245 manifestius?

933 1262 963 1290 6.
986 1261 1041 1291 sed
1049 1261 1072 1291 si
1082 1261 1172 1292 velitis
1181 1261 1318 1302 deinceps,
1324 1262 1359 1291 ab
1365 1262 1497 1292 haereticis
1507 1261 1638 1301 expediti,

892 1306 973 1336 dictis
986 1306 1145 1337 solutionem
1166 1308 1307 1338 afferamus
1323 1320 1331 1338 z
1352 1307 1525 1348 primumque
1544 1318 1638 1344 mone-
1665 1315 1787 1338 Difficuua.

893 1363 962 1388 mus,
978 1353 1060 1389 illud,
1074 1354 1147 1383 Non
1158 1359 1263 1394 potest,
1278 1354 1312 1384 de
1326 1355 1381 1384 Deo
1393 1353 1508 1392 dictum,
1522 1364 1575 1384 non
1586 1354 1637 1383 im·
1644 1347 1672 1399 2¹:
1694 1348 1788 1400 ω’ἓξὶἵξ

891 1398 1057 1435 becillitatis,
1079 1399 1127 1429 sed
1147 1399 1272 1440 potentiae
1291 1407 1479 1440 argumentum
1497 1410 1562 1430 esse.
1580 1400 1637 1429 Hoc
1644 1409 1764 1437 evangelici

891 1442 954 1472 lieet
967 1453 1068 1474 novum
1079 1443 1190 1474 fortasse
1203 1444 1335 1481 videatur,
1350 1453 1378 1475 at
1391 1445 1468 1475 vobis
1481 1444 1585 1475 claram
1597 1443 1638 1474 rei
1644 1440 1771 1469 ⁰¹P¹³⁶³²⁵⁰=

73 1490 207 1531 ρεξώμεοα
220 1493 268 1529 τὴν
281 1493 412 1528 ἀπόδειξιν
427 1496 508 1534 σαφῆ,
520 1494 585 1525 Ἐὰν
598 1495 681 1532 εἴπω,
695 1495 734 1525 ὅτι
748 1497 778 1525 οὗ
793 1497 839 1525 δυ-
855 1492 875 1515 Β
892 1488 1144 1519 demonstrationem
1158 1490 1310 1521 afferemus.
1323 1492 1353 1522 Si
1363 1491 1471 1529 dixero,
1480 1492 1569 1521 Deum
1582 1501 1637 1520 non

73 1538 149 1567 νατὸν
160 1539 313 1578 ἁμαρτῆσαι
330 1540 375 1569 τὸν
389 1541 474 1577 Θεὸν,
495 1543 543 1571 οὐκ
553 1541 688 1575 ἀσθενείας
701 1543 780 1571 αὐτοῦ
794 1554 842 1571 κα-

72 1585 178 1623 τηγορῶ
191 1606 199 1619 ,
233 1585 301 1614 ἀλλὰ
324 1586 450 1626 μεγίστην
474 1588 545 1626 αὐτῷ
571 1589 697 1627 μαρτυρῶ
721 1587 841 1626 δύναμιν.

74 1628 139 1658 Ἐὰν
151 1629 233 1666 εἴπω,
245 1629 286 1659 ὅτι
306 1630 342 1660 οὗ
360 1631 468 1661 δυνατὸν
481 1632 628 1672 ψεύσασθαι
641 1632 686 1661 τὸν
699 1633 783 1665 Θεὸν,
795 1632 841 1662 καὶ

73 1674 152 1703 πάλιν
168 1675 198 1705 τὸ
217 1676 281 1705 αὐτὸ
302 1677 485 1716 ἀποδείκνυμι.
513 1677 640 1717 Καθάπερ
653 1677 698 1707 καὶ
709 1679 723 1706 ὁ
735 1679 841 1711 Παῦλος

72 1720 175 1760 ἔλεγεν·
203 1723 236 1751 Εἰ
255 1722 418 1762 ὑπομένομεν
429 1744 437 1758 ,
460 1723 506 1752 καὶ
532 1723 778 1762 συμὸασιλεύσομεν
789 1736 795 1742 ·
818 1725 841 1752 εἷ

72 1767 250 1805 ἀπιστοῦμεν,
277 1769 373 1802 ἐκεῖνος
391 1768 483 1803 πιστὸς
504 1768 591 1808 μένει·
614 1769 777 1809 ἀρνήσασθαι
790 1769 841 1809 γὰρ

72 1812 164 1841 ἑαυτὸν
175 1814 204 1842 οὗ
219 1813 338 1852 δύναται,
353 1814 434 1854 Ὁρᾷς
447 1814 493 1849 τὸ,
511 1815 552 1844 Οὔ
567 1814 692 1849 δύναται,
708 1815 842 1853 δυνάμεως

72 1863 182 1897 σημεῖον
194 1859 238 1895 ὄν;
259 1861 311 1889 Καὶ
325 1860 352 1889 τί
369 1860 440 1900 λέγω
456 1861 517 1901 περὶ
535 1862 622 1897 Θεοῧ;
646 1861 709 1891 Ἐπὶ
722 1861 773 1901 γὰρ
787 1863 840 1890 τῶν

72 1905 141 1934 ὑλῶν
155 1905 255 1935 τούτων
265 1907 317 1935 τῶν
330 1908 462 1942 αἰσθητῶν
475 1906 599 1946 γυμνάζω
611 1907 656 1936 τὸν
669 1906 755 1946 λόγον.
774 1906 840 1936 Ἐὰν

73 1950 155 1988 εἴπω,
177 1952 218 1981 ὅτι
232 1952 358 1991 ὁάδᾶμας
378 1954 407 1982 οὗ
433 1953 540 1982 δύναται
552 1954 762 1990 διασπασθῆναι,
788 1947 840 1992 ἆρα

72 1996 205 2026 ἀσθένειαν
215 1998 287 2037 αὖτῷ
296 1998 339 2027 διὰ
352 2001 398 2027 τοῦ
406 2020 414 2034 ,
427 2000 456 2028 οὐ
470 1999 594 2035 δύναται,
617 1999 635 2034 ἢ
645 1998 755 2037 δύναμιν
768 2000 839 2038 αὐτῷ

73 2044 198 2082 μαρτυρῶ
206 2044 348 2084 μεγίστην;
361 2044 446 2074 ιὍταν
457 2040 500 2074 οὖν
511 2045 625 2084 ἀκούσῃς
632 2068 640 2082 ,
648 2045 688 2074 ὅτι
696 2046 726 2074 οὗ
732 2044 840 2074 δύναται

71 2089 86 2116 ὁ
95 2088 163 2122 Θεὸς
172 2090 299 2130 ἁμαρτεῖν
307 2111 314 2124 ,
326 2091 383 2120 οὐδὲ
397 2090 505 2120 δύναται
515 2091 675 2131 ψεύσασθαι,
690 2090 749 2120 οὐδὲ
763 2090 839 2119 δύνα-

71 2145 116 2163 ται
126 2134 289 2174 ἀρνήσασθαι
301 2136 392 2166 ἑαυτὸν
403 2159 411 2173 ,
428 2137 465 2175 μὴ
480 2137 615 2166 ἀσθένειαν
629 2136 738 2175 νομίσῃς
750 2137 780 2165 ἐκ
793 2138 839 2165 τοῦ

72 2180 110 2218 μὴ
125 2181 248 2211 δύνασθαι
263 2181 402 2221 λέγεσθαι,
424 2182 492 2212 ἀλλὰ
506 2183 632 2222 μεγίστην
646 2182 746 2222 σφόδρα
760 2181 839 2211 δύνα-

73 2237 133 2264 μιν,
144 2226 184 2256 ὅτι
198 2228 364 2261 anniam-0<
378 2229 457 2257 αὗτοῦ
469 2231 486 2264 ἡ
499 2228 575 2258 οὐσία
585 2229 711 2268 πονηρίας
735 2228 822 2263 πάσης
830 2249 838 2262 ,

71 2270 182 2307 ἄὸατος,
202 2273 321 2313 καθαρὰ,
341 2273 468 2314 ἀνωτέρα.
485 2274 564 2304 Ἐπεὶ
577 2270 620 2303 οὖν
637 2276 714 2303 τοῦτο
725 2273 836 2313 διευκρί-

69 2328 163 2352 νηται,
187 2318 248 2358 φέρε
266 2319 298 2355 δὴ
320 2319 364 2349 ἐπὶ
387 2320 418 2349 τὸ
441 2319 611 2359 προκείμενον
636 2319 776 2358 ἀγάγωμεν
790 2321 835 2348 τοῦ

70 2361 148 2402 λόγου
169 2362 218 2398 τὴν
228 2364 386 2402 γυμνασίαν.
407 2365 448 2393 Οὐ
460 2364 567 2393 δύναται
582 2366 596 2393 ὁ
612 2364 674 2396 Υἱὸς
685 2366 728 2403 ἀφ’
742 2365 834 2393 ἑαυτοῦ

71 2411 156 2437 ποιεῖν
180 2408 264 2438 οὐδέν.
280 2409 315 2438 Τί
329 2406 373 2438 οὖν
387 2411 443 2438 ἐστι
463 2409 506 2444 τὸ,
518 2409 573 2449 Ἀφ’
583 2411 693 2446 {otu-:033
706 2409 771 2438 Ἐὰν
785 2408 835 2449 γὰρ

892 1544 970 1574 posse
982 1544 1102 1574 peccare,
1116 1545 1168 1565 non
1183 1536 1376 1566 imbecillitatis
1389 1537 1469 1566 illum
1479 1547 1575 1577 arguo,
1591 1537 1639 1566 sed

892 1581 1038 1611 maximam
1049 1581 1100 1621 ipsi
1111 1582 1239 1612 testificor
1249 1589 1415 1623 potestatem.
1426 1583 1456 1614 Si
1466 1583 1571 1620 dixero,
1585 1593 1638 1613 non

891 1636 969 1666 posse
990 1627 1099 1656 mentiri
1121 1628 1221 1664 Deum,
1244 1634 1308 1657 tunc
1330 1627 1450 1668 idipsum
1472 1628 1634 1658 demonstro.

891 1671 1126 1707 Quemadmodum
1139 1679 1166 1702 et
1178 1673 1279 1702 Paulus
1292 1672 1398 1702 dicebat
1411 1685 1417 1702 :
1437 1674 1468 1703 Si
1483 1675 1637 1703 sustinehi-
1646 1686 1668 1701 2.
1684 1680 1740 1701 Tim2
1762 1686 1784 1702 ι.

892 1727 967 1754 mus,
982 1724 1009 1746 et
1023 1720 1277 1758 conregnabimus;
1298 1720 1324 1747 si
1338 1729 1400 1748 non
1415 1719 1570 1758 credimus,
1586 1720 1638 1750 ille
1648 1716 1684 1732 '²'
1701 1709 1737 1732 ¹3·

886 1763 984 1801 fidelis
996 1769 1145 1802 permanet
1156 1776 1167 1792 :
1180 1765 1248 1793 nani
1261 1774 1366 1804 negare
1378 1767 1502 1804 seipsum
1516 1776 1575 1794 non
1587 1765 1639 1806 ῥο-

893 1814 958 1838 test.
982 1808 1082 1839 Vidcn’
1108 1809 1179 1838 illud
1188 1832 1197 1846 ,
1219 1810 1288 1839 Non
1306 1816 1412 1850 potest,
1435 1811 1558 1851 potentiae
1581 1821 1638 1841 esse

891 1854 1018 1894 signum?
1033 1854 1140 1894 Ecquid
1152 1855 1248 1894 loquor
1260 1855 1294 1885 de
1307 1857 1386 1886 Deo?
1401 1858 1443 1886 De
1455 1856 1545 1886 sensili
1564 1857 1637 1886 enim

892 1900 1001 1929 materia
1015 1901 1168 1941 exemplum
1182 1911 1297 1931 sumam.
1313 1902 1342 1932 Si
1352 1902 1459 1938 dixero,
1470 1902 1637 1932 adamantem

892 1957 944 1975 non
958 1956 1035 1986 posse
1054 1947 1157 1987 rumpi,
1170 1957 1204 1976 an
1225 1944 1484 1989 fragilitatem—ejus,
1500 1958 1534 1977 an
1547 1949 1632 1978 robur

891 1994 950 2032 ejus
971 1994 1120 2023 maximum
1137 1992 1309 2033 depraedico?
1329 1995 1399 2024 Cum
1421 2004 1485 2034 ergo
1505 1994 1634 2033 audieris,

892 2049 945 2068 non
960 2049 1035 2078 posse
1047 2041 1135 2069 Deum
1157 2050 1277 2080 peccare,
1298 2050 1345 2070 nec
1359 2050 1437 2080 posse
1450 2040 1569 2079 mentiri,
1586 2051 1634 2070 nec

892 2094 968 2124 posse
981 2085 1110 2124 abnegare
1124 2085 1253 2126 seipsum,
1275 2096 1308 2115 ne
1321 2085 1398 2126 putes
1411 2081 1636 2116 hine'imbecilli-

891 2138 972 2160 tatem
984 2130 1042 2171 ejus
1054 2131 1205 2171 praedicari,
1219 2131 1266 2161 s'ed
1279 2143 1407 2172 perquam
1422 2133 1568 2162 maximam
1583 2144 1632 2174 po-

891 2176 1001 2206 tentiam
1007 2188 1017 2216 3
1034 2177 1098 2216 quia
1115 2178 1174 2217 ejus
1194 2178 1342 2207 substantia
1363 2179 1467 2207 nullam
1488 2179 1634 2218 nequitiam

880 2222 1031 2254 'admittere
1044 2231 1140 2265 potest,
1154 2225 1228 2264 quod
1244 2225 1377 2260 inaccessa
1391 2226 1436 2263 sit,
1451 2237 1532 2266 pura,
1548 2233 1573 2256 et
1586 2237 1633 2255 su-

892 2281 985 2310 perna.
997 2271 1068 2308 Quia
1079 2281 1143 2311 ergo
1152 2271 1203 2301 hoc
1215 2278 1286 2300 recte
1297 2271 1449 2302 discussum
1462 2271 1524 2309 suit,
1539 2283 1587 2311 age
1599 2272 1634 2301 ad

891 2316 1058 2356 propositum
1068 2316 1198 2347 sermonis
1211 2316 1426 2346 exercitationem
1436 2323 1630 2346 convertamus.

892 2363 992 2392 Filius
1005 2373 1025 2391 a
1045 2364 1138 2403 seipso
1154 2374 1213 2392 non
1225 2370 1320 2402 potest
1331 2363 1437 2404 facere
1459 2364 1632 2402 quidquam.

892 2409 968 2447 Quid
981 2409 1051 2439 illud
1065 2417 1114 2447 est,
1131 2411 1163 2439 A
1175 2412 1287 2449 seipso?
1301 2411 1359 2440 Hoc
1372 2410 1394 2439 si
1409 2410 1493 2449 probe
1506 2408 1635 2437 didiceri-

104 2512 119 2531 l’
135 2512 184 2537 nie
195 2512 326 2545 legendum
339 2513 443 2538 omnino
462 2512 561 2537 videtur
582 2516 644 2544 ἕξων,
656 2521 707 2538 non
720 2516 786 2546 ι’χων,
798 2519 826 2538 ut
877 2513 1051 2546 suspicabatur
1060 2514 1196 2546 Benzdius,
1206 2522 1235 2539 ex
1243 2512 1416 2539 ottoboniano
1423 2511 1487 2538 Cod.
1496 2509 1634 2536 emendan-

72 2549 166 2575 habent
187 2551 282 2585 Anglie.
299 2557 325 2576 et
335 2551 423 2577 ottob.
436 2551 478 2576 Sic
490 2551 621 2584 legendum
633 2551 732 2579 notavit
748 2553 824 2577 etiam

72 2588 206 2616 Benzelius.
230 2590 306 2616 Paulo
326 2596 382 2624 post
398 2590 484 2616 Graeca
506 2591 532 2617 in
543 2590 678 2624 Anglicano
690 2592 789 2622 vitiam,
803 2598 830 2617 ut

880 2559 929 2578 ῑιΙΓ,

912 2600 922 2612 ·
941 2591 1029 2618 ottob.
1044 2596 1167 2625 ἐπαγάγωμ
1171 2603 1199 2617 ιν.
