1890 2826
103 948 123 963 1.
135 942 186 963 Cor.
206 948 239 963 ιι,

105 980 138 994 to.

90 1914 235 1937 .l‹¹1.31.·21.

97 2107 135 2126 Ps,
148 2111 186 2134 77.
197 2112 235 2134 72.

264 166 334 211 480

260 245 358 267 nantur
374 237 534 274 sacerdotes,
549 239 720 279 evangelium
742 240 843 270 Christi
857 241 937 281 capiti
952 241 1002 270 im-

258 285 380 324 ponitur,
395 292 425 314 ut
433 284 519 314 discat
532 285 566 322 is,
578 286 627 324 qui
637 285 787 324 ordinatur,
799 298 928 317 veramse
937 288 1003 317 reci-

981 181 1115 205 lNCERTI

1054 254 1114 277 τους
1130 243 1242 284 πράττει
1265 245 1324 278 τοὺς
1344 245 1448 284 νόμους,
1469 247 1575 277 πάντων
1596 250 1714 289 κρατῶν,
1734 250 1778 280 καὶ
1789 252 1829 290 τῷ

1054 288 1128 330 νόμῳ
1141 291 1329 330 κρατούμενος,
1345 291 1432 321 πάντα
1452 293 1467 309 *
1478 293 1639 333 λογοθετῶν,
1654 295 1698 324 καὶ
1713 297 1765 325 ὑπὸ
1781 300 1828 326 τοῦ

258 341 321 370 pere
338 331 470 371 evangelii
490 331 601 370 tiaram;
611 339 690 371 atque
712 339 743 362 ut
767 332 863 370 discat,
877 334 1003 373 quamvis
1018 341 1036 364 C
1055 335 1133 374 λόγου
1152 336 1378 376 νομοθετούμενος.
1390 337 1442 367 Διὰ
1453 341 1530 368 τοῦτο
1541 340 1658 379 γενναῖός
1669 352 1708 374 τις
1718 343 1771 370 τῶν
1782 342 1828 381 ἀρ-

258 377 292 406 sit
305 377 427 407 omnium
440 384 532 417 eaput,
548 388 577 407 se
596 385 683 408 tamen
697 379 803 419 legibus
815 380 873 410 istis
884 380 997 420 subjici:

257 431 283 453 et
300 435 372 461 eum,
385 425 434 463 qui
451 425 577 455 omnibus
590 425 714 466 imperat,
723 427 790 467 legis
803 427 917 467 imperio
932 428 999 457 sub-

256 481 312 499 esse
322 482 329 504 ;
341 481 456 509 eumque
472 471 520 510 qui
544 472 670 502 omnibus
691 472 737 503 dat
756 473 890 512 mandata,
904 485 919 504 a
932 475 999 514 legi-

255 516 307 545 bus
328 516 483 546 mandatum
504 518 634 558 accipere.
662 520 806 560 Propterea
831 520 931 550 nobilis
955 521 999 551 vir

255 561 366 600 quidam
386 573 420 592 ex
439 563 587 600 veteribus,
612 565 657 594 cui
678 575 774 595 nomeu
791 565 921 606 Ignatius,
934 566 998 605 qui-

255 618 307 645 que
327 608 474 638 sacerdotio
498 609 580 639 simul
592 618 617 640 ct
627 612 756 652 martyrio
769 611 912 642 decoratus
933 613 997 649 fuit,

255 654 290 683 ad
312 655 474 685 sacerdotem
496 657 640 695 quemdam
660 658 780 688 scribens
803 659 908 689 dicebat
924 671 931 688 ε
945 661 997 690 Ni-

255 700 294 729 hil
322 701 379 731 sine
409 709 455 732 tua
485 703 623 733 voluntate
656 712 763 744 geratur
774 728 782 743 ,
808 717 895 744 neque
934 707 998 737 item

253 753 283 776 tu
305 747 450 787 quiequam
469 749 570 788 absque
596 751 647 780 Dei
659 750 740 780 facias
753 751 901 782 voluntate.
916 753 998 790 Quod

1055 381 1153 422 χαίων,
1170 382 1295 422 Ἰγνάτιος
1316 383 1344 413 δὲ
1362 380 1395 420 ἦν
1408 383 1491 423 ὄνομα
1510 387 1595 426 αὐτῷ,
1612 381 1687 420 οὗτος
1699 387 1828 427 ἱερωσύνῃ

1056 427 1101 457 καὶ
1116 429 1253 469 μαρτυρίῳ
1267 429 1426 470 διαπρέψας,
1439 430 1601 460 ἐπιστέλλων
1626 432 1677 461 τινὶ
1692 434 1755 473 ἱερεῖ
1768 432 1828 462 ἔλε-

1053 486 1097 513 γε·
1112 475 1204 511 Μηδὲν
1225 475 1287 505 ἄνευ
1306 476 1414 516 γνώμης
1431 488 1478 506 σου
1491 477 1617 516 γινέσθω,
1632 478 1699 517 μηδὲ
1714 479 1746 509 σὺ
1767 479 1828 509 ἄνευ

1054 519 1162 559 γνώμης
1174 521 1245 552 Θεοῦ
1259 534 1285 551 τι
1298 526 1410 562 πρᾶττε.
1425 522 1465 552 Τὸ
1478 522 1564 552 τοίνυν
1584 523 1656 564 ἔχειν
1675 524 1720 554 τὸν
1738 526 1830 565 ἀρχιε-

1055 566 1101 605 ρέα
1115 565 1145 595 τὸ
1171 566 1322 607 εὐαγγέλιον
1334 590 1341 604 ,
1371 567 1480 607 σημεῖόν
1498 570 1556 598 ἐστι
1576 569 1606 599 τὸ
1628 568 1693 599 ”ἐπ’
1709 569 1828 604 ἐξουσίαν

1053 607 1128 642 εἶναι.
1152 612 1204 642 Διὰ
1218 616 1296 642 τοῦτο
1306 613 1378 653 λέγει
1392 615 1499 648 Παῦλος
1509 615 1570 655 περὶ
1583 616 1705 655 γυναικὸς
1715 616 1828 657 ἐχρύσης

1052 658 1194 697 κάλυμμα,
1216 661 1233 694 ἡ
1246 658 1312 698 γυνὴ
1331 660 1431 700 ὀφείλει
1441 660 1512 700 ἔχειν
1529 661 1573 691 ἐπὶ
1593 663 1641 697 τῆς
1665 664 1781 702 κεφαλῆς
1797 663 1828 692 τὸ

1051 704 1196 744 κάλυμμα,
1223 704 1237 734 ὃ
1252 701 1285 741 ἦν
1302 705 1380 735 εἰκὼν
1394 705 1518 740 ἐξουσίας.
1538 702 1592 736 ’Ἦν
1611 702 1654 737 οὗν
1667 710 1684 743 ἡ
1698 708 1778 748 τιάρα
1797 710 1828 738 τὸ

1052 752 1145 791 οχῆμα
1166 753 1215 786 τῆς
1236 750 1366 785 ἔξουσίας·
1382 747 1415 788 ἦν
1428 751 1459 781 τὸ
1479 752 1593 783 πέταλον
1605 753 1636 782 τὸ
1648 757 1780 793 χρυσοῦν,
1805 751 1827 795 ᾧ

254 793 338 832 igitur
369 794 527 834 impositum
560 795 669 826 haberet
699 797 869 837 evangelium
905 801 998 838 ponti·
1015 794 1032 817 ⁰
1052 796 1236 836 ἐπεγέγραπτο
1246 797 1277 827 τὸ
1290 798 1521 838 γεγραμμένον,ἐν
1531 794 1553 839 ᾧ
1563 799 1730 829 ἔκτετύπωτο
1742 801 1826 830 τὸτοῦ

254 840 308 877 sex,
322 840 430 880 signum
444 848 483 870 est
498 852 559 871 eum
581 853 638 872 esse
658 844 710 873 sub
727 851 856 884 potestate
869 845 998 876 constitu-

252 899 319 922 tum.
335 893 479 933 Propterea
489 893 555 923 dicit
569 895 671 924 Paulus
682 895 716 925 de
729 897 842 927 muliere
854 909 914 937 quae
925 899 998 928 vela-

252 949 312 968 men
325 939 451 977 habebat,
468 940 570 970 Mulier
582 941 662 972 debet
674 942 772 972 habere
787 943 908 974 velamen
917 956 998 986 super

1051 844 1122 872 Θεοῦ
1136 843 1234 882 ὄνομα,
1250 844 1294 873 καὶ
1307 847 1412 885 πρῶτον
1426 845 1555 874 δείκνυσιν
1564 869 1572 882 ,
1586 846 1627 875 ὅτι
1641 845 1743 880 ἐξουσία
1756 849 1827 877 Θεοῦ

1051 888 1134 927 ὄνομα
1148 890 1228 919 Θεοῦ.
1245 889 1323 919 Μετὰ
1342 890 1391 927 τὴν
1412 891 1506 931 τιάραν
1528 891 1574 921 καὶ
1597 893 1628 922 τὸ
1650 891 1764 922 πέταλον
1782 893 1828 922 δύο

1049 935 1116 971 λίθοι
1131 935 1174 965 ἐπὶ
1187 938 1240 965 τῶν
1263 936 1343 976 ὤμων
1358 937 1531 978 σμαράγδινοι
1541 961 1549 974 ,
1565 938 1670 978 ἔχοντες
1682 938 1730 972 τὰς
1743 938 1771 973 ἓξ
1781 951 1827 978 φυ-

1048 980 1097 1015 λὰς
1110 983 1227 1012 ἐντεῦθεν
1237 1006 1246 1020 ,
1259 983 1304 1012 καὶ
1317 983 1364 1017 τὰς
1375 983 1402 1018 ἓξ
1416 985 1543 1014 ἐντεῦθεν.
1558 985 1675 1024 Σημεῖον
1688 987 1766 1015 τοῦτο
1778 987 1827 1021 τῆς

1048 1029 1182 1067 ἱερατικῆς
1199 1028 1296 1068 ὄψεως·
1312 1030 1442 1069 ’ἀπονέμει
1455 1030 1483 1060 δὲ
1493 1032 1531 1071 τῷ
1540 1032 1604 1071 ἱερεῖ
1618 1031 1662 1060 τὸν
1675 1031 1829 1071 σμάραγδον

1048 1073 1094 1102 δύο
1108 1074 1203 1114 ἔχοντα
1223 1074 1309 1110 κάλλη
1319 1087 1326 1094 ·
1344 1075 1450 1117 καὶγὰρ
1463 1076 1604 1116 ὠχρότητα
1617 1077 1674 1117 ἔχει
1686 1079 1805 1118 εὐπρεπῆ
1817 1100 1825 1113 ,

1047 1120 1092 1149 καὶ
1118 1120 1230 1161 καθαρὸς
1245 1120 1282 1150 ὢν
1299 1121 1447 1163 κατόπτρου
1462 1121 1572 1162 δύναμιν
1595 1123 1696 1164 ἐπέχει.
1713 1123 1824 1160 Ἐπειδὴ

1048 1161 1091 1195 οὖν
1111 1166 1155 1195 τὸν
1175 1166 1246 1207 ἱερέα
1261 1168 1359 1197 δεῖκαὶ
1375 1168 1485 1205 ἀσκήσει
1506 1169 1611 1209 νήφειν,
1636 1169 1685 1198 καὶ
1701 1170 1748 1199 τὸν
1769 1170 1825 1209 βίον

1049 1213 1196 1253 κάτοπτρον
1220 1214 1291 1255 ἔχειν
1304 1219 1359 1249 τοῖς
1372 1216 1498 1251 πολλοῖς,
1521 1216 1644 1255 βούλεται
1664 1218 1711 1252 τῆς
1731 1219 1826 1257 ἀρετῆς

1011 1261 1029 1283 Ε
1049 1258 1096 1295 τὴν
1111 1259 1200 1289 εἰκόνα
1215 1260 1304 1301 φέρειν
1317 1261 1362 1291 τὸν
1376 1261 1448 1302 ἱερέα
1462 1261 1504 1291 ἐπὶ
1518 1264 1571 1292 τῶν
1582 1262 1671 1301 ὤμων.
1681 1263 1732 1292 Διὰ
1745 1263 1772 1292 τί
1782 1263 1827 1293 ἐπὶ·

251 993 342 1025 caput,
363 986 438 1025 quod
458 994 514 1016 erat
535 987 624 1028 imago
647 989 795 1029 potestatis.
823 990 889 1019 Erat
913 991 998 1031 igitur

250 1032 316 1061 tiara
330 1032 418 1072 figura
431 1033 567 1073 potestatis
582 1047 588 1063 ε
605 1042 662 1068 οιαὶ
680 1046 760 1065 aurea
776 1035 885 1074 lamina,
901 1037 929 1066 in
942 1048 995 1076 qua

249 1085 306 1107 erat
318 1086 425 1108 exarata
435 1079 586 1120 Scriptura,
602 1091 661 1119 quae
673 1082 724 1111 Dei
744 1092 840 1111 nomen
862 1083 996 1123 exprime-

248 1124 302 1161 bat,
316 1135 347 1154 ac
362 1126 482 1165 primum
495 1126 596 1156 indicat
617 1134 774 1167 potestatem
794 1140 850 1158 esse
870 1130 921 1159 Dei
943 1140 994 1159 no·

249 1181 309 1199 men
321 1171 381 1200 Dei.
392 1173 455 1200 Post
469 1172 565 1201 tiaram
577 1179 603 1201 ct
615 1173 743 1203 laminam
759 1174 814 1205 duo
832 1175 935 1215 lapides
947 1187 993 1206 su-

249 1227 297 1255 pra
311 1216 438 1246 humeros
451 1225 527 1247 erant
540 1219 838 1258 smaragdini,quorum
850 1222 918 1251 alter
932 1222 996 1252 hinc

248 1274 296 1293 sex
318 1265 415 1301 tribuS,
431 1265 543 1298 totidem
564 1266 631 1295 alter
644 1277 678 1296 ex
693 1267 775 1297 altera
788 1276 864 1308 parte
875 1270 995 1299 contine-

249 1310 304 1339 bat.
319 1310 434 1350 Signum
447 1322 528 1351 porro
542 1311 594 1341 hoc
607 1319 647 1341 est
661 1313 834 1343 sacerdotalis
846 1322 969 1354 aspectus
986 1327 992 1344 ε

248 1356 371 1386 attribuit
381 1364 471 1386 autem
488 1357 620 1387 sacerdoti
632 1358 816 1399 smaragdum,
834 1361 878 1389 cui
891 1360 994 1401 duplex

250 1405 316 1432 inest
328 1403 519 1443 pulchritudo:
530 1404 612 1433 habet
623 1404 692 1433 enim
707 1412 732 1434 et
746 1405 870 1435 decoram
878 1407 995 1437 virilita-

249 1457 301 1478 tem
315 1456 340 1478 et
360 1449 504 1489 puritatem
527 1450 611 1479 instar
624 1451 726 1490 speculi
747 1451 906 1482 radiantem.
922 1454 997 1490 Quo—

248 1496 320 1524 niam
334 1495 417 1535 igitur
430 1495 592 1525 sacerdotem
607 1496 651 1536 pia
671 1497 860 1527 exercitatione
874 1499 995 1529 sobrium

247 1552 304 1570 esse
316 1548 431 1581 oportet,
444 1548 470 1570 et
491 1542 575 1571 vitam
596 1552 671 1571 suam
687 1542 771 1582 vulgo
784 1550 919 1582 tamquam
934 1555 994 1584 spe-

247 1587 341 1616 culum
354 1587 494 1624 exhibere,
510 1587 674 1617 sacerdotem
689 1588 750 1618 vult
760 1588 788 1617 in
803 1589 922 1619 humeris
935 1591 996 1620 vir-

247 1634 312 1663 tutis
328 1634 471 1674 imaginem
488 1641 601 1674 gestare.
616 1636 707 1670 Quare
726 1645 790 1664 vero
809 1635 836 1665 in
852 1636 994 1666 humeris}¹

247 1681 318 1717 Quia
328 1690 425 1709 nomen
437 1681 486 1709 Dei
499 1691 580 1721 supra
604 1688 685 1721 caput
699 1688 765 1719 erat,
773 1683 903 1712 articulus
914 1694 996 1724 super

1048 1306 1100 1333 τῶν
1121 1305 1216 1344 ὤμωνς
1242 1307 1354 1344 Ἐπειδὴ
1370 1307 1401 1337 τὸ
1422 1311 1468 1338 τοῦ
1482 1309 1553 1338 Θεοῦ
1571 1309 1654 1347 ὄνομα
1668 1309 1712 1338 ἐπὶ
1725 1311 1773 1345 τῆς
1783 1321 1826 1339 κε-

1049 1351 1150 1390 φαλῆς,
1163 1351 1193 1380 τὸ
1207 1351 1301 1392 ἄρθρον
1316 1353 1360 1382 ἐπὶ
1374 1356 1419 1382 τοῦ
1435 1353 1541 1394 ἄρθρου.
1555 1354 1608 1383 Καὶ
1619 1354 1663 1383 διὰ
1676 1354 1702 1383 τί
1715 1355 1760 1384 ἐπὶ
1772 1357 1825 1384 τῶν

1048 1396 1148 1435 ὤμων,
1175 1397 1286 1434 Ἐπειδὴ
1301 1398 1352 1439 γὰρ
1374 1399 1494 1438 πράξεώς
1519 1401 1576 1429 ἔστι
1590 1405 1709 1439 σημεῖον.
1724 1401 1759 1430 Ἡ
1773 1402 1825 1442 γὰρ

1048 1443 1181 1482 πρακτικὴ
1191 1443 1300 1483 δύναμις
1311 1446 1338 1473 ἐν
1349 1449 1402 1478 τοῖς
1414 1445 1496 1484 ὤμοις
1504 1445 1627 1486 ἤρτηται.
1641 1446 1770 1476 Βούλεται
1780 1443 1825 1477 οὖν

1048 1488 1078 1517 τὸ
1090 1488 1186 1523 κάλλος
1205 1492 1252 1526 τῆς
1267 1490 1390 1526 ἀληθείας
1410 1491 1455 1520 ἐπὶ
1476 1493 1529 1521 τῶν
1543 1492 1663 1532 πράξεων
1679 1488 1755 1522 εἶναι.
1773 1494 1825 1524 Διὰ

1047 1537 1125 1564 τοῦτο
1135 1535 1206 1575 λέγει
1225 1538 1239 1565 ὁ
1257 1536 1327 1570 Θεὸς
1343 1537 1409 1576 πρὸς
1422 1537 1471 1573 τὴν
1491 1537 1668 1578 Ἰερουσαλήμ
1678 1539 1756 1568 ποτε·
1771 1540 1826 1573 Θὲς
1849 1539 1853 1542 ”

1047 1580 1095 1616 τὴν
1110 1581 1220 1620 καρδίαν
1235 1593 1280 1612 σου
1293 1582 1338 1611 ἐπὶ
1353 1584 1406 1612 τῶν
1420 1582 1500 1621 ὤμων
1515 1595 1576 1619 σου,
1591 1584 1707 1625 θυγάτηρ
1721 1586 1824 1625 ἠτιμω-

1049 1626 1125 1664 μένη,
1139 1626 1179 1656 ὅτι
1189 1627 1286 1668 Κύριος
1297 1627 1383 1657 ἔκτισε
1394 1630 1536 1669 σωτηρίαν.
1544 1629 1602 1663 Τὰς
1612 1634 1704 1671 χεῖρας
1713 1631 1825 1666 καὶτοὺς

1047 1672 1136 1711 ὤμους
1149 1674 1187 1707 εἰς
1206 1673 1315 1714 πράξεις
1327 1674 1458 1713 λαμὸάνει
1471 1677 1489 1711 ἡ
1503 1675 1598 1716 Γραφὴ
1609 1697 1616 1712 ,
1637 1678 1674 1710 ὡς
1683 1676 1745 1706 ὅταν
1759 1678 1824 1718 λέγῃ

246 1728 464 1758 articulum.Cur
476 1735 565 1757 autem
579 1727 607 1757 in
618 1728 761 1758 humeris?
771 1730 907 1766 Quoniam
917 1731 1036 1765 aetio-421
1047 1718 1108 1758 περὶ
1121 1722 1167 1748 τοῦ
1179 1720 1264 1749 Δαυίδ
1273 1732 1286 1777 ⁸,
1294 1720 1347 1776 Κῆὶ
1359 1721 1387 1749 ἐν
1398 1725 1456 1754 ταῖς
1470 1722 1590 1778 συγέσεσῑ
1603 1725 1655 1752 τῶν
1669 1725 1767 1764 χειρῶν
1777 1725 1823 1753 αὖ·

252 1785 317 1803 num
330 1781 369 1803 est
378 1774 494 1813 signum.
504 1774 624 1804 Actionis
633 1775 703 1804 enim
712 1776 830 1815 potentia
839 1776 995 1807 abhumeris
1009 1774 1029 1795 A
1047 1768 1093 1794 ταῦ
1105 1764 1243 1805 ὡδήγησεν
1257 1777 1361 1799 αυτους·
1378 1766 1431 1796 Καὶ
1442 1769 1460 1803 ἦ
1478 1779 1581 1801 ‘’⁰⁹⁵⁶“
1594 1763 1646 1809 ἆρα
1659 1770 1686 1798 3⁹
1700 1774 1757 1803 ταῖς
1765 1782 1825 1810 χῑρ·

247 1820 389 1860 dependet.
401 1820 470 1851 Vult
488 1820 572 1860 igitur
589 1821 709 1850 veritatis
719 1822 953 1861 pulchritudinem
966 1824 992 1853 in

247 1865 510 1895 artionibusenitere.
518 1868 660 1906 Propterea
668 1867 707 1896 sic
716 1867 847 1907 alloquitu
857 1869 994 1908 raliquan-

247 1910 283 1940 do
303 1912 453 1942 Jerusalem
470 1914 603 1942 Dominus
616 1913 718 1941 :Pone
740 1923 791 1943 cor
807 1921 889 1944 tuum
909 1926 995 1955 snper

250 1959 385 1987 humeros
396 1965 471 1995 tuos,
484 1958 552 1998 filia
562 1959 709 1999 despecta,
727 1963 867 1999 quoniam
883 1964 994 1992 creavit

253 2005 395 2034 Dominus
405 2005 542 2034 salutem.
567 2006 666 2035 Manus
675 2013 701 2035 et
710 2006 836 2036 humeros
849 2019 899 2047 pro
907 2009 991 2038 actio-

247 2050 327 2079 nibus
348 2050 447 2090 accipit
470 2050 619 2090 Scriptura,
631 2058 661 2080 ut
681 2062 743 2080 cum
752 2052 786 2081 de
797 2053 902 2083 Davide
916 2053 993 2091 dicit,

247 2096 289 2125 Ec
308 2097 340 2124 in
360 2096 556 2125 intellectibus
578 2107 719 2126 manuum
734 2107 854 2127 suarum
871 2100 994 2129 deduxit

246 2152 308 2171 eos.
324 2141 464 2180 Numquid
478 2143 506 2171 in
520 2143 646 2172 manibus
660 2150 699 2172 est
712 2143 883 2174 intellectus?
897 2145 952 2176 Sed
965 2146 991 2176 in

246 2188 427 2217 intellectibus
436 2187 504 2217 dicit
515 2189 637 2229 ipsarum
646 2189 790 2219 actionum.
800 2191 836 2220 Et
843 2191 870 2220 in
884 2199 993 2231 pectore

1046 1810 1086 1840 σίν
1101 1812 1189 1848 ἐστ-ως
1205 1811 1274 1841 Ἀλλ’
1283 1813 1309 1840 ἐν
1316 1817 1373 1846 ταῖς
1381 1813 1502 1843 συνέσεσι
1515 1813 1586 1854 λέγει
1597 1816 1684 1844 αὐτῶν
1689 1817 1742 1845 τῶν
1751 1816 1819 1856 πρά-

1047 1856 1119 1890 ξεων.
1134 1857 1188 1886 Καὶ
1206 1857 1252 1887 ἐπὶ
1263 1860 1309 1887 τοῦ
1322 1858 1432 1894 στήθους
1443 1859 1592 1898 ἐλάμὸανεν
1606 1863 1621 1890 ὁ
1632 1861 1716 1901 ἱερεὺς
1728 1862 1759 1891 τὸ
1776 1863 1823 1892 λο-

1044 1908 1113 1942 γεῖον
1126 1902 1186 1936 τοὺς
1203 1903 1305 1933 δώδεκα
1318 1904 1404 1938 λίθους
1418 1906 1676 1945 ἔγκεκολαμμένους,
1691 1907 1821 1947 τουτέστι,

1045 1949 1162 1988 σάρδιον,
1175 1949 1299 1983 τοπάζιον
1309 1971 1317 1985 ,
1329 1950 1495 1990 σμάραγδον,
1510 1952 1640 1992 ἄνθρακα,
1654 1953 1799 1994 σάπφειρον
1812 1976 1820 1989 ,

1044 1995 1151 2031 ἴασπιν,
1173 1995 1311 2032 ὖάκινθον,
1331 1995 1449 2035 ἀχάτην,
1473 1997 1603 2036 ἀμέθυσον
1614 2019 1623 2033 ,
1648 1999 1821 2039 χρυσόλιθον,

1046 2041 1197 2080 βηρύλλιον,
1206 2041 1369 2081 ὀνύχιον.Ἐν
1378 2046 1431 2076 τοῖς
1443 2042 1544 2073 δώδεκα
1555 2043 1636 2078 λίθοις
1647 2044 1747 2079 τούτοις
1757 2047 1819 2085 ἐμε-

1046 2086 1145 2126 ρίζοντο
1155 2088 1182 2116 αἱ
1196 2078 1298 2116 δῶδεκα
1306 2087 1401 2127 φυλαί·
1419 2087 1486 2128 βαρὺ
1497 2089 1527 2118 τὸ
1537 2092 1620 2129 ῥῆμα.
1631 2090 1700 2120 Ἀνω
1711 2091 1755 2121 ἐπὶ
1767 2093 1820 2122 τῶν

1045 2132 1124 2171 ὤμων
1140 2132 1189 2171 μία
1202 2128 1234 2168 ἦν
1243 2135 1261 2168 ἡ
1269 2134 1322 2162 τῶν
1335 2133 1415 2163 λίθων
1429 2134 1506 2174 φύσις
1519 2134 1547 2164 ἓν
1560 2136 1643 2174 ὄνομα
1650 2136 1748 2176 ἔχουσα
1758 2161 1766 2174 ,
1776 2137 1819 2167 τὸν

1045 2178 1197 2218 σμάραγδον
1206 2189 1213 2196 ·
1226 2178 1271 2207 ἐπὶ
1286 2178 1314 2208 δὲ
1327 2181 1373 2208 τοῦ
1389 2179 1502 2215 στήθους
1524 2180 1598 2210 κάτω
1612 2181 1731 2222 διάφοροι
1745 2185 1769 2212 οἱ
1779 2183 1821 2212 λί·

245 2236 393 2276 accipiebat
411 2236 534 2265 sacerdos
552 2237 703 2274 oraculum,
726 2237 753 2266 in
773 2247 827 2276 quo
846 2238 993 2270 duodecim
1008 2230 1026 2253 Β
1045 2228 1094 2255 ⁰⁰²·
1106 2224 1143 2254 Τί
1152 2224 1275 2264 βούλεται
1289 2228 1382 2263 τοῦτοῗ
1395 2226 1508 2263 Ἐπειδὴ
1520 2227 1569 2266 μία
1578 2228 1654 2269 φύσις
1667 2231 1738 2268 ἡμᾶς
1748 2230 1819 2270 ἐγέν”

244 2289 319 2311 erant
333 2282 437 2322 lapides
451 2282 592 2322 insculptI‚
608 2283 660 2312 hoc
674 2289 724 2319 est,
732 2283 848 2321 sardius,
859 2286 990 2324 topazius,

244 2329 413 2368 smaragdus,
430 2328 623 2365 carbunculus,
639 2329 797 2369 sapphirus,
809 2331 905 2370 jaspis,
921 2332 990 2372 hya-

243 2375 362 2411 cinthus,
385 2375 502 2411 achates,
528 2375 704 2415 amethystus,
726 2375 921 2416 chrysolithus,
943 2378 990 2407 be-

244 2421 342 2461 ryllus,
356 2421 517 2461 onychinus.
531 2422 562 2451 In
576 2420 719 2451 duodecim
732 2421 871 2461 lapidibus
883 2422 987 2453 duode-

277 2512 288 2524 ⁸
307 2513 404 2546 Fronto
416 2512 521 2537 Ducaeus
532 2517 558 2536 et.
569 2511 647 2537 savit.
663 2511 797 2545 legendum
810 2518 901 2545 putant
910 2519 1004 2547 νομοθε-

245 2558 295 2576 τῶν.
308 2549 375 2575 lhid.
390 2559 477 2575 omncs
487 2551 547 2576 Mss.
562 2554 599 2577 καὶ
609 2553 651 2578 ὑπὸ
660 2555 700 2577 τοῦ
711 2554 786 2584 λόγου.
797 2551 845 2576 Ed.
857 2558 935 2585 νόμου.
947 2554 1004 2578 Mox

244 2590 336 2621 l5natii
348 2588 416 2614 locus
429 2595 466 2614 est
477 2598 507 2614 ex
523 2589 635 2623 Epistola
648 2589 680 2615 ad
690 2590 868 2623 Polycarpum.

1044 2287 1128 2312 νησε,
1157 2274 1277 2315 διάφοροι
1302 2276 1330 2305 δὲ
1351 2279 1456 2316 γνῶμαι
1475 2279 1547 2317 ἡμᾶς
1560 2277 1701 2318 ἐμέρισαν,
1721 2279 1752 2309 τὸ
1771 2279 1820 2318 μὲν

1045 2326 1136 2356 δίδωσι
1149 2328 1182 2366 ϊῇ
1196 2326 1290 2366 γνώμῃ
1299 2348 1307 2363 ,
1328 2326 1359 2356 τὸ
1372 2327 1400 2357 δὲ
1417 2330 1450 2368 τῇ
1468 2328 1554 2368 φύσει.
1578 2324 1639 2358 ’Ἦν
1651 2329 1737 2359 τοίνυν
1748 2331 1819 2360 Θεοῦ

1043 2376 1126 2415 ὄνομα
1138 2378 1155 2412 ἡ
1169 2376 1303 2416 πρακτικὴ
1319 2377 1415 2417 ἀρετὴ,
1438 2380 1456 2414 ἡ
1479 2378 1524 2408 διὰ
1535 2378 1614 2418 λόγου
1637 2379 1683 2408 καὶ
1697 2380 1820 2416 ἀληθείας

1044 2427 1205 2456 συνεστῶσα.
1219 2426 1274 2456 Καὶ
1287 2427 1338 2456 ὑπὸ
1359 2427 1390 2457 τὸ
1408 2427 1556 2468 κράσπεδον
1569 2430 1614 2458 τοῦ
1630 2428 1719 2468 ἱερέως
1732 2430 1762 2460 τὸ
1773 2432 1819 2460 λε-

1091 2517 1103 2535 Ιι
1121 2515 1277 2550 [Legendum
1290 2517 1388 2543 xidetur
1397 2519 1459 2551 roth]
1470 2519 1542 2544 Unus
1550 2519 1703 2550 ὐπ’ἑξουσίαν.
1719 2521 1767 2546 ΑΙίὶ
1781 2526 1817 2549 ἐπ’

1056 2558 1161 2585 ἐξουσίαν.
1179 2554 1247 2581 Ibid.
1268 2555 1381 2588 quaedam
1403 2556 1507 2582 deerant
1528 2557 1553 2583 in
1571 2558 1658 2584 Morel.
1672 2560 1708 2592 [et
1728 2560 1816 2595 Snvil.]

1054 2602 1108 2626 quae
1123 2602 1152 2618 ex
1165 2595 1223 2619 Mss.
1239 2594 1373 2628 prodeunt.
