1890 2826
247 194 315 229 520

244 269 357 306 'insuper
370 276 477 305 :equum
491 272 529 294 est
542 272 570 295 ut
589 264 622 294 ad
637 265 737 294 hostias
750 272 853 294 nostras
866 265 987 294 animum

945 202 1123 227 snvmzum

1041 264 1251 304 ἁμαρτημάτων,
1266 264 1314 301 τὴν
1338 264 1365 294 δὲ
1390 264 1479 305 ψυχὴν
1502 266 1630 306 ἐντρυφᾷν
1656 270 1708 300 τοῖς
1734 265 1811 299 θείοις

245 312 429 342 adhibeamus.
441 311 675 351 Proponiturergo
681 321 771 341 mensa
777 310 881 348 animai,
891 320 988 352 nempe
1006 313 1025 336 D
1043 310 1180 350 δόγμασιν.
1195 311 1236 340 Οὐ
1251 310 1315 350 δύνῃ
1330 311 1357 341 δὲ
1368 311 1462 341 ἐσθίειν
1479 311 1558 352 ἄρτον
1570 312 1687 352 Χριστοῦ
1701 312 1747 341 καὶ
1760 313 1810 351 ἄρ·

246 359 294 388 Dei
309 359 434 389 verbum.
450 360 555 398 Corpus
564 358 668 398 jejunio
687 358 879 396 sanctificatur,
899 357 987 387 anima

244 406 304 435 cibo
317 417 413 446 expers
426 404 618 445 corrumpitur.
632 405 744 435 Utinam
755 415 852 445 corpus
859 405 962 445 jejunet
972 415 987 433 a

243 452 367 492 peccatis,
382 451 470 481 anima
482 451 585 482 veroin
597 450 699 481 divinis
711 450 878 486 documentis
891 450 988 480 convi-

243 505 331 528 vetur.
358 499 418 527 Non
442 505 518 538 potes
542 497 679 527 comedere
698 508 795 538 panem
818 497 936 533 Christi,
960 503 987 526 et

163 564 175 577 r
209 563 230 576 0.
243 555 338 584 panem
351 545 542 584 lacrymarum,
559 550 589 573 ut
601 543 638 573 ait
652 544 751 573 Paulus
767 555 775 572 ε
789 544 858 573 Νοη
867 544 986 583 potesn's

240 592 397 630 participes
408 600 469 619 esse
479 600 584 619 mensoe
594 590 711 627 Christi,
720 596 749 619 et
758 599 862 619 mensoe
875 590 985 619 doemo-

139 650 231 672 sunan,
243 638 366 666 niorum.
379 636 465 666 Debet
474 646 537 676 ergo
544 636 567 665 is
576 636 623 675 qui
633 636 737 676 jejunat
747 635 878 665 abstinere
891 635 984 672 arcibo,

171 681 289 711 ..m-scd
302 682 435 722 praecipue
449 693 465 711 a
486 682 612 723 peccatis.
636 681 743 711 Etenim
760 681 848 722 angeli
866 680 987 721 quotidie

186 722 233 735 ⁰⁰²¹*
242 735 344 765 notant,
359 728 421 767 quis
439 728 608 769 proposuerit
615 728 747 757 abstinere
758 728 792 757 ab
803 728 926 765 avaritia,
939 735 986 758 aut

242 786 257 804 a
284 775 467 810 fornicatione,
495 782 542 805 aut
564 776 599 805 ab
621 775 773 814 iniquitate.
801 776 863 805 Haec
885 775 986 816 quippe

238 821 342 862 jejunia
355 828 381 850 et
394 821 482 860 angeli
495 821 676 861 perscribunt,
691 828 718 851 et
731 823 804 851 Deus
817 821 846 851 in
861 821 986 851 thesauro

242 867 372 898 recondit.
386 867 623 905 Quemadmodum
644 867 730 905 enim,
745 867 850 904 fratres,
870 866 911 896 illi
931 867 986 897 viri

242 915 363 955 primarii
375 914 423 954 qui
437 925 452 943 a
463 914 564 944 libellis
576 914 745 954 supplicibus
753 921 816 944 sunt
827 915 987 955 Imperatori

241 969 336 991 cuncta
349 961 502 990 declarant:
518 960 557 992 sic
565 968 592 990 et
604 961 692 1000 angeli
704 972 734 990 ea
746 971 806 1000 quae
816 961 885 991 fiunt
898 962 987 991 omnia

242 1009 298 1037 Deo
318 1007 482 1047 significant,
507 1017 560 1036 non
587 1007 754 1047 ignorantem
779 1006 915 1042 docentes,
940 1006 988 1036 sed

241 1053 410 1082 ministrandi
420 1052 542 1082 ordinem
552 1060 679 1082 creaturae
689 1053 842 1093 implentes.
854 1053 914 1092 Ego
923 1063 985 1082 sex-

240 1099 338 1128 centies
344 1099 489 1128 beatiorem
497 1098 700 1138 praedicaverim
707 1098 900 1136 comedentem,
907 1109 988 1138 quam

238 1142 402 1181 jejunantem
423 1149 449 1171 et
469 1142 560 1181 inique
586 1149 718 1181 agentem.
747 1143 811 1172 Haec
834 1142 908 1179 dico,
935 1153 988 1172 non

1041 367 1086 385 τον
1101 356 1230 396 δακρύων,
1245 358 1281 390 ὣς
1293 355 1366 397 λέγει
1386 358 1508 391 Παῦλος·
1522 358 1563 387 Οὔ
1585 357 1694 388 δύνασθε
1707 358 1811 399 τραπέ-

1043 403 1087 438 ζης
1102 403 1218 442 Χριστοῦ
1242 402 1363 443 μετέχειν
1378 403 1424 432 καὶ
1440 402 1573 443 τραπέζης
1595 404 1747 443 δαιμονίων.
1761 406 1810 434 Δεῖ

1041 448 1127 477 τοίνυν
1141 448 1185 477 τὸν
1196 448 1355 484 νηστεύοντα
1366 449 1513 489 ἀπέχεσθαι
1527 449 1580 478 ἀπὸ
1594 450 1752 490 βρωμάτων,
1765 451 1811 480 καὶ

1041 493 1145 534 πρῶτόν
1155 506 1185 534 γε
1195 493 1247 523 ἀπὸ
1262 494 1472 535 ἁμαρτημάτων.
1488 495 1542 525 Καὶ
1554 495 1606 535 γὰρ
1618 498 1678 525 καθ’
1693 496 1810 532 ἑκάστην

1039 539 1142 580 ἡμέραν
1153 539 1260 580 ἄγγελοι
1273 544 1444 580 σημειοῦνται
1452 563 1461 577 ,
1474 541 1513 576 τίς
1525 541 1652 581 προέθετο
1662 542 1810 583 ἀπέχεσθαι

1040 586 1093 616 ἀπὸ
1105 586 1270 622 πλεονεξίας,
1284 586 1302 622 ἢ
1313 587 1450 627 πορνείας,
1461 587 1478 623 ἢ
1489 588 1592 622 ἀδικίας
1600 586 1623 618 b.
1638 588 1747 623 Ταύτας
1757 588 1809 628 γὰρ

1038 632 1087 665 τὰς
1109 632 1230 668 νηστείας
1244 633 1290 662 καὶ
1314 633 1421 673 ἄγγελοι
1440 634 1651 675 ἀναγράφονται,
1675 634 1720 664 καὶ
1743 634 1813 667 Θεὸς

1038 678 1203 717 ταμιεύεται.
1214 679 1321 719 Ὥσπερ
1331 679 1392 719 γὰρ,
1407 680 1534 720 ἀδελφοὶ,
1555 681 1628 710 “dnh
1644 683 1698 710 τῶν
1715 681 1811 721 ἀναφο-

1003 736 1022 759 Ε
1039 726 1092 764 ρῶν
1106 725 1130 753 οἱ
1144 724 1269 765 ἄρχοντες
1282 727 1320 765 τῷ
1333 726 1438 764 βασιλεῖ
1450 725 1539 755 πάντα
1554 725 1698 765 μηνύουσιν
1707 737 1715 744 ·
1730 725 1812 760 οὕτως

1039 769 1084 799 καὶ
1105 771 1130 799 οἱ
1153 770 1261 810 ἄγγελοι
1281 773 1319 811 τῷ
1343 772 1406 811 Θεῷ
1430 770 1519 801 πάντα
1538 771 1572 801 τὰ
1597 769 1739 812 γινόμενα,
1765 773 1813 802 οὐκ

1039 817 1183 855 ἀγνοοῦντα
1195 816 1361 850 διδάσκοντες
1369 840 1377 854 ,
1392 816 1462 846 ἀλλὰ
1475 817 1524 853 τὴν
1539 816 1725 858 λειτουργικὴν
1737 817 1811 852 τάξιν

1038 863 1087 897 τῆς
1101 861 1273 902 δημιουργίας
1281 863 1452 902 πληροῦντες.
1466 863 1540 903 Ἐγὼ
1549 863 1700 905 ἐμακάρισα
1712 864 1744 894 ἂν
1758 876 1812 904 μυ-

1041 907 1126 948 ριοίκις
1138 908 1184 938 τὸν
1198 909 1329 946 ἐσθίοντα,
1340 909 1358 945 ἢ
1369 909 1414 939 τὸν
1427 909 1587 945 νηστεύοντα
1601 910 1646 940 καὶ
1661 911 1812 946 ἀδικοῦντα.

1042 954 1138 983 Ταῦτα
1149 954 1220 994 λέγω
1230 977 1238 991 ,
1253 956 1282 984 οὖ
1293 954 1417 992 νηστείαν
1434 954 1514 989 λύων,
1524 957 1584 985 ἀλλ’
1606 955 1742 986 εὖσέόειαν
1761 968 1812 992 κη-

1041 998 1151 1039 ρύττων.
1162 1001 1203 1030 Οὐ
1214 1000 1266 1040 γὰρ
1276 1000 1307 1030 τὸ
1325 1005 1416 1041 φαγεῖν
1425 1001 1516 1037 κακὸν,
1530 1001 1599 1031 ἀλλὰ
1607 1001 1639 1031 τὸ
1651 1002 1813 1043 ἁμαρτάνειν

1040 1046 1165 1085 πονηρὸν,
1179 1045 1267 1080 καθὼς
1279 1045 1352 1086 λέγει
1364 1049 1378 1076 ὁ
1389 1046 1458 1081 Θεὸς
1477 1047 1539 1087 περί
1553 1059 1623 1082 τινος
1646 1048 1747 1078 δικαίου
1756 1060 1763 1067 ·
1777 1048 1812 1078 Ὁ

1041 1092 1130 1132 πατήρ
1144 1103 1190 1121 σου
1217 1093 1265 1122 οὐκ
1279 1092 1371 1133 ἔφαγε,
1384 1093 1472 1123 καὶτὸ
1485 1093 1589 1133 θέλημά
1606 1104 1657 1134 μου
1671 1095 1811 1131 imi-qoem

1041 1137 1122 1167 Οὕτω
1133 1137 1165 1174 δὴ
1179 1135 1225 1167 καὶ
1239 1139 1356 1178 ἀλλαχοῦ
1367 1150 1374 1157 ·
1388 1138 1509 1175 Νηστεία
1530 1142 1548 1175 ἡ
1565 1140 1675 1180 τετρᾶς,
1698 1141 1744 1171 καὶ
1763 1152 1810 1178 νη-

239 1186 374 1226 jejunium
393 1186 511 1222 solvens,
530 1186 578 1215 sed
598 1187 724 1226 pietatem
747 1187 905 1226 praedicans.
927 1189 988 1217 Non
999 1201 1035 1222 44⁶
1043 1183 1116 1212 στεία
1130 1185 1147 1219 ἡ
1167 1183 1294 1222 πέμπτη,
1309 1183 1355 1213 καὶ
1375 1184 1486 1220 νηστεία
1497 1187 1515 1221 ἡ
1527 1185 1642 1223 δεκάτη,
1656 1186 1732 1216 ἔσται
1749 1189 1813 1226 ὓμῖν

241 1232 311 1261 enim
325 1231 464 1261 comedere
477 1232 589 1269 malum,
605 1232 652 1262 sed
673 1243 782 1272 peccare
802 1243 917 1272 pravum
936 1240 986 1269 est,
1007 1230 1027 1252 Α
1043 1230 1079 1261 εἷς
1092 1229 1179 1268 χαρὰν
1192 1229 1237 1258 καὶ
1249 1231 1287 1263 εἰς
1296 1229 1458 1270 εὐφροσύνην
1472 1230 1518 1260 καὶ
1531 1232 1570 1265 εἷς
1590 1231 1682 1272 ἑορτὰς
1693 1232 1811 1272 ᾶγαθὰς,

241 1278 469 1317 quemadmodum
496 1277 563 1307 dicit
595 1279 670 1307 Dens
696 1278 730 1307 de
752 1279 826 1318 justo
851 1279 982 1317 quodam:

241 1325 331 1353 Pater
339 1331 404 1353 tuus
410 1333 508 1353 nonne
516 1324 650 1360 comedit,
662 1330 690 1352 et
698 1324 885 1354 voluntatem
895 1335 989 1354 meam

92 1371 333 1412 z21c11.8.=9.secit?
346 1370 392 1400 Sic
405 1377 432 1399 et
445 1369 510 1399 alibi
528 1381 535 1398 ε
551 1371 704 1409 Jejunium
717 1376 864 1409 quartum,
876 1377 904 1399 et
910 1372 989 1410 jeju-

243 1420 325 1446 nium
336 1418 482 1457 quintum,
497 1422 526 1444 et
534 1417 680 1456 jejunium
694 1417 852 1453 decimum,
864 1418 920 1445 erit
930 1427 988 1446 vo—

244 1464 324 1491 bisin
332 1462 473 1502 gaudium
479 1467 509 1491 et
521 1463 552 1490 in
562 1462 696 1490 laetitiam
705 1468 733 1490 et
744 1463 775 1490 in
789 1462 988 1492 solemnitates

243 1510 346 1544 bonas,
367 1516 394 1537 et
411 1509 568 1537 veritatem
593 1507 716 1547 diligite.
744 1507 799 1537 Sed
825 1507 918 1537 illuxit
938 1508 988 1538 lux

243 1554 358 1591 sensilis,
382 1561 413 1583 ut
436 1554 506 1583 lucis
532 1553 633 1593 Opifex
651 1552 855 1593 praedicaretur.
871 1553 990 1584 Advenit

242 1611 352 1640 vespera
358 1599 412 1629 diei
419 1609 529 1628 cursum
536 1598 680 1638 obsignans
685 1620 691 1628 .
701 1598 806 1627 Bonum
812 1599 855 1639 pri
858 1599 929 1640 neipi
932 1611 988 1635 um,

243 1646 304 1675 finis
319 1645 444 1675 addatur.
460 1646 501 1675 Ne
518 1645 588 1673 male
605 1644 730 1684 repellas,
752 1644 800 1673 sed
817 1644 883 1674 audi
902 1647 988 1677 Davi-

128 1704 141 1717 a
179 1703 190 1710 ··
211 1711 216 1716 -
243 1692 304 1721 dem
317 1704 324 1721 ι
340 1693 378 1720 In
376 1692 485 1732 finem,
499 1701 536 1719 ne
547 1699 725 1730 corrumpas.
738 1691 812 1719 Deus
820 1697 910 1720 autem
919 1690 989 1722 lucis

243 1739 326 1778 hujus
349 1748 398 1768 vos
422 1746 514 1766 omnes
538 1735 684 1774 illuminet,
711 1736 806 1774 verbo,
830 1736 899 1776 lege,
922 1738 987 1776 fide,

240 1784 356 1824 justitia,
380 1783 509 1820 castitate,
532 1782 560 1811 in
579 1782 687 1812 Christo
705 1782 771 1812 Jesu
790 1783 908 1813 Domino
936 1795 987 1814 no-

243 1838 310 1866 stro,
325 1841 374 1871 per
399 1840 479 1869 quem
503 1835 529 1858 et
552 1828 663 1868 quicum
686 1828 759 1858 Patri
782 1829 878 1868 gloria,
904 1830 986 1860 simul

243 1888 305 1907 cum
317 1877 421 1917 Spiritu
433 1882 534 1912 sancto,
553 1875 581 1904 in
595 1874 691 1905 saecula
704 1875 874 1905 saeculorum.
888 1878 983 1907 Amen.

243 1969 384 2008 Ejusdem
393 1970 425 1997 in
433 1967 592 1998 secundum
607 1967 686 1996 diem
702 1969 866 2005 creationis,
884 1975 913 1998 et
933 1971 986 1999 ad-

285 2025 382 2051 versus
400 2025 466 2044 eum
483 2015 534 2054 qui
553 2015 610 2043 sibi
628 2013 754 2050 dixerat,
778 2024 838 2043 non
857 2022 987 2055 oportere

283 2072 336 2091 nos
358 2062 539 2092 Christianos
563 2062 596 2089 in
625 2059 857 2099 sanctificatione
877 2063 984 2101 dicere,

283 2109 356 2137 Deus
367 2107 495 2138 Sabaoth.

283 2196 311 2224 1.
335 2193 427 2223 Animi
437 2192 603 2222 desiderium
616 2191 715 2220 excitat
727 2191 836 2222 divinus
847 2203 945 2231 sermo,
958 2202 984 2224 et

242 2240 318 2279 quasi
334 2240 471 2269 lucernam
490 2237 635 2277 quamdam
654 2237 706 2277 ipsi
720 2237 851 2276 gaudium
864 2239 983 2269 circum-

243 2287 330 2327 ponit,
347 2293 376 2315 ut
389 2292 416 2315 et
429 2284 569 2314 ratiocinia
579 2283 705 2318 illustret,
716 2290 742 2312 et
754 2291 869 2313 mentem
882 2286 983 2316 exhila-

241 2340 292 2370 ret,
307 2339 333 2362 et
354 2337 461 2372 peccata
478 2330 620 2369 abstergat,
635 2336 661 2358 et
673 2339 749 2358 sensa
761 2329 906 2360 illuminet.
922 2333 982 2361 Hu-

237 2378 358 2419 jusmodi
372 2384 412 2407 est
431 2376 480 2406 Dei
494 2386 591 2405 sermo.
607 2376 677 2405 Nam
694 2375 768 2414 quod
788 2383 828 2405 est
841 2387 886 2406 cos
899 2379 980 2416 ferro,

241 2426 269 2455 id
286 2426 381 2455 animae
404 2424 456 2454 Dei
469 2433 566 2453 sermo.
583 2423 636 2452 Cos
647 2432 700 2451 non
722 2432 803 2451 unam
821 2424 909 2453 solum
925 2435 982 2455 rem

239 2474 311 2502 ferro
321 2472 422 2501 confert
435 2482 442 2499 ε
460 2480 522 2499 nam
531 2468 620 2509 primo
632 2468 723 2508 ipsum
735 2476 878 2510 praeparat,
894 2478 922 2500 ut
935 2483 982 2501 ru—

273 2569 286 2587 b
303 2566 398 2599 [Addit
407 2566 484 2592 Savil.
498 2570 512 2596 ἡ
524 2569 562 2592 καὶ
574 2567 653 2600 ἑτέρας
664 2564 802 2599 daupein]

1040 1274 1085 1303 καὶ
1111 1274 1160 1310 τὴν
1187 1275 1311 1310 ἀλήθειαν
1338 1276 1506 1315 ἀγαπήσατε.
1528 1277 1598 1307 Ἀλλ’
1623 1278 1762 1319 ἐπέλαμψε
1781 1279 1814 1308 τὸ

1041 1320 1166 1355 αἰσθητὸν
1186 1322 1257 1360 φῶς,
1277 1320 1321 1350 ἵνα
1348 1324 1470 1362 κηρυχθῇ
1484 1324 1499 1351 ὁ
1516 1325 1561 1352 τοῦ
1583 1323 1669 1364 φὼτὸς
1690 1325 1812 1365 ἐργάτης.

1041 1365 1195 1394 Κατέλαὸεν
1208 1368 1225 1401 ἡ
1250 1366 1350 1406 ἑσπέρα
1375 1367 1555 1407 σφραγίζουσα
1574 1371 1622 1405 τῆς
1645 1369 1747 1410 ἡμέρας
1767 1370 1813 1400 τὸν

1041 1410 1146 1450 δρόμον.
1169 1411 1246 1447 Καλὴ
1271 1414 1288 1447 ἡ
1313 1412 1404 1452 ἀρχὴ,
1417 1413 1590 1453 προστεθήτω
1606 1415 1638 1447 τὸ
1658 1415 1742 1449 τέλος.
1764 1416 1812 1452 Μὴ

1040 1456 1142 1486 ἀπώθει
1155 1459 1257 1493 κακῶς,
1269 1458 1329 1487 ἀλλ’
1345 1457 1424 1488 ἄκουε
1437 1461 1483 1488 τοῦ
1498 1460 1582 1489 Δαυίδ
1590 1472 1597 1478 ·
1610 1461 1658 1494 Εἰς
1677 1460 1708 1494 τὸ
1721 1461 1813 1497 τέλος,

1041 1502 1078 1541 μὴ
1094 1503 1255 1543 διαφθείρῃς.
1269 1502 1304 1533 ‘O
1321 1503 1349 1533 δὲ
1362 1504 1431 1538 Θεὸς
1443 1507 1489 1534 τοῦ
1500 1505 1586 1545 φιιπὸς
1604 1506 1697 1536 τούτου
1710 1507 1813 1542 πάντας

1039 1549 1108 1587 ὑμᾶς
1122 1547 1224 1588 φωτίσῃ
1247 1547 1334 1589 λόγῳ,
1348 1548 1435 1590 νόμῳ,
1451 1550 1556 1587 πίστει,
1571 1552 1722 1592 δικαιοσύνῃ
1733 1574 1742 1589 ,
1755 1565 1812 1583 σω-

1042 1593 1158 1633 φροσύνῃ
1170 1615 1178 1629 ,
1199 1595 1227 1623 ἐν
1240 1595 1349 1634 Χριστῷ
1361 1596 1450 1631 Ἰησοῦ
1471 1598 1510 1637 τῷ
1523 1597 1616 1638 Κυρίῳ
1630 1599 1718 1637 ἡμῶν,
1733 1600 1766 1628 δι’
1780 1595 1811 1629 οὗ

1041 1639 1086 1669 καὶ
1101 1642 1158 1679 μεθ’
1171 1636 1202 1669 οὗ
1212 1642 1251 1680 τῷ
1265 1640 1355 1680 Πατρὶ
1368 1641 1444 1677 δόξα,
1455 1642 1512 1681 ἅμα
1522 1645 1560 1684 τῷ
1575 1643 1643 1685 ἁγίῳ
1655 1644 1811 1685 Πνεύματι,

1042 1686 1078 1719 εἰς
1091 1685 1151 1720 τοὺς
1164 1687 1261 1720 αἰῶνας
1272 1687 1324 1716 τῶν
1340 1686 1452 1717 αἰώνων.
1469 1687 1561 1728 Ἀμήν.

1038 1967 1094 1996 Τοῦ
1105 1967 1185 1997 αὐτοῦ
1196 1969 1233 2001 εἷς
1246 1967 1296 2004 τὴν
1309 1969 1433 2010 δευτέραν
1447 1971 1549 2012 ἡμέραν
1562 1973 1610 2009 τῆς
1621 1974 1794 2013 κοσμοποιίας
1802 1997 1811 2011 ,

1078 2012 1123 2042 καὶ
1135 2012 1200 2053 πρὸς
1213 2013 1258 2044 τὸν
1281 2014 1388 2045 εἰπόντα
1409 2017 1497 2057 αὐτῷ,
1511 2019 1559 2047 οὐκ
1580 2019 1634 2048 ἔδει
1655 2022 1727 2059 ἡμᾶς
1748 2021 1809 2055 τοὺς

1079 2059 1252 2136 ξριὸἷταζοὲνοὺς
1273 2060 1359 2101 λέγειν
1384 2063 1428 2092 ἐπὶ
1452 2065 1498 2092 τοῦ
1519 2063 1697 2105 ἁγιᾶσματος,
1712 2066 1809 2108 Κύριος

1077 2197 1178 2237 Ψυχῆς
1191 2197 1270 2227 πόθον
1283 2198 1378 2240 ἐγείρει
1391 2201 1463 2230 Θεοῦ
1476 2200 1551 2241 λόγος
1561 2223 1569 2237 ,
1583 2202 1628 2232 καὶ
1646 2202 1737 2244 ὥσπερ
1748 2204 1808 2234 τινὰ

1036 2243 1165 2282 λαμπάδα
1180 2244 1345 2284 περιτίθησιν
1359 2247 1426 2286 αὖτῇ
1447 2247 1497 2283 τὴν
1509 2247 1605 2288 χαρὰν,
1626 2249 1670 2278 ἵνα
1689 2250 1808 2285 καὶτοὺς

1035 2289 1177 2329 λογισμοὺς
1187 2290 1394 2331 λαμπρύνηται,
1409 2293 1455 2322 καὶ
1468 2293 1515 2330 τὴν
1532 2295 1647 2324 διάνοιαν
1667 2296 1807 2336 φαιδρύνη-

1035 2347 1095 2371 ται,
1107 2335 1152 2365 καὶ
1163 2335 1196 2364 τὰ
1208 2337 1390 2377 ἁμαρτήματα
1399 2339 1572 2380 καθαίρηται,
1583 2341 1628 2370 καὶ
1639 2340 1673 2370 τὰ
1685 2341 1806 2381 νοήματα

1035 2381 1188 2421 φωτίζηται.
1203 2383 1329 2417 Τοιοῦτός
1343 2385 1414 2414 ἐστιν
1435 2387 1449 2416 δ
1472 2389 1518 2415 τοῦ
1530 2387 1600 2416 Θεοῦ
1618 2386 1702 2426 λόγος.
1715 2387 1805 2428 ’Ὅπερ

1033 2428 1084 2467 γάρ
1093 2430 1163 2457 ἐστιν
1177 2429 1258 2466 ἀκόνη
1273 2430 1391 2471 σιδήρῳ,
1405 2433 1481 2462 τοῦτο
1495 2434 1565 2463 Θεοῦ
1583 2433 1660 2474 λόγος
1673 2435 1707 2474 τῇ
1721 2435 1804 2475 ψυχῇ.

1032 2473 1068 2503 Ἡ
1078 2474 1160 2511 ἀκόνη
1169 2476 1220 2515 οὐχ
1233 2475 1260 2505 ἕν
1269 2488 1296 2505 τι
1305 2477 1441 2517 χαρίζεται
1450 2479 1489 2518 τῷ
1502 2478 1611 2520 σιδήρῳ,
1622 2479 1690 2510 ἀλλὰ
1699 2482 1804 2521 πρῶτον

1044 2569 1172 2596 Glossario
1183 2572 1281 2598 Graeco.
1294 2578 1322 2600 oi
1330 2578 1376 2602 ἀπὸ
1387 2582 1432 2602 τῶν
1440 2580 1567 2612 ἀναρορῶν,
1580 2578 1626 2611 qui
1634 2577 1734 2604 libellos
1748 2577 1803 2603 Im-

272 2614 282 2625 ι·
300 2606 419 2640 Ᾱναφορά,
432 2606 520 2630 relatio
538 2605 575 2630 ad
588 2604 736 2638 priucipem.
750 2604 814 2630 Vide
825 2605 946 2639 Cangium
969 2606 994 2633 in
1041 2611 1151 2641 perarari
1165 2611 1315 2644 offerebant.
