<?xml version="1.0" encoding="UTF-8"?>
<!DOCTYPE html PUBLIC "-//W3C//DTD XHTML 1.0 Transitional//EN"
    "http://www.w3.org/TR/xhtml1/DTD/xhtml1-transitional.dtd">
<html xmlns="http://www.w3.org/1999/xhtml" xml:lang="en" lang="en">
 <head>
  <title>
</title>
<meta http-equiv="Content-Type" content="text/html;charset=utf-8" />
  <meta name='ocr-system' content='tesseract 3.04.00' />
  <meta name='ocr-capabilities' content='ocr_page ocr_carea ocr_par ocr_line ocrx_word'/>
</head>
<body>
  <div class='ocr_page' id='page_1' title='image "./operaomniaquaeex06johnuoft_0453.png"; bbox 0 0 1890 2826; ppageno 0'>
   <div class='ocr_carea' id='block_1_1' title="bbox 902 97 917 106">
    <p class='ocr_par' dir='ltr' id='par_1_1' title="bbox 902 97 917 106">
     <span class='ocr_line' id='line_1_1' title="bbox 902 97 917 106; baseline 0 0"><span class='ocrx_word' id='word_1_1' title='bbox 902 97 917 106; x_wconf 70' lang='lat'>›-</span> 
     </span>
    </p>
   </div>
   <div class='ocr_carea' id='block_1_2' title="bbox 612 192 1651 235">
    <p class='ocr_par' dir='ltr' id='par_1_2' title="bbox 612 192 1651 235">
     <span class='ocr_line' id='line_1_2' title="bbox 612 192 1651 235; baseline 0.003 -14"><span class='ocrx_word' id='word_1_2' title='bbox 612 198 768 222; x_wconf 80' lang='lat' dir='ltr'>SYNOPSIS</span> <span class='ocrx_word' id='word_1_3' title='bbox 795 198 982 222; x_wconf 67' lang='lat' dir='ltr'>scnnvrunn</span> <span class='ocrx_word' id='word_1_4' title='bbox 1009 199 1132 223; x_wconf 68' lang='lat' dir='ltr'>sAcnAE.</span> <span class='ocrx_word' id='word_1_5' title='bbox 1583 192 1651 235; x_wconf 67' lang='lat'>[437</span> 
     </span>
    </p>
   </div>
   <div class='ocr_carea' id='block_1_3' title="bbox 92 259 1787 348">
    <p class='ocr_par' dir='ltr' id='par_1_3' title="bbox 92 259 1787 348">
     <span class='ocr_line' id='line_1_3' title="bbox 92 259 1718 303; baseline 0.001 -13"><span class='ocrx_word' id='word_1_6' title='bbox 92 261 191 301; x_wconf 78' lang='grc' dir='ltr'>ἄχυρα,</span> <span class='ocrx_word' id='word_1_7' title='bbox 203 260 302 300; x_wconf 82' lang='grc' dir='ltr'>χαλκὸν</span> <span class='ocrx_word' id='word_1_8' title='bbox 315 259 342 289; x_wconf 78' lang='grc' dir='ltr'>δὲ</span> <span class='ocrx_word' id='word_1_9' title='bbox 353 259 444 299; x_wconf 81' lang='grc' dir='ltr'>ὥσπερ</span> <span class='ocrx_word' id='word_1_10' title='bbox 456 259 530 293; x_wconf 81' lang='grc' dir='ltr'>ξύλον</span> <span class='ocrx_word' id='word_1_11' title='bbox 545 259 648 299; x_wconf 83' lang='grc' dir='ltr'>σαθρόν.</span> <span class='ocrx_word' id='word_1_12' title='bbox 662 261 702 289; x_wconf 87' lang='grc' dir='ltr'>Οὐ</span> <span class='ocrx_word' id='word_1_13' title='bbox 718 259 754 298; x_wconf 84' lang='grc' dir='ltr'>μὴ</span> <span class='ocrx_word' id='word_1_14' title='bbox 769 259 859 298; x_wconf 83' lang='grc' dir='ltr'>τρώσῃ</span> <span class='ocrx_word' id='word_1_15' title='bbox 879 266 896 288; x_wconf 86' lang='grc' dir='ltr'><strong><em>Β</em></strong></span> <span class='ocrx_word' id='word_1_16' title='bbox 919 261 1011 289; x_wconf 83' lang='lat' dir='ltr'><strong><em>Omne</em></strong></span> <span class='ocrx_word' id='word_1_17' title='bbox 1026 267 1123 290; x_wconf 83' lang='lat' dir='ltr'>autem</span> <span class='ocrx_word' id='word_1_18' title='bbox 1144 264 1285 301; x_wconf 73' lang='lat' dir='ltr'>navigans</span> <span class='ocrx_word' id='word_1_19' title='bbox 1302 264 1475 292; x_wconf 73' lang='lat' dir='ltr'>conveniens</span> <span class='ocrx_word' id='word_1_20' title='bbox 1490 264 1653 303; x_wconf 78' lang='lat' dir='ltr'>nonferent</span> <span class='ocrx_word' id='word_1_21' title='bbox 1665 274 1684 287; x_wconf 63' lang='lat' dir='ltr'>v,</span> <span class='ocrx_word' id='word_1_22' title='bbox 1697 273 1718 295; x_wconf 82' lang='lat'>7·</span> 
     </span>
     <span class='ocr_line' id='line_1_4' title="bbox 93 304 1787 348; baseline 0.001 -12"><span class='ocrx_word' id='word_1_23' title='bbox 93 307 170 336; x_wconf 82' lang='grc' dir='ltr'>αὐτὸν</span> <span class='ocrx_word' id='word_1_24' title='bbox 183 305 257 339; x_wconf 82' lang='grc' dir='ltr'>τόξον</span> <span class='ocrx_word' id='word_1_25' title='bbox 269 304 402 345; x_wconf 81' lang='grc' dir='ltr'>χάλκειον.</span> <span class='ocrx_word' id='word_1_26' title='bbox 913 306 1021 343; x_wconf 83' lang='lat' dir='ltr'>pellem</span> <span class='ocrx_word' id='word_1_27' title='bbox 1030 317 1120 336; x_wconf 83' lang='lat' dir='ltr'>unam</span> <span class='ocrx_word' id='word_1_28' title='bbox 1131 309 1231 337; x_wconf 82' lang='lat' dir='ltr'>caudoe</span> <span class='ocrx_word' id='word_1_29' title='bbox 1240 310 1310 348; x_wconf 79' lang='lat' dir='ltr'>ejus.</span> <span class='ocrx_word' id='word_1_30' title='bbox 1321 309 1415 339; x_wconf 82' lang='lat' dir='ltr'>Putat</span> <span class='ocrx_word' id='word_1_31' title='bbox 1422 310 1654 348; x_wconf 76' lang='lat' dir='ltr'>quidems&#39;errum</span> <span class='ocrx_word' id='word_1_32' title='bbox 1665 321 1685 335; x_wconf 84' lang='lat' dir='ltr'>v·</span> <span class='ocrx_word' id='word_1_33' title='bbox 1700 320 1736 343; x_wconf 84' lang='lat'>27-</span> <span class='ocrx_word' id='word_1_34' title='bbox 1750 314 1787 336; x_wconf 82' lang='lat'>28-</span> 
     </span>
    </p>
   </div>
   <div class='ocr_carea' id='block_1_4' title="bbox 86 352 1654 574">
    <p class='ocr_par' dir='ltr' id='par_1_4' title="bbox 86 352 1654 574">
     <span class='ocr_line' id='line_1_5' title="bbox 913 352 1654 396; baseline 0.005 -16"><span class='ocrx_word' id='word_1_35' title='bbox 913 352 1025 390; x_wconf 84' lang='lat' dir='ltr'>paleas,</span> <span class='ocrx_word' id='word_1_36' title='bbox 1035 364 1074 383; x_wconf 80' lang='lat' dir='ltr'>aes</span> <span class='ocrx_word' id='word_1_37' title='bbox 1085 361 1182 384; x_wconf 83' lang='lat' dir='ltr'>autem</span> <span class='ocrx_word' id='word_1_38' title='bbox 1193 357 1266 384; x_wconf 82' lang='lat' dir='ltr'>sicut</span> <span class='ocrx_word' id='word_1_39' title='bbox 1285 356 1396 396; x_wconf 79' lang='lat' dir='ltr'>lignum</span> <span class='ocrx_word' id='word_1_40' title='bbox 1407 355 1564 395; x_wconf 83' lang='lat' dir='ltr'>putridum.</span> <span class='ocrx_word' id='word_1_41' title='bbox 1585 356 1654 384; x_wconf 85' lang='lat' dir='ltr'>Non</span> 
     </span>
     <span class='ocr_line' id='line_1_6' title="bbox 914 398 1376 431; baseline 0.013 -6"><span class='ocrx_word' id='word_1_42' title='bbox 914 398 1081 428; x_wconf 81' lang='lat' dir='ltr'><strong><em>vulnerabit</em></strong></span> <span class='ocrx_word' id='word_1_43' title='bbox 1094 411 1159 429; x_wconf 86' lang='lat' dir='ltr'>eum</span> <span class='ocrx_word' id='word_1_44' title='bbox 1176 411 1259 430; x_wconf 76' lang='lat' dir='ltr'>arcus</span> <span class='ocrx_word' id='word_1_45' title='bbox 1272 412 1376 431; x_wconf 62' lang='lat' dir='ltr'>aeneus.</span> 
     </span>
     <span class='ocr_line' id='line_1_7' title="bbox 95 436 857 482; baseline 0 -12"><span class='ocrx_word' id='word_1_46' title='bbox 95 461 100 463; x_wconf 76' lang='grc'><strong>-</strong></span> <span class='ocrx_word' id='word_1_47' title='bbox 127 440 201 474; x_wconf 65' lang='lat' dir='ltr'>“Eme</span> <span class='ocrx_word' id='word_1_48' title='bbox 213 436 266 470; x_wconf 71' lang='grc' dir='ltr'>ὧδε</span> <span class='ocrx_word' id='word_1_49' title='bbox 274 463 283 479; x_wconf 87' lang='grc'><em>,</em></span> <span class='ocrx_word' id='word_1_50' title='bbox 296 441 342 471; x_wconf 81' lang='grc' dir='ltr'>καὶ</span> <span class='ocrx_word' id='word_1_51' title='bbox 355 441 488 472; x_wconf 83' lang='grc' dir='ltr'>ἐπαύσατο</span> <span class='ocrx_word' id='word_1_52' title='bbox 501 442 586 482; x_wconf 81' lang='grc' dir='ltr'>λέγειν</span> <span class='ocrx_word' id='word_1_53' title='bbox 598 442 660 472; x_wconf 59' lang='lat' dir='ltr'>’tuse</span> <span class='ocrx_word' id='word_1_54' title='bbox 670 455 676 461; x_wconf 92' lang='lat'><em>·</em></span> <span class='ocrx_word' id='word_1_55' title='bbox 688 438 758 472; x_wconf 75' lang='grc' dir='ltr'>Οἶδα</span> <span class='ocrx_word' id='word_1_56' title='bbox 770 442 857 471; x_wconf 84' lang='grc' dir='ltr'>πάντα</span> 
     </span>
     <span class='ocr_line' id='line_1_8' title="bbox 86 484 855 529; baseline 0.003 -13"><span class='ocrx_word' id='word_1_57' title='bbox 86 486 212 522; x_wconf 68' lang='grc' dir='ltr'>δύνασαι,</span> <span class='ocrx_word' id='word_1_58' title='bbox 225 488 347 517; x_wconf 77' lang='grc' dir='ltr'>ἀδυνατεῖ</span> <span class='ocrx_word' id='word_1_59' title='bbox 365 487 394 517; x_wconf 76' lang='grc' dir='ltr'>δέ</span> <span class='ocrx_word' id='word_1_60' title='bbox 405 500 447 518; x_wconf 86' lang='grc' dir='ltr'>σοι</span> <span class='ocrx_word' id='word_1_61' title='bbox 460 489 545 518; x_wconf 71' lang='grc' dir='ltr'>οὐδέν.</span> <span class='ocrx_word' id='word_1_62' title='bbox 558 489 608 522; x_wconf 85' lang='grc' dir='ltr'>Τίς</span> <span class='ocrx_word' id='word_1_63' title='bbox 620 489 671 529; x_wconf 84' lang='grc' dir='ltr'>γάρ</span> <span class='ocrx_word' id='word_1_64' title='bbox 683 490 754 519; x_wconf 78' lang='grc' dir='ltr'>ἐστιν</span> <span class='ocrx_word' id='word_1_65' title='bbox 765 484 779 518; x_wconf 69' lang='grc' dir='ltr'><strong>ὃ</strong></span> <span class='ocrx_word' id='word_1_66' title='bbox 792 488 855 528; x_wconf 84' lang='grc' dir='ltr'>κρύ-</span> 
     </span>
     <span class='ocr_line' id='line_1_9' title="bbox 87 533 854 574; baseline 0.003 -12"><span class='ocrx_word' id='word_1_67' title='bbox 87 544 160 562; x_wconf 84' lang='grc' dir='ltr'>πτων</span> <span class='ocrx_word' id='word_1_68' title='bbox 174 544 204 562; x_wconf 78' lang='grc' dir='ltr'>σε</span> <span class='ocrx_word' id='word_1_69' title='bbox 218 533 334 573; x_wconf 77' lang='grc' dir='ltr'>βουλήν;</span> <span class='ocrx_word' id='word_1_70' title='bbox 353 533 479 573; x_wconf 67' lang='grc' dir='ltr'>’Ἠγημαι</span> <span class='ocrx_word' id='word_1_71' title='bbox 492 535 520 564; x_wconf 80' lang='grc' dir='ltr'>δὲ</span> <span class='ocrx_word' id='word_1_72' title='bbox 534 534 647 572; x_wconf 86' lang='grc' dir='ltr'>ἐμαυτὸν</span> <span class='ocrx_word' id='word_1_73' title='bbox 660 537 710 574; x_wconf 80' lang='grc' dir='ltr'>γῆν</span> <span class='ocrx_word' id='word_1_74' title='bbox 730 534 775 564; x_wconf 77' lang='grc' dir='ltr'>καὶ</span> <span class='ocrx_word' id='word_1_75' title='bbox 788 546 854 564; x_wconf 79' lang='grc' dir='ltr'>σπο-</span> 
     </span>
    </p>
   </div>
   <div class='ocr_carea' id='block_1_5' title="bbox 907 444 1802 576">
    <p class='ocr_par' dir='ltr' id='par_1_5' title="bbox 907 444 1802 576">
     <span class='ocr_line' id='line_1_10' title="bbox 953 444 1802 486; baseline 0 -14"><span class='ocrx_word' id='word_1_76' title='bbox 953 444 1003 473; x_wconf 85' lang='lat' dir='ltr'>His</span> <span class='ocrx_word' id='word_1_77' title='bbox 1026 446 1139 475; x_wconf 84' lang='lat' dir='ltr'>cessavit</span> <span class='ocrx_word' id='word_1_78' title='bbox 1161 446 1235 486; x_wconf 81' lang='lat' dir='ltr'>loqui</span> <span class='ocrx_word' id='word_1_79' title='bbox 1256 448 1309 478; x_wconf 91' lang='lat' dir='ltr'>Joh</span> <span class='ocrx_word' id='word_1_80' title='bbox 1336 460 1343 476; x_wconf 91' lang='lat'>:</span> <span class='ocrx_word' id='word_1_81' title='bbox 1361 449 1439 478; x_wconf 81' lang='lat' dir='ltr'>Novi</span> <span class='ocrx_word' id='word_1_82' title='bbox 1455 447 1533 486; x_wconf 83' lang='lat' dir='ltr'>quod</span> <span class='ocrx_word' id='word_1_83' title='bbox 1554 448 1654 475; x_wconf 82' lang='lat' dir='ltr'>omnia</span> <span class='ocrx_word' id='word_1_84' title='bbox 1665 451 1802 482; x_wconf 74' lang='lat' dir='ltr'>Cap.42.2.</span> 
     </span>
     <span class='ocr_line' id='line_1_11' title="bbox 907 485 1685 532; baseline 0.005 -14"><span class='ocrx_word' id='word_1_85' title='bbox 907 496 999 528; x_wconf 84' lang='lat' dir='ltr'>potes,</span> <span class='ocrx_word' id='word_1_86' title='bbox 1014 497 1042 519; x_wconf 82' lang='lat' dir='ltr'>et</span> <span class='ocrx_word' id='word_1_87' title='bbox 1052 492 1129 520; x_wconf 80' lang='lat' dir='ltr'><em>nihil</em></span> <span class='ocrx_word' id='word_1_88' title='bbox 1141 494 1193 521; x_wconf 76' lang='lat' dir='ltr'>tibi</span> <span class='ocrx_word' id='word_1_89' title='bbox 1206 494 1382 532; x_wconf 80' lang='lat' dir='ltr'>impossibile</span> <span class='ocrx_word' id='word_1_90' title='bbox 1404 500 1455 523; x_wconf 80' lang='lat' dir='ltr'>est.</span> <span class='ocrx_word' id='word_1_91' title='bbox 1483 493 1554 531; x_wconf 84' lang='lat' dir='ltr'>Quis</span> <span class='ocrx_word' id='word_1_92' title='bbox 1575 485 1685 522; x_wconf 75' lang='lat' dir='ltr'>enim3·</span> 
     </span>
     <span class='ocr_line' id='line_1_12' title="bbox 909 538 1714 576; baseline 0.007 -12"><span class='ocrx_word' id='word_1_93' title='bbox 909 542 951 564; x_wconf 80' lang='lat' dir='ltr'>est</span> <span class='ocrx_word' id='word_1_94' title='bbox 972 538 1024 576; x_wconf 81' lang='lat' dir='ltr'>qui</span> <span class='ocrx_word' id='word_1_95' title='bbox 1047 543 1075 566; x_wconf 86' lang='lat' dir='ltr'>te</span> <span class='ocrx_word' id='word_1_96' title='bbox 1095 538 1172 566; x_wconf 66' lang='lat' dir='ltr'>celat</span> <span class='ocrx_word' id='word_1_97' title='bbox 1185 539 1353 568; x_wconf 73' lang='lat' dir='ltr'>consillum?</span> <span class='ocrx_word' id='word_1_98' title='bbox 1366 540 1476 569; x_wconf 77' lang='lat' dir='ltr'>Putaui</span> <span class='ocrx_word' id='word_1_99' title='bbox 1489 545 1587 568; x_wconf 84' lang='lat' dir='ltr'>autem</span> <span class='ocrx_word' id='word_1_100' title='bbox 1609 550 1654 568; x_wconf 87' lang='lat' dir='ltr'>me</span> <span class='ocrx_word' id='word_1_101' title='bbox 1665 550 1714 572; x_wconf 38' lang='grc'>[6.</span> 
     </span>
    </p>
   </div>
   <div class='ocr_carea' id='block_1_6' title="bbox 85 578 858 1172">
    <p class='ocr_par' dir='ltr' id='par_1_6' title="bbox 85 578 858 1172">
     <span class='ocr_line' id='line_1_13' title="bbox 88 578 856 621; baseline 0.004 -14"><span class='ocrx_word' id='word_1_102' title='bbox 88 579 140 608; x_wconf 77' lang='grc' dir='ltr'>δόν.</span> <span class='ocrx_word' id='word_1_103' title='bbox 162 578 276 619; x_wconf 79' lang='grc' dir='ltr'>Ἠλεγξε</span> <span class='ocrx_word' id='word_1_104' title='bbox 297 579 392 619; x_wconf 79' lang='grc' dir='ltr'>Κύριος</span> <span class='ocrx_word' id='word_1_105' title='bbox 416 580 529 621; x_wconf 83' lang='grc' dir='ltr'>Ἐλιφὰζ</span> <span class='ocrx_word' id='word_1_106' title='bbox 551 581 596 610; x_wconf 84' lang='grc' dir='ltr'>τὸν</span> <span class='ocrx_word' id='word_1_107' title='bbox 614 581 796 620; x_wconf 71' lang='grc' dir='ltr'>Θαιμανίτην,</span> <span class='ocrx_word' id='word_1_108' title='bbox 816 581 856 610; x_wconf 83' lang='grc' dir='ltr'>ὅτι</span> 
     </span>
     <span class='ocr_line' id='line_1_14' title="bbox 86 624 856 666; baseline 0.004 -13"><span class='ocrx_word' id='word_1_109' title='bbox 86 624 191 665; x_wconf 80' lang='grc' dir='ltr'>ἥμαρτε</span> <span class='ocrx_word' id='word_1_110' title='bbox 211 625 287 658; x_wconf 70' lang='grc' dir='ltr'>αὐτὸς</span> <span class='ocrx_word' id='word_1_111' title='bbox 306 625 351 654; x_wconf 74' lang='grc' dir='ltr'>καὶ</span> <span class='ocrx_word' id='word_1_112' title='bbox 372 627 396 655; x_wconf 77' lang='grc' dir='ltr'>οἳ</span> <span class='ocrx_word' id='word_1_113' title='bbox 416 625 474 655; x_wconf 72' lang='grc' dir='ltr'>δύο·</span> <span class='ocrx_word' id='word_1_114' title='bbox 483 626 554 666; x_wconf 86' lang='grc' dir='ltr'>φίλοι</span> <span class='ocrx_word' id='word_1_115' title='bbox 569 628 662 664; x_wconf 76' lang='grc' dir='ltr'>αὐτοῦ,</span> <span class='ocrx_word' id='word_1_116' title='bbox 675 627 717 656; x_wconf 76' lang='grc' dir='ltr'>ὅτι</span> <span class='ocrx_word' id='word_1_117' title='bbox 731 628 778 656; x_wconf 79' lang='grc' dir='ltr'>οὐκ</span> <span class='ocrx_word' id='word_1_118' title='bbox 791 627 856 657; x_wconf 86' lang='grc' dir='ltr'>ἐλά-</span> 
     </span>
     <span class='ocr_line' id='line_1_15' title="bbox 85 671 856 714; baseline 0.003 -13"><span class='ocrx_word' id='word_1_119' title='bbox 85 673 167 708; x_wconf 79' lang='grc' dir='ltr'>λησεν</span> <span class='ocrx_word' id='word_1_120' title='bbox 179 671 290 702; x_wconf 82' lang='grc' dir='ltr'>ἐνώπιον</span> <span class='ocrx_word' id='word_1_121' title='bbox 305 673 403 712; x_wconf 82' lang='grc' dir='ltr'><strong>Κυρίου</strong></span> <span class='ocrx_word' id='word_1_122' title='bbox 421 673 531 710; x_wconf 80' lang='grc' dir='ltr'>ἀληθὲς,</span> <span class='ocrx_word' id='word_1_123' title='bbox 553 673 611 703; x_wconf 81' lang='grc' dir='ltr'>οὐδὲ</span> <span class='ocrx_word' id='word_1_124' title='bbox 626 673 717 714; x_wconf 79' lang='grc' dir='ltr'>ὥσπερ</span> <span class='ocrx_word' id='word_1_125' title='bbox 735 674 856 714; x_wconf 77' lang='grc' dir='ltr'>θεράπων</span> 
     </span>
     <span class='ocr_line' id='line_1_16' title="bbox 88 717 858 760; baseline 0.004 -13"><span class='ocrx_word' id='word_1_126' title='bbox 88 719 167 747; x_wconf 76' lang='grc' dir='ltr'>αὐτοῦ</span> <span class='ocrx_word' id='word_1_127' title='bbox 182 718 254 748; x_wconf 73' lang='grc' dir='ltr'>Ἰώὸ.</span> <span class='ocrx_word' id='word_1_128' title='bbox 268 717 401 748; x_wconf 80' lang='grc' dir='ltr'>Ἐνταῦθα</span> <span class='ocrx_word' id='word_1_129' title='bbox 418 719 530 759; x_wconf 77' lang='grc' dir='ltr'>ἱλασμὸς</span> <span class='ocrx_word' id='word_1_130' title='bbox 549 722 602 750; x_wconf 82' lang='grc' dir='ltr'>τῶν</span> <span class='ocrx_word' id='word_1_131' title='bbox 616 722 696 760; x_wconf 81' lang='grc' dir='ltr'>τριῶν</span> <span class='ocrx_word' id='word_1_132' title='bbox 713 720 795 760; x_wconf 84' lang='grc' dir='ltr'>φίλων</span> <span class='ocrx_word' id='word_1_133' title='bbox 814 720 858 749; x_wconf 73' lang='grc' dir='ltr'>διὰ</span> 
     </span>
     <span class='ocr_line' id='line_1_17' title="bbox 87 763 857 807; baseline 0.004 -14"><span class='ocrx_word' id='word_1_134' title='bbox 87 763 150 793; x_wconf 78' lang='grc' dir='ltr'>Ἰὼὸ</span> <span class='ocrx_word' id='word_1_135' title='bbox 170 767 216 793; x_wconf 78' lang='grc' dir='ltr'>τοῦ</span> <span class='ocrx_word' id='word_1_136' title='bbox 230 763 320 804; x_wconf 76' lang='grc' dir='ltr'>ἱερέως</span> <span class='ocrx_word' id='word_1_137' title='bbox 340 767 385 794; x_wconf 80' lang='grc' dir='ltr'>τοῦ</span> <span class='ocrx_word' id='word_1_138' title='bbox 407 766 487 795; x_wconf 80' lang='grc' dir='ltr'>Θεοῦ.</span> <span class='ocrx_word' id='word_1_139' title='bbox 510 765 557 799; x_wconf 84' lang='grc' dir='ltr'>Ὡς</span> <span class='ocrx_word' id='word_1_140' title='bbox 575 766 674 802; x_wconf 84' lang='grc' dir='ltr'>ηὔξησε</span> <span class='ocrx_word' id='word_1_141' title='bbox 697 766 794 807; x_wconf 84' lang='grc' dir='ltr'>Κύριος</span> <span class='ocrx_word' id='word_1_142' title='bbox 813 766 857 796; x_wconf 84' lang='grc' dir='ltr'>τὸν</span> 
     </span>
     <span class='ocr_line' id='line_1_18' title="bbox 88 807 855 852; baseline 0.005 -14"><span class='ocrx_word' id='word_1_143' title='bbox 88 809 151 839; x_wconf 73' lang='grc' dir='ltr'>Ἰώὅ</span> <span class='ocrx_word' id='word_1_144' title='bbox 163 807 170 828; x_wconf 62' lang='grc'>’-</span> <span class='ocrx_word' id='word_1_145' title='bbox 184 809 325 849; x_wconf 76' lang='grc' dir='ltr'>εὐξαμένου</span> <span class='ocrx_word' id='word_1_146' title='bbox 339 809 367 839; x_wconf 79' lang='grc' dir='ltr'>δὲ</span> <span class='ocrx_word' id='word_1_147' title='bbox 380 812 460 840; x_wconf 71' lang='grc' dir='ltr'>αὐτοῦ</span> <span class='ocrx_word' id='word_1_148' title='bbox 471 811 516 840; x_wconf 81' lang='grc' dir='ltr'>καὶ</span> <span class='ocrx_word' id='word_1_149' title='bbox 526 812 588 852; x_wconf 84' lang='grc' dir='ltr'>περὶ</span> <span class='ocrx_word' id='word_1_150' title='bbox 600 813 654 841; x_wconf 83' lang='grc' dir='ltr'>τῶν</span> <span class='ocrx_word' id='word_1_151' title='bbox 668 812 751 852; x_wconf 81' lang='grc' dir='ltr'>φίλων</span> <span class='ocrx_word' id='word_1_152' title='bbox 763 813 855 850; x_wconf 79' lang='grc' dir='ltr'>αὐτοῦ,</span> 
     </span>
     <span class='ocr_line' id='line_1_19' title="bbox 88 856 858 897; baseline 0.004 -12"><span class='ocrx_word' id='word_1_153' title='bbox 88 858 189 896; x_wconf 73' lang='grc' dir='ltr'>ἀφῆκεν</span> <span class='ocrx_word' id='word_1_154' title='bbox 204 858 291 890; x_wconf 80' lang='grc' dir='ltr'>αὐτοῖς</span> <span class='ocrx_word' id='word_1_155' title='bbox 304 856 400 896; x_wconf 82' lang='grc' dir='ltr'>Κύριος</span> <span class='ocrx_word' id='word_1_156' title='bbox 414 857 554 897; x_wconf 75' lang='grc' dir='ltr'>ἁμαρτίαν.</span> <span class='ocrx_word' id='word_1_157' title='bbox 569 857 616 892; x_wconf 85' lang='grc' dir='ltr'>Ὡς</span> <span class='ocrx_word' id='word_1_158' title='bbox 630 858 747 894; x_wconf 86' lang='grc' dir='ltr'>ἤκουσαν</span> <span class='ocrx_word' id='word_1_159' title='bbox 761 859 858 892; x_wconf 85' lang='grc' dir='ltr'>πάντες</span> 
     </span>
     <span class='ocr_line' id='line_1_20' title="bbox 88 898 855 945; baseline 0.004 -14"><span class='ocrx_word' id='word_1_160' title='bbox 88 904 118 931; x_wconf 83' lang='grc' dir='ltr'>ἐκ</span> <span class='ocrx_word' id='word_1_161' title='bbox 130 904 176 932; x_wconf 77' lang='grc' dir='ltr'>τοῦ</span> <span class='ocrx_word' id='word_1_162' title='bbox 189 902 279 941; x_wconf 82' lang='grc' dir='ltr'>γένους</span> <span class='ocrx_word' id='word_1_163' title='bbox 290 902 363 939; x_wconf 76' lang='grc' dir='ltr'>Ἰὼὸ,</span> <span class='ocrx_word' id='word_1_164' title='bbox 375 903 421 932; x_wconf 76' lang='grc' dir='ltr'>καὶ</span> <span class='ocrx_word' id='word_1_165' title='bbox 434 898 513 939; x_wconf 72' lang='grc' dir='ltr'>ἦλθον</span> <span class='ocrx_word' id='word_1_166' title='bbox 523 903 590 944; x_wconf 77' lang='grc' dir='ltr'>πρὸς</span> <span class='ocrx_word' id='word_1_167' title='bbox 603 904 690 941; x_wconf 76' lang='grc' dir='ltr'>αὐτὸν,</span> <span class='ocrx_word' id='word_1_168' title='bbox 702 905 748 934; x_wconf 86' lang='grc' dir='ltr'>καὶ</span> <span class='ocrx_word' id='word_1_169' title='bbox 760 904 855 945; x_wconf 80' lang='grc' dir='ltr'>ἔφαγον</span> 
     </span>
     <span class='ocr_line' id='line_1_21' title="bbox 85 948 855 989; baseline 0.004 -12"><span class='ocrx_word' id='word_1_170' title='bbox 85 949 132 978; x_wconf 74' lang='grc' dir='ltr'>καὶ</span> <span class='ocrx_word' id='word_1_171' title='bbox 145 948 219 977; x_wconf 78' lang='grc' dir='ltr'>ἔπιον</span> <span class='ocrx_word' id='word_1_172' title='bbox 231 950 294 988; x_wconf 84' lang='grc' dir='ltr'>παρ’</span> <span class='ocrx_word' id='word_1_173' title='bbox 310 949 391 988; x_wconf 73' lang='grc' dir='ltr'>αὐτῷ,</span> <span class='ocrx_word' id='word_1_174' title='bbox 406 950 451 978; x_wconf 81' lang='grc' dir='ltr'>καὶ</span> <span class='ocrx_word' id='word_1_175' title='bbox 465 950 647 989; x_wconf 81' lang='grc' dir='ltr'>θαυμάσαντες</span> <span class='ocrx_word' id='word_1_176' title='bbox 659 951 736 980; x_wconf 80' lang='grc' dir='ltr'>αὐτὸν</span> <span class='ocrx_word' id='word_1_177' title='bbox 755 951 855 980; x_wconf 83' lang='grc' dir='ltr'>ἔδωκαν</span> 
     </span>
     <span class='ocr_line' id='line_1_22' title="bbox 85 994 855 1038; baseline 0.003 -14"><span class='ocrx_word' id='word_1_178' title='bbox 85 997 157 1035; x_wconf 79' lang='grc' dir='ltr'>αὐτῷ</span> <span class='ocrx_word' id='word_1_179' title='bbox 179 994 289 1027; x_wconf 72' lang='grc' dir='ltr'>ἕκαστος</span> <span class='ocrx_word' id='word_1_180' title='bbox 303 995 409 1034; x_wconf 78' lang='grc' dir='ltr'>ἀμνάδα</span> <span class='ocrx_word' id='word_1_181' title='bbox 423 995 495 1034; x_wconf 86' lang='grc' dir='ltr'>μίαν,</span> <span class='ocrx_word' id='word_1_182' title='bbox 509 996 555 1025; x_wconf 80' lang='grc' dir='ltr'>καὶ</span> <span class='ocrx_word' id='word_1_183' title='bbox 573 997 773 1037; x_wconf 81' lang='grc' dir='ltr'>τετράδραχμον</span> <span class='ocrx_word' id='word_1_184' title='bbox 787 1009 855 1038; x_wconf 80' lang='grc' dir='ltr'>χρυ-</span> 
     </span>
     <span class='ocr_line' id='line_1_23' title="bbox 86 1040 855 1083; baseline 0.003 -12"><span class='ocrx_word' id='word_1_185' title='bbox 86 1044 160 1071; x_wconf 83' lang='grc' dir='ltr'>σοῦν.</span> <span class='ocrx_word' id='word_1_186' title='bbox 175 1040 222 1074; x_wconf 83' lang='grc' dir='ltr'>Ὡς</span> <span class='ocrx_word' id='word_1_187' title='bbox 240 1040 389 1080; x_wconf 77' lang='grc' dir='ltr'>γέγραπται</span> <span class='ocrx_word' id='word_1_188' title='bbox 405 1042 483 1071; x_wconf 81' lang='grc' dir='ltr'>αὐτὸν</span> <span class='ocrx_word' id='word_1_189' title='bbox 504 1043 698 1079; x_wconf 78' lang='grc' dir='ltr'>ἀναστήσεσθαι</span> <span class='ocrx_word' id='word_1_190' title='bbox 720 1046 776 1083; x_wconf 86' lang='grc' dir='ltr'>μεθ’</span> <span class='ocrx_word' id='word_1_191' title='bbox 793 1040 829 1073; x_wconf 69' lang='grc' dir='ltr'>ὧν</span> <span class='ocrx_word' id='word_1_192' title='bbox 841 1047 855 1073; x_wconf 83' lang='grc' dir='ltr'>ὁ</span> 
     </span>
     <span class='ocr_line' id='line_1_24' title="bbox 86 1083 855 1127; baseline 0.004 -11"><span class='ocrx_word' id='word_1_193' title='bbox 86 1087 182 1126; x_wconf 81' lang='grc' dir='ltr'>Κύριος</span> <span class='ocrx_word' id='word_1_194' title='bbox 194 1086 341 1122; x_wconf 74' lang='grc' dir='ltr'>ἀνίστησιν.</span> <span class='ocrx_word' id='word_1_195' title='bbox 357 1088 404 1117; x_wconf 88' lang='grc' dir='ltr'>Ἐν</span> <span class='ocrx_word' id='word_1_196' title='bbox 423 1083 459 1120; x_wconf 71' lang='grc' dir='ltr'>οἷς</span> <span class='ocrx_word' id='word_1_197' title='bbox 479 1087 524 1116; x_wconf 79' lang='grc' dir='ltr'>καὶ</span> <span class='ocrx_word' id='word_1_198' title='bbox 543 1090 559 1123; x_wconf 80' lang='grc' dir='ltr'>ἡ</span> <span class='ocrx_word' id='word_1_199' title='bbox 577 1088 685 1127; x_wconf 83' lang='grc' dir='ltr'>δύναμις</span> <span class='ocrx_word' id='word_1_200' title='bbox 699 1090 790 1118; x_wconf 78' lang='grc' dir='ltr'>ἅπασα</span> <span class='ocrx_word' id='word_1_201' title='bbox 810 1093 855 1119; x_wconf 85' lang='grc' dir='ltr'>τοῦ</span> 
     </span>
     <span class='ocr_line' id='line_1_25' title="bbox 89 1132 779 1172; baseline 0.001 -10"><span class='ocrx_word' id='word_1_202' title='bbox 89 1133 191 1172; x_wconf 75' lang='grc' dir='ltr'>βιὸλίου</span> <span class='ocrx_word' id='word_1_203' title='bbox 203 1132 275 1162; x_wconf 75' lang='grc' dir='ltr'>Ἰώὸ.</span> <span class='ocrx_word' id='word_1_204' title='bbox 777 1135 779 1137; x_wconf 65' lang='grc'><strong><em>’</em></strong></span> 
     </span>
    </p>
   </div>
   <div class='ocr_carea' id='block_1_7' title="bbox 327 1240 616 1260">
    <p class='ocr_par' dir='ltr' id='par_1_7' title="bbox 327 1240 616 1260">
     <span class='ocr_line' id='line_1_26' title="bbox 327 1240 616 1260; baseline 0.003 -2"><span class='ocrx_word' id='word_1_205' title='bbox 327 1240 406 1259; x_wconf 63' lang='lat' dir='ltr'>tuom</span> <span class='ocrx_word' id='word_1_206' title='bbox 424 1240 616 1260; x_wconf 81' lang='grc' dir='ltr'>ΣΟΔΟΜΩΝΤΟΣ.</span> 
     </span>
    </p>
   </div>
   <div class='ocr_carea' id='block_1_8' title="bbox 86 1316 857 1863">
    <p class='ocr_par' dir='ltr' id='par_1_8' title="bbox 86 1316 857 1863">
     <span class='ocr_line' id='line_1_27' title="bbox 126 1316 855 1358; baseline 0.004 -13"><span class='ocrx_word' id='word_1_207' title='bbox 126 1316 211 1357; x_wconf 81' lang='grc' dir='ltr'>Σοφία</span> <span class='ocrx_word' id='word_1_208' title='bbox 232 1318 404 1356; x_wconf 80' lang='grc' dir='ltr'>Σολομῶντος</span> <span class='ocrx_word' id='word_1_209' title='bbox 417 1319 537 1347; x_wconf 84' lang='grc' dir='ltr'>καλεῖται</span> <span class='ocrx_word' id='word_1_210' title='bbox 550 1319 581 1348; x_wconf 89' lang='grc' dir='ltr'>τὸ</span> <span class='ocrx_word' id='word_1_211' title='bbox 602 1319 704 1358; x_wconf 79' lang='grc' dir='ltr'>βιὸλίον</span> <span class='ocrx_word' id='word_1_212' title='bbox 717 1331 722 1337; x_wconf 87' lang='grc'><em>·</em></span> <span class='ocrx_word' id='word_1_213' title='bbox 745 1319 789 1348; x_wconf 77' lang='grc' dir='ltr'>καὶ</span> <span class='ocrx_word' id='word_1_214' title='bbox 804 1319 855 1358; x_wconf 84' lang='grc' dir='ltr'>γὰρ</span> 
     </span>
     <span class='ocr_line' id='line_1_28' title="bbox 87 1362 854 1404; baseline 0.003 -12"><span class='ocrx_word' id='word_1_215' title='bbox 87 1362 132 1392; x_wconf 75' lang='grc' dir='ltr'>καὶ</span> <span class='ocrx_word' id='word_1_216' title='bbox 149 1365 235 1400; x_wconf 75' lang='grc' dir='ltr'>τοῦτο,</span> <span class='ocrx_word' id='word_1_217' title='bbox 249 1363 329 1403; x_wconf 77' lang='grc' dir='ltr'>φασὶ,</span> <span class='ocrx_word' id='word_1_218' title='bbox 344 1363 472 1402; x_wconf 84' lang='grc' dir='ltr'>Σολομών</span> <span class='ocrx_word' id='word_1_219' title='bbox 486 1365 558 1393; x_wconf 79' lang='grc' dir='ltr'>ἐστιν</span> <span class='ocrx_word' id='word_1_220' title='bbox 572 1366 586 1394; x_wconf 86' lang='grc' dir='ltr'>ὁ</span> <span class='ocrx_word' id='word_1_221' title='bbox 599 1364 712 1404; x_wconf 78' lang='grc' dir='ltr'>γράψας.</span> <span class='ocrx_word' id='word_1_222' title='bbox 725 1365 806 1394; x_wconf 82' lang='grc' dir='ltr'>Ἐστι</span> <span class='ocrx_word' id='word_1_223' title='bbox 828 1364 854 1393; x_wconf 79' lang='grc' dir='ltr'>δὲ</span> 
     </span>
     <span class='ocr_line' id='line_1_29' title="bbox 86 1409 855 1450; baseline 0.001 -13"><span class='ocrx_word' id='word_1_224' title='bbox 86 1410 114 1437; x_wconf 83' lang='grc' dir='ltr'>ἐν</span> <span class='ocrx_word' id='word_1_225' title='bbox 134 1410 206 1448; x_wconf 80' lang='grc' dir='ltr'>αὐτῷ</span> <span class='ocrx_word' id='word_1_226' title='bbox 228 1409 385 1438; x_wconf 84' lang='grc' dir='ltr'>διδασκαλία</span> <span class='ocrx_word' id='word_1_227' title='bbox 398 1410 583 1446; x_wconf 82' lang='grc' dir='ltr'>δικαιοσύνης,</span> <span class='ocrx_word' id='word_1_228' title='bbox 605 1411 650 1440; x_wconf 83' lang='grc' dir='ltr'>καὶ</span> <span class='ocrx_word' id='word_1_229' title='bbox 670 1411 700 1440; x_wconf 86' lang='grc' dir='ltr'>τὸ</span> <span class='ocrx_word' id='word_1_230' title='bbox 721 1410 855 1450; x_wconf 84' lang='grc' dir='ltr'>γνωρίζειν</span> 
     </span>
     <span class='ocr_line' id='line_1_30' title="bbox 86 1453 855 1495; baseline 0.004 -12"><span class='ocrx_word' id='word_1_231' title='bbox 86 1453 146 1487; x_wconf 80' lang='grc' dir='ltr'>τούς</span> <span class='ocrx_word' id='word_1_232' title='bbox 163 1465 192 1484; x_wconf 82' lang='grc' dir='ltr'>τε</span> <span class='ocrx_word' id='word_1_233' title='bbox 214 1454 328 1494; x_wconf 79' lang='grc' dir='ltr'>φαύλους</span> <span class='ocrx_word' id='word_1_234' title='bbox 349 1454 444 1495; x_wconf 76' lang='grc' dir='ltr'>ἄνδρας</span> <span class='ocrx_word' id='word_1_235' title='bbox 466 1455 512 1485; x_wconf 78' lang='grc' dir='ltr'>καὶ</span> <span class='ocrx_word' id='word_1_236' title='bbox 532 1455 591 1489; x_wconf 78' lang='grc' dir='ltr'>τοὺς</span> <span class='ocrx_word' id='word_1_237' title='bbox 612 1457 788 1492; x_wconf 83' lang='grc' dir='ltr'>σπουδαίους,</span> <span class='ocrx_word' id='word_1_238' title='bbox 810 1457 855 1486; x_wconf 86' lang='grc' dir='ltr'>καὶ</span> 
     </span>
     <span class='ocr_line' id='line_1_31' title="bbox 86 1499 855 1543; baseline 0.004 -14"><span class='ocrx_word' id='word_1_239' title='bbox 86 1499 233 1540; x_wconf 80' lang='grc' dir='ltr'>προφητεία</span> <span class='ocrx_word' id='word_1_240' title='bbox 255 1501 317 1540; x_wconf 77' lang='grc' dir='ltr'>περὶ</span> <span class='ocrx_word' id='word_1_241' title='bbox 330 1501 455 1541; x_wconf 74' lang='grc' dir='ltr'>Χριστοῦ.</span> <span class='ocrx_word' id='word_1_242' title='bbox 478 1501 531 1531; x_wconf 78' lang='grc' dir='ltr'>Καὶ</span> <span class='ocrx_word' id='word_1_243' title='bbox 553 1501 594 1531; x_wconf 72' lang='grc' dir='ltr'>ὅτι</span> <span class='ocrx_word' id='word_1_244' title='bbox 614 1503 706 1542; x_wconf 83' lang='grc' dir='ltr'>πολλῷ</span> <span class='ocrx_word' id='word_1_245' title='bbox 724 1502 796 1543; x_wconf 88' lang='grc' dir='ltr'>πόνῳ</span> <span class='ocrx_word' id='word_1_246' title='bbox 810 1503 855 1532; x_wconf 82' lang='grc' dir='ltr'>καὶ</span> 
     </span>
     <span class='ocr_line' id='line_1_32' title="bbox 86 1546 856 1588; baseline 0.004 -13"><span class='ocrx_word' id='word_1_247' title='bbox 86 1546 160 1586; x_wconf 85' lang='grc' dir='ltr'>πόθῳ</span> <span class='ocrx_word' id='word_1_248' title='bbox 174 1548 346 1586; x_wconf 73' lang='grc' dir='ltr'>κατορθοῦται</span> <span class='ocrx_word' id='word_1_249' title='bbox 362 1547 449 1587; x_wconf 84' lang='grc' dir='ltr'>σοφία.</span> <span class='ocrx_word' id='word_1_250' title='bbox 461 1546 524 1576; x_wconf 85' lang='grc' dir='ltr'>Ἔτι</span> <span class='ocrx_word' id='word_1_251' title='bbox 539 1547 567 1577; x_wconf 77' lang='grc' dir='ltr'>δὲ</span> <span class='ocrx_word' id='word_1_252' title='bbox 580 1547 625 1577; x_wconf 72' lang='grc' dir='ltr'>καὶ</span> <span class='ocrx_word' id='word_1_253' title='bbox 637 1547 791 1588; x_wconf 81' lang='grc' dir='ltr'>φυσιολογίοι</span> <span class='ocrx_word' id='word_1_254' title='bbox 805 1561 856 1587; x_wconf 90' lang='grc' dir='ltr'>με-</span> 
     </span>
     <span class='ocr_line' id='line_1_33' title="bbox 89 1592 854 1635; baseline 0.003 -13"><span class='ocrx_word' id='word_1_255' title='bbox 89 1592 166 1632; x_wconf 83' lang='grc' dir='ltr'>ρική·</span> <span class='ocrx_word' id='word_1_256' title='bbox 187 1593 233 1622; x_wconf 82' lang='grc' dir='ltr'>καὶ</span> <span class='ocrx_word' id='word_1_257' title='bbox 253 1592 323 1623; x_wconf 77' lang='grc' dir='ltr'>κατὰ</span> <span class='ocrx_word' id='word_1_258' title='bbox 342 1592 457 1622; x_wconf 79' lang='grc' dir='ltr'>εἰδώλων</span> <span class='ocrx_word' id='word_1_259' title='bbox 477 1593 591 1623; x_wconf 77' lang='grc' dir='ltr'>καὶτῶν</span> <span class='ocrx_word' id='word_1_260' title='bbox 612 1594 679 1624; x_wconf 84' lang='grc' dir='ltr'>αὐτὰ</span> <span class='ocrx_word' id='word_1_261' title='bbox 692 1594 854 1635; x_wconf 74' lang='grc' dir='ltr'>γλυφόντων,</span> 
     </span>
     <span class='ocr_line' id='line_1_34' title="bbox 88 1638 857 1680; baseline 0.004 -13"><span class='ocrx_word' id='word_1_262' title='bbox 88 1639 133 1668; x_wconf 85' lang='grc' dir='ltr'>καὶ</span> <span class='ocrx_word' id='word_1_263' title='bbox 144 1640 171 1668; x_wconf 77' lang='grc' dir='ltr'>ἐν</span> <span class='ocrx_word' id='word_1_264' title='bbox 185 1640 273 1672; x_wconf 76' lang='grc' dir='ltr'>αὐτοῖς</span> <span class='ocrx_word' id='word_1_265' title='bbox 284 1638 452 1676; x_wconf 74' lang='grc' dir='ltr'>ἐλπιζόντων,</span> <span class='ocrx_word' id='word_1_266' title='bbox 462 1639 507 1669; x_wconf 76' lang='grc' dir='ltr'>καὶ</span> <span class='ocrx_word' id='word_1_267' title='bbox 518 1641 706 1680; x_wconf 79' lang='grc' dir='ltr'>λατρευόντων·</span> <span class='ocrx_word' id='word_1_268' title='bbox 721 1641 766 1670; x_wconf 85' lang='grc' dir='ltr'>καὶ</span> <span class='ocrx_word' id='word_1_269' title='bbox 777 1640 857 1680; x_wconf 73' lang='grc' dir='ltr'>ὕμνος</span> 
     </span>
     <span class='ocr_line' id='line_1_35' title="bbox 88 1683 856 1727; baseline 0.004 -14"><span class='ocrx_word' id='word_1_270' title='bbox 88 1683 135 1713; x_wconf 81' lang='grc' dir='ltr'>σὺν</span> <span class='ocrx_word' id='word_1_271' title='bbox 149 1683 335 1723; x_wconf 73' lang='grc' dir='ltr'>ἐξομολογήσει</span> <span class='ocrx_word' id='word_1_272' title='bbox 352 1686 405 1714; x_wconf 84' lang='grc' dir='ltr'>τῶν</span> <span class='ocrx_word' id='word_1_273' title='bbox 416 1684 598 1725; x_wconf 71' lang='grc' dir='ltr'>γεγενημένων</span> <span class='ocrx_word' id='word_1_274' title='bbox 611 1690 667 1720; x_wconf 88' lang='grc' dir='ltr'>τοῖς</span> <span class='ocrx_word' id='word_1_275' title='bbox 680 1687 856 1727; x_wconf 86' lang='grc' dir='ltr'>Ἰσραηλίταις</span> 
     </span>
     <span class='ocr_line' id='line_1_36' title="bbox 88 1729 855 1772; baseline 0.004 -13"><span class='ocrx_word' id='word_1_276' title='bbox 88 1729 240 1769; x_wconf 68' lang='grc' dir='ltr'>θαυμασίων</span> <span class='ocrx_word' id='word_1_277' title='bbox 260 1730 371 1760; x_wconf 74' lang='grc' dir='ltr'>ἐνώπιον</span> <span class='ocrx_word' id='word_1_278' title='bbox 392 1732 444 1760; x_wconf 77' lang='grc' dir='ltr'>τῶν</span> <span class='ocrx_word' id='word_1_279' title='bbox 466 1732 567 1771; x_wconf 63' lang='grc' dir='ltr'>ἐχθρῶν</span> <span class='ocrx_word' id='word_1_280' title='bbox 591 1733 694 1769; x_wconf 81' lang='grc' dir='ltr'>αὖτῶν,</span> <span class='ocrx_word' id='word_1_281' title='bbox 714 1733 788 1772; x_wconf 81' lang='grc' dir='ltr'>παρὰ</span> <span class='ocrx_word' id='word_1_282' title='bbox 809 1735 855 1762; x_wconf 84' lang='grc' dir='ltr'>τοῦ</span> 
     </span>
     <span class='ocr_line' id='line_1_37' title="bbox 88 1771 857 1819; baseline 0.004 -14"><span class='ocrx_word' id='word_1_283' title='bbox 88 1778 168 1805; x_wconf 75' lang='grc' dir='ltr'>Θεοῦ.</span> <span class='ocrx_word' id='word_1_284' title='bbox 183 1775 218 1805; x_wconf 84' lang='grc' dir='ltr'><strong>Ἣ</strong></span> <span class='ocrx_word' id='word_1_285' title='bbox 245 1775 292 1815; x_wconf 70' lang='grc' dir='ltr'>μὲν</span> <span class='ocrx_word' id='word_1_286' title='bbox 317 1771 362 1805; x_wconf 66' lang='grc' dir='ltr'>οὗν</span> <span class='ocrx_word' id='word_1_287' title='bbox 372 1776 375 1778; x_wconf 59' lang='grc'><strong>’</strong></span> <span class='ocrx_word' id='word_1_288' title='bbox 386 1777 499 1817; x_wconf 72' lang='grc' dir='ltr'>περιοχὴ</span> <span class='ocrx_word' id='word_1_289' title='bbox 513 1780 560 1806; x_wconf 80' lang='grc' dir='ltr'>τοῦ</span> <span class='ocrx_word' id='word_1_290' title='bbox 573 1777 676 1817; x_wconf 78' lang='grc' dir='ltr'>βιὸλίου</span> <span class='ocrx_word' id='word_1_291' title='bbox 696 1781 787 1808; x_wconf 80' lang='grc' dir='ltr'>τοῦτον</span> <span class='ocrx_word' id='word_1_292' title='bbox 801 1779 857 1819; x_wconf 87' lang='grc' dir='ltr'>ἔχει</span> 
     </span>
     <span class='ocr_line' id='line_1_38' title="bbox 88 1821 856 1863; baseline 0.003 -11"><span class='ocrx_word' id='word_1_293' title='bbox 88 1823 133 1852; x_wconf 77' lang='grc' dir='ltr'>τὸν</span> <span class='ocrx_word' id='word_1_294' title='bbox 146 1822 251 1862; x_wconf 82' lang='grc' dir='ltr'>τρόπον.</span> <span class='ocrx_word' id='word_1_295' title='bbox 265 1821 300 1852; x_wconf 85' lang='grc' dir='ltr'>Ἣ</span> <span class='ocrx_word' id='word_1_296' title='bbox 320 1822 348 1852; x_wconf 76' lang='grc' dir='ltr'>δὲ</span> <span class='ocrx_word' id='word_1_297' title='bbox 366 1823 593 1863; x_wconf 75' lang='grc' dir='ltr'>ἀνακεφαλαίωσίς</span> <span class='ocrx_word' id='word_1_298' title='bbox 612 1826 684 1855; x_wconf 80' lang='grc' dir='ltr'>ἐστιν</span> <span class='ocrx_word' id='word_1_299' title='bbox 707 1826 734 1854; x_wconf 85' lang='grc' dir='ltr'>ἐν</span> <span class='ocrx_word' id='word_1_300' title='bbox 747 1825 856 1858; x_wconf 82' lang='grc' dir='ltr'>τούτοις.</span> 
     </span>
    </p>
   </div>
   <div class='ocr_carea' id='block_1_9' title="bbox 873 584 1656 1085">
    <p class='ocr_par' dir='ltr' id='par_1_9' title="bbox 873 584 1656 1085">
     <span class='ocr_line' id='line_1_39' title="bbox 912 584 1655 624; baseline 0.005 -14"><span class='ocrx_word' id='word_1_301' title='bbox 912 587 1020 611; x_wconf 82' lang='lat' dir='ltr'>terram</span> <span class='ocrx_word' id='word_1_302' title='bbox 1042 589 1070 612; x_wconf 80' lang='lat' dir='ltr'>et</span> <span class='ocrx_word' id='word_1_303' title='bbox 1088 585 1223 613; x_wconf 76' lang='lat' dir='ltr'>cinerem,</span> <span class='ocrx_word' id='word_1_304' title='bbox 1239 585 1368 624; x_wconf 84' lang='lat' dir='ltr'>Coarguit</span> <span class='ocrx_word' id='word_1_305' title='bbox 1386 585 1519 614; x_wconf 87' lang='lat' dir='ltr'><strong>Dominus</strong></span> <span class='ocrx_word' id='word_1_306' title='bbox 1540 584 1655 624; x_wconf 87' lang='lat' dir='ltr'>Eliphaz</span> 
     </span>
     <span class='ocr_line' id='line_1_40' title="bbox 911 627 1654 670; baseline 0.004 -14"><span class='ocrx_word' id='word_1_307' title='bbox 911 627 1105 658; x_wconf 80' lang='lat' dir='ltr'>Thaemanitem</span> <span class='ocrx_word' id='word_1_308' title='bbox 1115 652 1122 666; x_wconf 90' lang='lat'>‚</span> <span class='ocrx_word' id='word_1_309' title='bbox 1139 630 1202 668; x_wconf 87' lang='lat' dir='ltr'>quia</span> <span class='ocrx_word' id='word_1_310' title='bbox 1226 631 1347 670; x_wconf 84' lang='lat' dir='ltr'>peccavit</span> <span class='ocrx_word' id='word_1_311' title='bbox 1366 630 1423 670; x_wconf 86' lang='lat' dir='ltr'>ipse</span> <span class='ocrx_word' id='word_1_312' title='bbox 1445 638 1471 660; x_wconf 91' lang='lat' dir='ltr'>et</span> <span class='ocrx_word' id='word_1_313' title='bbox 1492 630 1548 659; x_wconf 90' lang='lat' dir='ltr'>duo</span> <span class='ocrx_word' id='word_1_314' title='bbox 1573 631 1654 660; x_wconf 85' lang='lat' dir='ltr'>amici</span> 
     </span>
     <span class='ocr_line' id='line_1_41' title="bbox 912 674 1655 715; baseline 0.004 -12"><span class='ocrx_word' id='word_1_315' title='bbox 912 674 981 713; x_wconf 84' lang='lat' dir='ltr'>ejus,</span> <span class='ocrx_word' id='word_1_316' title='bbox 990 674 1054 713; x_wconf 90' lang='lat' dir='ltr'>quia</span> <span class='ocrx_word' id='word_1_317' title='bbox 1065 685 1119 704; x_wconf 90' lang='lat' dir='ltr'>non</span> <span class='ocrx_word' id='word_1_318' title='bbox 1130 676 1259 715; x_wconf 87' lang='lat' dir='ltr'>loquutus</span> <span class='ocrx_word' id='word_1_319' title='bbox 1270 683 1309 705; x_wconf 87' lang='lat' dir='ltr'>est</span> <span class='ocrx_word' id='word_1_320' title='bbox 1320 687 1410 706; x_wconf 87' lang='lat' dir='ltr'>coram</span> <span class='ocrx_word' id='word_1_321' title='bbox 1421 677 1479 706; x_wconf 88' lang='lat' dir='ltr'>Deo</span> <span class='ocrx_word' id='word_1_322' title='bbox 1487 687 1594 706; x_wconf 82' lang='lat' dir='ltr'>verum.</span> <span class='ocrx_word' id='word_1_323' title='bbox 1604 678 1655 706; x_wconf 88' lang='lat' dir='ltr'>Hic</span> 
     </span>
     <span class='ocr_line' id='line_1_42' title="bbox 911 720 1655 762; baseline 0.004 -13"><span class='ocrx_word' id='word_1_324' title='bbox 911 720 1030 760; x_wconf 80' lang='lat' dir='ltr'>expiatio</span> <span class='ocrx_word' id='word_1_325' title='bbox 1040 721 1072 751; x_wconf 85' lang='lat' dir='ltr'>fit</span> <span class='ocrx_word' id='word_1_326' title='bbox 1091 722 1175 751; x_wconf 88' lang='lat' dir='ltr'>trium</span> <span class='ocrx_word' id='word_1_327' title='bbox 1195 722 1342 751; x_wconf 85' lang='lat' dir='ltr'>amicorum</span> <span class='ocrx_word' id='word_1_328' title='bbox 1360 733 1408 762; x_wconf 90' lang='lat' dir='ltr'>per</span> <span class='ocrx_word' id='word_1_329' title='bbox 1423 723 1477 753; x_wconf 89' lang='lat' dir='ltr'>Job</span> <span class='ocrx_word' id='word_1_330' title='bbox 1493 722 1655 752; x_wconf 81' lang='lat' dir='ltr'>sacerdotem</span> 
     </span>
     <span class='ocr_line' id='line_1_43' title="bbox 913 767 1656 809; baseline 0.004 -13"><span class='ocrx_word' id='word_1_331' title='bbox 913 767 977 796; x_wconf 82' lang='lat' dir='ltr'>Dei.</span> <span class='ocrx_word' id='word_1_332' title='bbox 990 767 1072 804; x_wconf 85' lang='lat' dir='ltr'>Quod</span> <span class='ocrx_word' id='word_1_333' title='bbox 1091 768 1197 798; x_wconf 77' lang='lat' dir='ltr'>auxerit</span> <span class='ocrx_word' id='word_1_334' title='bbox 1210 769 1343 798; x_wconf 87' lang='lat' dir='ltr'><strong>Dominus</strong></span> <span class='ocrx_word' id='word_1_335' title='bbox 1359 769 1460 799; x_wconf 88' lang='lat' dir='ltr'>Jobum</span> <span class='ocrx_word' id='word_1_336' title='bbox 1469 791 1477 806; x_wconf 85' lang='lat'>,</span> <span class='ocrx_word' id='word_1_337' title='bbox 1491 775 1518 798; x_wconf 83' lang='lat' dir='ltr'>et</span> <span class='ocrx_word' id='word_1_338' title='bbox 1532 777 1656 809; x_wconf 80' lang='lat' dir='ltr'>precante</span> 
     </span>
     <span class='ocr_line' id='line_1_44' title="bbox 912 813 1655 854; baseline 0.004 -12"><span class='ocrx_word' id='word_1_339' title='bbox 912 813 962 843; x_wconf 91' lang='lat' dir='ltr'>illo</span> <span class='ocrx_word' id='word_1_340' title='bbox 982 824 1032 854; x_wconf 88' lang='lat' dir='ltr'>pro</span> <span class='ocrx_word' id='word_1_341' title='bbox 1050 814 1144 843; x_wconf 82' lang='lat' dir='ltr'>amicis</span> <span class='ocrx_word' id='word_1_342' title='bbox 1161 814 1236 851; x_wconf 90' lang='lat' dir='ltr'>suis,</span> <span class='ocrx_word' id='word_1_343' title='bbox 1254 814 1388 844; x_wconf 90' lang='lat' dir='ltr'>Dominus</span> <span class='ocrx_word' id='word_1_344' title='bbox 1408 815 1599 845; x_wconf 82' lang='lat' dir='ltr'>condonaverit</span> <span class='ocrx_word' id='word_1_345' title='bbox 1617 816 1655 845; x_wconf 80' lang='lat' dir='ltr'>eis</span> 
     </span>
     <span class='ocr_line' id='line_1_45' title="bbox 911 859 1655 900; baseline 0.003 -11"><span class='ocrx_word' id='word_1_346' title='bbox 911 866 1060 898; x_wconf 82' lang='lat' dir='ltr'>peccatum.</span> <span class='ocrx_word' id='word_1_347' title='bbox 1072 861 1112 890; x_wconf 89' lang='lat' dir='ltr'>Ut</span> <span class='ocrx_word' id='word_1_348' title='bbox 1122 859 1267 890; x_wconf 85' lang='lat' dir='ltr'>audierunt</span> <span class='ocrx_word' id='word_1_349' title='bbox 1275 870 1377 898; x_wconf 72' lang='lat' dir='ltr'>omnes,</span> <span class='ocrx_word' id='word_1_350' title='bbox 1389 860 1436 900; x_wconf 81' lang='lat' dir='ltr'>qui</span> <span class='ocrx_word' id='word_1_351' title='bbox 1446 871 1480 890; x_wconf 83' lang='lat' dir='ltr'>ex</span> <span class='ocrx_word' id='word_1_352' title='bbox 1487 871 1581 900; x_wconf 83' lang='lat' dir='ltr'>genere</span> <span class='ocrx_word' id='word_1_353' title='bbox 1591 862 1655 892; x_wconf 89' lang='lat' dir='ltr'>Jobi</span> 
     </span>
     <span class='ocr_line' id='line_1_46' title="bbox 873 906 1656 944; baseline 0.001 -9"><span class='ocrx_word' id='word_1_354' title='bbox 873 906 892 929; x_wconf 86' lang='lat' dir='ltr'>C</span> <span class='ocrx_word' id='word_1_355' title='bbox 911 913 996 942; x_wconf 85' lang='lat' dir='ltr'>erant,</span> <span class='ocrx_word' id='word_1_356' title='bbox 1009 913 1176 936; x_wconf 81' lang='lat' dir='ltr'>accesserunt</span> <span class='ocrx_word' id='word_1_357' title='bbox 1187 906 1222 936; x_wconf 85' lang='lat' dir='ltr'>ad</span> <span class='ocrx_word' id='word_1_358' title='bbox 1232 917 1306 944; x_wconf 85' lang='lat' dir='ltr'>eum,</span> <span class='ocrx_word' id='word_1_359' title='bbox 1318 914 1344 936; x_wconf 86' lang='lat' dir='ltr'>et</span> <span class='ocrx_word' id='word_1_360' title='bbox 1354 907 1526 937; x_wconf 84' lang='lat' dir='ltr'>comederunt</span> <span class='ocrx_word' id='word_1_361' title='bbox 1540 918 1570 937; x_wconf 90' lang='lat' dir='ltr'>ac</span> <span class='ocrx_word' id='word_1_362' title='bbox 1581 908 1656 936; x_wconf 88' lang='lat' dir='ltr'>bibe-</span> 
     </span>
     <span class='ocr_line' id='line_1_47' title="bbox 911 952 1655 992; baseline 0.003 -11"><span class='ocrx_word' id='word_1_363' title='bbox 911 959 975 981; x_wconf 88' lang='lat' dir='ltr'>runt</span> <span class='ocrx_word' id='word_1_364' title='bbox 992 952 1067 992; x_wconf 86' lang='lat' dir='ltr'>apud</span> <span class='ocrx_word' id='word_1_365' title='bbox 1089 952 1171 990; x_wconf 60' lang='lat' dir='ltr'>eum,</span> <span class='ocrx_word' id='word_1_366' title='bbox 1185 953 1318 992; x_wconf 85' lang='lat' dir='ltr'>illumque</span> <span class='ocrx_word' id='word_1_367' title='bbox 1338 952 1464 983; x_wconf 87' lang='lat' dir='ltr'>admirati</span> <span class='ocrx_word' id='word_1_368' title='bbox 1481 953 1612 983; x_wconf 83' lang='lat' dir='ltr'>dederunt</span> <span class='ocrx_word' id='word_1_369' title='bbox 1631 954 1655 982; x_wconf 88' lang='lat' dir='ltr'>ei</span> 
     </span>
     <span class='ocr_line' id='line_1_48' title="bbox 911 999 1652 1038; baseline 0.003 -11"><span class='ocrx_word' id='word_1_370' title='bbox 911 999 1013 1038; x_wconf 83' lang='lat' dir='ltr'>singuli</span> <span class='ocrx_word' id='word_1_371' title='bbox 1027 1009 1127 1038; x_wconf 79' lang='lat' dir='ltr'>agnum</span> <span class='ocrx_word' id='word_1_372' title='bbox 1142 1009 1238 1035; x_wconf 88' lang='lat' dir='ltr'>unum,</span> <span class='ocrx_word' id='word_1_373' title='bbox 1253 1006 1279 1028; x_wconf 89' lang='lat' dir='ltr'>et</span> <span class='ocrx_word' id='word_1_374' title='bbox 1293 999 1518 1029; x_wconf 85' lang='lat' dir='ltr'>tetradrachmum</span> <span class='ocrx_word' id='word_1_375' title='bbox 1530 1011 1652 1029; x_wconf 87' lang='lat' dir='ltr'>aureum.</span> 
     </span>
     <span class='ocr_line' id='line_1_49' title="bbox 912 1045 1655 1085; baseline 0.004 -12"><span class='ocrx_word' id='word_1_376' title='bbox 912 1045 1049 1084; x_wconf 84' lang='lat' dir='ltr'><strong>Scriptum</strong></span> <span class='ocrx_word' id='word_1_377' title='bbox 1057 1052 1096 1074; x_wconf 89' lang='lat' dir='ltr'>est</span> <span class='ocrx_word' id='word_1_378' title='bbox 1105 1055 1167 1074; x_wconf 87' lang='lat' dir='ltr'>eum</span> <span class='ocrx_word' id='word_1_379' title='bbox 1178 1052 1391 1075; x_wconf 85' lang='lat' dir='ltr'>resurrecturum</span> <span class='ocrx_word' id='word_1_380' title='bbox 1403 1056 1459 1075; x_wconf 89' lang='lat' dir='ltr'>esse</span> <span class='ocrx_word' id='word_1_381' title='bbox 1468 1056 1530 1076; x_wconf 91' lang='lat' dir='ltr'>cum</span> <span class='ocrx_word' id='word_1_382' title='bbox 1543 1046 1577 1076; x_wconf 86' lang='lat' dir='ltr'>iis</span> <span class='ocrx_word' id='word_1_383' title='bbox 1588 1057 1655 1085; x_wconf 87' lang='lat' dir='ltr'>quos</span> 
     </span>
    </p>
   </div>
   <div class='ocr_carea' id='block_1_10' title="bbox 913 1088 1655 1162">
    <p class='ocr_par' dir='ltr' id='par_1_10' title="bbox 913 1088 1655 1162">
     <span class='ocr_line' id='line_1_50' title="bbox 913 1088 1655 1120; baseline 0.004 -3"><span class='ocrx_word' id='word_1_384' title='bbox 913 1089 1082 1118; x_wconf 81' lang='lat' dir='ltr'>resuscitabit</span> <span class='ocrx_word' id='word_1_385' title='bbox 1095 1088 1237 1119; x_wconf 91' lang='lat' dir='ltr'><strong>Dominus.</strong></span> <span class='ocrx_word' id='word_1_386' title='bbox 1253 1089 1285 1118; x_wconf 92' lang='lat' dir='ltr'>In</span> <span class='ocrx_word' id='word_1_387' title='bbox 1298 1089 1341 1119; x_wconf 86' lang='lat' dir='ltr'>his</span> <span class='ocrx_word' id='word_1_388' title='bbox 1355 1090 1505 1119; x_wconf 85' lang='lat' dir='ltr'>continetur</span> <span class='ocrx_word' id='word_1_389' title='bbox 1515 1090 1557 1120; x_wconf 84' lang='lat' dir='ltr'>vis</span> <span class='ocrx_word' id='word_1_390' title='bbox 1568 1091 1655 1120; x_wconf 86' lang='lat' dir='ltr'>omnis</span> 
     </span>
     <span class='ocr_line' id='line_1_51' title="bbox 914 1133 1054 1162; baseline 0.007 -1"><span class='ocrx_word' id='word_1_391' title='bbox 914 1133 975 1161; x_wconf 86' lang='lat' dir='ltr'>libri</span> <span class='ocrx_word' id='word_1_392' title='bbox 991 1133 1054 1162; x_wconf 91' lang='lat' dir='ltr'>Job.</span> 
     </span>
    </p>
   </div>
   <div class='ocr_carea' id='block_1_11' title="bbox 1112 1234 1453 1253">
    <p class='ocr_par' dir='ltr' id='par_1_11' title="bbox 1112 1234 1453 1253">
     <span class='ocr_line' id='line_1_52' title="bbox 1112 1234 1453 1253; baseline 0.003 -1"><span class='ocrx_word' id='word_1_393' title='bbox 1112 1234 1264 1253; x_wconf 73' lang='lat' dir='ltr'>SAPt-ENTtA</span> <span class='ocrx_word' id='word_1_394' title='bbox 1279 1234 1453 1253; x_wconf 70' lang='lat' dir='ltr'>SALOMONIS.</span> 
     </span>
    </p>
   </div>
   <div class='ocr_carea' id='block_1_12' title="bbox 874 1315 1655 1863">
    <p class='ocr_par' dir='ltr' id='par_1_12' title="bbox 874 1315 1655 1863">
     <span class='ocr_line' id='line_1_53' title="bbox 950 1315 1655 1355; baseline 0.001 -10"><span class='ocrx_word' id='word_1_395' title='bbox 950 1315 1084 1355; x_wconf 76' lang='lat' dir='ltr'>Sapientia</span> <span class='ocrx_word' id='word_1_396' title='bbox 1107 1316 1258 1345; x_wconf 86' lang='lat' dir='ltr'>Salomonis</span> <span class='ocrx_word' id='word_1_397' title='bbox 1276 1323 1388 1345; x_wconf 85' lang='lat' dir='ltr'>vocatur</span> <span class='ocrx_word' id='word_1_398' title='bbox 1408 1315 1452 1344; x_wconf 84' lang='lat' dir='ltr'>hie</span> <span class='ocrx_word' id='word_1_399' title='bbox 1475 1316 1546 1345; x_wconf 83' lang='lat' dir='ltr'>liber</span> <span class='ocrx_word' id='word_1_400' title='bbox 1566 1329 1571 1344; x_wconf 89' lang='lat'>:</span> <span class='ocrx_word' id='word_1_401' title='bbox 1593 1327 1655 1346; x_wconf 86' lang='lat' dir='ltr'>nam</span> 
     </span>
     <span class='ocr_line' id='line_1_54' title="bbox 909 1361 1655 1401; baseline 0.003 -12"><span class='ocrx_word' id='word_1_402' title='bbox 909 1361 989 1390; x_wconf 80' lang='lat' dir='ltr'>etiam</span> <span class='ocrx_word' id='word_1_403' title='bbox 1002 1361 1075 1390; x_wconf 87' lang='lat' dir='ltr'>hune</span> <span class='ocrx_word' id='word_1_404' title='bbox 1084 1372 1099 1390; x_wconf 89' lang='lat' dir='ltr'>a</span> <span class='ocrx_word' id='word_1_405' title='bbox 1110 1361 1252 1391; x_wconf 85' lang='lat' dir='ltr'>Salomone</span> <span class='ocrx_word' id='word_1_406' title='bbox 1263 1362 1394 1401; x_wconf 88' lang='lat' dir='ltr'>scriptum</span> <span class='ocrx_word' id='word_1_407' title='bbox 1402 1372 1458 1391; x_wconf 87' lang='lat' dir='ltr'>esse</span> <span class='ocrx_word' id='word_1_408' title='bbox 1468 1361 1572 1391; x_wconf 85' lang='lat' dir='ltr'>dicunt.</span> <span class='ocrx_word' id='word_1_409' title='bbox 1585 1363 1655 1392; x_wconf 86' lang='lat' dir='ltr'>Con-</span> 
     </span>
     <span class='ocr_line' id='line_1_55' title="bbox 874 1406 1654 1448; baseline 0.003 -13"><span class='ocrx_word' id='word_1_410' title='bbox 874 1420 891 1442; x_wconf 79' lang='lat'>0</span> <span class='ocrx_word' id='word_1_411' title='bbox 909 1406 975 1436; x_wconf 88' lang='lat' dir='ltr'>tinet</span> <span class='ocrx_word' id='word_1_412' title='bbox 996 1413 1087 1436; x_wconf 84' lang='lat' dir='ltr'>autem</span> <span class='ocrx_word' id='word_1_413' title='bbox 1108 1407 1258 1436; x_wconf 82' lang='lat' dir='ltr'>doctrinam</span> <span class='ocrx_word' id='word_1_414' title='bbox 1278 1407 1400 1448; x_wconf 65' lang='lat' dir='ltr'>jusfitiae,</span> <span class='ocrx_word' id='word_1_415' title='bbox 1428 1414 1454 1436; x_wconf 84' lang='lat' dir='ltr'>et</span> <span class='ocrx_word' id='word_1_416' title='bbox 1477 1418 1530 1446; x_wconf 83' lang='lat' dir='ltr'>qua</span> <span class='ocrx_word' id='word_1_417' title='bbox 1553 1408 1654 1437; x_wconf 83' lang='lat' dir='ltr'>ratione</span> 
     </span>
     <span class='ocr_line' id='line_1_56' title="bbox 909 1452 1651 1493; baseline 0.001 -11"><span class='ocrx_word' id='word_1_418' title='bbox 909 1452 1086 1493; x_wconf 86' lang='lat' dir='ltr'>cognoscendi</span> <span class='ocrx_word' id='word_1_419' title='bbox 1099 1460 1162 1483; x_wconf 86' lang='lat' dir='ltr'>sunt</span> <span class='ocrx_word' id='word_1_420' title='bbox 1181 1460 1245 1483; x_wconf 89' lang='lat' dir='ltr'>tunc</span> <span class='ocrx_word' id='word_1_421' title='bbox 1264 1453 1392 1493; x_wconf 81' lang='lat' dir='ltr'>improbi,</span> <span class='ocrx_word' id='word_1_422' title='bbox 1412 1460 1476 1483; x_wconf 92' lang='lat' dir='ltr'>tunc</span> <span class='ocrx_word' id='word_1_423' title='bbox 1486 1454 1564 1493; x_wconf 89' lang='lat' dir='ltr'>probi</span> <span class='ocrx_word' id='word_1_424' title='bbox 1578 1454 1630 1483; x_wconf 87' lang='lat' dir='ltr'>viri</span> <span class='ocrx_word' id='word_1_425' title='bbox 1645 1468 1651 1483; x_wconf 79' lang='lat'>2</span> 
     </span>
     <span class='ocr_line' id='line_1_57' title="bbox 909 1499 1654 1540; baseline 0.003 -12"><span class='ocrx_word' id='word_1_426' title='bbox 909 1499 943 1528; x_wconf 85' lang='lat' dir='ltr'>ad</span> <span class='ocrx_word' id='word_1_427' title='bbox 956 1499 1011 1529; x_wconf 82' lang='lat' dir='ltr'>haec</span> <span class='ocrx_word' id='word_1_428' title='bbox 1024 1500 1192 1540; x_wconf 77' lang='lat' dir='ltr'>prophetiam</span> <span class='ocrx_word' id='word_1_429' title='bbox 1202 1499 1236 1529; x_wconf 87' lang='lat' dir='ltr'>de</span> <span class='ocrx_word' id='word_1_430' title='bbox 1249 1500 1367 1530; x_wconf 82' lang='lat' dir='ltr'>Christo.</span> <span class='ocrx_word' id='word_1_431' title='bbox 1381 1501 1466 1532; x_wconf 87' lang='lat' dir='ltr'>Docet</span> <span class='ocrx_word' id='word_1_432' title='bbox 1478 1500 1557 1529; x_wconf 89' lang='lat' dir='ltr'>etiam</span> <span class='ocrx_word' id='word_1_433' title='bbox 1568 1501 1654 1530; x_wconf 82' lang='lat' dir='ltr'>multo</span> 
     </span>
     <span class='ocr_line' id='line_1_58' title="bbox 909 1545 1654 1585; baseline 0 -10"><span class='ocrx_word' id='word_1_434' title='bbox 909 1555 965 1575; x_wconf 87' lang='lat' dir='ltr'>esse</span> <span class='ocrx_word' id='word_1_435' title='bbox 987 1556 1055 1585; x_wconf 90' lang='lat' dir='ltr'>opus</span> <span class='ocrx_word' id='word_1_436' title='bbox 1077 1545 1169 1575; x_wconf 87' lang='lat' dir='ltr'>labore</span> <span class='ocrx_word' id='word_1_437' title='bbox 1192 1554 1218 1575; x_wconf 91' lang='lat' dir='ltr'>et</span> <span class='ocrx_word' id='word_1_438' title='bbox 1240 1545 1374 1575; x_wconf 88' lang='lat' dir='ltr'>desiderio</span> <span class='ocrx_word' id='word_1_439' title='bbox 1394 1545 1430 1574; x_wconf 91' lang='lat' dir='ltr'>ad</span> <span class='ocrx_word' id='word_1_440' title='bbox 1448 1546 1654 1585; x_wconf 83' lang='lat' dir='ltr'>comparandam</span> 
     </span>
     <span class='ocr_line' id='line_1_59' title="bbox 909 1589 1653 1632; baseline 0.003 -13"><span class='ocrx_word' id='word_1_441' title='bbox 909 1591 1076 1631; x_wconf 83' lang='lat' dir='ltr'>sapientiam.</span> <span class='ocrx_word' id='word_1_442' title='bbox 1092 1589 1136 1621; x_wconf 76' lang='lat' dir='ltr'>Ad</span> <span class='ocrx_word' id='word_1_443' title='bbox 1149 1591 1205 1621; x_wconf 88' lang='lat' dir='ltr'>haec</span> <span class='ocrx_word' id='word_1_444' title='bbox 1224 1592 1258 1620; x_wconf 89' lang='lat' dir='ltr'>de</span> <span class='ocrx_word' id='word_1_445' title='bbox 1277 1591 1439 1630; x_wconf 84' lang='lat' dir='ltr'>quibusdam</span> <span class='ocrx_word' id='word_1_446' title='bbox 1454 1598 1555 1621; x_wconf 81' lang='lat' dir='ltr'>naturae</span> <span class='ocrx_word' id='word_1_447' title='bbox 1569 1593 1653 1632; x_wconf 88' lang='lat' dir='ltr'>parti-</span> 
     </span>
     <span class='ocr_line' id='line_1_60' title="bbox 908 1637 1653 1677; baseline 0.001 -11"><span class='ocrx_word' id='word_1_448' title='bbox 908 1637 959 1666; x_wconf 89' lang='lat' dir='ltr'>bus</span> <span class='ocrx_word' id='word_1_449' title='bbox 972 1637 1140 1677; x_wconf 85' lang='lat' dir='ltr'>disputatur,</span> <span class='ocrx_word' id='word_1_450' title='bbox 1163 1638 1280 1676; x_wconf 87' lang='lat' dir='ltr'>itemque</span> <span class='ocrx_word' id='word_1_451' title='bbox 1294 1643 1385 1666; x_wconf 87' lang='lat' dir='ltr'>contra</span> <span class='ocrx_word' id='word_1_452' title='bbox 1398 1637 1481 1674; x_wconf 87' lang='lat' dir='ltr'>idola,</span> <span class='ocrx_word' id='word_1_453' title='bbox 1501 1644 1527 1666; x_wconf 89' lang='lat' dir='ltr'>et</span> <span class='ocrx_word' id='word_1_454' title='bbox 1543 1638 1653 1667; x_wconf 86' lang='lat' dir='ltr'>illorum</span> 
     </span>
     <span class='ocr_line' id='line_1_61' title="bbox 909 1682 1652 1723; baseline 0.003 -12"><span class='ocrx_word' id='word_1_455' title='bbox 909 1683 1067 1722; x_wconf 84' lang='lat' dir='ltr'>sculptores,</span> <span class='ocrx_word' id='word_1_456' title='bbox 1081 1689 1107 1712; x_wconf 93' lang='lat' dir='ltr'>et</span> <span class='ocrx_word' id='word_1_457' title='bbox 1117 1689 1209 1712; x_wconf 87' lang='lat' dir='ltr'>contra</span> <span class='ocrx_word' id='word_1_458' title='bbox 1223 1693 1267 1711; x_wconf 87' lang='lat' dir='ltr'>eos</span> <span class='ocrx_word' id='word_1_459' title='bbox 1278 1682 1327 1721; x_wconf 88' lang='lat' dir='ltr'>qui</span> <span class='ocrx_word' id='word_1_460' title='bbox 1339 1693 1415 1722; x_wconf 88' lang='lat' dir='ltr'>spem</span> <span class='ocrx_word' id='word_1_461' title='bbox 1429 1682 1457 1711; x_wconf 88' lang='lat' dir='ltr'>in</span> <span class='ocrx_word' id='word_1_462' title='bbox 1470 1683 1526 1712; x_wconf 83' lang='lat' dir='ltr'>illis</span> <span class='ocrx_word' id='word_1_463' title='bbox 1539 1693 1652 1723; x_wconf 87' lang='lat' dir='ltr'>ponunt,</span> 
     </span>
     <span class='ocr_line' id='line_1_62' title="bbox 909 1729 1653 1769; baseline 0.001 -10"><span class='ocrx_word' id='word_1_464' title='bbox 909 1729 1019 1769; x_wconf 87' lang='lat' dir='ltr'>ipsaque</span> <span class='ocrx_word' id='word_1_465' title='bbox 1031 1729 1133 1759; x_wconf 87' lang='lat' dir='ltr'>colunt.</span> <span class='ocrx_word' id='word_1_466' title='bbox 1148 1730 1280 1759; x_wconf 81' lang='lat' dir='ltr'>Proeterea</span> <span class='ocrx_word' id='word_1_467' title='bbox 1292 1729 1409 1768; x_wconf 87' lang='lat' dir='ltr'>hymnus</span> <span class='ocrx_word' id='word_1_468' title='bbox 1418 1740 1480 1759; x_wconf 88' lang='lat' dir='ltr'>cum</span> <span class='ocrx_word' id='word_1_469' title='bbox 1491 1731 1653 1760; x_wconf 82' lang='lat' dir='ltr'>confessione</span> 
     </span>
     <span class='ocr_line' id='line_1_63' title="bbox 909 1775 1652 1815; baseline 0.004 -10"><span class='ocrx_word' id='word_1_470' title='bbox 909 1776 1076 1805; x_wconf 83' lang='lat' dir='ltr'>mirabilium</span> <span class='ocrx_word' id='word_1_471' title='bbox 1101 1775 1297 1815; x_wconf 85' lang='lat' dir='ltr'>operationum,</span> <span class='ocrx_word' id='word_1_472' title='bbox 1320 1785 1379 1814; x_wconf 85' lang='lat' dir='ltr'>qnae</span> <span class='ocrx_word' id='word_1_473' title='bbox 1405 1775 1535 1806; x_wconf 62' lang='lat' dir='ltr'>Israelitis</span> <span class='ocrx_word' id='word_1_474' title='bbox 1563 1788 1652 1807; x_wconf 88' lang='lat' dir='ltr'>coram</span> 
     </span>
     <span class='ocr_line' id='line_1_64' title="bbox 909 1821 1653 1863; baseline 0.003 -11"><span class='ocrx_word' id='word_1_475' title='bbox 909 1823 1030 1863; x_wconf 88' lang='lat' dir='ltr'>ipsorum</span> <span class='ocrx_word' id='word_1_476' title='bbox 1050 1821 1167 1851; x_wconf 86' lang='lat' dir='ltr'>inimicis</span> <span class='ocrx_word' id='word_1_477' title='bbox 1185 1832 1201 1851; x_wconf 86' lang='lat' dir='ltr'>a</span> <span class='ocrx_word' id='word_1_478' title='bbox 1219 1823 1277 1851; x_wconf 88' lang='lat' dir='ltr'>Deo</span> <span class='ocrx_word' id='word_1_479' title='bbox 1294 1821 1368 1850; x_wconf 84' lang='lat' dir='ltr'>factae</span> <span class='ocrx_word' id='word_1_480' title='bbox 1385 1828 1457 1851; x_wconf 86' lang='lat' dir='ltr'>sunt.</span> <span class='ocrx_word' id='word_1_481' title='bbox 1479 1823 1542 1852; x_wconf 78' lang='lat' dir='ltr'>Haec</span> <span class='ocrx_word' id='word_1_482' title='bbox 1563 1824 1653 1863; x_wconf 87' lang='lat' dir='ltr'>itaque</span> 
     </span>
    </p>
   </div>
   <div class='ocr_carea' id='block_1_13' title="bbox 89 1866 1654 1909">
    <p class='ocr_par' dir='ltr' id='par_1_13' title="bbox 89 1866 1654 1909">
     <span class='ocr_line' id='line_1_65' title="bbox 89 1866 1654 1909; baseline 0.002 -12"><span class='ocrx_word' id='word_1_483' title='bbox 89 1868 137 1897; x_wconf 84' lang='grc' dir='ltr'>Ἔν</span> <span class='ocrx_word' id='word_1_484' title='bbox 152 1867 298 1908; x_wconf 82' lang='grc' dir='ltr'>προοιμίοις</span> <span class='ocrx_word' id='word_1_485' title='bbox 310 1868 357 1907; x_wconf 83' lang='grc' dir='ltr'>μὲν</span> <span class='ocrx_word' id='word_1_486' title='bbox 369 1869 507 1909; x_wconf 72' lang='grc' dir='ltr'>προτροπὴ</span> <span class='ocrx_word' id='word_1_487' title='bbox 521 1869 623 1899; x_wconf 83' lang='grc' dir='ltr'>δικαίου</span> <span class='ocrx_word' id='word_1_488' title='bbox 642 1871 678 1904; x_wconf 83' lang='grc' dir='ltr'>εἷς</span> <span class='ocrx_word' id='word_1_489' title='bbox 692 1870 856 1907; x_wconf 75' lang='grc' dir='ltr'>θεοσέὸειαν,</span> <span class='ocrx_word' id='word_1_490' title='bbox 874 1879 892 1902; x_wconf 79' lang='lat' dir='ltr'>E</span> <span class='ocrx_word' id='word_1_491' title='bbox 910 1867 1095 1908; x_wconf 85' lang='lat' dir='ltr'>complectitur</span> <span class='ocrx_word' id='word_1_492' title='bbox 1117 1866 1163 1897; x_wconf 86' lang='lat' dir='ltr'>hic</span> <span class='ocrx_word' id='word_1_493' title='bbox 1183 1867 1263 1896; x_wconf 87' lang='lat' dir='ltr'>liber.</span> <span class='ocrx_word' id='word_1_494' title='bbox 1285 1867 1482 1906; x_wconf 65' lang='lat' dir='ltr'>Recepitulatio</span> <span class='ocrx_word' id='word_1_495' title='bbox 1500 1875 1590 1899; x_wconf 82' lang='lat' dir='ltr'>autem</span> <span class='ocrx_word' id='word_1_496' title='bbox 1615 1871 1654 1900; x_wconf 89' lang='lat' dir='ltr'>sic</span> 
     </span>
    </p>
   </div>
   <div class='ocr_carea' id='block_1_14' title="bbox 89 1914 863 2230">
    <p class='ocr_par' dir='ltr' id='par_1_14' title="bbox 89 1914 863 2230">
     <span class='ocr_line' id='line_1_66' title="bbox 89 1914 857 1957; baseline 0.003 -13"><span class='ocrx_word' id='word_1_497' title='bbox 89 1915 134 1944; x_wconf 77' lang='grc' dir='ltr'>καὶ</span> <span class='ocrx_word' id='word_1_498' title='bbox 146 1914 253 1954; x_wconf 74' lang='grc' dir='ltr'>ἕλιγχος</span> <span class='ocrx_word' id='word_1_499' title='bbox 263 1914 375 1948; x_wconf 75' lang='grc' dir='ltr'>ἀσιὸοῦς</span> <span class='ocrx_word' id='word_1_500' title='bbox 386 1914 553 1955; x_wconf 76' lang='grc' dir='ltr'>βλασφήμου.</span> <span class='ocrx_word' id='word_1_501' title='bbox 565 1916 611 1952; x_wconf 85' lang='grc' dir='ltr'>Μὴ</span> <span class='ocrx_word' id='word_1_502' title='bbox 622 1916 702 1952; x_wconf 87' lang='grc' dir='ltr'>ζήλου</span> <span class='ocrx_word' id='word_1_503' title='bbox 711 1916 772 1956; x_wconf 82' lang='grc' dir='ltr'>γὰρ,</span> <span class='ocrx_word' id='word_1_504' title='bbox 784 1917 857 1957; x_wconf 83' lang='grc' dir='ltr'>φησὶ,</span> 
     </span>
     <span class='ocr_line' id='line_1_67' title="bbox 89 1959 858 1999; baseline 0.003 -10"><span class='ocrx_word' id='word_1_505' title='bbox 89 1959 150 1993; x_wconf 67' lang='grc' dir='ltr'>τοὺς</span> <span class='ocrx_word' id='word_1_506' title='bbox 169 1959 366 1999; x_wconf 77' lang='grc' dir='ltr'>ἇντιχρίστους,</span> <span class='ocrx_word' id='word_1_507' title='bbox 390 1960 484 1995; x_wconf 74' lang='grc' dir='ltr'>οἵτινές</span> <span class='ocrx_word' id='word_1_508' title='bbox 506 1963 558 1992; x_wconf 84' lang='grc' dir='ltr'>εἶσι</span> <span class='ocrx_word' id='word_1_509' title='bbox 585 1962 702 1996; x_wconf 83' lang='grc' dir='ltr'>θάνατος.</span> <span class='ocrx_word' id='word_1_510' title='bbox 726 1962 812 1992; x_wconf 84' lang='grc' dir='ltr'>Πόθεν</span> <span class='ocrx_word' id='word_1_511' title='bbox 834 1964 858 1992; x_wconf 74' lang='grc' dir='ltr'>οἱ</span> 
     </span>
     <span class='ocr_line' id='line_1_68' title="bbox 90 2005 859 2048; baseline 0.005 -14"><span class='ocrx_word' id='word_1_512' title='bbox 90 2005 195 2038; x_wconf 73' lang='grc' dir='ltr'>ἆσεὸεῑς</span> <span class='ocrx_word' id='word_1_513' title='bbox 212 2005 257 2034; x_wconf 76' lang='grc' dir='ltr'>ἐπὶ</span> <span class='ocrx_word' id='word_1_514' title='bbox 272 2007 311 2045; x_wconf 79' lang='grc' dir='ltr'>τῷ</span> <span class='ocrx_word' id='word_1_515' title='bbox 322 2007 475 2046; x_wconf 79' lang='grc' dir='ltr'>σταυρῶσαι</span> <span class='ocrx_word' id='word_1_516' title='bbox 486 2007 531 2037; x_wconf 80' lang='grc' dir='ltr'>τὸν</span> <span class='ocrx_word' id='word_1_517' title='bbox 545 2008 642 2048; x_wconf 82' lang='grc' dir='ltr'>Κύριον</span> <span class='ocrx_word' id='word_1_518' title='bbox 657 2011 703 2044; x_wconf 82' lang='grc' dir='ltr'>τῆς</span> <span class='ocrx_word' id='word_1_519' title='bbox 718 2008 795 2044; x_wconf 79' lang='grc' dir='ltr'>δόξης</span> <span class='ocrx_word' id='word_1_520' title='bbox 807 2005 859 2044; x_wconf 72' lang='grc' dir='ltr'>ἧλ-</span> 
     </span>
     <span class='ocr_line' id='line_1_69' title="bbox 90 2051 860 2094; baseline 0.005 -14"><span class='ocrx_word' id='word_1_521' title='bbox 90 2055 145 2086; x_wconf 87' lang='grc' dir='ltr'>θον,</span> <span class='ocrx_word' id='word_1_522' title='bbox 163 2051 210 2080; x_wconf 78' lang='grc' dir='ltr'>τὸν</span> <span class='ocrx_word' id='word_1_523' title='bbox 232 2053 316 2081; x_wconf 79' lang='grc' dir='ltr'>αἰῶνα</span> <span class='ocrx_word' id='word_1_524' title='bbox 332 2055 424 2082; x_wconf 80' lang='grc' dir='ltr'>τοῦτον</span> <span class='ocrx_word' id='word_1_525' title='bbox 444 2054 638 2094; x_wconf 84' lang='grc' dir='ltr'>προκρίναντες.</span> <span class='ocrx_word' id='word_1_526' title='bbox 652 2055 718 2084; x_wconf 69' lang='grc' dir='ltr'>εὈτι</span> <span class='ocrx_word' id='word_1_527' title='bbox 739 2056 783 2085; x_wconf 82' lang='grc' dir='ltr'>καὶ</span> <span class='ocrx_word' id='word_1_528' title='bbox 802 2055 860 2089; x_wconf 79' lang='grc' dir='ltr'>τοὺς</span> 
     </span>
     <span class='ocr_line' id='line_1_70' title="bbox 91 2097 861 2134; baseline 0.005 -8"><span class='ocrx_word' id='word_1_529' title='bbox 91 2097 251 2131; x_wconf 74' lang='grc' dir='ltr'>ἀποστόλους</span> <span class='ocrx_word' id='word_1_530' title='bbox 269 2098 377 2133; x_wconf 75' lang='grc' dir='ltr'>ἐδίωξαν</span> <span class='ocrx_word' id='word_1_531' title='bbox 387 2099 433 2128; x_wconf 83' lang='grc' dir='ltr'>καὶ</span> <span class='ocrx_word' id='word_1_532' title='bbox 446 2099 610 2130; x_wconf 78' lang='grc' dir='ltr'>ἀπέκτειναν.</span> <span class='ocrx_word' id='word_1_533' title='bbox 627 2100 692 2130; x_wconf 86' lang='grc' dir='ltr'>Ὅτι</span> <span class='ocrx_word' id='word_1_534' title='bbox 707 2101 775 2134; x_wconf 83' lang='grc' dir='ltr'>τινὲς</span> <span class='ocrx_word' id='word_1_535' title='bbox 791 2101 861 2130; x_wconf 85' lang='grc' dir='ltr'>ἔσον-</span> 
     </span>
     <span class='ocr_line' id='line_1_71' title="bbox 91 2143 863 2187; baseline 0.004 -14"><span class='ocrx_word' id='word_1_536' title='bbox 91 2155 136 2173; x_wconf 89' lang='grc' dir='ltr'>ται</span> <span class='ocrx_word' id='word_1_537' title='bbox 151 2146 176 2173; x_wconf 74' lang='grc' dir='ltr'>οἱ</span> <span class='ocrx_word' id='word_1_538' title='bbox 194 2143 383 2179; x_wconf 68' lang='grc' dir='ltr'>ἐξωθενοῧντες</span> <span class='ocrx_word' id='word_1_539' title='bbox 395 2145 440 2174; x_wconf 83' lang='grc' dir='ltr'>τὸν</span> <span class='ocrx_word' id='word_1_540' title='bbox 455 2146 535 2185; x_wconf 85' lang='grc' dir='ltr'>νόμον</span> <span class='ocrx_word' id='word_1_541' title='bbox 553 2149 599 2175; x_wconf 80' lang='grc' dir='ltr'>τοῦ</span> <span class='ocrx_word' id='word_1_542' title='bbox 618 2147 725 2187; x_wconf 86' lang='grc' dir='ltr'>Κυρίου,</span> <span class='ocrx_word' id='word_1_543' title='bbox 738 2147 783 2177; x_wconf 80' lang='grc' dir='ltr'>καὶ</span> <span class='ocrx_word' id='word_1_544' title='bbox 795 2147 863 2180; x_wconf 80' lang='grc' dir='ltr'>τινὲς</span> 
     </span>
     <span class='ocr_line' id='line_1_72' title="bbox 92 2189 402 2230; baseline 0 -12"><span class='ocrx_word' id='word_1_545' title='bbox 92 2190 116 2218; x_wconf 80' lang='grc' dir='ltr'>οἱ</span> <span class='ocrx_word' id='word_1_546' title='bbox 132 2189 306 2229; x_wconf 78' lang='grc' dir='ltr'>ὑποταγέντες</span> <span class='ocrx_word' id='word_1_547' title='bbox 321 2191 402 2230; x_wconf 78' lang='grc' dir='ltr'>αὐτῷ.</span> 
     </span>
    </p>
   </div>
   <div class='ocr_carea' id='block_1_15' title="bbox 93 2326 863 2414">
    <p class='ocr_par' dir='ltr' id='par_1_15' title="bbox 93 2326 863 2414">
     <span class='ocr_line' id='line_1_73' title="bbox 133 2326 863 2369; baseline 0 -12"><span class='ocrx_word' id='word_1_548' title='bbox 133 2326 197 2357; x_wconf 74' lang='lat' dir='ltr'>“On</span> <span class='ocrx_word' id='word_1_549' title='bbox 207 2327 267 2357; x_wconf 67' lang='grc' dir='ltr'>οὐδὲ</span> <span class='ocrx_word' id='word_1_550' title='bbox 285 2328 402 2364; x_wconf 82' lang='grc' dir='ltr'>πλήθους</span> <span class='ocrx_word' id='word_1_551' title='bbox 416 2329 582 2359; x_wconf 73' lang='grc' dir='ltr'>ἀσεὸούντων</span> <span class='ocrx_word' id='word_1_552' title='bbox 597 2332 634 2363; x_wconf 86' lang='grc' dir='ltr'>εἷς</span> <span class='ocrx_word' id='word_1_553' title='bbox 646 2329 761 2369; x_wconf 78' lang='grc' dir='ltr'>Χριστὸν</span> <span class='ocrx_word' id='word_1_554' title='bbox 775 2330 863 2368; x_wconf 85' lang='grc' dir='ltr'>φείσε-</span> 
     </span>
     <span class='ocr_line' id='line_1_74' title="bbox 93 2373 863 2414; baseline 0.001 -12"><span class='ocrx_word' id='word_1_555' title='bbox 93 2384 138 2402; x_wconf 88' lang='grc' dir='ltr'>ται</span> <span class='ocrx_word' id='word_1_556' title='bbox 155 2374 170 2402; x_wconf 78' lang='grc' dir='ltr'>ὁ</span> <span class='ocrx_word' id='word_1_557' title='bbox 182 2373 259 2407; x_wconf 79' lang='grc' dir='ltr'>Θεός.</span> <span class='ocrx_word' id='word_1_558' title='bbox 282 2373 358 2408; x_wconf 84' lang='grc' dir='ltr'>Ἑνὸς</span> <span class='ocrx_word' id='word_1_559' title='bbox 378 2375 430 2414; x_wconf 80' lang='grc' dir='ltr'>γὰρ</span> <span class='ocrx_word' id='word_1_560' title='bbox 444 2375 545 2404; x_wconf 89' lang='grc' dir='ltr'>δικαίου</span> <span class='ocrx_word' id='word_1_561' title='bbox 568 2375 736 2407; x_wconf 88' lang='grc' dir='ltr'>πιστεύοντος</span> <span class='ocrx_word' id='word_1_562' title='bbox 755 2375 863 2414; x_wconf 83' lang='grc' dir='ltr'>Χριστῷ</span> 
     </span>
    </p>
   </div>
   <div class='ocr_carea' id='block_1_16' title="bbox 910 1912 1658 2415">
    <p class='ocr_par' dir='ltr' id='par_1_16' title="bbox 910 1912 1658 2323">
     <span class='ocr_line' id='line_1_75' title="bbox 910 1912 1653 1955; baseline 0.004 -12"><span class='ocrx_word' id='word_1_563' title='bbox 910 1914 999 1943; x_wconf 89' lang='lat' dir='ltr'>habet.</span> <span class='ocrx_word' id='word_1_564' title='bbox 1015 1915 1045 1943; x_wconf 91' lang='lat' dir='ltr'>ln</span> <span class='ocrx_word' id='word_1_565' title='bbox 1058 1913 1196 1953; x_wconf 73' lang='lat' dir='ltr'>prooemiis</span> <span class='ocrx_word' id='word_1_566' title='bbox 1212 1912 1363 1942; x_wconf 85' lang='lat' dir='ltr'>adhortatio</span> <span class='ocrx_word' id='word_1_567' title='bbox 1377 1913 1444 1953; x_wconf 85' lang='lat' dir='ltr'>justi</span> <span class='ocrx_word' id='word_1_568' title='bbox 1463 1914 1498 1943; x_wconf 82' lang='lat' dir='ltr'>ad</span> <span class='ocrx_word' id='word_1_569' title='bbox 1516 1915 1653 1955; x_wconf 82' lang='lat' dir='ltr'>pietatem,</span> 
     </span>
     <span class='ocr_line' id='line_1_76' title="bbox 910 1958 1654 2000; baseline 0.004 -11"><span class='ocrx_word' id='word_1_570' title='bbox 910 1967 936 1989; x_wconf 79' lang='lat' dir='ltr'>et</span> <span class='ocrx_word' id='word_1_571' title='bbox 947 1958 1198 2000; x_wconf 87' lang='lat' dir='ltr'>reprehensioimpii</span> <span class='ocrx_word' id='word_1_572' title='bbox 1209 1958 1371 1998; x_wconf 86' lang='lat' dir='ltr'>blasphemi.</span> <span class='ocrx_word' id='word_1_573' title='bbox 1386 1960 1465 1995; x_wconf 82' lang='lat' dir='ltr'>Nam,</span> <span class='ocrx_word' id='word_1_574' title='bbox 1479 1960 1525 1989; x_wconf 88' lang='lat' dir='ltr'>Ne</span> <span class='ocrx_word' id='word_1_575' title='bbox 1537 1963 1654 1992; x_wconf 82' lang='lat' dir='ltr'>oemule-</span> 
     </span>
     <span class='ocr_line' id='line_1_77' title="bbox 911 2005 1652 2046; baseline 0.004 -10"><span class='ocrx_word' id='word_1_576' title='bbox 911 2008 961 2042; x_wconf 81' lang='lat' dir='ltr'>ris,</span> <span class='ocrx_word' id='word_1_577' title='bbox 981 2005 1078 2044; x_wconf 89' lang='lat' dir='ltr'>inquit,</span> <span class='ocrx_word' id='word_1_578' title='bbox 1099 2006 1296 2043; x_wconf 81' lang='lat' dir='ltr'>antichristos,</span> <span class='ocrx_word' id='word_1_579' title='bbox 1321 2007 1372 2044; x_wconf 84' lang='lat' dir='ltr'>qui</span> <span class='ocrx_word' id='word_1_580' title='bbox 1395 2012 1463 2035; x_wconf 82' lang='lat' dir='ltr'>sunt</span> <span class='ocrx_word' id='word_1_581' title='bbox 1485 2008 1548 2046; x_wconf 85' lang='lat' dir='ltr'>ipsa</span> <span class='ocrx_word' id='word_1_582' title='bbox 1568 2019 1652 2039; x_wconf 79' lang='lat' dir='ltr'>mors.</span> 
     </span>
     <span class='ocr_line' id='line_1_78' title="bbox 912 2050 1656 2091; baseline 0.007 -11"><span class='ocrx_word' id='word_1_583' title='bbox 912 2051 992 2090; x_wconf 81' lang='lat' dir='ltr'>Unde</span> <span class='ocrx_word' id='word_1_584' title='bbox 1014 2052 1115 2080; x_wconf 86' lang='lat' dir='ltr'>factum</span> <span class='ocrx_word' id='word_1_585' title='bbox 1132 2050 1179 2087; x_wconf 86' lang='lat' dir='ltr'>sit,</span> <span class='ocrx_word' id='word_1_586' title='bbox 1202 2050 1277 2090; x_wconf 86' lang='lat' dir='ltr'>quod</span> <span class='ocrx_word' id='word_1_587' title='bbox 1293 2051 1372 2091; x_wconf 88' lang='lat' dir='ltr'>impii</span> <span class='ocrx_word' id='word_1_588' title='bbox 1389 2062 1421 2081; x_wconf 86' lang='lat' dir='ltr'>eo</span> <span class='ocrx_word' id='word_1_589' title='bbox 1442 2051 1606 2091; x_wconf 81' lang='lat' dir='ltr'>devenerint,</span> <span class='ocrx_word' id='word_1_590' title='bbox 1627 2063 1656 2085; x_wconf 88' lang='lat' dir='ltr'>ut</span> 
     </span>
     <span class='ocr_line' id='line_1_79' title="bbox 913 2097 1656 2138; baseline 0.003 -9"><span class='ocrx_word' id='word_1_591' title='bbox 913 2098 1059 2129; x_wconf 89' lang='lat' dir='ltr'>Dominum</span> <span class='ocrx_word' id='word_1_592' title='bbox 1070 2097 1161 2137; x_wconf 82' lang='lat' dir='ltr'>gloriae</span> <span class='ocrx_word' id='word_1_593' title='bbox 1173 2097 1369 2137; x_wconf 78' lang='lat' dir='ltr'>crucifigerent,</span> <span class='ocrx_word' id='word_1_594' title='bbox 1381 2098 1568 2138; x_wconf 87' lang='lat' dir='ltr'>dumpraesens</span> <span class='ocrx_word' id='word_1_595' title='bbox 1578 2112 1656 2132; x_wconf 85' lang='lat' dir='ltr'>saecu-</span> 
     </span>
     <span class='ocr_line' id='line_1_80' title="bbox 914 2143 1657 2185; baseline 0.004 -12"><span class='ocrx_word' id='word_1_596' title='bbox 914 2145 972 2173; x_wconf 88' lang='lat' dir='ltr'>lum</span> <span class='ocrx_word' id='word_1_597' title='bbox 993 2143 1035 2172; x_wconf 90' lang='lat' dir='ltr'>illi</span> <span class='ocrx_word' id='word_1_598' title='bbox 1053 2143 1221 2173; x_wconf 81' lang='lat' dir='ltr'>anteferrent.</span> <span class='ocrx_word' id='word_1_599' title='bbox 1243 2143 1325 2181; x_wconf 86' lang='lat' dir='ltr'>Quod</span> <span class='ocrx_word' id='word_1_600' title='bbox 1344 2144 1423 2173; x_wconf 76' lang='lat' dir='ltr'>etlam</span> <span class='ocrx_word' id='word_1_601' title='bbox 1449 2144 1499 2184; x_wconf 88' lang='lat' dir='ltr'>ipsi</span> <span class='ocrx_word' id='word_1_602' title='bbox 1524 2148 1657 2185; x_wconf 84' lang='lat' dir='ltr'>apostolos</span> 
     </span>
     <span class='ocr_line' id='line_1_81' title="bbox 917 2189 1658 2230; baseline 0.007 -12"><span class='ocrx_word' id='word_1_603' title='bbox 917 2189 1071 2230; x_wconf 86' lang='lat' dir='ltr'>persequuti</span> <span class='ocrx_word' id='word_1_604' title='bbox 1090 2189 1144 2219; x_wconf 85' lang='lat' dir='ltr'>sint</span> <span class='ocrx_word' id='word_1_605' title='bbox 1167 2197 1193 2219; x_wconf 88' lang='lat' dir='ltr'>et</span> <span class='ocrx_word' id='word_1_606' title='bbox 1217 2190 1372 2220; x_wconf 85' lang='lat' dir='ltr'>occiderint.</span> <span class='ocrx_word' id='word_1_607' title='bbox 1398 2190 1479 2227; x_wconf 89' lang='lat' dir='ltr'>Quod</span> <span class='ocrx_word' id='word_1_608' title='bbox 1503 2192 1586 2222; x_wconf 87' lang='lat' dir='ltr'>futuri</span> <span class='ocrx_word' id='word_1_609' title='bbox 1605 2194 1658 2223; x_wconf 88' lang='lat' dir='ltr'>sint</span> 
     </span>
     <span class='ocr_line' id='line_1_82' title="bbox 917 2236 1656 2277; baseline 0.005 -12"><span class='ocrx_word' id='word_1_610' title='bbox 917 2236 1027 2275; x_wconf 78' lang='lat' dir='ltr'>quidam</span> <span class='ocrx_word' id='word_1_611' title='bbox 1050 2236 1098 2275; x_wconf 89' lang='lat' dir='ltr'>qui</span> <span class='ocrx_word' id='word_1_612' title='bbox 1114 2236 1199 2275; x_wconf 88' lang='lat' dir='ltr'>legem</span> <span class='ocrx_word' id='word_1_613' title='bbox 1218 2237 1327 2266; x_wconf 90' lang='lat' dir='ltr'>Domini</span> <span class='ocrx_word' id='word_1_614' title='bbox 1347 2244 1524 2275; x_wconf 76' lang='lat' dir='ltr'>contemnant,</span> <span class='ocrx_word' id='word_1_615' title='bbox 1547 2240 1656 2277; x_wconf 86' lang='lat' dir='ltr'>quidam</span> 
     </span>
     <span class='ocr_line' id='line_1_83' title="bbox 917 2281 1388 2323; baseline 0.002 -12"><span class='ocrx_word' id='word_1_616' title='bbox 917 2292 980 2312; x_wconf 86' lang='lat' dir='ltr'>vcro</span> <span class='ocrx_word' id='word_1_617' title='bbox 990 2282 1038 2311; x_wconf 86' lang='lat' dir='ltr'>alii</span> <span class='ocrx_word' id='word_1_618' title='bbox 1051 2281 1105 2311; x_wconf 86' lang='lat' dir='ltr'>sint</span> <span class='ocrx_word' id='word_1_619' title='bbox 1116 2282 1159 2311; x_wconf 89' lang='lat' dir='ltr'>illi</span> <span class='ocrx_word' id='word_1_620' title='bbox 1170 2283 1388 2323; x_wconf 89' lang='lat' dir='ltr'>obtemperaturi.</span> 
     </span>
    </p>

    <p class='ocr_par' dir='ltr' id='par_1_17' title="bbox 918 2327 1658 2415">
     <span class='ocr_line' id='line_1_84' title="bbox 921 2327 1657 2367; baseline 0.003 -10"><span class='ocrx_word' id='word_1_621' title='bbox 921 2359 924 2363; x_wconf 18' lang='lat' dir='ltr'>A</span> <span class='ocrx_word' id='word_1_622' title='bbox 957 2327 1039 2364; x_wconf 86' lang='lat' dir='ltr'>Quod</span> <span class='ocrx_word' id='word_1_623' title='bbox 1045 2328 1293 2358; x_wconf 84' lang='lat' dir='ltr'>Deusmultitudini</span> <span class='ocrx_word' id='word_1_624' title='bbox 1302 2339 1405 2363; x_wconf 78' lang='lat' dir='ltr'>eorum,</span> <span class='ocrx_word' id='word_1_625' title='bbox 1419 2329 1465 2367; x_wconf 84' lang='lat' dir='ltr'>qui</span> <span class='ocrx_word' id='word_1_626' title='bbox 1477 2330 1503 2358; x_wconf 86' lang='lat' dir='ltr'>in</span> <span class='ocrx_word' id='word_1_627' title='bbox 1517 2330 1657 2359; x_wconf 87' lang='lat' dir='ltr'>Christum</span> 
     </span>
     <span class='ocr_line' id='line_1_85' title="bbox 918 2375 1658 2415; baseline 0.001 -11"><span class='ocrx_word' id='word_1_628' title='bbox 918 2375 999 2415; x_wconf 89' lang='lat' dir='ltr'>impie</span> <span class='ocrx_word' id='word_1_629' title='bbox 1012 2381 1106 2414; x_wconf 81' lang='lat' dir='ltr'>agunt,</span> <span class='ocrx_word' id='word_1_630' title='bbox 1120 2385 1173 2404; x_wconf 93' lang='lat' dir='ltr'>non</span> <span class='ocrx_word' id='word_1_631' title='bbox 1187 2375 1222 2404; x_wconf 88' lang='lat' dir='ltr'>sit</span> <span class='ocrx_word' id='word_1_632' title='bbox 1233 2375 1397 2414; x_wconf 87' lang='lat' dir='ltr'>parciturus.</span> <span class='ocrx_word' id='word_1_633' title='bbox 1411 2375 1500 2404; x_wconf 90' lang='lat' dir='ltr'>Unius</span> <span class='ocrx_word' id='word_1_634' title='bbox 1511 2376 1581 2404; x_wconf 86' lang='lat' dir='ltr'>enim</span> <span class='ocrx_word' id='word_1_635' title='bbox 1590 2377 1658 2415; x_wconf 88' lang='lat' dir='ltr'>justi</span> 
     </span>
    </p>
   </div>
   <div class='ocr_carea' id='block_1_17' title="bbox 95 2418 1657 2462">
    <p class='ocr_par' dir='ltr' id='par_1_18' title="bbox 95 2418 1657 2462">
     <span class='ocr_line' id='line_1_86' title="bbox 95 2418 1657 2462; baseline 0.001 -14"><span class='ocrx_word' id='word_1_636' title='bbox 95 2418 170 2456; x_wconf 73' lang='grc' dir='ltr'>μέλει</span> <span class='ocrx_word' id='word_1_637' title='bbox 189 2421 228 2459; x_wconf 79' lang='grc' dir='ltr'>τῷ</span> <span class='ocrx_word' id='word_1_638' title='bbox 245 2420 318 2459; x_wconf 75' lang='grc' dir='ltr'>Θεῷ,</span> <span class='ocrx_word' id='word_1_639' title='bbox 332 2419 382 2449; x_wconf 76' lang='grc' dir='ltr'>κᾶν</span> <span class='ocrx_word' id='word_1_640' title='bbox 395 2420 451 2454; x_wconf 82' lang='grc' dir='ltr'>νέος</span> <span class='ocrx_word' id='word_1_641' title='bbox 465 2421 592 2459; x_wconf 81' lang='grc' dir='ltr'>ἀποθάνῃ.</span> <span class='ocrx_word' id='word_1_642' title='bbox 609 2422 695 2459; x_wconf 76' lang='grc' dir='ltr'>Γῆρας</span> <span class='ocrx_word' id='word_1_643' title='bbox 711 2420 762 2459; x_wconf 87' lang='grc' dir='ltr'>γὰρ</span> <span class='ocrx_word' id='word_1_644' title='bbox 777 2420 863 2459; x_wconf 85' lang='grc' dir='ltr'>τίμιον</span> <span class='ocrx_word' id='word_1_645' title='bbox 872 2441 909 2462; x_wconf 64' lang='lat'>³72</span> <span class='ocrx_word' id='word_1_646' title='bbox 919 2421 1026 2451; x_wconf 88' lang='lat' dir='ltr'>Christo</span> <span class='ocrx_word' id='word_1_647' title='bbox 1037 2420 1167 2450; x_wconf 81' lang='lat' dir='ltr'>credentis</span> <span class='ocrx_word' id='word_1_648' title='bbox 1178 2431 1243 2450; x_wconf 87' lang='lat' dir='ltr'>cura</span> <span class='ocrx_word' id='word_1_649' title='bbox 1257 2427 1296 2449; x_wconf 83' lang='lat' dir='ltr'>est</span> <span class='ocrx_word' id='word_1_650' title='bbox 1313 2420 1382 2454; x_wconf 74' lang='lat' dir='ltr'>Deo,</span> <span class='ocrx_word' id='word_1_651' title='bbox 1402 2420 1505 2449; x_wconf 82' lang='lat' dir='ltr'>etiamsi</span> <span class='ocrx_word' id='word_1_652' title='bbox 1523 2420 1550 2449; x_wconf 91' lang='lat' dir='ltr'>in</span> <span class='ocrx_word' id='word_1_653' title='bbox 1568 2420 1657 2450; x_wconf 87' lang='lat' dir='ltr'>adole-</span> 
     </span>
    </p>
   </div>
   <div class='ocr_carea' id='block_1_18' title="bbox 97 2465 1694 2512">
    <p class='ocr_par' dir='ltr' id='par_1_19' title="bbox 97 2465 1694 2512">
     <span class='ocr_line' id='line_1_87' title="bbox 97 2465 1694 2512; baseline 0.003 -19"><span class='ocrx_word' id='word_1_654' title='bbox 97 2466 127 2493; x_wconf 78' lang='grc' dir='ltr'>οὐ</span> <span class='ocrx_word' id='word_1_655' title='bbox 149 2465 181 2494; x_wconf 84' lang='grc' dir='ltr'>τὸ</span> <span class='ocrx_word' id='word_1_656' title='bbox 200 2465 382 2505; x_wconf 81' lang='grc' dir='ltr'>πολυχρόνιον.</span> <span class='ocrx_word' id='word_1_657' title='bbox 403 2467 437 2495; x_wconf 84' lang='grc' dir='ltr'>Εἴ</span> <span class='ocrx_word' id='word_1_658' title='bbox 451 2466 496 2494; x_wconf 80' lang='grc' dir='ltr'>καὶ</span> <span class='ocrx_word' id='word_1_659' title='bbox 510 2466 608 2502; x_wconf 72' lang='grc' dir='ltr'>ἀσεὸὴς</span> <span class='ocrx_word' id='word_1_660' title='bbox 619 2465 742 2500; x_wconf 84' lang='grc' dir='ltr'>τελευτὴν</span> <span class='ocrx_word' id='word_1_661' title='bbox 756 2468 801 2494; x_wconf 84' lang='grc' dir='ltr'>τοῦ</span> <span class='ocrx_word' id='word_1_662' title='bbox 815 2477 864 2495; x_wconf 79' lang='grc' dir='ltr'>πι-</span> <span class='ocrx_word' id='word_1_663' title='bbox 881 2470 900 2492; x_wconf 83' lang='grc' dir='ltr'><strong>Α</strong></span> <span class='ocrx_word' id='word_1_664' title='bbox 918 2467 1017 2496; x_wconf 83' lang='lat' dir='ltr'>scentia</span> <span class='ocrx_word' id='word_1_665' title='bbox 1031 2466 1169 2495; x_wconf 73' lang='lat' dir='ltr'>moriatur.</span> <span class='ocrx_word' id='word_1_666' title='bbox 1183 2466 1318 2495; x_wconf 80' lang='lat' dir='ltr'>Senectus</span> <span class='ocrx_word' id='word_1_667' title='bbox 1330 2467 1407 2494; x_wconf 83' lang='lat' dir='ltr'>enim</span> <span class='ocrx_word' id='word_1_668' title='bbox 1426 2466 1604 2495; x_wconf 78' lang='lat' dir='ltr'>venerabilis</span> <span class='ocrx_word' id='word_1_669' title='bbox 1618 2474 1660 2497; x_wconf 84' lang='lat' dir='ltr'>est</span> <span class='ocrx_word' id='word_1_670' title='bbox 1675 2490 1694 2512; x_wconf 84' lang='lat' dir='ltr'><em>C</em></span> 
     </span>
    </p>
   </div>
   <div class='ocr_carea' id='block_1_19' title="bbox 96 2510 865 2596">
    <p class='ocr_par' dir='ltr' id='par_1_20' title="bbox 96 2510 865 2596">
     <span class='ocr_line' id='line_1_88' title="bbox 96 2510 865 2551; baseline 0.003 -12"><span class='ocrx_word' id='word_1_671' title='bbox 96 2510 231 2544; x_wconf 76' lang='grc' dir='ltr'>στιύοντος</span> <span class='ocrx_word' id='word_1_672' title='bbox 253 2512 363 2551; x_wconf 80' lang='grc' dir='ltr'>Χριστῷ</span> <span class='ocrx_word' id='word_1_673' title='bbox 374 2511 553 2546; x_wconf 85' lang='grc' dir='ltr'>ἐξουθένωσεν,</span> <span class='ocrx_word' id='word_1_674' title='bbox 571 2513 629 2540; x_wconf 83' lang='grc' dir='ltr'>ἀλλ’</span> <span class='ocrx_word' id='word_1_675' title='bbox 642 2511 793 2550; x_wconf 81' lang='grc' dir='ltr'>ἐκλέγονται</span> <span class='ocrx_word' id='word_1_676' title='bbox 812 2512 865 2541; x_wconf 83' lang='grc' dir='ltr'>ἀπὸ</span> 
     </span>
     <span class='ocr_line' id='line_1_89' title="bbox 97 2556 864 2596; baseline 0.003 -11"><span class='ocrx_word' id='word_1_677' title='bbox 97 2557 222 2595; x_wconf 79' lang='grc' dir='ltr'>Χριστοῦ.</span> <span class='ocrx_word' id='word_1_678' title='bbox 233 2558 269 2586; x_wconf 79' lang='grc' dir='ltr'>Οἱ</span> <span class='ocrx_word' id='word_1_679' title='bbox 281 2557 384 2590; x_wconf 59' lang='lat' dir='ltr'>duest&lt;</span> <span class='ocrx_word' id='word_1_680' title='bbox 392 2557 479 2596; x_wconf 79' lang='grc' dir='ltr'>ἀτίμῳ</span> <span class='ocrx_word' id='word_1_681' title='bbox 491 2556 616 2594; x_wconf 82' lang='grc' dir='ltr'>πτώματι</span> <span class='ocrx_word' id='word_1_682' title='bbox 627 2557 864 2596; x_wconf 83' lang='grc' dir='ltr'>παραδοθήσονται,</span> 
     </span>
    </p>
   </div>
   <div class='ocr_carea' id='block_1_20' title="bbox 99 2601 864 2671">
    <p class='ocr_par' dir='ltr' id='par_1_21' title="bbox 99 2601 864 2671">
     <span class='ocr_line' id='line_1_90' title="bbox 99 2601 864 2641; baseline 0.003 -11"><span class='ocrx_word' id='word_1_683' title='bbox 99 2601 145 2630; x_wconf 71' lang='grc' dir='ltr'>καὶ</span> <span class='ocrx_word' id='word_1_684' title='bbox 165 2602 266 2641; x_wconf 85' lang='grc' dir='ltr'>μεγάλῃ</span> <span class='ocrx_word' id='word_1_685' title='bbox 283 2601 367 2641; x_wconf 86' lang='grc' dir='ltr'>κρίσει</span> <span class='ocrx_word' id='word_1_686' title='bbox 385 2601 632 2636; x_wconf 70' lang='grc' dir='ltr'>καταὸληθῆσονται</span> <span class='ocrx_word' id='word_1_687' title='bbox 646 2603 670 2631; x_wconf 77' lang='grc' dir='ltr'>οἱ</span> <span class='ocrx_word' id='word_1_688' title='bbox 689 2602 797 2632; x_wconf 81' lang='grc' dir='ltr'>διῶκται</span> <span class='ocrx_word' id='word_1_689' title='bbox 813 2605 864 2632; x_wconf 83' lang='grc' dir='ltr'>τῶν</span> 
     </span>
     <span class='ocr_line' id='line_1_91' title="bbox 264 2651 401 2671; baseline 0.007 -2"><span class='ocrx_word' id='word_1_690' title='bbox 264 2651 335 2669; x_wconf 79' lang='lat' dir='ltr'>Tum.</span> <span class='ocrx_word' id='word_1_691' title='bbox 363 2652 401 2671; x_wconf 78' lang='lat' dir='ltr'>vi.</span> 
     </span>
    </p>
   </div>
   <div class='ocr_carea' id='block_1_21' title="bbox 920 2511 1664 2679">
    <p class='ocr_par' dir='ltr' id='par_1_22' title="bbox 921 2511 1660 2552">
     <span class='ocr_line' id='line_1_92' title="bbox 921 2511 1660 2552; baseline 0 -11"><span class='ocrx_word' id='word_1_692' title='bbox 921 2522 980 2541; x_wconf 85' lang='lat' dir='ltr'>non</span> <span class='ocrx_word' id='word_1_693' title='bbox 1016 2513 1165 2541; x_wconf 81' lang='lat' dir='ltr'>diuturna.</span> <span class='ocrx_word' id='word_1_694' title='bbox 1194 2511 1252 2540; x_wconf 81' lang='lat' dir='ltr'>Etsi</span> <span class='ocrx_word' id='word_1_695' title='bbox 1278 2511 1376 2550; x_wconf 91' lang='lat' dir='ltr'>impius</span> <span class='ocrx_word' id='word_1_696' title='bbox 1400 2517 1512 2539; x_wconf 80' lang='lat' dir='ltr'>mortem</span> <span class='ocrx_word' id='word_1_697' title='bbox 1531 2512 1590 2550; x_wconf 87' lang='lat' dir='ltr'>ejus</span> <span class='ocrx_word' id='word_1_698' title='bbox 1614 2515 1660 2552; x_wconf 80' lang='lat' dir='ltr'>qui</span> 
     </span>
    </p>

    <p class='ocr_par' dir='ltr' id='par_1_23' title="bbox 920 2555 1663 2595">
     <span class='ocr_line' id='line_1_93' title="bbox 920 2555 1663 2595; baseline -0.007 -8"><span class='ocrx_word' id='word_1_699' title='bbox 920 2558 1027 2587; x_wconf 82' lang='lat' dir='ltr'>Christo</span> <span class='ocrx_word' id='word_1_700' title='bbox 1038 2557 1123 2587; x_wconf 85' lang='lat' dir='ltr'>credit</span> <span class='ocrx_word' id='word_1_701' title='bbox 1137 2556 1291 2589; x_wconf 79' lang='lat' dir='ltr'>contemnit,</span> <span class='ocrx_word' id='word_1_702' title='bbox 1307 2562 1334 2584; x_wconf 81' lang='lat' dir='ltr'>at</span> <span class='ocrx_word' id='word_1_703' title='bbox 1345 2555 1386 2584; x_wconf 91' lang='lat' dir='ltr'>illi</span> <span class='ocrx_word' id='word_1_704' title='bbox 1397 2555 1535 2595; x_wconf 80' lang='lat' dir='ltr'>eliguntur</span> <span class='ocrx_word' id='word_1_705' title='bbox 1544 2557 1571 2585; x_wconf 91' lang='lat' dir='ltr'>in</span> <span class='ocrx_word' id='word_1_706' title='bbox 1585 2559 1663 2588; x_wconf 87' lang='lat' dir='ltr'>Chri-</span> 
     </span>
    </p>

    <p class='ocr_par' dir='ltr' id='par_1_24' title="bbox 922 2600 1664 2679">
     <span class='ocr_line' id='line_1_94' title="bbox 922 2600 1664 2643; baseline -0.001 -11"><span class='ocrx_word' id='word_1_707' title='bbox 922 2610 972 2632; x_wconf 83' lang='lat' dir='ltr'>sto.</span> <span class='ocrx_word' id='word_1_708' title='bbox 988 2603 1068 2642; x_wconf 90' lang='lat' dir='ltr'>Impii</span> <span class='ocrx_word' id='word_1_709' title='bbox 1080 2602 1263 2641; x_wconf 61' lang='lat' dir='ltr'>ignominiosa.-</span> <span class='ocrx_word' id='word_1_710' title='bbox 1274 2601 1357 2629; x_wconf 83' lang='lat' dir='ltr'>ruinae</span> <span class='ocrx_word' id='word_1_711' title='bbox 1370 2600 1516 2637; x_wconf 81' lang='lat' dir='ltr'>tradentur,</span> <span class='ocrx_word' id='word_1_712' title='bbox 1529 2608 1556 2631; x_wconf 82' lang='lat' dir='ltr'>et</span> <span class='ocrx_word' id='word_1_713' title='bbox 1570 2613 1664 2643; x_wconf 81' lang='lat' dir='ltr'>magno</span> 
     </span>
     <span class='ocr_line' id='line_1_95' title="bbox 1492 2651 1529 2679; baseline 0 0"><span class='ocrx_word' id='word_1_714' title='bbox 1492 2651 1529 2679; x_wconf 76' lang='lat'>²9</span> 
     </span>
    </p>
   </div>
   <div class='ocr_carea' id='block_1_22' title="bbox 1694 2499 1707 2513">
    <p class='ocr_par' dir='ltr' id='par_1_25' title="bbox 1694 2499 1707 2513">
     <span class='ocr_line' id='line_1_96' title="bbox 1694 2499 1707 2513; baseline 0 0"><span class='ocrx_word' id='word_1_715' title='bbox 1694 2499 1707 2513; x_wconf 78' lang='grc' dir='ltr'><em>Π</em></span> 
     </span>
    </p>
   </div>
   <div class='ocr_carea' id='block_1_23' title="bbox 1709 2491 1767 2520">
    <p class='ocr_par' dir='ltr' id='par_1_26' title="bbox 1709 2491 1767 2520">
     <span class='ocr_line' id='line_1_97' title="bbox 1709 2491 1767 2520; baseline 0 -9"><span class='ocrx_word' id='word_1_716' title='bbox 1709 2491 1767 2520; x_wconf 56' lang='grc' dir='ltr'>μή.</span> 
     </span>
    </p>
   </div>
   <div class='ocr_carea' id='block_1_24' title="bbox 1789 2487 1813 2509">
    <p class='ocr_par' dir='ltr' id='par_1_27' title="bbox 1789 2487 1813 2509">
     <span class='ocr_line' id='line_1_98' title="bbox 1789 2487 1813 2509; baseline -0.042 0"><span class='ocrx_word' id='word_1_717' title='bbox 1789 2487 1813 2509; x_wconf 83' lang='grc'>8.</span> 
     </span>
    </p>
   </div>
  </div>
 </body>
</html>
