1904 2840
285 169 357 218 916

891 177 973 201 OPUS
1000 176 1237 202 lMt’enFRcTtJM

135 245 256 269 comma.
282 244 368 274 stolus
384 254 392 271 z
407 241 581 280 Eat-spoliate
593 248 649 271 vos
659 244 788 270 veterem
800 240 947 270 hominem
961 249 1027 269 cum
1043 241 1064 265 Δ
1078 246 1142 269 sunt
1162 250 1244 280 opera
1260 240 1311 270 ista
1331 249 1392 285 quae
1405 238 1482 280 agis?
1499 238 1572 277 Quia
1590 248 1644 268 non
1663 245 1726 269 sunt
1743 249 1761 269 o
1795 249 1825 269 ra

130 285 155 308 9.
170 285 205 301 to.

283 285 396 313 actibus
407 283 477 317 suis,
488 282 541 320 qui
552 281 745 319 corrumpitur·
754 280 914 309 secundum
925 290 1028 309 concu-

279 323 451 362 piscentiam
471 322 586 357 erroris,
603 321 761 350 vestientes
774 330 830 349 vos
844 330 952 349 novum
973 320 1026 348 ho-

281 365 400 397 minem,
422 362 476 401 qui
496 361 656 389 secundum
678 360 774 389 Deum
798 366 912 389 creatus
933 366 976 388 est
996 361 1028 387 in

275 403 405 441 justitia,
419 407 448 429 et
466 401 623 430 sanctitate
642 401 789 439 veritatis.
799 399 881 437 Quod
900 399 978 434 dicit,
989 400 1029 427 In

277 443 405 481 justitia,
419 440 454 469 ad
464 439 694 470 conversationem
703 439 817 479 pertinet
830 451 836 468 ε
852 438 926 478 quod
938 444 1028 467 autem

280 480 358 516 dicit,
373 482 410 510 In
423 481 580 509 sanctitate
592 480 737 514 veritatis,
751 478 786 508 ad
801 479 863 508 fidei
876 478 1025 508 veritatem.

281 522 448 551 Vestimenta
465 529 528 559 ergo
547 519 646 549 veteris
659 518 777 548 hominis
790 525 852 548 sunt
871 528 989 558 pannosa
1001 523 1028 546 et

285 559 395 589 sordida
410 570 491 599 opera
510 559 609 595 earnis,
621 558 811 598 corruptibilia
824 565 850 587 et
861 556 1002 587 immunda
1018 569 1025 586 =

281 600 439 629 vestimenta
451 606 541 628 autem
558 598 622 628 novi
641 598 758 628 hominis
771 605 834 628 sunt
847 597 927 628 fortia
940 603 967 626 et
979 596 1027 626 dc-

280 649 345 669 cora
369 649 386 669 o
421 649 451 668 ra
476 638 602 679 spiritus,
630 637 848 678 incorruptibilia
871 644 898 667 et
923 643 1023 666 sancta.

281 680 384 716 Quema
434 677 519 708 odum
534 678 607 707 enim
619 677 642 706 si
653 677 752 717 aliquis
764 688 826 707 cum
845 676 930 717 nigris
942 676 1026 706 vesti-

281 718 378 748 mentis
392 717 543 748 inveniatur
552 718 579 746 in
590 717 704 757 nuptiis,
719 716 840 747 sordidat
850 717 965 756 gloriam
976 726 1027 745 nu-

281 758 400 803 ptiarum
424 769 431 787 :
450 757 487 787 ita
507 764 535 787 et
556 757 704 802 quippei-a
725 757 807 786 habet
829 757 978 792 tenebrosa,
1001 762 1026 785 et

139 814 153 840 †
161 814 269 836 commet.
282 804 351 828 inter
364 797 531 828 Christianos
543 807 621 835 quasi
633 807 703 826 unus
714 807 748 826 ex
757 797 795 826 eis
809 796 831 835 †
841 802 1025 831 conversatur,
1094 834 1100 840 ·

132 854 257 869 conserva-
282 837 334 877 ipsi
355 837 549 868 christianitati
576 836 640 865 facit
662 836 801 876 injuriam.
822 837 909 866 Homo
936 836 1026 874 itaque
1042 842 1060 865 Β
1076 844 1151 873 eJuS,
1166 835 1266 873 quibus
1291 835 1382 864 anima
1407 835 1475 865 solet
1501 835 1624 864 incedere
1640 841 1671 870 ,et
1693 835 1820 872 transire,

133 882 180 899 mr.

281 884 329 907 aut
344 877 492 907 secundum
514 876 604 905 locum
627 876 710 915 eligat
732 883 845 912 vestem,
864 882 911 905 aut
930 885 1024 904 secun-

282 916 349 946 dum
362 924 463 947 vestem
477 916 559 955 eligat
573 916 663 945 locum
677 928 684 944 :
701 915 730 944 id
744 922 793 952 cst,
813 922 861 945 aut
876 914 1026 945 secundum

282 967 362 1002 opera
375 957 457 996 eligat
469 955 661 996 professionem
670 978 678 992 ,
690 962 736 984 aut
753 955 902 985 secundum
923 955 1026 994 profes-

282 1007 386 1026 sionem
408 996 488 1026 faciat
501 1005 592 1035 opera.
610 995 666 1032 Qui
679 994 741 1024 vult
753 1006 810 1025 esse
822 995 935 1031 Christi,
949 994 1027 1023 faciat

284 1047 365 1077 opera
382 1036 483 1066 Christi
498 1048 504 1064 :
526 1035 573 1074 qui
590 1042 679 1064 autem
698 1035 819 1064 nonvult
830 1045 910 1075 opera
925 1034 1028 1064 Christi

284 1076 378 1112 faeere,
387 1086 439 1105 non
451 1075 541 1105 veniat
550 1074 585 1104 ad
596 1075 755 1104 Christum:
767 1074 888 1114 alioquin
897 1073 988 1103 audiet
999 1073 1028 1103 in

283 1115 328 1145 die
349 1115 467 1155 judicii:
485 1115 661 1150 12.Amice,
677 1114 823 1154 quomodo
841 1115 898 1144 huc
911 1115 1029 1143 intrasti

284 1166 343 1184 non
351 1156 462 1185 habens
469 1161 581 1184 vestem
591 1155 765 1194 nuptialem?
773 1161 798 1183 et
804 1153 1029 1184 obm11tescet.Hic

284 1194 356 1224 enim
376 1194 563 1224 abscondimus
573 1204 588 1223 o
609 1205 654 1224 era
668 1201 768 1230 nostra,
782 1202 807 1224 et
820 1194 936 1224 invicem
947 1192 1029 1223 corda

284 1241 374 1264 nostra
387 1235 505 1264 celamus
520 1245 527 1262 e
542 1234 571 1262 in
585 1234 591 1262 i
606 1234 631 1262 la
649 1240 739 1263 autem
753 1234 797 1263 die
815 1234 885 1263 nihil
904 1240 944 1263 est
956 1232 1030 1272 quod

283 1273 502 1313 respondeamus,
520 1273 567 1302 ubi
587 1274 693 1307 caelum,
706 1280 732 1302 et
751 1280 832 1309 terra,
847 1280 873 1303 et
890 1283 977 1312 aquae,
989 1273 1030 1302 sol

285 1319 311 1342 et
321 1313 397 1349 luna,
410 1313 468 1342 dics
478 1319 504 1341 et
521 1319 621 1349 noctes,
636 1319 663 1341 et
672 1319 744 1342 totus
757 1313 875 1342 mundus
887 1313 967 1342 stabit
977 1312 1030 1341 ad·-

284 1363 394 1382 versum
404 1363 451 1382 nos
460 1352 488 1381 in
499 1352 682 1381 testimonium
693 1359 861 1391 peccatorum
868 1359 1032 1381 nostrorum.

286 1392 345 1422 Etsi
358 1392 448 1421 omnia
468 1398 582 1428 taceant,
595 1398 682 1420 tamen
702 1392 768 1430 ipsae
793 1391 966 1431 cogitationes
978 1401 1030 1420 no-

1078 279 1238 309 Christiani.
1252 281 1291 309 Ut
1304 279 1372 318 quid
1390 279 1476 310 factus
1491 289 1518 308 es
1531 278 1712 314 Christianus,
1726 278 1749 308 si
1788 289 1826 308 aec

1079 329 1159 358 opera
1180 319 1332 358 diligebas?
1346 320 1387 349 lta
1405 326 1501 349 utnon
1517 319 1616 348 habeat
1633 318 1702 357 quid
1714 329 1825 359 respon-

1078 357 1140 387 deat
1151 365 1242 388 contra
1255 358 1444 388 conscientiam
1462 369 1549 388 suam.
1565 359 1602 388 Et
1614 358 1687 387 hunc
1704 368 1769 398 ergo
1782 365 1824 388 ta-

1078 396 1133 426 lem
1146 408 1209 427 cum
1222 397 1320 427 viderit
1329 398 1357 427 in
1368 397 1489 428 Ecclesia
1502 397 1637 434 Christus,
1647 397 1727 437 jubet
1737 398 1824 428 mini—

1078 443 1149 466 stros
1170 447 1244 474 suos,
1260 437 1289 466 id
1302 444 1352 474 est,
1365 438 1472 476 aliquos
1490 437 1603 477 spiritus
1622 436 1824 475 seductionum.

1079 477 1148 506 Nam
1159 477 1229 506 mala
1244 488 1290 517 per
1310 477 1396 507 malos
1407 477 1519 517 spiritus
1531 477 1625 506 reddet
1641 489 1648 505 ε
1662 476 1751 514 qualis
1772 477 1825 508 suit
1850 506 1852 510 ,

1079 516 1190 555 spiritus
1214 516 1419 561 errorisuquem
1440 517 1514 546 misit
1534 518 1618 553 Deus,
1634 523 1665 545 ut
1687 515 1826 548 seduceret

1079 555 1184 591 Achab,
1198 556 1267 586 sicut
1284 563 1415 597 scriptum
1430 563 1471 586 est
1483 557 1512 586 in
1526 556 1605 586 tertio
1623 555 1699 602 libro·
1713 557 1822 597 Regno·
1831 571 1856 596 3,
1865 571 1904 602 Μ

1077 606 1150 625 rum.
1165 596 1219 626 Vel
1240 596 1330 635 qualis
1348 603 1389 626 est
1408 595 1455 626 illa
1477 598 1596 637 operatio
1616 605 1725 633 erroris,
1741 607 1823 635 quam

1077 634 1152 664 dabit
1165 635 1203 665 eis
1215 637 1300 672 Deus,
1329 637 1357 666 ui
1371 636 1508 666 caritatem
1521 636 1573 666 Dei
1583 646 1638 665 non
1650 643 1821 675 acceperunt,

1077 681 1106 704 ut
1125 675 1235 705 credant
1249 686 1308 705 men
1346 676 1397 706 cio.
1421 676 1457 706 Et
1479 675 1565 715 ligant
1585 680 1682 705 manus
1703 675 1822 707 hominis

1076 714 1169 744 illius:
1187 715 1216 744 id
1230 722 1279 751 est,
1293 726 1374 755 opera
1396 715 1465 755 ejus,
1479 726 1539 754 quae
1558 722 1621 744 sunt
1641 714 1737 744 animae
1758 727 1822 746 mn·-

1077 764 1145 791 nus,
1160 765 1220 794 quae
1243 755 1364 785 homines
1390 755 1488 785 rectius
1511 755 1611 784 tollunt
1634 754 1670 784 ad
1697 754 1822 785 mandata

1077 794 1140 823 Dei.
1158 795 1255 834 Ligant
1267 801 1294 824 et
1314 795 1395 835 pedes
1415 796 1485 834 ejus,
1500 794 1530 824 id
1550 802 1598 827 est,
1613 801 1701 824 motus
1726 795 1822 825 animae

1076 883 1129 902 non
1147 874 1254 903 deloco
1267 874 1303 903 ad
1323 875 1424 912 locum,
1440 874 1487 904 sed
1508 874 1542 904 de
1555 874 1627 904 malo
1649 874 1685 904 ad
1705 876 1820 912 bonum,

1075 913 1120 943 vel
1134 913 1168 943 de
1180 913 1252 943 bono
1275 913 1310 943 ad
1333 915 1435 944 malum
1452 926 1459 943 ε
1475 914 1505 944 id
1528 921 1578 950 est,
1593 914 1724 953 ohligant,
1737 921 1763 944 et
1781 915 1824 944 iu·

1076 952 1196 989 ebriant,
1209 960 1235 983 et
1260 953 1404 984 involvunt
1433 965 1514 994 opera
1540 955 1614 995 ejus,
1630 961 1660 983 ut
1685 954 1822 993 quomodo

1077 993 1172 1026 nescit,
1189 993 1229 1022 sic
1251 993 1280 1022 iu
1303 994 1428 1032 laqueum
1450 993 1610 1034 perditionis
1634 993 1763 1024 incurrat.
1786 995 1823 1024 Et

1077 1032 1307 1072 apprehendentes
1327 1043 1402 1069 eum,
1417 1044 1465 1073 per
1486 1033 1545 1073 ipsa
1567 1043 1650 1074 opera
1673 1034 1823 1074 ejus,mit-

1078 1077 1138 1102 tunt
1164 1083 1225 1102 eum
1251 1073 1279 1102 in
1306 1073 1443 1110 tenebras,
1466 1072 1496 1102 id
1521 1079 1571 1110 est,
1595 1073 1623 1102 in
1649 1083 1753 1103 errores
1778 1074 1824 1104 vel

1079 1112 1210 1151 gentium,
1220 1112 1265 1142 vel
1278 1113 1295 1143 J
1298 1112 1445 1149 udaeorum,
1457 1113 1500 1143 vel
1513 1112 1712 1143 haereticorum.
1724 1113 1761 1143 Et
1769 1113 1824 1143 for-

1079 1152 1146 1181 sitan
1161 1152 1367 1192 propinquiores
1393 1152 1508 1183 tenebrae
1533 1159 1596 1182 sunt
1610 1152 1763 1192 gentilium,
1775 1163 1824 1183 ex-

1079 1192 1190 1221 teriores
1205 1193 1222 1222 J
1225 1192 1374 1229 udaeorum,
1387 1192 1449 1233 plus
1471 1198 1561 1222 autem
1583 1192 1728 1222 exteriores
1742 1193 1826 1222 haere-

1079 1231 1206 1261 ticorum.
1222 1232 1358 1270 Quoniam
1383 1231 1495 1272 gentiles
1517 1232 1655 1262 veritatem
1683 1239 1824 1273 spernunt,

1080 1282 1162 1310 quam
1184 1282 1236 1301 non
1263 1271 1423 1310 audies-unte
1445 1271 1534 1303 Judaei
1557 1279 1657 1309 autem,
1670 1283 1755 1340 (quam
1772 1282 1825 1302 non

1080 1310 1269 1346 crediderunt;
1285 1312 1403 1341 haeretici
1421 1319 1612 1351 autem,quam
1635 1323 1668 1341 au
1690 1312 1779 1342 ierunt
1799 1319 1827 1342 et

1080 1349 1243 1379 didicerunt.
1252 1352 1378 1390 Ipsarum
1389 1362 1496 1390 quoque
1507 1351 1690 1381 haereticarum
1702 1352 1826 1381 tenebra-

1081 1400 1143 1418 rum
1167 1389 1290 1428 quaedam
1313 1397 1375 1419 sunt
1390 1402 1485 1435 prope
1509 1391 1597 1420 lucem
1611 1391 1730 1420 veritatis
1745 1403 1751 1421 :
1766 1391 1826 1421 aliae

285 1438 357 1467 εἰπε,
370 1438 397 1461 et
410 1432 468 1472 ipsa
476 1441 557 1471 opera
570 1438 660 1460 nostra
676 1431 828 1470 specialiter
845 1431 955 1460 stabunt
972 1438 1032 1461 ante
1047 1438 1066 1463 c.
1081 1435 1170 1458 autem
1193 1430 1299 1468 longius
1311 1441 1325 1459 a
1338 1437 1459 1464 veritate,
1472 1437 1498 1460 et
1515 1430 1576 1459 ideo
1599 1431 1730 1470 nigriores
1744 1443 1751 1459 :
1766 1430 1826 1460 aliae

285 1471 379 1501 oculos
391 1478 506 1507 nostros,
521 1477 673 1500 accusantes
684 1480 732 1499 nos
742 1478 802 1500 ante
817 1472 914 1506 Deum,
929 1470 1033 1500 dicente

134 1518 275 1543 Rom.2.15.
285 1506 406 1550 apostolo
421 1522 428 1540 :
443 1511 675 1550 Cogitationibus
696 1511 820 1539 invicem
840 1516 871 1539 se
891 1520 1034 1539 accusan-

138 1550 174 1574 16.

287 1552 374 1586 tibus,
389 1557 441 1580 aut
454 1552 544 1579 etiam
555 1549 791 1589 defendentibus,
804 1552 836 1578 in
849 1550 896 1578 die
910 1560 975 1579 cum
987 1551 1034 1589 ju-

284 1591 396 1619 dicabit
401 1591 482 1620 Deus
491 1589 773 1625 occultahominnm,
783 1601 836 1628 per
841 1591 864 1619 J
864 1600 943 1619 esum
954 1590 1035 1619 Chri-

284 1636 362 1660 stum
382 1631 544 1659 Dominum
563 1635 706 1658 nostrum.
721 1631 770 1658 15.
789 1630 815 1658 T
812 1640 870 1659 unc
888 1630 960 1658 dicit
981 1640 1034 1658 νει·

285 1671 425 1700 ministris
437 1682 445 1698 .-
462 1670 566 1709 Ligate
579 1671 606 1698 ei
618 1678 724 1698 manus
735 1675 763 1697 et
776 1670 874 1708 pedes,
887 1676 915 1698 et
928 1671 1033 1698 mittite

283 1720 349 1740 eum
369 1712 402 1739 in
415 1711 547 1739 tenebras
560 1710 724 1738 exteriores.
740 1708 816 1738 Sicut
830 1716 868 1738 est
882 1709 1032 1739 differentia

284 1750 432 1789 gloriarum
443 1749 470 1778 in
482 1749 579 1778 sanctis
590 1748 738 1778 secundum
748 1759 840 1788 opera,
851 1748 956 1779 dicente
966 1759 1032 1790 apo-

137 1806 157 1821 ι.
171 1799 224 1821 cor.
239 1799 274 1822 15.
284 1789 353 1819 stolo
370 1801 377 1818 :
392 1783 486 1819 Stella
497 1791 574 1818 enim
590 1799 610 1817 a
623 1788 711 1817 stella
723 1788 828 1833 dissert
839 1790 870 1817 in
884 1790 1030 1826 claritate,

134 1829 223 1861 μμ.

286 1833 329 1859 ita
341 1835 370 1858 et
382 1830 552 1858 resurrectio
567 1834 744 1856 mortuorum
758 1840 767 1856 .·
784 1838 822 1857 sic
835 1838 942 1867 quoque
953 1828 1032 1858 diffe-

285 1869 371 1899 rentia
382 1876 422 1898 est
431 1869 625 1898 tormentorum
638 1867 665 1896 in
677 1868 869 1906 peccatoribus.
883 1870 951 1898 Sunt
959 1869 1031 1898 enim

285 1909 379 1949 primae
398 1908 514 1938 tenebrae
533 1914 559 1937 et
579 1907 732 1942 exteriores,
749 1914 775 1936 et
789 1907 929 1937 novissimi
943 1908 1028 1938 lacus.

285 1949 331 1978 Ex
343 1959 375 1978 eo
385 1955 473 1977 autem
490 1946 563 1987 quod
578 1946 660 1982 dixit,
674 1947 824 1985 Ingressus,
840 1954 869 1976 ut
879 1958 1030 1977 remunera-

286 1995 327 2018 ret
352 1988 452 2018 amicos
470 2000 477 2017 :
496 1997 550 2016 non
570 1993 660 2015 autem
678 1985 760 2023 dixit,
781 1987 960 2026 Congregavit
982 1998 1031 2017 rex

1082 1475 1171 1497 autem
1180 1469 1297 1509 amplius
1308 1469 1398 1510 longe,
1407 1477 1433 1499 et
1443 1470 1504 1499 ideo
1518 1470 1661 1510 pressiores
1675 1477 1700 1500 et
1712 1471 1828 1500 exterio-

1082 1508 1203 1538 resteo
1211 1508 1407 1545 dixit‚Mittite
1415 1520 1460 1539 eos
1470 1511 1503 1538 in
1513 1511 1647 1539 tenebras
1657 1511 1824 1540 exteriores.

1081 1547 1115 1577 ld
1129 1554 1177 1582 est,
1191 1550 1218 1577 in
1231 1549 1343 1579 haereses
1363 1549 1590 1589 perversissimas.
1604 1550 1651 1578 Ibi
1663 1551 1718 1579 erit
1719 1549 1824 1591 fletus,

1083 1593 1111 1616 et
1124 1589 1232 1620 stridor
1252 1589 1392 1618 dentium.
1407 1588 1507 1618 Videte
1529 1589 1593 1627 quia
1614 1599 1666 1618 non
1689 1588 1772 1624 dixit,
1785 1589 1828 1619 tbi

1082 1633 1120 1656 est
1141 1627 1220 1657 fletus
1244 1634 1271 1656 et
1295 1627 1396 1657 stridor
1417 1627 1557 1664 dentium3
1573 1628 1638 1666 sed,
1659 1629 1736 1658 Erit.
1754 1629 1827 1668 Ergo

1081 1666 1162 1696 modo
1175 1668 1319 1697 mittuntur
1331 1668 1360 1696 in
1374 1667 1434 1697 illas
1445 1668 1567 1697 tenebras
1581 1668 1657 1703 mali,
1673 1675 1764 1709 postea
1778 1678 1828 1708 pa-

1081 1705 1182 1736 tientur
1194 1707 1285 1744 fletus,
1302 1707 1351 1737 ubi
1365 1714 1406 1737 est
1417 1714 1443 1737 et
1456 1707 1558 1737 stridor
1570 1707 1706 1738 dentium.

1234 1813 1369 1843 Homilia
1382 1813 1449 1854 xiij.
1466 1824 1503 1843 ex
1517 1823 1581 1854 cap.
1596 1816 1673 1855 xxij.

1120 1908 1170 1938 15.
1190 1908 1271 1937 Tunc
1284 1909 1424 1937 abeuntes
1438 1908 1593 1944 Pharisoei,
1605 1909 1761 1939 consilium
1778 1912 1829 1940 in-

1080 1949 1187 1984 ierunt,
1197 1955 1228 1977 ut
1238 1954 1375 1986 caperent
1383 1958 1448 1976 eum
1456 1949 1487 1976 in
1495 1958 1638 1978 sermone.
1649 1949 1699 1978 16.
1711 1951 1739 1979 E
1741 1956 1750 1979 t
1761 1952 1830 1980 mit--

1081 1994 1146 2016 tunt
1160 1989 1189 2016 ei
1199 1988 1342 2027 dicipulos
1366 1997 1434 2016 suos
1448 1997 1514 2016 cum
1529 1989 1720 2026 Herodtanis,
1732 1990 1829 2019 dicen-

286 2038 379 2057 omnes
402 2027 449 2066 qui
465 2032 595 2057 venerunt
611 2025 647 2055 ad
667 2026 773 2065 nuptias
790 2038 796 2054 :
810 2026 891 2056 datur
910 2037 958 2056 sus
979 2027 1030 2057 icio
1045 2034 1065 2057 1)
1081 2033 1122 2056 tes
1136 2039 1147 2056 .-
1163 2028 1314 2067 Magister,
1335 2028 1441 2057 scimus
1457 2028 1527 2066 quia
1541 2038 1634 2056 verax
1647 2038 1694 2064 es,
1707 2035 1736 2057 et
1747 2031 1829 2058 viam

285 2067 446 2103 aestimandi,
461 2077 494 2096 ne
506 2067 574 2095 forte
591 2065 662 2094 dicat
673 2065 724 2094 hoc
737 2065 771 2094 de
790 2066 909 2095 vindicta
919 2038 1027 2112 judicii.

286 2106 385 2136 Adhuc
395 2113 494 2141 autem,
503 2105 566 2144 quia
577 2115 630 2134 non
641 2105 721 2142 dixit,
733 2106 832 2135 Mittite
844 2117 905 2135 eum
917 2116 945 2135 ιιι
958 2113 1031 2136 tene-

286 2146 348 2176 bras
368 2145 518 2180 inferiores,
536 2151 563 2173 ut
579 2155 628 2174 eas·
645 2144 766 2173 tenebras
779 2145 904 2175 inferiora
918 2146 976 2175 loca
989 2146 1031 2175 in—

136 2200 204 2222 Psal.
221 2198 261 2223 85,
286 2186 356 2216 ferni
366 2186 528 2215 aestimemus
544 2197 551 2214 ε
563 2184 634 2213 sicut
645 2184 695 2221 ibi,
708 2185 736 2212 E
739 2190 749 2212 t
759 2187 889 2224 eripuisti
901 2187 1031 2215 animam

141 2232 176 2254 13.

288 2236 383 2255 meam
395 2227 427 2254 in
440 2225 557 2265 inferno
567 2224 701 2265 inferiori
717 2235 725 2251 .·
740 2224 786 2253 sed
800 2226 836 2253 ita
847 2225 925 2262 dicit,
936 2227 974 2254 In
988 2232 1032 2254 te-

289 2267 393 2296 nebras
416 2266 582 2294 exteriore-s-
608 2264 682 2303 Ergo
703 2265 921 2303 quotiescumque
948 2272 1033 2295 tentat

287 2307 361 2335 Deus
378 2304 528 2335 Ecclesiam
549 2313 636 2339 suam,
651 2310 678 2332 et
690 2303 803 2333 ventilat
822 2305 972 2334 ventilabro
982 2306 1030 2344 ju—

189 2345 365 2383 cnxvtdicii,
382 2343 533 2384 ingreditur
551 2342 586 2372 ad
606 2353 675 2378 eam,
693 2349 722 2371 ut
735 2342 824 2372 videat
835 2343 1032 2374 discumbentes

153 2550 207 2579 Sap.
225 2555 243 2570 ι.
254 2553 279 2576 9·
289 2554 357 2580 suis,
369 2542 438 2572 sicut
450 2542 582 2582 scriptum
597 2547 636 2571 est
648 2553 655 2570 ε

287 2385 335 2424 qui
346 2391 419 2421 sunt,
434 2390 481 2413 aut
491 2382 584 2422 quales
593 2389 656 2411 sunt
667 2394 674 2412 :
687 2382 710 2411 si
723 2381 800 2421 digni
813 2390 874 2412 sunt
883 2384 1031 2413 caelestibus

287 2424 401 2465 nuptiis,
414 2430 441 2453 et
451 2422 577 2453 convivio
594 2422 641 2451 illo
654 2422 728 2451 vivo.
745 2422 782 2451 Et
795 2423 817 2451 si
834 2422 967 2452 invenerit
979 2424 1030 2453 ali-

288 2474 368 2503 quem
381 2473 436 2493 non
446 2463 587 2492 habentem
599 2468 700 2492 vestem
713 2461 872 2501 nuptialem,
885 2462 1033 2493 secundum

289 2515 319 2533 ea
331 2514 390 2542 quae
403 2502 534 2539 diximus,
550 2502 695 2540 interrogat
710 2511 771 2530 eum
785 2501 813 2530 in
827 2502 1032 2540 cogitationibus

325 2543 330 2549 '
675 2542 753 2580 Quia
765 2543 797 2569 in
810 2543 1031 2581 cogitationibus

290 2584 371 2625 impii
385 2583 570 2622 interrogatio
587 2583 652 2611 erit.
664 2581 701 2611 Et
719 2581 862 2620 interrogat
881 2592 952 2620 cum,
966 2583 1032 2619 Quae

1082 2068 1140 2096 Dei
1153 2069 1185 2095 in
1205 2069 1332 2095 veritate
1353 2067 1438 2096 doces
1447 2089 1455 2103 ,
1467 2073 1495 2095 et
1510 2077 1571 2095 non
1584 2074 1626 2096 est
1640 2068 1694 2095 tibi
1707 2077 1779 2097 cura
1793 2069 1830 2098 de

1081 2107 1198 2146 aliquo:
1210 2116 1267 2134 non
1277 2107 1355 2135 enim
1365 2107 1483 2144 respicis
1497 2116 1652 2144 personam
1666 2107 1827 2137 hominum.

1082 2147 1190 2178 17.Dic
1203 2155 1269 2185 ergo
1284 2147 1367 2175 nobis
1377 2147 1451 2185 quid
1463 2145 1515 2174 tibi
1526 2147 1648 2175 videtur·
1656 2159 1666 2174 ,-
1684 2147 1752 2176 lieet
1763 2157 1830 2177 cen-

1081 2196 1145 2215 sum
1157 2185 1224 2214 dari
1238 2185 1358 2221 Coesari,
1369 2191 1420 2214 aut
1433 2196 1493 2214 non
1502 2187 1515 2213 P
1528 2185 1576 2215 18.
1589 2186 1714 2226 Cognita
1727 2194 1829 2217 autem

1082 2226 1105 2255 J
1105 2235 1169 2255 esus
1183 2227 1316 2264 nequitia
1329 2235 1439 2260 eorum,
1453 2227 1496 2254 ait
1512 2239 1522 2255 .·
1540 2226 1620 2264 Quid
1634 2236 1679 2255 me
1693 2230 1827 2265 tentatis,

1083 2266 1243 2305 hypocritoe
1253 2267 1266 2292 P
1281 2266 1329 2294 19.
1344 2265 1494 2294 Ostendite
1508 2266 1581 2294 mila·
1595 2267 1741 2295 numisma
1761 2277 1829 2296 cen·

1082 2315 1142 2334 sus.
1158 2307 1203 2334 At
1224 2304 1272 2334 illi
1293 2305 1462 2334 obtulerunt
1486 2305 1649 2335 denarium.
1663 2307 1714 2335 ΞΟ.
1729 2307 1771 2336 Et
1784 2308 1829 2336 ait

1083 2345 1143 2374 illis
1154 2345 1241 2374 Jesus
1253 2356 1262 2372 .·
1277 2345 1367 2383 Cujus
1378 2350 1421 2373 est
1435 2346 1531 2384 imago
1542 2346 1606 2374 hoec
1625 2352 1653 2375 et
1666 2347 1830 2385 superscri-

1081 2386 1142 2423 ptio
1152 2387 1165 2412 P
1179 2385 1228 2413 21.
1243 2385 1355 2413 Dicunt
1369 2386 1413 2413 ei:
1428 2385 1562 2414 Caesaris.
1581 2386 1662 2414 Tunc
1679 2387 1722 2414 ait
1741 2386 1802 2415 illis
1817 2399 1828 2416 .-

1083 2425 1205 2454 Reddite
1231 2435 1298 2464 ergo
1323 2435 1388 2463 quoe
1411 2430 1482 2453 sunt
1502 2424 1635 2460 Caesaris,
1653 2424 1763 2454 Caesari
1777 2438 1786 2455 .·
1800 2432 1829 2454 et

1084 2475 1149 2502 quae
1173 2470 1242 2493 sunt
1267 2465 1334 2500 Dei,
1348 2465 1422 2493 Deo.
1436 2465 1486 2492 29.
1501 2465 1542 2493 Et
1553 2464 1707 2493 audientes
1729 2467 1829 2494 mirati

1084 2511 1162 2539 sunt,
1185 2510 1213 2532 et
1237 2504 1339 2533 relicto
1361 2514 1394 2532 eo
1415 2504 1561 2533 abierunt.
1577 2505 1628 2533 23.
1638 2506 1681 2533 ·In
1705 2504 1759 2534 illo
1780 2505 1829 2534 die

1085 2549 1267 2572 accesserant
1279 2545 1320 2572 ad
1332 2554 1398 2572 eum
1411 2542 1576 2580 Sadducaei,
1590 2544 1643 2583 qui
1651 2544 1753 2573 dicunt
1767 2555 1828 2573 non

1086 2593 1146 2613 esse
1168 2585 1416 2620 resurrectionem,
1431 2589 1457 2613 et
1482 2584 1736 2623 interrogaverunt
1749 2594 1826 2622 eum,
