1904 2840
718 182 753 205 IN
778 181 836 205 1013
862 181 974 206 SRRMO
1003 182 1051 205 lv.
1084 182 1086 186 '

107 245 152 274 τὸν
172 243 242 275 Θεὸν
261 244 353 273 ἑαυτοῦ
367 242 514 280 Aeo-infinit.
528 239 600 272 Ἀλλ’
616 241 708 278 ἐπειδὴ
731 242 778 271 καὶ
797 242 875 276 αὐτὸς

106 284 233 316 πολλάκις
245 283 395 322 κρινόμενος
407 281 473 322 πρὸς
489 280 549 315 τοὺς
564 283 657 311 ἑαυτοῦ
673 280 779 315 δούλους
789 302 797 317 ,
811 281 876 311 ἔδω-

103 318 151 352 ³²⁵⁸
165 324 252 373 “³3⁰3
269 321 876 394 ἷὲξῃῖορίαςῡἀξὲωέἶὲλὶοῖῖἐῖῗῖἶῖδιῖκεὶμξίἰὲ

106 374 128 391 π
141 413 155 430 ν
166 372 442 440 εᾘΐλσγῖαἷᾏὲἑ
473 373 486 394 ⁹
708 372 727 399 μ
783 381 792 396 ’

109 440 216 479 θόμενος
229 442 268 469 τῶ
281 439 361 479 λόγω,
389 439 430 469 ὅτι
445 434 484 481 ἓ’ῼ
503 438 553 478 μέτ
569 453 591 479 ῳ
612 444 746 479 μετρεῖτε,
766 441 875 479 ἀντιμε-

107 469 268 520 τρηθήσεται
280 470 351 519 ὖμῖνΙ.
366 478 419 509 Καί
432 490 511 519 φησι,
531 491 546 508 τ
559 491 571 513 ς
591 478 671 508 δώσει
692 478 801 519 κριτήνς
821 479 876 508 Καὶ

107 519 173 549 πότε
194 518 278 559 δούλῳ
298 518 426 559 ἐφύλαξας
448 518 599 564 ίσηγορίανς
611 518 704 548 Ἄκουε
729 520 807 548 afim-03
832 518 876 548 ὅτι

107 558 155 592 τὰς
168 558 263 598 ἀρετὰς
275 561 481 598 ἀπαριθμεῖται,
498 566 544 587 και
555 561 632 588 τοῦτο
645 558 694 587 οὔκ
707 558 760 587 ἀπὸ
773 559 876 598 φιλοτι-

109 598 187 638 μίας,
199 599 258 627 ἀλλ’
273 599 319 627 ἀπ’
332 598 443 631 ἀκακίας
455 620 463 635 ,
479 596 616 637 λέγοντος·
630 599 689 627 Οὐκ
704 597 875 633 ἀπεποιησᾶ-

109 649 162 677 μην
175 637 259 677 κρίμα
271 636 427 677 θεράποντός
447 647 514 676 μου,
537 636 583 666 καὶ
604 636 784 676 θεραπαινίδος
806 648 874 676 μου,

108 677 268 716 κρινομένων
281 678 367 706 αὐτῶν
378 676 442 714 πρός
454 688 496 715 με.
509 675 595 706 Δώσω
605 675 746 716 ἀπόκρισιν
755 678 793 716 τῷ
802 677 875 716 Θεῷ.

108 716 156 752 Μὴ
175 716 234 756 οὐχὶ
247 719 283 749 ὡς
296 716 349 755 ἐγὼ
363 716 499 751 &Moe-115
515 716 609 745 Ταῦτα
627 717 731 752 ἐννοῶν,
745 718 784 756 τῷ
797 718 876 756 κοινῷ

108 757 156 792 τῆς
167 755 269 795 φύσεως
281 759 392 796 παρεῖχε
405 755 435 785 τὸ
448 754 534 785 κοινὸν
543 757 590 791 τῆς
603 753 748 795 ἰσηγορίας.

147 874 243 914 Ἡμεῖς
256 873 298 910 δὲ,
320 873 443 914 ἀδελφοὶ,
462 875 492 903 οὗ
513 876 634 904 τοιοῦτοι.
653 873 807 924 Θαυμᾶζεις
829 873 874 903 τὸν

1604 174 1674 222 705

928 252 996 279 esse,
1005 242 1105 271 sciebat
1114 243 1202 273 Deum
1213 254 1271 274 esse
1286 245 1434 275 Dominum
1446 255 1537 276 suum.
1546 245 1601 277 Sed
1613 247 1676 286 quia

928 281 985 320 ipse
998 292 1068 321 saepe
1079 292 1141 311 cum
1154 283 1239 313 servis
1257 284 1313 313 suis
1324 284 1444 323 litigans,
1460 295 1552 325 parem
1565 286 1622 316 illis
1633 287 1677 316 sui

924 320 997 359 juris
1006 320 1167 351 defendendi
1176 322 1311 352 licentiam
1322 323 1442 360 dederat,
1447 331 1525 363 atque
1535 326 1557 355 si
1567 325 1675 364 quando

928 369 991 388 cum
1009 359 1068 399 ipso
1086 371 1181 391 servus
1204 362 1379 407 disceptaret,
1394 374 1447 393 non
1470 364 1513 393 illi
1535 371 1570 394 =ut
1597 375 1675 396 servo

443 411 518 429 ανεν·
531 399 545 429 ὃ
558 400 690 436 ἐποίησεν,
700 400 804 440 ᾔτησε,
817 412 875 429 πει·
891 403 911 426 Ε
927 409 956 427 os
976 399 1141 435 obstruebat,
1153 400 1200 430 sed.
1220 401 1398 432 defensmnem
1420 403 1478 443 ejus
1493 402 1649 434 admittebat
1665 416 1673 433 ι

927 437 957 467 id
972 438 1046 477 quod
1055 438 1112 516 igse
1121 440 1217 470 fecerat
1228 441 1391 480 postulabat,
1404 442 1470 472 huic
1483 443 1557 472 dicto
1571 443 1675 473 obtem-

928 488 1084 546 {ngd‘lics’bia
1100 518 1136 547 Et
1146 519 1198 548 ait:
1215 520 1285 556 Quis
1297 520 1373 550 dabit
1403 521 1527 551 udicem?
1539 522 1575 551 Et
1586 533 1674 561 quan-

927 555 1025 585 donam
1037 567 1116 586 servo
1133 559 1260 599 parijure
1277 565 1367 589 tecum
1398 560 1544 600 isceptandi
1557 568 1674 601 potesta-

926 601 980 624 tem
991 595 1099 625 fecisti?
1109 596 1181 625 Audi
1193 609 1255 627 eum
1267 598 1377 636 quando
1386 599 1500 629 virtutes
1508 600 1671 639 dinumerat,

927 634 1010 673 idque
1027 645 1086 666 ,non
1101 636 1244 682 ‘gloriandi
1270 648 1362 674 causa,
1375 638 1422 667 sed
1446 649 1481 668 ex
1500 639 1649 670 innocentia
1665 652 1672 670 ι

928 674 997 703 Νοη
1011 684 1106 714 res-pus
1122 676 1268 715 judicium
1291 688 1357 707 cum
1369 687 1453 707 servo
1474 689 1538 708 meo
1556 685 1586 708 et
1607 690 1673 709 cum
1682 689 1824 713 Joh.3r.13.

928 714 1043 742 ancilla
1053 725 1129 752 mea,
1142 725 1208 745 cum
1228 717 1424 756 disceptarent
1444 718 1600 747 adversum
1614 729 1670 749 me.
1681 721 1753 744 —¹5·

929 751 1016 782 Dabo
1031 751 1329 793 responsionem'Deo.
1346 757 1459 786 Annon
1470 759 1546 787 sicut
1555 769 1606 797 ego
1606 759 1673 799 sor-

928 798 1025 822 matus
1044 795 1109 822 est?
1123 794 1187 824 Haec
1207 795 1337 834 cogitans,
1352 797 1490 826 communi
1503 804 1605 827 naturae
1623 809 1673 838 pa-

927 842 985 861 rem
998 832 1094 861 tribuit
1107 833 1232 873 litigandi
1243 841 1408 874 potestatem.

967 872 998 900 4.
1020 872 1076 901 Nos
1089 879 1189 909 autern,
1203 874 1310 912 fratres,
1324 885 1378 904 non
1391 875 1458 904 tales
1470 885 1574 906 sumus.
1588 876 1671 906 Mira-

107 913 221 950 &aaron
235 915 339 944 Σαυτοῦ
353 913 544 952 καταγίνωσκε.
560 913 623 944 Ὅτι
637 914 764 949 πολλακις
778 913 824 943 ἐάν
836 925 874 947 τις
881 930 918 948 595
927 910 965 940 ris
988 911 1113 956 just-um?
1131 913 1171 941 Te
1194 913 1285 952 ipsum
1300 913 1416 958 flamna.
1441 915 1576 951 Quoniam
1601 925 1636 945 sae
1656 926 1672 946 e

107 955 119 983 ξ
189 955 224 993 ᾖ,
240 955 269 983 οὗ
286 953 357 992 λέγω
379 952 480 993 δούλῳ,
495 953 555 982 ἀλλ’
575 953 662 992 ὀλίγον
680 952 873 988 ὓποὸείῖηκότι,
890 958 910 980 Α
927 961 991 979 cum
1003 960 1065 989 quis
1079 958 1195 987 accusat,
1210 962 1262 981 non
1278 952 1340 982 dico
1357 964 1475 988 servum,
1489 954 1536 983 sed
1550 965 1578 983 se
1588 966 1642 995 pau
1654 966 1671 985 o

106 994 119 1021 ἐ
138 1004 152 1022 ν
164 992 337 1032 ἀποκρίνηται
351 992 385 1021 τὰ
399 992 505 1029 δίκαια,
528 994 564 1026 ὡς
583 995 807 1032 ἀναισχυντοῦντα
829 992 875 1021 καὶ

105 1033 245 1071 τολμῶντα
279 1032 307 1066 ἐξ
342 1030 473 1069 ἰσοτιμίας
527 1031 667 1071 θέγξασθαι
703 1031 875 1070 ἐπιστομίζει.

105 1071 212 1106 Ὅλως,
226 1071 303 1111 φησὶ,
323 1071 368 1100 καὶ
381 1072 480 1120 τολμᾷς
498 1043 525 1104 ἐξ
546 1070 677 1109 ἰσοτιμίας
698 1070 873 1120 φθέγξασθαι;

106 1112 226 1144 ἀπαιτεῖς
244 1111 274 1140 τὸ
290 1110 402 1146 δίκαιον;
422 1111 507 1149 Δεχου
529 1109 578 1145 τὴν
603 1110 705 1140 δικαίαν
727 1112 873 1150 ῖσηγοριαν.

106 1149 233 1189 Ἐγκαλεῖ
244 1153 258 1180 ὁ
268 1149 352 1189 ὑπερῆ
373 1161 444 1184 ανος,
464 1149 509 1178 καὶ
523 1149 583 1178 οὔτε
601 1150 778 1188 δικαιολογίαν
794 1149 872 1190 δέχε-

105 1201 164 1225 ται,
194 1189 252 1218 οὔτε
282 1161 384 1224 σιωπῖν
412 1189 581 1218 δυσωπεῖται.
607 1189 673 1227 Ἐὰν
706 1188 831 1228 σιωπήσῃ
858 1191 873 1219 ὁ

105 1229 127 1257 ἐ·
154 1227 312 1268 αλούμενος,
331 1227 514 1267 κατεγνώσθη,
532 1228 620 1268 φησὶν,
640 1230 688 1258 οὐκ
712 1224 765 1257 οἶδε
785 1229 873 1268 διᾶραι

105 1240 153 1297 r?
156 1268 248 1308 χείλη·
267 1267 312 1297 ἐὰν
335 1269 458 1306 λαλήσῃ,
476 1266 607 1306 ἐτόλμησε
619 1289 627 1303 ,
643 1268 721 1307 φησὶ,
744 1268 809 1307 πρὸς
828 1268 872 1297 τὸν

105 1307 235 1344 δεσπότην
249 1306 326 1347 ῥῆξαι
339 1307 437 1347 φωνήν.
455 1302 521 1336 Εἶτα
538 1307 616 1340 ἄλλος
629 1307 808 1347 ὓπερηφανίας
822 1319 871 1345 με-

103 1347 183 1384 στὸς,
197 1346 248 1382 ἃἐὰν
268 1346 335 1386 ὑπὲρ
354 1349 400 1375 τοῦ
426 1346 540 1382 δικαίου,
557 1346 624 1386 ὑπὲρ
644 1347 762 1386 εὐγενοῦς
780 1347 871 1387 ἀνδρὸς

103 1386 244 1423 πείθηται,
270 1385 504 1426 παρακαλούμενος
527 1389 609 1415 θεῖναι
634 1386 711 1425 λόγον
737 1386 804 1426 πρὸς
825 1386 870 1415 τὸν

103 1425 201 1466 ἕτερον,
223 1425 268 1455 καὶ
290 1425 423 1465 συμὸἢναι
447 1426 484 1458 εἷς
507 1425 622 1465 εἰρήνην,
642 1425 688 1455 καὶ
707 1425 756 1461 τὴν
775 1425 869 1455 κακίαν

103 1467 272 1495 καταπαῦσαι
285 1468 318 1505 τῇ
336 1465 427 1504 ἀγάπῃ
437 1486 445 1500 ,
460 1464 554 1498 εὐθέως
567 1467 600 1504 τῇ
614 1465 781 1505 ὑπερηφανίᾳ
792 1465 871 1504 φερό-

102 1516 179 1542 μενος
203 1504 289 1544 λέγει·
311 1504 364 1544 ἐγὼ
386 1506 422 1537 εἷς
442 1507 532 1534 τοῦτον
554 1504 734 1544 κατέρχομαι;
755 1504 796 1534 Ὦ
822 1506 870 1539 τῆς

102 1545 289 1584 ὑπερηφανίας.
305 1545 362 1573 Ποῦ
375 1543 427 1583 γὰρ
440 1543 553 1578 ἕστηκας
561 1564 570 1579 ,
583 1543 628 1572 ἵνα
638 1543 782 1582 κατέλθῃς;
796 1543 869 1582 Ἐγὼ

103 1584 140 1615 εἷς
154 1586 244 1612 τοῦτον
261 1582 426 1622 κατέρχομαι
441 1593 448 1612 3
462 1581 509 1615 Ὡς
527 1582 572 1611 τὸν
585 1582 701 1622 οὐρανὸν
722 1584 814 1612 πατῶν
827 1583 872 1612 καὶ

103 1621 150 1655 τὰς
161 1621 278 1662 νεφέλας,
291 1621 360 1651 οὕτω
373 1621 523 1661 φθέγγεται.
539 1620 598 1656 Τὴν
609 1621 691 1657 αὐτὴν
703 1623 752 1660 γῆν
767 1626 869 1658 πατεῖς,
886 1633 902 1656 B

103 1660 156 1690 ἀπὸ
177 1664 224 1696 τῆς
245 1663 325 1696 αὐτῆς
349 1660 448 1700 τρέφῃ,
472 1662 509 1693 εἷς
532 1660 613 1696 αὐτὴν
632 1661 818 1701 ὑποστρέφεις,
842 1662 869 1690 ἐν

103 1701 170 1735 αὐτῆ
184 1700 270 1740 θάπτῃ
279 1711 286 1718 ·
301 1699 346 1729 καὶ
357 1702 408 1729 ποῦ
422 1699 502 1739 κατέρ
522 1711 555 1738 *m
569 1701 616 1729 οὐκ
630 1700 752 1736 αἰδεῖσαι,
763 1701 793 1729 οὗ
807 1701 870 1730 δυσ-

102 1732 215 1769 ωπεῖσαι
238 1741 269 1769 τὸ
293 1739 375 1772 πάθος
391 1741 436 1768 τοῦ
456 1740 572 1778 Κυρου;
592 1741 640 1768 οὐκ
662 1740 774 1768 αἷδεῑσαι
786 1739 870 1779 λέγων

102 1779 168 1817 πρὸς
187 1779 231 1808 τὸν
245 1779 380 1818 ὁμότιμον,
399 1778 451 1817 ἐγὼ
475 1780 514 1811 εἷς
532 1782 609 1808 τοῦτο
628 1778 808 1818 κατέρχομαι;
822 1780 870 1809 οὔκ

103 1819 216 1847 αἰδεῖται
226 1822 309 1848 ταῦτα
326 1818 422 1857 λέγειν,
439 1818 532 1847 ἐννοῶν
549 1817 590 1847 ὅτι
605 1818 706 1853 Ἰησοῦς
719 1818 763 1847 διὰ
776 1818 805 1848 σὲ
819 1830 870 1847 κα-

101 1858 198 1893 τῆλθε;
213 1859 239 1887 Π
257 1858 284 1891 ὸς
301 1857 348 1890 τὰς
362 1857 484 1890 τοιαύτας
502 1857 608 1896 γνώμας
621 1857 666 1887 καὶ
684 1857 731 1890 τὰς
748 1857 871 1891 τοιαύτας

101 1897 237 1937 ὗπερηφαν
267 1909 279 1930 ς
298 1896 395 1937 πρέπει
408 1896 455 1925 σὺν
474 1898 513 1936 τῷ
534 1896 634 1926 ‘licata
652 1897 765 1926 πάντοτε
789 1899 868 1937 βοᾷν·

101 1936 138 1965 Τί
156 1936 338 1977 ἀλαζονεύεται
360 1935 465 1975 γῆ.καὶ
488 1935 598 1971 σποδός;
619 1927 715 1975 ἃΟμως
737 1937 764 1966 δὲ
784 1939 820 1970 εἷς
839 1937 870 1966 τὸ

99 1975 271 2015 προκείμενον
299 1976 492 2024 ἐπανέλθωμεν.
520 1975 569 2008 Τίς
597 1974 675 2005 δώσει
702 1976 794 2016 κριτὴν
819 1976 869 2005 ἀνὰ

101 2014 182 2053 μέσον
201 2017 265 2052 ἐμοῦ
284 2015 329 2045 καὶ
348 2018 413 2050 σοῧ;
446 2014 620 2054 Επιφαίνεται
640 2015 685 2044 ἐπὶ
704 2016 775 2045 τέλει
795 2017 809 2044 ὁ
829 2016 867 2045 δί-

100 2066 173 2087 καιος
186 2055 295 2095 κριτὴς,
315 2055 360 2084 καὶ
379 2054 499 2094 φαίνεται
520 2056 591 2095 αὐτῷ
608 2055 661 2084 ἀπὸ
677 2054 805 2088 λαίλαπος
823 2055 868 2084 καὶ

100 2096 194 2134 νεφῶν,
207 2094 338 2124 Φαίνεται
350 2094 412 2123 Ἰὼὸ
437 2093 489 2122 ἀπὸ
502 2096 595 2134 νεφῶν,
610 2096 623 2123 ὁ
637 2094 681 2123 τὸν
703 2095 801 2134 ὄμὸρον
821 2097 868 2130 τῆς

100 2133 218 2171 εὐλογίας
244 2133 346 2172 μέλλων
373 2133 454 2172 χέειν.
477 2134 607 2163 Φαίνεται
628 2135 699 2173 αὐτῷ
724 2135 754 2163 ἐκ
773 2136 867 2173 νεφῶν,

99 2174 114 2201 ὁ
126 2171 229 2210 μέλλων
240 2173 283 2201 τὸν
297 2172 349 2202 σπό
365 2184 393 2201 ον
411 2171 456 2201 τὸν
474 2172 660 2211 κοπριζόμενον
681 2172 808 2212 ἀρδεύειν,
822 2173 867 2202 καὶ

100 2210 220 2261 διεγείρει
231 2211 275 2241 τὸν
293 2184 371 2247 Ὶὼέ,
388 2211 433 2240 καὶ
446 2211 514 2240 νεύει
526 2211 612 2250 μόνον,
629 2212 674 2241 καὶ
689 2212 868 2251 διασκορπίζει

99 2250 134 2280 τὰ
147 2253 232 2286 παθη·
248 2250 316 2280 νεύει
335 2250 422 2288 μόνον,
445 2249 491 2279 καὶ
512 2251 607 2290 ἐγείρει
623 2251 667 2280 τὸν
690 2251 866 2281 πεπτωκότα*

100 2290 145 2319 καὶ
158 2289 230 2328 λέγει
243 2291 331 2319 αὐτῶ·
351 2289 503 2324 Ἀνάστηθι,
528 2290 573 2319 καὶ
590 2292 670 2323 ζῶσαι
691 2290 764 2320 ὥσπε
800 2290 866 2330 ἀνὴρ

72 2343 78 2346 ·
99 2329 148 2365 τὴν
166 2329 247 2398 ὀσῖύν
263 2319 318 2358 σού.
334 2328 479 2368 Ἐρωτήσω
492 2328 520 2357 δέ
539 2341 585 2364 σε,
600 2329 631 2358 σὺ
647 2329 675 2358 δέ
692 2341 738 2368 μοι
756 2303 867 2370 ἀρποκρί-

100 2370 120 2397 θ’
134 2381 168 2398 τι.
187 2369 194 2378 ’
211 2370 217 2376 ’

100 2379 180 2437 &siaa
193 2408 286 2448 κριτὴν
308 2407 357 2437 ἀνὰ
379 2407 457 2446 μέσον
472 2409 535 2445 ἐμοῦ
551 2407 595 2436 καὶ
615 2411 677 2444 σοῦ;
693 2408 820 2444 ἀνάστηθι
830 2431 838 2446 ,
852 2412 866 2439 ὁ

99 2452 214 2485 γενναῖος
225 2446 370 2486 ἀγωνιστὴς
383 2471 389 2482 ,
405 2449 419 2475 ὁ
431 2446 468 2485 μὴ
483 2446 571 2475 πεσὼν
586 2448 619 2486 τῇ
634 2448 723 2515 πληγῇ
737 2449 785 2482 τῆς
799 2460 866 2487 συμ-

119 2497 134 2513 ο
151 2491 196 2521 ἃς,
216 2487 351 2521 ἀνάστηθι.
372 2486 436 2516 Ἐὰν
458 2485 509 2526 γάρ
524 2498 563 2518 τις
577 2486 698 2516 παιδευθε
711 2499 723 2519 ς
760 2487 864 2521 ενναίως

101 2497 194 2563 {vax-q
207 2525 255 2560 τὴν
267 2525 403 2565 συμφορὰν
424 2525 470 2554 καὶ
484 2525 532 2560 τὴν
546 2525 676 2560 παιδείαν,
690 2527 779 2556 ἀκουει
791 2527 865 2567 παρὰ

103 2567 147 2592 τοῦ
168 2558 238 2593 Θεοῦ
256 2565 295 2600 τὸ,
309 2566 447 2599 Ἀνάστηθι
457 2576 463 2583 ·
483 2567 518 2597 ὥς
532 2564 593 2594 ὅταν
611 2564 675 2604 λέγῃ
690 2567 723 2605 τῇ
737 2565 866 2607 Ἰερουσα-

220 2369 297 2405 πειδὴ
312 2370 348 2401 εἷς
364 2368 449 2407 κρίσιν
463 2379 495 2406 με
511 2368 656 2403 ἐκάλεσας,
668 2369 713 2398 καὶ
727 2365 815 2406 εἶπας,
828 2370 867 2403 τίς
882 2379 901 2403 (2

927 989 1091 1025 inferiorem,
1103 990 1125 1019 si
1138 1001 1180 1021 res
1200 991 1295 1021 ondeat
1305 992 1388 1031 justa,
1399 993 1477 1032 quasi
1486 993 1671 1033 impudentem

926 1035 953 1057 et
968 1028 1107 1064 audacem,
1120 1040 1174 1068 quo
1207 1031 1267 1070 pari
1288 1030 1351 1070 jure
1372 1032 1447 1070 loqui
1471 1032 1578 1070 audeat,
1591 1034 1670 1064 silere

922 1067 1009 1107 jubet.
1023 1067 1110 1102 Itane,
1120 1069 1219 1107 inquit,
1230 1071 1287 1110 pari
1304 1071 1361 1100 'ure
1368 1071 1445 1109 loqui
1454 1071 1556 1102 audes?
1565 1074 1671 1112 justum

925 1107 1046 1147 repetis?
1064 1108 1163 1147 Accipe
1195 1120 1225 1138 ar
1239 1109 1284 1149 jus
1296 1082 1431 1150 litigandi.
1447 1112 1561 1141 Accusat
1573 1123 1604 1141 su
1626 1124 1669 1143 er-

925 1146 988 1183 hus,
1003 1156 1090 1185 neque
1105 1146 1152 1186 jus
1173 1119 1333 1179 defensionis
1345 1150 1473 1186 admittit,
1486 1162 1571 1190 neque
1582 1152 1605 1181 si
1616 1163 1669 1182 en-

924 1185 994 1215 tium
1016 1193 1163 1216 reveretur.
1184 1188 1214 1218 Si
1235 1195 1320 1218 taceat
1338 1188 1361 1218 is
1390 1190 1437 1228 qui
1453 1197 1602 1227 accusatur,
1617 1193 1669 1222 Da-

924 1232 1031 1254 mnatus
1047 1232 1096 1262 est,
1107 1225 1206 1265 inquit,
1218 1227 1294 1257 labra
1305 1229 1388 1258 nescit
1399 1240 1414 1258 a
1434 1230 1521 1264 erire;
1535 1230 1558 1259 si
1572 1230 1668 1270 loqua-

923 1271 980 1301 tur,
996 1266 1084 1294 Ausus
1104 1272 1159 1302 est‚
1186 1266 1212 1295 in
1234 1266 1288 1303 uit,
1304 1275 1397 1298 contra
1432 1269 1553 1298 ominum
1575 1281 1668 1300 vocem

923 1304 1054 1333 emittere.
1083 1304 1187 1334 Deinde
1204 1277 1274 1335 αἹίιιε
1296 1308 1421 1346 superbia
1439 1308 1551 1348 plenus,
1574 1310 1597 1338 si
1617 1321 1667 1350 pro

920 1342 1012 1381 justo,
1052 1354 1082 1372 ro
1100 1344 1186 1373 nobili
1209 1345 1270 1375 viro
1296 1347 1424 1376 suadetur
1450 1355 1559 1387 rogatus
1582 1350 1668 1379 ratio-

922 1391 983 1411 nem
1002 1354 1113 1412 reddere
1135 1383 1171 1412 ad
1193 1384 1288 1422 alium,
1309 1396 1401 1425 pacem
1422 1388 1574 1424 conciliare,
1590 1389 1667 1419 inali-

921 1421 1039 1460 tiamque
1059 1433 1107 1462 per
1130 1423 1267 1454 caritatem
1291 1424 1384 1455 sedare
1394 1448 1401 1461 ‚
1426 1427 1516 1456 statim
1539 1429 1667 1467 superbia

921 1460 1007 1490 elatus
1028 1461 1095 1490 dicit
1108 1473 1115 1489 ε
1129 1463 1222 1501 Egone
1240 1463 1275 1493 ad
1297 1464 1371 1494 hunc
1388 1465 1568 1495 descendam?
1582 1469 1606 1497 Ο
1620 1478 1667 1497 su-

939 1500 1059 1529 erbiaml
1074 1502 1137 1537 Quo
1150 1502 1208 1531 loco
1222 1509 1286 1539 stas,
1302 1510 1333 1532 ut
1347 1503 1513 1534 descendas?
1528 1506 1620 1545 Egone
1631 1507 1668 1536 ad

920 1510 1223 1571 Kuncdesoemlamssta
1237 1542 1359 1578 loquitur
1370 1554 1400 1572 ac
1408 1544 1430 1572 si
1441 1544 1536 1573 caelum
1546 1552 1571 1574 et
1582 1546 1668 1575 nubes

920 1578 1044 1607 calcaret.
1051 1579 1181 1608 Eamdem
1189 1587 1287 1609 terram
1296 1581 1392 1616 calcas,
1403 1593 1437 1611 ex
1446 1582 1538 1612 eadem
1549 1583 1607 1623 ipsa
1617 1595 1668 1614 nu-

919 1616 1007 1652 triris,
1022 1617 1049 1645 in
1058 1618 1180 1647 eamdem
1187 1620 1342 1656 reverteris,
1356 1620 1384 1650 iu
1398 1621 1455 1661 ipsa
1469 1622 1628 1659 tumularis;
1640 1631 1668 1654 et

923 1667 979 1694 quo
989 1656 1149 1686 descendis?
1165 1668 1219 1687 non
1232 1659 1372 1693 revereris,
1385 1670 1438 1689 non
1456 1661 1591 1691 erubescis
1605 1674 1667 1703 pas-

921 1696 1022 1724 sionem
1037 1696 1165 1725 Domini?
1178 1707 1231 1726 non
1249 1705 1275 1728 te
1294 1698 1377 1737 pudet
1389 1700 1486 1738 aequali
1503 1708 1549 1730 tuo
1564 1701 1663 1739 dicere,

922 1734 1014 1774 Egone
1036 1734 1064 1763 in
1083 1735 1135 1765 hoc
1157 1736 1337 1766 descendam?
1350 1748 1403 1767 non
1418 1745 1442 1768 te
1456 1738 1539 1779 pudet
1551 1740 1608 1770 haec
1618 1741 1666 1771 di-

920 1784 989 1808 cere,
1002 1784 1064 1803 cum
1077 1774 1144 1804 scias
1155 1777 1247 1806 Jesnm
1263 1787 1312 1816 pro
1324 1783 1349 1806 tc
1364 1777 1531 1808 descendisse
1539 1779 1553 1808 Ρ
1566 1781 1664 1811 Contra

920 1812 1078 1852 hujusmodi
1098 1814 1234 1851 animum,
1260 1816 1392 1855 talemque
1412 1818 1575 1857 superbiam,
1589 1819 1664 1850 decet

1087 489 1126 507 ua
1140 490 1276 509 mensura
1290 483 1381 510 mensi
1417 484 1528 518 ueritis,
1542 486 1673 513 remetie-
1686 492 1823 523 Matth.7.2.

920 1863 983 1881 cum
996 1853 1064 1882 Isaia
1077 1863 1181 1894 semper
1198 1855 1314 1884 clamare
1326 1867 1333 1900 ξ
1349 1857 1428 1895 Quid
1442 1860 1571 1897 superbit
1585 1866 1663 1889 terra
1674 1871 1747 1893 Ecclt.
1762 1877 1798 1894 ιο.

921 1898 949 1920 et
961 1893 1053 1924 cinis?
1061 1893 1166 1923 Verum
1178 1893 1213 1923 ad
1224 1902 1392 1935 propositum
1404 1903 1581 1927 revertamur.
1595 1900 1664 1937 Quis
1673 1909 1699 1932 9-

920 1931 996 1960 dabit
1005 1931 1126 1971 judicem
1139 1932 1208 1963 inter
1220 1945 1264 1964 me
1276 1941 1302 1963 et
1314 1935 1361 1964 te?
1375 1937 1418 1975 Ap
1439 1944 1494 1966 aret
1505 1937 1532 1966 in
1551 1937 1605 1967 fine
1614 1939 1663 1979 ju-

921 1978 978 2000 stus
989 1971 1006 2000 J
1010 1970 1092 2008 udex,
1101 1980 1262 2012 apparetque
1275 1973 1316 2003 illi
1328 1973 1362 2003 de
1373 1981 1417 2004 tur
1437 1976 1480 2005 ine
1492 1984 1518 2006 et
1531 1977 1662 2008 nubibus.

902 2011 904 2013 ’
923 2013 1044 2050 Apparet
1057 2011 1129 2040 Jobo
1148 2009 1183 2041 de
1200 2013 1330 2050 nubibus,
1346 2014 1459 2044 imbrem
1470 2016 1663 2047 benedictionis

921 2050 1070 2079 infusurus.
1094 2052 1212 2096 Apparet
1235 2052 1288 2092 ipsi
1312 2064 1346 2082 ex
1369 2054 1550 2094 nubibus‚qui
1574 2067 1663 2086 semen

920 2089 984 2118 fimo
997 2096 1119 2128 opertum
1138 2090 1298 2136 irrigaturus
1315 2099 1365 2129 est,
1381 2093 1531 2133 excitatque
1548 2096 1661 2133 Jobum,

920 2135 1041 2166 nutuque
1053 2128 1110 2158 solo
1121 2137 1254 2160 cruciatus
1264 2131 1388 2172 dissipat,
1404 2140 1472 2162 nutu
1485 2135 1542 2163 solo
1556 2135 1663 2174 lapsum

920 2167 1034 2203 excitat,
1055 2168 1145 2207 aitque
1166 2168 1208 2199 illi
1224 2170 1345 2211 :S11rge‚
1370 2173 1489 2212 accinge
1509 2177 1594 2213 quasi
1615 2177 1724 2203 virm».
1737 2181 1775 2209 4ο.
1789 2186 1812 2202 a.

922 2208 1035 2236 lumbos
1058 2214 1131 2237 tuos.
1153 2211 1268 2239 Interro
1289 2213 1345 2240 abo
1360 2218 1457 2240 autem
1481 2219 1509 2241 te
1524 2225 1532 2241 .·
1547 2219 1578 2242 tu
1592 2224 1662 2242 vero

921 2247 993 2276 mihi
1013 2248 1163 2287 responde.
1180 2221 1404 2289 Quamfoquidem
1424 2262 1465 2280 me
1483 2251 1517 2280 ad
1527 2252 1662 2291 judicium

920 2286 1032 2321 vocasti,
1044 2293 1070 2316 et
1092 2287 1198 2324 dixisti,
1212 2289 1282 2325 Quis
1303 2289 1378 2318 dabit
1394 2290 1515 2329 judicem
1536 2291 1606 2319 inter
1619 2301 1662 2319 me

919 2332 945 2354 et
966 2325 1012 2356 te?
1025 2336 1117 2365 surge,
1133 2334 1239 2357 strenue
1259 2328 1369 2363 athleta,
1385 2330 1433 2367 qui
1453 2339 1487 2357 ex
1502 2329 1661 2358 calamitatis

919 2365 999 2405 plaga
1013 2375 1065 2394 non
1083 2367 1175 2407 lapsus
1200 2377 1241 2402 οε,
1255 2377 1345 2406 surge.
1362 2368 1391 2397 Si
1405 2367 1466 2405 quis
1488 2368 1559 2396 eniin
1582 2368 1663 2396 casti-

919 2411 996 2443 gatus
1027 2411 1134 2437 strenue
1160 2407 1227 2435 serat
1253 2406 1429 2435 calamitatem
1461 2413 1486 2434 et
1512 2406 1662 2474 castigatio-

919 2454 996 2481 nem,
1017 2455 1032 2473 a
1053 2446 1110 2474 Deo
1132 2445 1207 2474 audit
1226 2445 1315 2480 illud,
1329 2445 1434 2484 Surge,
1451 2452 1480 2473 ut
1500 2456 1569 2483 quan
1592 2456 1608 2474 o
1626 2445 1660 2474 ad

919 2483 1068 2513 Jerusalem
1083 2484 1150 2513 dicit
1167 2495 1172 2510 :
1192 2486 1333 2522 Exsurge,
1345 2484 1521 2519 Jerusalem,
1533 2495 1598 2523 quoe
1619 2486 1660 2513 bi·
1673 2493 1810 2524 lsai.51.17.

920 2524 988 2553 bisti
998 2524 1118 2553 calicem
1130 2525 1181 2552 irae
1197 2533 1274 2551 mete.
1287 2522 1420 2561 Accinge
1438 2524 1512 2551 sicut
1526 2526 1577 2552 vir
1587 2524 1660 2553 lum-

920 2569 970 2596 bos
990 2574 1063 2597 tuos.
1083 2568 1271 2607 Inter-rogabo
1289 2573 1386 2596 autem
1407 2574 1452 2607 te,
1482 2575 1513 2598 tu
1529 2579 1598 2599 vero
1618 2580 1661 2599 re-
