1904 2840
650 190 682 212 ΙΝ
708 190 731 212 Μ
736 189 911 214 ATTHAEUM.

173 253 202 282 in
219 258 356 293 potestate.
370 252 407 282 Et
417 252 466 298 qui
481 251 550 281 scire
562 251 707 280 noluerunt
723 261 804 290 quam
823 251 911 280 dulcis

139 299 141 301 ’
173 299 213 322 est
223 291 406 322 misericordia
423 301 493 331 ejus,
502 290 616 320 sentiant
630 301 711 329 quam
723 291 814 330 gravis
826 297 865 319 est
873 290 911 319 ira

173 331 182 360 i
218 331 267 360 ἰιι
280 332 366 361 Deus
385 338 493 368 noster,
505 337 533 360 et
552 341 611 359 non
633 330 740 359 silebit.
757 331 818 359 Non
829 329 910 366 dixit,

173 342 323 406 ffsilebit,
336 370 476 400 ostendens
488 370 551 409 quia
559 370 623 438 ¹iipse·
632 369 744 408 quidem
756 369 790 399 de
803 379 831 399 se
842 376 912 398 tace·

939 191 1056 216 nomn.
1084 193 1152 216 Liv.
1628 187 1700 236 969

926 255 945 278 Α
961 259 1049 282 autem
1062 254 1163 299 venerit
1182 261 1286 295 tempus
1299 255 1368 286 illud
1383 256 1491 287 beatum
1505 258 1623 296 vernale,
1639 259 1696 288 dis-

962 297 1130 322 cernuntur:
1151 301 1187 323 na
1209 305 1280 324 nunc
1302 296 1485 336 unusquisque
1506 297 1654 328 secundum
1667 299 1701 327 fi-

963 330 1113 377 dem-suam·
1123 339 1149 362 et
1163 333 1309 363 secundum
1322 345 1338 364 o
1358 346 1401 365 era
1415 346 1463 366 sua
1477 336 1698 375 manifestabitur,

964 380 1056 410 tmpus
1067 372 1176 410 quidem
1190 373 1264 402 nulla
1286 384 1335 414 pro
1346 375 1482 405 erentibus
1502 375 1577 412 solia,
1593 377 1700 407 nullum

21 416 108 439 Manh.
127 422 162 446 ¹7·
172 410 224 446 bit,
242 409 290 439 sed
309 410 370 451 ipsa
384 410 469 450 gloria
483 411 542 450 ejus
579 420 594 439 e
615 420 674 455 ipso
700 409 836 448 loquatur.
852 408 912 438 Ali-
964 410 1164 440 ostendentibus
1177 412 1295 442 fructum
1311 426 1317 442 :
1334 415 1417 444 sancti
1429 422 1517 444 autem
1531 422 1558 445 et
1569 416 1641 446 foliis
1651 427 1698 446 ve-

21 454 46 489 95
173 449 281 488 quando
299 450 517 490 transfiguratum
542 459 604 478 eum
626 459 654 478 ιιι
679 456 768 478 monte
792 447 913 478 videntes
962 448 1075 479 stientur
1098 450 1159 480 vitae
1185 458 1298 489 aeternae,
1313 459 1339 482 et
1362 453 1494 484 fructibus
1518 455 1699 485 onerabuntur

171 489 298 534 apostoli,
307 496 466 529 acceperunt
474 488 628 518 mandatum
635 498 670 517 ne
680 488 725 518 eui
735 488 864 523 dicerent,
879 497 913 516 ne
963 488 1065 555 {glor-iai.
1074 490 1109 519 Et
1118 490 1170 519 hoc
1180 491 1260 520 modo
1271 493 1480 532 segregabuntur
1492 505 1507 523 a
1521 495 1636 524 Domino
1647 507 1697 525 cae—

174 528 314 558 vrderetur
330 529 454 558 Christus
465 540 513 569 per
527 529 671 568 potentiam
693 527 838 567 subjugare
858 526 912 555 sibi
974 528 1022 557 esti
1036 536 1150 568 pastore.
1164 530 1200 559 Et
1214 537 1304 570 pastor
1325 532 1435 569 quidem
1447 533 1594 572 corporalis
1606 544 1698 564 seare*

171 568 314 608 populum,
335 575 361 597 et
387 578 439 598 non
463 579 513 609 per
535 567 627 597 fidem.
648 569 726 597 'runc
746 573 836 596 autem
854 566 911 604 jam
962 573 1007 605 gat
1021 568 1167 598 secundum
1182 577 1290 600 naturas
1302 581 1456 611 corporum,
1467 573 1590 602 Christus
1609 558 1698 604 aul’tem

171 617 249 637 neno
270 608 378 645 tacebit,
392 608 456 647 quia
472 618 524 637 non
538 614 578 637 est
598 614 729 638 venturus
748 605 838 635 adhuc
852 610 910 634 ten·
961 607 1108 636 secundum
1135 618 1230 647 genera
1259 610 1408 640 animarum
1425 619 1544 651 segregat
1564 612 1694 643 homines.

170 653 227 676 tare
239 647 401 684 fidelesfsed
411 649 468 687 jam
478 647 591 688 perdeoe
605 646 736 677 infideles.
749 645 827 676 Tunc
837 654 908 685 prae-
961 645 1033 675 Oves
1044 654 1105 676 sunt
1113 647 1233 677 homines
1241 649 1318 688 justi,
1332 657 1443 689 propter
1455 652 1696 690 mansuetudinem,

171 686 303 716 dicatum
328 687 469 716 necessarii
491 697 544 716 non
568 693 657 716 erunt.
682 687 753 716 Nam
777 685 827 714 etsi
854 694 909 714 vox
960 685 1024 723 quia
1045 685 1098 726 ipsi
1120 687 1252 716 neminem
1275 688 1375 718 laedunt
1385 701 1391 717 :
1403 696 1512 728 propter
1532 691 1684 729 patientiam

170 726 291 755 omnium
302 733 397 760 taceat,
411 727 481 757 visio
493 727 501 757 i
523 737 551 755 sa
569 725 705 760 clamabit,
711 725 786 760 ,sicut
799 724 857 764 ipse
874 723 909 753 de
960 724 1023 762 quia
1036 735 1098 754 cum
1109 726 1144 754 ab
1157 726 1218 755 aliis
1230 726 1286 757 laesi
1307 728 1416 764 fuerint,
1431 729 1570 759 sustinent.
1585 730 1621 759 Et
1629 715 1698 761 sicui

21 769 107 792 Mauh.
122 767 159 799 24.
172 765 290 795 secundo
301 777 350 795 suo
362 766 480 796 adventu
514 766 558 795 'cit
571 778 579 794 z
592 765 673 795 Sicut
677 764 785 805 fulgor
796 766 856 792 exit
870 765 907 792 ab
959 773 1034 796 oves.
1045 764 1152 803 quando
1167 765 1295 805 ligantur,
1308 774 1354 796 aut
1368 773 1463 804 tacent,
1475 769 1554 797 autin
1567 769 1697 810 simplici-

21 808 59 830 27·
173 806 302 842 Oriente,
324 813 350 835 et
371 812 455 845 paret
478 815 570 845 usque
593 805 634 834 ad
657 805 852 839 Occidentem,
867 805 909 832 sic
958 809 1012 832 tate
1023 803 1174 835 halanusic
1183 812 1209 834 et
1222 806 1591 844 sancti,‹:umlaeduntur,aut
1599 816 1685 839 tacent

171 846 227 873 erit
237 846 380 874 adventus
391 845 466 874 Filii
479 846 616 874 hominis.
638 844 718 874 Tunc
737 844 847 872 sedebit
858 852 908 871 su·
925 849 943 872 B
959 849 1006 871 aut
1022 850 1092 873 certe
1103 844 1130 873 in
1147 844 1310 884 benignitate
1327 846 1443 886 probati,
1457 857 1546 886 preces
1558 833 1696 879 transmit-²

168 894 222 922 per
232 885 328 914 sedem
347 885 508 923 majestatis
530 894 601 913 suce-
617 883 723 913 Scimus
744 882 890 912 certissime
899 903 907 918 ‚
960 887 1020 911 tunt
1031 882 1066 912 ad
1076 885 1174 912 Deum.
1183 884 1218 913 Et
1227 885 1296 914 sicut
1305 885 1364 914 ovis
1376 885 1411 914 ad
1424 894 1536 915 mortem
1544 887 1654 917 ducitur
1671 897 1697 919 et

170 923 235 962 quia
252 923 328 954 sedes
349 923 450 953 Christi
471 923 592 952 homines
614 930 686 952 sunt.
701 924 772 952 Cum
791 932 855 960 ergo
875 921 909 950 de
960 931 1012 950 non
1027 922 1142 957 alaman
1156 923 1209 953 vita
1220 924 1278 964 ejus
1291 924 1405 960 tollitur,
1415 932 1441 954 et
1452 927 1627 956 mansuetudo
1637 911 1696 967 eius

171 963 260 1002 primo
271 962 387 993 adventu
406 970 434 993 et
446 973 555 992 ascensu
567 963 668 992 Christi
680 961 753 991 dicat
766 961 907 1001 propbeta,
960 970 1012 990 non
1021 961 1178 991 immutatur
1188 975 1194 992 ε
1205 962 1242 992 sic
1251 965 1364 993 etsancti
1381 963 1589 1003 maledicuntur,
1604 973 1630 995 et
1642 961 1694 997 non

170 1002 270 1032 sedisse
282 1013 344 1032 eum
355 1013 435 1042 super
449 1002 538 1032 sedem
552 1009 669 1031 sanctam
682 1012 769 1036 suam,
782 1001 833 1030 hoc
848 1011 909 1029 mo-
961 1001 1152 1030 remaledicunt
1162 1014 1168 1030 :
1178 1003 1373 1041 percutiuntur,
1386 1010 1412 1033 et
1421 1014 1471 1033 non
1493 1006 1675 1044 repercutiunt
1687 1020 1693 1036 ι

21 1049 88 1075 Psal.
106 1049 145 1079 46.
170 1041 208 1070 do
223 1055 230 1071 z
243 1042 388 1071 Ascendit
407 1043 487 1071 Deus
507 1044 540 1070 in
558 1043 690 1080 strepitu,
714 1042 857 1069 Dominus
877 1042 909 1069 in
959 1040 1028 1069 bona
1040 1051 1133 1070 eorum
1146 1040 1322 1081 diripiuntur,
1337 1049 1363 1071 et
1374 1043 1417 1072 illi
1430 1053 1483 1072 non
1494 1044 1693 1076 contradicunt:

23 1079 46 1102 θ’
65 1087 89 1111 9·
171 1092 244 1111 voce
258 1082 333 1110 tubae
349 1094 356 1109 :
372 1082 452 1111 Deus
465 1083 545 1110 sedet
567 1092 601 1110 su
621 1085 656 1110 ert
665 1081 762 1110 sedem
775 1086 909 1109 sanctam
959 1079 1079 1109 dolorem
1093 1080 1219 1117 sentiunt,
1233 1088 1260 1110 et
1279 1082 1420 1111 clamorem
1438 1093 1490 1111 non
1509 1083 1643 1114 emittunt.
1659 1085 1695 1116 Et

170 1130 254 1150 suam
267 1133 277 1149 .-
292 1120 426 1159 quomodo
442 1121 487 1150 hic
504 1131 583 1150 secun
607 1131 651 1149 um
665 1131 745 1150 suum
763 1119 909 1150 adventum
959 1118 1026 1158 quid
1049 1130 1116 1159 opus
1137 1126 1176 1149 cst
1198 1120 1371 1156 clamoribus,
1391 1132 1453 1151 cum
1473 1122 1520 1151 ille
1541 1123 1588 1161 qui
1609 1132 1694 1160 nocet,

169 1171 316 1200 exponens,
330 1160 408 1195 dicit,
428 1162 510 1190 Tunc
522 1160 629 1189 sedebit
639 1170 724 1199 super
736 1160 832 1189 sedem
845 1159 908 1198 glo·
958 1169 1011 1187 non
1024 1159 1174 1195 miseretur,
1187 1160 1290 1189 etiamsi
1300 1160 1476 1190 clamaveris?
1490 1161 1537 1191 ille
1547 1169 1635 1192 autem
1647 1165 1694 1209 qui

169 1201 221 1229 rioe
232 1202 310 1229 suae?
321 1199 375 1230 Sed
387 1201 449 1230 vide
461 1200 524 1239 quia
539 1201 566 1229 in
583 1199 671 1239 primo
683 1199 800 1228 adventu
820 1198 909 1228 sedem
959 1198 1110 1227 misericors
1118 1206 1169 1234 est,
1183 1199 1334 1235 miseretur,
1345 1200 1511 1229 etiamsinon
1525 1201 1692 1239 clamaveris,

169 1239 271 1269 Christi
285 1246 402 1269 sanctam
415 1240 499 1276 dixit,
518 1240 546 1268 in
570 1238 686 1268 seeundo
702 1245 790 1267 autem
809 1238 909 1277 glorio·
960 1237 1036 1267 audit
1049 1245 1074 1267 et
1086 1238 1181 1267 videt?
1193 1238 1292 1268 Hoedos
1310 1246 1398 1268 autem
1412 1239 1531 1270 homines
1546 1249 1694 1280 peccatores

169 1289 237 1307 sam.
253 1279 416 1316 Quomodo?
430 1281 463 1310 In
477 1279 564 1319 primo
577 1278 693 1308 adventu
707 1277 848 1308 mundavit
861 1288 909 1307 nos
959 1277 1036 1312 dicit,
1049 1278 1112 1316 quia
1126 1278 1153 1307 in
1167 1278 1253 1317 capris
1271 1278 1428 1307 naturaliter
1441 1279 1496 1309 haec
1510 1280 1600 1310 insunt
1611 1281 1674 1311 vitia
1686 1295 1693 1317 3

168 1328 217 1358 per
237 1319 361 1355 verbum,
377 1319 445 1349 lavit
485 1329 516 1348 er
536 1328 645 1357 aquam,
664 1317 839 1347 sanctificavit
861 1328 908 1357 per
959 1317 1046 1346 libido
1067 1327 1124 1356 pree
1145 1317 1245 1346 caeteris
1268 1317 1447 1354 animalibus,
1466 1319 1600 1359 superbia,
1623 1321 1693 1350 rixa.

168 1357 301 1397 Spiritum
318 1368 326 1385 ε
342 1358 370 1387 in
381 1369 462 1389 menn
483 1369 499 1387 o
512 1365 601 1387 autem
618 1357 779 1396 glorificabit
797 1367 843 1424 per
863 1367 909 1385 re-
959 1357 1071 1396 Semper
1085 1356 1156 1385 enim
1174 1366 1201 1385 se
1220 1359 1394 1396 percutientes
1416 1357 1552 1395 incedunt,
1573 1366 1598 1388 ct
1614 1360 1695 1390 modo

17 1401 108 1432 Philip.
119 1402 144 1425 3.
169 1400 371 1434 surrectionem,
382 1409 444 1428 cum
454 1395 682 1427 transformaverit
688 1406 739 1425 cor
758 1406 790 1424 us
819 1395 910 1424 umili-
959 1395 1070 1425 humero
1095 1395 1232 1435 pulSante,
1257 1395 1391 1425 interdum
1422 1407 1503 1426 cornu
1529 1399 1692 1437 percutiunt.

17 1438 58 1455 ²¹·
170 1436 230 1465 tatis
240 1443 348 1474 nostrae,
361 1445 391 1467 ut
403 1438 451 1467 fiat
460 1438 596 1466 conforme
605 1435 711 1480 corpori
726 1407 817 1473 gloriae
826 1436 886 1474 ejus
900 1445 907 1462 :
925 1441 943 1465 c
959 1435 1026 1464 Item
1038 1435 1125 1463 invidi
1139 1435 1191 1463 sibi
1203 1434 1336 1464 alterutro
1351 1435 1472 1465 invident
1488 1449 1494 1465 ε
1506 1437 1577 1466 sicut
1591 1437 1692 1478 signifi·
1703 1460 1793 1477 ccxx„

21 1496 42 1511 1,
55 1490 108 1513 σω,
122 1491 158 1514 ,5,
169 1485 232 1505 cum
248 1476 371 1506 seminati
391 1477 492 1506 fuerint
511 1476 632 1505 homines
653 1485 681 1503 m
698 1474 862 1510 infirmitate,
881 1482 908 1503 et
959 1481 1000 1503 cat
1017 1474 1142 1503 Salomon
1157 1473 1190 1502 de
1202 1474 1309 1510 invidis,
1323 1474 1413 1503 dicens
1429 1486 1435 1501 ι
1449 1476 1528 1504 Sicut
1540 1486 1638 1515 capra,
1650 1482 1692 1508 sic
1702 1487 1780 1508 Eccle.

16 1518 57 1550 43.
67 1519 107 1551 44.
169 1516 333 1545 surrexerint
346 1516 374 1544 in
384 1516 470 1555 gloria
485 1526 492 1545 ς
508 1525 571 1544 cum
589 1513 711 1542 seminati
730 1513 830 1542 fuerint
849 1521 907 1542 eor·
958 1515 1060 1551 aspicit
1072 1514 1188 1541 utinam
1204 1514 1330 1552 proximi
1344 1515 1399 1542 sui.
1415 1515 1480 1543 Item
1491 1516 1618 1554 jactantes
1631 1525 1693 1548 sunt
1706 1525 1741 1541 ¹¹·
1753 1516 1791 1539 33-

958 1558 983 1580 et
991 1551 1216 1590 gloriantes,sicut
1227 1551 1296 1580 idem
1306 1551 1436 1591 significat
1444 1554 1578 1590 Salomon,
1584 1555 1674 1586 dicens
1683 1569 1690 1586 :

962 1591 1031 1620 Tria
1046 1597 1124 1627 sunt,
1141 1601 1205 1630 quoe
1227 1593 1364 1620 securiter
1378 1593 1541 1628 ambulant,
1556 1594 1601 1623 leo
1615 1597 1692 1625 inter
1705 1603 1771 1624 va.
1784 1598 1823 1620 30.

953 1632 1099 1670 jumenta,
1111 1629 1210 1667 gallus
1230 1631 1306 1659 inter·
1315 1631 1453 1670 gallinas,
1464 1639 1492 1661 et
1507 1634 1604 1662 hircus
1615 1646 1689 1673 proe-
1700 1632 1812 1664 29--3¹·

168 1555 285 1600 porales,
299 1561 325 1583 et
347 1555 512 1584 surrexerint
528 1553 680 1593 spirituales
696 1564 703 1580 z
721 1559 785 1581 tunc
804 1550 907 1581 sedebit

168 1605 196 1624 ιιι
216 1593 278 1623 sede
300 1594 392 1632 gloriae
415 1604 481 1629 suae,
496 1603 558 1622 cum
580 1591 655 1620 sedes
676 1591 734 1630 ejus
755 1590 805 1619 hoc
825 1590 905 1620 modo

168 1634 236 1663 facta
247 1633 326 1662 suerit
338 1633 463 1672 gloriosa.
472 1634 521 1662 32.
531 1633 572 1660 Et
580 1631 831 1670 congregcfbunlur
836 1636 906 1659 ante

169 1685 234 1704 eum
256 1683 354 1702 omnes
368 1679 476 1713 gentes.
490 1670 561 1708 Quia
577 1670 701 1699 omnibus
716 1669 839 1706 gentibus
857 1679 904 1698 ω-

169 1714 294 1754 gnitionis
302 1722 356 1741 suae
365 1711 478 1752 gratiam
489 1708 659 1743 condonavit,
666 1708 790 1748 judicans
798 1709 870 1748 juste
878 1708 905 1738 in

170 1761 295 1792 utroque,
305 1761 334 1782 ut
345 1762 394 1781 nec
405 1750 544 1786 boni,sine
556 1748 677 1778 doctrina
689 1748 820 1784 veritatis,
828 1748 904 1784 boni,

167 1794 230 1823 tatis
246 1803 300 1822 suae
311 1793 414 1821 fructus
430 1790 551 1819 amittant
566 1800 572 1816 ε
589 1798 636 1817 nec
647 1787 722 1823 mali,
735 1794 844 1827 propter
860 1798 906 1816 ex-

167 1833 331 1863 cusationem
351 1830 515 1870 ignorantiae,
526 1827 634 1858 malitiae
655 1837 709 1856 suze
727 1837 818 1866 poenas
831 1826 905 1855 eft'u-

167 1873 251 1913 giant.
264 1873 334 1901 Nam
345 1871 414 1900 sicut
427 1869 455 1898 in
468 1875 544 1898 nocte
561 1877 652 1897 rerum
665 1866 744 1895 facies
755 1876 808 1895 non
822 1876 904 1934 appa-

167 1919 218 1947 ret,
232 1911 279 1940 sed
297 1917 323 1940 et
345 1919 448 1948 gemma
465 1908 543 1946 quasi
562 1907 631 1946 lapis
650 1905 768 1941 videtur,
788 1912 814 1934 et
846 1905 904 1945 apis

166 1950 243 1990 quasi
262 1960 366 1990 gemma
384 1947 552 1978 existimatur
568 1958 574 1975 ε
590 1946 629 1975 sic
645 1951 672 1974 et
690 1952 750 1974 ante
759 1944 903 1974 adventum

165 1990 277 2026 Christi,
293 1990 471 2018 humanorum
487 1986 610 2016 cordium
624 1984 774 2014 differentia
787 1994 839 2012 non
855 1994 904 2023 ap-

185 2030 286 2065 arebat,
298 2028 346 2058 sed
355 2035 381 2057 et
396 2026 462 2056 mali
474 2025 550 2064 quasi
566 2025 629 2054 boni
640 2023 864 2059 sustentabantur,
878 2030 904 2052 et

165 2041 230 2098 lioni
244 2068 319 2107 quasi
332 2067 395 2096 mali
406 2065 650 2095 contemnebantur.
662 2066 696 2092 At
709 2063 754 2092 ubi
769 2063 903 2091 illumina-

165 2109 205 2138 tio
215 2107 347 2148 evangelii
361 2106 397 2136 ad
409 2115 500 2135 omnes
511 2111 600 2142 gentes
615 2102 755 2143 proedicata
768 2102 901 2142 pervenit,

165 2155 230 2176 tunc
240 2147 403 2175 manifestata
415 2151 455 2173 est
465 2144 579 2182 qualitas
589 2143 708 2172 omnium
721 2142 901 2177 voluntatum,
922 2159 924 2162 >

166 2193 231 2215 tunc
251 2195 343 2214 omnes
362 2190 451 2223 gentes
471 2182 665 2213 inexcusabiles
684 2182 758 2210 saeue
779 2187 851 2209 sunt.
867 2181 903 2210 Et

166 2225 374 2263 ideotuncjuste
381 2221 555 2262 adjudicium
562 2221 793 2261 congregabuntur
802 2230 902 2255 omncs,

166 2265 228 2303 quia
241 2264 288 2302 qui
300 2262 454 2292 mandatum
467 2261 613 2300 pra-mittit,
625 2258 844 2297 tacitejudicium
859 2259 902 2288 fu-

166 2311 257 2334 turum
265 2313 321 2332 oese
333 2300 480 2331 denuntiat.
498 2301 579 2329 Tune
587 2300 745 2338 segregabit
759 2308 807 2326 eos
816 2300 852 2326 ab
860 2300 904 2326 in-

166 2345 273 2379 vicem,
292 2343 367 2371 sicut
385 2347 514 2385 segregat
529 2345 633 2384 pastor
652 2348 718 2366 oves
741 2338 777 2366 ab
799 2338 901 2366 hoedis.

167 2384 246 2412 Tunc
263 2381 336 2411 enim
354 2380 474 2409 homines
499 2377 577 2407 mixti
600 2383 680 2412 sunt,
696 2383 722 2405 et
741 2386 792 2405 non
815 2376 903 2405 solum

168 2419 397 2460 mixti,quomodo
410 2420 435 2447 in
449 2417 541 2447 iisdem
552 2417 617 2446 locis
626 2415 707 2445 simul
716 2422 906 2444 conversentur

165 2461 231 2500 justi
242 2471 304 2489 eum
318 2459 419 2499 impiis,
430 2457 476 2486 sed
486 2457 564 2486 etiam
577 2454 679 2485 confusi
693 2454 903 2492 sunt,quomodo

170 2501 238 2528 inter
250 2501 336 2539 justos
354 2506 380 2527 et
398 2497 505 2536 impios,
520 2502 649 2534 quantum
668 2493 703 2525 ad
716 2494 835 2523 homines
849 2493 904 2523 dis·

170 2539 251 2568 cretio
265 2549 316 2567 non
330 2543 450 2577 apparet.
466 2535 541 2565 Sicut
554 2535 580 2563 in
596 2541 715 2572 tempore
728 2533 823 2562 hiemis
837 2534 904 2562 inter

171 2577 271 2607 virides
283 2584 309 2606 et
331 2576 418 2606 aridas
431 2575 538 2604 arbores
555 2573 681 2603 discretio
696 2583 748 2602 non
771 2579 827 2611 est;
841 2583 902 2602 cum

957 1670 1060 1699 cedens
1083 1679 1196 1708 capras.
1216 1671 1282 1698 Item
1301 1680 1387 1709 caprae
1409 1671 1526 1701 multum
1550 1673 1692 1704 trahuntur

956 1707 1169 1749 concupiscentia
1200 1709 1280 1747 gulae.
1313 1710 1425 1749 Propter
1451 1711 1540 1750 gulam
1577 1720 1690 1752 namque

957 1759 1031 1778 suam
1045 1759 1093 1788 per
1106 1758 1170 1777 saxa
1190 1754 1216 1777 et
1229 1748 1374 1788 praecipitia
1394 1750 1547 1788 ambulant,
1565 1758 1591 1781 et
1609 1763 1690 1793 super

957 1787 1105 1828 praecipitia
1119 1797 1149 1816 se
1169 1787 1344 1826 suspendunt.
1354 1789 1422 1818 Item
1435 1789 1597 1820 clamoribus
1610 1803 1689 1832 super

957 1827 1044 1856 omnia
1057 1826 1182 1866 garrulae.
1196 1828 1229 1857 In
1248 1826 1373 1857 omnibus
1389 1828 1432 1857 his
1444 1829 1518 1858 vitiis
1539 1838 1689 1870 peccatores

956 1865 1104 1903 abundant,
1116 1872 1143 1894 et
1163 1865 1223 1895 ideo
1236 1865 1323 1895 hoedis
1345 1874 1407 1896 sunt
1427 1868 1575 1898 assimilati.
1592 1871 1688 1902 Adhuc

955 1916 1057 1944 quaero,
1072 1915 1154 1943 quare
1168 1916 1221 1935 non
1237 1916 1329 1935 eorum
1349 1906 1448 1935 similes
1462 1907 1612 1939 introduxit
1624 1917 1687 1940 aeta-

956 1952 1004 1981 tes,
1016 1944 1120 1974 dicens:
1129 1945 1170 1973 Ita
1181 1945 1314 1985 separabit
1325 1956 1380 1980 eos,
1392 1946 1460 1975 sicut
1473 1957 1536 1976 oves
1545 1949 1580 1977 ab
1587 1949 1684 1979 hircis:

955 1991 1002 2013 aut
1016 1986 1061 2019 ita,
1076 1984 1152 2014 Sicut
1164 1994 1246 2024 agnos
1259 1984 1294 2013 ab
1311 1984 1419 2014 hoedis?
1433 1986 1487 2015 Sed
1509 1987 1597 2018 videte
1617 2000 1686 2028 quo-

920 2029 939 2052 Ι)
955 2023 1035 2053 modo
1044 2023 1136 2053 volens
1146 2021 1293 2060 ostendere,
1308 2031 1410 2054 sanctos
1421 2025 1547 2064 perfectos
1559 2028 1586 2056 in
1600 2029 1685 2057 omni·

954 2063 1016 2099 bus,
1029 2063 1165 2102 ponendos
1186 2062 1222 2091 ad
1237 2062 1371 2093 dexteram
1388 2075 1394 2091 :
1409 2071 1435 2093 et
1457 2065 1553 2105 impios
1578 2067 1686 2097 omnino

954 2102 1143 2139 infmctuosos,
1155 2101 1190 2131 ad
1212 2101 1345 2132 sinistram
1363 2114 1369 2131 :
1385 2103 1445 2133 ideo
1465 2112 1578 2143 sanctos,
1596 2118 1659 2136 oves
1676 2119 1682 2135 z

953 2141 1050 2181 impios
1063 2148 1151 2170 autem
1163 2141 1257 2186 htx-tdos
1269 2142 1385 2171 vocavit.
1397 2144 1539 2179 Quomodo
1551 2147 1623 2185 agni,
1635 2146 1684 2175 etsi

954 2187 1046 2209 natura
1072 2187 1202 2209 mansueti
1224 2187 1302 2217 sunt,
1319 2188 1405 2210 tamen
1428 2193 1479 2211 non
1496 2191 1558 2213 sunt
1577 2185 1684 2214 omnino

953 2219 1081 2249 fructiferi
1100 2226 1211 2259 propter
1231 2227 1333 2249 aetatem
1348 2221 1486 2251 :fructum
1507 2223 1576 2252 enim
1596 2224 1684 2252 adhuc

954 2269 1006 2288 non
1020 2259 1119 2288 habeut
1137 2259 1213 2288 lactis
1226 2266 1251 2288 ct
1265 2259 1339 2288 lanae.
1351 2261 1418 2289 Item
1430 2272 1515 2300 caprae
1539 2262 1586 2291 etsi
1610 2262 1684 2291 mali-

954 2309 1012 2366 ῗικιι
1027 2305 1088 2327 sunt
1099 2309 1132 2327 ex
1145 2305 1250 2334 natura,
1263 2305 1348 2328 tamen
1362 2310 1396 2328 ex
1408 2300 1496 2338 aliqua
1510 2308 1585 2339 parte
1594 2301 1683 2330 fructi·

964 2348 1015 2366 erae
1029 2344 1092 2367 sunt
1142 2348 1156 2366 r
1167 2344 1269 2367 aetatem
1283 2348 1292 2375 5
1307 2338 1380 2366 lactis
1390 2338 1459 2366 enim
1480 2339 1684 2369 abundantiores

955 2377 1082 2406 exhibent
1114 2384 1216 2406 ructus.
1235 2376 1313 2405 Hoedi
1327 2383 1415 2405 autem
1436 2383 1460 2405 et
1485 2378 1547 2405 mali
1571 2386 1631 2407 sunt
1650 2389 1684 2408 cx

955 2423 1048 2445 natura
1060 2439 1067 2451 ,
1092 2422 1118 2444 et
1144 2415 1252 2444 omnino
1277 2415 1431 2444 infructuosi
1454 2422 1516 2444 sunt
1541 2427 1575 2445 ex
1597 2424 1681 2446 aetate.

954 2457 1004 2485 55.
1021 2457 1060 2484 Et
1074 2461 1185 2484 statuet
1194 2464 1260 2483 oves
1270 2455 1310 2483 ad
1321 2454 1468 2483 dez-teram
1485 2464 1576 2489 suam,
1586 2457 1684 2486 ltoedos

954 2501 1049 2523 autem
1061 2495 1100 2523 ad
1109 2495 1266 2522 sinistram.
1275 2492 1388 2528 Quando
1397 2492 1494 2531 aliquis
1505 2500 1564 2522 ante
1574 2505 1683 2534 conspe-

955 2540 1026 2563 ctum
1039 2533 1109 2572 regis
1123 2539 1168 2561 aut
1178 2531 1277 2571 judicis
1288 2530 1477 2567 introducitur,
1490 2543 1523 2561 ex
1537 2533 1595 2572 ipso
1610 2534 1667 2564 loco
1679 2557 1685 2568 ,

957 2573 1003 2602 ubi
1014 2579 1082 2602 stare
1094 2571 1214 2610 jubetur,
1231 2569 1366 2609 intelligit,
1382 2570 1404 2599 si
1418 2578 1525 2610 propter
1537 2572 1637 2602 bonum
1651 2574 1688 2602 iu-
