1904 2840
682 176 725 200 DE
751 178 899 201 SUSANNA
930 177 1040 201 SERMO
1047 193 1055 201 .

80 238 209 279 φροσύνης
225 239 321 272 κᾶλλος
339 239 468 274 ἀντλῆσαι
485 237 607 274 ἠδύνατο.
619 237 727 274 Ταύτης
740 239 767 267 ἐν
786 240 843 267 ἐπι-

78 279 159 319 θυμίᾳ
167 278 289 318 γεγόνασι
296 278 342 308 δύο
349 277 523 318 πρεσὸύτεροι
533 280 579 306 τοῦ
588 279 663 312 λαοῦ,
674 279 698 307 οἱ
710 279 846 311 δοκοῦντες

77 318 206 358 κυὸερνᾶν
218 318 249 347 τὸ
266 317 397 357 ποίμνιον,
410 317 456 346 καὶ
469 318 578 350 ἕκαστος
597 318 683 347 αὖτῶν
701 317 778 358 φλογὶ
796 319 846 353 τῆς

77 350 216 396 ἐπιθυμίας
235 357 389 396 καιόμενος,
413 357 519 397 θάτερος
540 357 642 397 θατέρῳ
663 357 694 388 τὸ
717 357 845 398 ἔγκρυφον

77 399 125 432 τῆς
138 396 247 437 καρδίας
267 400 321 448 πῦρ
339 399 489 437 φανερῶσαι
510 396 652 437 ᾐσχύνετο.
669 396 722 426 Καὶ
745 398 772 426 ἐν
797 402 846 437 μιᾷ

77 438 131 465 τῶν
143 439 251 476 ἡμερῶν
264 439 385 477 ἑκατερος
397 438 482 466 αὐτῶν
495 436 544 466 λάθ
568 467 574 476 .
589 439 635 466 τοῦ
647 436 751 477 ἑταίρου
766 437 845 466 αὐτοῦ

77 475 158 511 ἀπήει
170 479 384 506 κατασκοπῶσαι
398 476 446 512 τὴν
460 477 612 506 Σουσανναν
624 488 632 495 ·
648 476 694 506 καὶ
707 475 846 516 εὑρηκότες

1218 212 1222 222 f
1572 182 1591 214 7
1601 181 1643 216 ¹9

899 238 999 268 dicitiae
1016 238 1244 278 pulchritudinem
1258 245 1362 280 poterat
1372 239 1493 270 haurire.
1507 241 1599 281 Hujus
1614 242 1641 270 in

898 278 1140 318 concupiscentiam
1159 286 1311 309 exarserant
1331 279 1388 309 duo
1401 280 1495 320 populi
1510 281 1640 317 seniores,

899 318 946 356 qui
996 318 1092 363 pulum
1101 328 1191 357 regere
1201 318 1372 354 videbantur,
1382 326 1408 348 et
1421 330 1513 349 eorum
1526 321 1641 360 quisque

898 328 1022 386 libitiii'ns
1035 357 1132 386 ardens
1145 357 1253 388 flamma
1263 359 1331 388 alter
1343 358 1418 388 alteri
1430 360 1566 389 occultum
1579 372 1641 391 cor-

898 396 942 426 dis
954 397 1043 436 ignem
1051 397 1222 427 erubescebat
1231 399 1342 438 aperire.
1360 401 1399 430 Ac
1412 398 1456 428 die
1470 399 1587 439 quodam
1595 411 1642 433 eo-

899 447 961 465 rum
970 444 1082 475 uterque
1092 437 1159 466 clam
1169 438 1240 468 socio
1250 448 1298 467 suo
1306 439 1456 468 Susannam
1469 440 1639 470 observatum

898 476 989 506 abibat
1004 488 1012 504 ε
1024 487 1140 515 cumque
1158 487 1186 506 se
1204 477 1319 507 invicem
1342 478 1524 514 offendissent,
1540 490 1571 509 ac
1584 481 1640 510 sci-

79 508 225 551 ἀλλήλους,
248 516 293 546 καὶ
316 516 489 549 ἀνετάσαντες
508 515 683 555 ὡμολόγησαν
700 516 984 554 ἀλλήλοις,ωςεοὶωιί
1003 523 1106 551 essent,
1131 516 1244 546 confessi
1266 525 1330 546 sunt
1352 525 1447 547 mutuo
1466 529 1583 557 causam,
1605 521 1641 550 oh

77 555 111 584 δι’
125 555 159 591 ἣν
175 558 299 596 παρῆσαν
312 556 398 586 αἰτίαν
411 568 418 575 ·
429 555 490 586 τότε
501 556 639 586 κοινωνίαν
652 555 756 595 θέμενοι
769 557 796 585 ἐν
809 558 843 596 τῇ
862 565 880 585 Λ
896 566 978 594 quam
1002 555 1111 585 aderant
1125 567 1132 584 :
1146 562 1204 585 tum
1225 556 1291 586 inita
1312 557 1435 587 societate
1451 557 1486 587 ad
1502 566 1641 598 peccatum

77 597 126 631 τῆς
141 595 272 636 ἁμαρτίας
288 595 397 636 πράξει,
409 597 459 631 τῆς
478 595 572 628 κακίας
591 596 725 625 ἐποιοῦντο
738 595 844 635 ἔρευναν

76 635 185 674 ἐκμελῆ,
199 635 245 664 καὶ
257 635 423 676 παρετήρουν
437 635 537 675 καιρὸν,
551 636 622 668 ὅπως
633 636 715 671 αὐτῆς
725 635 843 665 κατατύ-

76 686 147 714 χωσι
161 675 253 714 μόνης.
266 675 371 712 Συνέὸη
385 671 430 705 οὖν
445 676 472 704 ἓν
487 680 536 716 μιᾷ
547 677 600 704 τῶν
614 677 720 715 ἡμερῶν
734 675 803 704 κατὰ
813 675 844 705 τὸ

78 714 167 747 εἰωθὸς
183 714 232 751 τὴν
247 715 399 745 Σουσάνναν
421 716 546 745 εἰσελθεῖν
568 716 604 748 εἷς
624 715 669 744 τὸν
685 715 844 755 παράδεισον

77 756 123 783 τοῦ
138 754 245 794 ἀνδρὸς,
266 755 409 785 λούσασθαι
429 754 497 784 κατὰ
509 754 540 783 τὸ
557 757 647 793 καῦμα
658 766 666 773 ·
684 754 729 784 καὶ
749 754 844 789 ἐξαπο-

77 794 219 831 στειλάσης
243 794 326 830 αὐτῆς
353 795 401 828 τὰς
430 794 571 827 παιδίσκας
595 793 641 823 ἐπὶ
670 794 701 824 τὸ
734 805 766 823 κο
789 794 844 824 ίσαι

78 835 206 872 σμῆγμα,
226 834 414 874 ἐπιδραμόντες
438 835 504 872 αὐτῇ
527 834 601 874 ἄφνω
623 835 648 863 ot
669 834 845 874 πρεσίῗυτεροι

76 872 170 946 {³532}
184 872 703 953 maasiam
708 875 845 943 Σὲεῐτε

76 952 126 981 ἀνὰ
139 952 218 991 μέσον
230 924 284 981 τρῶν
299 953 344 983 δύο
362 953 484 989 λεόντων,
502 953 548 982 καὶ
561 952 645 986 οὐδεὶς
657 955 671 982 ὁ
683 955 794 992 βοηθῶν,
815 955 844 983 οὖ

75 991 203 1029 παιδίσκη
214 1013 223 1027 ,
234 993 264 1021 οὖ
278 993 381 1028 δοῦλος,
398 994 428 1022 οὗ
442 992 585 1032 συγγενὴς,
599 993 629 1022 οὐ
645 992 731 1032 φίλος,
745 995 774 1022 οὗ
789 993 844 1032 γεί-

75 1042 137 1067 των,
154 1033 177 1061 εἶ
189 1031 226 1071 μὴ
241 1032 318 1071 μόνος
337 1033 475 1073 οὐρανόθεν
488 1037 615 1083 προσεῖχε
627 1032 695 1065 Θεὸς
707 1034 721 1061 ὁ
734 1032 845 1062 κωλύειν

76 1070 124 1108 μὲν
146 1072 305 1111 δυνάμενος,
329 1074 473 1112 συγχωρῶν
495 1073 523 1101 δε
542 1072 658 1111 γίνεσθαι
677 1071 727 1107 τὴν
747 1072 844 1109 πάλην,

75 1110 119 1139 ἵνα
138 1111 320 1151 κρυπτομένας
330 1112 438 1150 γνώμας
461 1110 565 1151 ἐλέγξῃ,
589 1111 635 1141 καὶ
651 1112 698 1146 τῆς
712 1111 759 1150 μὲν
774 1113 846 1141 Σου-

75 1150 172 1186 σάννης
194 1151 243 1187 τὴν
265 1151 445 1191 σωφροσύνην,
464 1152 516 1180 τῶν
541 1151 568 1180 δὲ
589 1150 774 1191 πρεσὸυτέρων
797 1151 846 1188 τὴν

75 1190 218 1220 ἀκολασίαν
232 1190 406 1230 δημοσιεύσῃ,
425 1193 490 1230 ὁμοῦ
506 1190 533 1219 δὲ
546 1194 605 1224 ταῖς
656 1190 723 1225 ναιξὶ
736 1192 847 1221 παιδευ-

75 1229 165 1268 τήριον
195 1230 318 1269 μέγιστον
342 1230 391 1266 τὴν
416 1229 567 1266 Σουσάννης
589 1232 710 1270 ἐναρετον
735 1230 846 1267 ἄθλησιν

75 1269 202 1310 ἐπιδείξῃ.
224 1270 336 1309 Μεγάλη
351 1266 383 1301 ἦν
399 1269 487 1310 μάχη,
501 1270 611 1310 σφοδρὸς
630 1269 701 1309 ἀγὼν
718 1271 752 1309 τῇ
773 1271 844 1300 Σου-

75 1308 156 1348 σάννῃ
169 1308 301 1346 ἀπέκειτο,
315 1309 410 1348 μείζων
423 1313 469 1339 τοῦ
482 1309 590 1349 Ἰωσήφ.
601 1309 719 1342 Ἐκεῖνος
733 1310 781 1348 μὲν
794 1310 828 1349 γὰ

76 1347 142 1388 ἀνὴρ
155 1348 192 1377 ὧν
212 1348 280 1388 μετὰ
300 1354 362 1388 μιᾶς
376 1349 492 1388 ἐμάχετο
504 1349 626 1388 γυναικός
635 1361 642 1367 ·
657 1348 723 1385 αὕτη
740 1350 767 1379 δὲ
778 1322 846 1389 Tim-X

75 1383 141 1417 οὖσα
154 1388 222 1427 μετὰ
234 1388 280 1418 δύο
291 1389 391 1429 ἀνδρῶν
403 1388 536 1422 ὶπάλαιεν.
547 1388 666 1429 Θέατρον
679 1384 711 1424 ἦν
722 1388 844 1428 μέγιστον

75 1427 120 1456 καὶ
133 1428 252 1468 τερπνὸν,
264 1428 329 1465 γυνὴ
339 1428 407 1467 μετὰ
418 1427 464 1457 δύο
477 1429 578 1468 ἀνδρῶν
591 1428 732 1458 ἐπύκτευεν
741 1440 748 1447 ·
758 1429 804 1458 καὶ
815 1429 846 1459 τὸ

75 1467 236 1505 θαυμαστὸν,
249 1467 294 1497 ἐὰν
314 1468 445 1504 ἀκούσητε
459 1470 510 1497 ποῦ
528 1468 559 1497 τὸ
577 1468 690 1507 σκάμμα
707 1468 825 1509 ἠνέῳκτο
838 1481 844 1487 ·

75 1507 103 1535 ἐν
122 1507 285 1547 παραδείσω,
297 1508 362 1537 ὅπου
377 1510 391 1538 ὁ
405 1508 462 1547 ὄφις
482 1507 531 1543 τὴν
548 1507 620 1537 Εὔαν
634 1507 782 1543 ἠπάτησεν.
798 1508 845 1542 Ὡς

75 1542 120 1575 οὗν
133 1546 236 1586 ἕτοιμος
260 1537 353 1586 ἐ’γονεν
373 1549 391 1583 ἡ
410 1547 493 1582 πάλη,
507 1547 667 1587 ἠνοίχθησαν
685 1549 709 1576 οἱ
721 1549 825 1587 οὐρανοὶ
836 1570 844 1585 ,

75 1588 92 1621 ἡ
107 1586 221 1625 σάλπιγξ
232 1559 309 1621 idon,
322 1588 337 1615 ὁ
350 1586 421 1626 ἀγὼν
434 1586 551 1624 ἕτοιμος,
564 1589 579 1615 ὁ
593 1587 755 1626 ἀγωνοθέτης
768 1588 846 1626 οὖρα-

895 596 1068 635 patrandum‚
1082 595 1296 625 commoditatem
1307 597 1414 626 sceleris
1428 597 1600 637 indagabant,
1610 611 1641 630 ac

896 641 1001 679 tempus
1012 635 1199 672 observabant,
1213 646 1268 674 quo
1278 636 1362 665 solam
1376 644 1482 676 possent
1493 638 1639 668 offendere.

896 675 1002 704 Acc1dit
1013 682 1101 704 autem
1109 674 1155 704 die
1167 675 1295 713 quodam,
1307 683 1336 705 ut
1350 677 1470 706 Susanna
1482 676 1517 706 de
1529 688 1604 708 more
1612 679 1640 708 in

895 714 1047 754 pomarium
1061 714 1245 754 ingrederetur
1258 716 1360 752 mariti,
1377 723 1407 745 ut
1421 716 1566 753 lavaretur,
1579 729 1641 747 cum

896 761 975 783 aestus
985 761 1068 783 esset:
1080 761 1106 783 et
1115 765 1176 783 cum
1185 754 1297 785 ancillas
1310 755 1441 785 emisisset
1454 755 1514 793 illa,
1529 764 1558 786 ut
1572 769 1642 787 sme-

896 804 958 833 gma
978 793 1128 830 deferrent,
1148 794 1183 823 ad
1200 805 1258 824 eam
1280 802 1388 835 repente
1408 796 1525 825 seniores
1547 807 1641 826 accur-

897 840 984 863 rentes
997 840 1133 872 tamquam
1148 833 1207 874 lupi
1222 844 1318 874 agnam
1340 842 1493 870 tenuerunt,
1509 843 1589 866 oestro
1605 837 1642 866 li-

897 872 999 902 bidinis
1012 873 1144 902 dilaniare
1156 874 1295 914 cupientes
1309 886 1316 903 ε
1332 881 1442 913 eratque
1451 875 1508 904 sola
1519 876 1640 906 Susanna

897 912 1014 942 duorum
1024 913 1131 942 leonum
1141 913 1168 942 in
1178 913 1278 949 medio,
1289 924 1337 944 nec
1347 914 1420 944 ullus
1428 914 1519 943 aderat
1528 915 1575 954 qui
1585 927 1642 945 suc-

896 959 1027 989 curreret,
1036 963 1089 982 non
1099 953 1208 988 aneilla,
1221 963 1274 982 non
1284 964 1386 991 servus,
1395 964 1448 983 non
1461 955 1640 994 propinquus,

897 1001 950 1021 non
964 992 1078 1028 amicus,
1094 1002 1147 1021 non
1166 993 1283 1028 vicinus,
1301 993 1352 1022 nisi
1374 993 1448 1022 solus
1461 993 1508 1032 qui
1522 994 1556 1023 de
1569 996 1643 1025 caelis

863 1038 881 1061 Β
897 1031 1049 1060 attendebat
1062 1033 1144 1067 Deus,
1167 1033 1214 1077 qui
1237 1033 1378 1072 prohibere
1395 1033 1506 1072 quidem
1526 1041 1640 1079 poterat.

897 1070 945 1100 sed
967 1071 1026 1100 fieri
1047 1071 1146 1100 luctam
1169 1072 1282 1108 smebat,
1299 1079 1328 1101 ut
1348 1073 1467 1102 occultos
1489 1083 1642 1104 animorum

897 1121 990 1140 sensus
1011 1111 1179 1156 patefaceret,
1202 1118 1228 1141 et
1254 1118 1311 1141 tum
1334 1113 1462 1141 Susannae
1483 1113 1641 1151 castitatem,

897 1157 954 1179 tum
968 1161 1104 1179 semorum
1117 1150 1314 1191 impudicitiam
1327 1151 1492 1191 divulgaret,
1505 1153 1641 1192 simulque

898 1196 928 1219 ut
939 1190 1100 1219 mulieribus
1113 1190 1257 1220 maximam
1270 1191 1388 1220 scholam
1407 1193 1535 1221 Susannae
1548 1203 1640 1222 susce—

898 1236 975 1269 ptum
989 1239 1039 1270 pro
1050 1229 1151 1259 virtute
1164 1238 1296 1260 certamen
1309 1231 1459 1260 exhiberet.
1475 1233 1575 1272 Magna
1585 1240 1641 1262 erat

898 1279 997 1308 pugna,
1010 1276 1143 1298 certamen
1155 1270 1298 1299 vehemens
1308 1271 1436 1300 Susannae
1448 1271 1598 1310 ingruebat,
1611 1283 1642 1301 ac

898 1309 986 1349 majus
1005 1308 1054 1337 illo
1071 1308 1194 1348 Josephi.
1215 1310 1284 1339 Nam
1301 1310 1347 1339 ille
1367 1310 1488 1349 quidem,
1513 1311 1556 1341 vir
1579 1323 1641 1341 cum

897 1354 975 1384 esset,
989 1358 1051 1377 cum
1064 1348 1176 1378 muliere
1189 1359 1239 1378 una
1273 1349 1389 1388 ugnabat
1402 1362 1410 1379 ε
1422 1350 1478 1380 haec
1490 1361 1567 1387 vero,
1581 1362 1641 1380 mu-

898 1387 949 1417 lier
961 1397 1022 1417 cum
1033 1394 1111 1425 esset,
1126 1398 1187 1417 cum
1199 1360 1308 1418 duobus
1320 1389 1387 1419 viris
1400 1390 1562 1420 luctabatur.
1578 1393 1641 1421 Ma—

898 1427 1003 1456 ximum
1023 1434 1079 1456 erat
1100 1438 1112 1456 s
1133 1428 1282 1458 ectaculum
1303 1439 1334 1458 ac
1351 1428 1522 1468 jucundum,
1542 1431 1642 1460 mulier

898 1477 959 1496 cum
977 1466 1043 1496 viris
1056 1438 1164 1496 duofius
1182 1467 1333 1497 decertabat
1348 1475 1448 1507 :atque
1469 1469 1520 1499 hoc
1540 1470 1640 1499 mirum

897 1506 1045 1540 videbitur,
1058 1516 1119 1535 cum
1131 1506 1282 1543 audieritis,
1298 1507 1345 1536 nbi
1363 1515 1432 1537 esset
1442 1519 1558 1537 scamma
1570 1520 1640 1539 rese-

898 1552 986 1574 ratum
1002 1558 1009 1574 =
1024 1545 1050 1573 in
1063 1546 1193 1585 pomario,
1210 1546 1257 1575 ubi
1270 1547 1356 1576 Evam
1369 1557 1478 1587 serpens
1484 1547 1636 1579 seduxerat.

898 1585 938 1614 Ut
950 1585 1034 1623 igitur
1045 1592 1139 1623 parata
1160 1585 1211 1614 suit
1230 1585 1313 1622 lucta,
1329 1587 1415 1625 aperti
1435 1594 1497 1616 sunt
1509 1588 1579 1624 caeli,
1592 1599 1639 1618 so-

74 1625 148 1654 νόθεν
162 1629 287 1666 προσεῖχε
307 1637 340 1664 τῃ
358 1625 431 1664 πάλῃ
441 1647 449 1661 ,
467 1626 513 1655 καὶ
529 1628 544 1655 ὁ
560 1627 642 1664 δῆμος
660 1627 713 1655 τῶν
727 1625 846 1665 ἀγγέλων
863 1631 882 1655 c
899 1624 978 1652 nabat
991 1623 1065 1660 tuba,
1079 1630 1201 1661 paratum
1213 1631 1267 1653 crat
1284 1631 1425 1661 certamen,
1437 1627 1593 1665 agonotheta
1604 1628 1639 1657 de

75 1664 239 1705 ἐπικεκυφὼς
252 1664 357 1704 ἐθεώρει
365 1677 372 1684 ·
384 1666 399 1694 δ
417 1668 473 1704 ὄφις
488 1666 516 1694 ἐν
529 1670 583 1698 τοῖς
596 1665 773 1705 παρανόμοις,
786 1668 803 1701 ἡ
818 1666 846 1695 δὲ

75 1704 165 1737 πίστις
179 1706 206 1733 ἐν
219 1706 252 1743 τῇ
271 1704 395 1744 σώφρονι.
413 1703 506 1740 Πολλὴ
527 1700 560 1741 ἦν
572 1704 675 1745 φροντὶς
689 1704 846 1754 ἀμφοτέροις

75 1744 137 1783 περὶ
158 1745 208 1779 τ’ῆς
226 1743 300 1779 νίκης
309 1755 316 1763 ·
339 1748 393 1777 τοῖς
414 1743 462 1782 μὲν
481 1744 668 1784 πρεσὸυτέροις
690 1755 720 1773 το
743 1744 780 1782 μὴ
795 1745 846 1775 ὑπὸ

75 1783 196 1822 γυναικὸς
212 1784 373 1819 ἡττηθῆναι,
395 1786 428 1824 τῇ
452 1783 479 1813 δὲ
494 1784 629 1823 Σουσάννῃ
645 1783 676 1812 τὸ
692 1783 729 1822 μὴ
749 1785 846 1814 ἀπολέ-

75 1834 121 1852 σαι
134 1822 183 1858 τὴν
194 1823 364 1862 σωφροσύνην
375 1835 381 1842 ·
395 1823 503 1856 ἐκείνοις
515 1823 549 1852 τὰ
563 1823 663 1864 ὀψώνια
676 1826 724 1859 τῆς
734 1822 807 1860 νίκης
820 1826 844 1853 οἱ

74 1861 196 1901 δαίμονες
213 1862 364 1901 ἡτοίμαζον,
378 1865 413 1903 τῇ
432 1863 460 1893 δὲ
474 1863 610 1903 Σουσάννῃ
630 1863 663 1892 τὰ
681 1862 783 1892 ἔπαθλα
797 1865 845 1899 τῆς

75 1901 844 1981 ‘'QZ“''R‘JZ‘JZZET-“135²‡“-‚'235‘ffi⁶}13⁹23⁰033

74 1953 200 2010 ἷπάλαιον
213 1954 300 2017 αὖτ’ῆςί
313 1971 487 2022 τί“λέγοντες;
505 1954 686 2022 Πμρεσὸύτεροί
704 1954 843 2021 §coenob

73 2021 148 2056 λαοῦ,
161 2023 227 2060 ἡμῖν
243 2014 322 2059 νόμος
334 2021 521 2058 πεπίστευται,
536 2024 581 2051 τοῦ
595 2021 666 2051 λύειν
680 2021 725 2051 καὶ
739 2023 843 2060 δεσμεῖν

73 2059 192 2094 ἐξουσίαν
205 2059 358 2101 εἰλήφαμεν.
371 2061 465 2095 Οὐδείς
476 2063 546 2090 ἐστιν
558 2061 648 2090 ἐνθάδε
660 2060 826 2094 κατάσκοπος
835 2073 842 2080 ·

74 2100 154 2129 Γενοῦ
176 2102 233 2138 μεθ’
249 2102 325 2139 ἡμῶν
335 2113 342 2119 ·
362 2102 389 2130 ἕν
403 2101 528 2140 ἐπιθυμίᾳ
546 2112 592 2130 σου
606 2101 658 2141 γάρ
674 2102 763 2140 ἐσμεν.
777 2100 842 2130 Ἐὰν

73 2138 101 2167 δὲ
116 2139 154 2176 μὴ
169 2140 314 2178 βουληθῇς,
327 2151 396 2170 κατα
438 2140 600 2180 ρτυρήσομέν
609 2152 666 2175 σου,
678 2141 719 2170 ὅτι
729 2137 761 2177 ἦν
774 2141 841 2179 μετὰ

73 2181 120 2207 σοῦ
134 2177 268 2211 νεανίσκος
278 2201 286 2214 ,
305 2179 349 2208 καὶ
368 2152 435 2208 &itu
423 2183 501 2209 τοῦτο
513 2179 671 2213 ἀπέστειλας
683 2180 717 2209 τὰ
731 2179 842 2220 κοράσια

73 2217 126 2247 ἀπὸ
139 2219 195 2247 σοῦ.
208 2217 260 2246 Καὶ
271 2218 320 2257 ὅρα
332 2218 402 2247 πόσα
412 2215 445 2255 ἦν
457 2219 491 2248 τὰ
505 2220 648 2260 συνέχοντα
659 2219 707 2255 τὴν
722 2219 843 2249 Σουσάν-

72 2268 118 2285 ναν
129 2268 136 2275 ·
154 2257 314 2296 συκοφαντία
335 2258 494 2294 ἀκολασίας,
513 2258 592 2298 φόὸος
613 2258 735 2295 θανάτου,
757 2259 842 2288 κατά-

71 2308 167 2335 γνωσις
185 2295 229 2325 ἐπὶ
247 2296 372 2326 τοσούτου
385 2299 462 2333 λαοῦ,
477 2302 552 2336 μῖσος
564 2297 670 2337 ἀνδρὸς,
687 2303 761 2336 μῖσος
776 2310 841 2337 συγ-

71 2334 413 2409 Υἷὼέωἶῖἶῖἷῖἶσῗῗῖἷῶλῖῑ
435 2336 840 2406 gggzffwgfissgffssffgvbfgeff

71 2386 179 2451 ιοιιζέίῐαι
192 2415 286 2453 ίσγυσε
300 2398 349 2450 vii<
361 2400 509 2463 σώφρονος·
523 2418 540 2451 ἡ
554 2415 605 2455 γὰρ
616 2415 693 2464 ἐλπὶς
710 2388 762 2451 fiio}
772 2388 840 2457 κεῖ-

73 2454 129 2488 δίας
141 2457 221 2503 αξη-ἧς
229 2446 261 2491 ἦν
273 2454 398 2506 εἰςΙΘεόν.
410 2455 576 2506 ὶτενάςουσα
585 2466 647 2504 γουν
656 2455 729 2493 ἔλεγε
737 2466 743 2473 ·
755 2456 840 2514 Στενοί

75 2493 836 2584 52²:2‘532‘2'02124335333353103‘5322‘'532“{2152ssffit

75 2573 184 2612 Αἰρετύν
196 2573 241 2611 μοί
254 2574 310 2603 ἐστι
325 2573 361 2612 μὴ
378 2574 515 2612 πρᾶςασαν
529 2575 653 2611 ἐμπεσεῖν
666 2575 702 2607 εἷς
718 2573 764 2607 τὰς
778 2579 838 2614 χεῖ-

898 1663 963 1692 caelo
976 1663 1075 1692 luctam
1084 1663 1244 1699 attendebat,
1257 1670 1282 1693 et
1292 1664 1448 1703 angelorum
1462 1666 1540 1695 turba
1553 1677 1638 1706 prona

898 1703 1032 1742 spectabat
1049 1715 1056 1730 :
1071 1703 1098 1731 in
1120 1702 1220 1742 iniquis
1233 1712 1351 1743 serpens,
1366 1704 1393 1733 in
1405 1704 1501 1743 pudica
1516 1705 1582 1735 fides
1593 1707 1639 1736 vi-

897 1742 988 1781 gebat.
1000 1742 1122 1771 Multum
1135 1743 1243 1781 utrique
1255 1743 1289 1772 de
1301 1743 1412 1773 victoria
1425 1744 1534 1774 solliciti
1546 1753 1638 1781 erant3

897 1781 1014 1810 seniores
1023 1781 1132 1820 quidem
1143 1791 1176 1811 ne
1185 1793 1199 1810 a
1207 1782 1320 1812 muliere
1327 1783 1508 1820 vincerentur,
1517 1786 1638 1816 Susanna

897 1831 930 1850 ne
943 1821 1103 1861 pudicitiam
1117 1821 1239 1861 perderet
1254 1834 1261 1850 τ
1276 1822 1331 1851 illis
1345 1822 1463 1853 victoriae
1474 1824 1639 1863 stipendium

896 1860 1029 1890 daemones
1050 1861 1244 1901 praeparabant,
1262 1863 1390 1892 Susannae
1410 1864 1498 1902 angeli
1512 1864 1640 1895 castitatis

897 1899 1007 1940 praemia
1021 1900 1216 1941 praeparabant.
1233 1902 1392 1942 Corripiunt
1404 1903 1552 1933 Susannam
1565 1905 1639 1934 nesa-

897 1939 931 1969 rii
948 1952 955 1968 ι
971 1950 1002 1968 ac
1012 1940 1130 1978 primum
1163 1939 1252 1974 uidem
1265 1952 1327 1971 cum
1342 1952 1371 1970 ea
1392 1942 1484 1972 verbis
1501 1943 1639 1974 luctaban-

897 1986 942 2018 tur
956 1992 962 2008 :
978 1979 1077 2018 quibus
1094 1986 1138 2009 tan
1160 1988 1202 2008 em
1215 1981 1305 2010 verbis
1323 1981 1386 2010 usi?
1400 1983 1523 2012 Seniores
1543 1984 1639 2024 populi

896 2018 1119 2055 sumus‚creditae
1139 2026 1200 2049 sunt
1221 2020 1299 2049 nobis
1319 2021 1400 2060 leges,
1412 2022 1533 2051 solvendi
1554 2033 1585 2052 ac
1604 2024 1639 2053 li-

897 2058 978 2097 gandi
1005 2059 1156 2098 accepimus
1180 2066 1346 2099 potestatem.
1373 2061 1473 2090 Nullus
1499 2061 1544 2091 hic
1564 2062 1639 2092 adest

896 2108 908 2126 s
928 2105 1027 2127 ectator
1039 2110 1047 2126 .·
1064 2099 1254 2128 commzscere
1268 2102 1431 2137 nobiscum
1442 2103 1485 2130 tui
1498 2104 1575 2131 enim
1591 2113 1639 2132 ar·
1651 2113 1708 2134 mm.
1722 2114 1756 2135 ιτ.

917 2148 997 2166 emus
1015 2139 1184 2175 cupiditate.
1206 2139 1294 2177 Quod
1310 2141 1336 2168 .ςί
1355 2140 1494 2176 nolueris,
1510 2142 1637 2172 dicemus
1648 2151 1685 2166 2⁰-
1703 2150 1740 2165 2¹·

897 2183 999 2206 contra
1017 2183 1044 2206 te
1056 2179 1262 2214 testimonium,
1278 2180 1462 2219 quodfiterit
1481 2187 1575 2210 tecum
1584 2184 1637 2221 ju—

899 2219 987 2251 venis,
1001 2222 1029 2245 et
1041 2218 1076 2245 ob
1089 2218 1166 2246 hanc
1177 2228 1295 2247 causam
1308 2220 1436 2247 emiseris
1441 2221 1556 2259 puellas
1568 2232 1588 2250 a.
1598 2227 1635 2250 te.

895 2257 936 2285 Ac
947 2255 1011 2285 vide
1021 2266 1102 2295 quam
1121 2257 1205 2287 multa
1225 2265 1311 2287 essent
1329 2269 1389 2297 quae
1402 2260 1551 2289 Susannam
1565 2261 1638 2289 obsi—

895 2294 994 2324 debant
1008 2307 1015 2324 :
1030 2297 1239 2336 intemperantiae
1256 2298 1400 2334 calumnia,
1422 2306 1509 2327 metus
1530 2299 1634 2332 mortis,

859 2350 879 2372 D
895 2344 983 2364 coram
995 2342 1069 2364 tanto
1080 2346 1113 2375 po
1137 2337 1180 2366 ulo
1188 2336 1384 2371 condemnatio,
1398 2338 1487 2366 mariti
1499 2345 1524 2366 et
1537 2348 1636 2376 cogna—

894 2380 982 2403 torum
995 2374 1098 2411 odium,
1111 2347 1199 2407 finctus
1211 2376 1386 2412 famulorum,
1402 2383 1427 2405 et
1442 2377 1467 2404 in
1480 2377 1636 2405 universum

893 2413 976 2443 totius
989 2413 1086 2444 domus
1099 2417 1214 2444 eversio.
1231 2415 1267 2444 At
1285 2415 1354 2444 nihil
1368 2415 1465 2444 horum
1478 2415 1583 2459 pudicae
1597 2416 1633 2444 se-

894 2453 973 2482 minae
991 2454 1157 2494 propositum
1174 2455 1263 2494 potuit
1283 2465 1409 2493 superare
1423 2465 1541 2493 :quippe
1557 2456 1635 2494 cujus

892 2503 952 2562 apes
960 2493 1048 2522 cordis
1058 2494 1084 2522 in
1094 2496 1150 2523 Deo
1156 2500 1212 2522 erat
1220 2494 1357 2522 collocata.
1366 2493 1543 2531 Ingemiscens
1553 2493 1635 2532 igitur

914 2533 998 2562 icebat
1014 2545 1021 2561 ε
1039 2533 1194 2571 Angustc'ae
1214 2533 1284 2560 mihi
1305 2538 1373 2560 sunt
1397 2533 1526 2571 undique
1546 2545 1555 2561 .·
1574 2534 1634 2562 sive
1645 2541 1732 2564 nida.
1746 2549 1783 2564 22.

893 2578 969 2605 enim
985 2577 1039 2605 Ιιοσ
1050 2586 1145 2615 egero,
1160 2586 1236 2605 mors
1258 2576 1329 2604 mihi
1341 2581 1383 2603 est
1400 2587 1406 2602 :
1423 2577 1448 2604 si
1463 2582 1560 2605 autem
1574 2587 1633 2606 non
1645 2574 1683 2595 ²3·
