1890 2826
715 183 747 206 IN
775 181 912 212 ISMAM,
940 181 1016 204 CAP.
1039 183 1062 204 ι.
1638 170 1660 206 5

98 249 125 279 δὲ
138 247 217 278 πάλιν
233 259 239 266 ·
251 246 484 286 Αῆμμα·Νινευί.
505 245 611 275 nieuw
631 243 748 284 ὁράσεως
770 242 867 280 Ναοὺμ
882 244 900 267 B
921 244 961 271 tio
981 242 1116 272 Ninives.
1132 243 1220 273 Liber
1236 244 1360 272 visionis
1382 243 1502 273 Nahum
1523 244 1658 274 Elcesoei.

95 298 143 325 τοῦ
156 292 323 324 Ἐλκεσαίου.
343 293 396 323 Καὶ
416 293 494 326 αὐτὸς
513 292 563 332 γὰρ
581 285 655 324 οὗτος
671 289 752 329 ἑτέρῳ
767 289 867 329 ῥήματι

96 343 127 372 τὸ
140 341 205 372 αὐτὸ
220 345 275 374 τοῖς
297 339 433 380 προτέροις
451 338 630 373 ἐνδείκνυται,
653 339 697 366 τοῦ
712 335 868 374 Πνεύματος

96 388 145 425 τὴν
163 386 279 427 κατοχὴν
293 387 390 424 λῆμμα
402 385 524 418 καλέσας.
540 382 651 418 Ἐπειδὴ
665 382 717 422 γὰρ
730 381 868 420 lagaeam&

98 446 172 474 μενοι
182 433 234 463 ὑπὸ
247 434 292 462 τοῦ
304 431 459 471 Πνεύματος
471 430 552 463 οὕτως
563 429 661 468 ἔλεγον,
672 428 721 464 τὴν
735 427 867 466 ἐνέργειαν

96 482 145 516 τῆς
158 480 266 521 χάριτος
279 478 360 511 οὕτως
378 477 510 516 ὠνόμασε.
533 476 585 505 Διὰ
602 477 680 504 τοῦτο
702 473 747 503 καὶ
761 474 868 506 Παῦλος

97 529 235 567 πανταχοῦ
255 524 396 565 προτίθησι
420 524 473 552 τῶν
487 522 654 552 Ἐπιστολῶν
674 520 705 550 τὸ
730 522 778 555 τῆς
800 520 869 549 ἀπο-

98 573 193 608 στολῆς
206 571 289 610 ὄνομα
300 593 309 609 ‚
323 569 388 609 ὅπερ
401 569 426 598 οἱ
444 570 578 609 προφῆται
593 566 695 597 ἐποίουν
708 566 750 595 διὰ
765 568 808 594 τοῦ
820 565 869 594 λέ-

96 629 162 658 γειν,
178 617 277 658 ὅρασις,
287 616 332 646 καὶ
349 615 435 655 λόγος,
452 614 498 644 καὶ
516 615 623 653 λῆμμα,
637 612 682 642 καὶ
698 614 780 652 ῥῆμα,
791 615 869 658 τοῦτο

98 663 142 694 διὰ
170 666 216 693 τοῦ
246 665 294 699 τῆς
324 662 474 696 ἀποστολῆς
499 660 702 693 κατασκευάζων
729 658 867 698 ὀνόματος.

99 709 204 751 Ὥσπερ
217 708 269 749 γὰρ
291 710 306 737 ὁ
323 707 408 747 λέγων
429 706 519 746 ὅρασιν
539 706 585 735 καὶ
605 707 679 746 ῥῆμα
691 706 772 740 Θεοῦ,
791 705 820 733 οὔ
835 703 869 733 τὰ

98 757 182 785 οἰκεῖα
200 754 355 795 φθέγγεται,
369 752 438 782 οὕτω
460 752 505 782 καὶ
518 754 533 782 ὁ
546 751 691 781 ἀπόστολον
714 750 806 780 ἑαυτὸν
817 761 869 779 κα-

98 802 163 837 λῶν,
179 802 209 830 οὖ
223 800 257 830 τὰ
270 799 335 839 παρ’
349 801 442 828 ἑαυτοῦ
457 798 585 833 διδάσκει,
599 798 657 826 ἀλλ’
672 797 741 837 ἅπερ
754 795 767 813 ¹³
777 798 791 826 ὁ
805 797 870 825 ἀπο-
883 799 903 823 C

100 847 216 876 στέλλων
230 845 377 876 ἐκέλευσεν.
391 844 548 876 Ἀποστόλόυ
571 844 623 884 γὰρ
643 843 764 882 ἀξίωμα,
789 842 869 882 μηδὲν

99 893 200 923 οἴκοθεν
223 891 382 931 ἐπεισάγειν.
409 890 458 920 Διὸ
478 890 524 920 καὶ
541 893 555 919 ὁ
571 889 686 930 Χριστὸς
708 889 799 928 ἔλεγε·
821 889 869 924 Μὴ

99 937 226 968 καλέσειε
238 937 396 967 διδάσκαλον
406 937 451 966 ἐπὶ
459 938 512 972 ’τῆς
521 937 571 976 γῆς
579 947 586 954 ·
602 931 639 969 εἷς
649 935 701 975 γὰρ
712 937 786 974 ὑμῶν
799 935 870 964 ἐστιν

99 987 115 1014 ὁ
130 984 286 1017 διδάσκαλος
306 985 320 1013 ὁ
341 984 368 1013 ἐν
382 988 436 1017 τοῖς
456 984 589 1023 οὐρανοῖς·
604 981 723 1017 δεικνὺς,
737 981 778 1011 ὅτι
797 986 872 1011 πᾶσα

98 1033 152 1061 τῶν
165 1033 228 1071 παρ’
250 1032 315 1069 ἡμῖν
336 1030 474 1070 δογμάτων
491 1032 509 1065 ἧ
530 1030 601 1069 ἀρχὴ
616 1028 664 1065 τὴν
679 1029 752 1069 ῥίζαν
774 1028 872 1057 ἄνωθεν

99 1077 193 1107 ἔλαὸεν
214 1078 244 1106 ἐκ
255 1079 302 1106 τοῦ
315 1078 368 1106 τῶν
381 1076 499 1116 οὐρανῶν
513 1075 660 1110 Δεσπότου,
673 1073 723 1103 κᾶν
740 1074 872 1114 ἄνθρωποι

99 1117 150 1153 ὦσι
181 1122 246 1162 πρὸς
275 1122 310 1152 τὰ
340 1121 471 1161 λεγόμενα
495 1119 699 1159 διακονούμενοι.
724 1119 777 1149 ’Ἢν
806 1114 872 1148 εἶδεν

102 1168 226 1202 Ἡσαΐας.
248 1168 290 1198 Τὸ
301 1169 359 1201 πῶς
371 1169 467 1208 ὁρῶσιν
489 1168 514 1196 οἱ
531 1168 666 1206 προφῆται
686 1169 788 1202 ταῦτα,
803 1166 872 1206 ἅπερ

101 1215 208 1254 ὁρῶσιν,
223 1214 274 1254 οὐχ
290 1213 419 1253 ἡμέτερον
432 1214 514 1243 εἰπεῖν
526 1224 533 1230 ·
553 1213 583 1241 οὗ
596 1211 648 1251 γὰρ
663 1211 770 1241 δυνατὸν
785 1213 871 1251 ἑρμη-

100 1263 221 1297 νευθῆναι
239 1259 310 1300 λόγῳ
330 1259 374 1289 τὸν
394 1258 490 1299 τρόπον
509 1260 557 1294 τῆς
577 1257 678 1297 ὅψεως·
693 1258 752 1287 ἀλλ’
774 1258 871 1291 ἐκεῖνος

100 1307 178 1346 μόνος
188 1301 242 1336 οἶδε
256 1306 355 1346 σαφῶς,
373 1306 388 1334 ὁ
399 1307 434 1345 τῇ
447 1304 526 1344 πείρᾳ
541 1303 641 1343 μαθών.
655 1304 690 1333 Et
702 1303 754 1343 γὰρ
769 1303 871 1344 φύσεως

100 1352 166 1392 ἔργα
175 1350 221 1382 καὶ
234 1350 306 1387 πάθη
316 1350 444 1384 πολλάκις
457 1350 540 1384 οὐδεὶς
551 1349 583 1379 ἂν
597 1349 777 1390 παραστήσειε
789 1349 870 1390 λόγῳ,

100 1398 191 1437 πολλῷ
211 1398 311 1437 μᾶλλον
330 1396 375 1426 τὸν
389 1397 485 1437 τρόπον
499 1398 547 1432 τῆς
559 1397 606 1425 τοῦ
628 1395 785 1435 Πνεύματος
795 1397 869 1435 ἐνερ-

99 1443 182 1483 γείας.
210 1444 246 1474 Εἰ
268 1443 296 1473 δὲ
317 1443 446 1483 ἀμυδραῖς
467 1441 565 1472 εἰκόσιν
586 1442 807 1482 ἀποχρησάμενον
832 1443 871 1472 δεῖ

100 1491 302 1529 κατατολμῆσαι
314 1511 323 1525 ,
343 1489 394 1529 οὔχ
415 1488 484 1518 ὥστε
502 1488 533 1517 τὸ
557 1487 637 1528 σαφὲς
658 1491 669 1504 ¹²
681 1491 869 1528 παραστῆσαι,

104 1537 163 1565 ἀλλ’
180 1535 250 1565 ὥστε
272 1535 408 1575 αἰνίγματι
425 1539 587 1574 παρασχεῖν,
601 1570 605 1572 ‚
618 1533 677 1573 ἐμοὶ
698 1534 768 1563 δοκεῖ
790 1534 871 1564 ταύτὸ

101 1583 147 1613 καὶ
159 1582 204 1612 ἐπὶ
216 1584 268 1612 τῶν
282 1582 424 1622 προφητῶν
436 1581 562 1621 γίνεσθαι,
573 1576 626 1610 οἷον
640 1579 671 1609 ἂν
682 1582 706 1609 εἷ
717 1582 734 1616 ἡ
748 1582 870 1620 καθαρῶν

102 1628 204 1658 ὑδάτων
226 1627 302 1668 φύσις
325 1626 437 1663 ἡλιακὰς
459 1628 566 1660 ἀκτῖνας
587 1626 714 1665 δεξαμένη
734 1638 871 1665 καταυγα-

103 1673 190 1710 σθείη,
203 1673 272 1703 οὕτω
284 1673 330 1704 καὶ
347 1674 399 1702 τῶν
413 1675 556 1712 προφητῶν
568 1671 616 1705 τὰς
629 1672 731 1712 ψυχὰς,
745 1674 872 1711 καθαιρο-

105 1719 184 1758 μένας
201 1719 286 1758 οἰκείᾳ
309 1719 390 1759 ἀρετῇ
413 1719 518 1758 πρῶτον
530 1739 539 1753 ,
562 1717 738 1757 ὑποδέχεσθαι
756 1717 805 1753 τὴν
825 1720 871 1747 τοῦ

105 1765 260 1804 Πνεύματος
275 1764 385 1804 δωρεὰν,
400 1764 446 1794 καὶ
458 1763 523 1803 πρὸς
539 1763 588 1799 τὴν
607 1763 767 1802 λαμπηδόνα
779 1775 872 1793 ποιου-

106 1810 186 1849 μένας
208 1809 320 1846 ἒκείνην,
342 1809 411 1839 οὕτω
434 1809 556 1849 δέχεσθαι
577 1811 630 1838 τῶν
653 1809 803 1847 μελλόντων
825 1809 874 1845 τὴν

103 1857 210 1895 γνῶσιν.
223 1855 287 1889 Υἱὸς
299 1855 312 1873 ‘¹
322 1855 437 1895 Ἀμμῶς.
451 1855 529 1888 Τίνος
547 1855 633 1884 ἕνεκεν
653 1858 698 1885 τοῦ
711 1855 810 1895 πατρὸς
824 1855 874 1894 με’-

106 1914 217 1941 μνηται,
236 1901 274 1931 Ἢ
297 1901 340 1931 διὰ
361 1901 408 1935 τὰς
428 1900 597 1940 ὁμωνυμίας,
609 1900 627 1935 ἢ
642 1900 710 1930 ὥστε
725 1903 816 1939 μαθεῖν
832 1900 874 1930 ὅτι
889 1903 908 1926 Ε

104 1947 179 1978 οὐδὲν
207 1947 325 1978 εὐτέλεια
348 1947 447 1988 πατρὸς
471 1947 616 1981 ἐπισκιάζει
637 1947 730 1981 παιδὸς
756 1947 851 1986 ἀρετήν
866 1959 872 1966 ·

105 1993 164 2024 οὐδὲ
183 1993 297 2034 εὐγένεια
313 1997 391 2023 τοῦτο
409 1993 439 2023 τὸ
464 1994 493 2023 ἐκ
508 1993 630 2032 μεγάλων
643 1995 736 2033 φῦναι,
757 1992 825 2022 ἀλλὰ
843 1992 873 2022 τὸ

107 2040 236 2080 μεγάλους
253 2039 348 2073 αὐτοὺς
359 2038 488 2079 γενέσθαι.
503 2035 589 2072 Οὗτός
606 2050 636 2068 τε
656 2039 760 2078 ἀσήμου
774 2037 874 2078 πατρὸς

105 2085 152 2122 ὧν,
165 2085 270 2116 πάντων
288 2085 454 2126 φαιδρότερος
473 2084 563 2124 γέγονε
575 2107 583 2121 ,
595 2087 628 2125 τῇ
643 2086 690 2120 τῆς
704 2084 801 2118 οἰκείας
815 2086 874 2124 ἀρε-

106 2133 154 2168 τῆς
172 2131 279 2172 λάμψας
300 2131 444 2171 ὓπερὸολῇ.
458 2130 511 2160 Ἧν
525 2125 578 2160 εἶδε
596 2131 665 2160 κατὰ
679 2133 727 2167 τῆς
746 2130 873 2164 Ἰουδαίας

108 2176 153 2206 καὶ
166 2177 234 2207 κατὰ
246 2175 430 2216 Ἰερουσαλήμ.

150 2222 227 2256 Τίνος
246 2222 331 2252 ἕνεκεν
353 2221 516 2262 διῃρημένως
539 2220 669 2261 ἑκατέρων
695 2220 873 2259 ἐμνημόνευσε

920 288 971 318 Hic
981 288 1038 329 ipse
1048 300 1156 328 quoque
1167 289 1249 319 Isaias
1262 289 1346 319 altero
1356 290 1440 320 verbo
1455 290 1575 330 idipsum
1588 291 1662 330 quod

919 334 997 374 prius
1021 334 1150 372 declarat,
1163 335 1281 375 Spiritus
1307 335 1539 375 participationem
1562 347 1662 367 vocans

918 380 1118 411 assumtionem.
1140 382 1277 418 Quoniam
1296 381 1369 410 enim
1391 392 1406 410 a
1428 381 1533 421 Spiritu
1550 383 1661 411 assumti

919 426 958 456 sic
975 426 1168 465 loquebantur,
1179 427 1362 468 operationem
1381 429 1471 467 gratiae
1487 428 1523 458 ita
1541 429 1660 459 vocavit.

917 472 1022 502 Idcirco
1036 474 1138 503 Paulus
1152 474 1277 503 omnibus
1290 473 1421 514 Epistolis
1434 475 1597 514 apostolatus
1611 485 1662 504 no-

919 528 980 548 men
1000 520 1242 559 praemittit2quod
1261 520 1341 549 etiam
1360 519 1497 560 prophetae
1517 520 1660 558 faciebant,

918 576 982 594 cum
1000 565 1135 604 dicerent,
1144 566 1228 604 visio,
1246 573 1272 595 et
1293 566 1407 596 verbum
1417 589 1425 604 ‚
1437 574 1463 596 et
1477 567 1622 604 assumtio,
1636 574 1662 596 et

918 621 1023 647 sermo;
1036 611 1157 652 idipsum
1178 612 1226 642 ille
1237 623 1287 652 per
1306 613 1470 652 apostolatus
1484 623 1581 643 nomen
1601 613 1663 642 effi-

918 657 1016 687 ciebat.
1034 658 1111 688 Sicut
1123 658 1194 687 euim
1217 658 1251 695 is,
1262 658 1311 697 qui
1330 657 1397 687 dicit
1414 658 1545 689 visionem
1559 666 1585 689 et
1610 669 1663 688 ser-
1695 658 1814 694 AP⁰³¹⁰¹J¹³

919 714 1025 733 monem
1035 705 1159 742 Dei‚non
1170 704 1279 744 propria
1290 704 1366 734 effert
1377 715 1383 731 :
1395 704 1434 734 sic
1446 705 1530 744 etqui
1544 705 1662 745 seipsum
1670 690 1815 745 :usu‘ss'fflss

919 750 1071 789 apostolum
1083 757 1172 786 vocat,
1189 761 1242 780 non
1253 750 1404 786 suadocet,
1414 750 1462 780 sed
1475 761 1505 780 ea
1514 761 1572 790 quae
1582 752 1663 791 jussit
1672 760 1722 774 ΜΠ
1740 753 1813 782 51³⁵¹¹¹¹¹

920 797 943 826 is
956 797 1004 836 qui
1018 797 1100 827 misit.
1117 797 1240 837 Apostoli
1258 808 1373 837 namque
1388 798 1506 838 dignitas
1518 806 1558 828 est
1570 810 1619 839 per
1636 810 1664 829 se
1671 788 1743 805 “m''

919 843 1101 873 nihilofferre.
1116 843 1224 874 Idcirco
1236 843 1344 874 dicebat
1357 844 1501 874 Christus=
1514 846 1560 874 Ne
1576 856 1665 875 voee-
1673 855 1758 877 matth.
1775 853 1819 877 23.

921 891 958 919 tis
974 891 1252 930 magistruntrsuper
1274 897 1382 919 terram
1395 901 1406 917 .·
1419 900 1495 919 unus
1518 893 1596 920 enim
1621 899 1664 922 est
1675 894 1710 910 ¹⁰·

922 938 1060 974 magister
1082 943 1188 974 vester,
1203 938 1264 976 qui
1285 943 1328 966 est
1350 938 1382 965 in
1407 937 1505 972 caelis,·
1524 937 1666 968 ostendens

921 993 999 1012 omne
1015 981 1173 1022 dogmatum
1191 989 1344 1011 nostrorum
1356 982 1534 1022 principium,
1548 983 1667 1013 radicem

922 1028 1037 1068 desuper
1056 1039 1091 1057 cx
1113 1028 1241 1058 caelorum
1260 1029 1378 1057 Domino
1397 1029 1541 1068 accepisse,
1562 1030 1666 1060 etiamsi

922 1074 1044 1104 homines
1054 1076 1106 1104 sint
1117 1075 1165 1114 qui
1185 1074 1220 1104 ad
1241 1075 1289 1104 illa
1302 1075 1464 1105 ministrant.
1478 1077 1574 1117 Quam
1588 1078 1666 1107 vidit

922 1123 1028 1150 Isaias.
1051 1120 1194 1158 Quomodo
1219 1121 1287 1158 haec,
1308 1132 1368 1160 quae
1394 1121 1488 1151 vident
1515 1123 1665 1163 prophetae,

923 1166 1032 1196 videant
1051 1166 1140 1196 dicere
1160 1177 1213 1196 non
1229 1173 1350 1196 nostrum
1370 1174 1426 1202 esu
1438 1167 1550 1197 visionis
1564 1169 1667 1210 quippe

906 1211 1033 1241 ,modum
1046 1222 1098 1242 non
1111 1219 1254 1251 possumus
1263 1212 1432 1253 interpretari
1439 1224 1448 1251 ς
1460 1213 1507 1243 sed
1518 1214 1565 1244 ille
1578 1215 1667 1245 solum

921 1257 992 1288 clare
1005 1259 1092 1296 novit,
1107 1258 1154 1297 qui
1169 1259 1333 1300 experientia
1346 1259 1453 1289 didicit.
1462 1261 1569 1290 Etenim
1583 1261 1606 1291 si
1614 1271 1666 1292 na-

921 1311 988 1334 turae
1007 1315 1087 1345 opera
1100 1312 1127 1334 et
1141 1305 1252 1335 affectus
1271 1316 1342 1346 saepe
1357 1316 1434 1336 nemo
1459 1307 1595 1346 explicare
1613 1318 1666 1349 po-

886 1348 906 1372 D
921 1358 980 1388 test,
995 1352 1082 1381 multo
1101 1351 1193 1382 minus
1216 1351 1328 1382 modum
1351 1353 1514 1392 operationis
1534 1355 1664 1394 Spiritus.

921 1398 1003 1435 Quod
1012 1398 1036 1428 si
1049 1398 1172 1428 obscuris
1186 1398 1352 1438 imaginihus
1364 1399 1494 1429 audacter
1506 1401 1567 1439 quis
1578 1401 1608 1431 id
1615 1413 1668 1442 ag—

920 1444 996 1485 gredi
1020 1445 1115 1485 possit,
1136 1455 1190 1474 non
1205 1452 1276 1475 certe
1304 1445 1339 1474 ita
1365 1445 1462 1485 poterit
1478 1453 1508 1476 ut
1521 1447 1626 1478 clarum
1637 1449 1668 1478 id

920 1489 1027 1527 reddat,
1038 1490 1086 1520 sed
1102 1490 1131 1520 iu
1154 1490 1294 1530 aenigmate
1307 1490 1337 1520 id
1351 1492 1453 1524 efferet.
1468 1492 1540 1522 Mihi
1556 1493 1668 1532 quidem

919 1536 1030 1567 videtur
1047 1536 1076 1566 id
1096 1537 1133 1566 ita
1153 1537 1253 1566 sactum
1271 1548 1327 1567 esse
1339 1537 1367 1567 in
1384 1539 1540 1578 prophetis,
1554 1547 1584 1570 ut
1604 1551 1668 1571 cum

920 1594 995 1622 aquae
1008 1583 1128 1623 limpida:
1143 1590 1237 1613 natura
1252 1583 1343 1614 radios
1357 1585 1458 1614 solares
1475 1586 1596 1626 excepit,
1612 1594 1667 1617 tota

920 1629 1083 1666 illustratur,
1102 1629 1141 1658 sic
1165 1636 1192 1658 et
1215 1629 1408 1669 prophetarum
1432 1631 1535 1661 animas
1556 1634 1668 1673 propria

920 1675 1022 1705 virtute
1032 1675 1109 1714 prius
1116 1682 1288 1715 expurgatas,
1297 1675 1401 1705 donum
1411 1677 1530 1717 Spiritus
1537 1679 1666 1719 accipere,

921 1727 947 1750 et
955 1720 990 1750 ad
1000 1721 1131 1760 fulgorem
1140 1721 1220 1750 illum
1229 1722 1398 1752 concinnatas
1409 1723 1445 1752 ita
1456 1724 1611 1754 futurorum
1622 1736 1670 1755 no-

924 1765 1010 1795 titiam
1023 1765 1173 1795 admittere.
1187 1766 1285 1795 Filias
1293 1766 1400 1797 Amos.
1413 1769 1470 1798 Cur
1483 1776 1586 1808 patrem
1594 1781 1666 1800 com·
1709 1774 1818 1796 Nobilitas

923 1812 1073 1841 memorat?
1087 1813 1142 1841 Aut
1156 1811 1192 1841 ad
1207 1812 1356 1842 tollendum
1374 1815 1553 1853 aequivocum,
1569 1823 1615 1846 aut
1638 1825 1667 1848 ut
1676 1814 1760 1859 95:3¹1:ssss
1769 1813 1817 1857 ¹221}

923 1859 1092 1890 addiscamus
1105 1859 1188 1899 patris
1202 1859 1331 1889 vilitatem
1345 1861 1396 1890 filii
1410 1861 1537 1892 virtutem
1551 1874 1604 1894 non
1615 1846 1703 1895 ob)⁸¹
1738 1853 1818 1904 φέτίω

923 1917 1032 1936 seurare
1050 1918 1056 1935 :
1072 1905 1293 1945 nobilitatemque
1314 1917 1371 1936 esse
1394 1917 1446 1936 non
1465 1919 1501 1938 ex
1529 1906 1775 1949 Praeclffl.-st‘r⁰l³‘¹⁰·

923 1954 1071 1994 majoribus
1089 1953 1167 1989 oriri,
1175 1952 1222 1982 sed
1235 1963 1270 1982 ex
1280 1953 1390 1993 propria
1407 1955 1602 1995 magnitudine.
1615 1959 1668 1989 Hic
1691 1949 1694 1951 ⁵

923 2007 992 2030 certe
1003 2011 1040 2030 ex
1053 1999 1167 2039 ignobili
1187 2006 1263 2039 patre
1281 2006 1370 2034 natus,
1385 2002 1511 2032 omnibus
1534 2003 1668 2035 illustrior

923 2046 1017 2080 evasit,
1026 2044 1142 2086 propriae
1154 2044 1264 2075 virtutis
1271 2045 1431 2076 excellentia
1438 2047 1554 2088 fulgens.
1571 2051 1668 2090 Quam

922 2093 1001 2124 vidit
1026 2098 1129 2122 contra
1146 2091 1283 2121 Judoeam
1302 2098 1332 2121 et
1354 2100 1458 2123 contra
1488 2095 1665 2127 Jerusalem.

962 2220 993 2248 9.
1017 2217 1074 2247 Cur
1090 2216 1214 2246 distincte
1235 2223 1379 2257 utrumque
1398 2218 1488 2248 locum
1509 2230 1670 2251 commemo—

108 2270 162 2298 τῶν
183 2268 304 2309 χωρίων;
318 2267 429 2303 Ἐπειδὴ
450 2267 495 2297 καὶ
515 2267 542 2296 αἱ
563 2266 690 2306 τιμωρίαι
709 2266 874 2306 διῃρημένως
894 2283 905 2302 5
924 2264 985 2294 rat?
996 2264 1067 2301 Quia
1081 2273 1164 2303 poenae
1176 2262 1287 2293 divisim
1299 2263 1406 2293 inflictae
1422 2272 1494 2301 sunt,
1502 2265 1670 2305 diversisque

109 2314 240 2354 γεγόνασι,
251 2313 296 2343 καὶ
303 2314 331 2343 ἐν
342 2313 472 2353 διαφόροις
482 2317 590 2352 καιροῖς,
602 2315 648 2342 τοῦ
660 2314 730 2342 Θεοῦ
741 2312 786 2342 καὶ
798 2315 874 2342 τοῦτο
891 2309 1091 2354 &temporibus
1100 2332 1107 2346 ,
1130 2310 1187 2338 Deo
1211 2308 1242 2337 id
1268 2309 1401 2349 sapienter
1426 2309 1597 2350 dispensante
1605 2335 1613 2347 ‚
1638 2323 1671 2341 ne

110 2360 195 2399 σοφῶς
214 2357 449 2397 οἰκονομήσαντος,
462 2357 493 2386 τὸ
512 2356 550 2396 μὴ
569 2356 670 2390 πάντας
692 2356 784 2396 ἀθρόον
807 2357 875 2386 ἄπο-

142 2445 154 2457 ·
171 2436 214 2462 sic
225 2441 292 2461 recte
303 2434 380 2461 Sava.
391 2441 418 2460 et
427 2436 489 2469 Reg.
499 2435 586 2460 Μαι-εὶ.
602 2443 660 2460 vero
673 2438 753 2465 Νινευὶ,
767 2439 804 2461 καὶ
816 2437 863 2468 βιδ.

144 2477 158 2496 b
174 2476 236 2509 Reg.
249 2474 315 2500 male
327 2477 338 2501 ὁ
350 2477 473 2504 ἀπόστολος
493 2478 611 2501 ἐκέλευσεν.
630 2474 689 2499 Mox
708 2473 820 2506 suspicor
833 2473 867 2498 le-

113 2513 220 2549 gendum
231 2518 352 2547 ἰπιισάγειν
363 2512 428 2547 [sic].

145 2562 156 2574 e
174 2559 331 2589 Παραπῆσαι.
345 2553 386 2578 Sic
398 2553 531 2578 Bavuricus
541 2552 627 2578 Codex
640 2558 715 2577 recte.
738 2552 806 2578 Editi
823 2565 867 2580 πχ-

273 2610 345 2628 ΤΟΜ.
371 2609 412 2627 Vl.

927 2366 1019 2386 omnes
1032 2365 1085 2384 una
1096 2354 1222 2395 perirent,
1231 2354 1275 2384 sed
1289 2354 1387 2384 sensim
1397 2363 1422 2385 et
1433 2356 1574 2396 paulatim,
1584 2365 1614 2387 ut
1625 2358 1671 2387 ab·

915 2440 1034 2470 ραστῆναι.

949 2473 970 2508 [d
988 2473 1065 2499 Savil.
1079 2474 1104 2498 in
1129 2481 1208 2505 marg.
1228 2478 1254 2498 et
1265 2472 1328 2497 Bibl.
1352 2472 1426 2506 Ᾰμώς.
1441 2473 1470 2497 V.
1493 2473 1558 2498 infra
1582 2483 1607 2506 p.
1631 2477 1670 2507 48,

917 2519 970 2538 not*
982 2514 990 2545 ]

1499 2608 1513 2625 2
