<?xml version="1.0" encoding="UTF-8"?>
<!DOCTYPE html PUBLIC "-//W3C//DTD XHTML 1.0 Transitional//EN"
    "http://www.w3.org/TR/xhtml1/DTD/xhtml1-transitional.dtd">
<html xmlns="http://www.w3.org/1999/xhtml" xml:lang="en" lang="en">
 <head>
  <title>
</title>
<meta http-equiv="Content-Type" content="text/html;charset=utf-8" />
  <meta name='ocr-system' content='tesseract 3.04.00' />
  <meta name='ocr-capabilities' content='ocr_page ocr_carea ocr_par ocr_line ocrx_word'/>
</head>
<body>
  <div class='ocr_page' id='page_1' title='image "./operaomniaquaeex06johnuoft_0099.png"; bbox 0 0 1890 2826; ppageno 0'>
   <div class='ocr_carea' id='block_1_1' title="bbox 0 0 58 2826">
    <p class='ocr_par' dir='ltr' id='par_1_1' title="bbox 0 0 58 2826">
     <span class='ocr_line' id='line_1_1' title="bbox 0 0 58 2826; baseline 0 0"><span class='ocrx_word' id='word_1_1' title='bbox 0 0 58 2826; x_wconf 95' lang='lat' dir='ltr'><strong> </strong></span> 
     </span>
    </p>
   </div>
   <div class='ocr_carea' id='block_1_2' title="bbox 710 174 1082 206">
    <p class='ocr_par' dir='ltr' id='par_1_2' title="bbox 710 174 1082 206">
     <span class='ocr_line' id='line_1_2' title="bbox 710 174 1082 206; baseline -0.008 -7"><span class='ocrx_word' id='word_1_2' title='bbox 710 177 742 199; x_wconf 78' lang='lat' dir='ltr'><strong>IN</strong></span> <span class='ocrx_word' id='word_1_3' title='bbox 771 175 898 206; x_wconf 69' lang='lat' dir='ltr'><strong>tsAIAM,</strong></span> <span class='ocrx_word' id='word_1_4' title='bbox 928 174 1004 197; x_wconf 74' lang='lat' dir='ltr'>CAP.</span> <span class='ocrx_word' id='word_1_5' title='bbox 1034 174 1082 197; x_wconf 84' lang='lat' dir='ltr'><strong>Vl.</strong></span> 
     </span>
    </p>
   </div>
   <div class='ocr_carea' id='block_1_3' title="bbox 112 235 884 646">
    <p class='ocr_par' dir='ltr' id='par_1_3' title="bbox 112 235 884 646">
     <span class='ocr_line' id='line_1_3' title="bbox 113 235 877 277; baseline -0.005 -8"><span class='ocrx_word' id='word_1_6' title='bbox 113 239 220 269; x_wconf 83' lang='grc' dir='ltr'>Παύλου</span> <span class='ocrx_word' id='word_1_7' title='bbox 234 241 278 268; x_wconf 74' lang='grc' dir='ltr'><strong>τοῦ</strong></span> <span class='ocrx_word' id='word_1_8' title='bbox 299 239 333 268; x_wconf 77' lang='grc' dir='ltr'><strong>τὰ</strong></span> <span class='ocrx_word' id='word_1_9' title='bbox 357 238 459 268; x_wconf 76' lang='grc' dir='ltr'>παλαιὰ</span> <span class='ocrx_word' id='word_1_10' title='bbox 485 238 530 268; x_wconf 81' lang='grc' dir='ltr'><strong>καὶ</strong></span> <span class='ocrx_word' id='word_1_11' title='bbox 554 237 631 267; x_wconf 78' lang='grc' dir='ltr'>καινὰ</span> <span class='ocrx_word' id='word_1_12' title='bbox 651 236 719 277; x_wconf 78' lang='grc' dir='ltr'>μετὰ</span> <span class='ocrx_word' id='word_1_13' title='bbox 742 235 877 276; x_wconf 75' lang='grc' dir='ltr'>ἀκριὸείας</span> 
     </span>
     <span class='ocr_line' id='line_1_4' title="bbox 113 282 878 324; baseline -0.005 -10"><span class='ocrx_word' id='word_1_14' title='bbox 113 285 218 318; x_wconf 79' lang='grc' dir='ltr'>εἰδότος.</span> <span class='ocrx_word' id='word_1_15' title='bbox 238 284 273 314; x_wconf 76' lang='lat'><strong>‘0</strong></span> <span class='ocrx_word' id='word_1_16' title='bbox 284 284 334 323; x_wconf 82' lang='grc' dir='ltr'><strong>μὲν</strong></span> <span class='ocrx_word' id='word_1_17' title='bbox 347 283 398 324; x_wconf 70' lang='grc' dir='ltr'><strong>γὰρ</strong></span> <span class='ocrx_word' id='word_1_18' title='bbox 413 285 439 314; x_wconf 79' lang='grc' dir='ltr'><strong>ἐν</strong></span> <span class='ocrx_word' id='word_1_19' title='bbox 458 287 492 324; x_wconf 83' lang='grc' dir='ltr'><strong>τῇ</strong></span> <span class='ocrx_word' id='word_1_20' title='bbox 506 283 601 322; x_wconf 82' lang='grc' dir='ltr'>Ῥώμῃ</span> <span class='ocrx_word' id='word_1_21' title='bbox 615 283 680 323; x_wconf 83' lang='grc' dir='ltr'>πρὸς</span> <span class='ocrx_word' id='word_1_22' title='bbox 702 282 762 316; x_wconf 76' lang='grc' dir='ltr'>τοὺς</span> <span class='ocrx_word' id='word_1_23' title='bbox 782 282 878 312; x_wconf 86' lang='grc' dir='ltr'>συνελ-</span> 
     </span>
     <span class='ocr_line' id='line_1_5' title="bbox 113 327 879 370; baseline -0.007 -9"><span class='ocrx_word' id='word_1_24' title='bbox 113 331 202 365; x_wconf 87' lang='grc' dir='ltr'>θόντας</span> <span class='ocrx_word' id='word_1_25' title='bbox 213 329 271 370; x_wconf 83' lang='grc' dir='ltr'>μὲν,</span> <span class='ocrx_word' id='word_1_26' title='bbox 286 330 509 366; x_wconf 81' lang='grc' dir='ltr'>ἀποπηδήσαντας</span> <span class='ocrx_word' id='word_1_27' title='bbox 520 330 562 366; x_wconf 84' lang='grc' dir='ltr'><strong>δὲ,</strong></span> <span class='ocrx_word' id='word_1_28' title='bbox 573 329 618 360; x_wconf 70' lang='grc' dir='ltr'><strong>καὶ</strong></span> <span class='ocrx_word' id='word_1_29' title='bbox 628 331 676 359; x_wconf 77' lang='grc' dir='ltr'><strong>οὐκ</strong></span> <span class='ocrx_word' id='word_1_30' title='bbox 684 327 879 369; x_wconf 78' lang='grc' dir='ltr'>ἀνασχομένους</span> 
     </span>
     <span class='ocr_line' id='line_1_6' title="bbox 112 368 880 416; baseline -0.007 -10"><span class='ocrx_word' id='word_1_31' title='bbox 112 378 163 406; x_wconf 87' lang='grc' dir='ltr'><strong>τῶν</strong></span> <span class='ocrx_word' id='word_1_32' title='bbox 183 375 343 416; x_wconf 75' lang='grc' dir='ltr'>λεγομένων,</span> <span class='ocrx_word' id='word_1_33' title='bbox 362 377 520 416; x_wconf 79' lang='grc' dir='ltr'>δημηγορῶν</span> <span class='ocrx_word' id='word_1_34' title='bbox 544 375 617 415; x_wconf 84' lang='grc' dir='ltr'>ἔλεγε</span> <span class='ocrx_word' id='word_1_35' title='bbox 630 387 636 393; x_wconf 95' lang='grc'><em>·</em></span> <span class='ocrx_word' id='word_1_36' title='bbox 652 376 748 408; x_wconf 82' lang='grc' dir='ltr'>Καλῶς</span> <span class='ocrx_word' id='word_1_37' title='bbox 771 368 828 403; x_wconf 76' lang='grc' dir='ltr'>εἶπε</span> <span class='ocrx_word' id='word_1_38' title='bbox 849 371 880 401; x_wconf 79' lang='grc' dir='ltr'><strong>τὸ</strong></span> 
     </span>
     <span class='ocr_line' id='line_1_7' title="bbox 112 419 879 462; baseline -0.007 -10"><span class='ocrx_word' id='word_1_39' title='bbox 112 424 223 461; x_wconf 74' lang='grc' dir='ltr'>Πνεῦμα</span> <span class='ocrx_word' id='word_1_40' title='bbox 233 422 263 452; x_wconf 85' lang='grc' dir='ltr'><strong>τὸ</strong></span> <span class='ocrx_word' id='word_1_41' title='bbox 278 422 350 462; x_wconf 77' lang='grc' dir='ltr'>ἅγιον</span> <span class='ocrx_word' id='word_1_42' title='bbox 359 434 366 440; x_wconf 95' lang='grc'>·</span> <span class='ocrx_word' id='word_1_43' title='bbox 376 424 455 462; x_wconf 78' lang='grc' dir='ltr'>Ἀκοῇ</span> <span class='ocrx_word' id='word_1_44' title='bbox 467 421 608 457; x_wconf 77' lang='grc' dir='ltr'>ἀκούσετε,</span> <span class='ocrx_word' id='word_1_45' title='bbox 622 420 667 451; x_wconf 81' lang='grc' dir='ltr'><strong>καὶ</strong></span> <span class='ocrx_word' id='word_1_46' title='bbox 680 422 708 450; x_wconf 84' lang='grc' dir='ltr'><strong>οὗ</strong></span> <span class='ocrx_word' id='word_1_47' title='bbox 724 419 761 458; x_wconf 85' lang='grc' dir='ltr'><strong>μὴ</strong></span> <span class='ocrx_word' id='word_1_48' title='bbox 775 421 879 454; x_wconf 77' lang='grc' dir='ltr'>συνῆτε.</span> 
     </span>
     <span class='ocr_line' id='line_1_8' title="bbox 112 464 882 508; baseline -0.005 -10"><span class='ocrx_word' id='word_1_49' title='bbox 112 468 146 498; x_wconf 88' lang='grc' dir='ltr'>Ὁ</span> <span class='ocrx_word' id='word_1_50' title='bbox 159 469 187 498; x_wconf 83' lang='grc' dir='ltr'>δὲ</span> <span class='ocrx_word' id='word_1_51' title='bbox 204 470 251 504; x_wconf 79' lang='grc' dir='ltr'><strong>τῆς</strong></span> <span class='ocrx_word' id='word_1_52' title='bbox 266 470 376 508; x_wconf 76' lang='grc' dir='ltr'>βροντῆς</span> <span class='ocrx_word' id='word_1_53' title='bbox 389 468 458 504; x_wconf 79' lang='grc' dir='ltr'>υἱὸς,</span> <span class='ocrx_word' id='word_1_54' title='bbox 474 467 565 503; x_wconf 79' lang='grc' dir='ltr'>ἐπειδὴ</span> <span class='ocrx_word' id='word_1_55' title='bbox 579 466 702 506; x_wconf 83' lang='grc' dir='ltr'>θαύματα</span> <span class='ocrx_word' id='word_1_56' title='bbox 715 466 813 506; x_wconf 81' lang='grc' dir='ltr'>ἑώρων,</span> <span class='ocrx_word' id='word_1_57' title='bbox 836 464 882 494; x_wconf 74' lang='grc' dir='ltr'><strong>καὶ</strong></span> 
     </span>
     <span class='ocr_line' id='line_1_9' title="bbox 112 511 881 554; baseline -0.007 -10"><span class='ocrx_word' id='word_1_58' title='bbox 112 516 160 544; x_wconf 78' lang='grc' dir='ltr'><strong>οὐκ</strong></span> <span class='ocrx_word' id='word_1_59' title='bbox 177 514 314 544; x_wconf 75' lang='grc' dir='ltr'>ἐπίστευον</span> <span class='ocrx_word' id='word_1_60' title='bbox 319 538 329 552; x_wconf 90' lang='lat'><em>‚</em></span> <span class='ocrx_word' id='word_1_61' title='bbox 343 514 388 544; x_wconf 79' lang='grc' dir='ltr'><strong>καὶ</strong></span> <span class='ocrx_word' id='word_1_62' title='bbox 407 513 544 554; x_wconf 81' lang='grc' dir='ltr'>δογμάτων</span> <span class='ocrx_word' id='word_1_63' title='bbox 568 513 674 549; x_wconf 88' lang='grc' dir='ltr'>ἤκουον,</span> <span class='ocrx_word' id='word_1_64' title='bbox 686 511 731 542; x_wconf 73' lang='grc' dir='ltr'><strong>καὶ</strong></span> <span class='ocrx_word' id='word_1_65' title='bbox 754 512 783 541; x_wconf 81' lang='grc' dir='ltr'><strong>οὔ</strong></span> <span class='ocrx_word' id='word_1_66' title='bbox 798 522 881 551; x_wconf 88' lang='grc' dir='ltr'>προσ-</span> 
     </span>
     <span class='ocr_line' id='line_1_10' title="bbox 113 557 881 600; baseline -0.007 -10"><span class='ocrx_word' id='word_1_67' title='bbox 113 565 183 600; x_wconf 83' lang='grc' dir='ltr'>εῖχον</span> <span class='ocrx_word' id='word_1_68' title='bbox 198 559 345 599; x_wconf 78' lang='grc' dir='ltr'>(ἀνέστησε</span> <span class='ocrx_word' id='word_1_69' title='bbox 356 559 408 600; x_wconf 83' lang='grc' dir='ltr'><strong>γὰρ</strong></span> <span class='ocrx_word' id='word_1_70' title='bbox 421 560 541 599; x_wconf 83' lang='grc' dir='ltr'>Λάζαρον</span> <span class='ocrx_word' id='word_1_71' title='bbox 556 562 571 589; x_wconf 80' lang='grc' dir='ltr'><strong>ὁ</strong></span> <span class='ocrx_word' id='word_1_72' title='bbox 582 558 709 599; x_wconf 81' lang='grc' dir='ltr'>Χριστὸς,</span> <span class='ocrx_word' id='word_1_73' title='bbox 721 557 766 587; x_wconf 81' lang='grc' dir='ltr'><strong>καὶ</strong></span> <span class='ocrx_word' id='word_1_74' title='bbox 781 557 881 586; x_wconf 78' lang='grc' dir='ltr'>ἀνελεῖν</span> 
     </span>
     <span class='ocr_line' id='line_1_11' title="bbox 113 604 884 646; baseline -0.005 -11"><span class='ocrx_word' id='word_1_75' title='bbox 113 606 191 635; x_wconf 76' lang='grc' dir='ltr'>αὐτὸν</span> <span class='ocrx_word' id='word_1_76' title='bbox 206 606 370 646; x_wconf 76' lang='grc' dir='ltr'>ἐπεχείρουν·</span> <span class='ocrx_word' id='word_1_77' title='bbox 383 605 508 645; x_wconf 85' lang='grc' dir='ltr'>δαίμονας</span> <span class='ocrx_word' id='word_1_78' title='bbox 521 605 633 642; x_wconf 88' lang='grc' dir='ltr'>ἤλαυνε,</span> <span class='ocrx_word' id='word_1_79' title='bbox 648 604 694 634; x_wconf 80' lang='grc' dir='ltr'><strong>καὶ</strong></span> <span class='ocrx_word' id='word_1_80' title='bbox 716 604 884 642; x_wconf 86' lang='grc' dir='ltr'>δαιμονῶντα</span> 
     </span>
    </p>
   </div>
   <div class='ocr_carea' id='block_1_4' title="bbox 112 649 916 692">
    <p class='ocr_par' dir='ltr' id='par_1_4' title="bbox 112 649 916 692">
     <span class='ocr_line' id='line_1_12' title="bbox 112 649 916 692; baseline -0.005 -11"><span class='ocrx_word' id='word_1_81' title='bbox 112 652 222 681; x_wconf 78' lang='grc' dir='ltr'>ἐκάλουν</span> <span class='ocrx_word' id='word_1_82' title='bbox 232 664 239 670; x_wconf 91' lang='grc'><em>·</em></span> <span class='ocrx_word' id='word_1_83' title='bbox 253 654 291 692; x_wconf 82' lang='grc' dir='ltr'><strong>τῷ</strong></span> <span class='ocrx_word' id='word_1_84' title='bbox 305 652 394 692; x_wconf 80' lang='grc' dir='ltr'>Πατρὶ</span> <span class='ocrx_word' id='word_1_85' title='bbox 407 653 524 692; x_wconf 80' lang='grc' dir='ltr'>προσῆγε</span> <span class='ocrx_word' id='word_1_86' title='bbox 535 673 543 686; x_wconf 90' lang='grc'>,</span> <span class='ocrx_word' id='word_1_87' title='bbox 554 651 599 680; x_wconf 81' lang='grc' dir='ltr'><strong>καὶ</strong></span> <span class='ocrx_word' id='word_1_88' title='bbox 621 649 720 680; x_wconf 79' lang='grc' dir='ltr'>πλάνον</span> <span class='ocrx_word' id='word_1_89' title='bbox 734 649 879 687; x_wconf 83' lang='grc' dir='ltr'>ὠνόμαζον,</span> <span class='ocrx_word' id='word_1_90' title='bbox 897 658 916 680; x_wconf 86' lang='lat'><strong>1)</strong></span> 
     </span>
    </p>
   </div>
   <div class='ocr_carea' id='block_1_5' title="bbox 113 694 884 1156">
    <p class='ocr_par' dir='ltr' id='par_1_5' title="bbox 113 694 882 875">
     <span class='ocr_line' id='line_1_13' title="bbox 113 694 882 738; baseline -0.005 -11"><span class='ocrx_word' id='word_1_91' title='bbox 113 696 219 731; x_wconf 75' lang='grc' dir='ltr'>καὶτὰς</span> <span class='ocrx_word' id='word_1_92' title='bbox 241 696 358 731; x_wconf 82' lang='grc' dir='ltr'>ἐναντίας</span> <span class='ocrx_word' id='word_1_93' title='bbox 377 697 497 738; x_wconf 76' lang='grc' dir='ltr'>ἐδέχοντο</span> <span class='ocrx_word' id='word_1_94' title='bbox 523 696 629 734; x_wconf 80' lang='grc' dir='ltr'>δόξας),</span> <span class='ocrx_word' id='word_1_95' title='bbox 658 694 817 735; x_wconf 81' lang='grc' dir='ltr'>μνημονεύει</span> <span class='ocrx_word' id='word_1_96' title='bbox 834 696 882 729; x_wconf 77' lang='grc' dir='ltr'><strong>τῆς</strong></span> 
     </span>
     <span class='ocr_line' id='line_1_14' title="bbox 113 737 881 783; baseline -0.007 -10"><span class='ocrx_word' id='word_1_97' title='bbox 113 743 274 783; x_wconf 78' lang='grc' dir='ltr'>προφητείας</span> <span class='ocrx_word' id='word_1_98' title='bbox 293 743 391 779; x_wconf 82' lang='grc' dir='ltr'>ταύτης</span> <span class='ocrx_word' id='word_1_99' title='bbox 402 743 487 782; x_wconf 83' lang='grc' dir='ltr'>λέγων</span> <span class='ocrx_word' id='word_1_100' title='bbox 499 755 505 761; x_wconf 92' lang='grc'><em>·</em></span> <span class='ocrx_word' id='word_1_101' title='bbox 520 743 617 776; x_wconf 82' lang='grc' dir='ltr'>Καλῶς</span> <span class='ocrx_word' id='word_1_102' title='bbox 638 737 710 771; x_wconf 78' lang='grc' dir='ltr'>εἶπεν</span> <span class='ocrx_word' id='word_1_103' title='bbox 733 739 845 773; x_wconf 78' lang='grc' dir='ltr'>Ἡσαΐας</span> <span class='ocrx_word' id='word_1_104' title='bbox 867 741 881 769; x_wconf 80' lang='grc' dir='ltr'>ὁ</span> 
     </span>
     <span class='ocr_line' id='line_1_15' title="bbox 113 785 880 830; baseline -0.009 -9"><span class='ocrx_word' id='word_1_105' title='bbox 113 789 266 830; x_wconf 65' lang='grc' dir='ltr'>προφήτης,</span> <span class='ocrx_word' id='word_1_106' title='bbox 277 789 319 820; x_wconf 75' lang='grc' dir='ltr'><strong>ὅτι</strong></span> <span class='ocrx_word' id='word_1_107' title='bbox 328 789 405 828; x_wconf 80' lang='grc' dir='ltr'>Ἀκοῇ</span> <span class='ocrx_word' id='word_1_108' title='bbox 418 788 543 819; x_wconf 79' lang='grc' dir='ltr'>ἀκούσετε</span> <span class='ocrx_word' id='word_1_109' title='bbox 551 812 559 825; x_wconf 89' lang='grc'>,</span> <span class='ocrx_word' id='word_1_110' title='bbox 567 787 612 818; x_wconf 80' lang='grc' dir='ltr'><strong>καὶ</strong></span> <span class='ocrx_word' id='word_1_111' title='bbox 622 789 652 817; x_wconf 82' lang='grc' dir='ltr'><strong>οὐ</strong></span> <span class='ocrx_word' id='word_1_112' title='bbox 665 786 703 826; x_wconf 82' lang='grc' dir='ltr'><strong>μὴ</strong></span> <span class='ocrx_word' id='word_1_113' title='bbox 716 789 827 822; x_wconf 76' lang='grc' dir='ltr'>συνῆτε,</span> <span class='ocrx_word' id='word_1_114' title='bbox 835 785 880 815; x_wconf 80' lang='grc' dir='ltr'><strong>καὶ</strong></span> 
     </span>
     <span class='ocr_line' id='line_1_16' title="bbox 115 834 634 875; baseline -0.002 -11"><span class='ocrx_word' id='word_1_115' title='bbox 115 835 255 874; x_wconf 84' lang='grc' dir='ltr'>βλέποντες</span> <span class='ocrx_word' id='word_1_116' title='bbox 268 835 392 875; x_wconf 76' lang='grc' dir='ltr'>βλέψετε,</span> <span class='ocrx_word' id='word_1_117' title='bbox 404 835 450 865; x_wconf 79' lang='grc' dir='ltr'><strong>καὶ</strong></span> <span class='ocrx_word' id='word_1_118' title='bbox 459 836 488 864; x_wconf 78' lang='grc' dir='ltr'><strong>οὐ</strong></span> <span class='ocrx_word' id='word_1_119' title='bbox 503 834 541 874; x_wconf 80' lang='grc' dir='ltr'><strong>μὴ</strong></span> <span class='ocrx_word' id='word_1_120' title='bbox 552 834 634 871; x_wconf 83' lang='grc' dir='ltr'>ἴδητε.</span> 
     </span>
    </p>

    <p class='ocr_par' dir='ltr' id='par_1_6' title="bbox 114 883 884 1156">
     <span class='ocr_line' id='line_1_17' title="bbox 154 883 880 926; baseline -0.006 -10"><span class='ocrx_word' id='word_1_121' title='bbox 154 886 265 923; x_wconf 78' lang='grc' dir='ltr'>Ἐπειδὴ</span> <span class='ocrx_word' id='word_1_122' title='bbox 278 886 330 926; x_wconf 78' lang='grc' dir='ltr'><strong>γὰρ</strong></span> <span class='ocrx_word' id='word_1_123' title='bbox 341 885 377 916; x_wconf 78' lang='grc' dir='ltr'><strong>τὰ</strong></span> <span class='ocrx_word' id='word_1_124' title='bbox 394 885 466 915; x_wconf 80' lang='grc' dir='ltr'>ἔνδον</span> <span class='ocrx_word' id='word_1_125' title='bbox 479 885 588 925; x_wconf 86' lang='grc' dir='ltr'>ὄμματα</span> <span class='ocrx_word' id='word_1_126' title='bbox 603 886 651 920; x_wconf 80' lang='grc' dir='ltr'><strong>τῆς</strong></span> <span class='ocrx_word' id='word_1_127' title='bbox 665 883 783 918; x_wconf 84' lang='grc' dir='ltr'>,διανοίας</span> <span class='ocrx_word' id='word_1_128' title='bbox 795 883 880 919; x_wconf 83' lang='grc' dir='ltr'>πεπή-</span> 
     </span>
     <span class='ocr_line' id='line_1_18' title="bbox 116 928 881 972; baseline -0.004 -10"><span class='ocrx_word' id='word_1_129' title='bbox 116 944 198 972; x_wconf 83' lang='grc' dir='ltr'>ρωντο</span> <span class='ocrx_word' id='word_1_130' title='bbox 207 953 216 967; x_wconf 93' lang='grc'>,</span> <span class='ocrx_word' id='word_1_131' title='bbox 229 932 303 962; x_wconf 72' lang='grc' dir='ltr'>οὐδὲν</span> <span class='ocrx_word' id='word_1_132' title='bbox 311 933 403 972; x_wconf 85' lang='grc' dir='ltr'>ὄφελος</span> <span class='ocrx_word' id='word_1_133' title='bbox 410 928 443 968; x_wconf 71' lang='grc' dir='ltr'><strong>ἦν</strong></span> <span class='ocrx_word' id='word_1_134' title='bbox 456 933 543 965; x_wconf 85' lang='grc' dir='ltr'>αὖτοῖς</span> <span class='ocrx_word' id='word_1_135' title='bbox 551 933 603 960; x_wconf 81' lang='grc' dir='ltr'><strong>τῶν</strong></span> <span class='ocrx_word' id='word_1_136' title='bbox 618 930 711 965; x_wconf 83' lang='grc' dir='ltr'>ἔξωθεν</span> <span class='ocrx_word' id='word_1_137' title='bbox 730 932 881 971; x_wconf 80' lang='grc' dir='ltr'>ὀφθαλμῶν,</span> 
     </span>
     <span class='ocr_line' id='line_1_19' title="bbox 114 975 883 1018; baseline -0.005 -10"><span class='ocrx_word' id='word_1_138' title='bbox 114 981 160 1007; x_wconf 77' lang='grc' dir='ltr'><strong>τοῦ</strong></span> <span class='ocrx_word' id='word_1_139' title='bbox 171 978 306 1018; x_wconf 71' lang='grc' dir='ltr'>κριτηρίου</span> <span class='ocrx_word' id='word_1_140' title='bbox 317 980 365 1013; x_wconf 80' lang='grc' dir='ltr'><strong>τῆς</strong></span> <span class='ocrx_word' id='word_1_141' title='bbox 383 977 496 1010; x_wconf 80' lang='grc' dir='ltr'>διανοίας</span> <span class='ocrx_word' id='word_1_142' title='bbox 518 976 716 1017; x_wconf 79' lang='grc' dir='ltr'>διεφθαρμένου.</span> <span class='ocrx_word' id='word_1_143' title='bbox 730 975 783 1006; x_wconf 78' lang='grc' dir='ltr'><strong>Διὰ</strong></span> <span class='ocrx_word' id='word_1_144' title='bbox 804 978 883 1005; x_wconf 85' lang='grc' dir='ltr'>τοῦτο</span> 
     </span>
     <span class='ocr_line' id='line_1_20' title="bbox 116 1021 882 1063; baseline -0.005 -9"><span class='ocrx_word' id='word_1_145' title='bbox 116 1023 256 1063; x_wconf 71' lang='grc' dir='ltr'>βλέποντες</span> <span class='ocrx_word' id='word_1_146' title='bbox 274 1025 321 1054; x_wconf 81' lang='grc' dir='ltr'><strong>οὐκ</strong></span> <span class='ocrx_word' id='word_1_147' title='bbox 341 1023 461 1059; x_wconf 74' lang='grc' dir='ltr'>ἔὸλεπον,</span> <span class='ocrx_word' id='word_1_148' title='bbox 484 1023 530 1052; x_wconf 75' lang='grc' dir='ltr'><strong>καὶ</strong></span> <span class='ocrx_word' id='word_1_149' title='bbox 544 1022 683 1056; x_wconf 78' lang='grc' dir='ltr'>ἀκούοντες</span> <span class='ocrx_word' id='word_1_150' title='bbox 706 1023 754 1051; x_wconf 76' lang='grc' dir='ltr'><strong>οὐκ</strong></span> <span class='ocrx_word' id='word_1_151' title='bbox 772 1021 882 1057; x_wconf 84' lang='grc' dir='ltr'>ἤκουον·</span> 
     </span>
     <span class='ocr_line' id='line_1_21' title="bbox 115 1067 882 1110; baseline -0.004 -11"><span class='ocrx_word' id='word_1_152' title='bbox 115 1070 159 1099; x_wconf 74' lang='grc' dir='ltr'><strong>καὶ</strong></span> <span class='ocrx_word' id='word_1_153' title='bbox 179 1069 228 1106; x_wconf 69' lang='grc' dir='ltr'><strong>τὴν</strong></span> <span class='ocrx_word' id='word_1_154' title='bbox 250 1070 337 1099; x_wconf 82' lang='grc' dir='ltr'>αἰτίαν</span> <span class='ocrx_word' id='word_1_155' title='bbox 349 1070 533 1110; x_wconf 86' lang='grc' dir='ltr'>προστίθησιν,</span> <span class='ocrx_word' id='word_1_156' title='bbox 548 1068 589 1097; x_wconf 79' lang='grc' dir='ltr'><strong>ὅτι</strong></span> <span class='ocrx_word' id='word_1_157' title='bbox 603 1068 664 1108; x_wconf 83' lang='grc' dir='ltr'>οὐχὶ</span> <span class='ocrx_word' id='word_1_158' title='bbox 676 1068 711 1097; x_wconf 81' lang='grc' dir='ltr'><strong>τὰ</strong></span> <span class='ocrx_word' id='word_1_159' title='bbox 722 1067 882 1107; x_wconf 82' lang='grc' dir='ltr'>αἰσθητήρια</span> 
     </span>
     <span class='ocr_line' id='line_1_22' title="bbox 115 1111 884 1156; baseline -0.005 -10"><span class='ocrx_word' id='word_1_160' title='bbox 115 1111 146 1152; x_wconf 75' lang='grc' dir='ltr'><strong>ἦν</strong></span> <span class='ocrx_word' id='word_1_161' title='bbox 166 1115 340 1156; x_wconf 81' lang='grc' dir='ltr'>διεφθαρμένα</span> <span class='ocrx_word' id='word_1_162' title='bbox 349 1138 358 1151; x_wconf 84' lang='grc'>,</span> <span class='ocrx_word' id='word_1_163' title='bbox 379 1116 438 1145; x_wconf 81' lang='grc' dir='ltr'>οὐδὲ</span> <span class='ocrx_word' id='word_1_164' title='bbox 453 1118 470 1151; x_wconf 82' lang='grc' dir='ltr'>ἡ</span> <span class='ocrx_word' id='word_1_165' title='bbox 496 1114 572 1155; x_wconf 77' lang='grc' dir='ltr'>φύσις</span> <span class='ocrx_word' id='word_1_166' title='bbox 597 1113 783 1151; x_wconf 73' lang='grc' dir='ltr'>λελωὸημένη,</span> <span class='ocrx_word' id='word_1_167' title='bbox 815 1113 884 1143; x_wconf 82' lang='grc' dir='ltr'>ἀλλὰ</span> 
     </span>
    </p>
   </div>
   <div class='ocr_carea' id='block_1_6' title="bbox 115 1159 918 1202">
    <p class='ocr_par' dir='ltr' id='par_1_7' title="bbox 115 1159 918 1202">
     <span class='ocr_line' id='line_1_23' title="bbox 115 1159 918 1202; baseline -0.004 -11"><span class='ocrx_word' id='word_1_168' title='bbox 115 1165 132 1198; x_wconf 83' lang='grc' dir='ltr'>ἡ</span> <span class='ocrx_word' id='word_1_169' title='bbox 154 1161 250 1202; x_wconf 79' lang='grc' dir='ltr'>καρδία</span> <span class='ocrx_word' id='word_1_170' title='bbox 274 1161 463 1201; x_wconf 85' lang='grc' dir='ltr'>πεπηρωμένη.</span> <span class='ocrx_word' id='word_1_171' title='bbox 488 1159 642 1200; x_wconf 83' lang='grc' dir='ltr'>Ἐπαχύνθη</span> <span class='ocrx_word' id='word_1_172' title='bbox 677 1160 729 1199; x_wconf 82' lang='grc' dir='ltr'><strong>γὰρ</strong></span> <span class='ocrx_word' id='word_1_173' title='bbox 748 1161 766 1195; x_wconf 84' lang='grc' dir='ltr'>ἡ</span> <span class='ocrx_word' id='word_1_174' title='bbox 789 1159 884 1199; x_wconf 84' lang='grc' dir='ltr'>καρδία</span> <span class='ocrx_word' id='word_1_175' title='bbox 900 1168 918 1191; x_wconf 77' lang='grc' dir='ltr'><strong>Ε</strong></span> 
     </span>
    </p>
   </div>
   <div class='ocr_carea' id='block_1_7' title="bbox 92 1205 887 1614">
    <p class='ocr_par' dir='ltr' id='par_1_8' title="bbox 92 1205 887 1614">
     <span class='ocr_line' id='line_1_24' title="bbox 116 1205 884 1246; baseline -0.004 -9"><span class='ocrx_word' id='word_1_176' title='bbox 116 1211 161 1237; x_wconf 82' lang='grc' dir='ltr'><strong>τοῦ</strong></span> <span class='ocrx_word' id='word_1_177' title='bbox 183 1209 248 1237; x_wconf 81' lang='grc' dir='ltr'>λαοῦ</span> <span class='ocrx_word' id='word_1_178' title='bbox 268 1206 377 1244; x_wconf 79' lang='grc' dir='ltr'>τούτου,</span> <span class='ocrx_word' id='word_1_179' title='bbox 405 1206 472 1246; x_wconf 82' lang='grc' dir='ltr'>φησί</span> <span class='ocrx_word' id='word_1_180' title='bbox 484 1218 490 1224; x_wconf 91' lang='grc'><em>·</em></span> <span class='ocrx_word' id='word_1_181' title='bbox 518 1205 604 1246; x_wconf 78' lang='grc' dir='ltr'>πάχος</span> <span class='ocrx_word' id='word_1_182' title='bbox 623 1205 651 1235; x_wconf 86' lang='grc' dir='ltr'>δὲ</span> <span class='ocrx_word' id='word_1_183' title='bbox 677 1205 791 1238; x_wconf 86' lang='grc' dir='ltr'>διανοίας</span> <span class='ocrx_word' id='word_1_184' title='bbox 812 1205 884 1244; x_wconf 84' lang='grc' dir='ltr'>γίνε-</span> 
     </span>
     <span class='ocr_line' id='line_1_25' title="bbox 116 1251 884 1292; baseline -0.004 -10"><span class='ocrx_word' id='word_1_185' title='bbox 116 1265 161 1283; x_wconf 79' lang='grc' dir='ltr'><strong>ται</strong></span> <span class='ocrx_word' id='word_1_186' title='bbox 177 1253 230 1282; x_wconf 81' lang='grc' dir='ltr'><strong>ἀπό</strong></span> <span class='ocrx_word' id='word_1_187' title='bbox 248 1264 278 1282; x_wconf 89' lang='grc' dir='ltr'><strong>τε</strong></span> <span class='ocrx_word' id='word_1_188' title='bbox 301 1252 511 1292; x_wconf 82' lang='grc' dir='ltr'>ἁμαρτημάτων,</span> <span class='ocrx_word' id='word_1_189' title='bbox 526 1251 579 1280; x_wconf 84' lang='grc' dir='ltr'><strong>ἀπό</strong></span> <span class='ocrx_word' id='word_1_190' title='bbox 599 1263 628 1280; x_wconf 89' lang='grc' dir='ltr'><strong>τε</strong></span> <span class='ocrx_word' id='word_1_191' title='bbox 653 1252 780 1291; x_wconf 79' lang='grc' dir='ltr'>βιωτικῆς</span> <span class='ocrx_word' id='word_1_192' title='bbox 792 1251 884 1280; x_wconf 80' lang='grc' dir='ltr'>ἐπιθυ-</span> 
     </span>
     <span class='ocr_line' id='line_1_26' title="bbox 116 1295 883 1338; baseline -0.005 -9"><span class='ocrx_word' id='word_1_193' title='bbox 116 1298 188 1338; x_wconf 86' lang='grc' dir='ltr'>μίας.</span> <span class='ocrx_word' id='word_1_194' title='bbox 201 1298 254 1328; x_wconf 74' lang='grc' dir='ltr'><strong>Καὶ</strong></span> <span class='ocrx_word' id='word_1_195' title='bbox 266 1298 364 1334; x_wconf 69' lang='grc' dir='ltr'>ταύτην</span> <span class='ocrx_word' id='word_1_196' title='bbox 378 1297 550 1336; x_wconf 77' lang='grc' dir='ltr'>ἐξηγούμενος</span> <span class='ocrx_word' id='word_1_197' title='bbox 563 1295 612 1332; x_wconf 86' lang='grc' dir='ltr'><strong>τὴν</strong></span> <span class='ocrx_word' id='word_1_198' title='bbox 623 1296 766 1336; x_wconf 81' lang='grc' dir='ltr'>παχύτητα</span> <span class='ocrx_word' id='word_1_199' title='bbox 779 1298 794 1326; x_wconf 81' lang='grc' dir='ltr'><strong>ὁ</strong></span> <span class='ocrx_word' id='word_1_200' title='bbox 808 1297 883 1326; x_wconf 77' lang='grc' dir='ltr'>Παῦ-</span> 
     </span>
     <span class='ocr_line' id='line_1_27' title="bbox 92 1343 883 1385; baseline -0.006 -9"><span class='ocrx_word' id='word_1_201' title='bbox 92 1352 95 1354; x_wconf 86' lang='grc'><strong>’</strong></span> <span class='ocrx_word' id='word_1_202' title='bbox 115 1347 161 1379; x_wconf 87' lang='grc' dir='ltr'><strong>λος</strong></span> <span class='ocrx_word' id='word_1_203' title='bbox 174 1345 263 1385; x_wconf 82' lang='grc' dir='ltr'>ἔλεγεν</span> <span class='ocrx_word' id='word_1_204' title='bbox 275 1357 282 1364; x_wconf 85' lang='grc'><em>·</em></span> <span class='ocrx_word' id='word_1_205' title='bbox 294 1345 353 1374; x_wconf 81' lang='grc' dir='ltr'>Οὔκ</span> <span class='ocrx_word' id='word_1_206' title='bbox 366 1343 497 1380; x_wconf 83' lang='grc' dir='ltr'>ἠδυνήθην</span> <span class='ocrx_word' id='word_1_207' title='bbox 509 1345 571 1382; x_wconf 81' lang='grc' dir='ltr'>ὑμῖν</span> <span class='ocrx_word' id='word_1_208' title='bbox 581 1344 697 1378; x_wconf 78' lang='grc' dir='ltr'>λαλῆσαι</span> <span class='ocrx_word' id='word_1_209' title='bbox 711 1344 747 1377; x_wconf 85' lang='grc' dir='ltr'><strong>ὥς</strong></span> <span class='ocrx_word' id='word_1_210' title='bbox 761 1354 883 1381; x_wconf 88' lang='grc' dir='ltr'>πνευμα-</span> 
     </span>
     <span class='ocr_line' id='line_1_28' title="bbox 117 1388 884 1430; baseline -0.005 -9"><span class='ocrx_word' id='word_1_211' title='bbox 117 1395 211 1425; x_wconf 83' lang='grc' dir='ltr'>τικοῖς·</span> <span class='ocrx_word' id='word_1_212' title='bbox 225 1390 299 1420; x_wconf 79' lang='grc' dir='ltr'>οὔπω</span> <span class='ocrx_word' id='word_1_213' title='bbox 315 1389 367 1430; x_wconf 77' lang='grc' dir='ltr'><strong>γὰρ</strong></span> <span class='ocrx_word' id='word_1_214' title='bbox 385 1388 530 1426; x_wconf 82' lang='grc' dir='ltr'>ἠδύνασθε,</span> <span class='ocrx_word' id='word_1_215' title='bbox 545 1389 603 1418; x_wconf 81' lang='grc' dir='ltr'>ἀλλ’</span> <span class='ocrx_word' id='word_1_216' title='bbox 629 1389 683 1418; x_wconf 84' lang='grc' dir='ltr'>οὐδ’</span> <span class='ocrx_word' id='word_1_217' title='bbox 706 1388 745 1418; x_wconf 85' lang='grc' dir='ltr'><strong>ἔτι</strong></span> <span class='ocrx_word' id='word_1_218' title='bbox 764 1388 884 1418; x_wconf 81' lang='grc' dir='ltr'>δύνασθε.</span> 
     </span>
     <span class='ocr_line' id='line_1_29' title="bbox 117 1433 884 1476; baseline -0.004 -9"><span class='ocrx_word' id='word_1_219' title='bbox 117 1437 171 1467; x_wconf 78' lang='grc' dir='ltr'><strong>Καὶ</strong></span> <span class='ocrx_word' id='word_1_220' title='bbox 195 1436 244 1473; x_wconf 83' lang='grc' dir='ltr'><strong>τὴν</strong></span> <span class='ocrx_word' id='word_1_221' title='bbox 268 1435 354 1466; x_wconf 80' lang='grc' dir='ltr'>αἰτίαν</span> <span class='ocrx_word' id='word_1_222' title='bbox 377 1435 534 1476; x_wconf 82' lang='grc' dir='ltr'>προστίθησι</span> <span class='ocrx_word' id='word_1_223' title='bbox 555 1435 639 1475; x_wconf 84' lang='grc' dir='ltr'>λέγων</span> <span class='ocrx_word' id='word_1_224' title='bbox 650 1446 657 1453; x_wconf 93' lang='grc'><em>·</em></span> <span class='ocrx_word' id='word_1_225' title='bbox 669 1433 760 1464; x_wconf 85' lang='grc' dir='ltr'>Ὅπου</span> <span class='ocrx_word' id='word_1_226' title='bbox 781 1434 833 1475; x_wconf 75' lang='grc' dir='ltr'><strong>γὰρ</strong></span> <span class='ocrx_word' id='word_1_227' title='bbox 857 1436 884 1464; x_wconf 81' lang='grc' dir='ltr'><strong>ἐν</strong></span> 
     </span>
     <span class='ocr_line' id='line_1_30' title="bbox 116 1479 885 1523; baseline -0.004 -10"><span class='ocrx_word' id='word_1_228' title='bbox 116 1485 178 1523; x_wconf 80' lang='grc' dir='ltr'>ὑμῖν</span> <span class='ocrx_word' id='word_1_229' title='bbox 195 1482 262 1523; x_wconf 78' lang='grc' dir='ltr'>ἕρεις</span> <span class='ocrx_word' id='word_1_230' title='bbox 275 1482 320 1512; x_wconf 82' lang='grc' dir='ltr'><strong>καὶ</strong></span> <span class='ocrx_word' id='word_1_231' title='bbox 335 1482 409 1518; x_wconf 82' lang='grc' dir='ltr'>ζῆλοι</span> <span class='ocrx_word' id='word_1_232' title='bbox 421 1481 467 1511; x_wconf 79' lang='grc' dir='ltr'><strong>καὶ</strong></span> <span class='ocrx_word' id='word_1_233' title='bbox 487 1479 670 1521; x_wconf 86' lang='grc' dir='ltr'>διχοστασίαι,</span> <span class='ocrx_word' id='word_1_234' title='bbox 684 1480 744 1520; x_wconf 78' lang='grc' dir='ltr'>οὐχὶ</span> <span class='ocrx_word' id='word_1_235' title='bbox 763 1480 885 1520; x_wconf 79' lang='grc' dir='ltr'>σαρκικοί</span> 
     </span>
     <span class='ocr_line' id='line_1_31' title="bbox 117 1523 887 1567; baseline -0.006 -7"><span class='ocrx_word' id='word_1_236' title='bbox 117 1531 193 1566; x_wconf 69' lang='grc' dir='ltr'>ἐστε,</span> <span class='ocrx_word' id='word_1_237' title='bbox 204 1529 282 1559; x_wconf 77' lang='grc' dir='ltr'>Ἐπεὶ</span> <span class='ocrx_word' id='word_1_238' title='bbox 295 1523 340 1558; x_wconf 64' lang='grc' dir='ltr'><strong>οὖν</strong></span> <span class='ocrx_word' id='word_1_239' title='bbox 349 1530 465 1557; x_wconf 81' lang='grc' dir='ltr'>κάκεῖνοι</span> <span class='ocrx_word' id='word_1_240' title='bbox 479 1527 563 1567; x_wconf 82' lang='grc' dir='ltr'>φθόνῳ</span> <span class='ocrx_word' id='word_1_241' title='bbox 574 1527 665 1567; x_wconf 75' lang='grc' dir='ltr'>πολλῷ</span> <span class='ocrx_word' id='word_1_242' title='bbox 676 1525 689 1542; x_wconf 62' lang='lat'><em>⁶</em></span> <span class='ocrx_word' id='word_1_243' title='bbox 698 1526 743 1556; x_wconf 84' lang='grc' dir='ltr'><strong>καὶ</strong></span> <span class='ocrx_word' id='word_1_244' title='bbox 755 1526 887 1567; x_wconf 78' lang='grc' dir='ltr'>βασκανίᾳ</span> 
     </span>
     <span class='ocr_line' id='line_1_32' title="bbox 117 1572 885 1614; baseline -0.004 -9"><span class='ocrx_word' id='word_1_245' title='bbox 117 1575 268 1614; x_wconf 75' lang='grc' dir='ltr'>τηκόμενοι,</span> <span class='ocrx_word' id='word_1_246' title='bbox 280 1574 325 1604; x_wconf 82' lang='grc' dir='ltr'><strong>καὶ</strong></span> <span class='ocrx_word' id='word_1_247' title='bbox 334 1573 431 1614; x_wconf 84' lang='grc' dir='ltr'>ἑτέροις</span> <span class='ocrx_word' id='word_1_248' title='bbox 441 1573 542 1613; x_wconf 81' lang='grc' dir='ltr'>μυρίοις</span> <span class='ocrx_word' id='word_1_249' title='bbox 553 1572 770 1612; x_wconf 80' lang='grc' dir='ltr'>πολιορκούμενοι</span> <span class='ocrx_word' id='word_1_250' title='bbox 780 1573 885 1610; x_wconf 83' lang='grc' dir='ltr'>πάθεσι,</span> 
     </span>
    </p>
   </div>
   <div class='ocr_carea' id='block_1_8' title="bbox 930 165 1824 832">
    <p class='ocr_par' dir='ltr' id='par_1_9' title="bbox 1626 165 1672 199">
     <span class='ocr_line' id='line_1_33' title="bbox 1626 165 1672 199; baseline -0.022 0"><span class='ocrx_word' id='word_1_251' title='bbox 1626 165 1672 199; x_wconf 79' lang='lat'><strong>83</strong></span> 
     </span>
    </p>

    <p class='ocr_par' dir='ltr' id='par_1_10' title="bbox 931 234 1673 276">
     <span class='ocr_line' id='line_1_34' title="bbox 931 234 1673 276; baseline 0.004 -13"><span class='ocrx_word' id='word_1_252' title='bbox 931 234 965 264; x_wconf 89' lang='lat' dir='ltr'><strong>iis</strong></span> <span class='ocrx_word' id='word_1_253' title='bbox 983 235 1152 272; x_wconf 88' lang='lat' dir='ltr'><strong>concionans,</strong></span> <span class='ocrx_word' id='word_1_254' title='bbox 1177 236 1224 276; x_wconf 91' lang='lat' dir='ltr'><strong>qui</strong></span> <span class='ocrx_word' id='word_1_255' title='bbox 1245 243 1384 276; x_wconf 78' lang='lat' dir='ltr'><strong>postquam</strong></span> <span class='ocrx_word' id='word_1_256' title='bbox 1409 244 1583 273; x_wconf 81' lang='lat' dir='ltr'><strong>accesserant,</strong></span> <span class='ocrx_word' id='word_1_257' title='bbox 1604 237 1673 266; x_wconf 89' lang='lat' dir='ltr'><strong>resi-</strong></span> 
     </span>
    </p>

    <p class='ocr_par' dir='ltr' id='par_1_11' title="bbox 930 280 1824 461">
     <span class='ocr_line' id='line_1_35' title="bbox 930 280 1824 320; baseline 0.004 -11"><span class='ocrx_word' id='word_1_258' title='bbox 930 280 1027 310; x_wconf 86' lang='lat' dir='ltr'><strong>lierant</strong></span> <span class='ocrx_word' id='word_1_259' title='bbox 1039 288 1066 310; x_wconf 89' lang='lat' dir='ltr'><strong>et</strong></span> <span class='ocrx_word' id='word_1_260' title='bbox 1086 281 1157 311; x_wconf 89' lang='lat' dir='ltr'><strong>dicta</strong></span> <span class='ocrx_word' id='word_1_261' title='bbox 1177 293 1226 312; x_wconf 89' lang='lat' dir='ltr'><strong>sua</strong></span> <span class='ocrx_word' id='word_1_262' title='bbox 1243 293 1297 312; x_wconf 90' lang='lat' dir='ltr'><strong>non</strong></span> <span class='ocrx_word' id='word_1_263' title='bbox 1317 283 1448 320; x_wconf 82' lang='lat' dir='ltr'><strong>ferebant,</strong></span> <span class='ocrx_word' id='word_1_264' title='bbox 1467 283 1555 313; x_wconf 86' lang='lat' dir='ltr'><strong>aiebat</strong></span> <span class='ocrx_word' id='word_1_265' title='bbox 1570 295 1577 311; x_wconf 92' lang='lat'>:</span> <span class='ocrx_word' id='word_1_266' title='bbox 1595 284 1674 314; x_wconf 83' lang='lat' dir='ltr'><strong>Bene</strong></span> <span class='ocrx_word' id='word_1_267' title='bbox 1683 289 1824 313; x_wconf 74' lang='lat' dir='ltr'><strong>Act.28.25.</strong></span> 
     </span>
     <span class='ocr_line' id='line_1_36' title="bbox 933 321 1723 367; baseline 0.005 -12"><span class='ocrx_word' id='word_1_268' title='bbox 933 326 1009 356; x_wconf 76' lang='lat' dir='ltr'><strong>dixit</strong></span> <span class='ocrx_word' id='word_1_269' title='bbox 1031 327 1152 367; x_wconf 80' lang='lat' dir='ltr'><strong><em>Spiritus</em></strong></span> <span class='ocrx_word' id='word_1_270' title='bbox 1172 337 1290 359; x_wconf 81' lang='lat' dir='ltr'><strong>sanctus·</strong></span> <span class='ocrx_word' id='word_1_271' title='bbox 1303 342 1312 358; x_wconf 92' lang='lat'><strong>.·</strong></span> <span class='ocrx_word' id='word_1_272' title='bbox 1324 329 1409 359; x_wconf 86' lang='lat' dir='ltr'><strong>Aure</strong></span> <span class='ocrx_word' id='word_1_273' title='bbox 1429 330 1565 367; x_wconf 85' lang='lat' dir='ltr'><strong>audietis,</strong></span> <span class='ocrx_word' id='word_1_274' title='bbox 1575 337 1604 359; x_wconf 87' lang='lat' dir='ltr'><strong>et</strong></span> <span class='ocrx_word' id='word_1_275' title='bbox 1616 340 1675 359; x_wconf 86' lang='lat' dir='ltr'><strong>non</strong></span> <span class='ocrx_word' id='word_1_276' title='bbox 1684 321 1723 344; x_wconf 76' lang='lat'><strong>²⁶·</strong></span> 
     </span>
     <span class='ocr_line' id='line_1_37' title="bbox 934 373 1676 413; baseline 0.004 -12"><span class='ocrx_word' id='word_1_277' title='bbox 934 373 1114 413; x_wconf 84' lang='lat' dir='ltr'><strong>intelligetis.</strong></span> <span class='ocrx_word' id='word_1_278' title='bbox 1126 375 1214 404; x_wconf 90' lang='lat' dir='ltr'><strong>Filius</strong></span> <span class='ocrx_word' id='word_1_279' title='bbox 1227 385 1292 405; x_wconf 88' lang='lat' dir='ltr'><strong>vero</strong></span> <span class='ocrx_word' id='word_1_280' title='bbox 1317 374 1441 412; x_wconf 86' lang='lat' dir='ltr'><strong>tonitrui,</strong></span> <span class='ocrx_word' id='word_1_281' title='bbox 1457 386 1518 405; x_wconf 87' lang='lat' dir='ltr'><strong>cum</strong></span> <span class='ocrx_word' id='word_1_282' title='bbox 1547 375 1676 405; x_wconf 87' lang='lat' dir='ltr'><strong>miracula</strong></span> 
     </span>
     <span class='ocr_line' id='line_1_38' title="bbox 933 419 1676 461; baseline 0 -11"><span class='ocrx_word' id='word_1_283' title='bbox 933 419 1068 457; x_wconf 82' lang='lat' dir='ltr'><strong>viderent,</strong></span> <span class='ocrx_word' id='word_1_284' title='bbox 1092 430 1140 449; x_wconf 90' lang='lat' dir='ltr'><strong>nec</strong></span> <span class='ocrx_word' id='word_1_285' title='bbox 1165 421 1319 459; x_wconf 82' lang='lat' dir='ltr'><strong>crederent,</strong></span> <span class='ocrx_word' id='word_1_286' title='bbox 1344 420 1521 461; x_wconf 78' lang='lat' dir='ltr'>dogmataque</span> <span class='ocrx_word' id='word_1_287' title='bbox 1540 421 1676 457; x_wconf 83' lang='lat' dir='ltr'><strong>audirent,</strong></span> 
     </span>
    </p>

    <p class='ocr_par' dir='ltr' id='par_1_12' title="bbox 935 466 1677 504">
     <span class='ocr_line' id='line_1_39' title="bbox 935 466 1677 504; baseline 0.001 -9"><span class='ocrx_word' id='word_1_288' title='bbox 935 476 984 495; x_wconf 85' lang='lat' dir='ltr'><strong>nec</strong></span> <span class='ocrx_word' id='word_1_289' title='bbox 993 466 1158 496; x_wconf 88' lang='lat' dir='ltr'><strong>attenderent</strong></span> <span class='ocrx_word' id='word_1_290' title='bbox 1175 467 1310 504; x_wconf 87' lang='lat' dir='ltr'><strong>(Christus</strong></span> <span class='ocrx_word' id='word_1_291' title='bbox 1327 467 1399 496; x_wconf 91' lang='lat' dir='ltr'><strong>enim</strong></span> <span class='ocrx_word' id='word_1_292' title='bbox 1412 469 1544 497; x_wconf 80' lang='lat' dir='ltr'><strong>Lazarum</strong></span> <span class='ocrx_word' id='word_1_293' title='bbox 1566 467 1677 496; x_wconf 87' lang='lat' dir='ltr'><strong>suscita-</strong></span> 
     </span>
    </p>

    <p class='ocr_par' dir='ltr' id='par_1_13' title="bbox 934 513 1676 554">
     <span class='ocr_line' id='line_1_40' title="bbox 934 513 1676 554; baseline -0.001 -11"><span class='ocrx_word' id='word_1_294' title='bbox 934 520 1020 548; x_wconf 83' lang='lat' dir='ltr'><strong>verat,</strong></span> <span class='ocrx_word' id='word_1_295' title='bbox 1032 520 1058 543; x_wconf 88' lang='lat' dir='ltr'><strong>et</strong></span> <span class='ocrx_word' id='word_1_296' title='bbox 1069 513 1157 554; x_wconf 90' lang='lat' dir='ltr'><strong>ipsum</strong></span> <span class='ocrx_word' id='word_1_297' title='bbox 1171 513 1293 543; x_wconf 81' lang='lat' dir='ltr'><strong>occidere</strong></span> <span class='ocrx_word' id='word_1_298' title='bbox 1311 513 1598 552; x_wconf 72' lang='lat' dir='ltr'><strong>tentabant5daemones</strong></span> <span class='ocrx_word' id='word_1_299' title='bbox 1621 514 1676 554; x_wconf 89' lang='lat' dir='ltr'><strong>eje—</strong></span> 
     </span>
    </p>

    <p class='ocr_par' dir='ltr' id='par_1_14' title="bbox 934 559 1677 694">
     <span class='ocr_line' id='line_1_41' title="bbox 935 559 1677 602; baseline -0.001 -13"><span class='ocrx_word' id='word_1_300' title='bbox 935 567 1026 597; x_wconf 89' lang='lat' dir='ltr'><strong>cerat,</strong></span> <span class='ocrx_word' id='word_1_301' title='bbox 1049 567 1075 590; x_wconf 93' lang='lat' dir='ltr'><strong>et</strong></span> <span class='ocrx_word' id='word_1_302' title='bbox 1095 560 1184 601; x_wconf 88' lang='lat' dir='ltr'><strong>ipsum</strong></span> <span class='ocrx_word' id='word_1_303' title='bbox 1213 560 1408 590; x_wconf 70' lang='lat' dir='ltr'><strong>daemoniacum</strong></span> <span class='ocrx_word' id='word_1_304' title='bbox 1433 560 1583 592; x_wconf 81' lang='lat' dir='ltr'><strong>vocabant;</strong></span> <span class='ocrx_word' id='word_1_305' title='bbox 1605 559 1677 602; x_wconf 82' lang='lat' dir='ltr'><strong>Patri</strong></span> 
     </span>
     <span class='ocr_line' id='line_1_42' title="bbox 934 606 1676 647; baseline 0 -11"><span class='ocrx_word' id='word_1_306' title='bbox 934 606 1068 636; x_wconf 85' lang='lat' dir='ltr'><strong>obtulerat</strong></span> <span class='ocrx_word' id='word_1_307' title='bbox 1086 617 1142 643; x_wconf 86' lang='lat' dir='ltr'><strong>eos,</strong></span> <span class='ocrx_word' id='word_1_308' title='bbox 1165 614 1191 636; x_wconf 88' lang='lat' dir='ltr'><strong>et</strong></span> <span class='ocrx_word' id='word_1_309' title='bbox 1208 607 1298 647; x_wconf 87' lang='lat' dir='ltr'><strong>ipsum</strong></span> <span class='ocrx_word' id='word_1_310' title='bbox 1311 606 1477 637; x_wconf 84' lang='lat' dir='ltr'><strong>seductorem</strong></span> <span class='ocrx_word' id='word_1_311' title='bbox 1493 607 1676 646; x_wconf 81' lang='lat' dir='ltr'><strong>appellabant,</strong></span> 
     </span>
     <span class='ocr_line' id='line_1_43' title="bbox 935 654 1676 694; baseline 0.003 -12"><span class='ocrx_word' id='word_1_312' title='bbox 935 654 1134 692; x_wconf 87' lang='lat' dir='ltr'><strong>contrariasque</strong></span> <span class='ocrx_word' id='word_1_313' title='bbox 1153 654 1318 694; x_wconf 81' lang='lat' dir='ltr'><strong>recipiebant</strong></span> <span class='ocrx_word' id='word_1_314' title='bbox 1341 654 1491 694; x_wconf 85' lang='lat' dir='ltr'><strong>opiniones)</strong></span> <span class='ocrx_word' id='word_1_315' title='bbox 1507 665 1514 682; x_wconf 79' lang='lat' dir='ltr'><strong><em>z</em></strong></span> <span class='ocrx_word' id='word_1_316' title='bbox 1529 654 1600 684; x_wconf 91' lang='lat' dir='ltr'><strong>hanc</strong></span> <span class='ocrx_word' id='word_1_317' title='bbox 1613 665 1676 694; x_wconf 55' lang='lat' dir='ltr'><strong>prov</strong></span> 
     </span>
    </p>

    <p class='ocr_par' dir='ltr' id='par_1_15' title="bbox 932 699 1811 832">
     <span class='ocr_line' id='line_1_44' title="bbox 933 699 1811 751; baseline 0.002 -23"><span class='ocrx_word' id='word_1_318' title='bbox 933 699 1051 739; x_wconf 85' lang='lat' dir='ltr'><strong>phetiam</strong></span> <span class='ocrx_word' id='word_1_319' title='bbox 1062 707 1192 729; x_wconf 86' lang='lat' dir='ltr'><strong>memorat</strong></span> <span class='ocrx_word' id='word_1_320' title='bbox 1203 699 1294 730; x_wconf 88' lang='lat' dir='ltr'><strong>dicens</strong></span> <span class='ocrx_word' id='word_1_321' title='bbox 1305 712 1312 728; x_wconf 72' lang='grc' dir='ltr'><strong>ε</strong></span> <span class='ocrx_word' id='word_1_322' title='bbox 1323 702 1402 730; x_wconf 78' lang='lat' dir='ltr'><strong>Bene</strong></span> <span class='ocrx_word' id='word_1_323' title='bbox 1414 701 1490 729; x_wconf 70' lang='lat' dir='ltr'><strong>dixit</strong></span> <span class='ocrx_word' id='word_1_324' title='bbox 1501 702 1597 730; x_wconf 84' lang='lat' dir='ltr'><strong>Isaias</strong></span> <span class='ocrx_word' id='word_1_325' title='bbox 1608 711 1676 741; x_wconf 83' lang='lat' dir='ltr'><strong>pro·</strong></span> <span class='ocrx_word' id='word_1_326' title='bbox 1687 704 1758 751; x_wconf 47' lang='lat' dir='ltr'><strong>Joanl.</strong></span> <span class='ocrx_word' id='word_1_327' title='bbox 1774 709 1811 746; x_wconf 57' lang='lat'><strong>:²-</strong></span> 
     </span>
     <span class='ocr_line' id='line_1_45' title="bbox 932 735 1777 787; baseline 0.004 -14"><span class='ocrx_word' id='word_1_328' title='bbox 932 745 1040 785; x_wconf 79' lang='lat' dir='ltr'><strong>pheta:</strong></span> <span class='ocrx_word' id='word_1_329' title='bbox 1054 745 1139 775; x_wconf 86' lang='lat' dir='ltr'><strong>Aure</strong></span> <span class='ocrx_word' id='word_1_330' title='bbox 1159 746 1285 775; x_wconf 81' lang='lat' dir='ltr'><strong>audietis</strong></span> <span class='ocrx_word' id='word_1_331' title='bbox 1308 752 1337 776; x_wconf 83' lang='lat' dir='ltr'><strong>et</strong></span> <span class='ocrx_word' id='word_1_332' title='bbox 1363 756 1423 775; x_wconf 88' lang='lat' dir='ltr'><strong>non</strong></span> <span class='ocrx_word' id='word_1_333' title='bbox 1446 747 1626 787; x_wconf 82' lang='lat' dir='ltr'><strong>intelligetis,</strong></span> <span class='ocrx_word' id='word_1_334' title='bbox 1650 753 1678 776; x_wconf 87' lang='lat' dir='ltr'><strong>et</strong></span> <span class='ocrx_word' id='word_1_335' title='bbox 1688 735 1727 758; x_wconf 74' lang='lat'><strong>³8·</strong></span> <span class='ocrx_word' id='word_1_336' title='bbox 1743 741 1777 764; x_wconf 79' lang='lat'><strong>&#39;¹⁰&#39;</strong></span> 
     </span>
     <span class='ocr_line' id='line_1_46' title="bbox 934 792 1545 832; baseline 0.003 -12"><span class='ocrx_word' id='word_1_337' title='bbox 934 792 1070 821; x_wconf 76' lang='lat' dir='ltr'><strong>videntes</strong></span> <span class='ocrx_word' id='word_1_338' title='bbox 1083 792 1234 829; x_wconf 82' lang='lat' dir='ltr'><strong>videbitis,</strong></span> <span class='ocrx_word' id='word_1_339' title='bbox 1242 798 1271 821; x_wconf 86' lang='lat' dir='ltr'><strong>et</strong></span> <span class='ocrx_word' id='word_1_340' title='bbox 1284 802 1344 822; x_wconf 84' lang='lat' dir='ltr'><strong>non</strong></span> <span class='ocrx_word' id='word_1_341' title='bbox 1354 794 1545 832; x_wconf 77' lang='lat' dir='ltr'><strong>perspicietis.</strong></span> 
     </span>
    </p>
   </div>
   <div class='ocr_carea' id='block_1_9' title="bbox 931 883 1830 1616">
    <p class='ocr_par' dir='ltr' id='par_1_16' title="bbox 931 883 1830 1616">
     <span class='ocr_line' id='line_1_47' title="bbox 974 883 1680 920; baseline 0.004 -8"><span class='ocrx_word' id='word_1_342' title='bbox 974 883 1006 912; x_wconf 91' lang='grc'><strong>6.</strong></span> <span class='ocrx_word' id='word_1_343' title='bbox 1028 883 1099 920; x_wconf 84' lang='lat' dir='ltr'><strong>Quia</strong></span> <span class='ocrx_word' id='word_1_344' title='bbox 1117 883 1188 913; x_wconf 84' lang='lat' dir='ltr'><strong>enim</strong></span> <span class='ocrx_word' id='word_1_345' title='bbox 1213 884 1324 913; x_wconf 86' lang='lat' dir='ltr'><strong>internis</strong></span> <span class='ocrx_word' id='word_1_346' title='bbox 1341 884 1437 913; x_wconf 89' lang='lat' dir='ltr'><strong>mentis</strong></span> <span class='ocrx_word' id='word_1_347' title='bbox 1450 885 1536 914; x_wconf 90' lang='lat' dir='ltr'><strong>oculis</strong></span> <span class='ocrx_word' id='word_1_348' title='bbox 1557 886 1680 915; x_wconf 77' lang='lat' dir='ltr'><strong>excaecati</strong></span> 
     </span>
     <span class='ocr_line' id='line_1_48' title="bbox 936 931 1681 973; baseline 0.005 -14"><span class='ocrx_word' id='word_1_349' title='bbox 936 938 1022 968; x_wconf 88' lang='lat' dir='ltr'><strong>erant,</strong></span> <span class='ocrx_word' id='word_1_350' title='bbox 1036 931 1141 961; x_wconf 88' lang='lat' dir='ltr'><strong>nullam</strong></span> <span class='ocrx_word' id='word_1_351' title='bbox 1161 943 1195 961; x_wconf 85' lang='lat' dir='ltr'><strong>ex</strong></span> <span class='ocrx_word' id='word_1_352' title='bbox 1206 932 1293 962; x_wconf 88' lang='lat' dir='ltr'><strong>oculis</strong></span> <span class='ocrx_word' id='word_1_353' title='bbox 1306 932 1484 962; x_wconf 81' lang='lat' dir='ltr'><strong>exterioribus</strong></span> <span class='ocrx_word' id='word_1_354' title='bbox 1499 934 1681 973; x_wconf 85' lang='lat' dir='ltr'><strong>percipiebant</strong></span> 
     </span>
     <span class='ocr_line' id='line_1_49' title="bbox 937 977 1681 1018; baseline 0.004 -12"><span class='ocrx_word' id='word_1_355' title='bbox 937 977 1091 1014; x_wconf 81' lang='lat' dir='ltr'><strong>utilitatem,</strong></span> <span class='ocrx_word' id='word_1_356' title='bbox 1100 977 1206 1016; x_wconf 87' lang='lat' dir='ltr'><strong>judicio</strong></span> <span class='ocrx_word' id='word_1_357' title='bbox 1218 978 1315 1007; x_wconf 86' lang='lat' dir='ltr'><strong>mentis</strong></span> <span class='ocrx_word' id='word_1_358' title='bbox 1325 985 1460 1018; x_wconf 84' lang='lat' dir='ltr'><strong>corrupto.</strong></span> <span class='ocrx_word' id='word_1_359' title='bbox 1473 978 1577 1009; x_wconf 89' lang='lat' dir='ltr'><strong>Idcirco</strong></span> <span class='ocrx_word' id='word_1_360' title='bbox 1587 979 1681 1009; x_wconf 89' lang='lat' dir='ltr'><strong>viden·</strong></span> 
     </span>
     <span class='ocr_line' id='line_1_50' title="bbox 935 1023 1678 1059; baseline 0.005 -7"><span class='ocrx_word' id='word_1_361' title='bbox 935 1029 975 1052; x_wconf 83' lang='lat' dir='ltr'><strong>tes</strong></span> <span class='ocrx_word' id='word_1_362' title='bbox 998 1034 1050 1052; x_wconf 91' lang='lat' dir='ltr'><strong>non</strong></span> <span class='ocrx_word' id='word_1_363' title='bbox 1075 1023 1215 1059; x_wconf 83' lang='lat' dir='ltr'><strong>videbant,</strong></span> <span class='ocrx_word' id='word_1_364' title='bbox 1225 1030 1252 1053; x_wconf 89' lang='lat' dir='ltr'><strong>et</strong></span> <span class='ocrx_word' id='word_1_365' title='bbox 1277 1024 1414 1054; x_wconf 83' lang='lat' dir='ltr'><strong>audientes</strong></span> <span class='ocrx_word' id='word_1_366' title='bbox 1432 1035 1486 1055; x_wconf 91' lang='lat' dir='ltr'><strong>non</strong></span> <span class='ocrx_word' id='word_1_367' title='bbox 1511 1026 1656 1056; x_wconf 85' lang='lat' dir='ltr'><strong>audiebant</strong></span> <span class='ocrx_word' id='word_1_368' title='bbox 1671 1039 1678 1056; x_wconf 73' lang='grc' dir='ltr'><strong>ε</strong></span> 
     </span>
     <span class='ocr_line' id='line_1_51' title="bbox 931 1066 1681 1113; baseline 0.008 -16"><span class='ocrx_word' id='word_1_369' title='bbox 931 1072 1096 1108; x_wconf 76' lang='lat' dir='ltr'><strong>&#39;causamque</strong></span> <span class='ocrx_word' id='word_1_370' title='bbox 1111 1066 1215 1108; x_wconf 79' lang='lat' dir='ltr'><strong>adjicit.</strong></span> <span class='ocrx_word' id='word_1_371' title='bbox 1227 1070 1291 1108; x_wconf 90' lang='lat' dir='ltr'><strong>quia</strong></span> <span class='ocrx_word' id='word_1_372' title='bbox 1313 1081 1406 1101; x_wconf 85' lang='lat' dir='ltr'><strong>sensus</strong></span> <span class='ocrx_word' id='word_1_373' title='bbox 1425 1082 1478 1101; x_wconf 89' lang='lat' dir='ltr'><strong>non</strong></span> <span class='ocrx_word' id='word_1_374' title='bbox 1492 1079 1566 1102; x_wconf 82' lang='lat' dir='ltr'><strong>erant</strong></span> <span class='ocrx_word' id='word_1_375' title='bbox 1581 1072 1681 1113; x_wconf 88' lang='lat' dir='ltr'><strong>depra-</strong></span> 
     </span>
     <span class='ocr_line' id='line_1_52' title="bbox 936 1114 1679 1154; baseline 0.007 -11"><span class='ocrx_word' id='word_1_376' title='bbox 936 1114 1002 1150; x_wconf 88' lang='lat' dir='ltr'><strong>vati,</strong></span> <span class='ocrx_word' id='word_1_377' title='bbox 1016 1125 1065 1144; x_wconf 89' lang='lat' dir='ltr'><strong>nec</strong></span> <span class='ocrx_word' id='word_1_378' title='bbox 1086 1122 1181 1144; x_wconf 82' lang='lat' dir='ltr'><strong>natura</strong></span> <span class='ocrx_word' id='word_1_379' title='bbox 1195 1115 1420 1154; x_wconf 80' lang='lat' dir='ltr'><strong>labefactata,sed</strong></span> <span class='ocrx_word' id='word_1_380' title='bbox 1438 1128 1485 1147; x_wconf 89' lang='lat' dir='ltr'><strong>cor</strong></span> <span class='ocrx_word' id='word_1_381' title='bbox 1506 1125 1679 1148; x_wconf 83' lang='lat' dir='ltr'><strong>excaecatum.</strong></span> 
     </span>
     <span class='ocr_line' id='line_1_53' title="bbox 936 1162 1679 1203; baseline 0.008 -14"><span class='ocrx_word' id='word_1_382' title='bbox 936 1162 1137 1190; x_wconf 83' lang='lat' dir='ltr'><strong>Incrassatum</strong></span> <span class='ocrx_word' id='word_1_383' title='bbox 1148 1162 1225 1190; x_wconf 79' lang='lat' dir='ltr'><strong>enim</strong></span> <span class='ocrx_word' id='word_1_384' title='bbox 1239 1168 1282 1190; x_wconf 81' lang='lat' dir='ltr'><strong>est</strong></span> <span class='ocrx_word' id='word_1_385' title='bbox 1294 1172 1342 1191; x_wconf 82' lang='lat' dir='ltr'><strong>cor</strong></span> <span class='ocrx_word' id='word_1_386' title='bbox 1346 1164 1449 1202; x_wconf 88' lang='lat' dir='ltr'><strong>populi</strong></span> <span class='ocrx_word' id='word_1_387' title='bbox 1458 1165 1556 1203; x_wconf 75' lang='lat' dir='ltr'><strong>hujus,</strong></span> <span class='ocrx_word' id='word_1_388' title='bbox 1570 1165 1657 1203; x_wconf 88' lang='lat' dir='ltr'><strong>inquit</strong></span> <span class='ocrx_word' id='word_1_389' title='bbox 1670 1178 1679 1195; x_wconf 70' lang='grc' dir='ltr'><strong>ε</strong></span> 
     </span>
     <span class='ocr_line' id='line_1_54' title="bbox 936 1205 1681 1249; baseline 0.008 -14"><span class='ocrx_word' id='word_1_390' title='bbox 936 1205 1085 1236; x_wconf 84' lang='lat' dir='ltr'><strong>crassitudo</strong></span> <span class='ocrx_word' id='word_1_391' title='bbox 1112 1213 1201 1236; x_wconf 84' lang='lat' dir='ltr'><strong>autem</strong></span> <span class='ocrx_word' id='word_1_392' title='bbox 1226 1207 1322 1237; x_wconf 87' lang='lat' dir='ltr'><strong>mentis</strong></span> <span class='ocrx_word' id='word_1_393' title='bbox 1342 1208 1457 1238; x_wconf 85' lang='lat' dir='ltr'><strong>efficitur</strong></span> <span class='ocrx_word' id='word_1_394' title='bbox 1470 1221 1486 1239; x_wconf 85' lang='lat' dir='ltr'><strong>a</strong></span> <span class='ocrx_word' id='word_1_395' title='bbox 1500 1210 1613 1249; x_wconf 87' lang='lat' dir='ltr'><strong>peccatis</strong></span> <span class='ocrx_word' id='word_1_396' title='bbox 1626 1218 1652 1241; x_wconf 90' lang='lat' dir='ltr'><strong>et</strong></span> <span class='ocrx_word' id='word_1_397' title='bbox 1665 1223 1681 1241; x_wconf 86' lang='lat' dir='ltr'><strong>a</strong></span> 
     </span>
     <span class='ocr_line' id='line_1_55' title="bbox 934 1251 1680 1293; baseline 0.011 -14"><span class='ocrx_word' id='word_1_398' title='bbox 934 1251 1027 1280; x_wconf 83' lang='lat' dir='ltr'><strong>saeculi</strong></span> <span class='ocrx_word' id='word_1_399' title='bbox 1040 1252 1264 1291; x_wconf 84' lang='lat' dir='ltr'><strong>concupiscentia.</strong></span> <span class='ocrx_word' id='word_1_400' title='bbox 1285 1254 1413 1293; x_wconf 88' lang='lat' dir='ltr'><strong>Hancque</strong></span> <span class='ocrx_word' id='word_1_401' title='bbox 1433 1256 1580 1285; x_wconf 88' lang='lat' dir='ltr'><strong>crassitiem</strong></span> <span class='ocrx_word' id='word_1_402' title='bbox 1601 1267 1680 1287; x_wconf 88' lang='lat' dir='ltr'><strong>enar-</strong></span> 
     </span>
     <span class='ocr_line' id='line_1_56' title="bbox 936 1297 1830 1343; baseline 0.009 -17"><span class='ocrx_word' id='word_1_403' title='bbox 936 1307 997 1326; x_wconf 87' lang='lat' dir='ltr'><strong>rans</strong></span> <span class='ocrx_word' id='word_1_404' title='bbox 1022 1297 1125 1328; x_wconf 87' lang='lat' dir='ltr'><strong>Paulus</strong></span> <span class='ocrx_word' id='word_1_405' title='bbox 1147 1297 1278 1328; x_wconf 75' lang='lat' dir='ltr'><strong>dicebat:</strong></span> <span class='ocrx_word' id='word_1_406' title='bbox 1294 1300 1362 1329; x_wconf 86' lang='lat' dir='ltr'><strong>Non</strong></span> <span class='ocrx_word' id='word_1_407' title='bbox 1381 1302 1466 1340; x_wconf 80' lang='lat' dir='ltr'><strong>potui</strong></span> <span class='ocrx_word' id='word_1_408' title='bbox 1487 1303 1573 1332; x_wconf 82' lang='lat' dir='ltr'><strong>vobis</strong></span> <span class='ocrx_word' id='word_1_409' title='bbox 1598 1304 1681 1343; x_wconf 87' lang='lat' dir='ltr'><strong>loqui</strong></span> <span class='ocrx_word' id='word_1_410' title='bbox 1693 1311 1830 1334; x_wconf 83' lang='lat' dir='ltr'><strong>1.C0r.3.¹.</strong></span> 
     </span>
     <span class='ocr_line' id='line_1_57' title="bbox 934 1346 1679 1389; baseline 0.009 -16"><span class='ocrx_word' id='word_1_411' title='bbox 934 1346 1021 1384; x_wconf 83' lang='lat' dir='ltr'><strong>quasi</strong></span> <span class='ocrx_word' id='word_1_412' title='bbox 1045 1346 1247 1385; x_wconf 71' lang='lat' dir='ltr'><strong>spiritualibus</strong></span> <span class='ocrx_word' id='word_1_413' title='bbox 1262 1359 1272 1374; x_wconf 89' lang='lat'><strong>.-</strong></span> <span class='ocrx_word' id='word_1_414' title='bbox 1287 1347 1418 1377; x_wconf 85' lang='lat' dir='ltr'><strong>nondum</strong></span> <span class='ocrx_word' id='word_1_415' title='bbox 1437 1350 1515 1378; x_wconf 87' lang='lat' dir='ltr'><strong>enim</strong></span> <span class='ocrx_word' id='word_1_416' title='bbox 1526 1352 1679 1389; x_wconf 83' lang='lat' dir='ltr'><strong>poteratis,</strong></span> 
     </span>
     <span class='ocr_line' id='line_1_58' title="bbox 934 1392 1681 1437; baseline 0.009 -17"><span class='ocrx_word' id='word_1_417' title='bbox 934 1392 988 1421; x_wconf 84' lang='lat' dir='ltr'><strong>sed</strong></span> <span class='ocrx_word' id='word_1_418' title='bbox 1011 1402 1104 1432; x_wconf 82' lang='lat' dir='ltr'><strong>neque</strong></span> <span class='ocrx_word' id='word_1_419' title='bbox 1122 1392 1221 1421; x_wconf 83' lang='lat' dir='ltr'><strong>adhuc</strong></span> <span class='ocrx_word' id='word_1_420' title='bbox 1241 1395 1370 1432; x_wconf 80' lang='lat' dir='ltr'><strong>potestis.</strong></span> <span class='ocrx_word' id='word_1_421' title='bbox 1393 1395 1561 1435; x_wconf 88' lang='lat' dir='ltr'><strong>Causamque</strong></span> <span class='ocrx_word' id='word_1_422' title='bbox 1582 1397 1681 1437; x_wconf 90' lang='lat' dir='ltr'><strong>adjecit</strong></span> 
     </span>
     <span class='ocr_line' id='line_1_59' title="bbox 935 1436 1815 1482; baseline 0.008 -16"><span class='ocrx_word' id='word_1_423' title='bbox 935 1436 1043 1467; x_wconf 75' lang='lat' dir='ltr'><strong>diceusz</strong></span> <span class='ocrx_word' id='word_1_424' title='bbox 1058 1437 1132 1467; x_wconf 80' lang='lat' dir='ltr'><strong>Cum</strong></span> <span class='ocrx_word' id='word_1_425' title='bbox 1147 1440 1225 1467; x_wconf 87' lang='lat' dir='ltr'><strong>enim</strong></span> <span class='ocrx_word' id='word_1_426' title='bbox 1235 1440 1295 1468; x_wconf 86' lang='lat' dir='ltr'><strong>sint</strong></span> <span class='ocrx_word' id='word_1_427' title='bbox 1314 1443 1392 1482; x_wconf 72' lang='lat' dir='ltr'><strong>inter</strong></span> <span class='ocrx_word' id='word_1_428' title='bbox 1401 1451 1456 1471; x_wconf 84' lang='lat' dir='ltr'><strong>vos</strong></span> <span class='ocrx_word' id='word_1_429' title='bbox 1475 1442 1540 1471; x_wconf 84' lang='lat' dir='ltr'><strong>lites</strong></span> <span class='ocrx_word' id='word_1_430' title='bbox 1557 1448 1586 1471; x_wconf 84' lang='lat' dir='ltr'><strong>et</strong></span> <span class='ocrx_word' id='word_1_431' title='bbox 1600 1444 1680 1473; x_wconf 83' lang='lat' dir='ltr'><strong>zelus</strong></span> <span class='ocrx_word' id='word_1_432' title='bbox 1688 1450 1747 1473; x_wconf 74' lang='grc' dir='ltr'>Ιιιῑα.</span> <span class='ocrx_word' id='word_1_433' title='bbox 1759 1459 1780 1472; x_wconf 82' lang='lat' dir='ltr'><strong>v.</strong></span> <span class='ocrx_word' id='word_1_434' title='bbox 1791 1450 1815 1472; x_wconf 83' lang='grc'><strong>3.</strong></span> 
     </span>
     <span class='ocr_line' id='line_1_60' title="bbox 935 1484 1681 1529; baseline 0.008 -16"><span class='ocrx_word' id='word_1_435' title='bbox 935 1489 963 1513; x_wconf 87' lang='lat' dir='ltr'><strong>et</strong></span> <span class='ocrx_word' id='word_1_436' title='bbox 986 1484 1144 1520; x_wconf 75' lang='lat' dir='ltr'><strong>contentio,</strong></span> <span class='ocrx_word' id='word_1_437' title='bbox 1161 1495 1259 1513; x_wconf 85' lang='lat' dir='ltr'><strong>nonne</strong></span> <span class='ocrx_word' id='word_1_438' title='bbox 1273 1486 1408 1516; x_wconf 84' lang='lat' dir='ltr'><strong>carnales</strong></span> <span class='ocrx_word' id='word_1_439' title='bbox 1425 1489 1515 1517; x_wconf 75' lang='lat' dir='ltr'><strong>estis?</strong></span> <span class='ocrx_word' id='word_1_440' title='bbox 1529 1488 1599 1518; x_wconf 90' lang='lat' dir='ltr'><strong>Cum</strong></span> <span class='ocrx_word' id='word_1_441' title='bbox 1617 1500 1681 1529; x_wconf 80' lang='lat' dir='ltr'><strong>ergo</strong></span> 
     </span>
     <span class='ocr_line' id='line_1_61' title="bbox 935 1529 1684 1570; baseline 0.009 -12"><span class='ocrx_word' id='word_1_442' title='bbox 935 1529 977 1559; x_wconf 88' lang='lat' dir='ltr'><strong>illi</strong></span> <span class='ocrx_word' id='word_1_443' title='bbox 991 1529 1093 1560; x_wconf 86' lang='lat' dir='ltr'><strong>invidia</strong></span> <span class='ocrx_word' id='word_1_444' title='bbox 1105 1540 1200 1570; x_wconf 82' lang='lat' dir='ltr'><strong>magna</strong></span> <span class='ocrx_word' id='word_1_445' title='bbox 1213 1538 1240 1560; x_wconf 90' lang='lat' dir='ltr'><strong>et</strong></span> <span class='ocrx_word' id='word_1_446' title='bbox 1251 1531 1338 1562; x_wconf 87' lang='lat' dir='ltr'><strong>livore</strong></span> <span class='ocrx_word' id='word_1_447' title='bbox 1350 1533 1526 1570; x_wconf 87' lang='lat' dir='ltr'><strong>tabescerent,</strong></span> <span class='ocrx_word' id='word_1_448' title='bbox 1541 1536 1684 1566; x_wconf 83' lang='lat' dir='ltr'><strong>sexcentis-</strong></span> 
     </span>
     <span class='ocr_line' id='line_1_62' title="bbox 935 1576 1683 1616; baseline 0.009 -12"><span class='ocrx_word' id='word_1_449' title='bbox 935 1586 988 1614; x_wconf 87' lang='lat' dir='ltr'><strong>que</strong></span> <span class='ocrx_word' id='word_1_450' title='bbox 1001 1576 1062 1605; x_wconf 80' lang='lat' dir='ltr'><strong>aliis</strong></span> <span class='ocrx_word' id='word_1_451' title='bbox 1082 1576 1222 1606; x_wconf 72' lang='lat' dir='ltr'><strong>affectibus</strong></span> <span class='ocrx_word' id='word_1_452' title='bbox 1240 1577 1437 1616; x_wconf 87' lang='lat' dir='ltr'><strong>obsiderentur,</strong></span> <span class='ocrx_word' id='word_1_453' title='bbox 1448 1589 1567 1609; x_wconf 89' lang='lat' dir='ltr'><strong>crassum</strong></span> <span class='ocrx_word' id='word_1_454' title='bbox 1588 1582 1683 1611; x_wconf 88' lang='lat' dir='ltr'><strong>mentis</strong></span> 
     </span>
    </p>
   </div>
   <div class='ocr_carea' id='block_1_10' title="bbox 117 1618 1684 1709">
    <p class='ocr_par' dir='ltr' id='par_1_17' title="bbox 117 1618 1684 1709">
     <span class='ocr_line' id='line_1_63' title="bbox 117 1618 1683 1664; baseline 0.004 -14"><span class='ocrx_word' id='word_1_455' title='bbox 117 1620 191 1661; x_wconf 75' lang='grc' dir='ltr'>παχὺ</span> <span class='ocrx_word' id='word_1_456' title='bbox 204 1621 235 1650; x_wconf 82' lang='grc' dir='ltr'><strong>τὸ</strong></span> <span class='ocrx_word' id='word_1_457' title='bbox 248 1621 324 1659; x_wconf 78' lang='grc' dir='ltr'>ὄμμα</span> <span class='ocrx_word' id='word_1_458' title='bbox 335 1621 384 1655; x_wconf 77' lang='grc' dir='ltr'><strong>τῆς</strong></span> <span class='ocrx_word' id='word_1_459' title='bbox 398 1620 511 1653; x_wconf 75' lang='grc' dir='ltr'>διανοίας</span> <span class='ocrx_word' id='word_1_460' title='bbox 524 1618 695 1659; x_wconf 81' lang='grc' dir='ltr'>εἰργάσαντο,</span> <span class='ocrx_word' id='word_1_461' title='bbox 708 1618 812 1659; x_wconf 78' lang='grc' dir='ltr'>καθαρὰ</span> <span class='ocrx_word' id='word_1_462' title='bbox 823 1619 884 1659; x_wconf 79' lang='grc' dir='ltr'>βλέ-</span> <span class='ocrx_word' id='word_1_463' title='bbox 897 1640 921 1659; x_wconf 66' lang='lat'><strong>7,</strong></span> <span class='ocrx_word' id='word_1_464' title='bbox 936 1621 1047 1651; x_wconf 89' lang='lat' dir='ltr'><strong>oculum</strong></span> <span class='ocrx_word' id='word_1_465' title='bbox 1067 1622 1223 1659; x_wconf 82' lang='lat' dir='ltr'><strong>effecerunt,</strong></span> <span class='ocrx_word' id='word_1_466' title='bbox 1236 1633 1284 1653; x_wconf 91' lang='lat' dir='ltr'><strong>nec</strong></span> <span class='ocrx_word' id='word_1_467' title='bbox 1299 1623 1369 1652; x_wconf 88' lang='lat' dir='ltr'><strong>ultra</strong></span> <span class='ocrx_word' id='word_1_468' title='bbox 1384 1631 1505 1664; x_wconf 87' lang='lat' dir='ltr'><strong>poterant</strong></span> <span class='ocrx_word' id='word_1_469' title='bbox 1522 1625 1624 1656; x_wconf 88' lang='lat' dir='ltr'><strong>sincere</strong></span> <span class='ocrx_word' id='word_1_470' title='bbox 1637 1628 1683 1658; x_wconf 88' lang='lat' dir='ltr'><strong>vi-</strong></span> 
     </span>
     <span class='ocr_line' id='line_1_64' title="bbox 118 1664 1684 1709; baseline 0.003 -10"><span class='ocrx_word' id='word_1_471' title='bbox 118 1677 177 1695; x_wconf 74' lang='grc' dir='ltr'>πεῑν</span> <span class='ocrx_word' id='word_1_472' title='bbox 197 1667 245 1695; x_wconf 74' lang='grc' dir='ltr'><strong>ῠῧκ</strong></span> <span class='ocrx_word' id='word_1_473' title='bbox 265 1665 304 1695; x_wconf 69' lang='grc' dir='ltr'><strong>ἔτι</strong></span> <span class='ocrx_word' id='word_1_474' title='bbox 322 1665 413 1695; x_wconf 63' lang='grc' dir='ltr'>λοιπὸν</span> <span class='ocrx_word' id='word_1_475' title='bbox 435 1665 571 1700; x_wconf 69' lang='grc' dir='ltr'>ἠδύναντο·</span> <span class='ocrx_word' id='word_1_476' title='bbox 586 1665 634 1695; x_wconf 71' lang='grc' dir='ltr'><strong>Διὸ</strong></span> <span class='ocrx_word' id='word_1_477' title='bbox 656 1664 746 1704; x_wconf 73' lang='grc' dir='ltr'>ἑτέρας</span> <span class='ocrx_word' id='word_1_478' title='bbox 758 1664 886 1704; x_wconf 71' lang='grc' dir='ltr'>περὶτῶν</span> <span class='ocrx_word' id='word_1_479' title='bbox 901 1668 921 1691; x_wconf 74' lang='grc' dir='ltr'><strong>Α</strong></span> <span class='ocrx_word' id='word_1_480' title='bbox 937 1667 1010 1698; x_wconf 87' lang='lat' dir='ltr'><strong>dere.</strong></span> <span class='ocrx_word' id='word_1_481' title='bbox 1036 1668 1155 1708; x_wconf 83' lang='lat' dir='ltr'><strong>Ideoque</strong></span> <span class='ocrx_word' id='word_1_482' title='bbox 1177 1669 1247 1699; x_wconf 89' lang='lat' dir='ltr'><strong>circa</strong></span> <span class='ocrx_word' id='word_1_483' title='bbox 1272 1669 1320 1699; x_wconf 88' lang='lat' dir='ltr'><strong>illa</strong></span> <span class='ocrx_word' id='word_1_484' title='bbox 1342 1681 1401 1709; x_wconf 82' lang='lat' dir='ltr'><strong>quae</strong></span> <span class='ocrx_word' id='word_1_485' title='bbox 1428 1671 1559 1701; x_wconf 79' lang='lat' dir='ltr'><strong>videbant</strong></span> <span class='ocrx_word' id='word_1_486' title='bbox 1583 1673 1684 1703; x_wconf 83' lang='lat' dir='ltr'><strong>alienas</strong></span> 
     </span>
    </p>
   </div>
   <div class='ocr_carea' id='block_1_11' title="bbox 119 1710 891 2483">
    <p class='ocr_par' dir='ltr' id='par_1_18' title="bbox 119 1710 891 2483">
     <span class='ocr_line' id='line_1_65' title="bbox 119 1710 888 1751; baseline -0.003 -10"><span class='ocrx_word' id='word_1_487' title='bbox 119 1711 258 1751; x_wconf 79' lang='grc' dir='ltr'>δρωμένων</span> <span class='ocrx_word' id='word_1_488' title='bbox 273 1710 347 1745; x_wconf 73' lang='grc' dir='ltr'>δόξας</span> <span class='ocrx_word' id='word_1_489' title='bbox 361 1710 519 1749; x_wconf 76' lang='grc' dir='ltr'>ἔλάμὸανον,</span> <span class='ocrx_word' id='word_1_490' title='bbox 531 1710 576 1740; x_wconf 81' lang='grc' dir='ltr'><strong>καὶ</strong></span> <span class='ocrx_word' id='word_1_491' title='bbox 595 1710 642 1743; x_wconf 85' lang='grc' dir='ltr'><strong>τὰς</strong></span> <span class='ocrx_word' id='word_1_492' title='bbox 656 1710 781 1743; x_wconf 82' lang='grc' dir='ltr'>ἐναντίας.</span> <span class='ocrx_word' id='word_1_493' title='bbox 794 1711 888 1739; x_wconf 81' lang='grc' dir='ltr'>Ταῦτα</span> 
     </span>
     <span class='ocr_line' id='line_1_66' title="bbox 119 1752 888 1796; baseline -0.004 -9"><span class='ocrx_word' id='word_1_494' title='bbox 119 1752 164 1787; x_wconf 66' lang='grc' dir='ltr'><strong>οὖν</strong></span> <span class='ocrx_word' id='word_1_495' title='bbox 178 1757 246 1796; x_wconf 77' lang='grc' dir='ltr'>μετὰ</span> <span class='ocrx_word' id='word_1_496' title='bbox 263 1755 399 1796; x_wconf 78' lang='grc' dir='ltr'>ἀκριὸείας</span> <span class='ocrx_word' id='word_1_497' title='bbox 412 1757 479 1795; x_wconf 82' lang='grc' dir='ltr'>ὁρῶν</span> <span class='ocrx_word' id='word_1_498' title='bbox 492 1758 506 1785; x_wconf 89' lang='grc' dir='ltr'><strong>ὁ</strong></span> <span class='ocrx_word' id='word_1_499' title='bbox 517 1755 670 1795; x_wconf 68' lang='grc' dir='ltr'>προφήτης,</span> <span class='ocrx_word' id='word_1_500' title='bbox 684 1755 888 1795; x_wconf 81' lang='grc' dir='ltr'>προανεφώνησε</span> 
     </span>
     <span class='ocr_line' id='line_1_67' title="bbox 121 1799 888 1840; baseline -0.004 -8"><span class='ocrx_word' id='word_1_501' title='bbox 121 1802 167 1832; x_wconf 80' lang='grc' dir='ltr'><strong>καὶ</strong></span> <span class='ocrx_word' id='word_1_502' title='bbox 180 1804 226 1831; x_wconf 74' lang='grc' dir='ltr'><strong>τοῦ</strong></span> <span class='ocrx_word' id='word_1_503' title='bbox 240 1801 388 1840; x_wconf 71' lang='grc' dir='ltr'>νοσήματος</span> <span class='ocrx_word' id='word_1_504' title='bbox 401 1800 450 1837; x_wconf 84' lang='grc' dir='ltr'><strong>τὴν</strong></span> <span class='ocrx_word' id='word_1_505' title='bbox 463 1800 559 1830; x_wconf 81' lang='grc' dir='ltr'>αἰτίαν.</span> <span class='ocrx_word' id='word_1_506' title='bbox 575 1800 613 1830; x_wconf 84' lang='grc' dir='ltr'><strong>Σὺ</strong></span> <span class='ocrx_word' id='word_1_507' title='bbox 627 1800 655 1829; x_wconf 82' lang='grc' dir='ltr'>δέ</span> <span class='ocrx_word' id='word_1_508' title='bbox 669 1812 713 1839; x_wconf 88' lang='grc' dir='ltr'><strong>μοι</strong></span> <span class='ocrx_word' id='word_1_509' title='bbox 732 1799 841 1836; x_wconf 86' lang='grc' dir='ltr'>σκόπει,</span> <span class='ocrx_word' id='word_1_510' title='bbox 853 1802 888 1833; x_wconf 82' lang='grc' dir='ltr'><strong>ὡς</strong></span> 
     </span>
     <span class='ocr_line' id='line_1_68' title="bbox 119 1845 890 1888; baseline -0.004 -10"><span class='ocrx_word' id='word_1_511' title='bbox 119 1850 189 1878; x_wconf 87' lang='grc' dir='ltr'>δυοῖν</span> <span class='ocrx_word' id='word_1_512' title='bbox 201 1848 366 1888; x_wconf 77' lang='grc' dir='ltr'>προφητειῶν</span> <span class='ocrx_word' id='word_1_513' title='bbox 378 1848 472 1882; x_wconf 78' lang='grc' dir='ltr'>οὐσῶν,</span> <span class='ocrx_word' id='word_1_514' title='bbox 483 1846 531 1883; x_wconf 78' lang='grc' dir='ltr'><strong>τὴν</strong></span> <span class='ocrx_word' id='word_1_515' title='bbox 542 1846 590 1885; x_wconf 81' lang='grc' dir='ltr'><strong>μὲν</strong></span> <span class='ocrx_word' id='word_1_516' title='bbox 600 1846 662 1886; x_wconf 75' lang='grc' dir='ltr'>περὶ</span> <span class='ocrx_word' id='word_1_517' title='bbox 671 1848 718 1882; x_wconf 68' lang='grc' dir='ltr'><strong>τῆς</strong></span> <span class='ocrx_word' id='word_1_518' title='bbox 728 1845 890 1883; x_wconf 86' lang='grc' dir='ltr'>Ἐκκλησίας</span> 
     </span>
     <span class='ocr_line' id='line_1_69' title="bbox 120 1892 889 1933; baseline -0.003 -9"><span class='ocrx_word' id='word_1_519' title='bbox 120 1894 228 1925; x_wconf 79' lang='grc' dir='ltr'>καὶτῶν</span> <span class='ocrx_word' id='word_1_520' title='bbox 240 1895 287 1929; x_wconf 76' lang='grc' dir='ltr'><strong>τῆς</strong></span> <span class='ocrx_word' id='word_1_521' title='bbox 299 1893 454 1932; x_wconf 78' lang='grc' dir='ltr'>οἰκουμένης</span> <span class='ocrx_word' id='word_1_522' title='bbox 467 1895 571 1933; x_wconf 85' lang='grc' dir='ltr'>ἀγαθῶν</span> <span class='ocrx_word' id='word_1_523' title='bbox 583 1893 618 1922; x_wconf 81' lang='grc' dir='ltr'><strong>τὰ</strong></span> <span class='ocrx_word' id='word_1_524' title='bbox 630 1893 754 1933; x_wconf 75' lang='grc' dir='ltr'>Σεραφὶμ</span> <span class='ocrx_word' id='word_1_525' title='bbox 769 1892 889 1927; x_wconf 78' lang='grc' dir='ltr'>ἐδέξαντο</span> 
     </span>
     <span class='ocr_line' id='line_1_70' title="bbox 119 1938 889 1980; baseline -0.003 -10"><span class='ocrx_word' id='word_1_526' title='bbox 119 1939 242 1980; x_wconf 72' lang='grc' dir='ltr'>λέγοντα·</span> <span class='ocrx_word' id='word_1_527' title='bbox 257 1939 355 1979; x_wconf 76' lang='grc' dir='ltr'>Ἄγιος,</span> <span class='ocrx_word' id='word_1_528' title='bbox 370 1939 451 1979; x_wconf 83' lang='grc' dir='ltr'>ἅγιος,</span> <span class='ocrx_word' id='word_1_529' title='bbox 466 1938 552 1978; x_wconf 80' lang='grc' dir='ltr'>ἅγιος,</span> <span class='ocrx_word' id='word_1_530' title='bbox 565 1939 661 1979; x_wconf 88' lang='grc' dir='ltr'>Κύριος</span> <span class='ocrx_word' id='word_1_531' title='bbox 674 1939 788 1968; x_wconf 73' lang='grc' dir='ltr'>Σαὸαὼθ</span> <span class='ocrx_word' id='word_1_532' title='bbox 797 1961 805 1974; x_wconf 93' lang='grc'>,</span> <span class='ocrx_word' id='word_1_533' title='bbox 819 1939 889 1974; x_wconf 86' lang='grc' dir='ltr'>πλή-</span> 
     </span>
     <span class='ocr_line' id='line_1_71' title="bbox 122 1985 891 2026; baseline -0.003 -10"><span class='ocrx_word' id='word_1_534' title='bbox 122 1998 168 2026; x_wconf 89' lang='grc' dir='ltr'><strong>ρης</strong></span> <span class='ocrx_word' id='word_1_535' title='bbox 179 1991 253 2016; x_wconf 64' lang='lat' dir='ltr'><strong>naeu</strong></span> <span class='ocrx_word' id='word_1_536' title='bbox 262 1989 280 2022; x_wconf 83' lang='grc' dir='ltr'>ἡ</span> <span class='ocrx_word' id='word_1_537' title='bbox 291 1988 326 2025; x_wconf 81' lang='grc' dir='ltr'>γῆ</span> <span class='ocrx_word' id='word_1_538' title='bbox 336 1987 383 2021; x_wconf 79' lang='grc' dir='ltr'><strong>τῆς</strong></span> <span class='ocrx_word' id='word_1_539' title='bbox 395 1985 470 2021; x_wconf 82' lang='grc' dir='ltr'>δόξης</span> <span class='ocrx_word' id='word_1_540' title='bbox 483 1986 576 2015; x_wconf 75' lang='grc' dir='ltr'>αὐτοῦ·</span> <span class='ocrx_word' id='word_1_541' title='bbox 587 1986 636 2021; x_wconf 72' lang='grc' dir='ltr'><strong>τὴν</strong></span> <span class='ocrx_word' id='word_1_542' title='bbox 650 1985 677 2015; x_wconf 85' lang='grc' dir='ltr'>δὲ</span> <span class='ocrx_word' id='word_1_543' title='bbox 690 1986 751 2026; x_wconf 86' lang='grc' dir='ltr'>περὶ</span> <span class='ocrx_word' id='word_1_544' title='bbox 762 1987 810 2021; x_wconf 75' lang='grc' dir='ltr'><strong>τῆς</strong></span> <span class='ocrx_word' id='word_1_545' title='bbox 822 1985 891 2015; x_wconf 85' lang='grc' dir='ltr'>ἁλώ-</span> 
     </span>
     <span class='ocr_line' id='line_1_72' title="bbox 122 2031 889 2071; baseline -0.001 -9"><span class='ocrx_word' id='word_1_546' title='bbox 122 2044 187 2066; x_wconf 86' lang='grc' dir='ltr'>σεως</span> <span class='ocrx_word' id='word_1_547' title='bbox 198 2032 244 2062; x_wconf 82' lang='grc' dir='ltr'><strong>καὶ</strong></span> <span class='ocrx_word' id='word_1_548' title='bbox 257 2034 309 2061; x_wconf 86' lang='grc' dir='ltr'><strong>τῶν</strong></span> <span class='ocrx_word' id='word_1_549' title='bbox 327 2034 461 2071; x_wconf 83' lang='grc' dir='ltr'>τιμωριῶν</span> <span class='ocrx_word' id='word_1_550' title='bbox 480 2034 533 2061; x_wconf 85' lang='grc' dir='ltr'><strong>τῶν</strong></span> <span class='ocrx_word' id='word_1_551' title='bbox 548 2032 700 2061; x_wconf 83' lang='grc' dir='ltr'>Ἰουδαϊκῶν</span> <span class='ocrx_word' id='word_1_552' title='bbox 714 2033 752 2071; x_wconf 82' lang='grc' dir='ltr'><strong>τῷ</strong></span> <span class='ocrx_word' id='word_1_553' title='bbox 765 2031 889 2071; x_wconf 79' lang='grc' dir='ltr'>προφήτῃ</span> 
     </span>
     <span class='ocr_line' id='line_1_73' title="bbox 123 2077 890 2117; baseline 0.001 -11"><span class='ocrx_word' id='word_1_554' title='bbox 123 2078 288 2112; x_wconf 73' lang='grc' dir='ltr'>κατέλειπον,</span> <span class='ocrx_word' id='word_1_555' title='bbox 300 2077 342 2106; x_wconf 80' lang='grc' dir='ltr'><strong>ἵνα</strong></span> <span class='ocrx_word' id='word_1_556' title='bbox 357 2079 497 2107; x_wconf 73' lang='grc' dir='ltr'>κάντεῦθεν</span> <span class='ocrx_word' id='word_1_557' title='bbox 513 2077 597 2117; x_wconf 81' lang='grc' dir='ltr'>μάθῃς</span> <span class='ocrx_word' id='word_1_558' title='bbox 610 2080 657 2113; x_wconf 75' lang='grc' dir='ltr'><strong>τῆς</strong></span> <span class='ocrx_word' id='word_1_559' title='bbox 670 2077 831 2114; x_wconf 80' lang='grc' dir='ltr'>Ἐκκλησίας</span> <span class='ocrx_word' id='word_1_560' title='bbox 841 2077 890 2113; x_wconf 75' lang='grc' dir='ltr'><strong>τὴν</strong></span> 
     </span>
     <span class='ocr_line' id='line_1_74' title="bbox 123 2118 888 2164; baseline 0 -11"><span class='ocrx_word' id='word_1_561' title='bbox 123 2123 264 2163; x_wconf 77' lang='grc' dir='ltr'>ὑπεροχήν.</span> <span class='ocrx_word' id='word_1_562' title='bbox 278 2123 331 2153; x_wconf 78' lang='grc' dir='ltr'><strong>Καὶ</strong></span> <span class='ocrx_word' id='word_1_563' title='bbox 343 2118 414 2152; x_wconf 75' lang='grc' dir='ltr'>εἶπον</span> <span class='ocrx_word' id='word_1_564' title='bbox 426 2145 434 2160; x_wconf 91' lang='grc'>,</span> <span class='ocrx_word' id='word_1_565' title='bbox 452 2122 500 2156; x_wconf 74' lang='grc' dir='ltr'><strong>ἕως</strong></span> <span class='ocrx_word' id='word_1_566' title='bbox 511 2125 590 2160; x_wconf 84' lang='grc' dir='ltr'>πότε,</span> <span class='ocrx_word' id='word_1_567' title='bbox 605 2123 702 2163; x_wconf 56' lang='lat' dir='ltr'><strong>Kome-3</strong></span> <span class='ocrx_word' id='word_1_568' title='bbox 717 2123 800 2164; x_wconf 75' lang='grc' dir='ltr'>Ὁρᾷς</span> <span class='ocrx_word' id='word_1_569' title='bbox 812 2125 847 2157; x_wconf 84' lang='grc' dir='ltr'><strong>ὡς</strong></span> <span class='ocrx_word' id='word_1_570' title='bbox 860 2126 888 2154; x_wconf 86' lang='grc' dir='ltr'><strong>οὐ</strong></span> 
     </span>
     <span class='ocr_line' id='line_1_75' title="bbox 124 2168 888 2208; baseline 0.001 -11"><span class='ocrx_word' id='word_1_571' title='bbox 124 2168 210 2207; x_wconf 76' lang='grc' dir='ltr'>μάτην</span> <span class='ocrx_word' id='word_1_572' title='bbox 231 2168 290 2198; x_wconf 78' lang='grc' dir='ltr'>οὐδὲ</span> <span class='ocrx_word' id='word_1_573' title='bbox 301 2169 359 2208; x_wconf 79' lang='grc' dir='ltr'>εἰκῇ</span> <span class='ocrx_word' id='word_1_574' title='bbox 370 2168 571 2208; x_wconf 80' lang='grc' dir='ltr'>ἓστσχασάμεθα</span> <span class='ocrx_word' id='word_1_575' title='bbox 581 2170 628 2204; x_wconf 75' lang='grc' dir='ltr'><strong>τῆς</strong></span> <span class='ocrx_word' id='word_1_576' title='bbox 639 2171 757 2204; x_wconf 71' lang='grc' dir='ltr'>ὑπακοῆς</span> <span class='ocrx_word' id='word_1_577' title='bbox 768 2172 813 2198; x_wconf 71' lang='grc' dir='ltr'><strong>τοῦ</strong></span> <span class='ocrx_word' id='word_1_578' title='bbox 825 2181 888 2208; x_wconf 87' lang='grc' dir='ltr'>προ-</span> 
     </span>
     <span class='ocr_line' id='line_1_76' title="bbox 123 2213 888 2254; baseline 0.001 -12"><span class='ocrx_word' id='word_1_579' title='bbox 123 2213 205 2253; x_wconf 65' lang='grc' dir='ltr'>φήτου</span> <span class='ocrx_word' id='word_1_580' title='bbox 229 2215 276 2249; x_wconf 76' lang='grc' dir='ltr'><strong>τῆς</strong></span> <span class='ocrx_word' id='word_1_581' title='bbox 301 2214 369 2252; x_wconf 81' lang='grc' dir='ltr'>μετὰ</span> <span class='ocrx_word' id='word_1_582' title='bbox 394 2214 494 2249; x_wconf 79' lang='grc' dir='ltr'>πολλῆς</span> <span class='ocrx_word' id='word_1_583' title='bbox 525 2214 671 2254; x_wconf 87' lang='grc' dir='ltr'>προθυμίας</span> <span class='ocrx_word' id='word_1_584' title='bbox 697 2214 888 2254; x_wconf 79' lang='grc' dir='ltr'>γεγενημένης;</span> 
     </span>
     <span class='ocr_line' id='line_1_77' title="bbox 123 2255 891 2301; baseline 0.001 -13"><span class='ocrx_word' id='word_1_585' title='bbox 123 2258 234 2295; x_wconf 83' lang='grc' dir='ltr'>Ἐπειδὴ</span> <span class='ocrx_word' id='word_1_586' title='bbox 246 2261 308 2298; x_wconf 78' lang='grc' dir='ltr'>γοῦν</span> <span class='ocrx_word' id='word_1_587' title='bbox 317 2258 441 2288; x_wconf 85' lang='grc' dir='ltr'>τάναντία</span> <span class='ocrx_word' id='word_1_588' title='bbox 451 2255 488 2288; x_wconf 69' lang='grc' dir='ltr'><strong>ὧν</strong></span> <span class='ocrx_word' id='word_1_589' title='bbox 498 2261 691 2299; x_wconf 84' lang='grc' dir='ltr'>προσεδόκησεν</span> <span class='ocrx_word' id='word_1_590' title='bbox 700 2260 821 2297; x_wconf 85' lang='grc' dir='ltr'>ἤκουσεν,</span> <span class='ocrx_word' id='word_1_591' title='bbox 832 2262 891 2301; x_wconf 81' lang='grc' dir='ltr'>ἐρη-</span> 
     </span>
     <span class='ocr_line' id='line_1_78' title="bbox 123 2304 890 2345; baseline 0.003 -12"><span class='ocrx_word' id='word_1_592' title='bbox 123 2304 196 2343; x_wconf 86' lang='grc' dir='ltr'>μίαν,</span> <span class='ocrx_word' id='word_1_593' title='bbox 207 2304 400 2344; x_wconf 77' lang='grc' dir='ltr'>πανωλεθρίαν,</span> <span class='ocrx_word' id='word_1_594' title='bbox 414 2304 481 2339; x_wconf 80' lang='grc' dir='ltr'>ἀξιοῖ</span> <span class='ocrx_word' id='word_1_595' title='bbox 494 2304 524 2334; x_wconf 85' lang='grc' dir='ltr'><strong>τὸ</strong></span> <span class='ocrx_word' id='word_1_596' title='bbox 537 2308 599 2344; x_wconf 75' lang='grc' dir='ltr'>γοῦν</span> <span class='ocrx_word' id='word_1_597' title='bbox 621 2305 714 2345; x_wconf 83' lang='grc' dir='ltr'>μέτρον</span> <span class='ocrx_word' id='word_1_598' title='bbox 737 2309 830 2344; x_wconf 86' lang='grc' dir='ltr'>μαθεῖν</span> <span class='ocrx_word' id='word_1_599' title='bbox 843 2309 890 2342; x_wconf 81' lang='grc' dir='ltr'><strong>τῆς</strong></span> 
     </span>
     <span class='ocr_line' id='line_1_79' title="bbox 122 2349 889 2394; baseline 0.003 -14"><span class='ocrx_word' id='word_1_600' title='bbox 122 2349 250 2390; x_wconf 80' lang='grc' dir='ltr'>τιμωρίας</span> <span class='ocrx_word' id='word_1_601' title='bbox 256 2361 263 2367; x_wconf 95' lang='grc'><em>·</em></span> <span class='ocrx_word' id='word_1_602' title='bbox 272 2349 331 2379; x_wconf 79' lang='grc' dir='ltr'>οὐδὲ</span> <span class='ocrx_word' id='word_1_603' title='bbox 338 2350 390 2389; x_wconf 78' lang='grc' dir='ltr'><strong>γὰρ</strong></span> <span class='ocrx_word' id='word_1_604' title='bbox 397 2349 497 2390; x_wconf 72' lang='grc' dir='ltr'>ἐτόλμα</span> <span class='ocrx_word' id='word_1_605' title='bbox 505 2352 575 2380; x_wconf 61' lang='lat' dir='ltr'><strong>§Mi</strong></span> <span class='ocrx_word' id='word_1_606' title='bbox 584 2351 649 2394; x_wconf 78' lang='grc' dir='ltr'>ἤρου</span> <span class='ocrx_word' id='word_1_607' title='bbox 656 2354 703 2387; x_wconf 81' lang='grc' dir='ltr'>τ’ἧς</span> <span class='ocrx_word' id='word_1_608' title='bbox 710 2353 789 2392; x_wconf 77' lang='grc' dir='ltr'>ὀργῆς</span> <span class='ocrx_word' id='word_1_609' title='bbox 797 2352 889 2386; x_wconf 79' lang='grc' dir='ltr'>αὐτοὺς</span> 
     </span>
     <span class='ocr_line' id='line_1_80' title="bbox 122 2395 890 2439; baseline 0.004 -15"><span class='ocrx_word' id='word_1_610' title='bbox 122 2396 280 2436; x_wconf 71' lang='grc' dir='ltr'>ἐξαρπάσαι,</span> <span class='ocrx_word' id='word_1_611' title='bbox 293 2395 335 2424; x_wconf 69' lang='grc' dir='ltr'><strong>διὰ</strong></span> <span class='ocrx_word' id='word_1_612' title='bbox 346 2395 378 2425; x_wconf 86' lang='grc' dir='ltr'><strong>τὸ</strong></span> <span class='ocrx_word' id='word_1_613' title='bbox 392 2396 560 2435; x_wconf 72' lang='grc' dir='ltr'>προλαὸόντα</span> <span class='ocrx_word' id='word_1_614' title='bbox 570 2397 615 2426; x_wconf 86' lang='grc' dir='ltr'><strong>τὸν</strong></span> <span class='ocrx_word' id='word_1_615' title='bbox 627 2398 696 2427; x_wconf 83' lang='grc' dir='ltr'>Θεὸν</span> <span class='ocrx_word' id='word_1_616' title='bbox 711 2397 792 2431; x_wconf 84' lang='grc' dir='ltr'>δεῖξαι</span> <span class='ocrx_word' id='word_1_617' title='bbox 806 2398 890 2439; x_wconf 82' lang='grc' dir='ltr'>ἀσύγ-</span> 
     </span>
     <span class='ocr_line' id='line_1_81' title="bbox 122 2439 888 2483; baseline 0.008 -14"><span class='ocrx_word' id='word_1_618' title='bbox 122 2453 227 2482; x_wconf 84' lang='grc' dir='ltr'>γνωστα</span> <span class='ocrx_word' id='word_1_619' title='bbox 241 2441 446 2481; x_wconf 79' lang='grc' dir='ltr'>ἁμαρτάνοντας.</span> <span class='ocrx_word' id='word_1_620' title='bbox 458 2443 498 2471; x_wconf 82' lang='grc' dir='ltr'><strong>Οὔ</strong></span> <span class='ocrx_word' id='word_1_621' title='bbox 511 2442 563 2482; x_wconf 76' lang='grc' dir='ltr'><strong>γὰρ</strong></span> <span class='ocrx_word' id='word_1_622' title='bbox 577 2445 747 2483; x_wconf 76' lang='grc' dir='ltr'>συναρπαγῆς</span> <span class='ocrx_word' id='word_1_623' title='bbox 757 2439 790 2480; x_wconf 72' lang='grc' dir='ltr'><strong>ἦν</strong></span> <span class='ocrx_word' id='word_1_624' title='bbox 804 2446 888 2475; x_wconf 81' lang='grc' dir='ltr'>αὐτῶν</span> 
     </span>
    </p>
   </div>
   <div class='ocr_carea' id='block_1_12' title="bbox 938 1714 1686 2491">
    <p class='ocr_par' dir='ltr' id='par_1_19' title="bbox 938 1714 1686 2491">
     <span class='ocr_line' id='line_1_82' title="bbox 938 1714 1683 1756; baseline 0.008 -13"><span class='ocrx_word' id='word_1_625' title='bbox 938 1714 1137 1753; x_wconf 85' lang='lat' dir='ltr'><strong>contrariasque</strong></span> <span class='ocrx_word' id='word_1_626' title='bbox 1162 1715 1304 1744; x_wconf 87' lang='lat' dir='ltr'><strong>sententias</strong></span> <span class='ocrx_word' id='word_1_627' title='bbox 1330 1716 1504 1756; x_wconf 85' lang='lat' dir='ltr'><strong>accipiebant.</strong></span> <span class='ocrx_word' id='word_1_628' title='bbox 1534 1719 1597 1748; x_wconf 89' lang='lat' dir='ltr'><strong>Haec</strong></span> <span class='ocrx_word' id='word_1_629' title='bbox 1622 1730 1683 1749; x_wconf 91' lang='lat' dir='ltr'><strong>cum</strong></span> 
     </span>
     <span class='ocr_line' id='line_1_83' title="bbox 939 1759 1684 1800; baseline 0.008 -12"><span class='ocrx_word' id='word_1_630' title='bbox 939 1760 1023 1799; x_wconf 85' lang='lat' dir='ltr'><strong>probe</strong></span> <span class='ocrx_word' id='word_1_631' title='bbox 1033 1759 1137 1790; x_wconf 85' lang='lat' dir='ltr'><strong>videret</strong></span> <span class='ocrx_word' id='word_1_632' title='bbox 1146 1760 1287 1800; x_wconf 88' lang='lat' dir='ltr'><strong>propheta,</strong></span> <span class='ocrx_word' id='word_1_633' title='bbox 1294 1762 1486 1800; x_wconf 63' lang='lat' dir='ltr'><strong>praenuntiavit</strong></span> <span class='ocrx_word' id='word_1_634' title='bbox 1494 1774 1603 1794; x_wconf 84' lang='lat' dir='ltr'><strong>causam</strong></span> <span class='ocrx_word' id='word_1_635' title='bbox 1612 1775 1684 1794; x_wconf 84' lang='lat' dir='ltr'><strong>mor—</strong></span> 
     </span>
     <span class='ocr_line' id='line_1_84' title="bbox 939 1805 1683 1847; baseline 0.008 -13"><span class='ocrx_word' id='word_1_636' title='bbox 939 1805 979 1835; x_wconf 85' lang='lat' dir='ltr'><strong>bi.</strong></span> <span class='ocrx_word' id='word_1_637' title='bbox 995 1807 1040 1835; x_wconf 90' lang='lat' dir='ltr'><strong>Tu</strong></span> <span class='ocrx_word' id='word_1_638' title='bbox 1059 1816 1124 1836; x_wconf 87' lang='lat' dir='ltr'><strong>vero</strong></span> <span class='ocrx_word' id='word_1_639' title='bbox 1141 1806 1187 1835; x_wconf 85' lang='lat' dir='ltr'><strong>hic</strong></span> <span class='ocrx_word' id='word_1_640' title='bbox 1204 1806 1272 1835; x_wconf 89' lang='lat' dir='ltr'><strong>mihi</strong></span> <span class='ocrx_word' id='word_1_641' title='bbox 1293 1806 1443 1844; x_wconf 82' lang='lat' dir='ltr'><strong>considera,</strong></span> <span class='ocrx_word' id='word_1_642' title='bbox 1466 1809 1601 1847; x_wconf 89' lang='lat' dir='ltr'><strong>quomodo</strong></span> <span class='ocrx_word' id='word_1_643' title='bbox 1621 1821 1683 1840; x_wconf 89' lang='lat' dir='ltr'><strong>cum</strong></span> 
     </span>
     <span class='ocr_line' id='line_1_85' title="bbox 941 1851 1684 1892; baseline 0.008 -12"><span class='ocrx_word' id='word_1_644' title='bbox 941 1851 1002 1880; x_wconf 87' lang='lat' dir='ltr'><strong>duae</strong></span> <span class='ocrx_word' id='word_1_645' title='bbox 1019 1858 1105 1881; x_wconf 87' lang='lat' dir='ltr'><strong>essent</strong></span> <span class='ocrx_word' id='word_1_646' title='bbox 1125 1851 1284 1892; x_wconf 85' lang='lat' dir='ltr'><strong>prophetiae,</strong></span> <span class='ocrx_word' id='word_1_647' title='bbox 1296 1852 1385 1889; x_wconf 88' lang='lat' dir='ltr'><strong>illam,</strong></span> <span class='ocrx_word' id='word_1_648' title='bbox 1398 1864 1458 1892; x_wconf 80' lang='lat' dir='ltr'><strong>qua.²</strong></span> <span class='ocrx_word' id='word_1_649' title='bbox 1475 1854 1510 1884; x_wconf 86' lang='lat' dir='ltr'><strong>de</strong></span> <span class='ocrx_word' id='word_1_650' title='bbox 1518 1855 1638 1886; x_wconf 87' lang='lat' dir='ltr'><strong>Ecclesia</strong></span> <span class='ocrx_word' id='word_1_651' title='bbox 1658 1864 1684 1886; x_wconf 88' lang='lat' dir='ltr'><strong>et</strong></span> 
     </span>
     <span class='ocr_line' id='line_1_86' title="bbox 941 1897 1685 1942; baseline 0.008 -16"><span class='ocrx_word' id='word_1_652' title='bbox 941 1897 976 1927; x_wconf 85' lang='lat' dir='ltr'><strong>de</strong></span> <span class='ocrx_word' id='word_1_653' title='bbox 992 1897 1071 1927; x_wconf 88' lang='lat' dir='ltr'><strong>bonis</strong></span> <span class='ocrx_word' id='word_1_654' title='bbox 1094 1898 1176 1927; x_wconf 85' lang='lat' dir='ltr'><strong>totius</strong></span> <span class='ocrx_word' id='word_1_655' title='bbox 1199 1898 1273 1928; x_wconf 87' lang='lat' dir='ltr'><strong>orbis</strong></span> <span class='ocrx_word' id='word_1_656' title='bbox 1291 1906 1357 1937; x_wconf 90' lang='lat' dir='ltr'><strong>erat,</strong></span> <span class='ocrx_word' id='word_1_657' title='bbox 1368 1900 1519 1940; x_wconf 85' lang='lat' dir='ltr'><strong>acceperint</strong></span> <span class='ocrx_word' id='word_1_658' title='bbox 1541 1902 1685 1942; x_wconf 86' lang='lat' dir='ltr'><strong>Seraphim</strong></span> 
     </span>
     <span class='ocr_line' id='line_1_87' title="bbox 941 1942 1685 1984; baseline 0.009 -13"><span class='ocrx_word' id='word_1_659' title='bbox 941 1942 1058 1972; x_wconf 79' lang='lat' dir='ltr'><strong>dicentes</strong></span> <span class='ocrx_word' id='word_1_660' title='bbox 1074 1953 1082 1971; x_wconf 76' lang='lat' dir='ltr'>z</span> <span class='ocrx_word' id='word_1_661' title='bbox 1097 1942 1232 1980; x_wconf 83' lang='lat' dir='ltr'><strong>Sanctus,</strong></span> <span class='ocrx_word' id='word_1_662' title='bbox 1246 1952 1374 1981; x_wconf 83' lang='lat' dir='ltr'><strong>sanctus,</strong></span> <span class='ocrx_word' id='word_1_663' title='bbox 1393 1952 1522 1984; x_wconf 86' lang='lat' dir='ltr'><strong>sanctus,</strong></span> <span class='ocrx_word' id='word_1_664' title='bbox 1538 1948 1685 1978; x_wconf 85' lang='lat' dir='ltr'><strong>Dominus</strong></span> 
     </span>
     <span class='ocr_line' id='line_1_88' title="bbox 941 1989 1684 2034; baseline 0.009 -17"><span class='ocrx_word' id='word_1_665' title='bbox 941 1989 1082 2025; x_wconf 81' lang='lat' dir='ltr'><strong>Sabaoth,</strong></span> <span class='ocrx_word' id='word_1_666' title='bbox 1100 1989 1191 2029; x_wconf 85' lang='lat' dir='ltr'><strong>plena</strong></span> <span class='ocrx_word' id='word_1_667' title='bbox 1213 1996 1256 2020; x_wconf 85' lang='lat' dir='ltr'><strong>est</strong></span> <span class='ocrx_word' id='word_1_668' title='bbox 1276 1994 1370 2020; x_wconf 84' lang='lat' dir='ltr'><strong>omnis</strong></span> <span class='ocrx_word' id='word_1_669' title='bbox 1388 1998 1466 2021; x_wconf 84' lang='lat' dir='ltr'><strong>terra</strong></span> <span class='ocrx_word' id='word_1_670' title='bbox 1484 1993 1580 2032; x_wconf 81' lang='lat' dir='ltr'><strong>gloria</strong></span> <span class='ocrx_word' id='word_1_671' title='bbox 1601 1996 1684 2034; x_wconf 80' lang='lat' dir='ltr'><strong>ejus.-</strong></span> 
     </span>
     <span class='ocr_line' id='line_1_89' title="bbox 941 2035 1685 2078; baseline 0.008 -14"><span class='ocrx_word' id='word_1_672' title='bbox 941 2035 1021 2065; x_wconf 85' lang='lat' dir='ltr'><strong>aliam</strong></span> <span class='ocrx_word' id='word_1_673' title='bbox 1033 2045 1097 2065; x_wconf 86' lang='lat' dir='ltr'><strong>vero</strong></span> <span class='ocrx_word' id='word_1_674' title='bbox 1110 2046 1170 2074; x_wconf 81' lang='lat' dir='ltr'><strong>quae</strong></span> <span class='ocrx_word' id='word_1_675' title='bbox 1181 2035 1215 2065; x_wconf 89' lang='lat' dir='ltr'><strong>de</strong></span> <span class='ocrx_word' id='word_1_676' title='bbox 1227 2036 1334 2067; x_wconf 87' lang='lat' dir='ltr'><strong>excidio</strong></span> <span class='ocrx_word' id='word_1_677' title='bbox 1345 2036 1416 2067; x_wconf 85' lang='lat' dir='ltr'><strong>etde</strong></span> <span class='ocrx_word' id='word_1_678' title='bbox 1430 2039 1516 2078; x_wconf 86' lang='lat' dir='ltr'><strong>poenis</strong></span> <span class='ocrx_word' id='word_1_679' title='bbox 1526 2040 1544 2069; x_wconf 86' lang='lat' dir='ltr'><strong>J</strong></span> <span class='ocrx_word' id='word_1_680' title='bbox 1546 2039 1685 2070; x_wconf 76' lang='lat' dir='ltr'><strong>udaeorum</strong></span> 
     </span>
     <span class='ocr_line' id='line_1_90' title="bbox 941 2080 1684 2122; baseline 0.009 -13"><span class='ocrx_word' id='word_1_681' title='bbox 941 2087 1009 2118; x_wconf 86' lang='lat' dir='ltr'><strong>erat,</strong></span> <span class='ocrx_word' id='word_1_682' title='bbox 1030 2080 1167 2121; x_wconf 84' lang='lat' dir='ltr'><strong>prophetae</strong></span> <span class='ocrx_word' id='word_1_683' title='bbox 1190 2081 1256 2111; x_wconf 88' lang='lat' dir='ltr'><strong>huic</strong></span> <span class='ocrx_word' id='word_1_684' title='bbox 1276 2083 1454 2122; x_wconf 84' lang='lat' dir='ltr'><strong>reliquerunt,</strong></span> <span class='ocrx_word' id='word_1_685' title='bbox 1470 2092 1501 2114; x_wconf 87' lang='lat' dir='ltr'><strong>ut</strong></span> <span class='ocrx_word' id='word_1_686' title='bbox 1524 2085 1588 2115; x_wconf 90' lang='lat' dir='ltr'><strong>hinc</strong></span> <span class='ocrx_word' id='word_1_687' title='bbox 1603 2088 1684 2116; x_wconf 85' lang='lat' dir='ltr'><strong>etiam</strong></span> 
     </span>
     <span class='ocr_line' id='line_1_91' title="bbox 943 2126 1684 2168; baseline 0.009 -13"><span class='ocrx_word' id='word_1_688' title='bbox 943 2126 1069 2156; x_wconf 70' lang='lat' dir='ltr'><strong>Ecclesiae</strong></span> <span class='ocrx_word' id='word_1_689' title='bbox 1095 2127 1302 2167; x_wconf 73' lang='lat' dir='ltr'><strong>praecellentiam</strong></span> <span class='ocrx_word' id='word_1_690' title='bbox 1333 2129 1446 2159; x_wconf 85' lang='lat' dir='ltr'><strong>ediscas.</strong></span> <span class='ocrx_word' id='word_1_691' title='bbox 1467 2133 1514 2160; x_wconf 83' lang='grc'><strong>11.</strong></span> <span class='ocrx_word' id='word_1_692' title='bbox 1539 2133 1582 2161; x_wconf 86' lang='lat' dir='ltr'><strong>Et</strong></span> <span class='ocrx_word' id='word_1_693' title='bbox 1604 2133 1684 2168; x_wconf 74' lang='lat' dir='ltr'><strong>dixi,</strong></span> 
     </span>
     <span class='ocr_line' id='line_1_92' title="bbox 947 2173 1686 2216; baseline 0.007 -14"><span class='ocrx_word' id='word_1_694' title='bbox 947 2173 1114 2212; x_wconf 84' lang='lat' dir='ltr'><strong>Usquequo‚</strong></span> <span class='ocrx_word' id='word_1_695' title='bbox 1135 2174 1381 2205; x_wconf 76' lang='lat' dir='ltr'><strong>DominePVides</strong></span> <span class='ocrx_word' id='word_1_696' title='bbox 1404 2186 1456 2205; x_wconf 89' lang='lat' dir='ltr'><strong>non</strong></span> <span class='ocrx_word' id='word_1_697' title='bbox 1479 2177 1577 2206; x_wconf 80' lang='lat' dir='ltr'><strong>frustra</strong></span> <span class='ocrx_word' id='word_1_698' title='bbox 1599 2188 1686 2216; x_wconf 86' lang='lat' dir='ltr'><strong>neque</strong></span> 
     </span>
     <span class='ocr_line' id='line_1_93' title="bbox 942 2220 1683 2260; baseline 0.008 -12"><span class='ocrx_word' id='word_1_699' title='bbox 942 2226 1039 2248; x_wconf 84' lang='lat' dir='ltr'><strong>temere</strong></span> <span class='ocrx_word' id='word_1_700' title='bbox 1059 2229 1107 2248; x_wconf 91' lang='lat' dir='ltr'><strong>nos</strong></span> <span class='ocrx_word' id='word_1_701' title='bbox 1131 2221 1310 2260; x_wconf 86' lang='lat' dir='ltr'><strong>conjecturam</strong></span> <span class='ocrx_word' id='word_1_702' title='bbox 1329 2220 1440 2251; x_wconf 83' lang='lat' dir='ltr'><strong>duxisse</strong></span> <span class='ocrx_word' id='word_1_703' title='bbox 1461 2223 1533 2252; x_wconf 87' lang='lat' dir='ltr'><strong>circa</strong></span> <span class='ocrx_word' id='word_1_704' title='bbox 1555 2224 1683 2253; x_wconf 88' lang='lat' dir='ltr'><strong>obedien-</strong></span> 
     </span>
     <span class='ocr_line' id='line_1_94' title="bbox 941 2264 1684 2308; baseline 0.009 -15"><span class='ocrx_word' id='word_1_705' title='bbox 941 2264 1006 2294; x_wconf 88' lang='lat' dir='ltr'><strong>tiam</strong></span> <span class='ocrx_word' id='word_1_706' title='bbox 1017 2265 1154 2305; x_wconf 83' lang='lat' dir='ltr'><strong>prophetae</strong></span> <span class='ocrx_word' id='word_1_707' title='bbox 1167 2266 1252 2296; x_wconf 84' lang='lat' dir='ltr'><strong>multa</strong></span> <span class='ocrx_word' id='word_1_708' title='bbox 1265 2267 1401 2297; x_wconf 80' lang='lat' dir='ltr'><strong>alacritate</strong></span> <span class='ocrx_word' id='word_1_709' title='bbox 1412 2269 1518 2308; x_wconf 87' lang='lat' dir='ltr'><strong>plenam</strong></span> <span class='ocrx_word' id='word_1_710' title='bbox 1526 2269 1540 2298; x_wconf 71' lang='grc' dir='ltr'><strong>ἱ)</strong></span> <span class='ocrx_word' id='word_1_711' title='bbox 1549 2270 1684 2307; x_wconf 89' lang='lat' dir='ltr'><strong>Quoniam</strong></span> 
     </span>
     <span class='ocr_line' id='line_1_95' title="bbox 942 2310 1683 2354; baseline 0.008 -15"><span class='ocrx_word' id='word_1_712' title='bbox 942 2310 1025 2350; x_wconf 84' lang='lat' dir='ltr'><strong>igitur</strong></span> <span class='ocrx_word' id='word_1_713' title='bbox 1048 2311 1179 2340; x_wconf 82' lang='lat' dir='ltr'><strong>contraria</strong></span> <span class='ocrx_word' id='word_1_714' title='bbox 1206 2311 1239 2341; x_wconf 82' lang='lat' dir='ltr'><strong>iis</strong></span> <span class='ocrx_word' id='word_1_715' title='bbox 1265 2323 1324 2351; x_wconf 81' lang='lat' dir='ltr'><strong>quae</strong></span> <span class='ocrx_word' id='word_1_716' title='bbox 1355 2315 1525 2354; x_wconf 85' lang='lat' dir='ltr'><strong>exspectabat</strong></span> <span class='ocrx_word' id='word_1_717' title='bbox 1558 2315 1683 2352; x_wconf 87' lang='lat' dir='ltr'><strong>audivit,</strong></span> 
     </span>
     <span class='ocr_line' id='line_1_96' title="bbox 941 2357 1682 2399; baseline 0.004 -12"><span class='ocrx_word' id='word_1_718' title='bbox 941 2357 1109 2393; x_wconf 85' lang='lat' dir='ltr'><strong>vastitatem,</strong></span> <span class='ocrx_word' id='word_1_719' title='bbox 1132 2364 1280 2387; x_wconf 83' lang='lat' dir='ltr'><strong>extremam</strong></span> <span class='ocrx_word' id='word_1_720' title='bbox 1305 2359 1467 2399; x_wconf 81' lang='lat' dir='ltr'><strong>perniciem,</strong></span> <span class='ocrx_word' id='word_1_721' title='bbox 1492 2368 1568 2399; x_wconf 88' lang='lat' dir='ltr'><strong>rogat</strong></span> <span class='ocrx_word' id='word_1_722' title='bbox 1593 2361 1682 2390; x_wconf 89' lang='lat' dir='ltr'><strong>doceri</strong></span> 
     </span>
     <span class='ocr_line' id='line_1_97' title="bbox 942 2402 1683 2444; baseline 0.005 -13"><span class='ocrx_word' id='word_1_723' title='bbox 942 2412 969 2431; x_wconf 87' lang='lat' dir='ltr'><strong>se</strong></span> <span class='ocrx_word' id='word_1_724' title='bbox 982 2412 1134 2432; x_wconf 86' lang='lat' dir='ltr'><strong>mensuram</strong></span> <span class='ocrx_word' id='word_1_725' title='bbox 1144 2402 1287 2442; x_wconf 78' lang='lat' dir='ltr'><strong>inferendae</strong></span> <span class='ocrx_word' id='word_1_726' title='bbox 1297 2415 1381 2444; x_wconf 72' lang='lat' dir='ltr'><strong>poepae</strong></span> <span class='ocrx_word' id='word_1_727' title='bbox 1397 2416 1404 2432; x_wconf 79' lang='lat' dir='ltr'>z</span> <span class='ocrx_word' id='word_1_728' title='bbox 1419 2416 1473 2435; x_wconf 90' lang='lat' dir='ltr'><strong>non</strong></span> <span class='ocrx_word' id='word_1_729' title='bbox 1487 2405 1603 2435; x_wconf 84' lang='lat' dir='ltr'><strong>audebat</strong></span> <span class='ocrx_word' id='word_1_730' title='bbox 1612 2406 1683 2436; x_wconf 88' lang='lat' dir='ltr'><strong>enim</strong></span> 
     </span>
     <span class='ocr_line' id='line_1_98' title="bbox 942 2446 1683 2491; baseline 0.007 -15"><span class='ocrx_word' id='word_1_731' title='bbox 942 2447 977 2477; x_wconf 87' lang='lat' dir='ltr'><strong>ab</strong></span> <span class='ocrx_word' id='word_1_732' title='bbox 990 2446 1029 2477; x_wconf 82' lang='lat' dir='ltr'><strong>ira</strong></span> <span class='ocrx_word' id='word_1_733' title='bbox 1040 2447 1102 2478; x_wconf 87' lang='lat' dir='ltr'><strong>illos</strong></span> <span class='ocrx_word' id='word_1_734' title='bbox 1119 2459 1229 2488; x_wconf 89' lang='lat' dir='ltr'><strong>prorsus</strong></span> <span class='ocrx_word' id='word_1_735' title='bbox 1247 2450 1362 2490; x_wconf 86' lang='lat' dir='ltr'><strong>eripere,</strong></span> <span class='ocrx_word' id='word_1_736' title='bbox 1377 2460 1408 2480; x_wconf 89' lang='lat' dir='ltr'><strong>eo</strong></span> <span class='ocrx_word' id='word_1_737' title='bbox 1425 2451 1499 2490; x_wconf 89' lang='lat' dir='ltr'><strong>quod</strong></span> <span class='ocrx_word' id='word_1_738' title='bbox 1518 2453 1592 2481; x_wconf 89' lang='lat' dir='ltr'><strong>Deus</strong></span> <span class='ocrx_word' id='word_1_739' title='bbox 1613 2462 1683 2491; x_wconf 67' lang='lat' dir='ltr'><strong>prae-</strong></span> 
     </span>
    </p>
   </div>
   <div class='ocr_carea' id='block_1_13' title="bbox 124 2530 1684 2613">
    <p class='ocr_par' dir='ltr' id='par_1_20' title="bbox 124 2530 1684 2613">
     <span class='ocr_line' id='line_1_99' title="bbox 155 2530 1684 2578; baseline 0.009 -22"><span class='ocrx_word' id='word_1_740' title='bbox 155 2532 169 2551; x_wconf 83' lang='lat'><strong>¹²</strong></span> <span class='ocrx_word' id='word_1_741' title='bbox 186 2530 264 2557; x_wconf 82' lang='lat' dir='ltr'><strong>savit.</strong></span> <span class='ocrx_word' id='word_1_742' title='bbox 278 2537 303 2556; x_wconf 87' lang='lat' dir='ltr'><strong>et</strong></span> <span class='ocrx_word' id='word_1_743' title='bbox 316 2530 377 2564; x_wconf 72' lang='lat' dir='ltr'><strong>neg.</strong></span> <span class='ocrx_word' id='word_1_744' title='bbox 393 2535 430 2558; x_wconf 77' lang='grc' dir='ltr'><strong>καὶ</strong></span> <span class='ocrx_word' id='word_1_745' title='bbox 440 2535 564 2565; x_wconf 73' lang='grc' dir='ltr'>βασκανίας</span> <span class='ocrx_word' id='word_1_746' title='bbox 575 2539 693 2566; x_wconf 63' lang='lat' dir='ltr'><strong>muoparon</strong></span> <span class='ocrx_word' id='word_1_747' title='bbox 705 2538 799 2562; x_wconf 76' lang='grc' dir='ltr'>πάθεσι·</span> <span class='ocrx_word' id='word_1_748' title='bbox 818 2538 878 2569; x_wconf 79' lang='grc' dir='ltr'>παχὺ</span> <span class='ocrx_word' id='word_1_749' title='bbox 928 2536 958 2561; x_wconf 87' lang='lat' dir='ltr'><strong>lia</strong></span> <span class='ocrx_word' id='word_1_750' title='bbox 964 2546 1023 2563; x_wconf 80' lang='lat' dir='ltr'><strong>nam</strong></span> <span class='ocrx_word' id='word_1_751' title='bbox 1034 2538 1165 2564; x_wconf 84' lang='lat' dir='ltr'><strong>lectionem</strong></span> <span class='ocrx_word' id='word_1_752' title='bbox 1177 2539 1254 2565; x_wconf 80' lang='lat' dir='ltr'><strong>habet</strong></span> <span class='ocrx_word' id='word_1_753' title='bbox 1266 2541 1532 2574; x_wconf 61' lang='lat' dir='ltr'><strong>Ba»aricus,expressit</strong></span> <span class='ocrx_word' id='word_1_754' title='bbox 1550 2544 1684 2578; x_wconf 64' lang='lat' dir='ltr'><strong>Interpres,</strong></span> 
     </span>
     <span class='ocr_line' id='line_1_100' title="bbox 124 2568 1488 2613; baseline 0.01 -20"><span class='ocrx_word' id='word_1_755' title='bbox 124 2574 150 2597; x_wconf 63' lang='grc' dir='ltr'><strong>τὸ</strong></span> <span class='ocrx_word' id='word_1_756' title='bbox 161 2573 241 2603; x_wconf 55' lang='lat' dir='ltr'><strong>&amp;pauzi</strong></span> <span class='ocrx_word' id='word_1_757' title='bbox 256 2570 353 2595; x_wconf 67' lang='lat' dir='ltr'><strong>omissis</strong></span> <span class='ocrx_word' id='word_1_758' title='bbox 368 2568 517 2603; x_wconf 71' lang='lat' dir='ltr'><strong>quibusdam</strong></span> <span class='ocrx_word' id='word_1_759' title='bbox 535 2571 560 2596; x_wconf 81' lang='lat' dir='ltr'><strong>in</strong></span> <span class='ocrx_word' id='word_1_760' title='bbox 575 2570 658 2596; x_wconf 83' lang='lat' dir='ltr'><strong>medio</strong></span> <span class='ocrx_word' id='word_1_761' title='bbox 674 2573 769 2609; x_wconf 76' lang='lat' dir='ltr'><strong>positis.</strong></span> <span class='ocrx_word' id='word_1_762' title='bbox 790 2574 878 2599; x_wconf 71' lang='lat' dir='ltr'><strong>Mon-el·</strong></span> <span class='ocrx_word' id='word_1_763' title='bbox 917 2604 919 2607; x_wconf 19' lang='lat' dir='ltr'><em>r</em></span> <span class='ocrx_word' id='word_1_764' title='bbox 932 2585 1008 2610; x_wconf 86' lang='lat' dir='ltr'><strong>quam</strong></span> <span class='ocrx_word' id='word_1_765' title='bbox 1019 2586 1064 2602; x_wconf 85' lang='lat' dir='ltr'><strong>nos</strong></span> <span class='ocrx_word' id='word_1_766' title='bbox 1071 2587 1171 2611; x_wconf 87' lang='lat' dir='ltr'><strong>quoque</strong></span> <span class='ocrx_word' id='word_1_767' title='bbox 1185 2580 1305 2606; x_wconf 81' lang='lat' dir='ltr'><strong>intactam</strong></span> <span class='ocrx_word' id='word_1_768' title='bbox 1319 2580 1488 2613; x_wconf 78' lang='lat' dir='ltr'><strong>relinquimm.</strong></span> 
     </span>
    </p>
   </div>
  </div>
 </body>
</html>
