1904 2840
225 180 297 230 676

165 290 172 294 -
223 253 284 293 geli
298 253 364 282 Dei.
380 252 424 282 Tu
437 260 472 281 ex
481 250 577 281 ordine
588 256 637 280 tuo
649 249 677 280 in
688 248 812 279 altiorem
821 257 850 278 es
861 247 966 287 erigen-

75 338 168 363 Rom.8.
177 346 215 362 20.

76 379 115 395 22-

75 622 152 644 Eccle.
163 628 171 643 ι
178 628 216 643 εξ.

76 663 143 684 Psal.
151 660 215 684 38.6.

76 971 215 997 Rom.8.2t.

77 1090 216 1119 loan.5.39.

223 294 286 330 dus,
297 299 323 321 et
335 290 423 321 Filius
430 301 464 320 ex
470 290 611 319 dominatu
622 289 649 318 in
657 288 849 328 subjectionem
856 288 944 318 veniet
952 287 966 316 i’

224 333 285 362 Non
306 330 406 361 audisti
432 329 548 359 Paulum
567 328 717 360 dicentem:
733 327 870 357 Vanitati
887 329 966 356 enim

225 377 360 401 creatum
380 371 512 408 subjecta
531 375 586 405 est,
605 370 677 408 quia
695 374 724 397 et
743 369 807 407 ipsa
831 372 966 396 creatura

224 411 313 440 simul
327 410 486 450 ingemiscit
495 414 525 437 et
532 409 660 447 parturit
670 417 762 447 usque
775 416 862 435 nunc.
877 406 965 435 Crea-

226 450 416 487 tura‚eae1um‚
422 452 493 477 terra
501 454 626 477 etcaetera
633 446 733 476 omnia.
740 445 874 475 Vanitati
884 446 964 474 enim

226 495 361 519 creatura
382 489 514 527 subjecta
527 493 580 524 est,
603 496 663 515 non
685 486 800 515 volens.
815 484 870 514 Cui
888 485 966 514 vani-

225 529 295 558 tati?
309 529 447 558 Humanae.
464 528 522 556 Cur
531 526 622 566 ipsum
629 531 707 555 vocat
716 523 881 555 vanitatem?
893 523 965 560 Quia

225 579 260 597 ex
273 568 321 597 illa
339 567 456 607 imagine
469 567 496 596 in
510 564 716 595 similitudinem
729 565 872 594 brutorum
885 563 964 602 dege-

224 607 341 637 neravit.
351 607 420 636 Nam
434 607 557 636 Vanitas
568 606 749 638 vanitatum,
764 605 862 632 omnia
876 603 966 631 vani-

227 653 282 676 tas.
298 647 333 676 Et
346 645 453 676 David:
468 646 675 675 Verumtamen
685 645 822 673 universa
833 644 965 678 vanitas,

225 687 320 716 omnis
333 686 421 714 homo
437 686 552 714 vivens.
567 684 638 714 Huic
653 693 717 719 ergo
728 683 850 716 vanitati,
862 680 966 711 homini

224 732 350 765 corrupto
359 732 480 754 creatura
487 723 607 763 subjecta
614 729 663 752 est.
673 721 816 759 Quomodo
823 721 940 761 subjecta
951 720 965 749 ἰ)

224 765 322 795 Oritur
343 764 385 793 sol
408 763 537 804 indignis,
561 762 710 792 scaturiunt
733 761 817 790 fontes
842 759 964 800 ingratis,

224 811 294 834 terra
305 804 408 832 fructus
422 813 484 832 suos
497 802 596 843 profert
606 801 750 841 improbis.
764 800 889 840 Subjecta
903 809 966 839 ergo

224 850 264 873 cst
274 849 395 873 creatura
412 842 536 879 vanitati,
551 851 604 870 non
618 841 722 870 volens.
737 840 766 870 Si
780 840 852 869 enim
861 849 896 868 ex
908 839 967 878 ejus

226 883 349 917 arbitrio,
369 892 423 912 non
443 882 539 911 lubens
560 880 738 920 subjiceretur
760 878 892 918 indignis;
919 877 967 907 sed

225 929 335 962 propter
343 932 406 951 eum
419 922 467 960 qui
474 931 502 950 se
507 919 622 960 subjecit
630 919 783 959 subjicitur.
791 919 854 955 Quo
862 927 944 956 scopo
953 917 967 946 Ρ

228 962 294 1002 spe,
326 963 389 997 Qua
410 961 480 1001 spe?
498 961 587 999 Quia,
599 965 663 988 teste
676 959 772 995 Paulo,
797 958 970 987 liberabitur

227 1011 247 1030 a
263 1002 400 1031 servitute
420 1000 611 1039 corruptionis
632 999 665 1027 in
682 999 844 1027 libertatem
867 997 967 1036 gloriae

220 1041 352 1080 filiorum
375 1041 443 1070 Dei.
458 1039 620 1069 Creaturane
640 1044 704 1067 tune
730 1037 868 1073 liberatur,
880 1043 907 1065 et
920 1036 942 1065 F
944 1035 968 1064 i-

228 1080 282 1110 lius
295 1080 322 1109 in
343 1080 499 1109 servitutem
511 1077 666 1117 redigitur?
692 1077 869 1107 Scrutamini
890 1075 968 1104 Scri-

227 1127 339 1159 pturas,
351 1129 385 1148 ne
407 1117 626 1153 calumniemini3
641 1116 797 1146 scrutamini
822 1126 856 1145 ne
880 1114 969 1145 curio-

138 1173 220 1193 ροῃιη
228 1160 284 1189 sius
309 1158 485 1198 perquiratis;
499 1156 657 1186 scrutamini
671 1156 819 1192 credentes,
834 1165 887 1184 non
907 1163 971 1183 con-

79 1203 182 1226 Arianos.

228 1198 394 1228 tradicentes-
406 1196 486 1226 Unde
493 1196 550 1225 haec
558 1195 647 1225 dicere
655 1195 786 1232 didicisti,
797 1195 852 1232 Qui
865 1200 922 1224 crat
927 1203 970 1232 ge-

229 1238 303 1267 nitus
316 1243 366 1271 est,
380 1246 412 1265 an
427 1235 475 1274 qui
493 1245 547 1264 non
560 1235 637 1264 erat?
651 1234 722 1264 unde
739 1234 828 1264 dicere
839 1232 969 1268 didicisti,

230 1277 348 1315 Gignere
360 1282 386 1304 et
399 1285 488 1304 creare
502 1274 576 1333 apud
589 1275 677 1303 Deum
694 1274 815 1314 idipsum
827 1273 890 1303 est?
905 1282 970 1301 num

229 1317 325 1346 Petrus
332 1315 418 1343 haecte
423 1313 527 1343 docuit‘.
540 1324 603 1342 num
610 1313 865 1353 Paulussuggessit?
873 1312 970 1341 Atser-

229 1362 319 1391 vator,
334 1353 450 1392 inquies,
466 1353 522 1382 haec
534 1353 612 1381 nobis
631 1352 753 1382 tradidit.
767 1354 837 1392 Lege
848 1352 971 1391 Scriptu-
985 1364 1003 1388 E

230 1405 300 1431 ram,
313 1400 339 1423 et
352 1393 438 1432 legem
450 1403 581 1422 reverere.
604 1393 736 1421 Caeterum
749 1402 835 1430 neque
847 1392 875 1420 in
891 1390 971 1420 dictis

232 1434 289 1463 suis
302 1433 354 1463 sibi
362 1438 471 1462 constat.
481 1433 551 1462 Cum
564 1431 635 1460 enim
648 1431 804 1470 interrogat,
812 1432 882 1461 Cum
892 1436 970 1465 esset,

231 1473 337 1512 genitus
351 1478 399 1507 est,
413 1482 446 1500 au
460 1481 522 1500 cum
542 1480 595 1500 non
604 1470 694 1499 esset?
706 1471 844 1500 mentitur.
860 1471 929 1499 Nam
942 1468 972 1498 id

231 1512 307 1551 quod
331 1521 384 1540 non
404 1510 555 1547 confitetur,
569 1509 714 1540 examinat.
731 1509 821 1539 Primo
834 1509 970 1544 confitere,

234 1551 310 1590 quod
321 1550 427 1590 gentius
441 1550 486 1586 sit,
497 1556 524 1578 et
543 1556 607 1578 tunc
627 1548 771 1588 interroga,
785 1549 841 1585 Qui
860 1555 926 1585 erat,
938 1557 971 1576 an

232 1591 280 1629 qui
304 1600 357 1619 non
371 1588 532 1618 eraffiRem
551 1598 643 1627 negas,
668 1594 694 1616 et
717 1588 799 1618 verba
819 1587 944 1627 exploras
958 1586 972 1615 ‚⁹

233 1632 322 1666 Quem
347 1638 402 1658 uon
423 1627 557 1657 confiteris
579 1626 698 1666 genitum
716 1637 783 1663 esse,
806 1638 856 1657 cur
865 1626 903 1655 de
924 1626 972 1655 illo

233 1669 404 1707 quaestionem
433 1672 538 1703 moves,
562 1666 620 1703 Qui
644 1673 709 1701 erat,
729 1667 844 1706 genitus,
867 1676 901 1694 an
925 1666 973 1705 qui

232 1718 286 1737 non
310 1707 386 1737 erat?
403 1707 526 1736 Primum
551 1716 620 1746 pone
642 1707 760 1744 genitum
781 1717 847 1743 esse,
871 1712 898 1735 et
911 1712 974 1735 tunc

234 1758 333 1786 quaere.
356 1748 489 1777 Naturam
526 1755 606 1784 negas
619 1766 633 1780 ,-
653 1752 680 1774 et
705 1746 789 1776 verba
823 1745 949 1785 exploras
960 1745 974 1774 Ρ

236 1789 335 1817 Creare
358 1794 384 1816 et
407 1786 515 1825 gignere
538 1784 657 1824 idipsum
684 1785 740 1814 est?
760 1786 904 1815 Undenam
928 1785 951 1814 F
953 1784 975 1813 i-

234 1826 307 1856 lius?
322 1826 394 1855 dicat
417 1825 517 1863 aliquis
539 1834 644 1853 eorum.
673 1824 732 1853 Nisi
754 1825 831 1864 prius
857 1824 975 1854 duorum

234 1866 300 1896 ordo
307 1865 466 1895 constitutus
477 1863 565 1904 palam
579 1863 624 1899 sit,
638 1873 764 1902 mensque
776 1871 912 1901 consonet,
921 1873 974 1892 nou

233 1916 344 1945 possum
352 1904 452 1941 dicere,
465 1902 538 1947 quod
552 1913 659 1935 cernere
671 1909 697 1931 et
717 1903 810 1933 videre
820 1914 903 1933 unum
917 1904 970 1933 sit:

944 187 1059 211 SPURIA
1066 202 1074 211 .

1018 248 1090 283 τείας
1111 250 1149 283 εἰς
1169 250 1304 290 ὓποταγὴν
1324 250 1444 291 ἔρχεται;
1466 251 1526 280 Οὔκ
1544 250 1660 287 ἤκουσας
1680 250 1789 281 Παύλου

1017 288 1154 328 λέγοντος·
1176 291 1219 329 Τῇ
1245 290 1296 330 γὰρ
1321 290 1479 329 ματαιότητι
1499 293 1517 326 ἡ
1541 291 1627 324 κτίσις
1652 291 1789 330 ὑπετάγη,

1017 328 1059 357 ὅτι
1086 329 1131 358 καὶ
1157 329 1224 365 αὐτὴ
1251 331 1268 364 ἡ
1293 330 1379 363 κτίσις
1404 330 1556 365 συστενάζει
1582 330 1628 360 καὶ
1654 331 1791 361 συνωδίνει

1017 367 1267 437 {isaiam-{¹¹
1285 369 1379 437 :15:35³
1398 369 1651 445 ῖῗρΐὲτῆψὶ
1658 370 1702 420 1²²
1721 371 1790 440 ³23³

1017 448 1123 476 ἑκοῦσα.
1142 420 1213 487 libi}
1230 419 1404 486 mimda-⁷132
1418 449 1462 488 Τῇ
1484 421 1791 489 ἄξθόιῗητῖῗῇῖαἷίηάταιῇ

1017 498 1086 521 τητα
1099 486 1177 516 αὐτὸν
1189 486 1233 516 διὰ
1245 487 1272 516 τί
1285 489 1373 524 καλεῑ;
1388 488 1572 527 Ἐκτραπέντα
1585 490 1633 524 τῆς
1643 489 1742 523 εἰκόνος
1753 492 1791 523 εἷς

1017 525 1161 564 ὁμοιότητα
1181 526 1294 565 ἀλόγων.
1310 527 1467 563 Ματαιότης
1479 528 1531 567 γὰρ
1585 527 1741 565 ταιοτήτων,
1755 529 1790 559 τὰ

1018 564 1105 594 πάντα
1119 566 1272 604 ματαιότης.
1295 566 1347 595 Καὶ
1361 569 1375 596 ὁ
1387 567 1471 596 Δαυίδ
1480 579 1487 586 ·
1501 540 1584 603 Πλῇΐ
1598 567 1633 597 τὰ
1648 567 1790 607 σύμπαντα

1019 605 1174 643 ματαιότης,
1195 610 1247 639 πᾶς
1266 605 1401 646 ἄνθρωπος
1420 608 1480 640 ζῶν.
1499 608 1543 647 Τῇ
1566 602 1610 636 οὖν
1631 607 1790 646 ματαιότητι

1017 644 1113 684 ταύτῃ,
1138 646 1176 684 τῷ
1197 644 1327 685 ἀνθρώπῳ
1349 647 1388 686 τῷ
1413 646 1611 686 παραφθαρέντι
1630 647 1715 677 ὑπετά
1770 650 1788 684 ἡ

1018 683 1111 717 κτίσις.
1121 685 1184 717 Πῶς
1195 684 1332 724 ὑπετάγη;
1344 684 1492 715 Ἀνατέλλει
1499 688 1514 715 ὁ
1521 685 1595 721 ἥλιος
1604 691 1658 720 τοῖς
1666 659 1789 724 ἀναῖἲοις,

1020 723 1142 763 βρύουσιν
1163 724 1191 752 αἱ
1205 724 1291 763 πηγαὶ
1312 729 1366 758 τοῖς
1379 726 1420 775 ἀχῖ
1452 724 1546 761 ίστοις,
1561 725 1634 765 φέρει
1646 729 1664 762 ἡ
1682 727 1717 765 γῆ
1730 726 1792 760 τοὺς

1018 762 1136 802 καρποὺς
1157 767 1211 796 τοῖς
1231 763 1392 803 ἀγνώμοσιν.
1446 764 1549 804 πετάγη
1563 760 1608 794 οὖν
1627 767 1645 801 ἡ
1659 765 1744 799 κτίσις
1755 768 1790 802 τῆ

1020 801 1188 839 ματαιότητι,
1204 804 1257 843 -οὖχ
1277 805 1381 832 ἑκοῦσα.
1401 805 1435 833 Εἰ
1449 804 1499 844 γὰρ
1519 803 1588 834 κατὰ
1606 804 1725 844 γνώμην,
1743 798 1791 835 οὒκ

1020 841 1051 870 ἂν
1064 842 1183 881 ὑπετάγη
1198 846 1252 875 τοῖς
1269 843 1382 877 ἀναξίοις
1396 845 1504 873 ἑκοῦσα·
1517 843 1586 873 ἀλλὰ
1605 843 1649 874 διὰ
1661 846 1706 874 τὸν
1721 847 1791 875 ὓπο-

1019 881 1135 915 τάξαντα
1158 881 1203 910 καὶ
1226 882 1415 911 ὑποτάσσεται.
1440 883 1516 912 notu»
1542 885 1648 920 σκοπῶ;
1673 884 1791 914 Ἐλπίδι.

1019 921 1091 960 Ποία
1101 920 1201 956 ἐλπίδι,
1211 919 1274 950 ιὈτι
1287 921 1332 950 καὶ
1344 921 1411 957 αὐτ-ὴ
1423 925 1440 958 ἡ
1453 912 1636 957 xvii-tenatur&
1644 935 1708 963 φησι
1719 925 1792 953 Παῦ-

1019 960 1072 995 λος,
1087 960 1324 1000 ἐλευθερωθήσεται
1345 961 1398 990 ἀπὸ
1413 963 1462 998 τῆς
1485 962 1603 996 δουλείας
1627 965 1675 998 τῆς
1692 966 1790 1003 φθορᾶς

1021 1000 1058 1032 εἷς
1078 999 1127 1035 τὴν
1140 999 1287 1039 ἐλευθερίαν
1307 1002 1354 1035 τῆς
1369 1000 1443 1036 δόξης
1463 1003 1516 1031 τῶν
1541 1002 1639 1031 τέκνων
1650 1005 1696 1031 τοῦ
1710 1005 1790 1033 Θεοῦ.

1021 1038 1057 1068 Ἡ
1071 1039 1156 1072 κτίσις
1168 1039 1229 1068 τότε
1242 1041 1432 1080 ἐλευθεροῦται,
1446 1041 1491 1070 καὶ
1510 1043 1524 1071 ὁ
1534 1041 1598 1075 Υἱὸς
1610 1043 1791 1072 καταδουλοῦ-

1021 1090 1081 1115 ται;
1097 1078 1238 1119 Ἐρευνᾶτε
1251 1079 1299 1113 τὰς
1311 1079 1428 1119 Γραφὰς,
1443 1079 1480 1119 μὴ
1496 1085 1682 1121 συκοφαντεῖτε
1692 1093 1699 1101 ·
1715 1083 1791 1121 ἐρευ-

1022 1122 1093 1153 νᾶτε,
1117 1118 1155 1157 μὴ
1180 1119 1443 1167 πολυπραγμονεῖτε·
1471 1121 1593 1150 ἐευνᾶτε
1610 1121 1789 1158 πιστεύοντες,

1023 1157 1060 1193 μὴ
1076 1157 1261 1197 ἀντιλέγοντες.
1276 1159 1361 1187 Ποθεν
1375 1159 1468 1197 ἔμαθες
1486 1132 1583 1199 λέγειν,
1601 1159 1638 1190 ὧν
1656 1161 1791 1200 ἐγεννήθη,

1022 1196 1040 1231 ἢ
1054 1198 1101 1226 οὐκ
1114 1196 1164 1234 ὧν,
1178 1197 1256 1226 πόθεν
1277 1197 1371 1236 ἔμαθες
1392 1198 1487 1238 λέγειν,
1503 1199 1534 1228 τὸ
1546 1202 1673 1239 γεννῆσαι
1694 1200 1740 1230 καὶ
1759 1201 1791 1230 τὸ

1022 1236 1111 1266 κτίσαι
1124 1237 1197 1277 παρὰ
1211 1239 1274 1277 Θεῷ
1286 1237 1381 1267 ταύτόν
1401 1239 1471 1275 ἐστ-ις
1485 1240 1588 1279 Πέτρος
1599 1251 1628 1269 σε
1642 1243 1727 1269 ταῦτα
1739 1240 1791 1270 ἐδί-

1022 1276 1096 1312 δαξε;
1114 1277 1222 1310 Παῦλος
1240 1277 1363 1313 ὑπέθετο;
1386 1276 1456 1307 Ἀλλ’
1477 1281 1491 1307 ὀ
1505 1279 1585 1315 Σωτὴ
1622 1282 1705 1310 ταῦτα
1726 1282 1791 1318 ἡμῖν

1021 1315 1184 1355 παρέδωκεν.
1201 1315 1342 1356 Ἀνάγνωθι
1354 1316 1403 1352 τὴν
1417 1317 1535 1357 Γραφὴν,
1553 1330 1598 1348 και
1610 1320 1732 1349 δυσωποῦ
1746 1319 1791 1349 τὸν

1021 1354 1108 1392 νόμον.
1123 1354 1200 1391 Πλὴν
1213 1355 1272 1384 οὐδὲ
1290 1352 1328 1389 οἷς
1339 1356 1410 1395 λέγει
1424 1356 1543 1396 ἐμμένει.
1558 1357 1645 1387 εὈταν
1659 1359 1711 1398 γὰρ
1725 1361 1791 1399 ἐρω-

1021 1394 1101 1434 τήσῃ,
1119 1395 1155 1423 ὢν
1178 1395 1320 1434 ἐγεννήθη,
1353 1394 1370 1430 ἢ
1391 1397 1438 1425 οὐκ
1460 1395 1510 1433 ὧν,
1529 1397 1663 1437 ψεύδεται.
1680 1398 1718 1428 Ὃ
1740 1398 1791 1438 γὰρ

1023 1434 1060 1472 μὴ
1086 1436 1208 1474 ὁμολογεῖ
1214 1457 1224 1470 ,
1248 1435 1371 1469 ἐξετάζει.
1400 1436 1512 1475 Πρῶτον
1538 1437 1717 1477 ὁμολόγησον,
1751 1438 1792 1467 ὅτι

1022 1475 1164 1513 ἐγεννήθη,
1191 1474 1237 1503 καὶ
1265 1474 1325 1503 τότε
1353 1474 1438 1514 ἐρώτα
1448 1497 1458 1511 ,
1488 1475 1524 1504 ὢν
1533 1499 1542 1513 ,
1568 1477 1585 1512 ἢ
1614 1477 1651 1516 μὴ
1679 1477 1725 1507 ὤν.
1751 1478 1791 1507 Τὸ

1023 1519 1135 1553 πρᾶγμα
1154 1514 1234 1553 ἀρνῇ,
1255 1514 1285 1543 τὸ
1306 1516 1379 1554 ῥῆμα
1395 1514 1558 1555 βασανίζεις,
1577 1516 1630 1546 Ὃν
1651 1516 1688 1556 μὴ
1715 1516 1791 1551 δίδως

1022 1555 1210 1592 γεγεννῆσθαι,
1241 1553 1333 1582 τούτου
1360 1553 1409 1590 τὴν
1435 1554 1540 1594 ἔρευναν
1567 1555 1594 1585 τί
1621 1557 1722 1592 ζητεῖς,
1745 1556 1791 1586 -ὣν

1023 1592 1165 1630 ἐγεννήθη,
1194 1591 1212 1627 ἢ
1237 1592 1274 1631 μὴ
1302 1592 1353 1630 ὤν,
1377 1593 1429 1626 Δὸς
1454 1592 1496 1622 ὅτι
1519 1595 1659 1633 ἐγεννήθη·
1687 1597 1792 1636 πρῶτον

1024 1634 1119 1667 στῆσον
1145 1631 1186 1660 ὅτι
1211 1632 1356 1670 ἐγεννήθη,
1381 1631 1426 1661 καὶ
1449 1632 1509 1662 τότε
1538 1634 1620 1670 ζήτει.
1647 1636 1723 1675 Ἀρνῆ
1743 1635 1793 1671 τὴν

1025 1670 1112 1710 φύσιν,
1131 1670 1177 1700 καὶ
1196 1670 1244 1707 τὴν
1265 1670 1335 1704 λέξιν
1358 1671 1499 1710 ἐξετάζεις;
1521 1674 1562 1703 Τὸ
1583 1675 1673 1704 κτίσαι
1694 1668 1740 1704 κἀὶ
1762 1675 1793 1704 τὸ

1024 1711 1149 1748 γεννῆσαι
1164 1710 1273 1746 ταύτόν,
1294 1710 1380 1740 Πόθεν
1394 1714 1408 1741 ὁ
1422 1711 1498 1749 Υἱός,
1511 1713 1612 1753 λεγέτω
1630 1726 1671 1748 τις
1693 1715 1790 1744 αὔτῶν.

1026 1748 1141 1799 ἘὰνΙμὴ
1153 1746 1171 1790 ’ᾖ
1182 1752 1285 1790 πρῶτον
1299 1750 1398 1790 φανερὰ
1406 1753 1429 1786 -ἡ
1441 1751 1514 1786 τάξις
1532 1756 1585 1783 τῶν
1603 1753 1662 1790 δύο,
1675 1754 1720 1784 καὶ
1733 1754 1794 1783 τότε

1025 1791 1042 1824 ἦ
1058 1789 1159 1819 διανοια
1170 1792 1310 1830 συμφωνῇ,
1323 1792 1351 1819 οὔ
1365 1790 1479 1829 δύναμαι
1492 1793 1575 1822 εἰπεῖν
1586 1793 1617 1823 τὸ
1630 1794 1694 1823 ἰδεῖν
1704 1793 1750 1824 καὶ
1762 1793 1794 1823 τὸ

1027 1828 1134 1867 βλέπειν
1143 1829 1238 1858 ταύτόν
1249 1841 1255 1847 ·
1271 1829 1299 1858 ἓν
1313 1829 1364 1870 γὰρ
1377 1827 1460 1860 εἶπον.
1473 1830 1538 1861 Ἐὰν
1552 1832 1580 1862 δὲ
1590 1833 1665 1869 εἴπω,
1678 1834 1709 1863 τὸ
1717 1835 1794 1863 ἀκοῦ-

1026 1879 1071 1897 σαι
1084 1868 1129 1898 καὶ
1148 1870 1211 1898 ἰδεῖν
1224 1868 1319 1898 ταύτόν
1338 1871 1403 1906 ἐστι,
1425 1869 1484 1899 τότε
1497 1872 1566 1901 δοκῶ
1580 1872 1614 1902 τὰ
1627 1872 1793 1912 διαφέροντα,

1027 1909 1056 1936 οὐ
1071 1907 1124 1947 μὴν
1138 1909 1183 1939 καὶ
1196 1910 1229 1947 τῇ
1243 1908 1318 1948 ὄψει,
1333 1913 1524 1949 συμφωνοῦντα
1536 1911 1563 1940 δὲ
1577 1914 1611 1947 ἰἥ
1620 1914 1686 1952 ἀκοῇ
1696 1912 1805 1951 λέγεινρ

234 1955 318 1988 unum
343 1953 459 1982 namque
471 1942 541 1971 dixi.
561 1942 591 1971 Si
612 1949 701 1986 autem
723 1941 827 1987 dixero,
841 1943 937 1988 audire
947 1950 1016 1982 τίω,
1026 1947 1067 1976 ὅτι
1080 1948 1174 1977 ταύτόν
1190 1949 1246 1978 ἐστι
1259 1947 1331 1987 παρὰ
1345 1950 1416 1978 Θεῶ.
1426 1948 1510 1979 Πόθεν
1524 1944 1648 1984 οἶδαξὸτι
1660 1952 1691 1981 τὸ
1704 1951 1793 1981 κτίσαι

233 1984 328 2014 videre
346 1993 430 2012 unum
450 1991 516 2017 esse,
527 1988 592 2010 tunc
609 1981 703 2011 Videor
718 1981 854 2022 disparata
871 1983 971 2019 dicere,
988 1991 1008 2014 Α
1026 1987 1070 2018 καὶ
1083 1986 1113 2016 τὸ
1135 1989 1259 2027 γεννῆσαι
1280 1977 1399 2028 τοιρτόνςΙ
1409 1989 1443 2018 Εἰ
1464 1989 1512 2027 μὲν
1534 1989 1586 2029 γὰρ
1605 1990 1727 2030 ἐγέννησε
1747 1991 1792 2020 χαὶ

234 2030 366 2061 quantum
381 2021 416 2051 ad
428 2021 527 2057 visum,
538 2027 709 2049 consentanca
715 2032 788 2058 vero,
797 2029 928 2060 quantum
940 2022 976 2051 ad

234 2062 357 2091 auditum
374 2072 382 2090 ι
397 2060 524 2099 quoniam
546 2060 618 2099 apud
654 2061 740 2089 Deum
769 2061 888 2101 idipsum
920 2069 970 2090 est.

234 2101 315 2131 Unde
333 2101 403 2129 nosti
427 2110 516 2128 creare
534 2105 563 2127 et
586 2099 692 2138 gignere
716 2100 835 2140 idipsum
854 2101 929 2130 esse?
943 2101 973 2131 Si

232 2140 306 2169 enim
319 2139 410 2179 genuit
428 2145 456 2167 et
468 2138 578 2174 creavit,
590 2139 674 2178 probe
688 2139 755 2168 dicis
770 2140 890 2180 idipsum
903 2151 970 2170 esse.

235 2180 338 2210 Sivrro
346 2177 494 2209 secundum
506 2184 531 2206 te
546 2187 681 2215 nunquam
711 2179 795 2215 enuit,
808 2180 853 2208 sed
861 2180 971 2214 creavit.

234 2218 369 2258 quomodo
382 2218 490 2257 gignere
510 2223 536 2246 et
559 2227 649 2245 creare
674 2189 792 2257 irfipsum
812 2219 866 2248 sit?
880 2220 973 2249 Verba

234 2259 334 2295 futilia,
349 2258 431 2287 verba
451 2267 530 2291 vana,
548 2266 639 2285 rerum
664 2258 761 2286 veritas
782 2265 894 2287 constat.
916 2260 973 2289 Cur

234 2298 304 2327 circa
327 2296 399 2326 illud
421 2296 528 2335 gignere
547 2302 572 2324 et
587 2305 676 2324 creare
698 2298 876 2335 argutantur?
889 2300 972 2335 Deus,

234 2337 370 2376 inquiunt,
384 2335 502 2375 simplex
520 2341 571 2371 est,
589 2341 617 2363 et
635 2345 689 2364 non
706 2336 775 2364 sicut
788 2346 846 2372 nos,
859 2338 906 2375 qui
924 2349 973 2377 per

255 2384 338 2406 artem
350 2376 432 2405 aliam
446 2374 470 2414 gi
491 2374 645 2414 nimus,per
656 2375 737 2403 aliam
743 2375 886 2405 condimus
893 2388 902 2414 3
915 2388 973 2406 ver-

234 2388 263 2445 fii
281 2415 374 2456 gratia,
387 2415 475 2454 genita
488 2414 549 2443 ibus
572 2414 701 2443 membris
721 2414 866 2454 gignimus,
890 2426 971 2446 manu

234 2456 385 2485 condimus.
401 2453 455 2484 Sed
468 2453 568 2483 nonita
582 2454 670 2482 Deus:
686 2453 801 2493 simplex
814 2455 884 2483 enim
898 2462 972 2486 estet

235 2496 328 2534 figurae
337 2504 434 2539 expers
447 2505 454 2521 ε
470 2499 496 2522 at
507 2503 560 2532 qun
570 2492 650 2522 modo
658 2493 755 2532 gignit,
767 2493 860 2522 eodem
868 2495 969 2525 condit.

236 2536 305 2564 Cum
317 2534 351 2563 de
374 2532 558 2562 invisibilibus
571 2531 711 2567 edisseras,
725 2532 876 2572 importuna
889 2534 935 2563 illa
947 2542 972 2564 et

237 2588 303 2607 vana
317 2576 490 2618 philosophia
503 2576 619 2612 inflatus,
630 2576 674 2607 vel
689 2586 739 2606 una
760 2588 797 2606 ex
820 2577 899 2607 rebus
914 2590 972 2617 quae

1025 2026 1122 2061 ἔκτισε,
1134 2028 1221 2060 καλῶς
1233 2026 1318 2066 λέγεις
1328 2027 1433 2056 ταύτόν.
1452 2030 1486 2058 Εἰ
1501 2028 1528 2058 δὲ
1543 2029 1675 2068 μηδέποτε
1688 2030 1794 2070 ἐγέννη-

1025 2077 1064 2102 σε,
1078 2066 1147 2095 κατὰ
1154 2067 1196 2101 σὲ,
1212 2067 1269 2095 ἀλλ’
1284 2065 1383 2102 ἔκτισε,
1399 2070 1450 2096 ποῦ
1463 2068 1494 2097 τὸ
1506 2072 1631 2108 γεννῆσαι
1643 2070 1688 2099 καὶ
1703 2069 1793 2099 κτίσαι

1024 2105 1135 2142 ταύτόν,
1149 2105 1292 2144 Ῥημάτων
1303 2106 1450 2142 κενοδοξία,
1465 2107 1571 2147 ῥήματα
1580 2108 1654 2146 κενὰ,
1667 2109 1793 2150 πραγμά-

1025 2156 1076 2173 των
1091 2146 1209 2181 ἀλήθεια.
1223 2144 1276 2174 Διὰ
1288 2145 1314 2174 τί
1336 2145 1363 2174 δὲ
1377 2146 1408 2175 τὸ
1429 2150 1568 2186 γεννῆσαι,
1587 2148 1633 2177 καὶ
1653 2149 1684 2178 τὸ
1704 2149 1793 2179 κτίσαι

1026 2185 1187 2224 σοφίζονται,
1208 2184 1242 2214 Ὁ
1262 2185 1339 2221 Θεὸς,
1360 2185 1449 2225 φησὶν,
1470 2187 1568 2221 ἁπλοῦς
1589 2190 1660 2226 ἐστι,
1679 2189 1724 2218 καὶ
1744 2190 1794 2229 οὐχ

1022 2223 1115 2264 ,ὥσπερ
1128 2227 1220 2263 ἡμεῖς·
1234 2223 1308 2263 μέρει
1321 2224 1368 2262 μὲν
1378 2228 1518 2265 γεννῶμεν,
1531 2227 1605 2267 μέρει
1616 2227 1643 2257 δὲ
1656 2228 1792 2268 κτίζομεν“

1025 2259 1088 2300 οἷον,
1101 2268 1156 2298 τοῖς
1169 2264 1217 2303 μὲν
1230 2270 1391 2302 γεννητικοῖς
1403 2269 1544 2304 γεννῶμεν,
1558 2269 1591 2302 τῆ
1607 2267 1635 2297 δὲ
1648 2268 1718 2308 χειρὶ
1734 2268 1792 2297 κτί-

1026 2304 1112 2342 ζομεν.
1127 2306 1189 2344 Οὐχ
1201 2304 1270 2333 οὕτω
1283 2303 1312 2333 δὲ
1324 2307 1338 2333 ὁ
1351 2304 1429 2340 Θεὸς,
1448 2306 1527 2346 φησίν
1536 2319 1543 2325 ·
1566 2299 1664 2340 ἅπλοῦς
1680 2307 1735 2346 γὰρ
1748 2307 1794 2336 καὶ

1026 2343 1225 2383 ἀσχημάτιστος
1236 2353 1243 2361 ·
1263 2344 1321 2373 ἀλλ’
1336 2341 1358 2384 ᾧ
1375 2344 1465 2384 τρόπῳ
1479 2351 1565 2386 γεννᾷ,
1580 2346 1665 2386 τούτῳ
1676 2346 1722 2376 καὶ
1734 2346 1794 2375 κτί-

1026 2384 1076 2416 ζει.
1092 2383 1203 2420 Ἐπειδὴ
1216 2381 1277 2423 περὶ
1291 2383 1409 2433 ἀοράτων
1425 2385 1585 2425 ἐπαγγέλλῃ,
1598 2385 1794 2425 πεφυσιωμένος

1026 2423 1077 2452 ὑπὸ
1090 2425 1137 2458 τῆς
1154 2422 1263 2463 ἀκαίρου
1281 2435 1379 2459 ταυτης
1393 2423 1437 2452 καὶ
1452 2424 1565 2463 ματαίας
1583 2425 1750 2465 φιλοσοφίας,
1766 2425 1794 2454 ἓν

1025 2464 1078 2491 τῶν
1095 2463 1234 2502 ὁρωμένων
1253 2474 1282 2492 σε
1298 2462 1432 2498 πεισάτω,
1451 2465 1491 2493 ὅτι
1510 2466 1549 2503 τῷ
1564 2466 1636 2493 αὐτῶ
1652 2464 1741 2504 τρόπω
1760 2465 1794 2494 τὰ

1026 2502 1153 2546 γενόμενα
1175 2502 1212 2541 μὴ
1233 2502 1314 2532 καλὸν
1335 2503 1383 2539 τὴν
1402 2503 1484 2538 αὐτὴν
1502 2503 1517 2533 ἔ
1535 2515 1572 2532 ειν
1583 2494 1701 2543 δύναμιν.
1720 2494 1794 2534 Aa&

1027 2545 1105 2588 χεῖρα
1119 2542 1166 2577 τὴν
1182 2542 1248 2581 ἐμὴν
1266 2542 1313 2578 τὴν
1327 2542 1494 2582 φαινομένην,
1511 2516 1553 2572 iim
1570 2543 1623 2573 ἀπὸ
1635 2545 1687 2572 τῶν
1702 2556 1793 2584 φαινο-

1030 2593 1113 2618 μενων
1134 2585 1148 2610 ὁ
1162 2581 1267 2621 ἔλεγχος
1281 2582 1369 2622 δράμῃ
1391 2585 1443 2613 τῶν
1461 2582 1589 2622 ἀοράτων.
1606 2583 1640 2613 ‘H
1654 2583 1713 2623 χεὶρ
1728 2583 1793 2619 αὕτη
