1890 2826
71 444 128 466 Cen.
150 443 185 467 18.

222 181 290 229 376

218 252 347 294 Praecepit
369 253 411 282 illi
437 253 510 281 Deus
537 257 566 280 ut
590 249 799 279 circumcidatur
825 260 888 279 cum
907 255 962 278 tota

217 300 297 330 domo
314 312 320 328 x
336 309 486 338 nomenque
499 297 572 327 Sarte
585 302 717 332 mutatur,
733 303 897 334 vocaturque
911 295 961 324 illa

555 189 584 212 S.
614 187 754 211 JOANMS
779 187 966 211 CHRYSOST.
994 187 1150 212 Ancmm‘.
1177 188 1450 213 CONSTANTINOP.

1015 251 1029 278 ὁ
1052 249 1177 289 ἅγγελος,
1192 250 1405 290 Ἰσμαὴλβαῦτὸν
1427 252 1525 281 καλῶν.
1540 250 1651 282 Ἔτεκεν
1671 254 1687 289 ἡ
1705 252 1788 294 Ἅγαρ

1014 294 1059 324 τὸν
1083 295 1197 335 Ἰσμαὴλ
1207 320 1216 333 ,
1243 297 1287 326 καὶ
1308 297 1428 337 Ἀδραὰμ
1451 298 1517 326 ἐτῶν
1537 298 1691 334 ἐνενήκοντα
1713 298 1789 328 {wia

217 348 309 376 Sarra.
322 345 426 385 Accipit
438 344 574 374 Abraham
586 341 792 382 promissionem
803 341 874 371 circa
884 342 958 371 Isaa-
977 346 996 370 c
1013 342 1222 381 μετωνομάζετο.
1243 342 1343 373 Οὐκέτι
1363 343 1415 383 γὰρ
1429 343 1535 383 Ἄδραμ
1544 366 1552 379 ,
1572 344 1642 374 ἀλλὰ
1664 345 1788 384 Ἀδραὰμ

217 403 289 421 cum.
300 396 418 432 Apparet
433 389 586 420 Abrahamo
600 387 688 417 Filius
706 387 756 417 Dei
778 398 841 417 eum
851 386 959 416 duobus

217 439 330 478 angelis,
343 446 369 468 et
386 438 424 467 ait
440 437 482 466 illi
498 437 658 465 :Revertar
668 435 708 464 all
722 440 749 464 te
767 441 892 474 tempore
904 435 960 463 isto

218 486 259 514 ad
277 486 362 514 horas
377 496 387 512 .·
398 490 426 512 et
443 482 559 512 habebit
571 481 676 522 filium
699 481 795 510 Sar-ra
807 485 957 509 uxortua.

217 531 353 560 Abraham
366 530 487 559 obsecrat
498 530 586 558 Deum
597 538 646 568 pro
658 526 792 558 Sodomis.
801 528 862 556 Duo
871 526 960 566 angeli

216 577 328 607 veniunt
349 577 384 606 ad
405 578 466 606 Lot.
481 577 613 605 Instantes
635 573 779 604 Sodomitae
800 573 960 614 perquirunt

215 634 270 660 eos,
284 631 309 653 et
321 623 508 664 percutiuntur
517 621 642 652 caecitate.
656 620 780 650 Abducto
792 626 882 649 autem
892 621 959 649 Loto

216 670 303 709 angeli
318 669 492 709 egrediuntur
503 668 585 697 domo
601 679 608 696 z
623 666 717 707 etipse
727 665 836 705 quidem
851 676 914 695 cum
925 665 958 694 fi-

215 717 303 745 liabus
316 716 408 746 salvus
419 715 538 754 confugit
551 715 578 743 in
591 714 674 752 Segor
691 725 698 741 ι
714 723 785 742 uxor
799 719 887 741 autem
901 711 958 751 ejus

215 764 281 792 sacta
291 770 330 792 est
341 763 465 792 columna
474 762 548 799 salis,
556 761 620 800 quia
630 766 701 789 retro
709 758 837 799 respexit.
844 760 884 788 Ut
895 769 958 788 vero

214 809 413 839 Sodomitarum
426 809 499 848 regio
513 808 618 837 incensa
628 813 678 843 est,
694 813 720 835 et
730 807 781 836 Lot
803 805 831 834 in
842 811 960 834 montem

214 866 242 884 se
263 855 387 890 contulit,
402 861 580 895 conceperunt
602 863 637 883 ex
659 853 708 882 illo
730 852 791 881 duae
811 851 874 880 filiae
886 851 959 891 ejus,

214 908 240 930 et
263 902 347 941 major
370 901 472 941 peperit
499 900 592 935 Moab,
616 899 710 939 junior
734 908 797 927 vero
820 897 938 926 Ammon
952 909 959 925 :

214 948 313 977 coitum
344 958 408 977 vero
430 958 492 976 cum
513 953 588 986 patre
611 956 660 985 per
689 942 825 974 ebrietatis
840 942 963 972 fraudem

215 1000 384 1032 consequutae
396 1000 458 1022 sunt
469 1016 475 1028 ,
491 991 620 1032 putabant
633 990 705 1019 enim
718 999 802 1029 genus
813 989 961 1018 humanum

214 1040 351 1069 defecisse.
368 1039 556 1079 Peregrinatus
569 1044 608 1067 est
628 1037 656 1066 in
680 1036 790 1066 Geraris
813 1035 961 1070 Abraham,

216 1092 242 1115 et
257 1085 411 1114 Ahimelech
422 1096 469 1114 rex
481 1085 647 1114 Gerarorum
659 1083 768 1112 Sarram
779 1081 897 1121 accepit:
906 1082 963 1110 Deo

216 1139 306 1162 autem
327 1132 412 1161 minas
433 1132 460 1160 in
480 1132 570 1171 ipsum
583 1130 737 1165 intentante,
753 1139 810 1158 sese
829 1127 963 1168 purgabat

217 1177 264 1206 ille
274 1177 378 1214 dicens,
393 1184 499 1217 putasse
520 1175 662 1205 mulierem
683 1174 757 1203 illam
775 1183 893 1203 sororem
905 1173 963 1213 ejus

219 1235 292 1254 esse:
307 1224 345 1254 sic
357 1225 429 1253 enim
452 1223 509 1263 ipsa
529 1222 645 1251 dixerar.
665 1220 796 1251 Reddidit
806 1230 873 1249 vcro
886 1220 963 1249 illam

220 1270 333 1299 Abrahae
346 1281 408 1299 cum
425 1269 513 1298 donis.
526 1268 604 1297 Tunc
622 1274 763 1307 postquam
785 1265 889 1295 reddita
902 1265 961 1294 fue-

217 1323 267 1353 rat,
283 1317 386 1357 peperit
396 1317 526 1346 isaacum.
537 1314 619 1354 Ejicit
632 1320 722 1343 autem
739 1313 820 1342 domo
836 1312 962 1341 ancillam

218 1374 280 1392 cum
304 1363 362 1394 filio
382 1363 440 1403 cjus
462 1361 582 1391 Ismae‘le.
598 1358 755 1389 Abimelech
766 1368 847 1398 porro
861 1357 964 1398 pepigit

218 1421 280 1439 cum
294 1409 447 1438 Abrahamo
459 1407 559 1445 foedus,
577 1413 606 1436 ut
619 1405 689 1435 nihil
705 1405 811 1445 injuriae
834 1404 904 1434 inter
917 1414 962 1433 eos

217 1456 390 1486 intercederet
402 1462 445 1485 :et
459 1454 555 1495 accipit
564 1453 610 1483 ille
619 1459 719 1492 septem
731 1461 812 1491 agnas
825 1451 860 1481 ab
874 1451 962 1481 Abra-

216 1502 307 1540 hamo,
325 1502 352 1531 in
379 1501 562 1531 testimonium
583 1499 657 1540 putei
680 1497 836 1539 juramenti,
860 1504 890 1527 ut
910 1508 962 1538 pa-

219 1548 273 1578 lam
289 1555 357 1578 esset
379 1548 459 1577 illum
481 1546 595 1576 Abrahae
613 1555 680 1575 esse.
695 1544 812 1574 anetur
826 1543 964 1573 Abraham

218 1594 308 1624 filium
329 1594 425 1624 offerre
443 1593 471 1622 in
485 1592 683 1628 holocaustum,
698 1597 725 1619 et
733 1590 824 1627 offert,
839 1589 963 1618 immola-

217 1648 314 1680 turque
325 1640 394 1670 aries
405 1650 455 1680 pro
464 1650 504 1668 eo.
517 1639 581 1669 Haec
600 1647 681 1678 porro
701 1637 790 1677 figura
808 1643 884 1665 erant
894 1646 964 1665 oeco-

218 1689 314 1717 nomia}
328 1698 410 1726 quam
423 1697 473 1727 pro
487 1685 565 1715 nobis
583 1684 786 1724 dispensaturus
805 1690 862 1712 erat
880 1682 965 1713 Chri-

220 1742 288 1764 stus.
312 1734 428 1763 Moritui·
449 1734 539 1769 Sarra,
554 1739 581 1762 et
599 1738 670 1761 emto
694 1730 753 1760 loco
773 1730 909 1759 Abraham
931 1729 965 1759 ab

1015 388 1123 424 ἐκλήθη.
1135 389 1279 418 Κελεύεται
1295 390 1346 419 ὑπὸ
1359 393 1405 419 τοῦ
1420 391 1491 419 Θεοῦ
1503 393 1698 431 περιτμηθῆναι
1711 390 1789 423 αὐτὸς

1013 434 1177 475 πανοικεσίᾳ.
1196 436 1250 465 Καὶ
1264 435 1294 465 τὸ
1308 437 1356 471 τῆς
1375 435 1465 475 Σάρας
1478 436 1561 475 ὄνομα
1575 436 1727 476 ἀμείὸεται,
1742 435 1788 466 καὶ

1014 481 1134 509 καλεῖται
1143 481 1245 521 Σάῤῥα.
1258 481 1311 511 Καὶ
1321 481 1454 521 λαμὸἄνει
1466 482 1527 522 περὶ
1537 486 1583 511 τοῦ
1596 482 1689 512 Ἰσαὰκ
1702 483 1789 522 ἐπαγ-

1013 526 1103 565 γελίαν
1115 529 1129 555 ὃ
1143 527 1271 567 Ἀὸραάμ.
1285 528 1471 568 Ἐπιφαίνεται
1484 530 1522 568 τῷ
1537 528 1657 569 Ἀδραὰμ
1672 528 1685 545 ¹¹
1696 532 1710 559 ὁ
1725 529 1788 562 Υἱὸς

1013 575 1059 601 τοῦ
1075 574 1145 602 Θεοῦ
1167 572 1235 611 μετὰ
1248 572 1293 602 δύο
1314 574 1441 613 ἀγγέλων,
1458 574 1503 604 καὶ
1517 575 1589 615 λέγει
1609 575 1675 615 πρὸς
1689 574 1767 604 αὐτόν
1780 586 1787 593 “

1014 618 1156 654 Ἐπανήξω
1173 619 1238 659 πρὸς
1253 619 1282 648 σὲ
1296 621 1364 649 κατὰ
1377 620 1421 650 τὸν
1435 620 1526 660 καιρὸν
1540 624 1631 651 τοῦτον
1645 623 1682 655 εἰς
1696 621 1766 661 ὥρας
1776 645 1784 659 ,

1013 664 1058 693 καὶ
1073 664 1124 698 ἔξει
1138 664 1193 694 υἱὸν
1208 665 1301 705 Σάῤῥα
1319 668 1336 701 ἡ
1356 666 1420 705 γυνή
1436 679 1492 696 σου.
1506 667 1628 707 ’figmata
1646 668 1729 697 δεῖται
1740 670 1787 697 τοῦ

1014 711 1084 740 Θεοῦ
1098 710 1165 751 ὑπὲρ
1185 711 1322 750 Σοδόμων.
1345 713 1380 741 Οἱ
1396 712 1441 741 δύο
1461 712 1568 752 ἄγγελοι
1580 713 1702 752 ἔρχονται
1723 713 1788 752 πρὸς

1013 756 1056 785 τὸν
1079 756 1152 786 Λώτ.
1175 757 1349 791 Ἐπιστάντες
1371 759 1396 787 οἱ
1414 760 1560 798 Σοδομῖται
1577 759 1720 795 ἐπεζήτουν
1738 760 1789 788 αὔ-

1016 802 1089 838 τοὺς,
1105 802 1150 832 καὶ
1165 804 1328 839 πλήττονται
1343 805 1463 845 ἄορασίᾳ.
1476 805 1530 834 Τὸν
1545 805 1572 835 δὲ
1586 805 1650 834 Λὼτ
1662 805 1788 839 Medum-sq

979 857 998 880 D
1015 850 1039 878 οἱ
1060 849 1166 888 ἄγγελοι
1186 849 1291 885 ἐξῆλθον
1312 852 1360 883 τῆς
1382 850 1482 884 οἰκίας·
1502 851 1548 880 καὶ
1568 851 1645 885 αὐτὸς
1667 851 1715 890 μὲν
1729 851 1788 891 ἅμα

1015 899 1073 929 ταῖς
1101 896 1246 936 θυγατράσι
1266 896 1422 931 διασώζεται
1444 899 1480 931 εἷς
1499 897 1615 938 Σηγώρ·
1633 900 1650 934 ἡ
1674 898 1702 927 δὲ
1722 898 1787 937 γυνὴ

1014 940 1105 980 γε’γονε
1119 941 1204 978 στήλη
1220 942 1281 976 ἁλὸς
1291 963 1299 978 ,
1313 942 1403 979 ἐπειδὴ
1424 943 1573 984 ἀπέὸλεψεν
1587 946 1624 978 εἷς
1642 944 1676 973 τὰ
1694 944 1788 974 ὀπίσω.

1015 987 1063 1021 Ὡς
1083 987 1111 1017 δὲ
1125 988 1273 1028 ἐνεπρήσθη
1293 991 1310 1025 ἡ
1332 990 1491 1029 Σοδομηνὴ,
1506 990 1551 1020 καὶ
1571 992 1688 1026 ἀπῆλθεν
1709 992 1746 1024 εἷς
1758 990 1790 1020 τὸ

1015 1033 1075 1073 ὄρος
1098 1033 1171 1070 Λὼτ,
1186 1034 1231 1063 καὶ
1246 1034 1389 1064 συνέλαὸον
1407 1035 1435 1070 ἐξ
1448 1038 1528 1066 αὐτοῦ
1543 1039 1570 1066 αἱ
1584 1037 1724 1076 θυγατέρες
1743 1038 1790 1066 αὖ·

1016 1082 1072 1114 τοῦ,
1090 1079 1135 1108 καὶ
1154 1082 1171 1115 ἡ
1195 1079 1243 1119 μὲν
1257 1081 1424 1121 πρεσὸυτέρα
1447 1082 1520 1112 ἔτεκε
1542 1083 1587 1112 τὸν
1607 1082 1713 1118 Μωὰὸ,
1727 1086 1745 1118 ἡ
1761 1082 1790 1112 δὲ

1017 1125 1132 1164 νεωτέρα
1154 1125 1199 1154 τὸν
1214 1125 1322 1165 Ἀμμών
1333 1138 1340 1144 ·
1361 1126 1409 1163 τὴν
1424 1126 1452 1156 δὲ
1467 1127 1535 1166 μετὰ
1547 1131 1592 1158 τοῦ
1606 1129 1705 1169 πατρὸς
1719 1127 1789 1167 μίξιν

1016 1170 1130 1210 ἔκλεψαν
1146 1173 1179 1211 τῇ
1194 1170 1261 1210 μέθῃ
1271 1183 1278 1190 ·
1292 1172 1375 1212 ᾤοντο
1388 1172 1439 1214 γὰρ
1453 1173 1483 1202 τὸ
1497 1174 1659 1214 ἀνθρώπινον
1672 1175 1790 1216 ἐκλελοι·

1015 1216 1094 1246 πέναι
1105 1215 1190 1256 γένος.
1210 1217 1377 1258 Παρῴκησεν
1391 1220 1418 1248 ἐν
1430 1220 1453 1249 Γ
1454 1219 1557 1260 εράροις
1569 1222 1583 1249 ὁ
1593 1221 1713 1261 Ἀδραὰμ
1724 1244 1731 1257 ,
1744 1221 1790 1251 καὶ

1016 1264 1031 1291 ὁ
1051 1261 1175 1302 βασιλεὺς
1196 1263 1321 1303 Γεράρων
1340 1264 1482 1305 Ἀὅιμέλεχ
1500 1266 1580 1295 ἔλαθε
1601 1266 1650 1303 τὴν
1663 1267 1789 1308 Σάῤῥαν·

982 1311 999 1334 E
1018 1308 1209 1344 ἀπειλήσαντος
1230 1310 1257 1339 δὲ
1277 1311 1349 1350 αὐτῷ
1365 1313 1410 1340 τοῦ
1429 1312 1509 1349 Θεοῦ,
1529 1314 1684 1353 ἀπελογεῖτο
1695 1314 1789 1353 λέγων,

1018 1353 1132 1394 ἀδελφὴν
1154 1356 1234 1384 αὐτοῦ
1257 1356 1420 1395 νενομικέναι
1433 1357 1482 1394 τὴν
1494 1364 1607 1398 γυναῖκα
1621 1355 1688 1390 εἶναι
1700 1372 1707 1379 ·
1721 1360 1791 1390 οὕτω

1017 1399 1068 1440 γὰρ
1081 1400 1148 1436 αὐτὴ
1160 1396 1242 1430 εἶπεν.
1255 1402 1387 1432 Ἀπέδωκε
1401 1403 1428 1433 δὲ
1441 1403 1524 1440 αὐτὴν
1538 1407 1576 1445 τῷ
1589 1405 1710 1446 Ἀδραὰμ
1722 1406 1789 1444 μετὰ

1018 1445 1120 1487 δώρων.
1136 1446 1205 1477 Τότε
1225 1449 1383 1478 ἀποδοθεῖσα
1401 1449 1486 1479 τίκτει
1499 1451 1543 1480 τὸν
1558 1451 1659 1482 Ἰσαάκ.
1674 1452 1791 1482 ’Effica-

1017 1494 1058 1522 λει
1080 1492 1108 1522 δὲ
1130 1493 1179 1529 τὴν
1204 1494 1347 1531 παιδίσκην
1360 1497 1407 1532 τῆς
1429 1496 1513 1530 οἰκίας
1532 1497 1600 1536 μετὰ
1622 1501 1668 1527 τοῦ
1683 1499 1790 1528 παιδίω

1018 1539 1143 1578 Ἰσμαήλ.
1157 1539 1192 1570 ‘O
1211 1540 1238 1570 δὲ
1253 1540 1396 1582 Ἀὸιμέλεχ
1407 1542 1508 1572 τίθεται
1527 1543 1592 1584 πρὸς
1611 1544 1656 1574 τὸν
1669 1545 1790 1586 Ἀδραδιμ

1019 1585 1159 1626 διαθήκην,
1175 1586 1244 1616 ὥστε
1266 1587 1304 1626 μὴ
1321 1589 1447 1624 ἀδικῆσαι
1463 1589 1611 1627 ἀλλήλους,
1624 1591 1669 1620 καὶ
1680 1591 1790 1631 ’λαμὸἄ-

1019 1642 1058 1660 νει
1071 1631 1139 1661 ἑπτὰ
1158 1632 1276 1671 ἀμνάδας
1289 1633 1363 1674 παρὰ
1382 1637 1427 1663 τοῦ
1441 1634 1575 1676 Ἀδραὰμ,
1594 1638 1632 1670 εἰς
1646 1637 1790 1678 μαρτύριον

1019 1680 1064 1706 τοῦ
1090 1677 1200 1718 φρέατος
1222 1682 1268 1708 τοῦ
1294 1682 1422 1720 ὁρκισμοῧ
1434 1703 1442 1718 ,
1467 1680 1510 1711 ἵνα
1532 1678 1551 1722 ᾗ
1575 1683 1653 1718 δῆλον
1679 1683 1719 1713 ὅτι
1744 1687 1790 1714 τοῦ

1019 1722 1142 1764 Ἀὅραᾶμ
1163 1725 1229 1755 ἔστι.
1248 1726 1393 1756 Κελεύεται
1406 1727 1544 1767 ἀνενέγκαι
1557 1728 1602 1758 τὸν
1615 1729 1670 1759 υἱὸν
1685 1732 1720 1763 εἷς
1732 1731 1790 1759 ὁλο-

222 1780 350 1820 Ephrone
361 1779 493 1815 Chettaeo‚
507 1778 566 1807 illic
582 1787 693 1806 uxorem
707 1776 815 1816 sepelit,
830 1776 966 1816 mittitque
973 1780 1011 1800 ³²¹
1021 1770 1168 1810 κάρπωσιν»
1188 1771 1233 1800 καὶ
1255 1772 1428 1813 ἀναφέρεται,
1442 1773 1488 1803 καὶ
1503 1774 1630 1814 σφάζεται
1648 1775 1720 1815 κριὸς
1733 1777 1789 1805 ἀπ’

222 1837 341 1863 servum,
359 1833 389 1855 ut
410 1835 522 1854 uxorem
530 1824 611 1854 ducat
622 1824 713 1852 Isaaco
726 1833 761 1852 ex
773 1823 967 1862 Mesopotomia

223 1873 380 1912 praecipiens
394 1882 427 1901 ne
448 1871 536 1900 filium
557 1880 637 1899 suum
650 1869 699 1898 illo
709 1867 803 1906 ducat,
815 1869 838 1898 si
850 1869 967 1899 noluerit

223 1921 322 1949 mulier
338 1919 440 1950 venire.
456 1920 496 1948 Ut
507 1924 597 1947 autem
616 1916 690 1946 venit
707 1926 801 1946 servus
820 1916 848 1945 in
872 1917 967 1947 urbem

224 1966 365 2002 Nachoris‚
374 1973 399 1994 et
407 1965 515 2005 signum
529 1963 615 2004 petiit,
623 1973 676 2002 quo
687 1963 819 2002 virginem
827 1963 967 2002 agniturus

224 2018 280 2040 erat
294 2023 300 2039 :
313 2012 420 2051 signum
439 2018 528 2040 autem
548 2007 620 2037 illud
638 2015 705 2044 erat,
726 2008 748 2037 si
769 2009 898 2048 praeberet
918 2009 966 2038 illa

224 2057 277 2087 sibi
288 2064 313 2086 et
327 2057 435 2086 camelis
447 2056 503 2085 suis
514 2065 611 2093 aquam
624 2053 659 2082 ad
672 2054 898 2084 bibendum:exit
909 2056 966 2085 Re-

225 2104 304 2133 becca
319 2103 376 2132 filia
389 2101 528 2132 Batbnelis
541 2099 593 2129 filii
606 2099 739 2129 Nachoris
751 2110 757 2126 :
771 2101 880 2130 Nachor
901 2111 966 2131 vero

225 2151 307 2180 frater
317 2156 373 2178 erat
393 2148 517 2178 Abrahae.
533 2148 603 2177 Cum
619 2145 734 2175 dedisset
747 2153 835 2175 autem
855 2147 911 2187 ipsa
923 2147 966 2176 illi

226 2203 253 2226 et
266 2195 374 2226 camelis
386 2194 441 2224 suis
454 2199 592 2233 potum‚et
602 2191 714 2221 dixisset
726 2193 804 2232 cujus
817 2200 883 2222 esset
897 2194 964 2226 filia,

228 2241 374 2272 introducit
384 2240 476 2270 virum
487 2246 514 2268 et
524 2238 641 2278 hospitio
654 2237 760 2277 accipit.
771 2238 827 2267 Ubi
839 2238 910 2268 dixit
921 2240 967 2270 ille

228 2288 306 2328 cujus
318 2287 358 2317 rei
377 2297 456 2316 causa
466 2285 592 2321 venisset,
608 2290 634 2313 et
655 2283 733 2323 petiit
756 2290 787 2312 ut
810 2284 861 2313 sibi
876 2285 966 2315 trade-

227 2341 302 2364 retur
315 2333 416 2374 puella,
431 2332 458 2361 id
469 2330 584 2370 virginis
593 2330 705 2359 arbitrio
717 2336 838 2369 parentes
851 2330 967 2369 relique-

1021 1817 1111 1846 αὐτοῦ.
1128 1820 1139 1832 “
1148 1818 1242 1847 Ταῦτα
1261 1818 1288 1847 δὲ
1301 1818 1379 1848 τύποι
1393 1814 1460 1855 ἦσαν
1473 1822 1521 1855 τῆς
1533 1820 1680 1859 μελλούσης
1693 1823 1792 1851 οἰκονο-

1021 1862 1083 1902 μίας
1102 1862 1153 1892 ὑπὸ
1166 1864 1283 1903 Χριστοῦ
1296 1866 1428 1894 τελεῖσθαι
1441 1866 1507 1905 ὑπὲρ
1519 1868 1606 1905 ἡμῶν.
1619 1867 1791 1904 Ἀποθνήσκει

1021 1909 1130 1950 Σάρῤα,
1141 1909 1185 1939 καὶ
1200 1910 1332 1950 ἀγοράσας
1345 1910 1426 1940 τόπον
1437 1913 1451 1940 ὁ
1465 1911 1586 1952 Ἀδραὰμ
1596 1914 1670 1954 παρὰ
1684 1914 1791 1954 Ἐφρὼν

1020 1958 1066 1985 τοῦ
1084 1956 1224 1991 Χετταίου,
1245 1957 1338 1986 θάπτει
1357 1957 1412 1986 ἐκεῖ
1425 1956 1473 1993 τὴν
1487 1963 1599 1997 γυναῖκα
1608 1983 1615 1996 ,
1630 1959 1675 1989 καὶ
1689 1960 1791 1999 πέμπει

1020 2001 1064 2031 τὸν
1087 2002 1170 2031 παῖδα
1193 2004 1286 2039 αὗτοῧ,
1307 2002 1376 2032 ὥστε
1400 2004 1614 2042 μνηστεύσασθαι
1636 2008 1675 2047 τῷ
1696 2005 1790 2037 Ἰσαὰκ

1019 2052 1132 2087 γυναῖκα
1151 2048 1204 2078 ἀπὸ
1224 2049 1447 2088 Μεσοποταμίας,
1471 2050 1652 2091 παραγγείλας
1669 2052 1707 2092 μὴ
1727 2054 1791 2083 ἀπο·

1020 2094 1133 2135 στρέψαι
1146 2095 1189 2124 τὸν
1203 2095 1258 2124 υἱὸν
1272 2096 1351 2124 αὐτοῦ
1365 2097 1435 2133 ἐκεῖ,
1451 2097 1475 2126 εἷ
1492 2097 1528 2136 μὴ
1543 2097 1663 2137 βούλοιτο
1677 2100 1760 2129 ἐλθεῖν
1771 2102 1789 2135 ἡ

1020 2141 1096 2181 γυνή.
1111 2140 1158 2174 Ὡς
1171 2140 1198 2170 δὲ
1210 2136 1288 2177 ἦλθεν
1302 2144 1316 2171 ὁ
1329 2145 1392 2174 παῖς
1410 2143 1446 2176 εἷς
1458 2142 1507 2179 τὴν
1521 2143 1598 2173 πόλιν
1612 2145 1724 2185 Ναχὼρ,
1745 2146 1791 2176 καὶ

1020 2187 1052 2217 τὸ
1061 2191 1171 2226 σημεῖον
1183 2187 1266 2227 ᾔτησε
1278 2210 1286 2224 ,
1301 2190 1359 2217 καθ’
1374 2188 1389 2218 ὃ
1403 2188 1502 2228 ἤμελλε
1513 2190 1647 2230 γνωρίζειν
1662 2191 1711 2227 τὴν
1722 2203 1791 2232 παρ-

1022 2233 1094 2263 θένον
1106 2245 1113 2252 ·
1127 2229 1159 2269 ἦν
1180 2233 1207 2262 δὲ
1221 2232 1252 2262 τὸ
1265 2238 1384 2273 σημεῖον,
1398 2239 1546 2275 παρασχεῖν
1561 2236 1663 2273 ἐκείνην
1676 2239 1748 2278 αὐτῷ
1762 2249 1791 2267 τε

1021 2280 1066 2310 καὶ
1080 2284 1137 2314 ταῖς
1150 2279 1280 2319 καμήλοις
1291 2282 1370 2310 αὐτοῦ
1383 2285 1453 2310 πιεῖν
1463 2293 1469 2299 ·
1481 2281 1616 2323 ἐξέρχεται
1630 2282 1760 2313 Ῥεὸέκκα
1772 2286 1790 2320 ἡ

1022 2327 1139 2367 θυγάτηρ
1160 2326 1282 2362 Βαθουὴλ
1304 2330 1350 2356 τοῦ
1374 2328 1431 2357 υἱοῦ
1453 2328 1555 2368 Ναχώρ
1568 2340 1574 2347 ·
1600 2331 1615 2358 ὁ
1637 2328 1664 2358 δὲ
1689 2329 1791 2370 Ναχὼρ

230 2387 302 2410 runt.
322 2379 403 2410 Illam
421 2383 582 2407 annuentem
600 2386 738 2405 assumens
752 2385 847 2405 servus
862 2376 969 2406 absces-
986 2385 1004 2407 B
1022 2378 1133 2418 ἀδελφὸς
1153 2373 1186 2414 ἧν
1209 2380 1255 2406 τοῦ
1269 2377 1406 2418 Ἀὸραάμ·
1420 2378 1502 2408 δοῢσά
1523 2390 1551 2408 τε
1572 2379 1644 2419 αὐτῷ
1662 2383 1732 2409 πιεῖν
1746 2381 1791 2410 καὶ

262 2485 276 2504 b
293 2483 370 2509 Filius
381 2482 427 2508 Dei
444 2482 488 2515 qui
504 2480 537 2506 ab
555 2479 682 2505 Abraham
697 2484 815 2511 exceptus
831 2484 881 2510 est,
893 2481 983 2514 Κύριος,

228 2525 350 2549 Dominus
358 2528 463 2554 vocatur
472 2519 566 2546 Hamil.
578 2521 609 2544 42
620 2520 645 2544 in
656 2518 746 2544 Genes.
753 2527 779 2551 p.
789 2519 846 2551 425,
855 2519 930 2543 Tom.
939 2519 983 2544 IV.

228 2565 264 2588 De
279 2563 374 2588 filiabus
382 2564 434 2588 Lot.
443 2560 507 2586 infra
514 2559 600 2593 paucis
609 2557 672 2583 dicit
680 2566 717 2588 ea,
725 2566 779 2590 quae
791 2556 903 2590 pluribus
913 2566 984 2582 enar-

229 2610 282 2629 rata
293 2609 352 2629 sunt
362 2601 455 2627 liomil.
467 2600 562 2625 inGen.
573 2598 615 2631 44,
626 2607 651 2630 p.
666 2598 722 2628 453,
738 2597 793 2622 454.

1067 2488 1078 2500 α
1095 2481 1154 2506 Haec
1165 2480 1197 2506 de
1209 2480 1331 2506 sacrificio
1341 2481 1456 2512 Abrahae,
1464 2482 1533 2516 quod
1544 2489 1598 2508 erat
1609 2482 1687 2517 figura
1698 2486 1788 2516 crucis,

1033 2520 1084 2545 sive
1104 2522 1251 2545 oecouomiae
1266 2520 1368 2553 Christi,
1381 2521 1493 2555 pluribus
1512 2521 1621 2554 explicat
1638 2523 1790 2558 Cbrysosto-

1034 2568 1089 2583 mus
1100 2560 1182 2584 Tomo
1195 2561 1241 2592 lv,
1252 2569 1277 2592 p.
1291 2561 1348 2586 478-
