1890 2826
119 678 152 698 tu

90 719 110 731 ΙΙΙ

90 742 191 768 μηνςοιιῐ

90 773 155 792 vitam

236 225 304 269 548

233 307 327 332 anuos,
350 307 473 336 regnum,
490 297 618 335 inquam,
634 296 662 325 in
684 296 893 337 profundissima
914 307 978 337 pace
998 299 1016 323 E

233 341 445 382 transigendum,
461 342 529 381 quid
542 351 591 382 pro
603 342 652 371 tali
665 342 829 381 assequendo
845 343 978 384 promisso

235 399 287 418 non
314 389 415 426 facere,
434 388 502 427 qnid
527 398 580 418 non
607 388 664 428 pati
682 388 790 418 velles?
804 389 848 419 En
876 389 976 429 igitur,

235 435 359 465 Christus
373 445 426 464 non
440 436 512 472 haec,
526 434 574 465 sed
585 435 629 465 his
646 436 725 476 longe
743 437 844 477 majora
865 436 978 476 pollicen

581 233 610 256 S.
637 234 777 257 JOANNIS
803 234 985 258 CHRYSOST.
1017 235 1170 261 ARCfflEP.
1199 237 1467 262 CONSTANTINOP-

1033 298 1060 328 τί
1071 300 1118 329 οὔκ
1130 300 1160 329 ἂν
1174 300 1240 341 ὑπὲρ
1252 301 1350 337 ταύτης
1363 301 1433 332 εἵλου
1448 305 1495 339 τῆς
1509 302 1655 338 ὑποθέσεως
1668 303 1713 334 καὶ
1726 304 1802 340 ποιῆ-

1035 357 1079 375 σαι
1093 346 1138 376 καὶ
1149 349 1258 383 παθεῖν;
1272 347 1340 378 Ἰδοὺ
1356 347 1453 386 τοίνυν,
1468 350 1482 378 ὁ
1495 349 1611 390 Χριστὸς
1629 349 1688 390 οὐχὶ
1702 352 1802 385 ταῦτα,

1035 391 1103 422 ἀλλὰ
1117 394 1208 433 πολλῷ
1222 393 1329 432 μείζονα
1349 393 1449 423 τούτων
1469 394 1672 435 ἐπαγγέλλεται.
1687 396 1728 426 Οὔ
1750 395 1805 435 γὰρ

1035 438 1094 468 ὅσον
1106 438 1194 478 γήρως
1215 439 1261 469 καὶ
1271 439 1393 476 νεότητος
1406 439 1436 469 τὸ
1456 439 1546 479 μέσον,
1570 443 1694 470 τοσοῦτον
1706 443 1803 481 φθορᾶς

236 489 289 511 tur.
305 483 365 512 Non
380 482 451 511 enim
465 489 565 520 quanta
587 489 748 513 senectutem
761 484 830 513 inter
841 490 868 512 et
877 484 978 524 juven-
1035 484 1080 513 καὶ
1093 484 1239 525 ἀφθαρσίας
1258 485 1288 514 τὸ
1302 485 1437 525 διάφορον·
1452 485 1510 515 οὐδὲ
1525 484 1585 515 ὅσον
1608 485 1743 526 βασιλείας
1756 486 1804 515 καὶ

236 536 337 567 tutem,
352 536 424 559 tanta
445 529 535 558 solum
547 536 587 559 est
600 530 670 560 inter
687 530 887 572 corruptionem
899 536 926 559 et
939 530 980 558 in·
1035 531 1138 567 πενίας,
1159 534 1283 560 τοσοῦτον
1297 533 1345 567 τῆς
1366 531 1442 567 δόξης
1465 534 1513 568 τῆς
1537 531 1673 572 παρούσης
1693 532 1739 563 καὶ
1757 534 1807 568 τῆς

237 576 436 615 corruptionem
469 575 621 606 differentia
628 589 638 616 5
661 587 748 617 neque
779 584 910 618 quantum
942 584 981 606 est
1036 576 1183 615 μελλούσης
1194 588 1201 595 ·
1216 578 1275 607 ἀλλ’
1288 578 1348 607 ὅσον
1369 577 1508 619 ὀνειράτων
1520 578 1565 607 καὶ
1579 577 1713 614 ἀληθείας.
1726 580 1806 609 Μᾶλ-

238 623 308 651 inter
320 632 433 661 regnum
453 629 479 652 et
499 630 682 663 paupertatem
704 624 864 661 discrimen,
877 630 980 653 tantum
1035 623 1080 651 λον
1103 622 1131 652 δὲ
1145 622 1218 652 οὐδὲν
1239 622 1342 653 οὐδέπω
1362 623 1470 664 εἴρηκα·
1496 624 1555 654 οὐδὲ
1576 624 1628 665 γάρ
1655 626 1712 654 ἐστι.
1729 624 1808 664 λόγος

208 669 317 698 metiam
329 676 367 698 est
381 668 449 698 inter
459 669 573 709 gloriam
584 677 739 710 praesentem
752 679 778 700 et
786 671 922 700 suturam·
935 669 982 699 sed
1036 668 1125 701 ἱκανὸς
1139 671 1311 708 παραστῆσαι
1319 669 1349 699 τὸ
1363 669 1471 710 μέγεθος
1484 672 1532 706 τῆς
1543 671 1668 711 διαφορᾶς
1680 672 1732 700 τῶν
1745 671 1805 701 ἰσο-

208 710 367 758 ξῑῳιειιῐιιιιι
383 715 452 745 inter
469 717 572 746 somnia
585 723 611 746 et
624 717 662 746 rei
679 718 829 747 veritatem.
845 718 906 746 [mo
918 726 983 746 ve1o
993 737 1029 756 ,95
1038 713 1122 752 μένων
1140 714 1205 754 πρὸς
1227 715 1261 744 τὰ
1274 714 1403 755 παρόντα.
1415 715 1517 756 Χρόνου
1531 716 1559 745 δὲ
1578 715 1674 753 ἕνεκεν,
1687 715 1746 746 οὐδὲ
1765 717 1806 745 ἐν-

185 746 218 790 iii
220 761 359 790 n-ondum
382 761 524 802 quidpiam
549 762 633 792 dixi:
649 763 742 793 nullus
768 763 870 804 quippe
896 772 983 792 sermo
1002 766 1021 787 Α
1037 762 1130 795 νοῆσαι
1143 760 1210 794 ὅλως
1223 760 1279 790 ἐστὶ
1298 761 1433 801 διαφορᾶν-
1446 762 1510 795 Πῶς
1522 761 1573 802 γὰρ
1588 761 1618 791 ἄν
1632 773 1672 795 τις
1684 761 1808 802 παραὸἄ·

239 814 325 847 potest
334 807 512 838 differentiam
527 808 602 838 illam
615 810 775 850 exprimere,
788 820 847 849 quae
862 816 900 839 est
915 810 985 838 inter
1037 808 1078 835 λοι
1098 811 1152 840 τοῖς
1176 809 1289 847 παροῦσι
1303 807 1372 844 ζωὴν
1390 807 1472 848 πέρας
1494 810 1543 838 οὐκ
1565 807 1694 848 ἔχουσαν,
1708 809 1766 844 Τῆς
1780 807 1807 837 δὲ

239 854 328 883 sutura
341 861 367 883 et
380 855 530 894 praemia.
543 855 574 885 Si
586 856 654 886 ratio
674 863 764 886 autem
775 856 905 886 habeatur
917 862 984 885 tem·
1038 852 1142 892 εἰρήνης
1157 856 1268 883 τοσοῦτο
1279 853 1310 883 τὸ
1325 853 1414 892 μέσον,
1430 853 1490 884 ὅσον
1504 853 1611 894 εἰρήνης
1631 853 1677 883 καὶ
1690 853 1808 893 πολίμου

240 901 330 940 poris,
350 901 426 930 nulla
446 901 555 931 omnino
577 909 662 942 potest
685 903 797 943 cogitari
822 902 982 932 differentia.
1038 899 1067 929 τὸ
1077 898 1216 940 διάφορον·
1231 899 1276 928 καὶ
1289 901 1336 935 τῆς
1345 902 1442 940 φθορᾶς
1454 899 1499 929 καὶ
1513 902 1561 935 τῆς
1570 899 1716 940 ἀφθαρσίας
1725 921 1734 936 ,
1747 898 1809 933 ,ὅσον

241 948 384 984 Quomodo
396 948 468 977 enim
480 948 600 979 conferre
611 949 674 988 quis
691 956 778 990 potest
790 948 967 990 praesentibus
975 971 983 983 ‚
1039 945 1126 985 βώλου
1140 946 1254 983 πηλίνης
1266 948 1280 976 ὁ
1293 946 1407 986 καθαρὸς
1418 945 1584 986 μαργαρίτης
1596 945 1722 985 ἀμείνων.
1736 946 1810 975 Μᾶλ-

241 993 323 1022 vitam
337 995 444 1024 nullum
457 995 603 1024 terminum
615 995 791 1025 habituram?
805 997 836 1026 In
857 1006 922 1035 pace
935 1005 986 1023 au-
1038 993 1084 1022 λον
1101 992 1146 1028 δὲ,
1162 991 1211 1022 ὅσα
1225 992 1256 1021 ἂν
1271 991 1334 1032 εἴπῃ
1353 1004 1407 1028 τις,
1421 991 1495 1021 οὐδὲν
1509 994 1681 1032 παραστῆσαι
1701 991 1810 1027 δυνήσε’

242 1046 295 1069 tem
312 1047 416 1070 tantum
438 1048 477 1070 est
489 1041 633 1072 discrimen
644 1064 652 1079 ,
667 1049 799 1081 quantum
813 1042 882 1071 intet-
895 1052 986 1082 pacem
1039 1050 1094 1067 ται.
1107 1037 1165 1067 Κᾶν
1176 1037 1227 1078 γὰρ
1241 1040 1279 1078 τῷ
1289 1040 1337 1074 τῆς
1351 1038 1454 1071 ἀκτῖνος
1467 1037 1616 1078 παραὸάλω
1626 1037 1696 1077 φωτὶ
1703 1037 1735 1066 τὸ
1748 1037 1810 1067 κάλ·

242 1093 267 1114 et
276 1086 397 1121 bellum;
409 1088 479 1116 inter
489 1088 689 1128 corruptionem
698 1099 762 1119 vero
772 1095 798 1118 et
809 1087 988 1128 incorruptio·
1039 1085 1084 1117 λος
1100 1085 1152 1113 τῶν
1176 1084 1236 1113 τότε
1258 1083 1399 1123 σωμάτων,
1411 1082 1462 1113 κᾶν
1476 1083 1601 1124 ἅστραπῆ
1615 1085 1648 1124 τῇ
1659 1083 1793 1124 ‹pomis-‚11
1801 1105 1810 1119 ‚

242 1142 313 1168 nem,
327 1141 457 1172 quantum
478 1134 547 1163 inter
569 1134 672 1164 luteum
686 1135 802 1165 frustum
816 1142 842 1164 et
857 1145 988 1175 gemmam
1040 1130 1113 1160 Οὖδὲν
1137 1130 1240 1160 οὐδέπω
1261 1131 1308 1166 τῆς
1332 1128 1519 1170 λαμπρότητος
1530 1128 1632 1165 ἐκείνης
1658 1127 1729 1163 ἄξιον
1749 1130 1810 1169 ἐρῶ-

244 1190 350 1219 puram.
365 1181 424 1209 Imo
435 1190 498 1209 vero
512 1181 602 1220 potius
614 1181 750 1220 quidquid
761 1181 846 1219 dicas,
861 1181 931 1210 nihil
942 1181 989 1211 de-

244 1225 345 1253 clarare
366 1225 476 1265 poteris.
491 1226 623 1262 Quamvis
636 1226 708 1255 enim
729 1237 873 1267 corporum
895 1227 988 1257 beato-

245 1282 305 1300 rum
319 1271 550 1311 pulchritudinem
563 1271 641 1301 radio
655 1272 723 1302 lucis
734 1274 879 1310 conferam,
893 1284 989 1313 quam-

244 1317 286 1346 vis
296 1316 441 1357 conspicuo
454 1317 567 1356 fulguri,
579 1317 649 1346 nihil
659 1317 708 1347 illo
719 1318 862 1358 splendore
872 1318 986 1358 dignum
1007 1325 1025 1348 B

245 1362 343 1392 dicam.
358 1364 411 1392 Pro
422 1362 466 1392 his
481 1369 551 1392 certe
562 1370 627 1402 quot
641 1373 692 1393 non
706 1364 844 1404 pecunias,
858 1371 923 1403 quot
936 1375 989 1394 non

245 1420 358 1448 corpora
373 1408 535 1449 profundere
552 1419 601 1449 par
619 1410 707 1439 esset?
719 1410 774 1439 imo
787 1417 853 1449 quot
864 1420 917 1440 non
931 1411 988 1440 ani-

245 1456 324 1485 mas?
338 1456 418 1485 Nunc
430 1466 522 1496 porr0,
538 1455 560 1484 si
572 1455 633 1494 quis
644 1462 671 1485 te
683 1456 711 1485 in
725 1457 827 1496 regiam
839 1456 991 1487 introduce·

245 1509 300 1539 ret,
317 1502 495 1541 omnibusque
507 1502 684 1543 praesentibus
697 1502 727 1532 id
739 1510 844 1533 curaret
859 1510 888 1533 ut
900 1504 989 1544 Impe-

246 1556 317 1578 rator
331 1555 356 1578 te
378 1547 571 1587 alloqueretur,
588 1555 665 1588 teque
684 1556 710 1578 et
730 1560 827 1579 mensae
849 1557 876 1579 et
890 1550 989 1580 aedium

245 1601 394 1624 consortem
421 1594 588 1630 admitteret,
612 1602 638 1624 te
662 1595 782 1625 omnium
807 1597 988 1626 beatissimum

245 1651 302 1670 esse
314 1641 500 1680 pronuntiares
517 1653 523 1668 :
537 1648 564 1670 at
580 1651 643 1670 cum
657 1641 686 1670 in
699 1642 794 1671 caelum
816 1643 854 1672 sis
866 1653 990 1672 ascensu-

245 1696 303 1723 rus,
316 1693 342 1715 et
354 1697 418 1715 cum
430 1685 490 1726 ipso
508 1686 695 1716 universorum
715 1688 878 1728 Imperatore
897 1699 989 1718 versa-

244 1739 333 1769 turus,
347 1742 410 1762 cum
431 1732 533 1772 angelis
553 1733 674 1762 vicissim
691 1733 855 1772 micaturus,
870 1741 895 1764 et
915 1735 988 1764 inac-

245 1789 317 1807 cessa
332 1778 379 1807 illa
401 1778 487 1818 gloria
500 1778 644 1815 fruiturus,
659 1779 774 1819 ambigis
786 1790 853 1810 num
864 1781 990 1821 pecunias

246 1825 407 1864 profundere
417 1832 548 1865 oporteat,
563 1836 625 1855 cum
638 1836 689 1865 par
698 1833 777 1862 esset,
792 1826 896 1856 etiamsi
908 1827 989 1857 vitam
1010 1829 1028 1853 C

246 1871 365 1900 emittere
378 1881 446 1910 opus
457 1877 536 1908 esset,
547 1871 693 1908 exsultare,
708 1872 825 1911 gaudere
837 1880 863 1902 et
876 1884 931 1913 prae
945 1884 990 1903 vo-

246 1916 349 1955 luptate
376 1916 432 1945 alas
456 1917 611 1946 assumere?
637 1919 670 1946 At
695 1924 726 1946 tu
753 1925 782 1947 ut
806 1919 990 1958 praefecturam

247 1961 415 2001 adipiscaris,
424 1972 483 2000 quae
493 1962 542 1990 tibi
553 1962 689 1992 furtorum
697 1963 847 1994 occasiones
859 1965 988 2005 praebeat:

247 2018 300 2037 non
311 2007 383 2037 enim
397 2007 426 2036 id
440 2008 547 2037 lucrum
559 2008 695 2038 vocarim:
708 2016 733 2038 et
743 2010 881 2041 facultates
892 2021 990 2052 expen-

246 2053 301 2090 dis,
316 2054 350 2082 ab
373 2054 487 2092 aliisque
506 2054 658 2091 mutuaris,
677 2065 707 2084 ac
727 2056 750 2085 si
771 2065 891 2096 oporteat
911 2059 990 2088 etiam

249 2111 360 2130 uxorem
373 2107 399 2129 et
410 2099 511 2130 liberos
523 2100 629 2140 pignori
642 2101 706 2130 dare
719 2112 772 2131 non
785 2104 897 2142 vereris,
909 2115 990 2145 regno

247 2154 337 2177 autem
349 2146 476 2176 caelorum
489 2146 539 2175 tibi
553 2147 702 2187 proposito,
713 2148 879 2189 imperioque
888 2161 991 2180 succes-

247 2193 315 2223 soris
324 2199 443 2233 experte,
450 2192 538 2232 segnis
547 2203 586 2230 es,
595 2193 707 2232 refugis,
716 2201 741 2223 et
750 2196 872 2235 pecuniis
880 2197 990 2226 inhias?

247 2250 295 2270 nec
314 2240 425 2280 cogitas,
438 2238 461 2268 si
484 2239 542 2268 caeli
561 2246 650 2279 partes
672 2239 738 2277 illae,
750 2252 817 2279 quas
839 2244 991 2284 conspicere

247 2286 379 2323 valemus,
395 2286 431 2315 ita
450 2285 582 2325 pulchrae,
597 2285 634 2315 ita
652 2286 781 2326 jueundae
797 2295 870 2324 sunt,
886 2298 990 2328 quantae

247 2340 326 2363 erunt
335 2333 394 2362 aliae
407 2333 451 2362 his
468 2332 629 2372 superiores,
645 2340 776 2372 quantum
795 2335 891 2364 caelum
905 2338 990 2367 caeli?

249 2380 301 2411 Sed
321 2380 384 2420 quia
404 2379 540 2420 corporeis
562 2379 648 2409 oculis
670 2380 727 2410 haec
739 2381 832 2411 videre
849 2384 988 2422 nonlicet,
1009 2374 1028 2397 D

248 2434 335 2457 mente
348 2425 471 2462 ascende,
485 2431 511 2455 et
523 2436 604 2464 supra
614 2425 666 2455 hoc
678 2426 774 2456 caelum
790 2434 873 2466 stans,
887 2430 989 2469 respice

247 2474 274 2502 in
295 2472 365 2502 illud
377 2472 500 2512 superius
521 2471 628 2509 caelum,
643 2471 671 2501 in
685 2472 843 2503 immensam
866 2475 989 2505 altitudi-

247 2529 318 2556 nem,
328 2520 355 2547 in
369 2518 475 2548 lucem
466 2528 637 2555 inaccessam,
651 2518 679 2547 in
691 2519 848 2559 angelorum
859 2521 986 2561 populos,

246 2566 273 2594 in
287 2565 506 2604 archangelorum
522 2563 640 2602 ordines,
655 2571 681 2594 et
694 2566 722 2595 in
736 2566 803 2596 alias
816 2566 987 2608 incorporeas

243 2612 356 2641 virtutes
370 2625 375 2640 ε
391 2622 421 2640 ae
447 2622 540 2640 rursus
565 2610 629 2640 hinc
653 2611 816 2642 descendens
842 2613 986 2654 imaginem

245 2657 320 2687 illam
340 2664 456 2687 nostram
477 2664 608 2687 terrenam
623 2657 725 2699 accipe,
739 2669 769 2688 ae
782 2657 903 2689 describe
918 2660 985 2690 mihi

1041 1176 1124 1218 Ὑπὲρ
1145 1176 1177 1213 δὴ
1194 1176 1292 1207 τούτων
1305 1176 1376 1206 πόσα
1388 1177 1436 1206 οὐκ
1458 1176 1529 1210 ἄξιον
1545 1174 1672 1216 προέσθαι
1684 1175 1813 1216 χρήματα

1041 1223 1086 1253 καὶ
1111 1223 1238 1262 σώματα;
1253 1223 1354 1262 μᾶλλον
1378 1222 1407 1252 δὲ
1428 1222 1512 1255 πόσας
1525 1222 1574 1251 οὒκ
1595 1220 1666 1255 ἄξιον
1685 1221 1812 1262 προέσθαι

1041 1269 1144 1309 ψυχάς;
1159 1271 1215 1299 Νυν
1235 1269 1278 1304 δὲ,
1292 1270 1316 1298 εἰ
1327 1268 1375 1308 μέν
1387 1268 1427 1302 τίς
1439 1279 1469 1298 σε
1481 1270 1518 1302 εἰς
1531 1267 1654 1308 βασίλεια
1667 1267 1811 1308 εἰσήγαγε,

1041 1315 1087 1345 καὶ
1098 1315 1204 1344 πάντων
1215 1314 1352 1355 παρόντων
1373 1314 1542 1354 διαλεχθῆναί
1570 1325 1612 1343 σοι
1633 1314 1679 1344 τὸν
1701 1315 1813 1354 βασιλέα

1041 1360 1223 1401 παρεσκεύασε
1235 1383 1243 1398 ,
1258 1360 1304 1389 καὶ
1324 1359 1502 1400 ὁμοτράπεζον
1517 1360 1589 1400 αὐτῷ
1604 1360 1649 1389 καὶ
1663 1359 1814 1399 ὁμοδίαιτον

1041 1407 1163 1443 ἐποίησε,
1178 1406 1282 1435 πάντων
1294 1405 1324 1435 ἂν
1339 1405 1403 1445 ἔφης
1414 1405 1510 1435 σαυτὸν
1524 1401 1591 1435 εἶναι
1605 1405 1814 1446 μακαριώτερον

1043 1455 1079 1487 εἰς
1093 1453 1119 1483 δὲ
1129 1453 1174 1482 τὸν
1191 1452 1298 1492 οὖρανὸν
1311 1451 1414 1490 μέλλων
1435 1451 1565 1488 ἀναὸἥναι
1573 1474 1582 1488 ,
1594 1452 1640 1481 καὶ
1653 1453 1717 1492 παρ’
1733 1453 1812 1482 αὐτὸν

1042 1498 1150 1528 ἑστάναι
1173 1498 1217 1528 τὸν
1241 1497 1353 1538 βασιλέα
1372 1499 1426 1527 τῶν
1448 1497 1525 1534 ὅλων,
1546 1497 1591 1527 καὶ
1613 1502 1668 1531 τοῖς
1693 1497 1815 1538 ἀγγέλοις

1043 1545 1229 1585 ἀντιλάμπειν,
1255 1545 1300 1573 καὶ
1331 1546 1379 1580 τ’ἥς
1404 1543 1547 1584 ἀπροσίτου
1572 1543 1649 1580 δόξης
1671 1544 1814 1574 ἀπολαύειν

1043 1591 1153 1629 ἐκείνης,
1166 1591 1342 1631 ἀμφιὸάλλεις
1356 1591 1380 1619 εἰ
1393 1590 1447 1620 δέοι
1459 1590 1587 1630 προέσθαι
1595 1589 1735 1630 χρήματα,
1748 1590 1814 1628 δέον,

1043 1639 1066 1667 εἷ
1083 1637 1127 1667 καὶ
1136 1637 1184 1673 τὴν
1199 1636 1268 1672 ζωὴν
1280 1635 1362 1672 αὐτὴν
1372 1636 1556 1665 ἀποδύσασθαι
1565 1636 1633 1672 ἔδει,
1643 1641 1752 1676 σκιρτᾷν
1768 1636 1814 1665 καὶ

1045 1683 1206 1723 ἀγάλλεσθαι
1218 1683 1263 1712 καὶ
1284 1684 1444 1723 πτεροῦσθαι
1458 1681 1509 1711 ὓπὸ
1529 1684 1576 1718 τῆς
1591 1682 1700 1719 ἡδονῆς;
1715 1681 1754 1712 Σὺ
1768 1682 1796 1712 δὲ
1804 1705 1814 1719 ,

1043 1729 1086 1758 ἵνα
1106 1729 1153 1769 μὲν
1176 1729 1261 1770 ἀρχὴν
1275 1728 1360 1767 λάὸῃς
1379 1728 1428 1765 τὴν
1451 1728 1619 1769 παρέχουσάν
1645 1740 1687 1758 σοι
1708 1729 1814 1758 κλοπῶν

1045 1775 1166 1816 ἀφορμὰς
1176 1776 1221 1816 (οὐ
1232 1775 1283 1815 γὰρ
1301 1775 1392 1815 κέρδος
1402 1774 1434 1803 τὸ
1454 1777 1572 1804 τοιοῦτον
1584 1774 1637 1814 ἐγὼ
1647 1773 1754 1814 καλῶ),
1769 1774 1815 1804 καὶ

1045 1822 1079 1852 τὰ
1092 1823 1154 1852 ὄντα
1177 1822 1328 1858 ἑκὸάλλεις,
1342 1821 1388 1851 καὶ
1402 1820 1436 1851 τὰ
1457 1820 1553 1861 ἑτέρων
1576 1821 1778 1860 δανεισάμενος,
1791 1823 1814 1851 εἰ

1045 1868 1115 1904 δέοι,
1130 1868 1175 1898 καὶ
1188 1867 1236 1904 τὴν
1248 1871 1359 1907 γυναῖκα
1372 1865 1462 1896 καὶτὰ
1474 1866 1554 1896 τέκνα
1565 1866 1708 1897 ὑποθέσθαι
1722 1868 1752 1897 οὗ
1762 1878 1814 1896 κα-

1045 1918 1157 1951 τοκνεῖς,
1171 1915 1219 1949 τῆς
1235 1913 1262 1943 δὲ
1277 1913 1412 1953 βασιλείας
1425 1915 1477 1942 τῶν
1491 1913 1608 1952 οὐρανῶν
1622 1912 1817 1953 προκειμένης,

1045 1962 1092 1996 τῆς
1106 1959 1199 1990 οὐδένα
1220 1959 1341 1999 διάδοχον
1359 1958 1472 1999 ἐχούσης
1486 1960 1585 1999 ἀρχῆς,
1597 1961 1680 1992 ὀκνεῖς
1691 1959 1737 1988 καὶ
1747 1960 1814 1988 ἀνα-

1046 2006 1093 2044 δύῃ
1108 2007 1154 2037 καὶ
1169 2006 1236 2047 πρὸς
1247 2005 1376 2046 χρήματα
1389 2004 1520 2045 κέχηνας;
1533 2004 1579 2034 καὶ
1591 2006 1639 2034 οὐκ
1649 2005 1758 2041 ἐννοεῖς,
1773 2004 1816 2035 ὅτι

1044 2055 1067 2083 εἶ
1087 2052 1121 2082 τὰ
1142 2052 1207 2092 πρὸς
1228 2054 1300 2091 ἡμᾶς
1313 2053 1359 2080 τοῦ
1373 2052 1483 2091 οὐρανοῦ
1497 2050 1565 2091 μέρη
1586 2050 1656 2080 οὕτω
1679 2051 1749 2081 καλὰ
1769 2051 1815 2081 καὶ

1044 2098 1143 2138 τερπνὰ
1153 2122 1160 2135 ,
1172 2097 1254 2134 ἡλίκα
1271 2097 1304 2127 τὰ
1316 2096 1454 2133 ἀνώτατα,
1467 2097 1513 2126 καὶ
1526 2099 1541 2126 ὁ
1554 2099 1599 2126 τοῦ
1613 2099 1722 2137 οὐρανοῦ
1733 2099 1814 2138 οὐρα-

1044 2145 1102 2181 νός,
1117 2144 1186 2174 Ἀλλ’
1201 2142 1293 2179 ἐπειδὴ
1309 2146 1468 2181 σωματικοῖς
1489 2143 1632 2183 ὀφθαλμοῖς
1645 2146 1730 2173 ταῦτα
1749 2145 1814 2173 ἰδεῖν

1044 2191 1092 2220 οὐκ
1103 2190 1184 2226 ἔστιν,
1196 2189 1308 2225 ἀνάὸηθι.
1321 2190 1360 2228 τῷ
1373 2190 1493 2228 λογισμῷ
1501 2211 1510 2225 ,
1528 2189 1573 2218 καὶΙ
1597 2189 1663 2229 ὑπὲρ
1682 2190 1727 2219 τὸν
1736 2191 1814 2230 οὖρα-

1045 2237 1086 2266 νὸν
1107 2239 1199 2266 τοῦτον
1220 2235 1296 2270 στὰς,
1307 2234 1455 2274 ἀνάὸλεψον
1468 2236 1504 2268 εἰς
1519 2237 1616 2265 ἐκεῖνον
1635 2235 1680 2265 τὸν
1691 2236 1814 2276 ἀνωτέρω

1043 2282 1136 2312 τούτου
1150 2281 1270 2322 οὐρανὸν,
1283 2283 1320 2314 εἷς
1332 2280 1364 2311 τὸ
1377 2279 1440 2321 ὕψος
1453 2280 1484 2310 τὸ
1494 2281 1612 2321 ἄπειρον,
1625 2283 1662 2315 εἰς
1674 2282 1706 2311 τὸ
1719 2284 1772 2322 φῶς
1783 2282 1814 2312 τὸ

1045 2328 1196 2369 ἀπρόσιτον,
1206 2330 1243 2361 εἷς
1255 2326 1315 2361 τους
1331 2327 1429 2366 δήμους
1443 2329 1495 2357 τῶν
1507 2326 1637 2367 ἀγγέλων,
1652 2329 1690 2361 εἰς
1703 2327 1750 2362 τὰς
1767 2328 1814 2357 τα’-

1045 2375 1095 2409 ξεις
1112 2377 1165 2405 τῶν
1187 2373 1368 2415 ἀρχαγγέλων,
1383 2375 1420 2408 εἷς
1442 2373 1488 2407 τὰς
1513 2374 1595 2407 ἄλλας
1618 2373 1741 2412 δυνάμεις
1765 2374 1814 2408 τὰς

1043 2421 1214 2460 ἀσωμάτους·
1225 2421 1270 2450 καὶ
1292 2420 1372 2449 πάλιν
1394 2420 1522 2450 ἑπιλαὸοῧ
1541 2421 1590 2455 τῆς
1612 2421 1675 2460 παρ’
1689 2422 1753 2458 ἡμῖν
1774 2422 1813 2450 εἰ-

1043 2467 1129 2503 κόνος,
1145 2466 1264 2500 zarae&
1281 2466 1387 2502 ἄνωθεν,
1401 2466 1447 2495 καὶ
1468 2465 1619 2506 ὓπόγραψόν
1636 2477 1682 2504 μοι
1694 2466 1729 2495 τὰ
1751 2467 1812 2507 περὶ

1041 2513 1086 2543 τὸν
1098 2513 1210 2552 βασιλέα
1223 2513 1267 2543 τὸν
1275 2513 1318 2543 ἐπὶ
1329 2515 1387 2552 γῆς,
1394 2509 1456 2549 οἷον,
1465 2512 1560 2553 ἄνδρας
1568 2516 1809 2553 χρυσοφοροῦντας,

1040 2559 1085 2588 και
1101 2561 1190 2599 ζεῦγος
1208 2561 1309 2589 λευκῶν
1323 2559 1439 2598 ἡμιόνων
1453 2560 1545 2599 χρυσιῖι
1569 2560 1808 2599 καλλωπιζομένων

1040 2610 1084 2639 καὶ
1098 2610 1188 2651 ὄχημα
1203 2610 1398 2645 λιθοκόλλητον,
1412 2609 1457 2639 καὶ
1471 2609 1573 2639 πέταλα
1586 2609 1671 2650 τούτῳ
1683 2610 1810 2649 περισειό-

1041 2672 1123 2699 μενα,
1145 2659 1189 2689 καὶ
1208 2659 1350 2699 δράκοντας
1374 2660 1401 2688 ἐν
1427 2659 1542 2698 ἱματίοις
1566 2659 1810 2700 σχηματιζομένους
