1904 2840
213 201 281 249 762

794 199 877 231 or'us
903 206 1139 231 mrearnc'run

211 276 324 304 nistrant
336 271 503 308 hominibus,
517 280 584 310 quos
595 271 670 309 Deus
681 279 734 299 uon
745 269 780 300 ad
793 269 954 308 obsequium
970 271 991 295 Α
1010 267 1110 298 reversi
1121 274 1203 297 suut:
1221 272 1251 298 ut
1271 266 1354 297 istum
1368 254 1497 296 haberent
1510 275 1600 305 regem
1621 264 1752 295 eaelestem

212 313 364 349 homiuum,
376 311 423 341 sed
443 310 479 340 ad
498 321 578 347 suum
590 309 702 346 creavit,
711 308 779 348 quid
789 314 917 348 magnum
931 308 954 338 si

212 352 368 382 hominihus
383 351 512 380 elementa
521 349 749 388 ministrant3quae
755 355 864 389 propter
871 347 955 378 homi-

213 403 259 421 nes
271 398 333 421 sunt
339 391 444 420 creata?
457 391 519 420 Haec
526 389 675 425 audientes,
685 387 800 428 gaudere
811 398 860 417 nos
875 398 955 427 opor-

144 445 204 462 xm
213 439 249 461 tet
262 431 361 476 pariter
375 437 399 459 et
410 430 514 466 timere,
529 429 592 468 quia
603 435 702 467 quanto
715 428 815 472 majora
827 426 956 457 beneficia

214 471 370 500 hommibus
381 476 443 499 sunt
454 469 609 505 constituta,
625 474 697 498 tanto
709 477 834 507 gravxora
845 476 957 507 peccan-

213 509 400 550 tibusjudicia
412 515 474 538 sunt
489 514 646 548 praeparata.
672 507 708 537 Et
733 506 804 537 stetit
818 517 899 546 super
910 516 956 535 ca-

215 557 263 589 put
277 549 366 589 pueri,
378 548 457 587 quasi
465 547 570 584 dicens,
581 547 632 578 Hie
641 553 691 580 est,
706 553 736 576 ut
746 546 811 585 quia
821 544 957 583 loquendo

214 595 362 618 monstrare
376 598 428 617 non
443 594 555 628 poterat,
565 585 660 617 stando
669 592 837 615 monstraret.
853 585 899 615 10.
915 586 958 615 Et

213 629 347 658 videntes
369 627 497 662 stellam,
516 627 611 667 gavisi
630 632 699 656 sunt
721 625 829 666 gaudio
851 635 957 664 magno

215 669 325 697 valde:
340 667 404 706 quia
414 666 542 698 videlieet
554 676 616 712 spes
633 665 744 695 illorum
763 675 816 694 non
827 670 886 694 erat
906 663 957 694 de-

216 708 302 747 cepta,
315 707 362 736 sed
375 706 494 746 amplius
506 706 672 741 confirmata,
690 703 763 743 quod
777 705 844 733 tanti
853 703 958 733 itineris

217 757 268 775 non
283 748 340 776 sine
352 757 430 776 causa
443 751 616 790 susceperunt
629 745 759 774 laborem.
769 743 873 774 Indicio
886 743 958 772 enim

216 787 299 815 stellae
320 786 358 816 sic
379 792 542 815 occurrentis
560 784 612 814 sibi
626 783 775 814 secundum
793 790 846 813 tem
867 793 899 813 us
920 782 959 812 in-

216 825 383 865 telligebant,
396 825 460 863 quia
479 823 611 853 divinitus
622 823 661 852 eis
676 822 801 853 nativitas
825 822 846 851 il
858 833 873 851 a
888 822 959 862 regis

217 872 256 894 cst
278 871 392 894 ostensa.
413 864 468 894 *Εἰ
481 874 529 903 per
548 862 705 903 mysterium
718 862 803 892 stellae
824 861 909 891 intelli
930 872 959 891 e-

216 905 292 940 bant,
306 904 434 942 quoniam
445 903 562 943 dignitas
574 910 637 932 tunc
651 902 707 932 nati
725 902 796 941 regis
817 900 915 930 excede
951 908 962 931 t

217 954 368 973 mensuram
383 942 505 972 omnium
523 941 704 971 mundialium
722 951 817 980 regum
833 953 840 969 :
856 950 962 971 necesse

218 984 288 1012 enim
302 990 369 1017 erat,
385 990 414 1012 ut
427 981 614 1021 gloriosiorem
631 987 755 1021 putarent
767 991 856 1019 regem
867 980 960 1016 illum,

217 1033 298 1060 quam
312 1022 428 1057 stellam,
450 1022 494 1051 cui
508 1021 586 1050 stella
595 1021 633 1049 sie
644 1020 740 1050 devote
751 1019 958 1058 obsequebatur.

218 1063 273 1091 Aut
290 1061 427 1101 quomodo
441 1071 492 1090 non
506 1060 644 1091 crederent
657 1060 682 1089 ei
696 1059 850 1089 subdendos
871 1059 960 1088 homi-

218 1111 274 1137 neS,
295 1101 339 1130 cui
358 1101 437 1130 etiam
451 1100 509 1129 caeli
524 1106 678 1129 ornamenta
696 1098 803 1128 subdita
819 1109 875 1129 esse
886 1097 962 1128 vide-

217 1140 299 1169 bant?
313 1147 359 1169 aut
373 1139 509 1178 quomodo
522 1146 627 1179 poterat
640 1139 668 1167 ei
678 1146 749 1168 terra
764 1149 821 1168 esse
840 1138 960 1174 rebellis,

218 1180 263 1208 cui
276 1180 456 1208 famulabatur
469 1185 494 1208 et
508 1178 621 1208 eaelum?
636 1180 647 1207 1
658 1180 667 1207 1
678 1200 685 1207 .
701 1179 743 1207 Et
755 1180 899 1207 intrantes
910 1179 963 1207 do-

220 1229 309 1255 mum,
330 1220 469 1248 viderunt
486 1228 607 1257 puerum
623 1224 650 1246 et
666 1223 788 1247 matrem
811 1219 883 1256 ejus.
909 1217 963 1248 Vi·

219 1257 330 1286 deamus
354 1257 420 1295 quid
441 1257 493 1286 tale
515 1257 663 1296 gloriosum
684 1256 806 1286 videntes
827 1256 855 1285 in
877 1267 962 1300 puero

219 1297 304 1335 gavisi
324 1303 402 1331 sunt,
423 1296 469 1335 qui
491 1306 579 1334 regem
604 1302 751 1334 quaerentes
771 1295 838 1324 tanti
858 1295 962 1325 itineris

219 1342 392 1375 susceperunt
403 1336 519 1365 laborem
527 1335 540 1363 Ρ
547 1334 688 1373 Numquid
694 1333 821 1363 viderunt
831 1334 962 1373 palatium

219 1375 399 1404 marmoribus
412 1374 602 1414 splendidum?
622 1373 756 1412 numquid
770 1380 884 1403 matrem
903 1374 961 1413 ejus

219 1414 369 1443 diademate
382 1421 544 1450 coronatam,
567 1420 613 1443 aut
634 1413 661 1442 in
675 1412 744 1442 lecto
757 1423 838 1442 aureo
853 1423 962 1442 recum-

1008 311 1158 341 animarum
1172 322 1293 348 suarum,
1307 310 1389 341 illum
1402 317 1491 340 autem
1506 317 1644 340 terrenum
1655 319 1752 349 corpo·

1007 365 1068 384 rum
1080 365 1202 384 suorum.
1221 356 1263 385 Et
1281 355 1480 384 adoraverunt
1497 364 1575 383 eum.
1589 354 1671 383 Putas
1684 352 1753 383 ado-

1008 406 1110 428 rassent
1139 398 1266 428 infantem
1290 408 1344 428 non
1369 398 1562 438 intelligentem
1590 396 1754 427 adorationis

1009 443 1147 481 honorem,
1157 442 1209 472 uisi
1221 441 1326 481 aliquid
1335 439 1460 472 divinum
1473 441 1648 471 credidissent
1656 440 1689 470 'in
1700 439 1754 470 eo?

1009 486 1084 525 Ergo
1097 496 1149 516 non
1163 486 1289 526 pueritiae
1302 485 1459 526 detulerunt
1471 483 1692 515 honorem-nibil
1713 483 1756 514 in-

1007 528 1150 570 telligenti,
1159 529 1348 560 seddivinitati
1354 529 1411 570 ejus
1420 530 1511 559 omnia
1520 526 1756 569 cognoscentis&

1009 580 1035 602 et
1047 573 1162 612 qualitas
1175 573 1234 614 ipsa
1245 583 1389 604 munerum
1401 573 1554 604 oblatorum
1564 571 1756 602 testificabatur

1006 627 1038 646 eo
1065 627 1147 656 quam
1153 617 1215 646 dam
1245 613 1347 647 divinit
1353 618 1404 646 atis
1420 615 1631 649 'aestimationem
1657 614 1757 645 babere

1009 661 1044 691 de
1055 671 1150 701 puero.
1166 661 1286 700 Apertis
1299 663 1378 690 enim
1398 662 1542 691 thesauris
1558 662 1630 695 suis,
1645 659 1758 689 obtule-

1010 709 1079 732 runt
1091 704 1119 731 ei
1140 713 1272 740 munera,
1294 713 1408 738 aarum,
1431 704 1510 741 thus,
1529 707 1558 731 et
1582 701 1734 738 myrrham
1747 711 1756 728 e

1011 741 1083 772 adim
1105 742 1188 772 lentes
1207 743 1326 781 gentium
1341 743 1369 771 in
1384 743 1494 773 Christo
1515 741 1719 777 confessionem,
1733 746 1759 769 et

1012 792 1080 827 prop
1101 782 1180 811 etiam
1199 782 1336 822 impletam
1358 782 1539 822 significantes
1558 780 1647 811 Esaiae
1667 779 1760 808 dieen-

1015 827 1067 850 tis:
1081 822 1198 857 Omnes,
1211 833 1261 861 qui
1274 828 1342 850 sunt
1355 823 1388 851 in
1400 822 1496 858 Saba,
1511 823 1759 856 venient,aumm
1769 822 1904 847 Emi.60.61

976 871 995 894 B
1013 860 1184 907 osfefentes,
1199 867 1227 889 et
1238 861 1368 901 lapitlem
1377 863 1546 901 pretiosum,
1557 860 1687 890 salutare
1698 859 1759 888 Do·-
1769 862 1793 885 7·

1012 902 1085 928 mim
1099 901 1345 941 evangelizantes,
1355 907 1383 930 et
1395 912 1439 930 om
1444 910 1494 929 nes
1504 910 1571 929 oves
1582 900 1678 930 cedar
1687 909 1759 928 con-

1013 941 1221 979 gregabuntur,
1237 946 1265 969 et
1278 942 1384 969 arietes
1398 940 1549 970 Nabaioth
1561 940 1692 975 venient,
1708 941 1760 978 qui

1014 985 1042 1008 ει
1066 989 1083 1007 ο
1090 979 1194 1020 serent
1216 980 1410 1019 acceptabilia
1433 989 1520 1019 super
1541 979 1637 1008 altare
1664 985 1756 1008 tuum.

1000 1055 1001 1058 Ἴ
1014 1019 1069 1048 Con
1083 1019 1160 1048 eslim
1179 1026 1268 1048 autem
1281 1026 1478 1058 cognoscentes,
1492 1025 1518 1047 et
1539 1018 1685 1059 aperientes
1699 1017 1758 1046 the-

1015 1068 1107 1087 sauros
1119 1069 1193 1095 suos,
1209 1069 1326 1098 congrua
1339 1058 1463 1099 gentibus
1477 1058 1504 1087 in
1518 1058 1626 1090 Christo
1639 1067 1688 1097 per
1701 1057 1759 1097 ipsa

1009 1096 1085 1137 ,dona
1098 1098 1271 1128 ostenderunt
1279 1098 1452 1128 oblationem.
1469 1099 1569 1137 Regem
1578 1097 1650 1126 enim
1659 1107 1759 1136 eogno—

1015 1145 1116 1166 scentes
1136 1148 1210 1174 eum,
1253 1137 1381 1167 rimitiam
1402 1137 1541 1173 mundam,
1563 1143 1590 1166 et
1615 1136 1759 1176 pretiosam

1015 1184 1180 1214 sanctorum,
1209 1148 1263 1206 sibi
1293 1187 1392 1206 aurum
1415 1176 1562 1217 repositum
1589 1175 1756 1205 obtulerunt.

1015 1216 1147 1246 Divinum
1166 1223 1254 1246 autem
1273 1224 1300 1247 et
1324 1216 1427 1246 caeleste
1451 1215 1641 1256 intelligentes⁴
1674 1214 1760 1245 rinei-

1015 1255 1092 1295 pium
1114 1257 1172 1296 ejus
1181 1278 1190 1292 ‚
1205 1256 1288 1285 libani
1310 1256 1467 1286 obtulerunt
1491 1255 1599 1286 odorem
1608 1277 1619 1290 ‚
1656 1265 1760 1284 ormam

1014 1294 1122 1324 mundae
1136 1295 1264 1324 orationis
1281 1296 1308 1324 in
1322 1295 1433 1326 odorem
1446 1306 1557 1325 suavem
1570 1294 1690 1335 Spiritus
1699 1304 1760 1323 san-

1015 1333 1050 1362 cti
1063 1334 1168 1363 oblatae.
1185 1335 1336 1364 Humanam
1347 1332 1436 1364 autem
1445 1342 1471 1364 et
1483 1334 1656 1375 temporalem
1717 1333 1762 1363 td-

1014 1379 1102 1402 turam
1110 1374 1168 1412 ejus
1175 1373 1365 1413 intelligentes,
1375 1374 1531 1404 obtuleruut
1537 1373 1687 1414 myrrham.
1722 1382 1760 1402 aee

1014 1418 1103 1441 autem
1116 1412 1165 1441 etsi
1180 1419 1245 1442 tune
1253 1423 1306 1442 non
1314 1413 1500 1451 intelligebant
1511 1423 1554 1443 ma
1575 1412 1596 1448 i,
1610 1411 1760 1442 secundum

218 1454 343 1483 bentem?
357 1453 493 1493 numquid
503 1463 617 1493 puerum
631 1463 697 1482 auro
710 1459 736 1482 et
747 1461 869 1497 purpura
881 1452 959 1482 invo-
977 1458 997 1483 c
1034 1451 1093 1480 uale
1106 1452 1265 1492 mysterium
1281 1453 1332 1482 ista
1345 1453 1516 1492 gerebantur,
1530 1462 1565 1483 ve
1592 1450 1660 1490 quid
1673 1450 1759 1490 signi-

218 1493 330 1522 lutum?
343 1492 477 1532 numquid
497 1493 587 1521 aulam
608 1492 710 1531 regiam
726 1491 840 1522 diversts
872 1492 962 1531 opulis

219 1533 424 1572 personantem?
434 1532 488 1562 Sed
498 1531 565 1570 quid
573 1531 587 1560 Ρ
596 1530 781 1561 pandochium
791 1537 851 1560 tene
871 1541 962 1561 rosum

219 1579 244 1601 et
265 1571 417 1608 sordidum,
439 1578 465 1601 et
488 1571 574 1610 magis
591 1570 754 1600 animalibus
773 1581 854 1608 quam
871 1570 960 1600 homi-

219 1612 300 1641 nibus
316 1618 424 1650 aptum:
439 1611 467 1640 in
487 1621 540 1649 qno
560 1620 638 1639 nemo
658 1617 797 1639 contentus
817 1617 873 1639 erat
886 1620 960 1640 sece—

219 1651 293 1688 dere,
320 1651 371 1680 nisi
396 1650 500 1680 itineris
524 1650 677 1679 necessitate
703 1656 821 1679 coactus.
846 1651 962 1679 Matrem

218 1692 276 1730 ejus
290 1690 337 1720 vix
356 1690 474 1719 tunicam
488 1700 569 1718 unam
582 1689 734 1724 habentem,
756 1699 809 1718 non
825 1689 862 1719 ad
881 1700 961 1719 orna-

219 1738 338 1759 mentum
361 1730 494 1769 corporis=
516 1728 563 1758 sed
581 1728 616 1757 ad
630 1735 813 1768 tegumentum
832 1729 963 1758 nuditatis

218 1769 508 1809 p1·o[icientem,-quam
519 1768 619 1797 habere
630 1774 732 1807 poterat
742 1778 811 1797 uxor
823 1775 965 1809 carpenta-

220 1809 264 1843 rii,
278 1816 302 1838 et
315 1809 372 1837 baec
388 1809 415 1837 in
435 1818 544 1848 peregre
558 1808 712 1836 constituta.
728 1809 846 1837 Puerum
865 1808 961 1848 pannis

219 1848 410 1877 sordidissimis
425 1847 588 1883 involutum,
607 1853 632 1875 et
649 1846 677 1875 in
692 1846 842 1876 sordidiore
854 1858 961 1887 quoque

218 1888 347 1927 praesepio
366 1887 503 1927 positum:
519 1886 583 1924 quia
598 1885 673 1915 locus
687 1886 735 1915 ille
755 1886 793 1915 sic
806 1894 861 1916 erat
874 1897 960 1927 angu-

218 1934 286 1963 stus,
302 1934 331 1956 ut
343 1937 389 1965 nec
400 1925 519 1966 ponendi
530 1925 656 1954 infantem
669 1926 785 1964 spatium
798 1926 958 1956 invenirent.

218 1967 247 1995 Si
262 1977 324 2005 ergo
339 1976 428 2004 regem
446 1972 582 1994 terrenum
601 1972 758 2003 quaerentes,
782 1965 820 1994 sie
841 1966 960 1996 invenis-

217 2012 286 2042 sent,
305 2006 390 2044 magis
409 2003 590 2034 confundendi
608 2004 713 2033 fuerant
730 2015 812 2043 quam
828 2005 958 2044 gavisuri,

217 2045 279 2082 quia
290 2045 355 2074 tanti
366 2044 469 2073 itineris
479 2043 598 2073 laborem
608 2043 664 2072 sine
675 2054 753 2073 eausa
765 2044 957 2084 suscepissent:

216 2094 288 2114 nunc
301 2090 389 2113 autem
409 2083 472 2121 quia
486 2083 616 2112 caelestem
630 2093 719 2121 regem
732 2084 896 2122 quaerebant,
910 2085 958 2114 etsi
976 2091 995 2115 Ι)

216 2123 286 2152 nihil
306 2122 395 2161 regale
416 2122 542 2152 videbant
557 2122 583 2150 in
598 2132 640 2157 eo,
664 2129 748 2162 tamen
769 2123 854 2153 solius
876 2124 959 2153 stellae

216 2162 367 2192 testimonio
384 2161 500 2191 contenti
515 2161 675 2200 gaudebant.
693 2162 773 2191 Oculi
790 2174 884 2192 eorum
897 2174 959 2193 con-

217 2202 375 2231 temtibilem
391 2211 507 2241 puerum
528 2200 647 2240 aspicere
667 2211 719 2229 non
739 2208 872 2241 poterant,
894 2203 958 2241 quia

217 2242 327 2281 spiritus
344 2241 464 2270 in·c0rde
484 2251 576 2269 eorum
588 2240 736 2269 terribilem
754 2252 815 2270 eum
829 2249 959 2271 monstra-

216 2281 271 2310 bat.
289 2281 386 2311 Adhuc
403 2287 491 2310 autem
505 2279 528 2309 si
542 2279 619 2318 quasi
638 2287 775 2309 terrenum
793 2291 881 2320 regem
895 2292 957 2311 eum

215 2321 385 2359 quaesissent‚
415 2319 579 2350 invenientes
609 2320 670 2348 eum
702 2319 776 2359 apud
801 2321 890 2361 ipsum
913 2332 956 2350 re-

216 2361 382 2396 mansissent,
405 2360 475 2389 sicut
493 2369 562 2398 saepe
582 2358 640 2388 fieri
661 2358 728 2388 solet
749 2359 776 2388 in
795 2360 904 2397 saeculo,
928 2368 958 2390 ut

215 2401 325 2440 proprio
351 2410 412 2440 rege
437 2399 541 2433 relicto,
567 2398 703 2428 conferant
728 2409 756 2427 se
776 2398 811 2428 ad
829 2399 954 2429 alterum.

214 2441 293 2469 Nunc
316 2446 405 2469 autem
424 2446 450 2468 et
466 2438 539 2468 hunc
562 2438 751 2474 adoraverunt,
770 2445 796 2467 et
819 2438 855 2467 ad
876 2449 955 2468 suum

247 2540 257 2551 τ·
276 2531 346 2557 Editi
358 2533 383 2556 in
393 2540 472 2565 marg.
484 2537 509 2556 et
521 2532 551 2556 V.
565 2532 596 2557 D.
606 2531 643 2556 Et
651 2539 696 2565 per
705 2531 865 2555 ministerium
879 2531 968 2555 stella».

248 2573 259 2584 ⁸
279 2572 348 2603 [cfr.
361 2572 523 2604 Programma
534 2570 595 2595 illud
606 2571 654 2596 viri
664 2570 804 2596 doctissimi
815 2571 839 2595 J.
848 2569 968 2603 C.Thilo,

215 2610 342 2635 laudatum
355 2619 428 2642 supra
442 2619 465 2642 p.
481 2611 542 2641 759,
551 2615 605 2635 not.
615 2609 643 2641 ⁸²]

1034 1498 1103 1520 caret
1117 1491 1327 1531 unumquodque
1346 1502 1445 1522 munus
1461 1502 1568 1526 eorum,
1582 1490 1655 1520 nihil
1672 1496 1760 1520 tamen

1013 1530 1178 1560 contrarium
1190 1538 1239 1560 est.
1254 1531 1350 1567 Gratia
1362 1531 1511 1571 enim,qu:e
1525 1531 1587 1560 illos
1599 1530 1658 1559 haee
1670 1530 1760 1562 omnia

1012 1569 1098 1599 facere
1121 1570 1290 1607 hortabatur,
1312 1577 1338 1601 et
1359 1571 1418 1612 ipsa
1438 1569 1609 1601 ordinaverat
1634 1569 1759 1599 universa

1013 1609 1185 1649 postmodum
1195 1610 1386 1655 cognoscenda.
1401 1612 1506 1640 Aurum
1517 1616 1581 1639 sunt
1593 1618 1657 1649 ergo
1670 1609 1759 1648 perfe-

986 1686 988 1688 ’
1013 1649 1047 1678 cti
1062 1647 1155 1678 fideles
1168 1655 1194 1678 et
1207 1657 1349 1690 sapientes,
1360 1650 1459 1680 dicenti
1481 1649 1602 1691 apostolo
1618 1661 1625 1678 z
1640 1648 1675 1678 Si
1693 1650 1760 1686 quis
1773 1659 1794 1675 ι.
1809 1651 1862 1675 Cor.
1878 1651 1902 1675 3.

1013 1689 1139 1733 :edificat
1160 1698 1276 1725 aunam,
1292 1698 1453 1730 argentum,
1475 1690 1589 1729 lapides
1608 1688 1757 1733 pretiosos.
1773 1689 1810 1706 ¹²·

1012 1728 1042 1758 Si
1051 1728 1112 1766 quis
1130 1739 1198 1768 ergo*
1207 1730 1307 1769 praebet
1317 1740 1346 1758 se
1357 1729 1465 1759 Christo
1481 1729 1545 1759 fidei
1559 1727 1689 1768 sapientia
1701 1727 1759 1768 ple-
1773 1740 1775 1742 ·

1013 1777 1091 1804 num,
1106 1768 1206 1805 obtulit
1221 1769 1246 1798 ei
1264 1779 1371 1798 aurum.
1388 1769 1466 1798 Thus
1486 1776 1575 1798 autem
1597 1774 1638 1798 est
1659 1766 1756 1803 oratio,

1013 1806 1082 1836 sicut
1098 1808 1227 1848 scriptum
1247 1815 1287 1838 est
1300 1821 1306 1837 ι
1324 1809 1478 1848 Dirigatur
1490 1810 1584 1838 oratio
1598 1817 1664 1836 mea
1683 1808 1757 1836 sicut
1769 1811 1836 1833 Psal.
1857 1811 1899 1839 140

1013 1848 1162 1876 incensum
1181 1851 1212 1877 in
1224 1855 1379 1887 conspectu
1399 1854 1460 1877 tuo.
1476 1847 1508 1878 Si
1525 1847 1587 1886 quis
1599 1856 1664 1886 ergo
1679 1846 1758 1876 Chri·
1769 1848 1792 1863 ²·

1012 1893 1053 1915 sto
1064 1886 1192 1916 mundam
1205 1887 1549 1924 offertorationem,obtulit
1561 1887 1587 1916 ei
1597 1886 1670 1916 thus.
1678 1884 1757 1931 Myr·

1013 1965 1123 2005 myrrha
1148 1977 1248 2006 corpus
1271 1966 1459 1996 defunctorum
1484 1967 1541 1996 inso
1555 1966 1628 1995 ubile
1645 1971 1754 2001 servat,

1012 2005 1051 2034 sic
1064 2005 1134 2034 bona
1148 2015 1229 2045 opera
1242 2006 1385 2035 Christum
1399 2005 1562 2036 crucifixum
1581 2005 1609 2034 in
1627 2004 1756 2033 memoria

1011 2043 1130 2073 hominis
1143 2052 1302 2085 perpetuum
1322 2052 1440 2080 servant,
1453 2052 1479 2074 et
1497 2045 1633 2073 hominem
1650 2049 1758 2079 servant

1013 2083 1040 2112 in
1054 2083 1193 2113 Christo*.
1208 2086 1331 2124 Primum
1345 2094 1408 2123 ergo
1421 2090 1525 2124 oportet
1538 2083 1757 2113 christotofferre

1013 2122 1093 2152 fidem
1117 2123 1315 2161 rationabilem,
1330 2123 1427 2152 deinde
1449 2123 1596 2152 orationem
1614 2121 1755 2157 mundam,

1011 2169 1038 2191 et
1057 2163 1134 2192 tertio
1148 2173 1229 2203 opera
1251 2170 1350 2192 sancta.
1367 2163 1410 2192 Tu
1423 2173 1487 2202 ergo
1501 2161 1609 2201 quando
1626 2162 1702 2191 venis
1722 2161 1759 2191 ad

1012 2201 1149 2231 ecclesiam
1170 2202 1206 2231 ad
1228 2202 1361 2232 orandum
1380 2203 1477 2238 Deum,
1491 2212 1602 2231 munera
1616 2208 1706 2231 tecum
1728 2201 1758 2231 in

1012 2241 1136 2270 manibus
1158 2243 1211 2272 tuis
1248 2249 1305 2271 orta
1321 2254 1328 2270 ε
1342 2241 1377 2271 da
1396 2252 1449 2271 non
1469 2241 1643 2278 habentibus,
1657 2247 1698 2270 et>
1732 2247 1758 2270 te

1011 2280 1107 2310 abillo
1126 2282 1174 2320 qui
1194 2253 1283 2318 haliet,
1304 2288 1333 2310 ut
1352 2281 1438 2311 oratio
1460 2288 1506 2310 tua
1529 2281 1607 2310 bonis
1625 2281 1701 2320 operi
1723 2290 1754 2308 us

1012 2321 1222 2351 commendetur.
1234 2322 1279 2351 Sic
1290 2328 1315 2350 et
1327 2321 1354 2350 in
1369 2322 1426 2360 lege
1438 2321 1570 2361 scriptum
1578 2326 1617 2349 est
1632 2331 1640 2348 t
1653 2320 1700 2348 Ne
1710 2321 1756 2348 in-
1769 2323 1846 2345 arod.
1860 2322 1898 2345 23.

1011 2368 1067 2390 tres
1080 2362 1112 2389 in
1130 2369 1284 2400 conspectu
1305 2361 1426 2390 Domini
1439 2361 1498 2390 Dei
1511 2362 1554 2389 tui
1566 2368 1679 2389 vacuus
1695 2371 1702 2387 ε
1715 2358 1755 2387 in-
1770 2354 1805 2375 ¹⁵·

1010 2400 1088 2429 firma
1101 2401 1173 2430 enim
1191 2402 1276 2430 oratio
1296 2408 1347 2437 est,
1363 2399 1442 2439 quaeh
1456 2400 1683 2438 eleemosynarum
1700 2397 1756 2428 vir-

1010 2447 1067 2470 tute
1076 2450 1128 2470 non
1142 2448 1181 2471 est
1194 2441 1308 2470 munita.
1328 2443 1375 2470 ffl.
1392 2441 1433 2469 Et
1446 2439 1593 2469 admoniti
1604 2438 1634 2467 in
1647 2439 1756 2467 somnis

1028 2533 1041 2552 ¹³
1059 2532 1089 2559 V.
1109 2533 1138 2558 D.
1157 2533 1374 2567 eleemosynarum
1393 2532 1522 2565 largitate,
1543 2536 1569 2556 et
1585 2531 1623 2556 sic
1642 2529 1712 2555 Editi
1730 2530 1756 2555 in

999 2579 1077 2604 marg.

1796 1872 1904 1900 Magorum

1612 1925 1618 1931 ,
1767 1911 1904 1931 muneraque

1013 1925 1090 1955 rham
1114 1927 1215 1956 aestimo
1242 1938 1298 1956 esse
1319 1938 1400 1967 opera
1425 1928 1515 1957 bonaz
1536 1936 1665 1995 quoniam
1687 1932 1899 1963 stcutsignificeut.
