1904 2840
765 208 1048 232 ADDt‘rAMEuTtJM.

127 268 170 297 nis
192 267 345 308 imponendi
371 268 541 306 creaturis'';
564 268 622 308 ipse
646 268 773 298 nimirum
800 269 869 299 sicut

127 309 236 338 Creator
249 318 283 337 ex
294 317 346 336 non
359 307 526 337 exstantibus
535 309 563 337 in
576 308 756 338 exsistentiam
767 308 869 348 produ·

127 347 203 376 cebat
213 369 221 382 ‚
245 354 271 376 et
288 347 400 386 imagini
412 347 519 377 nomina
540 347 642 377 ‘ussum
655 347 736 377 dabat
746 358 846 388 ponere
859 362 866 378 ε

127 386 252 416 similiter
259 393 286 417 et
295 387 419 416 materias
428 387 485 427 ipse
494 387 522 416 in
544 387 632 422 icavit,
646 388 869 417 constructionem

129 436 193 454 vero
207 426 294 466 operis
314 426 366 456 arti
379 426 584 457 commendavit.
602 427 731 464 Quisnam
769 428 869 457 rimum

128 465 290 504 excogitavit
311 466 385 506 ligno
406 473 432 495 et
454 466 524 495 ferro
547 473 645 496 terram
667 438 811 496 diffingere
820 489 828 503 ,
843 474 870 496 et

129 504 218 534 sulcos
228 505 337 542 ducere,
345 506 443 546 jugum
454 505 624 542 adinvenire,
636 513 662 536 ct
673 513 803 536 temonem
816 506 870 546 (di-

129 544 238 583 rigere),
254 545 336 575 boves
357 545 422 574 loris
444 545 471 574 in
491 556 600 585 operam
611 546 734 586 jungere.
750 546 868 585 Lignum

124 582 182 622 jam
195 590 262 620 erat,
276 584 378 614 ferrum
391 591 447 614 erat
457 608 463 619 ,
484 584 531 614 sed
550 595 593 614 ars
614 596 666 614 non
681 585 780 615 aderat.
799 586 867 622 Quis

126 622 177 651 tibi
189 624 356 660 monstravit,
372 635 388 653 o
402 625 494 659 homo,
507 630 627 654 aratrum
651 624 702 654 hcc
715 625 795 654 modo
806 635 869 654 con-

126 661 171 690 fici
185 660 293 698 debere,
303 671 350 693 aut
362 663 459 694 duram
472 664 535 693 ferri
544 671 666 693 naturam
678 665 740 704 igue
749 664 868 694 emolliri

126 701 223 740 posse?
235 703 298 741 quis
315 703 473 733 monstravit
494 704 543 733 tibi
564 703 675 733 modum
695 710 724 733 ut
741 714 775 733 ex
795 710 868 733 tanta

127 741 302 771 crassitudine
315 743 400 779 (ferri)
410 742 504 772 sedens
514 743 652 783 subigeres
663 744 729 780 (vel
736 743 867 782 fatigatio-

126 789 188 810 nem
200 782 339 819 subires),
355 782 533 822 exiguamque
546 793 623 812 acum
634 783 795 813 fabricares?
805 783 866 822 quis

127 822 258 859 suggessit
266 822 316 851 tibi
327 823 412 852 'anuis
424 823 540 852 claustra
549 829 575 852 et
586 822 712 862 repagula
725 824 865 858 conficere,

127 859 172 888 vel
181 866 308 891 tectorum
340 872 417 892 omns
428 869 586 902 apparatum
597 863 767 892 construere?
780 862 866 893 Nimis

127 898 249 939 imperite
262 900 420 941 interrogas,
433 901 535 940 inquiet
548 913 555 928 ε
570 903 655 931 Deum
670 902 698 931 in
713 910 808 942 praesto
819 902 867 931 ha-

68 937 177 967 2781)οο
188 960 196 973 ,
210 940 275 970 artis
296 940 477 970 inventionem
495 941 563 970 mibi
583 941 822 980 demonstrantem
840 947 867 970 et

0 1459 32 1475 tn.
45 1453 111 1481 1.24.

0 1692 101 1716 βωιαῆ.

127 983 156 1006 tu
170 978 327 1019 interrogas,
344 980 415 1009 unde
428 981 538 1010 edoctus
549 980 596 1021 esl?

155 1018 211 1062 ‚Sic
223 1018 323 1058 itaque,
335 1021 439 1054 fratres,
454 1020 554 1059 ubique
567 1026 663 1049 natura
676 1020 865 1050 humanaDo-

125 1067 229 1087 minum
240 1058 361 1089 imitatur
384 1069 475 1095 suum,
491 1067 517 1089 et
532 1067 589 1089 arte
608 1066 729 1089 naturam
743 1067 865 1090 exornat.

124 1096 161 1126 Et
179 1098 310 1136 quamdiu
332 1098 443 1128 modum
460 1106 557 1132 servet.
573 1099 687 1139 pulchra
699 1106 738 1129 est
757 1100 865 1140 imago;

124 1136 173 1165 ubi
181 1144 270 1167 autem
279 1138 390 1168 modum
402 1138 523 1173 excedat,
534 1138 701 1168 immoderati
713 1150 779 1169 usus
788 1150 866 1169 causa

122 1177 292 1207 contumeliae
307 1185 347 1207 est
364 1178 490 1208 obnoxia.
506 1178 634 1217 Exempli
646 1189 725 1208 causa
739 1191 746 1207 :
759 1180 866 1219 excogi-

123 1216 192 1245 tavit
204 1217 337 1257 subjicere
354 1217 462 1254 bovem,
482 1218 613 1247 instruere
633 1223 742 1257 equum,
757 1219 868 1249 domare

125 1255 267 1292 camelum,
283 1264 309 1286 ct
328 1267 504 1296 quaecumque
515 1257 568 1286 alia
588 1258 743 1294 animantia,
759 1269 817 1297 quae
830 1259 865 1288 ad

124 1294 303 1326 ministerium
322 1296 399 1326 nobis
411 1296 474 1326 data
494 1303 567 1326 sunt.
589 1298 634 1327 Ex
651 1298 766 1327 avaritia
778 1305 866 1328 tamen

124 1334 286 1373 excogitavit
298 1336 378 1365 aliam
396 1335 540 1375 quamdam
560 1337 756 1376 copulationem
770 1344 866 1377 praetcr

125 1380 259 1411 naturam,
272 1375 376 1405 asinum
389 1386 458 1414 equo
471 1376 594 1412 misnens,
609 1375 683 1414 quod
695 1386 746 1405 non
760 1384 815 1406 erat
825 1388 865 1406 se-

123 1413 244 1443 eundum
257 1415 421 1445 voluntatem
440 1415 500 1444 Dei.
525 1415 568 1444 Ab
579 1415 656 1444 initio
669 1415 741 1444 enim
758 1415 865 1446 dixerat

123 1454 207 1490 Deua,
229 1454 349 1484 Educ-ac
372 1461 450 1484 ten-a
471 1455 684 1493 quadrupedes,
703 1461 731 1484 et
748 1456 865 1495 reptilia

122 1493 281 1522 secundum
313 1504 383 1523 emis
394 1494 551 1532 proprium.
569 1494 688 1522 Avaritia
705 1505 769 1523 vero
782 1505 862 1524 exco—

122 1531 217 1569 gitavit
232 1539 258 1561 et
277 1505 358 1562 afiam
371 1532 527 1566 mixtionem
541 1538 617 1561 extra
630 1538 752 1561 naturam
766 1534 863 1562 facien-

122 1571 196 1600 dam.
212 1572 353 1611 Propterea
369 1579 395 1601 et
409 1572 480 1600 Deus
499 1570 700 1600 immoderatam
717 1582 772 1601 rein
785 1573 864 1602 casti-

123 1620 199 1649 gans,
213 1610 381 1641 infecundam
394 1609 512 1640 reddidit
527 1611 672 1639 humanam
685 1610 839 1641 aviditatem
853 1624 859 1640 :

124 1649 184 1679 ideo
206 1649 280 1679 inula
301 1661 352 1679 non
374 1649 463 1691 parit;
480 1649 544 1688 quia
567 1659 620 1678 nou
641 1656 680 1679 est
699 1661 733 1679 ex
751 1661 863 1680 numero

123 1699 226 1723 eorum,
239 1700 298 1728 quae
311 1690 377 1719 dum
389 1691 456 1719 facta
468 1695 541 1724 sunt,
555 1689 708 1725 audierunt,
726 1690 860 1726 Crescite,

123 1735 152 1757 et
167 1729 410 1767 multiplicamini,
425 1734 454 1757 et
473 1729 580 1767 replete
601 1735 716 1758 terram.
742 1731 862 1759 Attamen

123 1768 253 1807 permittit
266 1768 376 1809 imagini
391 1770 476 1798 faeere
490 1778 550 1806 quae
565 1768 635 1804 vult,
651 1774 680 1796 ut
693 1768 751 1808 ejus
767 1777 862 1808 poten-

123 1807 188 1836 tiam
201 1807 331 1843 ostendat‚
341 1815 366 1837 et
376 1807 580 1838 immoderatum
595 1817 673 1836 usum
684 1807 803 1847 castiget,
817 1819 863 1838 su-

122 1846 297 1887 perbiamque
310 1848 370 1876 subi
390 1855 427 1877 et.

163 1887 267 1915 Rursus
291 1886 372 1916 immo
392 1893 462 1916 erata
479 1885 613 1926 cupiditas
629 1885 792 1925 excogitavit
806 1888 861 1917 for-

122 1935 191 1954 mam
209 1926 336 1964 effingere
355 1926 508 1955 humanam.
533 1929 599 1963 Age,
622 1925 720 1964 inquit,
736 1925 861 1956 imitabor

122 1965 220 2000 Deum,
243 1965 290 2004 qui
313 1966 375 1995 fecit
398 1965 541 2005 imaginem
562 1964 689 2001 hominis,
713 1964 861 2005 faciamque

121 2003 262 2042 imaginem
281 2005 410 2044 corporis,
427 2011 507 2044 atque
523 2011 580 2033 arte
597 2004 652 2033 vim
671 2004 734 2033 facit
747 2012 857 2035 naturae.

120 2043 156 2071 Et
163 2043 226 2081 quia
239 2043 343 2074 audivit
355 2046 440 2073 Deum
451 2054 465 2073 e
475 2050 544 2073 terra
554 2043 692 2082 pulverem
702 2045 856 2083 sumpsisse,

118 2082 300 2122 sormasseque
319 2083 472 2119 hominem,
504 2082 627 2112 haesitans
651 2093 711 2119 am,
732 2093 763 2112 eo
807 2084 860 2113 uod

119 2131 171 2150 non
182 2129 267 2161 potest
281 2133 342 2152 vere
353 2124 452 2152 imitari
461 2122 606 2152 Dominum
617 2133 706 2158 suum,
720 2095 817 2153 exinde
831 2124 856 2152 in

119 2160 242 2190 solertem
266 2161 427 2191 industriam
450 2162 543 2191 fertur.
569 2161 683 2191 Radices
702 2162 816 2202 colligit,
832 2170 857 2192 et

119 2199 208 2234 flores,
223 2207 252 2229 ut
264 2201 366 2229 colores
375 2201 481 2241 adaptet
492 2213 499 2235 ;
515 2201 644 2230 assimilat
657 2201 750 2230 oculos
762 2202 856 2237 oculis,

118 2238 164 2267 sed
175 2248 228 2268 non
243 2238 381 2276 videntes,
398 2240 505 2270 metitur
518 2251 606 2277 aures,
621 2239 668 2269 sed
682 2250 734 2268 non
747 2241 857 2270 audien-

119 2284 174 2315 tes;
189 2278 257 2318 polit
276 2289 351 2308 nares
368 2289 421 2308 non
439 2279 610 2315 olfacientes;
631 2289 661 2307 os
681 2279 858 2318 figurat(vel

118 2320 282 2354 mensurat),
295 2318 341 2348 scd
355 2329 407 2348 non
417 2325 457 2348 est
471 2328 524 2348 vox
536 2318 563 2346 in
577 2318 673 2353 labiis;
686 2318 783 2349 formas
794 2329 855 2349 con—

117 2356 206 2386 cinnat
219 2357 319 2397 pedum
332 2365 358 2387 et
370 2369 490 2393 crurum,
515 2367 567 2386 non
586 2363 625 2386 cst
649 2364 733 2387 tamen
752 2369 856 2403 gressus

116 2407 148 2426 ac
163 2408 267 2427 cursus».
283 2400 344 2435 Quo
359 2398 551 2433 manifestatur,
567 2395 640 2437 quod
653 2398 773 2436 permisit
785 2398 852 2426 ima—

148 2496 163 2515 Β
173 2496 268 2521 Desunt
278 2494 331 2519 haec
342 2496 367 2519 in
378 2495 424 2520 Gr.
437 2493 502 2519 unde
513 2498 623 2518 mutatur
634 2492 757 2517 connexio
768 2499 870 2524 sequen-

118 2536 190 2562 tium.

1595 214 1662 249 977

888 271 908 295 A
923 269 992 308 giiii,
1016 269 1150 309 quidquid
1171 271 1247 309 velit,
1272 272 1368 309 facere,
1390 273 1501 303 modum
1523 284 1586 312 vero
1611 286 1664 306 non

923 308 1061 346 excedere,
1077 319 1110 339 ne
1132 310 1158 339 in
1172 312 1325 351 superbiam
1343 312 1452 342 veniens
1466 313 1570 352 ignoret
1583 322 1664 345 natu-

922 359 990 384 ram‚
1001 349 1043 378 vcl
1054 349 1204 379 libertatem
1214 362 1301 388 suam,
1314 359 1392 391 atque
1402 353 1526 381 salntem.
1540 354 1662 384 Attamen

922 387 983 426 quia
998 388 1149 418 didicerunt
1162 389 1306 428 (homines)
1321 391 1395 430 quod
1407 392 1441 421 de
1455 398 1524 421 terra
1537 393 1663 425 formavit
1672 397 1720 422 275

921 428 994 457 Deus
1011 428 1157 464 hominem,
1172 429 1253 459 altera
1269 441 1375 469 quoque
1386 438 1442 460 arte
1453 431 1663 463 volunt-imitari

921 467 1066 496 Dominum
1079 475 1105 497 et
1113 469 1276 506 Creatorem,
1285 470 1450 500 medicorum
1457 469 1581 501 videlicet
1592 479 1659 503 arte.

922 507 1008 543 (Quae
1019 510 1157 544 ars)cu1n
1173 508 1272 538 viderit
1291 510 1318 538 in
1345 520 1456 549 corpore
1479 511 1660 550 putredinem,

920 545 1020 575 ferrum
1043 553 1170 586 usurpat,
1191 555 1217 577 et
1243 548 1358 578 abscidit
1383 549 1551 589 putredinem
1571 563 1577 580 :
1598 562 1661 582 cum

919 595 983 614 vero
997 586 1097 615 vulnus
1116 594 1273 616 excavatum
1287 589 1372 626 [674]
1392 588 1459 618 velit
1474 589 1616 626 aedificare,
1633 592 1660 621 in

919 625 1098 654 maturitatem
1115 632 1194 664 atque
1207 627 1235 655 in
1249 628 1385 667 propriam
1403 638 1554 658 mensuram
1576 630 1661 660 redu—

919 673 978 693 cere
996 674 1102 693 carnem
1114 673 1289 702 consumtam,
1307 667 1369 705 quia
1387 677 1439 696 nou
1452 674 1491 696 est
1503 676 1616 706 creator,
1632 677 1662 700 ut

919 703 1054 739 reformet,
1068 704 1131 734 vide
1143 704 1210 743 quid
1222 706 1279 744 agit
1289 716 1332 734 ars
1345 706 1480 746 imaginis,
1494 714 1525 736 ut
1543 707 1662 739 imitetur

918 742 1064 772 Dominum
1079 744 1179 773 suum?
1194 745 1287 774 Currit
1299 745 1334 774 ad
1354 752 1462 782 terram,
1480 746 1550 776 unde
1562 758 1659 788 corpus

917 781 1060 812 formatum
1073 790 1131 821 est;
1152 790 1177 813 et
1197 783 1259 813 inde
1277 784 1385 814 conficit
1408 785 1597 816 medicamenta
1610 809 1618 823 ,
1634 795 1661 818 et

917 822 1060 866 emplastra
1083 835 1090 852 :
1110 833 1164 853 uno
1183 822 1308 853 dissolvit
1349 825 1505 861 utredinem,
1528 832 1554 855 et
1575 827 1659 857 altero

883 862 901 885 B
917 860 1041 898 aedificat,
1056 869 1135 901 atque
1151 863 1191 892 sic
1203 863 1310 903 supplet
1342 864 1456 894 erectum
1466 866 1596 904 corporis.

957 901 993 930 Et
1005 900 1068 930 vide
1079 912 1135 931 rem
1152 902 1302 932 mirabilem
1313 914 1323 941 ς
1337 903 1472 942 quomodo
1484 904 1559 934 sedet
1573 907 1656 943 Deus,

917 946 943 968 et
966 940 1043 979 quasi
1068 943 1164 981 (pater)
1185 942 1280 982 aspicit
1304 942 1339 972 ad
1366 942 1449 972 filios.
1475 944 1548 980 Quid
1569 951 1659 974 autem

916 980 1032 1018 aspectio
1045 981 1139 1010 notet?
1156 982 1216 1011 Non
1230 989 1259 1011 ut
1270 981 1366 1019 discat,
1381 982 1429 1011 sed
1441 983 1564 1020 instruat,
1580 991 1660 1023 atque

917 1017 954 1047 ita
975 1019 1034 1048 fons
1063 1020 1189 1050 omnium-
1209 1021 1341 1051 bonorum
1367 1021 1491 1052 admonet
1515 1023 1658 1062 imaginem

917 1068 1005 1088 suam.
1029 1059 1105 1089 Sicut
1129 1060 1195 1089 olim
1221 1060 1337 1090 adduxit
1361 1061 1397 1090 ad
1419 1061 1554 1092 Adamum
1567 1072 1658 1092 omnes
1671 1065 1758 1087 Gen-²·
1773 1070 1808 1094 ¹9-

917 1097 1024 1132 bestias,
1051 1106 1076 1128 et
1089 1100 1221 1139 jumenta,
1235 1106 1261 1129 et
1282 1100 1416 1137 volucres,
1435 1108 1464 1130 ut
1477 1101 1579 1132 videret
1592 1102 1659 1141 quid

918 1144 1024 1167 vocaret
1048 1149 1095 1176 ea3
1111 1149 1162 1168 non
1188 1147 1217 1169 ut
1242 1139 1370 1170 edisceret
1393 1141 1547 1178 omniscius,
1568 1141 1616 1170 sed
1629 1149 1658 1172 ut

918 1176 1062 1216 imaginem
1073 1178 1214 1218 instrueret
1224 1179 1259 1208 ad
1267 1190 1371 1219 semper
1381 1180 1580 1210 attendendum.
1590 1184 1602 1197 ¹
1611 1183 1658 1211 Pa-

919 1222 993 1246 tuere
1007 1217 1085 1247 utiles
1094 1224 1164 1247 artes
1178 1218 1369 1254 aedificationis,
1377 1220 1510 1248 teotonicae
1521 1220 1657 1259 (fabrilis),

918 1256 1041 1293 nauticae,
1062 1257 1172 1293 aerariae,
1198 1265 1224 1288 et
1238 1258 1346 1298 rapticae
1362 1261 1489 1295 (texturae
1501 1263 1521 1294 ).
1537 1260 1592 1289 Nec
1605 1270 1658 1289 non

918 1302 1050 1325 astrorum
1062 1297 1249 1336 contemplatio
1261 1307 1314 1326 non
1323 1298 1372 1327 otii
1386 1305 1424 1327 est
1434 1309 1524 1337 opera,
1540 1297 1588 1327 sed
1599 1309 1657 1328 cer-

917 1343 980 1364 nere
988 1335 1095 1365 ordines
1102 1336 1239 1366 stellarum
1252 1337 1440 1375 navigantibus
1449 1337 1567 1377 expedit,
1577 1344 1658 1378 atque

917 1374 1059 1413 explorare
1068 1382 1156 1404 ortum
1165 1383 1309 1413 astrorum,
1319 1386 1352 1405 an
1362 1383 1468 1416 tempus
1476 1384 1659 1416 opportunum

917 1414 1095 1453 navigationis
1113 1415 1276 1445 noscendum
1293 1428 1299 1444 :
1315 1426 1366 1445 non
1379 1416 1495 1454 genesim
1514 1416 1656 1455 quamdam

882 1460 900 1484 c
917 1451 1025 1491 fingere,
1044 1463 1131 1491 neque
1145 1455 1307 1491 Imarmenae,
1322 1455 1400 1484 sortis
1411 1455 1546 1490 videlicet,
1569 1463 1595 1485 et
1610 1455 1658 1484 sati

915 1491 1020 1520 fabulas
1035 1492 1171 1529 inducere,
1190 1493 1237 1522 sed
1255 1494 1364 1523 Domini
1378 1493 1454 1532 sequi
1466 1504 1568 1531 vocem,
1584 1494 1657 1533 quod

916 1531 1009 1559 Fiant
1016 1531 1176 1560 luminaria
1188 1534 1218 1560 in
1229 1533 1311 1568 caelo,
1321 1539 1350 1561 et
1359 1535 1489 1562 orientur
1496 1535 1527 1561 in
1537 1540 1654 1571 terram,
1669 1540 1724 1562 Gen.
1739 1547 1758 1562 i.
1769 1539 1804 1570 il..

916 1576 1003 1608 atquc
1017 1572 1075 1599 sint
1084 1572 1116 1599 in
1127 1573 1212 1610 signa
1228 1579 1255 1600 et
1269 1575 1300 1601 in
1311 1573 1384 1608 dies,
1396 1573 1468 1600 etin
1480 1578 1615 1611 tempora.

956 1610 1060 1638 Verum
1074 1620 1108 1639 ne
1128 1617 1215 1648 putes,
1230 1611 1303 1649 quod
1316 1611 1403 1651 imago
1422 1622 1471 1651 per
1483 1622 1511 1640 se
1524 1612 1655 1642 invenerit

916 1648 1096 1678 conditionem
1117 1650 1236 1678 oninium
1250 1661 1350 1687 rerum,
1366 1661 1419 1680 uno
1436 1651 1519 1680 verbo
1531 1651 1655 1690 patefacit

915 1688 1008 1717 beatus
1023 1689 1158 1718 Salomon.
1174 1691 1240 1729 Ipse
1251 1690 1332 1719 dedit
1341 1690 1477 1727 mihi,ait,
1486 1700 1655 1729 cognoscere
1664 1698 1721 1727 Sap.
1732 1706 1755 1728 7·
1767 1704 1802 1728 ¹7·

916 1737 1103 1766 quaecumque
1129 1735 1208 1764 sunt,
1226 1735 1302 1758 certe
1321 1731 1394 1758 scire
1419 1731 1653 1758 constitutionem
1663 1735 1733 1751 -²¹·

916 1768 1019 1795 'nundi
1027 1789 1035 1803 ,
1057 1773 1085 1796 ct
1108 1775 1280 1807 apparatum
1304 1775 1502 1798 creaturarum
1511 1791 1519 1806 ,
1547 1771 1654 1808 princi-

912 1810 1005 1844 pium,
1017 1812 1046 1834 et
1054 1807 1158 1845 finem,
1173 1814 1201 1836 et
1214 1809 1311 1837 media
1325 1815 1495 1847 temporum,
1510 1819 1654 1838 annorum

915 1846 1049 1883 circulos,
1067 1853 1095 1875 et
1105 1847 1257 1876 stellarum
1273 1848 1399 1883 ordines,
1410 1854 1531 1878 naturas
1539 1850 1654 1877 anima-

915 1884 996 1920 lium,
1012 1892 1040 1914 et
1055 1886 1191 1925 furorem
1194 1887 1345 1926 serarum,
1361 1893 1389 1916 et
1401 1888 1518 1927 plantas
1538 1890 1651 1925 varias,

914 1929 943 1952 et
967 1925 1092 1954 virtutes
1112 1926 1244 1954 radicum
1251 1939 1262 1961 ;
1289 1937 1354 1965 quoe
1373 1933 1440 1955 sunt
1465 1927 1598 1964 occulta,
1624 1934 1655 1956 et’

913 1969 1022 2002 aperta,
1037 1975 1101 2004 quse
1113 1966 1248 1994 visibilia
1256 1971 1334 2002 sunt,
1349 1972 1377 1995 et
1384 1967 1556 2002 invisibilia,
1571 1969 1650 2002 novi,

913 2001 1011 2040 inquit,
1021 2014 1072 2042 ego
1081 2005 1181 2040 limo,-
1190 2004 1271 2041 idest,
1281 2015 1333 2044 ego
1342 2006 1448 2042 imago.
1458 2005 1654 2044 thuomodo?

914 2042 958 2070 Ait
971 2052 977 2068 :
989 2043 1146 2082 Sapientia
1159 2044 1257 2085 opffex
1271 2046 1402 2073 omnium
1417 2045 1514 2073 docuit
1528 2056 1584 2074 me.
1596 2045 1651 2075 Sed

912 2080 1004 2110 docuit
1019 2087 1044 2111 te
1064 2092 1123 2121 quae
1146 2083 1293 2112 secundum
1320 2094 1470 2113 mensuram
1495 2091 1580 2122 erant,
1597 2094 1650 2114 non

911 2120 1079 2157 immensum.
1095 2121 1168 2152 Vide
1191 2122 1304 2151 enimin
1323 2131 1421 2161 quanta
1442 2123 1552 2152 modum
1574 2134 1650 2153 exce-

911 2158 1000 2188 dentia
1012 2161 1131 2190 extendit
1143 2172 1170 2190 se
1182 2162 1352 2200 ascenditque
1364 2173 1417 2192 ars.
1431 2163 1543 2202 Aspexit
1556 2163 1582 2191 in
1599 2163 1649 2192 hu-

911 2209 1016 2228 manam
1030 2207 1152 2229 naturam
1165 2200 1253 2241 imago
1278 2201 1340 2238 Dei,
1354 2209 1381 2231 et
1404 2202 1563 2241 excogitavit
1577 2213 1646 2240 quo-

910 2237 989 2267 modo
1003 2240 1077 2269 vocis
1091 2250 1220 2278 organum
1236 2240 1263 2270 in
1282 2251 1328 2269 ore
1340 2241 1498 2270 instructum
1518 2241 1552 2269 sit
1565 2251 1571 2267 ε
1584 2250 1646 2269 con-

909 2277 1052 2317 templatus
1073 2285 1112 2308 est
1133 2286 1265 2317 naturam,
1278 2286 1304 2309 et
1316 2284 1347 2309 nt
1370 2279 1527 2309 assimilaret
1546 2286 1646 2308 naturae

910 2323 1004 2354 artem,
1020 2318 1132 2347 molitur
1142 2318 1355 2348 adinventionem
1368 2330 1400 2348 ex
1415 2318 1506 2347 multis
1514 2318 1588 2346 tibiis
1601 2328 1645 2346 se-

910 2366 972 2385 cum
996 2356 1129 2397 adjunctis
1142 2358 1355 2396 commixtisque.
1378 2357 1447 2388 Vide
1458 2363 1557 2393 autem,
1578 2356 1645 2394 quid

910 2395 989 2426 lac-iat
995 2406 1038 2426 ars
1047 2403 1075 2426 ut
1083 2397 1201 2426 imitetur
1209 2407 1288 2436 opera
1298 2396 1505 2435 Opificis.Utres
1515 2395 1644 2433 quosdam

896 2490 993 2515 Omitto
1014 2495 1039 2514 et
1060 2489 1120 2514 alias
1145 2488 1299 2513 differentias
1318 2488 1344 2511 in
1363 2486 1529 2519 sequentibus.
1554 2487 1646 2511 Verum

898 2527 1054 2560 transpositis
1067 2525 1180 2559 punctis,
1193 2527 1227 2550 sic
1243 2524 1319 2549 etiam
1335 2530 1408 2549 sonat
1424 2526 1492 2549 Arm.
1509 2525 1545 2550 Ui
1557 2527 1646 2559 imagi-

149 2577 160 2589 ·
170 2569 221 2594 Ubi
229 2569 326 2601 Inter-p.
337 2573 422 2593 noster
430 2565 526 2600 legebat
538 2569 581 2595 ἀεί,
590 2573 657 2590 nunc
664 2561 754 2597 legitur
764 2562 796 2595 als:
806 2561 872 2588 unde
896 2575 951 2591 nem
972 2568 1110 2591 instrueret.
1128 2564 1158 2589 V
1156 2573 1194 2588 ere
1214 2572 1246 2587 ea:
1267 2563 1370 2587 assidua
1390 2565 1526 2588 attentione
1544 2569 1647 2597 patuere

118 2608 160 2633 alii
173 2608 321 2641 vertuntssJi
331 2606 342 2636 (
353 2606 392 2634 vel
404 2606 481 2637 num)
494 2610 555 2637 apta
571 2609 632 2629 esset
647 2603 682 2628 ad
701 2601 868 2635 cogitandum.

896 2605 970 2631 utiles
979 2610 1053 2631 artes.
1067 2605 1183 2629 Fortasse
1195 2601 1289 2627 melius.
