1904 2840
90 831 211 854 Hosiarma
216 847 221 853 .

171 1713 228 1731 cux

90 2380 158 2403 Esai.
171 2387 195 2403 ι.
206 2379 230 2403 5.

239 168 310 217 898

837 177 901 200 ΟΡΙ]
908 177 924 200 S
949 177 1184 202 IMPERFECTUM

236 240 420 282 praestaneis,
432 239 629 270 exsultantibus
648 238 777 269 cordibus
791 239 858 276 suis,
872 246 932 270 ante
954 247 981 270 et
996 242 1016 266 Α
1032 241 1062 270 id
1079 249 1129 277 est,
1144 249 1286 273 tractantes
1299 249 1325 272 et
1337 242 1495 274 meditantes
1508 244 1579 285 apud
1594 255 1633 281 se,
1647 245 1773 276 universo

237 288 309 310 retro
335 281 495 317 clamabant,
523 280 682 309 Hosianna
694 279 766 324 filio
788 281 900 309 David.
924 281 980 317 Qui

238 320 432 361 praecedebant,
453 320 570 349 seniores
590 325 675 357 erant,
697 319 727 349 id
743 326 793 356 est,
809 320 978 359 patriarchae.

237 361 385 400 prophetae‚
409 360 549 398 caeterique
563 359 658 396 sancti,
686 359 734 398 qui
754 366 815 389 ante
834 359 980 389 adventum

237 400 339 429 Christi
350 401 384 429 de
398 399 513 429 adventu
526 398 584 438 ejus
597 405 623 428 et
636 398 837 445 praedixerunt,
847 406 873 428 et
883 409 980 438 cogno-

237 446 350 468 verunt:
367 445 505 478 sequentes
523 445 613 468 autem
631 438 764 478 juniores,
787 438 816 468 id
840 445 889 475 est,
912 449 979 478 apo-

236 478 316 515 stoli,
342 486 410 508 mart
430 489 490 516 res,
510 478 652 516 caeterique
677 477 819 515 doctores,
846 478 894 517 qui
919 485 979 518 post

236 528 374 548 ascensum
385 519 406 548 C
428 518 486 548 risti
506 517 540 547 de
560 518 753 548 resurrectione
765 519 825 558 ejus
843 525 870 547 et
887 528 978 548 ascen-

235 557 309 587 sione
329 558 374 587 vcl
390 558 518 598 operibus
535 557 748 597 praedicaverunt
768 564 794 587 et
814 557 978 597 praedicant;

236 604 261 626 ct
274 597 336 627 licet
342 598 457 628 diversis
465 596 575 636 quidem
582 598 749 636 temporibus
759 597 878 633 fuerunt,
891 604 979 627 tamen

235 636 264 665 in
277 638 403 666 omnibus
425 647 495 666 unus
511 636 700 666 exsultationis
723 636 835 676 spiritus
857 637 919 666 suit.
943 638 980 667 Et

236 676 278 705 illi
291 676 402 715 quidem
415 676 605 717 prophetantes
619 675 653 705 de
670 676 778 706 Christo
791 683 905 706 venturo
919 676 978 706 cla-

236 716 395 746 maverunt:
423 716 601 746 Benedictus
621 717 673 755 qui
694 718 779 745 venit
803 718 835 745 in
862 718 981 746 nomine

237 756 378 785 Domini:
393 756 423 786 hi
435 763 526 786 autem
539 755 677 785 laudantes
690 756 805 786 clamant
813 755 848 785 de
861 755 979 785 adventu

236 795 337 825 Christi
357 796 416 836 jam
441 795 564 836 impleto,
591 796 749 825 Hosianna
766 796 838 836 filio
865 796 976 825 David.

1031 282 1133 321 populo
1146 282 1358 313 subministrant.
1377 283 1414 313 Et
1427 283 1497 313 sicut
1510 284 1646 314 stomacho
1664 285 1773 315 submi—

1030 321 1169 359 nistrante,
1182 322 1394 362 unumquodque
1404 323 1555 354 membrum
1563 325 1676 365 suscipit
1687 326 1775 355 nutri-

1030 368 1161 397 mentum,
1169 369 1194 391 et
1207 363 1340 392 convertit
1354 363 1363 392 i
1384 363 1477 393 sumin
1486 374 1526 401 se,
1537 365 1685 394 secundum
1694 375 1774 399 suam

1029 407 1170 434 naturam:
1194 408 1289 441 utputa
1308 373 1383 441 quod
1402 403 1515 449 suscipit
1538 405 1621 440 ‘ecur‚
1642 412 1727 435 totum
1741 406 1773 436 fit

1029 441 1138 479 sanguis
1151 453 1159 479 ;
1181 441 1255 480 quod
1274 449 1364 472 autem
1380 442 1493 483 suscipit
1512 444 1537 472 fe
1551 466 1559 478 ,
1573 444 1638 474 bilis
1657 445 1774 476 efficitur

1031 486 1138 518 totum;
1166 481 1239 520 quod
1258 491 1322 511 vero
1337 482 1457 512 ascendit
1468 483 1496 512 in
1512 483 1678 522 pulmonem,
1693 486 1771 525 phle-

1030 527 1117 558 gmata
1131 521 1217 558 fiunt;
1233 521 1307 560 quod
1320 529 1409 552 autem
1423 522 1452 551 in
1463 522 1608 559 mamillas,
1621 530 1706 554 totum
1714 526 1772 555 effi·

1029 559 1098 589 citur
1109 560 1167 590 lac:
1179 561 1217 590 sic
1227 560 1408 592 sacerdotibus
1417 562 1445 591 in
1455 562 1575 592 Ecclesia
1587 563 1769 602 loquentibus,

1029 599 1144 629 verbum
1169 611 1259 630 omnes
1283 601 1451 641 suscipiunt,
1475 602 1660 642 unusquisque
1681 612 1771 635 autem

1029 639 1160 669 convertit
1185 640 1258 670 illud
1277 641 1426 671 secundum
1443 642 1584 687 proprium
1608 653 1662 680 cor,
1682 643 1719 673 ita
1742 652 1773 675 ut

1030 689 1114 708 uuum
1128 679 1248 719 idipsum
1261 681 1377 710 verbum
1390 681 1418 710 in
1430 681 1557 711 cordibus
1569 682 1680 721 quidem
1693 685 1772 715 rectis

1028 718 1154 759 procedat
1166 719 1201 748 ad
1218 720 1314 756 vitam,
1334 720 1362 749 iu
1379 720 1507 750 cordibus
1527 728 1616 751 autem
1638 724 1772 762 perversis

1029 758 1139 788 suscitet
1157 759 1334 797 iracundiam,
1355 761 1432 799 quasi
1451 760 1534 800 bilis5
1555 762 1583 791 in
1601 761 1664 792 aliis
1683 770 1772 794 autem

1029 809 1045 827 ο
1081 805 1156 828 ratur
1172 798 1343 828 dilectionem
1361 799 1556 836 dulcissimam,
1574 801 1651 840 quasi
1670 801 1728 842 lac;
1743 804 1771 833 in

236 834 373 865 Hosianna
391 842 481 865 autem
494 834 606 874 quidem
626 835 834 880 interpretantur
853 835 978 874 gloriam,
995 841 1013 864 B
1029 849 1044 867 a
1058 838 1091 867 iis
1111 845 1201 868 autem
1219 838 1292 874 odia,
1307 840 1385 878 quasi
1403 840 1530 880 phlegma
1544 851 1672 872 nocivum
1685 849 1711 872 et
1723 853 1773 873 ex-

236 874 285 904 alii
297 874 500 910 redemtionem,
514 874 561 903 alii
575 874 714 912 Salvifica,
728 885 786 905 sive
799 875 912 905 Salvum
926 875 978 904 fac.

235 914 304 944 Nam
324 921 350 944 et
368 915 453 960 gloria
467 914 510 944 illi
522 913 646 951 debetur,
665 922 692 944 et
716 914 846 945 redemtio
860 914 904 944 illi
917 924 981 944 con-

234 953 318 990 venit,
333 965 382 993 qut
404 965 496 985 omnes
519 953 643 992 redemit,
664 961 690 984 et
710 954 821 995 pretiosi
841 954 981 994 sanguinis

236 993 365 1024 effusione
379 994 507 1025 salvavit.

355 1099 490 1128 Humilia
503 1100 631 1139 xxtviij.
650 1109 687 1128 ea:
707 1109 771 1139 cap.
794 1100 859 1139 xxj.

278 1192 327 1221 to.
341 1192 383 1221 Et
403 1202 468 1221 cum
490 1193 628 1220 intrasset
644 1192 732 1221 Jesus
750 1191 979 1230 Jerosolymam,

236 1237 380 1260 commota
400 1237 444 1260 est
468 1233 605 1260 universa
625 1233 740 1267 civicas,
766 1232 887 1261 dicens.-
909 1233 981 1271 Quis

236 1277 279 1299 est
291 1271 350 1303 hic,
366 1276 415 1299 etc.
429 1270 529 1299 Merito
542 1271 779 1300 commovebantur
790 1271 910 1301 videntes
924 1283 980 1302 rem

236 1309 499 1338 mirabilemzhomo
520 1309 591 1338 enim
614 1309 777 1339 laudabatur
796 1311 872 1348 quasi
894 1313 979 1350 Deus,

236 1348 284 1378 sed
297 1350 369 1377 Deus
385 1348 547 1377 laudabatur
567 1349 596 1377 in
616 1349 735 1378 homine.
749 1349 879 1379 Dicebant
894 1351 976 1387 enim,

236 1388 470 1427 Hosiannafilio
494 1388 607 1416 David.
626 1389 695 1417 Puto
721 1395 811 1417 autem
836 1389 910 1427 quod
932 1401 979 1421 nec

237 1427 290 1468 ipsi
304 1427 351 1466 qui
374 1426 529 1462 laudabant,
544 1427 662 1456 sciebant
675 1427 743 1466 quid
760 1427 917 1466 laudabant,
932 1430 979 1460 sed

236 1466 347 1507 spiritus
360 1466 450 1496 subito
466 1466 600 1506 ingressus
615 1466 642 1495 in
656 1477 712 1502 eos,
726 1467 858 1497 nesciente
877 1468 977 1507 animo,

235 1506 357 1536 veritatis
366 1506 451 1535 verba
464 1505 603 1535 fundebat.
631 1508 680 1536 ta.
695 1507 737 1536 Et
754 1508 878 1536 intravit
892 1508 979 1539 Jesus

237 1548 268 1575 in
283 1546 422 1584 templum
437 1546 506 1574 Dei.
525 1546 584 1575 Hoc
597 1552 653 1574 erat
670 1546 812 1586 proprium
825 1547 890 1576 boni
913 1547 977 1584 filii,

236 1591 267 1614 ut
283 1592 309 1614 et
330 1585 438 1615 veniens
457 1583 493 1614 ad
510 1584 622 1614 domum
635 1592 756 1615 curreret
774 1586 870 1626 patris,
889 1593 915 1615 et
936 1587 979 1617 illi

235 1624 362 1655 honorem
375 1624 508 1661 redderet,
523 1624 568 1662 qui
581 1624 672 1663 genuit
684 1635 757 1660 eum,
773 1632 803 1654 ut
818 1632 847 1654 tu
860 1625 979 1657 imitator

236 1664 337 1694 Christi
357 1665 453 1700 factus,
477 1674 542 1693 cum
558 1663 586 1692 in
606 1663 725 1703 aliquam
737 1664 873 1703 ingressus
893 1666 979 1696 fueris

237 1704 382 1741 civitatem,
398 1704 517 1744 primum
536 1710 597 1733 ante
615 1714 721 1734 omnem
735 1711 825 1733 actum
838 1704 874 1734 ad
890 1706 980 1736 eecle-

235 1744 304 1773 siam
318 1754 422 1773 curras.
442 1744 500 1773 Hoc
517 1749 574 1772 erat
587 1743 651 1772 honi
664 1743 774 1780 medici,
789 1750 820 1773 ut
842 1744 978 1784 ingressus

235 1783 272 1812 ad
284 1783 420 1813 infirmam
429 1783 564 1812 civitatem
573 1782 730 1813 salvandam
744 1783 862 1823 primum
873 1784 906 1813 ad
921 1786 978 1815 ori—

236 1823 327 1863 ginem
357 1822 469 1852 assionis
479 1821 639 1853 intenderet.
658 1823 728 1852 Nam
745 1823 814 1852 sicut
831 1823 864 1852 de
879 1826 980 1865 templo

235 1873 316 1892 omne
356 1872 438 1891 onum
457 1861 601 1901 egreditur,
623 1861 662 1890 sic
681 1869 707 1891 et
729 1862 762 1891 de
782 1863 882 1903 templo
902 1874 981 1896 omne

238 1902 340 1931 malum
353 1901 485 1941 procedit.
500 1901 736 1938 Quemadmodum
749 1902 880 1940 medicus,
897 1915 981 1942 quan-

238 1941 275 1970 do
289 1942 377 1981 primo
390 1940 543 1980 ingreditur
556 1940 591 1969 ad
604 1940 754 1976 infirmum,
775 1942 864 1971 statim
876 1943 910 1972 de
925 1951 978 1974 sto-

239 1981 334 2010 macho
344 1982 402 2021 ejus
413 1981 568 2019 interrogat,
583 1986 610 2009 et
619 1990 680 2009 enm
690 1991 848 2027 componere
862 1983 980 2022 primum

239 2020 356 2056 festinat,
379 2019 442 2058 quia
461 2020 484 2049 si
505 2020 658 2049 stomachus
680 2030 759 2049 sanus
779 2021 869 2058 fuerit,
894 2029 979 2053 totum
996 2034 1015 2057 1)
1030 2026 1075 2055 isti
1088 2027 1158 2055 male
1169 2027 1295 2066 loquatur
1307 2027 1341 2057 de
1349 2027 1409 2064 illo,

240 2069 339 2099 corpus
359 2059 483 2088 validum
502 2065 552 2095 est,
574 2059 596 2088 si
617 2065 706 2088 autem
726 2059 870 2100 dissipatus
888 2063 979 2101 fuerit,

239 2104 326 2127 totum
347 2108 445 2138 corpus
465 2098 602 2127 infirmum
622 2105 661 2128 est
673 2110 680 2126 ε
694 2098 730 2128 ita
755 2100 778 2128 si
803 2101 979 2132 sacerdotium

240 2137 375 2177 integrum
397 2137 488 2173 fuerit,
513 2144 567 2166 tota
591 2138 711 2167 Ecclesia
733 2139 826 2169 floret:
848 2141 871 2170 si
892 2148 981 2171 autem

240 2184 397 2216 corruptum
411 2177 503 2213 fuerit,
523 2177 643 2206 omnium
656 2177 722 2207 fides
735 2180 854 2209 marcida
866 2188 913 2211 est.
927 2183 981 2211 Cor

239 2223 328 2246 autem
341 2223 368 2246 et
379 2216 532 2246 stomachus
546 2216 693 2246 sacerdotes
705 2217 902 2258 intelliguntur,
917 2222 981 2260 quia

240 2255 268 2284 in
284 2256 364 2286 rebus
380 2256 568 2295 spiritualibus
581 2267 629 2296 per
649 2267 693 2286 eos
714 2263 786 2287 totus
800 2261 916 2299 populus
931 2272 980 2300 gu-

240 2295 378 2325 bernatur.
388 2296 424 2326 Et
437 2295 506 2325 sicut
524 2306 569 2325 cor
589 2295 724 2335 sapientiae
738 2297 813 2326 locus
824 2306 873 2336 est,
890 2300 926 2329 ita
939 2311 980 2330 sa-

241 2334 361 2365 cerdotes
384 2342 447 2364 sunt
471 2335 636 2375 receptacula
661 2335 796 2375 sapientiae
819 2339 978 2378 spiritualis,

242 2374 321 2404 Esaia
342 2374 458 2410 dicente,
472 2373 506 2404 de
519 2375 629 2413 regibus
640 2375 762 2414 quidem,
783 2378 875 2407 Omne
894 2386 981 2419 caput

241 2416 274 2442 in
292 2414 413 2451 dulore;
432 2413 467 2443 de
486 2413 633 2443 sacerdotio
645 2421 746 2451 autem,
767 2417 860 2446 Omne
878 2429 930 2447 cor
949 2421 982 2448 in

243 2455 371 2483 tristitia.
385 2454 461 2484 Sicut
473 2453 545 2483 euim
559 2454 711 2484 stomachus
725 2455 858 2495 accipiens
878 2458 980 2496 cibum,

242 2493 333 2532 coquit
345 2503 407 2522 eum
421 2494 448 2522 in
459 2493 557 2533 seipse,
573 2500 599 2523 et
610 2504 659 2534 per
671 2501 757 2524 totum
768 2505 866 2536 corpus
879 2497 984 2538 disper-

244 2533 297 2572 git:
312 2532 351 2562 sic
361 2540 386 2562 et
399 2532 548 2562 sacerdotes
558 2533 693 2573 accipiunt
703 2533 840 2564 scientiam
853 2538 983 2567 sermonis

244 2582 292 2612 per
310 2572 461 2613 Scripturas
473 2583 507 2602 ex
521 2574 587 2611 Deo,
603 2580 629 2603 et
641 2575 817 2614 excoquentes
829 2586 888 2606 cam
901 2576 927 2606 in
942 2588 980 2616 se,

1030 877 1194 917 spuendum.
1222 878 1322 909 Videte
1348 889 1422 918 ergo,
1450 879 1610 918 sacerdotes,
1635 883 1772 920 quomodo

1030 928 1079 947 vos
1092 917 1258 957 componatis
1271 918 1299 947 in
1311 918 1394 948 verbo
1407 926 1433 948 et
1451 929 1540 959 opere.
1555 921 1691 958 Quoniam
1701 922 1773 953 sicut

1030 956 1057 985 in
1066 967 1189 996 corpore,
1198 957 1222 986 si
1230 957 1343 996 aliquod
1350 957 1514 988 infirmatum
1521 960 1603 990 fuerit
1611 962 1772 999 membrum,

1030 1007 1084 1025 non
1098 996 1207 1026 omnino
1221 997 1330 1036 languet
1342 1004 1369 1026 et
1379 998 1548 1035 stomachus;
1570 1000 1594 1029 si
1617 1007 1707 1030 autem
1719 1008 1773 1032 sto-

1031 1036 1142 1066 machus
1164 1036 1309 1076 lauguerit,
1335 1037 1425 1066 omnia
1451 1039 1573 1068 membra
1596 1039 1773 1071 inveniuntur

1030 1076 1138 1105 infirma
1151 1088 1157 1104 :
1170 1076 1208 1105 sic
1222 1076 1245 1105 si
1263 1076 1361 1116 aliquis
1374 1077 1589 1108 Christianorum
1609 1080 1769 1124 peccaverit,

1030 1125 1084 1145 non
1102 1116 1211 1145 omnino
1231 1123 1341 1156 peccant
1360 1123 1387 1145 et
1406 1116 1571 1155 sacerdotes3
1593 1128 1616 1147 ιι
1638 1126 1727 1150 autem
1745 1128 1771 1151 et

1030 1155 1178 1185 sacerdotes
1194 1155 1293 1185 fuerint
1305 1156 1333 1185 in
1345 1156 1470 1196 peccatis,
1485 1163 1558 1187 totus
1571 1158 1689 1198 populus
1705 1169 1771 1189 con-

1029 1195 1145 1225 vertitur
1156 1195 1191 1225 ad
1203 1195 1379 1236 peccandum.
1401 1196 1466 1226 Ideo
1484 1197 1669 1237 unusquisque
1688 1199 1770 1230 Chri-

1029 1235 1177 1265 stianorum
1190 1246 1240 1276 pro
1261 1246 1310 1264 suo
1327 1242 1434 1276 peccato
1454 1236 1548 1267 reddet
1565 1237 1711 1268 rationem:
1728 1249 1771 1269 sa-

1030 1275 1150 1304 cerdotes
1167 1283 1256 1305 autem
1273 1286 1326 1304 non
1346 1276 1435 1305 solum
1452 1287 1503 1316 pro
1521 1277 1589 1314 suis,
1611 1277 1660 1307 sed
1678 1285 1704 1308 et
1740 1289 1771 1309 ro
1782 1278 1851 1302 Hebr.
1871 1279 1904 1304 ¹3«

1030 1315 1151 1343 omnium
1165 1315 1279 1354 peccatis
1293 1315 1427 1345 reddituri
1447 1323 1510 1345 sunt
1529 1317 1670 1347 rationem.
1690 1318 1772 1349 Vidit
1785 1316 1822 1341 ¹⁷·

1030 1354 1153 1383 arborem
1166 1354 1331 1393 pallentibus
1344 1355 1417 1384 foliis
1430 1355 1590 1393 marcidam,
1602 1363 1629 1386 et
1640 1358 1773 1388 intellexit

1030 1392 1167 1422 studiosus
1180 1393 1308 1433 agricola,
1321 1394 1384 1433 quia
1398 1394 1521 1424 laesuram
1535 1396 1562 1424 in
1574 1396 1712 1426 radicibus
1724 1398 1773 1428 ba-

995 1437 1014 1461 c
1029 1432 1113 1461 beret.
1131 1433 1201 1462 Nam
1214 1443 1277 1462 vere
1293 1433 1521 1471 quemadmodum
1535 1445 1597 1465 cum
1611 1436 1714 1465 videris
1727 1447 1773 1467 ar-

1028 1471 1124 1501 borem
1147 1472 1313 1512 pallentibus
1338 1473 1429 1509 foliis,
1458 1474 1606 1504 marcidam
1630 1475 1771 1516 intelligis,

1028 1510 1092 1549 quia
1114 1511 1232 1550 aliquam
1252 1511 1361 1551 culpam
1383 1512 1464 1542 habet
1483 1513 1555 1543 circa
1574 1514 1711 1544 radicem:
1736 1517 1774 1546 ita

1028 1561 1091 1580 cum
1111 1550 1214 1580 videris
1234 1551 1367 1591 populum
1381 1551 1613 1591 indisplicinatum
1633 1561 1660 1584 et
1680 1554 1774 1584 irreli-

1028 1589 1145 1627 giosum,
1165 1590 1222 1620 sine
1240 1590 1326 1620 dubio
1346 1601 1485 1630 cognosce,
1508 1592 1572 1631 quia
1594 1593 1774 1624 sacerdotium

1028 1630 1086 1669 ejus
1108 1639 1160 1659 non
1181 1637 1221 1660 est
1239 1640 1343 1660 sanum.
1363 1631 1406 1660 Et
1417 1632 1552 1676 ejiciebat
1564 1634 1725 1663 vendentes
1744 1641 1774 1664 et

1028 1675 1156 1699 ementes
1169 1670 1206 1699 de
1227 1671 1351 1710 templo:
1367 1670 1521 1710 significans
1533 1672 1597 1711 quia
1610 1671 1691 1703 homo
1701 1683 1773 1703 mer-

1028 1715 1102 1738 cator
1119 1709 1169 1739 vix
1187 1716 1234 1739 aut
1254 1719 1402 1749 numquam
1422 1717 1509 1752 potest
1525 1712 1584 1742 Deo
1600 1712 1718 1752 placere.
1738 1713 1775 1743 Et

1028 1748 1090 1777 ideo
1103 1749 1196 1778 nullus
1213 1749 1384 1780 Christianus
1397 1750 1477 1780 debet
1490 1761 1547 1781 esse
1560 1758 1690 1782 mercator
1697 1763 1707 1791 ;
1726 1759 1774 1782 aut

1028 1788 1051 1817 si
1061 1788 1179 1818 voluerit
1196 1799 1262 1826 esse,
1277 1790 1436 1829 projiciatur
1454 1790 1489 1820 de
1504 1791 1625 1821 Ecclesia
1645 1792 1706 1828 Dei,
1726 1791 1774 1821 di-

1028 1835 1103 1857 cente
1116 1828 1265 1868 propheta:
1282 1831 1359 1868 Quia
1379 1840 1438 1859 non
1458 1832 1580 1870 cognovi
1601 1833 1774 1871 negotiatio·
1783 1841 1893 1871 peutyo.

1030 1878 1092 1904 nes,
1105 1870 1231 1897 introibo
1246 1870 1279 1897 in
1285 1870 1433 1909 potentias
1444 1870 1574 1899 Domini.
1588 1871 1773 1908 Quemadmo-
1786 1872 1823 1896 ¹⁵·

1029 1907 1095 1936 dum
1107 1908 1178 1937 enim
1193 1908 1241 1947 qui
1254 1908 1376 1938 ambulat
1389 1909 1460 1939 inter
1479 1909 1548 1939 duos
1560 1910 1696 1949 inimicos,
1715 1922 1773 1941 am-

1028 1947 1118 1976 bobus
1132 1948 1238 1986 placere
1264 1948 1369 1986 volens,
1394 1955 1421 1978 et
1443 1959 1472 1979 se
1498 1949 1694 1987 commendare,
1716 1951 1774 1980 sine

1030 1987 1190 2024 maliloquio
1204 1997 1257 2016 non
1268 1995 1440 2028 potestesse:
1456 1999 1561 2019 necesse
1572 1995 1612 2019 est
1625 1990 1696 2019 enim
1708 1997 1738 2020 ut
1747 1997 1773 2020 et

1422 2035 1449 2058 et
1461 2028 1504 2058 illi
1518 2029 1588 2058 male
1601 2029 1727 2074 loquatur
1739 2029 1774 2059 de

1030 2065 1081 2095 isto
1092 2077 1099 2095 :
1112 2066 1151 2095 sic
1164 2067 1211 2105 qui
1225 2067 1290 2096 emit
1301 2074 1326 2096 et
1339 2066 1442 2102 vendit,
1458 2068 1516 2097 sine
1527 2069 1666 2098 mendacio
1676 2075 1703 2098 et
1716 2079 1773 2109 per-

1027 2105 1102 2145 jurio
1115 2116 1170 2134 esse
1184 2116 1236 2135 non
1251 2113 1353 2151 potest:
1369 2117 1474 2136 necesse
1487 2114 1527 2136 est
1546 2108 1619 2137 enim
1643 2114 1671 2137 ut
1689 2118 1772 2148 nego·

1030 2144 1174 2174 tiatoribus
1191 2145 1236 2175 hic
1245 2153 1328 2185 juret,
1347 2146 1412 2185 quia
1430 2157 1483 2176 non
1501 2153 1606 2176 tantum
1627 2148 1697 2177 valet
1717 2158 1771 2184 res,

1031 2191 1161 2222 quantum
1183 2192 1319 2225 comparat
1331 2196 1401 2223 eam,
1420 2192 1447 2216 et
1468 2186 1516 2215 ille
1535 2187 1609 2226 juret
1625 2187 1690 2225 quia
1710 2187 1774 2227 plus

1030 2224 1103 2253 valet
1116 2234 1168 2260 res,
1184 2235 1265 2264 quam
1277 2225 1379 2254 vendit.
1397 2225 1452 2256 Sed
1469 2233 1509 2255 est
1522 2236 1571 2255 nec
1590 2226 1695 2256 stabilis
1708 2227 1776 2256 sub-

1031 2264 1127 2293 stantia
1140 2275 1245 2294 eorum.
1261 2264 1372 2294 Talium
1386 2265 1458 2294 enim
1471 2265 1620 2296 substantia
1638 2273 1685 2295 aut
1708 2266 1717 2295 i
1737 2266 1774 2295 sis

1033 2303 1186 2334 viventibus
1206 2304 1324 2349 peritura
1349 2312 1399 2342 est,
1423 2311 1470 2334 aut
1488 2316 1504 2334 a
1522 2306 1600 2335 malis
1630 2277 1775 2336 heredibus

1030 2343 1186 2383 dissipanda
1197 2351 1246 2381 est,
1261 2351 1308 2373 aut
1320 2344 1356 2373 ad
1366 2351 1506 2374 extraneos
1516 2352 1542 2374 et
1554 2345 1679 2375 inimicos
1701 2345 1775 2375 heie-

1031 2382 1102 2412 ditas
1113 2383 1234 2423 ipsorum
1247 2390 1359 2413 ventura
1377 2391 1427 2414 est.
1443 2385 1503 2414 Non
1523 2392 1611 2425 potest
1622 2384 1658 2414 ad
1671 2385 1773 2414 bonnm

1032 2423 1162 2462 proficere
1181 2423 1256 2463 quod
1277 2430 1455 2464 congregatur
1475 2423 1509 2453 de
1531 2424 1614 2453 malo.
1634 2423 1775 2462 Quemad—

1032 2462 1144 2492 modum
1166 2463 1189 2493 si
1209 2463 1341 2501 triticum,
1365 2470 1411 2493 aut
1427 2463 1548 2502 aliquam
1565 2463 1639 2493 bladi
1661 2464 1777 2505 speciem

1033 2512 1124 2531 cernas
1139 2502 1165 2531 in
1186 2503 1286 2539 cribro,
1309 2502 1375 2532 dum
1388 2503 1443 2532 huc
1456 2503 1576 2542 illucque
1591 2503 1677 2543 jactas
1698 2514 1775 2540 eum,

1034 2551 1115 2585 grana
1128 2542 1217 2572 omnia
1228 2543 1358 2587 paulatim
1370 2542 1496 2573 deorsum
1514 2542 1625 2581 cadimt,
1640 2550 1666 2573 et
1678 2543 1706 2573 in
1723 2544 1777 2573 fine

1036 2590 1063 2609 m
1077 2581 1167 2611 cribro
1178 2582 1247 2612 nihil
1258 2589 1386 2621 remanet,
1398 2582 1451 2612 nisi
1465 2589 1566 2613 stercus
1579 2583 1684 2613 solum:
1700 2584 1739 2614 sic
1751 2591 1777 2614 et
