1890 2826
608 182 766 207 SYNOPSIS
793 180 982 206 scnu‘TuRAE
1008 182 1133 206 sAcnAE.

91 249 196 289 Γερσέμ
209 245 254 278 καὶ
272 245 316 276 τὸν
331 245 460 286 Ἐλιέζερ.
475 244 648 285 Ποιμαίνοντι
671 244 699 274 δὲ
723 245 793 283 αὐτῷ
808 244 860 273 λα-

90 297 132 326 λεῖ
151 296 166 324 ὁ
185 293 254 327 Θεός
263 305 269 312 ·
281 292 324 323 ὅτε
338 288 428 330 ἦλθεν,
440 287 492 321 εἶδε
509 291 540 321 τὸ
551 291 596 320 ἐπὶ
608 293 656 326 τῆς
669 290 749 331 βάτου
762 292 860 329 θαῦμα,

90 339 134 369 ὅτε
145 338 247 369 ἐκαίετο
255 359 263 374 ,
274 337 320 367 καὶ
330 337 360 366 οὗ
373 335 537 367 κατεκαίετο.
549 335 602 366 Καὶ
614 334 771 365 ἀποστέλλει
782 333 861 363 αὐτὸν

91 387 128 419 εἰς
141 384 276 425 Αἴγυπτον
288 383 386 422 λέγων·
397 383 469 418 εἰπὲ,
481 382 553 423 Ἐγώ
567 384 623 422 εἶμι
633 384 647 411 ὁ
658 381 704 411 ὤν.
716 379 862 411 Κελεύεται

91 430 120 462 δὲ
146 434 302 470 συναγαγεῖν
322 429 370 466 τὴν
390 428 527 469 γερουσίαν
536 449 545 464 ,
559 428 604 458 καὶ
629 427 711 461 οὕτως
737 427 861 456 εἰσελθεῖν

92 477 156 517 πρὸς
167 476 271 517 Φαραὼ
279 498 287 511 ,
298 478 313 493 *
321 475 365 506 καὶ
378 476 556 515 παραγγεῖλαι
567 476 606 515 τῷ
616 475 674 514 λαῷ
683 496 692 510 ,
701 473 780 509 ἡνίκα
795 474 862 502 ἀπο-

91 523 214 563 τρέχουσι
224 546 232 560 ,
245 522 397 563 χρήσασθαι
411 521 492 557 σκεύη
505 523 608 561 ἃργυρᾶ
621 520 666 549 καὶ
680 524 769 560 χρυσᾶ
789 518 863 559 παρὰ

92 571 146 598 τῶν
167 568 300 609 γειτόνων.
313 568 367 598 Καὶ
388 567 493 598 δίδωσιν
513 569 586 607 αὐτῷ
606 570 705 606 σημεῖα
717 570 777 595 τοῖα
797 565 864 604 πρὸς

93 615 124 645 τὸ
136 616 322 650 πιστευθῆναι,
334 614 382 650 τὴν
395 613 501 654 ῥάὸδσν,
515 613 532 649 ἢ
549 612 655 653 γέγονεν
669 613 741 653 ὄφις,
753 612 801 647 τὴν
814 612 861 640 ἀλ-

93 661 199 691 λοίωσιν
218 662 265 696 τῆς
284 660 371 700 χειρὸς
385 661 463 689 αὐτοῦ
473 671 479 678 ·
491 659 581 698 γε’γονε
594 658 645 698 γὰρ
668 659 704 691 ὡς
724 657 804 698 χιὼν,
818 656 864 686 καὶ

1584 170 1654 205 583

915 242 951 272 rit
966 242 1013 272 illa
1026 244 1116 284 Moysi
1131 244 1244 274 Gersem
1256 250 1282 273 et
1295 243 1407 275 Elieser.
1423 244 1479 284 Ipsi
1497 254 1589 284 greges
1607 255 1657 284 pa·-

914 289 997 318 scenti
1010 289 1131 329 loquitur
1142 293 1214 321 Deus
1223 302 1232 329 ;
1249 301 1310 320 cum
1329 291 1448 327 accessit,
1463 290 1533 320 vidit
1546 290 1575 320 in
1589 291 1657 320 rubo

916 335 1076 365 miraculum
1099 336 1181 374 illud,
1193 347 1254 366 cum
1274 343 1397 367 ureretur
1410 343 1436 366 et
1451 346 1502 366 non
1516 337 1658 366 combure-

915 388 1000 411 retur.
1015 383 1050 412 Et
1063 383 1147 412 mittit
1160 383 1240 412 illum
1255 383 1331 412 Deus
1342 383 1369 412 in
1382 383 1529 423 AEgyptum
1543 382 1633 412 dicens
1649 396 1655 412 ι

915 428 966 457 Dic
981 428 1035 466 [de
1048 440 1091 458 me
1101 431 1128 467 ],
1143 431 1208 470 Ego
1224 440 1285 459 snm
1305 430 1358 469 qui
1373 440 1445 459 sum.
1458 429 1576 460 Jubetur
1592 439 1657 458 con-
1668 437 1745 458 Exod.
1758 434 1781 457 3.

915 484 1025 514 gregare
1036 475 1174 505 seniorum
1186 483 1296 512 coetum,
1303 483 1330 505 et
1340 476 1378 506 sic
1388 476 1488 505 intrare
1497 474 1532 505 ad
1540 475 1659 505 Pharao-
1671 467 1706 498 ’θ’

915 529 988 554 nem,
1011 521 1207 561 praecipereque
1222 522 1336 562 populo,
1360 529 1390 551 ut
1409 532 1471 551 cum
1491 521 1659 561 aufugerent,

915 576 979 596 vasa
988 574 1111 607 argentea
1119 575 1146 597 et
1155 579 1235 597 aurea
1249 575 1436 597 mutuarentur
1447 578 1462 596 a
1473 567 1582 597 vicinis.
1595 568 1661 597 Dat-

915 623 969 652 que
986 613 1028 642 illi
1047 614 1111 643 talia
1131 614 1206 653 signa
1221 621 1250 643 ut
1262 614 1330 643 fides
1342 614 1366 643 ei
1380 614 1535 650 haberetur,
1556 613 1664 654 virgam

916 671 977 699 quae
997 671 1074 690 versa
1094 667 1134 690 est
1151 660 1180 689 in
1200 666 1365 700 serpentem,
1379 659 1554 689 mutationem
1569 670 1665 689 manus

93 706 174 736 πάλιν
190 706 394 741 ἀποκατεστάθη
409 707 444 739 εἷς
457 705 506 741 τὴν
521 704 618 734 οἰκείαν
631 703 734 744 χροιὰν,
750 702 780 732 τὸ
794 702 864 743 ὕδωρ
880 706 899 729 Ε
917 716 988 743 suae;
1004 706 1071 735 facta
1087 706 1189 746 quippe
1205 713 1243 735 est
1262 706 1324 735 alba
1341 705 1409 735 sicut
1428 705 1478 734 nix
1492 707 1541 742 (ex
1561 705 1663 745 lepra),

94 755 140 782 τοῦ
165 755 296 791 ποταμοῦ.
310 752 432 792 Ἐκχεεῖς
449 751 501 791 γὰρ
527 752 574 780 ἀπ’
589 751 668 780 αὐτοῦ
678 773 686 787 ,
707 749 796 790 φησὶν,
820 749 865 778 ἐπὶ
917 759 943 781 et
952 762 1061 781 rursum
1071 752 1191 781 restituta
1201 751 1274 781 estin
1282 751 1425 792 pristinum
1434 751 1559 788 colorem;
1569 761 1665 790 aquam

96 798 145 835 τὴν
159 798 248 838 ξηρὰν,
258 797 304 827 καὶ
317 797 391 827 ἔσται
401 793 479 837 αἷμα.
489 797 524 827 Ὁ
536 796 563 826 δὲ
579 797 695 832 Μωῦσῆς
706 800 864 835 παρῃτεῖτὸ·
919 798 983 827 item
1002 798 1131 827 fluminis.
1146 799 1175 827 Ε
1166 798 1300 839 ffimdes
1316 797 1399 834 enim,
1414 797 1513 836 inquit,
1530 808 1567 826 ez·
1585 807 1622 826 ea
1635 798 1666 826 in
1673 807 1750 829 Ena.
1762 807 1814 835 49.

95 844 156 873 τότε
169 843 298 884 ὀργισθεὶς
319 846 333 873 ὁ
351 843 435 879 Θεὸς,
449 842 598 876 συνέζευξεν
611 841 684 881 αὖτῷ
697 840 741 870 τὸν
756 839 866 880 Ἀαρών·
919 845 1047 881 aridam,
1059 850 1087 873 et
1100 846 1221 884 sanguis
1240 846 1306 873 erit.
1325 843 1483 872 Reluctante
1496 845 1602 883 Moyse,
1614 843 1664 872 ira·

97 890 252 930 Ἀπήγγειλε
266 891 383 925 Μωϋσῆς
395 891 434 929 τῷ
447 889 564 928 πενθερῷ
579 889 657 917 αὐτοῦ
670 889 709 927 τῷ
720 887 812 926 Ἰοθὸρ,
827 886 868 915 ὅτι
921 897 963 919 tus
991 892 1065 920 Deus
1092 890 1218 930 adjunxit
1242 890 1294 930 ipsi
1318 891 1461 919 Aaronem.
1489 890 1666 919 Annuntiavit

97 936 189 975 μέλλει
202 938 239 969 εἷς
253 935 386 975 Αἴγυπτον
398 934 513 964 ἀπιέναι.
526 934 580 964 Καὶ
594 933 799 969 τελευτήσαντος
821 934 867 961 τοῦ
920 937 1029 976 Moyses
1043 936 1149 966 Jothopi
1165 946 1256 965 socero
1277 945 1337 972 suo,
1352 946 1380 964 se
1400 935 1428 964 in
1448 935 1597 975 AEgyptum
1609 945 1667 965 esse

98 981 227 1022 βασιλέως
239 984 285 1011 τοῦ
299 983 438 1017 ζητοῦντος
451 981 531 1010 αὐτοῦ
544 979 592 1016 τὴν
611 979 708 1020 ψυχὴν,
720 978 799 1019 φησὶν
821 979 868 1007 αὖ·
920 982 1117 1021 profecturum.
1134 983 1298 1020 Mortuoque
1311 992 1383 1021 rege,
1398 981 1444 1020 qui
1458 981 1548 1021 ipsum
1562 981 1665 1011 interfi-

97 1030 135 1068 τῷ
149 1030 163 1058 ὃ
174 1027 258 1065 Θεὸς,
271 1027 311 1056 ὅτι
330 1026 440 1056 Εἶσελθε
459 1028 496 1059 εἷς
507 1025 648 1065 Αἴγυπΐον·
661 1024 695 1054 Ὁ
710 1025 737 1053 δὲ
759 1023 793 1052 τὰ
807 1035 911 1067 παι-327
921 1038 980 1056 cere
994 1028 1138 1066 quaerebat,
1153 1027 1190 1056 ait
1201 1027 1243 1056 illi
1252 1029 1325 1056 Deus
1339 1039 1346 1055 :
1359 1028 1513 1067 Ingredere
1524 1029 1556 1056 in
1566 1029 1665 1068 AEgy-
1672 1036 1732 1059 Ibid.
1745 1043 1811 1066 v.x9.

98 1073 141 1103 δία
152 1074 198 1103 καὶ
220 1074 268 1110 τὴν
293 1078 404 1113 γυναῖκα
422 1072 522 1109 λαὸὼν,
537 1071 618 1105 οὕτως
631 1070 799 1111 εἰσῄει-’Διὸ
823 1069 868 1099 καὶ
884 1077 903 1099 Α
919 1079 1012 1112 ptum.
1037 1073 1089 1102 Ille
1109 1083 1174 1103 vero
1195 1073 1320 1102 assumtis
1340 1073 1404 1102 filiis
1423 1084 1484 1102 cum
1507 1084 1609 1110 uxore,
1629 1074 1668 1104 sic

98 1119 207 1159 ἄγγελος
219 1119 339 1160 φαίνεται
353 1119 441 1159 φοὸῶν
453 1117 541 1148 αὐτόν.
555 1118 596 1147 Οὐ
610 1117 663 1157 γὰρ
678 1116 720 1146 διὰ
733 1116 782 1153 τὴν
796 1128 869 1156 περι·
921 1119 1056 1159 profectus
1070 1126 1119 1148 est.
1135 1118 1200 1148 Ideo
1215 1119 1325 1158 angelus
1336 1118 1387 1159 ipsi
1398 1126 1520 1159 apparet,
1533 1126 1668 1149 exterrens

98 1164 182 1204 τομὴν
195 1166 205 1205 (
213 1167 236 1195 εἰ
250 1165 301 1205 γὰρ
312 1167 360 1201 τῆς
376 1166 521 1204 περιτομῆς
534 1164 630 1200 ἕνεκεν,
645 1164 726 1203 ἐχρῆν
742 1162 778 1201 μὴ
800 1161 869 1202 πρό-
922 1175 994 1193 eum.
1008 1166 1068 1195 Non
1080 1164 1152 1194 enim
1173 1171 1282 1204 propter
1301 1164 1532 1195 circumcisionem
1542 1166 1582 1203 (si
1596 1166 1668 1195 enim

97 1223 172 1252 τερον
187 1213 333 1247 ἀναστῆναι
347 1211 392 1240 τὸν
406 1210 526 1250 ἄγγελον,
541 1210 590 1243 ἕως
610 1205 639 1239 οἶ
663 1209 708 1239 καὶ
721 1207 766 1238 τὸν
782 1208 870 1248 ἕτερον

98 1256 251 1297 περιέτεμεν
270 1259 288 1293 ἡ
314 1256 432 1297 μήτηρ),
453 1258 512 1286 ἀλλ’
526 1255 593 1296 ὑπὲρ
616 1257 661 1284 τοῦ
688 1255 726 1293 μὴ
753 1253 802 1290 τὴν
822 1265 868 1293 γυ-

98 1307 177 1332 ναῖκα
186 1303 277 1333 λαὸεἷν
289 1304 326 1336 εἰς
339 1303 484 1343 Αἴγυπτον.
495 1303 536 1332 Οὔ
544 1301 596 1341 γὰρ
605 1302 711 1336 οἰκῆσαι
723 1301 778 1329 ἐκεῖ
787 1299 869 1338 ἕπε’μ-

97 1360 177 1385 πετο,
193 1348 253 1379 ἀλλ’
275 1349 410 1388 ἐξαγαγεῖν
434 1348 479 1377 τὸν
493 1347 618 1387 Ἰσραήλ·
640 1346 705 1386 ὅπερ
724 1345 770 1375 καὶ
792 1345 870 1378 αὐτὸς

97 1394 219 1431 συνιδὼν,
235 1394 327 1435 ἀφίησι
349 1393 398 1430 τὴν
421 1397 543 1434 γυναῖκα.
559 1392 613 1422 Καὶ
627 1391 705 1422 πόθεν
728 1392 806 1427 δῆλον
828 1390 870 1420 ὅτι

97 1443 212 1481 ἀφῆκεν;
227 1440 377 1470 Ἀπελθόντι
390 1441 463 1480 αὐτῷ
483 1438 510 1473 ἐξ
526 1438 662 1478 Αἰγύπτου
682 1439 788 1477 ἀπαντᾷ
802 1435 870 1476 μετὰ

97 1489 146 1522 τῆς
168 1486 290 1527 γυναικὸς
312 1488 327 1515 ὁ
352 1486 475 1525 πενθερὸς
496 1484 591 1524 Ἰοθόρ.
613 1483 744 1524 Ἔρχεται
770 1482 870 1522 Ἀαρὼν

98 1532 164 1572 πρὸς
183 1534 311 1568 Μωῦσῆν,
324 1531 370 1561 καὶ
383 1531 526 1572 ἀμφότεροι
543 1529 691 1569 συνήγαγον
709 1528 758 1564 τὴν
774 1539 870 1568 γερου-

99 1576 158 1606 σίαν
172 1577 292 1617 Ἰσραὴλ,
306 1577 352 1607 καὶ
377 1576 540 1615 ἀπήγγειλαν
568 1577 654 1607 αὐτοῖς
667 1574 702 1603 τὰ
725 1573 800 1614 παρὰ
823 1576 869 1603 τοῦ

98 1624 184 1652 Θεοῦ·
196 1625 220 1652 οἱ
244 1623 271 1652 δὲ
293 1622 438 1663 ἐχάρησαν.
452 1622 500 1655 Ὡς
514 1621 541 1651 δὲ
565 1620 610 1650 καὶ
625 1619 690 1660 πρὸς
702 1619 747 1648 τὸν
765 1618 870 1659 Φαραὼ

99 1669 230 1704 εἰσῆλθον,
252 1668 297 1698 καὶ
317 1667 437 1696 ἐκέλευον
456 1665 656 1700 ἐξαποστέλλειν
679 1664 723 1693 τὸν
746 1664 819 1701 λαὸν,
840 1665 870 1693 οὐ

100 1714 177 1753 μόνον
191 1716 239 1743 οὐκ
252 1710 316 1749 εἶξεν
329 1715 343 1743 ὃ
358 1713 496 1753 βασιλεὺς,
511 1711 580 1742 ἀλλὰ
594 1711 639 1740 καὶ
658 1710 738 1741 πλέον
753 1710 872 1740 ἐκάκωσε

99 1760 159 1794 τοὺς
173 1759 357 1801 Ἰσραηλίτας,
370 1758 497 1792 κελεύσας
519 1758 556 1797 μὴ
573 1757 689 1788 δίδοσθαι
703 1758 790 1790 αὐτοῖς
801 1756 871 1796 ἄχυ-

101 1818 155 1846 ρον,
168 1807 227 1836 ἀλλ’
243 1805 337 1839 αὐτοὺς
351 1806 395 1845 ἀφ’
420 1805 520 1834 ἑαυτῶν
544 1802 671 1844 πορίζειν.
685 1802 733 1836 Ὡς
752 1801 780 1831 δὲ
804 1803 871 1841 ἔμα-

100 1851 244 1892 στίχθησαν
259 1852 283 1881 οἱ
294 1855 460 1891 γραμματεῖς
481 1849 525 1879 διὰ
546 1849 577 1878 τὸ
599 1848 636 1888 μὴ
656 1850 821 1888 πληροῦσθαι
841 1847 872 1877 τὸ

99 1897 191 1938 ἔργον,
206 1897 327 1937 ἐνέτυχον
341 1899 379 1936 τῷ
393 1895 497 1935 Φαραὼ
508 1917 516 1932 ,
528 1894 574 1924 καὶ
593 1894 666 1924 οὐδὲν
680 1894 795 1928 ὤνησαν.
817 1894 872 1923 Κα-

99 1943 198 1973 τιὸόων
211 1943 303 1973 λοιπὸν
312 1946 358 1972 τοῦ
373 1940 507 1974 Μωῦσέως
515 1952 521 1960 ·
531 1940 578 1970 καὶ
590 1939 670 1970 πάλιν
681 1939 872 1970 ἀποστέλλεται

100 1989 167 2029 πρὸς
187 1989 248 2022 τοὺς
263 1988 444 2029 Ἰσραηλίτας,
458 1986 687 2027 εὐαγγελιζόμενος
711 1986 798 2015 αὐτῶν
822 1985 871 2021 τὴν

922 1209 1132 1239 circumcisionis
1143 1221 1233 1247 causa,
1245 1210 1385 1250 oportebat
1398 1220 1451 1239 non
1461 1218 1521 1240 ante
1531 1211 1668 1241 discedere

921 1256 1067 1295 angelum,
1089 1250 1170 1295 quam
1189 1256 1304 1285 alterum
1324 1262 1409 1285 mater
1430 1256 1664 1295 circumcidisset),

921 1301 970 1331 sed
993 1302 1054 1331 ideo
1074 1303 1220 1342 apparuit,
1241 1309 1272 1332 ut
1294 1312 1347 1332 non
1373 1313 1484 1332 uxorem
1506 1303 1615 1333 duceret
1637 1304 1666 1333 in

921 1348 1083 1388 AEgyptum.
1099 1350 1159 1379 Non
1179 1349 1251 1378 enim
1265 1359 1297 1377 eo
1310 1349 1479 1385 mittebatur,
1492 1357 1523 1379 ut
1542 1350 1600 1380 illic
1618 1351 1666 1379 ha-

921 1394 1028 1431 bitaret,
1041 1395 1088 1424 sed
1102 1402 1132 1425 ut
1141 1395 1266 1425 educeret
1277 1395 1404 1425 Israfilem
1422 1408 1429 1425 ι
1445 1397 1518 1435 quod
1527 1404 1553 1426 et
1566 1397 1612 1426 ille
1625 1397 1667 1426 in-

921 1440 1054 1480 telligens,
1066 1441 1169 1470 remisit
1182 1451 1304 1470 uxorem.
1321 1442 1356 1471 At
1365 1441 1436 1471 unde
1447 1443 1536 1482 palam
1545 1450 1585 1472 est
1594 1443 1668 1482 quod

921 1486 1077 1516 remiserit?
1096 1489 1159 1517 Post
1180 1487 1328 1517 discessum
1352 1498 1387 1517 ex
1410 1488 1530 1529 AEgypto
1552 1490 1669 1519 occurrit

921 1531 963 1560 illi
983 1543 1045 1561 cum
1063 1543 1148 1562 uxore
1166 1533 1252 1573 ipsius
1271 1534 1368 1564 Jothor
1389 1545 1466 1564 socer
1490 1536 1559 1575 ejus.
1583 1536 1668 1565 Venit

922 1577 1013 1607 Aaron
1028 1578 1062 1607 ad
1076 1580 1210 1618 Moysem,
1221 1585 1247 1608 et
1256 1580 1335 1608 ambo
1348 1588 1541 1620 congregarunt
1550 1582 1666 1611 seniores

887 1631 904 1654 B
922 1623 1044 1659 Israelis,
1061 1630 1087 1653 et
1105 1623 1172 1663 ipsis
1189 1625 1377 1654 renuntiarunt
1393 1626 1444 1655 Dei
1462 1626 1586 1656 mandata
1600 1639 1608 1657 z
1624 1627 1667 1656 illi

923 1676 1011 1698 autem
1026 1670 1110 1709 gavisi
1122 1676 1192 1699 sunt.
1209 1670 1266 1700 Ubi
1279 1681 1344 1700 vero
1355 1671 1387 1700 ad
1400 1672 1567 1702 Pharaonem
1579 1685 1667 1703 acces·

923 1721 1026 1751 serunt,
1039 1716 1231 1755 jusseruntque
1243 1726 1304 1745 eum
1315 1715 1450 1747 dimittere
1460 1719 1602 1759 populum,
1613 1730 1666 1749 non

923 1759 1003 1789 modo
1020 1770 1073 1789 non
1092 1761 1187 1789 annuit
1205 1771 1264 1797 rex,
1279 1762 1325 1790 sed
1336 1762 1416 1792 etiam
1435 1765 1566 1794 IsraeLlitas
1577 1766 1665 1796 wehe-

923 1805 1040 1835 mentius
1058 1805 1168 1842 afflixit,
1180 1806 1278 1846 jubens
1292 1817 1325 1836 ne
1344 1807 1453 1838 daretur
1465 1810 1502 1840 eis
1511 1811 1597 1851 palea,
1619 1811 1667 1841 sed

924 1861 954 1883 ut
972 1854 1026 1894 ipsi
1047 1863 1106 1882 eam
1129 1853 1181 1882 sibi
1198 1854 1356 1893 reperirent.
1377 1856 1446 1885 Cum
1463 1864 1552 1887 autem
1573 1858 1667 1887 scrihae

923 1900 1140 1936 verberarentur,
1149 1898 1223 1938 quod
1234 1910 1303 1939 opus
1314 1910 1367 1930 non
1381 1901 1538 1942 impleretur
1547 1926 1554 1940 ,
1566 1904 1666 1934 Phara-

924 1956 1001 1975 onem
1014 1944 1147 1981 adierunt,
1161 1944 1283 1984 nihilque
1295 1946 1482 1986 impetrarunt.
1495 1950 1572 1979 Tunc
1583 1950 1667 1980 occla-

924 1998 1032 2021 marunt
1043 1998 1134 2021 contra
1146 1993 1270 2032 Moysem
1286 2005 1293 2021 ε
1309 2004 1470 2033 rursumque
1489 1996 1606 2026 mittitur
1620 1997 1667 2026 ille

101 2035 198 2070 ἔξοδον·
211 2037 248 2065 θῖ
263 2035 290 2065 δὲ
308 2036 356 2065 οὐκ
369 2034 486 2070 ἤκουσαν
499 2033 635 2066 Μωῧσέως
649 2032 701 2062 ἀπὸ
718 2034 766 2068 τῆς
782 2033 871 2071 ὄλῑγῡ-
887 2036 906 2059 C
924 2037 959 2067 ad
976 2038 1124 2074 lsrafflitas,
1145 2038 1248 2067 exitum
1274 2038 1331 2068 illis
1351 2041 1522 2071 annuntians.
1541 2042 1587 2071 llli
1604 2054 1668 2072 vero

101 2080 198 2120 ψυχίας
211 2081 305 2109 αὐτῶν.
320 2079 452 2109 Ἐνταῦθα
467 2079 662 2118 γενεαλογεῖται
680 2079 797 2113 Μωῦσῆς
806 2100 814 2113 ,
826 2077 872 2106 καί

102 2137 181 2165 φησιν
194 2126 266 2166 αὐτῷ
279 2128 294 2155 ὁ
306 2124 387 2159 826<-
402 2124 512 2154 Δέδωκά
526 2135 555 2153 σε
569 2123 626 2153 θεὸν
639 2125 677 2163 τῷ
692 2122 812 2163 Φαραώ·
826 2122 872 2152 καὶ

102 2171 259 2201 ἀποστέλλει
279 2170 357 2200 αὐτὸν
381 2171 445 2210 πρὸς
464 2169 585 2210 Φαραὼ,
605 2169 731 2202 κελεύσας
745 2168 872 2202 ἐπιδεῖξαι

103 2221 222 2256 σημεῖον,
236 2219 259 2246 εἷ
273 2217 403 2253 αἰτήσειεν
424 2218 438 2245 ὁ
453 2215 589 2255 βασιλεὺς,
609 2216 640 2245 τὸ
653 2217 701 2251 τῆς
715 2215 811 2255 ῥάὸὂου
824 2217 872 2250 τῆς

103 2264 140 2297 εἷς
153 2263 210 2303 ὄφιν
233 2262 400 2303 στραφείσης.
413 2261 461 2295 Ὡς
476 2261 503 2291 δὲ
525 2262 627 2301 ἐγένετο
640 2264 657 2297 ἡ
682 2261 777 2301 ῥάὸδος
799 2261 872 2301 ὄφις,

103 2313 149 2343 καὶ
172 2315 219 2343 οὐκ
241 2308 447 2353 εἶξε,τρέπεται
468 2311 499 2341 τὸ
528 2311 598 2351 ὕδωρ
619 2314 665 2341 τοῦ
689 2314 810 2350 ποταμοῦ
838 2313 874 2345 εἷς

105 2361 171 2404 αἷμα
179 2387 188 2401 ,
201 2365 349 2404 πληροῦται
363 2365 380 2399 ἡ
390 2364 424 2402 γῆ
438 2362 578 2403 βατράχων
586 2374 593 2381 ·
604 2357 661 2391 εἶτα
674 2366 781 2396 σκνῖπες
793 2363 873 2399 ἔπῆλ-
902 2364 905 2367 ’

138 2463 148 2472 ·
165 2461 214 2486 uic
223 2460 328 2486 omnino
338 2458 469 2494 legendum
478 2463 515 2485 καὶ
525 2461 676 2494 παραγγεῖλαι
689 2465 721 2485 τῶ
734 2461 789 2492 λαῷ,
799 2462 863 2489 ἡνίκα

107 2505 294 2535 &norme-soffia
305 2501 340 2525 sic
351 2498 429 2524 babet
441 2497 614 2532 Lugdunensis
625 2497 720 2523 Codex.
732 2497 863 2523 Coislinifl-

108 2549 154 2565 nus
163 2548 221 2565 vero
231 2544 268 2566 καὶ
279 2542 424 2575 παρήγγειλε.

141 2588 151 2598 ⁵·
169 2580 228 2604 uase
239 2578 331 2603 dicitur
343 2578 416 2603 fuisse
427 2577 549 2602 sententia
562 2575 644 2601 Rabbi
658 2575 801 2607 Abrahami,
814 2585 861 2601 an-

925 2094 958 2113 ne
970 2083 1115 2113 audierunt
1135 2083 1244 2122 quidem
1259 2086 1392 2125 Moysem‚
1407 2093 1462 2116 tam
1477 2087 1579 2127 dejecto
1594 2096 1668 2118 erant

925 2130 1025 2159 animo.
1039 2130 1091 2160 Hic
1104 2130 1231 2160 scribitur
1245 2132 1349 2171 Moysis
1367 2132 1531 2173 genealogia,
1543 2141 1570 2164 et
1578 2135 1615 2164 ait
1625 2135 1666 2164 illi

927 2179 998 2207 Deus
1010 2189 1018 2207 ε
1031 2177 1109 2207 Dedi
1119 2184 1147 2207 te
1156 2178 1243 2207 deum
1254 2179 1408 2208 Pharaoni
1420 2191 1428 2208 .·
1442 2180 1575 2220 mittitque
1588 2182 1665 2211 illum
1675 2190 1752 2213 Eud.
1762 2197 1810 2220 7-1·

926 2223 961 2253 ad
975 2223 1154 2260 Pharaonem,
1173 2223 1273 2263 jubens
1294 2224 1433 2255 ostendere
1450 2226 1568 2266 signum,
1581 2228 1603 2256 si
1619 2238 1665 2256 rex

925 2276 1036 2311 peteret,
1059 2270 1142 2310 virgae
1159 2270 1187 2300 in
1204 2278 1352 2311 serpentem
1365 2282 1507 2302 conversae.
1520 2274 1558 2303 Ut
1579 2280 1666 2302 autem

926 2317 1002 2356 virga
1016 2317 1044 2346 in
1055 2324 1202 2357 serpentem
1218 2324 1318 2346 mutata
1329 2324 1378 2354 est,
1393 2328 1440 2347 nec
1453 2326 1539 2348 tamen
1554 2331 1601 2349 rex
1611 2330 1666 2349 ces—

929 2364 981 2401 sit,
994 2362 1107 2393 vertitur
1119 2373 1187 2401 aqua
1204 2362 1324 2392 fluminis
1337 2363 1365 2392 in
1381 2365 1548 2403 sanguinem,
1563 2365 1664 2404 imple-

911 2458 993 2493 gelum
1009 2467 1061 2484 non
1074 2458 1131 2484 ideo
1142 2460 1254 2492 Moysem
1267 2458 1381 2484 occidere
1393 2458 1507 2489 voluisse,
1518 2459 1586 2492 quod
1601 2461 1664 2486 filios

911 2507 962 2523 non
973 2498 1180 2528 circumcidisset,
1188 2497 1231 2523 sed
1239 2497 1308 2531 quod
1319 2506 1420 2522 uxorem
1429 2504 1455 2522 et
1466 2497 1530 2523 filios
1541 2499 1614 2525 simul
1627 2510 1665 2526 se—

911 2546 969 2562 cum
981 2537 1118 2563 adduceret
1131 2546 1137 2561 :
1156 2543 1182 2562 et
1194 2535 1333 2570 probabilis
1344 2542 1411 2562 certe
1423 2545 1451 2562 ea
1467 2538 1532 2563 ratio
1549 2545 1599 2571 est,
1610 2549 1665 2573 qua:

912 2576 952 2601 hic
964 2576 1075 2602 affertur.
