1904 2840
77 482 143 504 Rom.
151 481 215 510 214.

77 829 145 852 Rom.
155 836 207 853 lo.2

227 202 300 250 894
823 212 908 236 opus
935 211 1177 237 fflreamc'rum

226 275 308 305 semel
321 272 554 319 perdideruntstd
559 274 701 313 perfectam
710 273 834 304 notitiam
848 274 970 304 veritatis
989 277 1009 301 Α
1024 275 1096 304 enim
1109 275 1186 305 aliud
1206 275 1244 306 sic
1261 275 1383 316 vigorem
1394 275 1460 308 fidei
1474 276 1504 306 in
1516 276 1674 308 hominibus
1685 277 1769 315 laxat,

226 315 314 344 redire
326 324 378 342 non
390 320 520 353 poterant,
528 313 580 342 nisi
593 313 661 349 dies,
672 313 775 343 seilicet
787 313 912 344 Christus
923 325 971 344 ve-

226 355 317 389 nisset,
336 353 461 392 quamvis
482 353 553 382 cirea
573 353 713 383 veritatem
732 353 872 383 vivebant.
894 355 970 391 Quo-

226 393 306 422 modo
322 393 400 432 juxta
419 392 557 422 veritatem
576 393 621 423 vel
641 393 770 422 rationem
782 393 858 423 verbi
881 400 971 433 gentes

226 432 474 463 conversabantur?
488 432 572 471 Leges
588 432 758 462 rationabiles
776 433 969 473 proponebant,

228 472 328 504 sincera
333 471 436 512 judicia
443 471 613 512 judicabant,
626 472 731 502 dicente
745 473 882 512 apostolo:
897 473 971 502 Cum

227 513 304 541 enim
319 518 429 551 gentes,
445 521 510 551 qum
527 512 619 552 legem
634 522 693 540 non
715 513 836 549 habent,
850 518 971 542 natura-

228 551 295 580 liter
308 561 343 580 ea
360 562 426 591 quce
437 551 509 592 legis
521 552 741 592 sunt,saciunt.
751 552 823 591 Ergo
833 553 910 591 quasi
925 553 971 592 ju-

227 592 326 621 stitiam
349 590 460 630 quidem
489 590 631 627 faciebant,
657 590 704 620 sed
729 591 861 631 justitiam
884 598 972 621 tenere

226 642 279 660 non
301 637 430 671 poterant,
444 640 497 659 nou
509 630 592 660 intelli
613 637 686 660 entes
703 630 839 669 quomodo
852 638 973 671 oporteat

227 671 295 700 scire
312 682 319 699 ε
334 671 398 709 quia
418 669 465 709 qui
481 671 568 700 Deum
587 641 691 709 deligit,
705 670 750 699 hic
768 670 890 715 cognitus
905 678 944 700 est
956 681 972 700 a

227 713 296 740 Deo.
311 709 400 741 Judaei
414 716 501 739 autem
513 709 648 748 quomodo
662 716 736 739 erant
754 710 837 739 caecii'
849 710 921 747 Quia
933 710 971 741 le-

228 761 288 790 gem
307 757 446 785 sectantes,
469 749 537 789 legis
553 749 687 790 justitiam
711 760 763 778 non
783 747 942 779 invenerunt
963 762 970 779 z

228 791 292 830 quia
303 801 339 819 ex
357 800 373 818 o
394 789 495 826 eribus,
510 796 536 818 et
549 799 601 818 non
613 800 646 818 ex
656 789 709 818 fide
720 789 787 829 justi
802 795 888 818 erant.
900 789 975 818 Dicit

228 830 299 860 enim
313 831 368 859 Pau
383 840 414 859 us
428 840 437 858 ε
456 829 662 858 Testimonium
670 829 731 858 illis
739 829 888 868 perhibeo,
904 830 975 869 quia

230 870 448 899 :emulationem
471 869 528 897 Dei
541 869 660 904 habent,
674 869 726 898 sed
744 879 804 897 non
816 869 975 897 secundum

229 909 391 939 scientiam.
407 909 477 938 Nam
487 907 605 938 volentes
614 907 748 948 justitiam
759 918 834 936 suam
848 914 973 943 statuere,

227 949 337 989 justitiae
351 948 402 978 Dei
416 958 468 977 non
488 954 551 977 sunt
569 948 694 987 subjecti.
709 946 879 976 Audieram
897 948 977 986 quod

229 990 317 1018 Jesus
343 989 493 1024 transiret,
523 994 552 1016 et
577 987 779 1016 clamaverunt
809 987 938 1016 dicentes
964 999 973 1016 e

230 1030 369 1057 Miserere
392 1029 485 1063 nobis,
507 1026 634 1056 Domine
651 1027 700 1066 fili
719 1026 831 1056 David.
857 1027 975 1056 Curren-

230 1069 298 1097 tium
320 1074 373 1096 stre
394 1066 462 1095 itum
474 1066 628 1102 audiebant,
642 1073 668 1095 et
685 1076 812 1106 personas
828 1076 882 1095 non
899 1066 972 1096 vide-

230 1107 304 1136 bant.
320 1078 450 1144 Undique
463 1105 648 1135 festinantibus
659 1105 772 1143 cunctis,
783 1105 835 1135 soli
848 1105 976 1135 sedebant

231 1145 415 1176 indissolubili
428 1145 598 1175 tenebrarum
612 1152 702 1174 catena
715 1145 802 1184 ligati,
816 1145 886 1174 nihil
897 1145 975 1174 solu-

231 1192 290 1214 tum
303 1186 430 1214 habentes
443 1185 477 1213 de
494 1191 551 1213 toto
570 1195 693 1224 corpore,
707 1191 803 1224 praeter
821 1195 924 1214 vocem.
939 1186 976 1215 Et

232 1224 293 1254 ideo
306 1224 368 1263 quia
385 1223 501 1269 pedibus
513 1234 575 1253 eum
591 1224 666 1262 sequi
678 1234 730 1253 non
745 1230 877 1264 poterant,
891 1227 903 1240 ⁸
913 1235 976 1254 voce

233 1264 356 1293 tenebant
369 1263 486 1292 dicentes
502 1275 509 1291 z
523 1264 660 1292 Miserere
681 1265 774 1298 nobis,
789 1265 914 1292 Domine
928 1265 977 1304 fili

235 1303 345 1331 David.
362 1303 386 1331 Ο
400 1303 514 1331 tenebrae
524 1302 596 1330 omni
609 1302 712 1331 lumine
723 1302 866 1332 clariores!
882 1313 899 1331 o
912 1314 976 1332 acu-

233 1341 352 1371 tissimus
366 1341 490 1370 caecitatis
502 1339 640 1380 aspectus!
655 1342 723 1370 Puta
742 1342 835 1379 quanti
855 1342 977 1372 homines

233 1381 302 1417 sani,
315 1387 341 1410 et
353 1381 429 1425 juxta
441 1381 544 1416 Jesum,
558 1380 605 1418 qui
621 1380 664 1409 via
678 1387 725 1416 est,
736 1380 913 1416 ambulantes,
928 1381 977 1410 ho-

233 1420 333 1449 minem
352 1420 430 1449 lllum
452 1420 582 1459 putabant
605 1430 611 1446 :
630 1425 657 1448 et
679 1419 734 1448 duo
759 1419 837 1456 caet-1,
853 1427 879 1449 et
899 1420 977 1460 longe

233 1459 367 1494 sedentes,
388 1461 475 1488 Deum
500 1465 705 1498 prospexerunt.
728 1458 878 1488 Audierunt
905 1460 976 1489 enim

233 1506 323 1538 gentes
341 1498 376 1527 de
398 1499 510 1528 transitu
531 1499 610 1533 Jesu,
624 1497 772 1527 secundum
794 1498 975 1529 testimonium

232 1538 425 1578 prophetarum
445 1536 665 1566 annuntiantibus
675 1537 751 1566 sibia
772 1537 977 1567 ostolis.Audie-

233 1584 296 1606 runt
315 1577 386 1606 enim
399 1576 546 1606 adventum
559 1576 617 1615 ejus
631 1576 659 1605 in
677 1548 820 1613 muudiim,
833 1584 859 1606 et
876 1578 978 1617 passio-

233 1627 293 1645 nem
306 1617 374 1656 ejus,
385 1623 411 1645 et
424 1616 437 1632 ¹’
445 1616 676 1652 resurrectionem,
688 1623 714 1645 et
726 1616 905 1646 ascensionem
918 1618 976 1657 ejus

233 1656 261 1685 in
275 1656 369 1685 caelum
386 1668 392 1684 :
407 1655 551 1685 audierunt
570 1654 605 1684 de
624 1656 736 1691 transitu
758 1656 826 1695 ejus,
840 1666 903 1685 cum
918 1657 976 1696 jam

233 1706 354 1734 egressus
363 1696 458 1725 fuisset
471 1695 506 1724 ab
520 1694 627 1725 Jericho
643 1717 650 1731 ‚
665 1694 694 1724 id
702 1702 741 1724 est
754 1694 788 1724 de
799 1694 849 1724 hoc
861 1695 975 1725 mundo.

233 1736 283 1764 51.
302 1736 399 1764 Turba
413 1741 509 1764 autem
524 1736 695 1773 increpabat
712 1745 771 1772 eos,
788 1741 818 1763 ut
835 1741 974 1765 tacerent.

234 1774 372 1805 videbant
393 1774 515 1804 sordidas
535 1781 633 1810 vestes,
656 1781 681 1803 et
702 1784 755 1803 non
774 1774 978 1805 considerabant

233 1813 399 1843 conscientiae
412 1814 571 1843 claritatem.
586 1813 650 1843 Ideo
664 1814 788 1843 vetabant
798 1824 854 1851 eos,
867 1824 920 1843 non
934 1815 978 1844 in-

234 1853 355 1883 videntes
375 1853 424 1887 eis,
437 1853 484 1883 sed
498 1853 656 1882 honorantes
669 1853 818 1883 Christum.
835 1853 978 1894 Indignum

236 1893 308 1922 enim
323 1893 361 1922 eis
376 1892 531 1929 videbatur,
545 1899 575 1921 ut
592 1892 658 1922 tales
670 1892 792 1922 homines
804 1894 980 1924 vociferarent

236 1933 272 1961 ad
292 1943 366 1961 eum.
381 1933 450 1962 Eece
468 1933 540 1961 fatua
558 1931 687 1971 sapientia
701 1932 851 1962 hominum.
876 1933 980 1963 Existi-

237 1971 346 2000 mabant
359 1971 487 2010 injuriam
500 1971 555 2011 pati
573 1980 683 2010 magnos
691 1972 774 2007 viros,
782 1973 805 2001 si
818 1983 834 2001 a
853 1974 980 2012 pauperi-

237 2010 289 2039 bus
311 2011 515 2039 honorarentur.
540 2010 609 2046 Quis
632 2010 702 2039 enim
727 2022 828 2051 pauper
853 2022 934 2042 ausus
943 2020 982 2043 est

236 2049 350 2079 divitem
366 2050 475 2089 publice
493 2049 628 2078 salutare?
643 2051 709 2079 Mox
723 2051 889 2091 indignatur,
904 2053 981 2091 quasi

239 2088 367 2128 injuriam
381 2099 483 2128 passus.
500 2091 553 2117 Aut
566 2088 606 2124 hi,
625 2089 670 2127 qui
685 2091 818 2125 vetabant,
834 2091 861 2120 in
878 2099 979 2131 myste-

239 2128 280 2157 rio
291 2129 309 2157 J
311 2127 448 2157 udaeorum
467 2128 601 2160 vetabant,
613 2129 677 2166 quia
690 2130 778 2158 omnia
794 2131 934 2168 faciehant,
949 2142 982 2161 ne

239 2174 330 2205 gentes
344 2167 370 2195 in
386 2167 524 2196 Christum
538 2166 672 2197 credentes
686 2169 862 2199 salvarentur.
878 2171 909 2200 A
912 2179 921 2200 ι
935 2172 983 2200 illi

240 2208 332 2246 magis
357 2206 526 2235 clamabant
549 2207 676 2236 dicentes
698 2220 706 2235 .·
727 2210 863 2239 Miserere
887 2212 980 2249 nobis,

240 2247 367 2275 Domine
382 2246 432 2285 fili
452 2246 562 2275 David.
584 2247 768 2276 invitabantur
791 2249 877 2286 vetiti,
897 2251 982 2290 magis

239 2296 320 2323 quam
333 2285 581 2325 compescebantur.
597 2286 673 2315 Talis
691 2294 730 2315 est
749 2288 819 2317 enim
840 2296 934 2319 natura
947 2291 981 2320 fl-

238 2325 281 2353 dei
298 2337 303 2353 :
317 2332 417 2363 quanto
429 2325 514 2364 magis
533 2331 647 2362 vetatur,
660 2336 692 2355 eo
712 2327 796 2366 magis
814 2329 978 2360 accenditur.

239 2370 347 2403 propter
360 2363 434 2403 quod
443 2371 470 2393 et
482 2364 553 2394 servi
566 2365 616 2394 Dei
628 2365 655 2394 in
665 2367 916 2405 persequutionibus
927 2379 980 2399 non

238 2403 394 2438 vincuntur,
409 2403 456 2432 sed
466 2410 565 2442 quanto
579 2405 664 2443 magis
675 2405 767 2434 afflicti
782 2407 890 2442 fuerint,
906 2415 978 2438 tanto

238 2443 354 2482 amplius
366 2442 558 2473 accenduntur.
572 2444 668 2474 Virtus
681 2455 743 2484 ergo
755 2445 818 2474 fidei
830 2446 856 2475 in
872 2448 978 2486 pericu-

239 2482 272 2511 lis
288 2493 379 2511 secura
401 2490 448 2519 est,
463 2489 489 2512 et
504 2483 532 2512 in
553 2483 693 2514 securitate
711 2485 889 2524 periclitatur.
903 2487 977 2524 Quid

269 2580 281 2592 ¹¹
298 2572 380 2599 Iidem
393 2573 417 2599 in
427 2582 505 2608 marg.
515 2583 578 2600 voce
588 2575 766 2609 sequebantur.

271 2613 284 2632 b
297 2612 376 2637 Iidem
393 2614 419 2638 in
431 2621 510 2647 marg.
522 2616 722 2639 resurrectionem
739 2621 763 2640 et
779 2616 921 2642 reditionem
939 2618 992 2652 ejus

993 873 1011 896 Β

1001 2060 1019 2083 [ἱ

1024 325 1105 383 guam
1118 315 1198 355 longa
1210 315 1413 355 tranquillitas?
1429 317 1469 347 Er
1515 323 1637 347 vetantes
1649 327 1706 354 eos,
1720 316 1769 346 ad-

1043 355 1123 384 ebant
1136 355 1174 384 eis
1186 362 1212 384 et
1227 356 1336 385 alteram
1350 366 1458 386 caiisam
1489 356 1581 386 oloris.
1596 357 1731 392 Primum,
1738 366 1772 386 ne

1024 394 1180 432 clamarent,
1195 394 1259 434 quia
1278 396 1342 425 caeei
1359 403 1433 425 erant
1449 405 1458 423 ε
1472 395 1600 433 secundo,
1613 396 1677 435 quia
1699 403 1772 426 veta-

1024 433 1122 463 bantur
1136 434 1171 464 ad
1185 434 1275 464 lumen
1288 435 1392 465 venire.
1405 437 1455 465 52.
1472 436 1513 464 Et
1525 442 1608 465 stans
1618 437 1706 466 Jesus
1719 446 1770 465 vo-

1024 475 1102 502 cavit
1115 485 1174 510 eos,
1184 481 1213 504 et
1221 475 1264 504 ait
1279 488 1285 504 :
1302 475 1381 514 Quid
1392 476 1485 504 vultis
1496 475 1650 515 alsaciam
1664 477 1749 504 vobis
1758 477 1772 503 Ρ

1027 514 1077 542 55.
1099 515 1210 544 Dicunt
1224 516 1251 543 ei
1266 525 1275 542 .·
1294 515 1430 552 Domine,
1451 521 1484 544 ut
1503 516 1676 554 aperiantur
1694 515 1773 544 oculi

1029 556 1129 583 nostri.
1143 555 1167 584 Ο
1181 554 1307 591 Domine,
1321 554 1389 594 quid
1402 554 1548 594 interrogas
1559 555 1632 600 quod
1643 555 1701 595 ipse
1711 564 1772 584 ocu-

1028 592 1062 621 lis
1071 593 1167 623 vides?
1181 594 1322 623 infirmitas
1332 594 1439 631 clamat,
1451 601 1477 624 et
1491 600 1520 623 ut
1529 593 1597 633 qutd
1606 605 1699 624 vocem
1712 604 1772 633 per*-

1028 632 1133 670 quiris?
1147 634 1207 663 Nou
1216 644 1306 672 quaero
1317 645 1366 674 pro
1388 641 1426 664 ter
1438 633 1654 674 passionem,sed
1663 640 1773 674 propter

1028 671 1121 701 fidem.
1143 674 1204 702 Nou
1225 674 1305 713 cupio
1324 685 1358 703 au
1379 674 1420 703 ire
1440 673 1508 713 quid
1526 673 1628 709 dolent,
1642 673 1689 703 sed
1710 673 1773 703 volo

1029 722 1187 750 cognoscere
1197 712 1263 752 quid
1279 712 1314 742 de
1327 724 1370 743 me
1382 714 1507 743 sentiunt.
1520 714 1576 749 Tu,
1588 713 1714 749 Domine,
1726 723 1774 742 oc-

1029 752 1165 782 cultorum
1173 763 1200 782 es
1209 753 1341 791 cognitor,
1350 760 1376 782 et
1386 753 1471 783 nescis
1482 752 1550 792 quid
1559 752 1594 782 de
1601 759 1627 782 tc
1637 752 1774 782 sentium?

1030 791 1121 821 Etiam
1133 793 1200 828 scio,
1214 792 1262 821 sed
1273 792 1335 821 volo
1348 800 1377 822 ut
1390 792 1536 832 procedant
1545 792 1580 822 ad
1593 791 1712 821 medium
1724 802 1774 832 po-

1030 831 1131 871 puli‚et
1144 832 1247 861 cunctis
1256 831 1428 861 audientibus
1441 832 1530 862 dicant
1542 831 1615 871 quod
1625 832 1736 862 volunt:
1748 837 1775 860 et

1030 870 1096 900 dum
1109 872 1170 900 caeci
1185 882 1229 900 me
1239 871 1290 901 Dei
1303 871 1405 901 Filium
1419 872 1590 908 confitentur,
1605 871 1775 901 confundan-

1029 917 1076 940 tur
1084 911 1215 948 videntes,
1222 911 1270 950 qui
1283 921 1326 940 me
1337 911 1473 940 hominem
1484 918 1588 940 tautum
1598 918 1705 952 putant.
1716 912 1773 940 Do-

1030 952 1135 982 minum
1148 961 1191 980 me
1211 957 1317 986 vocant,
1331 957 1357 980 et
1370 961 1464 981 verum
1474 951 1568 980 dicunt
1584 964 1590 980 ε
1604 950 1651 980 sed
1662 950 1729 980 dum
1741 950 1776 980 fl-

1030 992 1099 1021 lium
1111 990 1202 1021 David
1222 989 1328 1026 dicunt,
1342 989 1475 1030 dissipant
1487 990 1563 1029 quod
1573 990 1642 1020 bene
1663 990 1776 1020 confessi

1030 1038 1104 1061 sunt.-
1124 1031 1195 1060 Nam
1215 1029 1328 1059 abusive
1341 1036 1367 1059 et
1378 1029 1501 1059 homines
1520 1029 1624 1059 domini
1637 1029 1775 1065 dicuntur,

1029 1082 1094 1101 vere
1104 1077 1193 1100 autem
1205 1079 1284 1098 nemo
1300 1068 1426 1099 dominus
1439 1076 1489 1106 est,
1502 1069 1555 1098 nisi
1567 1070 1651 1099 Deus.
1667 1069 1697 1099 Si
1711 1079 1776 1109 ergo
1899 1097 1904 1100 ,

1031 1111 1135 1147 dieunt,
1156 1110 1282 1139 Domine
1291 1108 1345 1149 fili
1368 1109 1481 1146 David,
1494 1109 1606 1139 abusive
1627 1101 1904 1141 secundum1.cor.8.i

1030 1150 1167 1180 hominem
1192 1159 1235 1179 me
1257 1149 1390 1178 honorant
1410 1160 1419 1177 τ
1446 1148 1470 1178 si
1493 1155 1584 1178 autem
1606 1148 1776 1178 solummodo
1899 1149 1904 1187 1

1032 1190 1190 1227 Dominum,
1201 1187 1350 1219 secundum
1361 1188 1469 1218 deitatis
1479 1187 1650 1218 divinitatem
1661 1198 1705 1218 me
1715 1198 1777 1218 con-
1899 1191 1904 1219 ἔ

1032 1230 1143 1259 fitentur
1158 1242 1164 1258 :
1177 1229 1241 1268 quia
1265 1229 1348 1257 Unus
1368 1229 1460 1264 Deus,
1481 1238 1518 1257 ea:
1541 1238 1599 1268 quo
1622 1229 1732 1264 omnia,
1747 1234 1778 1258 et

1033 1279 1108 1299 unus
1123 1269 1278 1304 Dominus,
1292 1277 1347 1307 per
1366 1277 1453 1308 quem
1472 1270 1586 1297 omnia.
1601 1267 1689 1297 Filius
1704 1267 1776 1297 enim

1032 1308 1122 1338 David
1136 1318 1219 1338 caecos
1232 1307 1388 1336 illuminare
1401 1317 1453 1336 non
1471 1314 1568 1347 potest,
1582 1307 1672 1337 Filius
1683 1314 1776 1337 autem

1032 1347 1084 1376 Dei
1103 1354 1188 1387 potest
1203 1359 1210 1375 ε
1227 1346 1287 1375 ideo
1301 1346 1454 1385 interrogat,
1475 1347 1555 1385 Quid
1570 1347 1684 1376 vultis?
1697 1347 1776 1377 Tunc

1033 1386 1075 1414 illi
1083 1387 1140 1426 jam
1151 1396 1204 1415 non
1218 1385 1356 1421 dixerunt,
1366 1386 1480 1415 Domine
1489 1385 1530 1414 fili
1541 1386 1649 1415 David:
1660 1385 1708 1415 sed
1719 1393 1777 1416 tan-

1034 1426 1242 1462 tum‚Domine,
1251 1430 1282 1453 ut
1292 1426 1461 1463 aperiantur
1469 1425 1549 1453 oculi
1559 1427 1662 1454 nostri.
1671 1426 1779 1455 55.Mi-

1033 1471 1127 1494 sertus
1139 1471 1182 1494 est
1199 1471 1297 1494 autem
1311 1465 1352 1492 eis
1364 1465 1462 1498 Jesus,
1473 1471 1500 1492 et
1514 1466 1609 1504 tetigit
1627 1464 1727 1494 oculos
1745 1466 1778 1494 il-

1034 1504 1144 1541 lorum,
1165 1509 1195 1533 et
1215 1504 1371 1544 confestim
1388 1504 1538 1532 viderunt.
1554 1504 1692 1540 Quamdiu
1714 1515 1778 1545 ergo

1033 1542 1173 1580 dixerunt,
1189 1543 1372 1611 Domineifili
1386 1543 1498 1579 David,
1510 1553 1640 1582 suspensa
1654 1551 1694 1573 est
1707 1545 1779 1574 sani-

1035 1589 1084 1617 tas,
1092 1593 1156 1612 mox
1167 1589 1257 1612 autem
1266 1589 1297 1611 ut
1325 1582 1432 1611 ixerunt
1442 1582 1778 1620 tantummodo‚Domine‚

1034 1622 1122 1651 infusa
1142 1629 1182 1651 est
1202 1623 1308 1652 sanitas«
1324 1632 1405 1662 super
1418 1632 1473 1651 eos.
1487 1621 1588 1661 Tetigit
1609 1633 1674 1663 ergo
1686 1623 1780 1653 oculos

1034 1662 1163 1691 eorum.T
1167 1662 1242 1701 etigit
1248 1662 1328 1691 homo
1335 1662 1478 1691 carnaliter
1485 1672 1492 1695 ;
1503 1671 1566 1690 nam
1574 1662 1658 1692 verbo
1666 1663 1780 1698 sanavit,

1034 1708 1065 1730 ut
1077 1702 1151 1730 Deus
1161 1713 1169 1730 ε
1178 1701 1276 1741 tetigit,
1285 1701 1348 1740 quia
1359 1701 1448 1731 David
1461 1701 1549 1730 filium
1560 1712 1623 1731 eum
1631 1702 1778 1732 dixerunt:

1034 1740 1139 1770 sanavit
1147 1751 1203 1774 eos.
1216 1741 1279 1780 quia
1289 1740 1462 1770 crediderunt
1472 1742 1596 1781 potentiae
1606 1742 1676 1782 ejus,
1687 1749 1718 1771 ut
1725 1752 1778 1771 una

1034 1780 1180 1819 eademque
1192 1791 1208 1809 ο
1243 1781 1311 1810 ratio
1321 1781 1442 1810 sanitatis
1454 1787 1480 1810 et
1490 1780 1572 1810 fidem
1585 1792 1680 1811 eorum
1691 1791 1780 1811 remu-

1035 1826 1118 1857 neret,
1133 1827 1159 1849 et
1171 1791 1355 1850 iniiiielitatem
1369 1820 1489 1861 castiget.
1503 1821 1610 1851 Bonum
1624 1831 1724 1851 munus
1733 1821 1782 1851 ob-

1035 1859 1158 1889 tulerunt
1183 1859 1292 1890 Christo
1314 1860 1429 1890 sananti.
1453 1861 1562 1898 Quale?
1581 1861 1695 1901 Sequuti
1718 1867 1781 1890 sunt

1036 1909 1109 1928 eum.
1121 1900 1190 1928 Nam
1202 1899 1270 1938 quid
1281 1900 1362 1929 homo
1378 1900 1407 1929 in
1420 1900 1507 1929 vicem
1520 1900 1614 1930 reddat
1630 1903 1686 1931 Deo
1698 1900 1781 1940 digne

1036 1949 1086 1978 pro
1099 1939 1235 1968 benefieiis
1251 1940 1320 1979 ejus,
1335 1939 1387 1969 nisi
1401 1938 1431 1968 id
1441 1939 1516 1978 quod
1528 1940 1586 1980 ipse
1598 1940 1723 1970 admonet
1733 1950 1782 1980 per

1037 1978 1216 2017 prophetam?
1240 1980 1266 2008 0
1286 1980 1384 2015 homo,
1398 1980 1471 2019 quid
1491 1981 1595 2020 quoerit
1617 1981 1698 2010 Deus
1711 1987 1780 2016 ate,
1790 1982 1862 2007 Mich-

1040 2019 1097 2046 nisi
1119 2024 1153 2047 ut
1165 2018 1269 2058 facias
1290 2019 1435 2058 judicium
1449 2027 1476 2048 ee
1499 2016 1739 2056 misericordiam,
1753 2026 1782 2049 et

1036 2063 1159 2096 paratus
1172 2059 1212 2087 sis
1225 2059 1268 2087 ire
1287 2069 1352 2087 cum
1371 2060 1500 2087 Domino
1518 2061 1584 2088 Deo
1596 2066 1646 2088 tuo
1656 2062 1670 2087 P
1688 2060 1784 2089 Conse-

1039 2103 1152 2134 quenter
1171 2103 1198 2125 et
1215 2098 1335 2134 gentium
1352 2097 1445 2127 oeulos
1467 2099 1564 2127 mentis
1584 2098 1671 2138 tetigit
1690 2098 1785 2127 Domi-

1039 2145 1090 2164 nus
1109 2136 1197 2172 Jesus,
1209 2136 1276 2166 dans
1295 2137 1333 2166 eis
1346 2137 1457 2176 gratiam
1477 2137 1596 2177 Spiritus
1609 2137 1704 2168 sancti.
1715 2137 1786 2166 Tan-

1039 2185 1100 2213 gere
1125 2175 1196 2204 enim
1226 2176 1342 2213 Christi,
1365 2183 1405 2206 est
1432 2175 1498 2205 dare
1522 2177 1635 2217 gratiam
1667 2177 1785 2217 Spiritus

1039 2215 1134 2244 sancti.
1148 2216 1215 2252 Quae
1238 2223 1338 2255 gentes,
1351 2227 1413 2245 cum
1432 2216 1544 2246 fuissent
1567 2217 1735 2252 illuminatae,
1747 2226 1785 2245 se

1039 2261 1129 2292 quutae
1149 2261 1212 2283 sunt
1228 2265 1290 2284 eum
1304 2256 1432 2295 operibus
1443 2255 1533 2294 bonis,
1549 2267 1697 2296 numquam
1710 2262 1784 2297 post-

1036 2293 1148 2362 imodum
1169 2294 1348 2334 relinquentes
1361 2306 1435 2334 eum,
1446 2295 1518 2325 sieut
1529 2296 1676 2335 aliquando
1696 2295 1785 2327 Judaei

1049 2340 1170 2363 ecerunt.

1175 2412 1309 2442 Humilia
1319 2415 1434 2454 xxxvij.
1450 2425 1488 2443 ex
1502 2425 1567 2454 cap.
1579 2416 1644 2455 xxj.

1068 2491 1080 2518 1
1089 2491 1142 2520 ‚Et
1150 2501 1214 2520 cum
1223 2494 1481 2532 appropinquasset
1489 2493 1576 2523 Iesus
1583 2494 1607 2523 J
1606 2494 1788 2533 erosolymis,

1024 2581 1050 2605 in
1062 2581 1160 2607 caelum.

1049 2628 1059 2640 e
1078 2621 1158 2647 Iidem
1169 2623 1195 2647 iu
1206 2631 1285 2657 marg.
1298 2625 1324 2649 in
1336 2623 1476 2651 hominibus
1486 2629 1571 2651 texat-
