1904 2840
158 406 226 428 Psal.
239 404 277 429 65.

162 437 199 460 ¹5.

156 1041 184 1063 In
196 1042 238 1063 vita
250 1049 299 1063 raro

156 1074 240 1101 accepti
249 1081 300 1103 pro—

158 1104 238 1133 phetae.

158 1559 246 1582 Manli.
260 1557 298 1582 23.

158 1596 197 1619 29.
209 1590 248 1613 30.

307 167 381 211 914

307 248 405 279 agnus.
415 237 445 268 Si
457 246 521 276 ergo
544 245 644 276 agnum
662 235 720 266 illie
740 236 861 266 occisum
877 235 1054 276 intelligimus
1071 240 1088 263 Α

309 278 425 318 figuram
447 275 559 313 Christi,
574 282 766 315 consequenter
783 282 811 305 et
823 282 930 305 caeteras
953 276 1053 306 hostias

310 317 487 356 intelligimus
501 315 710 356 praecedentium
730 322 883 346 sanctorum
896 315 1052 346 occisiones.

308 357 363 388 Sed
380 364 407 386 et
421 356 545 387 Christus
565 354 600 384 de
622 355 739 395 figurata
763 362 917 385 sanctorum
942 366 1055 385 suorum

308 397 490 427 immolatione
514 394 621 425 dicebat
648 407 655 424 z
678 395 863 425 Holocausta
889 395 1054 424 medullata

307 438 436 477 offeram
449 437 501 465 tibi
513 442 580 464 cum
591 437 709 464 incenso
722 441 750 465 ee
758 436 908 471 arietibus,
923 435 1052 475 offeram

307 478 361 506 tibi
378 478 467 506 boves
489 485 556 505 cum
577 475 676 504 hircis.
694 476 750 505 Nec
770 475 843 504 enim
856 473 980 504 Christus
1000 475 1050 504 ali-

305 516 415 555 quando
433 514 590 555 hujusmodi
603 514 729 544 animalia
744 515 844 544 obtulit
863 514 945 544 Patri.
961 515 1051 544 Obtu-

306 557 340 586 lit
360 563 449 586 autem
474 554 647 584 rationabiles
672 554 779 590 arietes,
795 554 824 584 id
848 560 899 591 est,
916 553 1003 593 princi

306 596 428 626 omnium
441 594 666 626 Christianorum.
682 594 893 630 Obtulitboves,
906 565 1054 623 rationaii?

306 636 361 665 lem
373 642 473 665 terram
485 633 723 664 colentes.0btulit
737 634 817 663 etiam
826 634 916 663 hircos
928 644 962 663 ex
972 634 1053 674 genti-

305 676 424 715 bus,qui
434 685 484 715 pro
498 674 604 704 nomine
614 673 717 704 Christi
728 680 791 703 sunt
799 673 949 714 passi-Haec
962 680 1052 703 autem

304 715 438 747 diximus,
456 721 486 744 ut
497 713 668 744 ostendamus
681 720 771 743 tauros
785 721 812 743 et
820 712 941 752 saginata
953 713 1051 751 occisa,

306 755 424 794 intelligi
438 754 536 784 debere
548 760 653 784 sanctos
664 753 776 783 occisos.
792 754 896 783 Omnes
904 762 968 791 ergo
985 763 1052 793 pro-

306 795 393 835 phetae
406 801 433 824 et
446 794 570 825 Christus
585 792 646 822 ideo
667 793 749 822 occisi
761 799 836 830 sunt,
847 799 878 821 ut
897 792 955 822 hoc.
967 793 1052 832 spiri-

306 835 380 864 tuale
402 833 604 864 tabernaculum
625 832 740 862 firmiter
767 832 905 872 figeretur.
928 832 1053 871 Denique
1068 840 1087 864 B

306 876 377 904 sicut
398 874 503 905 viscera
525 873 600 913 agni,
618 872 656 902 ita
676 872 784 911 eloquia
805 871 909 901 Christi
931 872 1053 902 homines

306 925 360 944 non
388 913 634 946 manducaverunt,
648 911 700 940 nisi
721 918 864 952 postquam
882 911 988 941 occisus
1001 918 1051 942 est.

307 954 380 985 Nam
445 960 456 982 t
475 959 588 983 mortem
601 952 659 981 e'us
672 951 810 990 evangelia
852 950 978 980 raedicata
990 958 1054 981 sunt

308 1001 335 1023 et
348 1005 377 1024 cr
414 997 463 1031 ita,
477 994 544 1022 etin
557 991 596 1021 eis
634 991 735 1021 omines
747 992 823 1030 quoti
847 991 869 1019 'e
882 991 1052 1021 nutriuntur.

307 1034 354 1064 Sic
365 1041 392 1064 et
406 1033 508 1063 viscera
528 1033 586 1072 ejus
601 1031 808 1071 prophetarum,
823 1030 853 1060 id
869 1037 920 1067 est,
933 1031 1051 1070 eloquia,

308 1084 360 1104 non
375 1080 437 1104 sunt
447 1079 508 1102 ante
519 1077 654 1112 suscepta,
668 1071 722 1100 nisi
734 1077 878 1111 postquam
887 1070 968 1100 occisi
977 1077 1051 1101 sunt.

309 1114 378 1152 Quis
390 1112 506 1149 audivit,
521 1118 568 1141 aut
584 1110 701 1141 credidit
714 1111 804 1142 verbis
817 1110 904 1140 Esaiae
919 1111 1053 1141 viventis?

307 1154 339 1184 Si
359 1154 431 1182 enim
454 1151 631 1191 suscepissent
652 1161 786 1180 sermones
809 1151 879 1191 ejus,
906 1161 1054 1190 numquam

308 1203 371 1222 eum
394 1198 549 1222 serrassent.
565 1190 618 1221 Sed
638 1197 781 1230 postquam
803 1190 906 1220 occisus
929 1197 980 1228 est,
989 1197 1053 1221 tunc

309 1231 480 1272 postmodum
494 1230 582 1261 Judaei
594 1237 768 1270 susceperunt
778 1230 934 1270 prophetias
945 1231 1013 1270 ejus,
1028 1237 1054 1261 et

308 1278 446 1311 coeperunt
457 1271 544 1310 legere
560 1270 588 1298 in
609 1270 752 1329 synagogis
763 1270 831 1299 suis.
847 1270 916 1306 Quis
929 1270 1052 1300 Jeremiae

309 1312 392 1342 verba
417 1310 534 1349 suscepit
559 1309 687 1339 viventis.
721 1309 750 1339 Si
778 1309 851 1338 enim
875 1309 1053 1348 suscepissent

309 1351 392 1381 verba
406 1350 479 1390 ejus,
495 1359 643 1388 numquam
663 1358 724 1377 eum
743 1355 804 1388 post
823 1348 922 1377 multas
940 1348 1053 1387 injurias

309 1390 482 1430 lapidassent.
496 1388 550 1419 Sed
560 1395 702 1428 postquam
711 1387 815 1417 occisus
825 1394 874 1424 est,
890 1394 980 1427 postea
989 1398 1052 1417 con-

310 1435 480 1460 secraverunt
502 1428 660 1468 prophetias
673 1427 742 1467 ejus,
760 1433 786 1456 et
809 1434 947 1466 coeperunt
965 1427 991 1456 le
1009 1438 1053 1457 ere
1067 1433 1086 1457 C

309 1480 353 1499 eas
367 1470 394 1499 in
408 1477 550 1499 conventu.
565 1468 599 1497 Et
610 1467 649 1497 sic
657 1466 777 1496 invenies
787 1473 877 1496 actum
889 1466 916 1495 in
927 1477 1000 1496 omni
1021 1478 1053 1496 us

309 1509 458 1550 prophetis,
473 1508 538 1547 quia
550 1506 671 1538 viventes
684 1516 730 1535 eos
741 1516 818 1535 nemo
829 1505 923 1541 coluit,
932 1506 980 1535 sed
992 1513 1053 1546 post

310 1556 434 1578 mortem.
449 1547 530 1578 Unde
543 1553 568 1576 et
581 1546 714 1575 Dominus
724 1545 790 1575 dicit
805 1558 813 1575 ε
831 1546 890 1584 Qui
901 1546 1053 1586 oedificatis

309 1589 442 1628 sepulcra
451 1588 669 1627 prophetarum,
682 1591 710 1614 et
722 1586 820 1615 dicitis
832 1597 841 1613 .-
857 1585 888 1615 Si
888 1585 1053 1625 fuissemus

309 1630 342 1657 in
361 1629 462 1658 diebus
478 1633 596 1667 patrum
618 1631 794 1662 nostrorum,
817 1636 876 1654 non
889 1626 1054 1666 fuissemus

307 1670 463 1708 participes
488 1677 588 1696 eorum
612 1667 643 1694 in
668 1666 811 1705 sanguine
832 1666 1052 1705 prophetarum.

309 1709 387 1739 Sicut
401 1707 474 1737 enim
487 1706 603 1736 viventis
622 1705 746 1734 animalis
759 1705 861 1734 viscera
882 1715 964 1734 nemo.
974 1716 1053 1734 man-

308 1748 401 1783 ducat,
414 1747 450 1776 ita
463 1746 611 1777 viventium
625 1745 817 1785 prophetarum
826 1755 960 1774 sermones
976 1755 1053 1775 nemo

209 1804 300 1821 cixnv
310 1787 437 1828 suscepit,
452 1786 499 1817 sed
513 1793 572 1826 post
587 1791 700 1815 mortem
722 1795 730 1812 1
751 1794 853 1813 sorum.
869 1785 991 1824 Saginati
1004 1796 1052 1814 au-

310 1835 364 1858 tem
377 1833 441 1857 sunt
453 1827 537 1866 gratia
551 1825 602 1855 Dei
619 1824 725 1864 pleni-I
746 1834 776 1853 eo
788 1823 876 1862 dixit,
886 1831 912 1853 et
921 1825 1051 1864 saginata,

309 1875 337 1898 et
347 1875 439 1897 tauros
451 1879 460 1896 t
473 1876 526 1896 non
540 1865 603 1904 quia
615 1871 643 1893 et
658 1863 727 1893 tauri
738 1874 790 1892 non
806 1864 912 1893 fuerunt
927 1865 1050 1904 saginati,

309 1908 357 1938 sed
372 1907 435 1946 quia
453 1916 544 1936 omnes
565 1903 678 1943 saginati
701 1914 754 1932 non
773 1904 882 1933 fuerunt
903 1906 986 1933 tauri.
1008 1905 1052 1934 Ex

310 1947 450 1988 prophetis
461 1945 534 1976 enim
544 1944 670 1974 omnibus
683 1942 793 1982 quidam
802 1942 985 1973 tantummodo
996 1955 1055 1984 pro-

310 1987 398 2027 phetae
414 1987 534 2022 fuerunt,
549 1983 659 2023 quidam
673 1990 762 2012 autem
778 1983 913 2022 prophetae
924 1990 950 2013 et
963 1994 1051 2014 sacer-

307 2026 397 2062 dotes,
410 2028 481 2056 sicut
499 2023 641 2060 Jeremias,
655 2023 725 2051 sicut
746 2023 880 2058 Ezechiel,
894 2023 965 2053 sieut
977 2023 1052 2054 filius
1067 2027 1086 2051 D

307 2066 425 2097 Joiadae.
446 2066 520 2103 Ergo
540 2062 658 2102 saginata
680 2062 746 2091 dicit
773 2062 916 2102 prophetas
935 2070 1053 2093 tantum-

310 2105 401 2141 modo,
409 2105 455 2144 qui
463 2105 571 2133 fuerunt
579 2101 683 2142 Spiritu
690 2108 780 2131 sancto
789 2102 1002 2142 repleti.Tauros
1008 2113 1054 2133 au-

308 2154 376 2182 tem,
389 2145 438 2184 qui
451 2150 476 2173 et
490 2142 625 2183 prophetae
638 2142 756 2177 suerunt,
771 2149 797 2171 et
811 2142 970 2172 sacerdotes.
990 2143 1052 2172 Sic-

310 2193 342 2216 ut
361 2186 433 2215 enim
456 2183 527 2213 tauri
543 2182 626 2212 duces
647 2188 710 2210 sunt
732 2182 829 2221 gregis,
845 2182 881 2211 ita
903 2182 1052 2212 sacerdotes

308 2232 374 2255 sunt
387 2223 522 2264 principes
542 2221 648 2262 populi.
664 2220 803 2258 Quosdam
823 2229 911 2251 autem
930 2221 993 2261 legi,
1008 2221 1052 2252 di·
1069 2242 1077 2250 .

311 2272 410 2300 centes,
425 2271 516 2293 tauros
529 2262 574 2292 hic
594 2260 649 2290 dici
673 2267 813 2300 martyres,
827 2268 890 2291 tunc
910 2261 938 2290 in
958 2261 1053 2301 primis

313 2316 362 2345 pro
374 2304 482 2335 Christo
502 2302 614 2337 occisos,
629 2300 757 2340 apostolis
772 2300 861 2330 adhuc
874 2301 1027 2331 viventibus
1042 2313 1050 2330 :

311 2345 430 2385 saginata
450 2349 540 2372 autem
553 2340 694 2381 parvulos,
709 2339 814 2380 Spiritu
834 2347 923 2370 sancto
941 2341 1052 2381 pingui-

312 2385 414 2414 ficatos.
443 2384 567 2420 Quorum
591 2380 712 2410 omnium
736 2380 930 2409 interfectiones
956 2381 1053 2411 multas

312 2423 496 2464 spiritualium
515 2420 676 2460 gaudiorum
699 2419 792 2459 epulas
814 2420 1002 2459 praebuerunt‚
1028 2428 1054 2450 et

312 2463 420 2504 nuptias
433 2462 533 2493 Christi
547 2460 754 2490 adornaverunt.
765 2460 806 2488 Ee
819 2460 918 2488 omnia
928 2461 992 2498 jam
998 2470 1054 2499 pa-

312 2510 389 2533 rata.
402 2500 545 2540 Quidquid
565 2500 695 2539 quaeritur
712 2498 748 2528 ad
761 2499 885 2535 salutem,
900 2506 986 2528 totum
998 2501 1054 2540 jam

313 2542 489 2583 adimpletum
503 2548 542 2570 est
553 2541 580 2569 in
595 2539 750 2580 Scripturis.
763 2538 819 2576 Qui
832 2539 942 2578 ignarus
955 2546 1004 2576 est,
1015 2540 1055 2568 in-

313 2583 403 2614 veniet
417 2582 454 2612 ibi
465 2580 539 2621 quod
549 2580 643 2610 discut.
653 2579 860 2616 Quicontumax
872 2585 912 2608 est
924 2586 950 2609 et
961 2589 1053 2619 pecca-

911 174 996 198 OPUS
1022 174 1261 199 lMPERFRc'ruM

1108 243 1162 273 tor,
1171 236 1292 267 inveniet
1302 235 1343 267 ibi
1353 235 1439 266 futuri
1454 236 1547 267 ‘udicii
1558 236 1676 278 flagella,
1684 247 1744 277 qua
1750 239 1852 270 timeat.

1109 276 1165 314 Qui
1179 277 1294 314 laborat,
1309 276 1448 307 invenieti
1469 277 1479 306 i
1498 277 1598 317 glorias
1617 284 1643 307 et
1665 279 1854 317 promissiones

1108 317 1170 346 vitae
1183 323 1329 356 perpetuae,
1344 327 1410 355 quas
1421 316 1608 346 manducando
1622 317 1741 358 amplius
1754 319 1855 349 excite-

1109 361 1153 384 tur
1175 355 1209 384 ad
1229 366 1246 385 o
1267 367 1307 385 us.
1321 356 1378 393 Qui
1397 356 1578 395 pusillanimis
1603 364 1643 386 est
1666 364 1693 387 et
1716 358 1852 396 infirmus,

1107 394 1226 424 inveniet
1239 395 1249 424 i
1269 395 1436 425 imediocres
1451 396 1566 440 justitiae
1577 396 1718 436 cibos‚qui
1731 398 1783 429 etsi
1794 398 1854 436 pin»-

1109 445 1189 474 guem
1201 435 1319 464 animam
1333 445 1386 464 non
1406 434 1518 472 faciunt,
1531 442 1620 465 tamen
1632 437 1701 466 mori
1722 448 1776 467 non
1789 448 1854 477 per-

1108 475 1229 504 mittunt.
1244 475 1299 511 Qui
1313 474 1500 514 magnanimus
1513 481 1553 504 est
1575 482 1602 505 et
1621 475 1721 513 fidelis,
1736 477 1857 508 inveniet

1106 514 1147 543 ihi
1160 514 1314 554 spirituales
1328 524 1400 544 escas
1414 514 1614 544 continentioris
1627 515 1700 552 vitae,
1713 526 1773 555 quae
1793 527 1857 556 per-

1106 553 1206 583 ducant
1213 565 1276 583 eum
1304 564 1368 594 rope
1375 553 1411 583 ad
1419 554 1577 593 angelorum
1587 562 1721 584 naturam.
1730 556 1786 594 Qui
1793 567 1855 596 per-

1106 604 1201 623 cussus
1214 605 1229 623 a
1242 593 1287 623 dia
1309 593 1364 628 olo,
1374 600 1401 623 et
1410 594 1568 624 vulneratus
1579 601 1620 624 est
1631 595 1660 625 in
1674 595 1802 635 peccatis,
1812 596 1854 627 in-

1106 634 1194 664 veniet
1208 633 1247 662 ibi
1260 633 1432 663 medicinales
1445 633 1532 671 cibos,
1544 634 1592 672 qui
1613 644 1676 664 eum
1695 645 1744 680 per
1765 635 1853 681 poeni-

1105 674 1215 703 tentiam
1226 673 1391 703 revocentad
1402 673 1530 703 salutem.
1538 674 1577 703 Ut
1586 673 1654 713 quid
1665 674 1706 703 ihi
1719 682 1851 714 scriptum
1861 686 1904 708 loa

1105 720 1156 749 est,
1172 713 1262 742 Achar
1302 720 1393 752 ropter
1407 714 1511 742 furtum
1525 712 1631 742 laminae
1645 724 1732 743 aureae
1743 714 1904 754 lapida-—a

1106 760 1161 788 tus,
1175 752 1230 782 nisi
1242 760 1272 782 ut
1306 753 1402 782 abeant
1414 753 1487 782 sures
1499 751 1574 791 quod
1591 753 1720 783 timeant?
1733 755 1771 785 Ut
1782 754 1852 793 quid
1860 764 1904 788 Nm

1107 792 1146 822 ihi
1170 793 1223 822 filii
1246 793 1341 829 Israel,
1355 793 1404 831 qui
1429 792 1553 822 fornicati
1571 799 1635 822 sunt
1655 803 1718 823 cum
1742 793 1851 825 filiabus
1890 802 1904 822 7;

1106 832 1299 868 Moabitarum,
1312 833 1431 872 percussi
1454 832 1610 871 refugerunt
1624 832 1652 862 in
1672 833 1849 873 Beelphegor,

1105 872 1158 901 nisi
1174 879 1204 902 nt
1217 872 1332 901 habeant
1352 871 1527 901 fornicatores
1540 871 1614 910 quod
1628 872 1851 912 perhorrescant?

1105 913 1145 942 Ut
1157 911 1226 951 quid
1239 911 1423 951 concupitores
1436 911 1525 941 carnis
1538 912 1659 952 castigati
1676 919 1740 943 sunt
1754 913 1783 943 in
1802 913 1850 944 de·
1860 924 1904 949 Nm

1105 959 1176 982 serto
1186 974 1194 987 ,
1210 951 1262 981 nisi
1273 958 1303 981 ut
1311 961 1390 981 nemo
1402 950 1513 980 delicias
1526 952 1718 991 concupiscat?
1731 954 1769 983 Ut
1782 953 1851 992 quid
1860 969 1883 986 2.
1891 962 1904 987 ι

1105 991 1195 1022 David
1208 1002 1238 1020 ar
1259 991 1298 1020 uit
1311 991 1429 1027 Nathan,
1443 997 1469 1020 et
1482 991 1611 1036 suscepit,
1623 991 1676 1021 nisi
1689 998 1720 1022 ut
1733 992 1850 1024 adulteri

1105 1039 1131 1061 et
1139 1031 1240 1061 homici
1292 1030 1454 1070 poenitentiae
1465 1029 1613 1060 remedium
1625 1041 1679 1061 non
1689 1031 1851 1072 desperent?

1105 1072 1183 1102 Raab
1205 1071 1334 1100 meretrix
1358 1069 1521 1100 sanctificata
1545 1077 1600 1106 est,
1615 1077 1644 1100 ut
1663 1072 1851 1103 meretricibus
1860 1080 1904 1105 lon

1105 1121 1166 1157 spes
1185 1110 1304 1140 daretur.
1316 1109 1394 1140 Nihil
1406 1120 1471 1150 ergo
1485 1109 1575 1139 minus
1591 1117 1632 1140 est
1644 1110 1674 1139 in
1694 1110 1746 1142 hoe
1757 1113 1852 1142 oenvi-

1104 1162 1163 1188 vio,
1176 1161 1259 1190 quam
1267 1149 1343 1189 quod
1353 1149 1532 1179 necessarium
1541 1149 1622 1179 habet
1635 1150 1708 1180 salus
1721 1151 1851 1182 humana.

1106 1192 1136 1222 5.
1153 1191 1185 1220 A
1188 1197 1199 1220 t
1211 1191 1259 1220 illi
1269 1201 1305 1219 ne
1325 1190 1475 1227 texerunt,
1484 1195 1513 1219 et
1521 1190 1657 1220 abierunt
1669 1191 1747 1221 alius
1757 1192 1853 1223 invil-
1902 1211 1904 1213 -

1106 1232 1167 1261 lam
1176 1241 1271 1267 suam,
1281 1241 1300 1258 α
1315 1232 1359 1259 ius
1373 1231 1405 1258 in
1416 1230 1641 1270 negotiationem
1651 1241 1747 1262 suam.
1756 1231 1854 1263 Omnis
1902 1241 1904 1245 ‘

1104 1278 1191 1307 actus,
1201 1280 1281 1309 quem
1294 1275 1377 1309 agunt
1392 1269 1512 1299 homines
1526 1269 1554 1298 in
1563 1269 1615 1299 hoc
1625 1269 1738 1307 mundo,
1749 1270 1854 1311 duplex

1107 1318 1157 1340 est.
1173 1313 1229 1339 Aut
1241 1309 1312 1338 enim
1323 1308 1391 1338 villa
1403 1315 1452 1346 est,
1468 1316 1515 1338 aut
1525 1309 1679 1348 negotiatio.
1697 1310 1732 1340 Et
1745 1311 1854 1350 quando

1104 1350 1224 1388 aliquem
1237 1349 1358 1378 laborem
1371 1347 1482 1387 quidem
1495 1359 1625 1378 manuum
1644 1357 1796 1380 nostrarum
1814 1352 1854 1381 fa-
1902 1347 1904 1350 ¹

1105 1389 1202 1425 cimus,
1214 1394 1367 1417 exercentes
1380 1395 1490 1423 terram,
1505 1394 1553 1417 aut
1561 1388 1673 1427 aliquod
1688 1400 1757 1429 opus
1770 1397 1853 1420 terre·

1105 1438 1182 1465 num,
1198 1434 1293 1468 utputa
1306 1437 1414 1466 agrum,
1427 1427 1471 1456 vel
1483 1426 1600 1460 vineam,
1615 1428 1661 1458 vel
1672 1428 1792 1466 honum,
1807 1430 1853 1460 vel
1902 1443 1904 1457 :

1104 1478 1174 1508 opus
1195 1467 1264 1506 ligni
1279 1473 1326 1496 aut
1345 1467 1421 1503 ferri,
1437 1466 1532 1497 villam
1553 1467 1641 1497 colere
1662 1467 1800 1505 videmur,
1823 1469 1853 1498 id
1900 1488 1904 1506 1

1105 1514 1155 1543 est,
1170 1514 1280 1536 terram.
1297 1505 1413 1543 Quando
1433 1513 1524 1535 autem
1541 1516 1594 1536 non
1617 1506 1709 1537 labore
1723 1519 1853 1538 manuum

1105 1554 1259 1577 nostrarum
1269 1569 1277 1583 ,
1302 1545 1351 1575 sed
1372 1546 1451 1575 aliter
1477 1545 1556 1575 lucra
1577 1556 1748 1586 quocumque
1771 1548 1854 1578 modo

1107 1586 1308 1625 consequimur,
1324 1592 1420 1626 utputa
1441 1585 1557 1616 honores
1576 1595 1678 1625 gerere,
1699 1594 1730 1616 ut
1747 1586 1852 1618 divitiae

1105 1632 1278 1666 permaneant
1296 1625 1390 1662 alicui,
1405 1631 1453 1654 aut
1468 1625 1593 1663 mercari,
1610 1636 1688 1656 omne
1701 1627 1754 1657 hoc
1767 1638 1850 1667 nego—

1105 1666 1181 1696 tiatio
1198 1666 1362 1706 appellatur.
1375 1665 1490 1695 Duobus
1503 1675 1566 1704 ergo
1587 1666 1678 1696 verbis
1690 1677 1770 1696 omne
1783 1678 1852 1708 opus

1104 1706 1254 1735 humanum
1266 1704 1407 1742 conclusit,
1422 1704 1480 1735 sive
1493 1704 1647 1742 honestum,
1666 1706 1724 1737 sive
1741 1706 1852 1738 inhone-

1106 1752 1190 1775 stum.
1206 1746 1355 1775 Honestum
1367 1744 1479 1784 quidem
1492 1755 1561 1785 opus
1574 1752 1615 1775 est
1628 1746 1702 1776 villae
1718 1746 1827 1777 cultura
1842 1759 1850 1776 ε

1106 1786 1176 1815 sicut
1191 1785 1228 1815 ait
1241 1785 1368 1815 Salomon
1384 1797 1397 1817 :⁷
1410 1784 1483 1814 Non
1492 1786 1588 1815 oderis
1600 1787 1739 1816 rusticam
1750 1797 1851 1827 opem·
1860 1800 1904 1824 κα

1106 1826 1226 1861 tionem,
1246 1831 1274 1854 et
1296 1825 1512 1865 agriculturam
1535 1826 1573 1854 ab
1597 1825 1755 1856 Altissimo
1767 1837 1851 1857 orea-
1900 1828 1904 1854 ἶ

1106 1872 1178 1894 tam.
1196 1865 1231 1895 Et
1245 1865 1383 1905 apostolus
1402 1865 1527 1894 hortatur
1541 1877 1548 1893 z
1565 1865 1651 1905 Rogo
1668 1872 1767 1896 autem
1782 1877 1849 1904 vos,
1863 1871 1904 1900 nl

1095 1905 1224 1946 fratres,
1234 1905 1363 1934 studium
1377 1905 1484 1934 habere
1495 1905 1610 1944 quietis,
1623 1912 1652 1934 et
1662 1907 1770 1946 negotii
1784 1916 1851 1945 pro-
1864 1902 1904 1941 ¹¹2⁴}

1102 1946 1172 1983 prii,
1187 1951 1216 1974 et
1238 1945 1379 1983 operandi
1396 1946 1532 1974 manibus
1553 1947 1674 1982 vestris,
1690 1952 1720 1975 et
1736 1946 1853 1976 nullum
1902 1948 1904 1982 ζ

1104 1985 1279 2014 desiderium
1288 1985 1326 2014 sit
1337 1986 1369 2013 in
1379 1985 1465 2014 vobis
1474 1985 1515 2013 ad
1529 1987 1649 2024 eos-qui
1657 1985 1740 2025 foris
1760 1992 1828 2016 sunt
1842 1997 1850 2014 ε
1899 1998 1904 2016 ε

1105 2024 1275 2053 inhonestum
1288 2031 1327 2053 est
1337 2024 1409 2053 enim
1422 2024 1497 2064 apud
1510 2025 1598 2053 Deum
1611 2035 1628 2053 o
1696 2025 1851 2064 negotiatio-
1900 2023 1904 2064 Ι

1104 2063 1158 2100 nis,
1180 2063 1401 2102 sive-dignitatis,
1416 2063 1474 2093 sive
1487 2062 1601 2093 militiae.
1645 2063 1697 2093 nde
1715 2064 1788 2094 nihil
1801 2065 1851 2094 ho·
1898 2067 1904 2101 1

1105 2113 1166 2132 rum
1177 2110 1253 2132 antea
1263 2104 1280 2133 J
1284 2102 1352 2131 udaei
1365 2103 1487 2141 agebant,
1497 2109 1607 2142 propter
1620 2103 1694 2141 quod
1703 2103 1770 2133 dicit
1784 2115 1852 2144 pro-
1892 2126 1898 2140 ι

1104 2142 1185 2182 pheta
1199 2155 1205 2172 ε
1225 2143 1282 2181 Qui
1294 2153 1354 2171 non
1366 2143 1500 2182 cognovit
1517 2145 1738 2182 negotiationes,
1754 2145 1882 2176 intra-P

1105 2184 1147 2212 hit
1161 2184 1193 2210 in
1204 2185 1348 2221 potentias
1359 2182 1480 2211 Domini
1496 2193 1504 2210 .·
1517 2183 1587 2220 quia
1595 2182 1708 2213 difficile
1728 2183 1790 2222 quis
1803 2195 1851 2214 ne-
1863 2185 1904 2224 ¹5¹

1105 2222 1208 2261 gotians
1222 2222 1304 2252 intrat
1318 2222 1346 2251 in
1365 2232 1480 2261 regnum
1492 2222 1630 2252 caelorum.
1646 2224 1671 2253 Ο
1683 2223 1851 2255 miserrimus
1901 2252 1904 2260 ,

1106 2261 1238 2298 mundus,
1254 2269 1281 2292 et
1297 2262 1387 2291 miseri
1406 2262 1454 2300 qui
1472 2273 1535 2291 eum
1553 2262 1721 2301 sequuntur!
1740 2263 1852 2308 Semper
1900 2270 1904 2278 “

1105 2301 1177 2331 enim
1191 2302 1312 2331 homines
1323 2301 1473 2331 mundialia
1485 2312 1564 2342 opera
1573 2302 1745 2332 excluserunt
1754 2313 1769 2332 a
1783 2310 1850 2333 vita.

1104 2341 1158 2371 Sed
1172 2342 1239 2371 forte
1253 2342 1333 2377 dieis,
1348 2343 1382 2371 Et
1404 2341 1499 2371 villam
1522 2341 1609 2371 colere
1631 2348 1770 2382 peccatum
1792 2343 1852 2373 est?
1901 2363 1904 2369 ι

1105 2382 1141 2411 Et
1151 2382 1175 2411 si
1189 2381 1302 2420 quidem
1320 2381 1543 2421 impedimentum
1555 2381 1631 2416 fidei,
1645 2388 1692 2411 aut
1713 2382 1763 2411 reli
1782 2381 1852 2413 ionis

1104 2421 1155 2451 tibi
1170 2432 1222 2451 non
1236 2422 1300 2451 facit
1315 2421 1393 2457 villa,
1408 2422 1478 2451 sicut
1499 2421 1561 2451 fecit
1573 2422 1590 2452 J
1593 2420 1686 2458 udaeis‚
1701 2431 1754 2450 non
1764 2392 1852 2452 timbec

1104 2468 1243 2501 peccatum
1254 2473 1263 2491 ι
1287 2461 1310 2491 si
1332 2468 1422 2491 autem
1445 2461 1489 2491 vel
1511 2471 1528 2489 a
1544 2459 1608 2496 fide,
1618 2461 1663 2491 vel
1683 2471 1698 2490 a
1721 2461 1852 2501 religione

1105 2502 1155 2530 tibi
1168 2501 1231 2530 facit
1246 2501 1480 2541 impedimentum,
1495 2499 1526 2529 fit
1539 2507 1688 2540 peccatum.
1703 2502 1764 2531 Non
1787 2512 1818 2531 er
1836 2512 1852 2531 o
1900 2507 1904 2556 1

1106 2541 1162 2580 ipse
1174 2541 1247 2570 villae
1261 2541 1352 2571 cultus
1366 2547 1503 2581 peccatum
1516 2547 1566 2576 est,
1581 2540 1629 2570 sed
1642 2547 1671 2570 tu
1705 2541 1813 2570 raeseren
1835 2552 1851 2571 o
1900 2566 1904 2583 4

1105 2590 1164 2610 eam
1179 2582 1248 2620 Deo,
1263 2581 1329 2611 sacis
1350 2591 1408 2610 eam
1432 2590 1488 2610 esse
1509 2587 1658 2620 peccatum.

1704 2591 1766 2621 pera
1780 2581 1851 2610 enim
1900 2586 1904 2622 ᾗ
