<?xml version="1.0" encoding="UTF-8"?>
<!DOCTYPE html PUBLIC "-//W3C//DTD XHTML 1.0 Transitional//EN"
    "http://www.w3.org/TR/xhtml1/DTD/xhtml1-transitional.dtd">
<html xmlns="http://www.w3.org/1999/xhtml" xml:lang="en" lang="en">
 <head>
  <title>
</title>
<meta http-equiv="Content-Type" content="text/html;charset=utf-8" />
  <meta name='ocr-system' content='tesseract 3.04.00' />
  <meta name='ocr-capabilities' content='ocr_page ocr_carea ocr_par ocr_line ocrx_word'/>
</head>
<body>
  <div class='ocr_page' id='page_1' title='image "./operaomniaquaeex06johnuoft_0460.png"; bbox 0 0 1890 2826; ppageno 0'>
   <div class='ocr_carea' id='block_1_1' title="bbox 71 393 210 424">
    <p class='ocr_par' dir='ltr' id='par_1_1' title="bbox 71 393 210 424">
     <span class='ocr_line' id='line_1_1' title="bbox 71 393 210 424; baseline 0.014 -9"><span class='ocrx_word' id='word_1_1' title='bbox 71 395 131 415; x_wconf 67' lang='lat' dir='ltr'>llud.</span> <span class='ocrx_word' id='word_1_2' title='bbox 140 402 160 416; x_wconf 88' lang='lat' dir='ltr'>v.</span> <span class='ocrx_word' id='word_1_3' title='bbox 171 393 210 424; x_wconf 74' lang='grc'>24.</span> 
     </span>
    </p>
   </div>
   <div class='ocr_carea' id='block_1_2' title="bbox 70 424 107 446">
    <p class='ocr_par' dir='ltr' id='par_1_2' title="bbox 70 424 107 446">
     <span class='ocr_line' id='line_1_2' title="bbox 70 424 107 446; baseline 0 0"><span class='ocrx_word' id='word_1_4' title='bbox 70 424 107 446; x_wconf 75' lang='lat'>28.</span> 
     </span>
    </p>
   </div>
   <div class='ocr_carea' id='block_1_3' title="bbox 74 456 210 484">
    <p class='ocr_par' dir='ltr' id='par_1_3' title="bbox 74 456 210 484">
     <span class='ocr_line' id='line_1_3' title="bbox 74 456 210 484; baseline 0.015 -9"><span class='ocrx_word' id='word_1_5' title='bbox 74 456 131 484; x_wconf 68' lang='lat' dir='ltr'><strong><em>(lap.</em></strong></span> <span class='ocrx_word' id='word_1_6' title='bbox 151 462 172 478; x_wconf 81' lang='lat'>2.</span> <span class='ocrx_word' id='word_1_7' title='bbox 190 462 210 477; x_wconf 81' lang='lat' dir='ltr'>r.</span> 
     </span>
    </p>
   </div>
   <div class='ocr_carea' id='block_1_4' title="bbox 71 493 134 516">
    <p class='ocr_par' dir='ltr' id='par_1_4' title="bbox 71 493 134 516">
     <span class='ocr_line' id='line_1_4' title="bbox 71 493 134 516; baseline 0.016 -9"><span class='ocrx_word' id='word_1_8' title='bbox 71 494 92 507; x_wconf 76' lang='lat'>2.</span> <span class='ocrx_word' id='word_1_9' title='bbox 110 493 134 516; x_wconf 86' lang='lat'>9.</span> 
     </span>
    </p>
   </div>
   <div class='ocr_carea' id='block_1_5' title="bbox 69 577 208 692">
    <p class='ocr_par' dir='ltr' id='par_1_5' title="bbox 69 577 208 692">
     <span class='ocr_line' id='line_1_5' title="bbox 73 577 208 602; baseline 0.007 -4"><span class='ocrx_word' id='word_1_10' title='bbox 73 579 129 599; x_wconf 76' lang='lat' dir='ltr'><strong>[hid.</strong></span> <span class='ocrx_word' id='word_1_11' title='bbox 140 587 161 602; x_wconf 83' lang='lat' dir='ltr'>v.</span> <span class='ocrx_word' id='word_1_12' title='bbox 174 577 208 599; x_wconf 80' lang='lat'>13.</span> 
     </span>
     <span class='ocr_line' id='line_1_6' title="bbox 73 610 108 637; baseline 0 -7"><span class='ocrx_word' id='word_1_13' title='bbox 73 610 108 637; x_wconf 68' lang='grc' dir='ltr'>ιζ’.</span> 
     </span>
     <span class='ocr_line' id='line_1_7' title="bbox 71 641 207 670; baseline 0.015 -11"><span class='ocrx_word' id='word_1_14' title='bbox 71 641 127 661; x_wconf 73' lang='lat' dir='ltr'>[md.</span> <span class='ocrx_word' id='word_1_15' title='bbox 141 649 162 662; x_wconf 85' lang='lat' dir='ltr'>v.</span> <span class='ocrx_word' id='word_1_16' title='bbox 173 647 207 670; x_wconf 88' lang='lat'>¹9·</span> 
     </span>
     <span class='ocr_line' id='line_1_8' title="bbox 69 677 106 692; baseline 0.027 -1"><span class='ocrx_word' id='word_1_17' title='bbox 69 677 106 692; x_wconf 85' lang='lat'>20.</span> 
     </span>
    </p>
   </div>
   <div class='ocr_carea' id='block_1_6' title="bbox 68 948 202 977">
    <p class='ocr_par' dir='ltr' id='par_1_6' title="bbox 68 948 202 977">
     <span class='ocr_line' id='line_1_9' title="bbox 68 948 202 977; baseline 0.015 -9"><span class='ocrx_word' id='word_1_18' title='bbox 68 948 156 977; x_wconf 76' lang='grc' dir='ltr'>(’.ι]ι.3.</span> <span class='ocrx_word' id='word_1_19' title='bbox 169 956 202 971; x_wconf 78' lang='lat'>12.</span> 
     </span>
    </p>
   </div>
   <div class='ocr_carea' id='block_1_7' title="bbox 63 1551 202 1636">
    <p class='ocr_par' dir='ltr' id='par_1_7' title="bbox 63 1551 202 1636">
     <span class='ocr_line' id='line_1_10' title="bbox 65 1551 193 1580; baseline 0.023 -9"><span class='ocrx_word' id='word_1_20' title='bbox 65 1552 121 1580; x_wconf 73' lang='lat' dir='ltr'>Cup.</span> <span class='ocrx_word' id='word_1_21' title='bbox 135 1551 157 1573; x_wconf 84' lang='lat'>5.</span> <span class='ocrx_word' id='word_1_22' title='bbox 170 1551 193 1574; x_wconf 86' lang='lat'>6.</span> 
     </span>
     <span class='ocr_line' id='line_1_11' title="bbox 63 1581 202 1636; baseline 0.022 -4"><span class='ocrx_word' id='word_1_23' title='bbox 63 1581 124 1635; x_wconf 50' lang='grc' dir='ltr'>τίαίά.</span> <span class='ocrx_word' id='word_1_24' title='bbox 133 1622 153 1635; x_wconf 88' lang='lat' dir='ltr'>v.</span> <span class='ocrx_word' id='word_1_25' title='bbox 169 1613 202 1636; x_wconf 81' lang='grc'>15.</span> 
     </span>
    </p>
   </div>
   <div class='ocr_carea' id='block_1_8' title="bbox 66 1642 203 1726">
    <p class='ocr_par' dir='ltr' id='par_1_8' title="bbox 66 1642 203 1726">
     <span class='ocr_line' id='line_1_12' title="bbox 66 1642 100 1665; baseline 0 -1"><span class='ocrx_word' id='word_1_26' title='bbox 66 1642 100 1665; x_wconf 76' lang='grc' dir='ltr'>ι8.</span> 
     </span>
     <span class='ocr_line' id='line_1_13' title="bbox 66 1697 203 1726; baseline 0.015 -10"><span class='ocrx_word' id='word_1_27' title='bbox 66 1697 125 1718; x_wconf 66' lang='lat' dir='ltr'><strong>[still.</strong></span> <span class='ocrx_word' id='word_1_28' title='bbox 142 1704 203 1726; x_wconf 64' lang='lat'><strong>&#39;¹¹9&#39;</strong></span> 
     </span>
    </p>
   </div>
   <div class='ocr_carea' id='block_1_9' title="bbox 64 1740 196 1791">
    <p class='ocr_par' dir='ltr' id='par_1_9' title="bbox 64 1740 196 1791">
     <span class='ocr_line' id='line_1_14' title="bbox 64 1740 196 1791; baseline 0.03 -31"><span class='ocrx_word' id='word_1_29' title='bbox 64 1740 124 1791; x_wconf 51' lang='grc' dir='ltr'>ξαρ.</span> <span class='ocrx_word' id='word_1_30' title='bbox 137 1740 159 1763; x_wconf 83' lang='lat'>6.</span> <span class='ocrx_word' id='word_1_31' title='bbox 172 1741 196 1764; x_wconf 86' lang='lat'>6.</span> 
     </span>
    </p>
   </div>
   <div class='ocr_carea' id='block_1_10' title="bbox 65 1835 187 1860">
    <p class='ocr_par' dir='ltr' id='par_1_10' title="bbox 65 1835 187 1860">
     <span class='ocr_line' id='line_1_15' title="bbox 65 1835 187 1860; baseline 0 -3"><span class='ocrx_word' id='word_1_32' title='bbox 65 1835 123 1858; x_wconf 69' lang='grc' dir='ltr'>[ΜΔ.</span> <span class='ocrx_word' id='word_1_33' title='bbox 132 1846 152 1859; x_wconf 92' lang='lat' dir='ltr'>v.</span> <span class='ocrx_word' id='word_1_34' title='bbox 164 1838 187 1860; x_wconf 83' lang='lat'>8.</span> 
     </span>
    </p>
   </div>
   <div class='ocr_carea' id='block_1_11' title="bbox 63 1881 203 1968">
    <p class='ocr_par' dir='ltr' id='par_1_11' title="bbox 63 1881 203 1968">
     <span class='ocr_line' id='line_1_16' title="bbox 65 1881 187 1911; baseline 0.025 -10"><span class='ocrx_word' id='word_1_35' title='bbox 65 1881 125 1902; x_wconf 72' lang='lat' dir='ltr'><strong>Iltid.</strong></span> <span class='ocrx_word' id='word_1_36' title='bbox 135 1890 154 1903; x_wconf 88' lang='lat' dir='ltr'>v.</span> <span class='ocrx_word' id='word_1_37' title='bbox 163 1889 187 1911; x_wconf 81' lang='grc'>9.</span> 
     </span>
     <span class='ocr_line' id='line_1_17' title="bbox 63 1919 101 1936; baseline 0 -3"><span class='ocrx_word' id='word_1_38' title='bbox 63 1919 101 1936; x_wconf 83' lang='lat'>10.</span> 
     </span>
     <span class='ocr_line' id='line_1_18' title="bbox 65 1943 203 1968; baseline 0.029 -4"><span class='ocrx_word' id='word_1_39' title='bbox 65 1943 125 1965; x_wconf 68' lang='lat' dir='ltr'><strong>Iltid.</strong></span> <span class='ocrx_word' id='word_1_40' title='bbox 136 1953 156 1966; x_wconf 84' lang='lat' dir='ltr'>v.</span> <span class='ocrx_word' id='word_1_41' title='bbox 169 1945 203 1968; x_wconf 71' lang='lat'>15.</span> 
     </span>
    </p>
   </div>
   <div class='ocr_carea' id='block_1_12' title="bbox 222 183 294 225">
    <p class='ocr_par' dir='ltr' id='par_1_12' title="bbox 222 183 294 225">
     <span class='ocr_line' id='line_1_19' title="bbox 222 183 294 225; baseline 0.056 -3"><span class='ocrx_word' id='word_1_42' title='bbox 222 183 294 225; x_wconf 69' lang='lat'>444</span> 
     </span>
    </p>
   </div>
   <div class='ocr_carea' id='block_1_13' title="bbox 221 254 964 479">
    <p class='ocr_par' dir='ltr' id='par_1_13' title="bbox 221 254 964 479">
     <span class='ocr_line' id='line_1_20' title="bbox 221 254 964 296; baseline 0.005 -14"><span class='ocrx_word' id='word_1_43' title='bbox 221 254 301 283; x_wconf 81' lang='lat' dir='ltr'><strong>senda</strong></span> <span class='ocrx_word' id='word_1_44' title='bbox 323 265 385 284; x_wconf 90' lang='lat' dir='ltr'>cum</span> <span class='ocrx_word' id='word_1_45' title='bbox 406 255 439 284; x_wconf 88' lang='lat' dir='ltr'>iis</span> <span class='ocrx_word' id='word_1_46' title='bbox 452 256 499 294; x_wconf 85' lang='lat' dir='ltr'>qui</span> <span class='ocrx_word' id='word_1_47' title='bbox 520 262 664 296; x_wconf 81' lang='lat' dir='ltr'><strong>operantur</strong></span> <span class='ocrx_word' id='word_1_48' title='bbox 681 256 774 295; x_wconf 83' lang='lat' dir='ltr'><strong>iniqua</strong></span> <span class='ocrx_word' id='word_1_49' title='bbox 793 269 799 285; x_wconf 89' lang='lat'>:</span> <span class='ocrx_word' id='word_1_50' title='bbox 823 267 964 286; x_wconf 82' lang='lat' dir='ltr'><strong>commune</strong></span> 
     </span>
     <span class='ocr_line' id='line_1_21' title="bbox 222 301 963 342; baseline 0.005 -14"><span class='ocrx_word' id='word_1_51' title='bbox 222 310 337 338; x_wconf 82' lang='lat' dir='ltr'><strong>namque</strong></span> <span class='ocrx_word' id='word_1_52' title='bbox 356 302 525 341; x_wconf 87' lang='lat' dir='ltr'><strong>marsupium</strong></span> <span class='ocrx_word' id='word_1_53' title='bbox 545 301 587 330; x_wconf 92' lang='lat' dir='ltr'><strong>illi</strong></span> <span class='ocrx_word' id='word_1_54' title='bbox 609 301 756 342; x_wconf 83' lang='lat' dir='ltr'><strong>possident.</strong></span> <span class='ocrx_word' id='word_1_55' title='bbox 783 302 920 342; x_wconf 81' lang='lat' dir='ltr'>Sapientia</span> <span class='ocrx_word' id='word_1_56' title='bbox 935 303 963 333; x_wconf 91' lang='lat' dir='ltr'>in</span> 
     </span>
     <span class='ocr_line' id='line_1_22' title="bbox 221 345 962 388; baseline 0.007 -14"><span class='ocrx_word' id='word_1_57' title='bbox 221 345 339 376; x_wconf 83' lang='lat' dir='ltr'><strong>exitibus</strong></span> <span class='ocrx_word' id='word_1_58' title='bbox 353 347 494 386; x_wconf 55' lang='lat' dir='ltr'><strong>praedicam</strong></span> <span class='ocrx_word' id='word_1_59' title='bbox 516 348 594 388; x_wconf 84' lang='lat' dir='ltr'><strong>impii</strong></span> <span class='ocrx_word' id='word_1_60' title='bbox 610 354 701 378; x_wconf 85' lang='lat' dir='ltr'><strong>autem</strong></span> <span class='ocrx_word' id='word_1_61' title='bbox 718 347 834 378; x_wconf 84' lang='lat' dir='ltr'><strong>oderunt</strong></span> <span class='ocrx_word' id='word_1_62' title='bbox 845 359 962 379; x_wconf 89' lang='lat' dir='ltr'><strong>sensum.</strong></span> 
     </span>
     <span class='ocr_line' id='line_1_23' title="bbox 222 393 963 432; baseline 0.005 -11"><span class='ocrx_word' id='word_1_63' title='bbox 222 393 356 430; x_wconf 83' lang='lat' dir='ltr'><strong>Quoniam</strong></span> <span class='ocrx_word' id='word_1_64' title='bbox 379 404 422 423; x_wconf 86' lang='lat' dir='ltr'>me</span> <span class='ocrx_word' id='word_1_65' title='bbox 441 401 563 431; x_wconf 85' lang='lat' dir='ltr'><strong>vocante,</strong></span> <span class='ocrx_word' id='word_1_66' title='bbox 583 404 636 424; x_wconf 87' lang='lat' dir='ltr'>non</span> <span class='ocrx_word' id='word_1_67' title='bbox 658 394 813 432; x_wconf 78' lang='lat' dir='ltr'><strong>audierunt,</strong></span> <span class='ocrx_word' id='word_1_68' title='bbox 828 395 889 425; x_wconf 88' lang='lat' dir='ltr'><strong>ideo</strong></span> <span class='ocrx_word' id='word_1_69' title='bbox 902 406 963 425; x_wconf 88' lang='lat' dir='ltr'>cum</span> 
     </span>
     <span class='ocr_line' id='line_1_24' title="bbox 221 438 962 479; baseline 0.005 -12"><span class='ocrx_word' id='word_1_70' title='bbox 221 438 356 469; x_wconf 84' lang='lat' dir='ltr'><strong>vocabunt</strong></span> <span class='ocrx_word' id='word_1_71' title='bbox 378 450 432 476; x_wconf 86' lang='lat' dir='ltr'>me,</span> <span class='ocrx_word' id='word_1_72' title='bbox 447 450 501 469; x_wconf 92' lang='lat' dir='ltr'>non</span> <span class='ocrx_word' id='word_1_73' title='bbox 522 440 631 471; x_wconf 81' lang='lat' dir='ltr'><strong>audiam</strong></span> <span class='ocrx_word' id='word_1_74' title='bbox 645 451 698 470; x_wconf 87' lang='lat' dir='ltr'><strong>eos.</strong></span> <span class='ocrx_word' id='word_1_75' title='bbox 712 441 780 471; x_wconf 86' lang='lat' dir='ltr'><strong>Item</strong></span> <span class='ocrx_word' id='word_1_76' title='bbox 802 442 884 479; x_wconf 81' lang='lat' dir='ltr'><strong>illud,</strong></span> <span class='ocrx_word' id='word_1_77' title='bbox 900 443 962 472; x_wconf 88' lang='lat' dir='ltr'>Ac-</span> 
     </span>
    </p>
   </div>
   <div class='ocr_carea' id='block_1_14' title="bbox 559 194 1454 224">
    <p class='ocr_par' dir='ltr' id='par_1_14' title="bbox 559 194 1454 224">
     <span class='ocr_line' id='line_1_25' title="bbox 559 194 1454 224; baseline 0.009 -8"><span class='ocrx_word' id='word_1_78' title='bbox 559 194 588 216; x_wconf 69' lang='lat' dir='ltr'>S·</span> <span class='ocrx_word' id='word_1_79' title='bbox 618 194 759 218; x_wconf 78' lang='lat' dir='ltr'><strong>JOANMS</strong></span> <span class='ocrx_word' id='word_1_80' title='bbox 786 196 966 219; x_wconf 82' lang='lat' dir='ltr'><strong>CHRYSOST.</strong></span> <span class='ocrx_word' id='word_1_81' title='bbox 996 197 1152 221; x_wconf 70' lang='lat' dir='ltr'><strong>ARCRIEP.</strong></span> <span class='ocrx_word' id='word_1_82' title='bbox 1181 199 1454 224; x_wconf 76' lang='lat' dir='ltr'><strong>CONSTANTINOP-</strong></span> 
     </span>
    </p>
   </div>
   <div class='ocr_carea' id='block_1_15' title="bbox 1016 259 1790 488">
    <p class='ocr_par' dir='ltr' id='par_1_15' title="bbox 1016 259 1790 488">
     <span class='ocr_line' id='line_1_26' title="bbox 1018 259 1789 304; baseline 0.009 -16"><span class='ocrx_word' id='word_1_83' title='bbox 1018 259 1103 289; x_wconf 85' lang='grc' dir='ltr'>κοινὸν</span> <span class='ocrx_word' id='word_1_84' title='bbox 1121 260 1172 299; x_wconf 87' lang='grc' dir='ltr'>γὰρ</span> <span class='ocrx_word' id='word_1_85' title='bbox 1188 260 1327 299; x_wconf 85' lang='grc' dir='ltr'>βαλάντιον</span> <span class='ocrx_word' id='word_1_86' title='bbox 1349 261 1502 298; x_wconf 81' lang='grc' dir='ltr'>κέκτηνται.</span> <span class='ocrx_word' id='word_1_87' title='bbox 1521 263 1584 294; x_wconf 84' lang='grc' dir='ltr'>Ὅτι</span> <span class='ocrx_word' id='word_1_88' title='bbox 1598 265 1676 304; x_wconf 81' lang='grc' dir='ltr'><strong>σοφία</strong></span> <span class='ocrx_word' id='word_1_89' title='bbox 1690 266 1718 295; x_wconf 80' lang='grc' dir='ltr'>ἐν</span> <span class='ocrx_word' id='word_1_90' title='bbox 1731 265 1789 299; x_wconf 79' lang='grc' dir='ltr'>ἐξό-</span> 
     </span>
     <span class='ocr_line' id='line_1_27' title="bbox 1019 305 1788 347; baseline 0.009 -14"><span class='ocrx_word' id='word_1_91' title='bbox 1019 305 1071 338; x_wconf 89' lang='grc' dir='ltr'>δοις</span> <span class='ocrx_word' id='word_1_92' title='bbox 1084 307 1215 343; x_wconf 82' lang='grc' dir='ltr'>ὑμνεῖται,</span> <span class='ocrx_word' id='word_1_93' title='bbox 1227 306 1331 340; x_wconf 79' lang='grc' dir='ltr'>ἀσεὸεἶς</span> <span class='ocrx_word' id='word_1_94' title='bbox 1346 307 1374 338; x_wconf 83' lang='grc' dir='ltr'>δὲ</span> <span class='ocrx_word' id='word_1_95' title='bbox 1386 307 1516 347; x_wconf 79' lang='grc' dir='ltr'><strong>ἐμίσησαν</strong></span> <span class='ocrx_word' id='word_1_96' title='bbox 1531 309 1662 347; x_wconf 78' lang='grc' dir='ltr'>αἴσθησιν.</span> <span class='ocrx_word' id='word_1_97' title='bbox 1676 310 1788 347; x_wconf 81' lang='grc' dir='ltr'>Ἐπειδὴ</span> 
     </span>
     <span class='ocr_line' id='line_1_28' title="bbox 1018 350 1790 393; baseline 0.009 -14"><span class='ocrx_word' id='word_1_98' title='bbox 1018 350 1137 387; x_wconf 81' lang='grc' dir='ltr'>ἐκάλουν,</span> <span class='ocrx_word' id='word_1_99' title='bbox 1151 351 1195 381; x_wconf 79' lang='grc' dir='ltr'>καὶ</span> <span class='ocrx_word' id='word_1_100' title='bbox 1206 354 1257 392; x_wconf 83' lang='grc' dir='ltr'>οὐχ</span> <span class='ocrx_word' id='word_1_101' title='bbox 1266 352 1419 388; x_wconf 72' lang='grc' dir='ltr'>ὓπήκουσάν</span> <span class='ocrx_word' id='word_1_102' title='bbox 1431 365 1491 393; x_wconf 81' lang='grc' dir='ltr'>μου,</span> <span class='ocrx_word' id='word_1_103' title='bbox 1505 354 1549 384; x_wconf 79' lang='grc' dir='ltr'>διὰ</span> <span class='ocrx_word' id='word_1_104' title='bbox 1562 359 1649 391; x_wconf 80' lang='grc' dir='ltr'>τοῦτο,</span> <span class='ocrx_word' id='word_1_105' title='bbox 1663 355 1725 386; x_wconf 76' lang='grc' dir='ltr'>ὅταν</span> <span class='ocrx_word' id='word_1_106' title='bbox 1738 368 1790 386; x_wconf 81' lang='grc' dir='ltr'>κα-</span> 
     </span>
     <span class='ocr_line' id='line_1_29' title="bbox 1018 395 1788 442; baseline 0.01 -18"><span class='ocrx_word' id='word_1_107' title='bbox 1018 395 1147 426; x_wconf 81' lang='grc' dir='ltr'>λέσωνταί</span> <span class='ocrx_word' id='word_1_108' title='bbox 1172 409 1220 436; x_wconf 84' lang='grc' dir='ltr'>με,</span> <span class='ocrx_word' id='word_1_109' title='bbox 1243 400 1293 438; x_wconf 87' lang='grc' dir='ltr'>οὖχ</span> <span class='ocrx_word' id='word_1_110' title='bbox 1312 399 1497 439; x_wconf 80' lang='grc' dir='ltr'>ὕπακούσομαι</span> <span class='ocrx_word' id='word_1_111' title='bbox 1518 402 1613 431; x_wconf 77' lang='grc' dir='ltr'>αὐτῶν.</span> <span class='ocrx_word' id='word_1_112' title='bbox 1636 401 1705 442; x_wconf 79' lang='grc' dir='ltr'>Περὶ</span> <span class='ocrx_word' id='word_1_113' title='bbox 1725 405 1788 438; x_wconf 80' lang='grc' dir='ltr'>τοῦ,</span> 
     </span>
     <span class='ocr_line' id='line_1_30' title="bbox 1016 442 1790 488; baseline 0.008 -17"><span class='ocrx_word' id='word_1_114' title='bbox 1016 442 1101 482; x_wconf 77' lang='grc' dir='ltr'>Δέχου</span> <span class='ocrx_word' id='word_1_115' title='bbox 1126 442 1215 482; x_wconf 80' lang='grc' dir='ltr'>ῥήσεις</span> <span class='ocrx_word' id='word_1_116' title='bbox 1237 444 1365 480; x_wconf 82' lang='grc' dir='ltr'>ἐντολῶν,</span> <span class='ocrx_word' id='word_1_117' title='bbox 1385 445 1431 474; x_wconf 82' lang='grc' dir='ltr'>καὶ</span> <span class='ocrx_word' id='word_1_118' title='bbox 1454 446 1636 476; x_wconf 84' lang='grc' dir='ltr'>εἷσακούσεται</span> <span class='ocrx_word' id='word_1_119' title='bbox 1656 446 1748 488; x_wconf 81' lang='grc' dir='ltr'>σοφίας</span> <span class='ocrx_word' id='word_1_120' title='bbox 1760 449 1790 478; x_wconf 83' lang='grc' dir='ltr'>τὸ</span> 
     </span>
    </p>
   </div>
   <div class='ocr_carea' id='block_1_16' title="bbox 222 483 1792 533">
    <p class='ocr_par' dir='ltr' id='par_1_16' title="bbox 222 483 1792 533">
     <span class='ocr_line' id='line_1_31' title="bbox 222 483 1792 533; baseline 0.006 -20"><span class='ocrx_word' id='word_1_121' title='bbox 222 486 283 524; x_wconf 82' lang='lat' dir='ltr'><em>cipe</em></span> <span class='ocrx_word' id='word_1_122' title='bbox 293 486 374 515; x_wconf 85' lang='lat' dir='ltr'><strong>dicta</strong></span> <span class='ocrx_word' id='word_1_123' title='bbox 395 487 611 523; x_wconf 81' lang='lat' dir='ltr'><strong>mandatorum,</strong></span> <span class='ocrx_word' id='word_1_124' title='bbox 623 493 653 516; x_wconf 81' lang='lat' dir='ltr'>et</span> <span class='ocrx_word' id='word_1_125' title='bbox 670 488 771 517; x_wconf 80' lang='lat' dir='ltr'><strong><em>audiet</em></strong></span> <span class='ocrx_word' id='word_1_126' title='bbox 789 490 964 528; x_wconf 80' lang='lat' dir='ltr'><strong><em>sapientiam</em></strong></span> <span class='ocrx_word' id='word_1_127' title='bbox 982 492 1001 517; x_wconf 91' lang='lat' dir='ltr'>C</span> <span class='ocrx_word' id='word_1_128' title='bbox 1017 483 1059 520; x_wconf 70' lang='grc' dir='ltr'>οὖς</span> <span class='ocrx_word' id='word_1_129' title='bbox 1083 499 1146 524; x_wconf 87' lang='grc' dir='ltr'>σου,</span> <span class='ocrx_word' id='word_1_130' title='bbox 1161 487 1204 518; x_wconf 75' lang='grc' dir='ltr'>ἵνα</span> <span class='ocrx_word' id='word_1_131' title='bbox 1226 489 1343 530; x_wconf 84' lang='grc' dir='ltr'>συνήσῃς</span> <span class='ocrx_word' id='word_1_132' title='bbox 1363 490 1530 528; x_wconf 83' lang='grc' dir='ltr'>δικαιοσύνην</span> <span class='ocrx_word' id='word_1_133' title='bbox 1543 492 1589 521; x_wconf 82' lang='grc' dir='ltr'>καὶ</span> <span class='ocrx_word' id='word_1_134' title='bbox 1610 492 1703 533; x_wconf 86' lang='grc' dir='ltr'>κρίμα.</span> <span class='ocrx_word' id='word_1_135' title='bbox 1715 488 1753 523; x_wconf 74' lang='grc' dir='ltr'>Ὦ</span> <span class='ocrx_word' id='word_1_136' title='bbox 1766 495 1792 523; x_wconf 81' lang='grc' dir='ltr'>οἱ</span> 
     </span>
    </p>
   </div>
   <div class='ocr_carea' id='block_1_17' title="bbox 214 533 966 1314">
    <p class='ocr_par' dir='ltr' id='par_1_17' title="bbox 214 533 966 1314">
     <span class='ocr_line' id='line_1_32' title="bbox 222 533 963 574; baseline 0.005 -14"><span class='ocrx_word' id='word_1_137' title='bbox 222 533 301 560; x_wconf 77' lang='lat' dir='ltr'><strong>auris</strong></span> <span class='ocrx_word' id='word_1_138' title='bbox 312 538 372 568; x_wconf 85' lang='lat' dir='ltr'><strong>tua,</strong></span> <span class='ocrx_word' id='word_1_139' title='bbox 385 540 418 562; x_wconf 90' lang='lat' dir='ltr'>ut</span> <span class='ocrx_word' id='word_1_140' title='bbox 436 533 586 574; x_wconf 79' lang='lat' dir='ltr'><em>intelligas</em></span> <span class='ocrx_word' id='word_1_141' title='bbox 608 535 753 573; x_wconf 78' lang='lat' dir='ltr'><strong>justitiam</strong></span> <span class='ocrx_word' id='word_1_142' title='bbox 773 542 802 564; x_wconf 85' lang='lat' dir='ltr'>et</span> <span class='ocrx_word' id='word_1_143' title='bbox 811 536 963 574; x_wconf 77' lang='lat' dir='ltr'><strong>judicium.</strong></span> 
     </span>
     <span class='ocr_line' id='line_1_33' title="bbox 222 579 966 619; baseline 0.005 -13"><span class='ocrx_word' id='word_1_144' title='bbox 222 579 271 606; x_wconf 78' lang='lat' dir='ltr'>Vae</span> <span class='ocrx_word' id='word_1_145' title='bbox 281 580 331 616; x_wconf 79' lang='lat' dir='ltr'>qui</span> <span class='ocrx_word' id='word_1_146' title='bbox 338 579 544 619; x_wconf 82' lang='lat' dir='ltr'><strong>derelinquunt</strong></span> <span class='ocrx_word' id='word_1_147' title='bbox 552 582 734 616; x_wconf 84' lang='lat' dir='ltr'><strong>viasrectas,</strong></span> <span class='ocrx_word' id='word_1_148' title='bbox 744 587 772 609; x_wconf 87' lang='lat' dir='ltr'>et</span> <span class='ocrx_word' id='word_1_149' title='bbox 780 581 966 610; x_wconf 80' lang='lat' dir='ltr'><strong>delectantur</strong></span> 
     </span>
     <span class='ocr_line' id='line_1_34' title="bbox 220 626 964 667; baseline 0.004 -14"><span class='ocrx_word' id='word_1_150' title='bbox 220 627 251 652; x_wconf 82' lang='lat' dir='ltr'>in</span> <span class='ocrx_word' id='word_1_151' title='bbox 263 627 449 654; x_wconf 78' lang='lat' dir='ltr'><em>subversione</em></span> <span class='ocrx_word' id='word_1_152' title='bbox 459 627 549 656; x_wconf 87' lang='lat' dir='ltr'><strong>mala.</strong></span> <span class='ocrx_word' id='word_1_153' title='bbox 562 626 637 657; x_wconf 85' lang='lat' dir='ltr'><strong>Illud</strong></span> <span class='ocrx_word' id='word_1_154' title='bbox 649 627 740 664; x_wconf 84' lang='lat' dir='ltr'><strong>etiam,</strong></span> <span class='ocrx_word' id='word_1_155' title='bbox 751 629 796 657; x_wconf 83' lang='lat' dir='ltr'>Ne</span> <span class='ocrx_word' id='word_1_156' title='bbox 817 634 845 657; x_wconf 84' lang='lat' dir='ltr'>te</span> <span class='ocrx_word' id='word_1_157' title='bbox 863 638 964 667; x_wconf 83' lang='lat' dir='ltr'><strong>appre-</strong></span> 
     </span>
     <span class='ocr_line' id='line_1_35' title="bbox 220 671 964 708; baseline 0.007 -9"><span class='ocrx_word' id='word_1_158' title='bbox 220 671 330 700; x_wconf 84' lang='lat' dir='ltr'><strong>hendat</strong></span> <span class='ocrx_word' id='word_1_159' title='bbox 339 673 494 702; x_wconf 80' lang='lat' dir='ltr'><strong>consilium</strong></span> <span class='ocrx_word' id='word_1_160' title='bbox 508 673 630 708; x_wconf 86' lang='lat' dir='ltr'><strong>malum,</strong></span> <span class='ocrx_word' id='word_1_161' title='bbox 651 680 684 703; x_wconf 85' lang='lat' dir='ltr'>ut</span> <span class='ocrx_word' id='word_1_162' title='bbox 696 675 830 704; x_wconf 74' lang='lat' dir='ltr'><strong><em>invenias</em></strong></span> <span class='ocrx_word' id='word_1_163' title='bbox 846 676 964 704; x_wconf 79' lang='lat' dir='ltr'><em>semitas</em></span> 
     </span>
     <span class='ocr_line' id='line_1_36' title="bbox 215 719 962 761; baseline 0.007 -15"><span class='ocrx_word' id='word_1_164' title='bbox 215 720 338 757; x_wconf 68' lang='lat' dir='ltr'>justitia.³</span> <span class='ocrx_word' id='word_1_165' title='bbox 353 719 471 758; x_wconf 86' lang='lat' dir='ltr'><strong>planas.</strong></span> <span class='ocrx_word' id='word_1_166' title='bbox 491 720 571 758; x_wconf 82' lang='lat' dir='ltr'><strong>Item,</strong></span> <span class='ocrx_word' id='word_1_167' title='bbox 587 721 628 750; x_wconf 86' lang='lat' dir='ltr'>Ne</span> <span class='ocrx_word' id='word_1_168' title='bbox 641 720 812 751; x_wconf 84' lang='lat' dir='ltr'><strong>obliviscaris</strong></span> <span class='ocrx_word' id='word_1_169' title='bbox 825 722 892 761; x_wconf 84' lang='lat' dir='ltr'><strong>legis</strong></span> <span class='ocrx_word' id='word_1_170' title='bbox 913 733 962 751; x_wconf 82' lang='lat' dir='ltr'>cu-</span> 
     </span>
     <span class='ocr_line' id='line_1_37' title="bbox 217 763 964 807; baseline 0.005 -15"><span class='ocrx_word' id='word_1_171' title='bbox 217 763 347 802; x_wconf 83' lang='lat' dir='ltr'><strong>stodiam,</strong></span> <span class='ocrx_word' id='word_1_172' title='bbox 371 772 401 795; x_wconf 88' lang='lat' dir='ltr'>ut</span> <span class='ocrx_word' id='word_1_173' title='bbox 423 766 561 806; x_wconf 74' lang='lat' dir='ltr'><strong>longaevus</strong></span> <span class='ocrx_word' id='word_1_174' title='bbox 588 766 624 796; x_wconf 90' lang='lat' dir='ltr'>sis</span> <span class='ocrx_word' id='word_1_175' title='bbox 648 767 677 796; x_wconf 91' lang='lat' dir='ltr'>in</span> <span class='ocrx_word' id='word_1_176' title='bbox 701 777 776 807; x_wconf 83' lang='lat' dir='ltr'><strong>pace.</strong></span> <span class='ocrx_word' id='word_1_177' title='bbox 801 767 883 805; x_wconf 88' lang='lat' dir='ltr'><strong>Quod</strong></span> <span class='ocrx_word' id='word_1_178' title='bbox 909 774 964 797; x_wconf 86' lang='lat' dir='ltr'><strong>toto</strong></span> 
     </span>
     <span class='ocr_line' id='line_1_38' title="bbox 216 810 964 853; baseline 0.003 -13"><span class='ocrx_word' id='word_1_179' title='bbox 216 810 296 840; x_wconf 86' lang='lat' dir='ltr'><strong>corde</strong></span> <span class='ocrx_word' id='word_1_180' title='bbox 310 810 407 841; x_wconf 79' lang='lat' dir='ltr'>debeas</span> <span class='ocrx_word' id='word_1_181' title='bbox 422 812 451 841; x_wconf 86' lang='lat' dir='ltr'>in</span> <span class='ocrx_word' id='word_1_182' title='bbox 465 812 582 842; x_wconf 89' lang='lat' dir='ltr'><strong>Domino</strong></span> <span class='ocrx_word' id='word_1_183' title='bbox 604 812 748 850; x_wconf 83' lang='lat' dir='ltr'><strong>confidere,</strong></span> <span class='ocrx_word' id='word_1_184' title='bbox 764 823 813 842; x_wconf 88' lang='lat' dir='ltr'>nec</span> <span class='ocrx_word' id='word_1_185' title='bbox 831 823 887 842; x_wconf 87' lang='lat' dir='ltr'><strong>esse</strong></span> <span class='ocrx_word' id='word_1_186' title='bbox 898 824 964 853; x_wconf 86' lang='lat' dir='ltr'><strong>pru-</strong></span> 
     </span>
     <span class='ocr_line' id='line_1_39' title="bbox 216 857 964 900; baseline 0.004 -14"><span class='ocrx_word' id='word_1_187' title='bbox 216 857 282 887; x_wconf 88' lang='lat' dir='ltr'><strong>dens</strong></span> <span class='ocrx_word' id='word_1_188' title='bbox 295 858 323 887; x_wconf 92' lang='lat' dir='ltr'>in</span> <span class='ocrx_word' id='word_1_189' title='bbox 335 858 486 899; x_wconf 87' lang='lat' dir='ltr'><strong>temetipso,</strong></span> <span class='ocrx_word' id='word_1_190' title='bbox 498 859 548 889; x_wconf 80' lang='lat' dir='ltr'>sed</span> <span class='ocrx_word' id='word_1_191' title='bbox 561 859 693 889; x_wconf 83' lang='lat' dir='ltr'><strong>bonorare</strong></span> <span class='ocrx_word' id='word_1_192' title='bbox 704 859 852 889; x_wconf 87' lang='lat' dir='ltr'><strong>Dominum</strong></span> <span class='ocrx_word' id='word_1_193' title='bbox 875 870 910 888; x_wconf 81' lang='lat' dir='ltr'>ex</span> <span class='ocrx_word' id='word_1_194' title='bbox 917 861 964 900; x_wconf 93' lang='lat' dir='ltr'>ju-</span> 
     </span>
     <span class='ocr_line' id='line_1_40' title="bbox 215 904 964 946; baseline 0.001 -13"><span class='ocrx_word' id='word_1_195' title='bbox 215 904 262 934; x_wconf 85' lang='lat' dir='ltr'><strong>stis</strong></span> <span class='ocrx_word' id='word_1_196' title='bbox 275 904 425 935; x_wconf 79' lang='lat' dir='ltr'><strong>laboribus.</strong></span> <span class='ocrx_word' id='word_1_197' title='bbox 445 905 526 943; x_wconf 90' lang='lat' dir='ltr'><strong>Quod</strong></span> <span class='ocrx_word' id='word_1_198' title='bbox 535 915 589 935; x_wconf 88' lang='lat' dir='ltr'>non</span> <span class='ocrx_word' id='word_1_199' title='bbox 603 905 761 945; x_wconf 82' lang='lat' dir='ltr'><strong>negligenda</strong></span> <span class='ocrx_word' id='word_1_200' title='bbox 773 906 808 935; x_wconf 91' lang='lat' dir='ltr'>sit</span> <span class='ocrx_word' id='word_1_201' title='bbox 820 905 964 946; x_wconf 83' lang='lat' dir='ltr'><strong>disciplina</strong></span> 
     </span>
     <span class='ocr_line' id='line_1_41' title="bbox 214 950 963 993; baseline 0.003 -13"><span class='ocrx_word' id='word_1_202' title='bbox 214 950 335 990; x_wconf 84' lang='lat' dir='ltr'><strong>Domini;</strong></span> <span class='ocrx_word' id='word_1_203' title='bbox 341 953 420 982; x_wconf 86' lang='lat' dir='ltr'>Nam</span> <span class='ocrx_word' id='word_1_204' title='bbox 427 963 512 992; x_wconf 82' lang='lat' dir='ltr'><strong>quem</strong></span> <span class='ocrx_word' id='word_1_205' title='bbox 518 952 613 993; x_wconf 81' lang='lat' dir='ltr'>diligit</span> <span class='ocrx_word' id='word_1_206' title='bbox 620 953 765 982; x_wconf 83' lang='lat' dir='ltr'>Dominus</span> <span class='ocrx_word' id='word_1_207' title='bbox 775 954 908 992; x_wconf 80' lang='lat' dir='ltr'><strong>castigat.</strong></span> <span class='ocrx_word' id='word_1_208' title='bbox 917 952 963 989; x_wconf 79' lang='lat' dir='ltr'>Et,</span> 
     </span>
     <span class='ocr_line' id='line_1_42' title="bbox 216 997 964 1038; baseline 0.001 -12"><span class='ocrx_word' id='word_1_209' title='bbox 216 998 312 1027; x_wconf 78' lang='lat' dir='ltr'><strong>Beatus</strong></span> <span class='ocrx_word' id='word_1_210' title='bbox 325 997 407 1027; x_wconf 89' lang='lat' dir='ltr'><strong>homo</strong></span> <span class='ocrx_word' id='word_1_211' title='bbox 418 999 466 1037; x_wconf 91' lang='lat' dir='ltr'>qui</span> <span class='ocrx_word' id='word_1_212' title='bbox 481 998 614 1029; x_wconf 86' lang='lat' dir='ltr'><strong>invenerit</strong></span> <span class='ocrx_word' id='word_1_213' title='bbox 630 998 798 1038; x_wconf 81' lang='lat' dir='ltr'><strong>sapientiam.</strong></span> <span class='ocrx_word' id='word_1_214' title='bbox 814 998 897 1035; x_wconf 91' lang='lat' dir='ltr'><strong>Quod</strong></span> <span class='ocrx_word' id='word_1_215' title='bbox 910 1007 964 1027; x_wconf 90' lang='lat' dir='ltr'>non</span> 
     </span>
     <span class='ocr_line' id='line_1_43' title="bbox 214 1043 964 1081; baseline 0 -8"><span class='ocrx_word' id='word_1_216' title='bbox 214 1043 311 1074; x_wconf 86' lang='lat' dir='ltr'><strong>debeas</strong></span> <span class='ocrx_word' id='word_1_217' title='bbox 322 1045 440 1074; x_wconf 80' lang='lat' dir='ltr'><strong>emolliri</strong></span> <span class='ocrx_word' id='word_1_218' title='bbox 453 1055 484 1074; x_wconf 90' lang='lat' dir='ltr'><strong>ac</strong></span> <span class='ocrx_word' id='word_1_219' title='bbox 496 1044 632 1081; x_wconf 82' lang='lat' dir='ltr'><strong>diffluere,</strong></span> <span class='ocrx_word' id='word_1_220' title='bbox 644 1044 694 1074; x_wconf 83' lang='lat' dir='ltr'>sed</span> <span class='ocrx_word' id='word_1_221' title='bbox 702 1055 809 1074; x_wconf 75' lang='lat' dir='ltr'><strong>servare</strong></span> <span class='ocrx_word' id='word_1_222' title='bbox 820 1043 964 1074; x_wconf 88' lang='lat' dir='ltr'><strong>consilium</strong></span> 
     </span>
     <span class='ocr_line' id='line_1_44' title="bbox 215 1090 963 1130; baseline 0.001 -11"><span class='ocrx_word' id='word_1_223' title='bbox 215 1097 240 1119; x_wconf 86' lang='lat' dir='ltr'>et</span> <span class='ocrx_word' id='word_1_224' title='bbox 250 1090 454 1130; x_wconf 82' lang='lat' dir='ltr'><strong>intelligentiam</strong></span> <span class='ocrx_word' id='word_1_225' title='bbox 470 1103 476 1123; x_wconf 89' lang='lat'>;</span> <span class='ocrx_word' id='word_1_226' title='bbox 492 1098 522 1120; x_wconf 91' lang='lat' dir='ltr'>ut</span> <span class='ocrx_word' id='word_1_227' title='bbox 541 1091 575 1121; x_wconf 86' lang='lat' dir='ltr'>sit</span> <span class='ocrx_word' id='word_1_228' title='bbox 596 1091 698 1121; x_wconf 85' lang='lat' dir='ltr'><strong>medela</strong></span> <span class='ocrx_word' id='word_1_229' title='bbox 717 1090 791 1120; x_wconf 85' lang='lat' dir='ltr'><strong>carni</strong></span> <span class='ocrx_word' id='word_1_230' title='bbox 805 1098 868 1120; x_wconf 83' lang='lat' dir='ltr'><strong>tuae.</strong></span> <span class='ocrx_word' id='word_1_231' title='bbox 881 1090 963 1127; x_wconf 89' lang='lat' dir='ltr'><strong>Quod</strong></span> 
     </span>
     <span class='ocr_line' id='line_1_45' title="bbox 216 1136 962 1177; baseline 0.001 -12"><span class='ocrx_word' id='word_1_232' title='bbox 216 1146 268 1165; x_wconf 90' lang='lat' dir='ltr'>non</span> <span class='ocrx_word' id='word_1_233' title='bbox 289 1136 386 1166; x_wconf 87' lang='lat' dir='ltr'><strong>debeas</strong></span> <span class='ocrx_word' id='word_1_234' title='bbox 404 1137 532 1167; x_wconf 85' lang='lat' dir='ltr'><strong>desistere</strong></span> <span class='ocrx_word' id='word_1_235' title='bbox 555 1148 571 1166; x_wconf 84' lang='lat' dir='ltr'><strong>a</strong></span> <span class='ocrx_word' id='word_1_236' title='bbox 589 1137 719 1167; x_wconf 84' lang='lat' dir='ltr'><strong>beneficio</strong></span> <span class='ocrx_word' id='word_1_237' title='bbox 740 1137 870 1177; x_wconf 85' lang='lat' dir='ltr'><strong>indigenti</strong></span> <span class='ocrx_word' id='word_1_238' title='bbox 892 1147 962 1176; x_wconf 86' lang='lat' dir='ltr'>prae-</span> 
     </span>
     <span class='ocr_line' id='line_1_46' title="bbox 215 1182 961 1223; baseline 0.001 -12"><span class='ocrx_word' id='word_1_239' title='bbox 215 1182 321 1220; x_wconf 81' lang='lat' dir='ltr'><strong>stando,</strong></span> <span class='ocrx_word' id='word_1_240' title='bbox 336 1194 399 1213; x_wconf 89' lang='lat' dir='ltr'>cum</span> <span class='ocrx_word' id='word_1_241' title='bbox 412 1183 538 1213; x_wconf 87' lang='lat' dir='ltr'><strong>habuerit</strong></span> <span class='ocrx_word' id='word_1_242' title='bbox 551 1194 647 1212; x_wconf 89' lang='lat' dir='ltr'><strong>manus</strong></span> <span class='ocrx_word' id='word_1_243' title='bbox 661 1190 706 1212; x_wconf 85' lang='lat' dir='ltr'>tua</span> <span class='ocrx_word' id='word_1_244' title='bbox 720 1183 793 1212; x_wconf 87' lang='lat' dir='ltr'><strong>unde</strong></span> <span class='ocrx_word' id='word_1_245' title='bbox 812 1183 864 1223; x_wconf 85' lang='lat' dir='ltr'><strong>ipsi</strong></span> <span class='ocrx_word' id='word_1_246' title='bbox 883 1193 961 1223; x_wconf 88' lang='lat' dir='ltr'><strong>opem</strong></span> 
     </span>
     <span class='ocr_line' id='line_1_47' title="bbox 215 1229 961 1268; baseline 0 -10"><span class='ocrx_word' id='word_1_247' title='bbox 215 1229 291 1265; x_wconf 82' lang='lat' dir='ltr'><strong>serat,</strong></span> <span class='ocrx_word' id='word_1_248' title='bbox 315 1239 400 1268; x_wconf 88' lang='lat' dir='ltr'><strong>neque</strong></span> <span class='ocrx_word' id='word_1_249' title='bbox 420 1230 568 1259; x_wconf 79' lang='lat' dir='ltr'><strong>machinari</strong></span> <span class='ocrx_word' id='word_1_250' title='bbox 597 1230 667 1259; x_wconf 81' lang='lat' dir='ltr'><strong>mala</strong></span> <span class='ocrx_word' id='word_1_251' title='bbox 686 1229 820 1259; x_wconf 83' lang='lat' dir='ltr'><strong>adversus</strong></span> <span class='ocrx_word' id='word_1_252' title='bbox 842 1229 961 1258; x_wconf 85' lang='lat' dir='ltr'><strong>amicum</strong></span> 
     </span>
     <span class='ocr_line' id='line_1_48' title="bbox 214 1275 961 1314; baseline 0 -10"><span class='ocrx_word' id='word_1_253' title='bbox 214 1282 300 1312; x_wconf 85' lang='lat' dir='ltr'><strong>tuum,</strong></span> <span class='ocrx_word' id='word_1_254' title='bbox 306 1275 370 1314; x_wconf 88' lang='lat' dir='ltr'><strong>quia</strong></span> <span class='ocrx_word' id='word_1_255' title='bbox 378 1275 534 1304; x_wconf 88' lang='lat' dir='ltr'><strong>immundus</strong></span> <span class='ocrx_word' id='word_1_256' title='bbox 539 1285 628 1305; x_wconf 85' lang='lat' dir='ltr'><strong>coram</strong></span> <span class='ocrx_word' id='word_1_257' title='bbox 636 1275 752 1304; x_wconf 87' lang='lat' dir='ltr'><strong>Domino</strong></span> <span class='ocrx_word' id='word_1_258' title='bbox 758 1275 845 1304; x_wconf 85' lang='lat' dir='ltr'><strong>omnis</strong></span> <span class='ocrx_word' id='word_1_259' title='bbox 851 1275 961 1314; x_wconf 89' lang='lat' dir='ltr'><strong>iniquus</strong></span> 
     </span>
    </p>
   </div>
   <div class='ocr_carea' id='block_1_18' title="bbox 199 1321 959 1360">
    <p class='ocr_par' dir='ltr' id='par_1_18' title="bbox 199 1321 959 1360">
     <span class='ocr_line' id='line_1_49' title="bbox 199 1321 959 1360; baseline 0.001 -10"><span class='ocrx_word' id='word_1_260' title='bbox 199 1338 203 1343; x_wconf 92' lang='lat'><em>·</em></span> <span class='ocrx_word' id='word_1_261' title='bbox 214 1321 274 1350; x_wconf 86' lang='lat' dir='ltr'><strong>erit.</strong></span> <span class='ocrx_word' id='word_1_262' title='bbox 286 1322 357 1359; x_wconf 84' lang='lat' dir='ltr'><strong>Quia</strong></span> <span class='ocrx_word' id='word_1_263' title='bbox 367 1322 512 1351; x_wconf 81' lang='lat' dir='ltr'><strong>Dominus</strong></span> <span class='ocrx_word' id='word_1_264' title='bbox 528 1323 658 1360; x_wconf 83' lang='lat' dir='ltr'><strong>superbis</strong></span> <span class='ocrx_word' id='word_1_265' title='bbox 668 1323 786 1359; x_wconf 84' lang='lat' dir='ltr'><strong>resistit,</strong></span> <span class='ocrx_word' id='word_1_266' title='bbox 799 1322 959 1351; x_wconf 82' lang='lat' dir='ltr'><strong>humilibus</strong></span> 
     </span>
    </p>
   </div>
   <div class='ocr_carea' id='block_1_19' title="bbox 217 1367 960 1409">
    <p class='ocr_par' dir='ltr' id='par_1_19' title="bbox 217 1367 960 1409">
     <span class='ocr_line' id='line_1_50' title="bbox 217 1367 960 1409; baseline 0.001 -13"><span class='ocrx_word' id='word_1_267' title='bbox 217 1373 315 1396; x_wconf 83' lang='lat' dir='ltr'><strong>autem</strong></span> <span class='ocrx_word' id='word_1_268' title='bbox 332 1367 384 1396; x_wconf 84' lang='lat' dir='ltr'>dat</span> <span class='ocrx_word' id='word_1_269' title='bbox 395 1368 532 1407; x_wconf 82' lang='lat' dir='ltr'><strong>gratiam.</strong></span> <span class='ocrx_word' id='word_1_270' title='bbox 554 1368 595 1396; x_wconf 87' lang='lat' dir='ltr'>De</span> <span class='ocrx_word' id='word_1_271' title='bbox 602 1367 735 1396; x_wconf 84' lang='lat' dir='ltr'><strong>audienda</strong></span> <span class='ocrx_word' id='word_1_272' title='bbox 751 1368 894 1408; x_wconf 86' lang='lat' dir='ltr'><strong>disciplina</strong></span> <span class='ocrx_word' id='word_1_273' title='bbox 909 1379 960 1409; x_wconf 88' lang='lat' dir='ltr'><strong>pa-</strong></span> 
     </span>
    </p>
   </div>
   <div class='ocr_carea' id='block_1_20' title="bbox 198 1413 962 1452">
    <p class='ocr_par' dir='ltr' id='par_1_20' title="bbox 198 1413 962 1452">
     <span class='ocr_line' id='line_1_51' title="bbox 198 1413 962 1452; baseline 0.004 -10"><span class='ocrx_word' id='word_1_274' title='bbox 198 1435 203 1442; x_wconf 91' lang='lat'><strong>.</strong></span> <span class='ocrx_word' id='word_1_275' title='bbox 217 1413 275 1443; x_wconf 83' lang='lat' dir='ltr'><strong>tris.</strong></span> <span class='ocrx_word' id='word_1_276' title='bbox 284 1414 353 1443; x_wconf 85' lang='lat' dir='ltr'><strong>Item</strong></span> <span class='ocrx_word' id='word_1_277' title='bbox 361 1413 443 1448; x_wconf 84' lang='lat' dir='ltr'><strong>illud,</strong></span> <span class='ocrx_word' id='word_1_278' title='bbox 455 1413 527 1449; x_wconf 82' lang='lat' dir='ltr'><strong>Fili,</strong></span> <span class='ocrx_word' id='word_1_279' title='bbox 536 1413 620 1443; x_wconf 83' lang='lat' dir='ltr'><strong>dictis</strong></span> <span class='ocrx_word' id='word_1_280' title='bbox 629 1416 699 1443; x_wconf 85' lang='lat' dir='ltr'><strong>meis</strong></span> <span class='ocrx_word' id='word_1_281' title='bbox 705 1416 833 1452; x_wconf 83' lang='lat' dir='ltr'><strong>attende,</strong></span> <span class='ocrx_word' id='word_1_282' title='bbox 843 1422 871 1444; x_wconf 83' lang='lat' dir='ltr'>et</span> <span class='ocrx_word' id='word_1_283' title='bbox 881 1419 962 1445; x_wconf 76' lang='lat' dir='ltr'><strong>omni</strong></span> 
     </span>
    </p>
   </div>
   <div class='ocr_carea' id='block_1_21' title="bbox 212 1459 963 2007">
    <p class='ocr_par' dir='ltr' id='par_1_21' title="bbox 212 1459 963 2007">
     <span class='ocr_line' id='line_1_52' title="bbox 215 1459 960 1495; baseline 0.005 -8"><span class='ocrx_word' id='word_1_284' title='bbox 215 1459 348 1488; x_wconf 84' lang='lat' dir='ltr'><strong>custodia</strong></span> <span class='ocrx_word' id='word_1_285' title='bbox 357 1469 441 1488; x_wconf 74' lang='lat' dir='ltr'><strong>serva</strong></span> <span class='ocrx_word' id='word_1_286' title='bbox 449 1469 499 1488; x_wconf 84' lang='lat' dir='ltr'><strong>cor</strong></span> <span class='ocrx_word' id='word_1_287' title='bbox 509 1465 604 1495; x_wconf 84' lang='lat' dir='ltr'><strong>tuum,</strong></span> <span class='ocrx_word' id='word_1_288' title='bbox 612 1466 639 1489; x_wconf 84' lang='lat' dir='ltr'>et</span> <span class='ocrx_word' id='word_1_289' title='bbox 647 1459 780 1489; x_wconf 88' lang='lat' dir='ltr'><strong>Dominus</strong></span> <span class='ocrx_word' id='word_1_290' title='bbox 790 1467 874 1489; x_wconf 82' lang='lat' dir='ltr'><strong>rectas</strong></span> <span class='ocrx_word' id='word_1_291' title='bbox 883 1460 960 1491; x_wconf 82' lang='lat' dir='ltr'><strong>faciet</strong></span> 
     </span>
     <span class='ocr_line' id='line_1_53' title="bbox 215 1505 959 1546; baseline 0.003 -12"><span class='ocrx_word' id='word_1_292' title='bbox 215 1505 316 1534; x_wconf 81' lang='lat' dir='ltr'><strong>orbitas</strong></span> <span class='ocrx_word' id='word_1_293' title='bbox 329 1512 399 1534; x_wconf 88' lang='lat' dir='ltr'><strong>tuas.</strong></span> <span class='ocrx_word' id='word_1_294' title='bbox 415 1505 497 1542; x_wconf 91' lang='lat' dir='ltr'><strong>Quod</strong></span> <span class='ocrx_word' id='word_1_295' title='bbox 511 1515 564 1534; x_wconf 89' lang='lat' dir='ltr'>non</span> <span class='ocrx_word' id='word_1_296' title='bbox 583 1505 775 1536; x_wconf 87' lang='lat' dir='ltr'><strong>attendendum</strong></span> <span class='ocrx_word' id='word_1_297' title='bbox 796 1516 886 1546; x_wconf 78' lang='lat' dir='ltr'><strong>pravae</strong></span> <span class='ocrx_word' id='word_1_298' title='bbox 897 1518 959 1536; x_wconf 90' lang='lat' dir='ltr'>mu-</span> 
     </span>
     <span class='ocr_line' id='line_1_54' title="bbox 215 1551 961 1594; baseline 0.004 -14"><span class='ocrx_word' id='word_1_299' title='bbox 215 1551 276 1580; x_wconf 86' lang='lat' dir='ltr'><strong>lieri</strong></span> <span class='ocrx_word' id='word_1_300' title='bbox 281 1563 290 1589; x_wconf 83' lang='lat'>;</span> <span class='ocrx_word' id='word_1_301' title='bbox 305 1552 375 1580; x_wconf 81' lang='lat' dir='ltr'><strong>Vias</strong></span> <span class='ocrx_word' id='word_1_302' title='bbox 399 1553 478 1580; x_wconf 89' lang='lat' dir='ltr'><strong>enim</strong></span> <span class='ocrx_word' id='word_1_303' title='bbox 493 1553 562 1581; x_wconf 79' lang='lat' dir='ltr'><strong>vitae</strong></span> <span class='ocrx_word' id='word_1_304' title='bbox 581 1562 640 1580; x_wconf 84' lang='lat' dir='ltr'>non</span> <span class='ocrx_word' id='word_1_305' title='bbox 654 1552 834 1591; x_wconf 62' lang='lat' dir='ltr'><strong>ingr-editum</strong></span> <span class='ocrx_word' id='word_1_306' title='bbox 849 1555 886 1582; x_wconf 86' lang='lat' dir='ltr'><strong>ab</strong></span> <span class='ocrx_word' id='word_1_307' title='bbox 898 1555 961 1594; x_wconf 82' lang='lat' dir='ltr'><strong>ejus</strong></span> 
     </span>
     <span class='ocr_line' id='line_1_55' title="bbox 215 1597 962 1637; baseline 0.004 -11"><span class='ocrx_word' id='word_1_308' title='bbox 215 1599 362 1627; x_wconf 83' lang='lat' dir='ltr'><strong>consortio</strong></span> <span class='ocrx_word' id='word_1_309' title='bbox 383 1603 410 1626; x_wconf 90' lang='lat' dir='ltr'>te</span> <span class='ocrx_word' id='word_1_310' title='bbox 425 1597 529 1637; x_wconf 80' lang='lat' dir='ltr'><strong>procul</strong></span> <span class='ocrx_word' id='word_1_311' title='bbox 547 1607 671 1626; x_wconf 79' lang='lat' dir='ltr'><strong>remove.</strong></span> <span class='ocrx_word' id='word_1_312' title='bbox 692 1598 760 1627; x_wconf 89' lang='lat' dir='ltr'><strong>Item</strong></span> <span class='ocrx_word' id='word_1_313' title='bbox 779 1598 850 1628; x_wconf 88' lang='lat' dir='ltr'><strong>illud</strong></span> <span class='ocrx_word' id='word_1_314' title='bbox 867 1609 874 1628; x_wconf 73' lang='grc' dir='ltr'>ε</span> <span class='ocrx_word' id='word_1_315' title='bbox 891 1599 962 1629; x_wconf 86' lang='lat' dir='ltr'><strong>Bibe</strong></span> 
     </span>
     <span class='ocr_line' id='line_1_56' title="bbox 215 1645 961 1683; baseline 0.004 -10"><span class='ocrx_word' id='word_1_316' title='bbox 215 1654 308 1683; x_wconf 83' lang='lat' dir='ltr'><strong>aquas</strong></span> <span class='ocrx_word' id='word_1_317' title='bbox 321 1654 359 1673; x_wconf 76' lang='lat' dir='ltr'><strong>ex</strong></span> <span class='ocrx_word' id='word_1_318' title='bbox 371 1646 453 1673; x_wconf 81' lang='lat' dir='ltr'><strong>vasis</strong></span> <span class='ocrx_word' id='word_1_319' title='bbox 465 1645 521 1673; x_wconf 85' lang='lat' dir='ltr'><strong>tuis</strong></span> <span class='ocrx_word' id='word_1_320' title='bbox 525 1655 539 1680; x_wconf 89' lang='lat'><em>;</em></span> <span class='ocrx_word' id='word_1_321' title='bbox 552 1650 577 1673; x_wconf 85' lang='lat' dir='ltr'>et</span> <span class='ocrx_word' id='word_1_322' title='bbox 590 1645 670 1673; x_wconf 81' lang='lat' dir='ltr'><strong>Fons</strong></span> <span class='ocrx_word' id='word_1_323' title='bbox 679 1654 764 1683; x_wconf 82' lang='lat' dir='ltr'><strong>aquoe</strong></span> <span class='ocrx_word' id='word_1_324' title='bbox 784 1651 841 1675; x_wconf 87' lang='lat' dir='ltr'>tuoe</span> <span class='ocrx_word' id='word_1_325' title='bbox 854 1648 892 1675; x_wconf 87' lang='lat' dir='ltr'>sit</span> <span class='ocrx_word' id='word_1_326' title='bbox 910 1649 961 1676; x_wconf 87' lang='lat' dir='ltr'><strong>tibi</strong></span> 
     </span>
     <span class='ocr_line' id='line_1_57' title="bbox 215 1692 961 1731; baseline 0.004 -12"><span class='ocrx_word' id='word_1_327' title='bbox 215 1692 324 1720; x_wconf 79' lang='lat' dir='ltr'><strong>suavis.</strong></span> <span class='ocrx_word' id='word_1_328' title='bbox 344 1693 382 1720; x_wconf 88' lang='lat' dir='ltr'><strong>In</strong></span> <span class='ocrx_word' id='word_1_329' title='bbox 398 1692 461 1731; x_wconf 86' lang='lat' dir='ltr'><strong>ejus</strong></span> <span class='ocrx_word' id='word_1_330' title='bbox 479 1692 558 1719; x_wconf 85' lang='lat' dir='ltr'><strong>enim</strong></span> <span class='ocrx_word' id='word_1_331' title='bbox 574 1692 718 1729; x_wconf 85' lang='lat' dir='ltr'><strong>sapientia</strong></span> <span class='ocrx_word' id='word_1_332' title='bbox 737 1701 870 1729; x_wconf 86' lang='lat' dir='ltr'><strong>versans,</strong></span> <span class='ocrx_word' id='word_1_333' title='bbox 895 1693 961 1722; x_wconf 77' lang='lat' dir='ltr'><strong>diu-</strong></span> 
     </span>
     <span class='ocr_line' id='line_1_58' title="bbox 217 1736 962 1778; baseline 0.005 -12"><span class='ocrx_word' id='word_1_334' title='bbox 217 1743 300 1766; x_wconf 76' lang='lat' dir='ltr'><strong>turne</strong></span> <span class='ocrx_word' id='word_1_335' title='bbox 311 1747 387 1777; x_wconf 82' lang='lat' dir='ltr'><strong>ages.</strong></span> <span class='ocrx_word' id='word_1_336' title='bbox 405 1737 488 1766; x_wconf 83' lang='lat' dir='ltr'><strong>Vade</strong></span> <span class='ocrx_word' id='word_1_337' title='bbox 500 1737 541 1765; x_wconf 87' lang='lat' dir='ltr'><strong>ad</strong></span> <span class='ocrx_word' id='word_1_338' title='bbox 542 1736 716 1777; x_wconf 85' lang='lat' dir='ltr'><strong>formicam,</strong></span> <span class='ocrx_word' id='word_1_339' title='bbox 737 1747 754 1766; x_wconf 92' lang='grc' dir='ltr'>ο</span> <span class='ocrx_word' id='word_1_340' title='bbox 770 1740 852 1778; x_wconf 82' lang='lat' dir='ltr'><strong>piger</strong></span> <span class='ocrx_word' id='word_1_341' title='bbox 868 1739 962 1770; x_wconf 82' lang='lat' dir='ltr'><strong>adole-</strong></span> 
     </span>
     <span class='ocr_line' id='line_1_59' title="bbox 215 1782 963 1820; baseline 0.005 -10"><span class='ocrx_word' id='word_1_342' title='bbox 215 1792 300 1818; x_wconf 85' lang='lat' dir='ltr'><strong>scens,</strong></span> <span class='ocrx_word' id='word_1_343' title='bbox 310 1788 338 1811; x_wconf 85' lang='lat' dir='ltr'>et</span> <span class='ocrx_word' id='word_1_344' title='bbox 347 1788 409 1811; x_wconf 83' lang='lat' dir='ltr'><strong>esto</strong></span> <span class='ocrx_word' id='word_1_345' title='bbox 423 1783 596 1820; x_wconf 83' lang='lat' dir='ltr'><strong>sapientior:</strong></span> <span class='ocrx_word' id='word_1_346' title='bbox 605 1783 676 1820; x_wconf 82' lang='lat' dir='ltr'><strong>quia</strong></span> <span class='ocrx_word' id='word_1_347' title='bbox 685 1782 809 1812; x_wconf 85' lang='lat' dir='ltr'><strong>multum</strong></span> <span class='ocrx_word' id='word_1_348' title='bbox 822 1785 854 1812; x_wconf 90' lang='lat' dir='ltr'>in</span> <span class='ocrx_word' id='word_1_349' title='bbox 871 1794 963 1814; x_wconf 79' lang='lat' dir='ltr'><strong>messe</strong></span> 
     </span>
     <span class='ocr_line' id='line_1_60' title="bbox 212 1827 962 1868; baseline 0.005 -12"><span class='ocrx_word' id='word_1_350' title='bbox 212 1834 299 1867; x_wconf 82' lang='lat' dir='ltr'><strong>parat</strong></span> <span class='ocrx_word' id='word_1_351' title='bbox 306 1838 452 1858; x_wconf 79' lang='lat' dir='ltr'><strong>acervum.</strong></span> <span class='ocrx_word' id='word_1_352' title='bbox 464 1829 505 1857; x_wconf 85' lang='lat' dir='ltr'>De</span> <span class='ocrx_word' id='word_1_353' title='bbox 510 1827 593 1866; x_wconf 78' lang='lat' dir='ltr'><strong>coqui</strong></span> <span class='ocrx_word' id='word_1_354' title='bbox 600 1827 675 1857; x_wconf 86' lang='lat' dir='ltr'><strong>vadit</strong></span> <span class='ocrx_word' id='word_1_355' title='bbox 683 1827 718 1857; x_wconf 85' lang='lat' dir='ltr'><strong>ad</strong></span> <span class='ocrx_word' id='word_1_356' title='bbox 725 1838 813 1868; x_wconf 83' lang='lat' dir='ltr'><strong>apem,</strong></span> <span class='ocrx_word' id='word_1_357' title='bbox 821 1830 865 1859; x_wconf 82' lang='lat' dir='ltr'>Et</span> <span class='ocrx_word' id='word_1_358' title='bbox 882 1831 962 1860; x_wconf 71' lang='lat' dir='ltr'><strong>disce</strong></span> 
     </span>
     <span class='ocr_line' id='line_1_61' title="bbox 215 1873 958 1918; baseline 0.004 -15"><span class='ocrx_word' id='word_1_359' title='bbox 215 1876 360 1914; x_wconf 81' lang='lat' dir='ltr'><strong>quomodo</strong></span> <span class='ocrx_word' id='word_1_360' title='bbox 370 1876 516 1914; x_wconf 77' lang='lat' dir='ltr'><strong>operatrix</strong></span> <span class='ocrx_word' id='word_1_361' title='bbox 523 1877 570 1903; x_wconf 85' lang='lat' dir='ltr'><strong>sit.</strong></span> <span class='ocrx_word' id='word_1_362' title='bbox 585 1873 660 1903; x_wconf 86' lang='lat' dir='ltr'><strong>Illud</strong></span> <span class='ocrx_word' id='word_1_363' title='bbox 672 1875 751 1903; x_wconf 86' lang='lat' dir='ltr'><strong>etiam</strong></span> <span class='ocrx_word' id='word_1_364' title='bbox 764 1886 771 1902; x_wconf 72' lang='grc' dir='ltr'>ε</span> <span class='ocrx_word' id='word_1_365' title='bbox 791 1877 958 1918; x_wconf 82' lang='lat' dir='ltr'><strong>Usquequo,</strong></span> 
     </span>
     <span class='ocr_line' id='line_1_62' title="bbox 214 1916 959 1961; baseline 0.005 -12"><span class='ocrx_word' id='word_1_366' title='bbox 214 1923 305 1960; x_wconf 86' lang='lat' dir='ltr'><strong>piger,</strong></span> <span class='ocrx_word' id='word_1_367' title='bbox 318 1922 400 1961; x_wconf 88' lang='lat' dir='ltr'><strong>jaces</strong></span> <span class='ocrx_word' id='word_1_368' title='bbox 410 1921 426 1950; x_wconf 80' lang='lat'><em>?</em></span> <span class='ocrx_word' id='word_1_369' title='bbox 440 1916 590 1950; x_wconf 86' lang='lat' dir='ltr'><strong>Paululum</strong></span> <span class='ocrx_word' id='word_1_370' title='bbox 604 1920 716 1958; x_wconf 78' lang='lat' dir='ltr'><strong>dormis,</strong></span> <span class='ocrx_word' id='word_1_371' title='bbox 731 1922 876 1961; x_wconf 80' lang='lat' dir='ltr'><strong>paululum</strong></span> <span class='ocrx_word' id='word_1_372' title='bbox 895 1936 959 1955; x_wconf 84' lang='lat' dir='ltr'><strong>vero</strong></span> 
     </span>
     <span class='ocr_line' id='line_1_63' title="bbox 215 1966 959 2007; baseline 0.003 -11"><span class='ocrx_word' id='word_1_373' title='bbox 215 1967 300 1997; x_wconf 85' lang='lat' dir='ltr'><strong>sedes.</strong></span> <span class='ocrx_word' id='word_1_374' title='bbox 316 1967 381 1997; x_wconf 88' lang='lat' dir='ltr'><strong>Ideo</strong></span> <span class='ocrx_word' id='word_1_375' title='bbox 390 1974 499 2007; x_wconf 86' lang='lat' dir='ltr'><strong>repente</strong></span> <span class='ocrx_word' id='word_1_376' title='bbox 510 1966 597 1996; x_wconf 80' lang='lat' dir='ltr'><strong>veniet</strong></span> <span class='ocrx_word' id='word_1_377' title='bbox 603 1967 733 2006; x_wconf 86' lang='lat' dir='ltr'><strong>pernicies</strong></span> <span class='ocrx_word' id='word_1_378' title='bbox 741 1975 797 1997; x_wconf 86' lang='lat' dir='ltr'><strong>tua.</strong></span> <span class='ocrx_word' id='word_1_379' title='bbox 813 1971 854 2000; x_wconf 85' lang='lat' dir='ltr'>De</span> <span class='ocrx_word' id='word_1_380' title='bbox 867 1980 959 2002; x_wconf 68' lang='lat' dir='ltr'><strong>custo-</strong></span> 
     </span>
    </p>
   </div>
   <div class='ocr_carea' id='block_1_22' title="bbox 1012 534 1792 1497">
    <p class='ocr_par' dir='ltr' id='par_1_22' title="bbox 1012 534 1792 1497">
     <span class='ocr_line' id='line_1_64' title="bbox 1016 534 1790 578; baseline 0.009 -16"><span class='ocrx_word' id='word_1_381' title='bbox 1016 534 1207 568; x_wconf 79' lang='grc' dir='ltr'>καταλιπόντες</span> <span class='ocrx_word' id='word_1_382' title='bbox 1229 534 1303 569; x_wconf 76' lang='grc' dir='ltr'>ὁδοὺς</span> <span class='ocrx_word' id='word_1_383' title='bbox 1324 536 1438 572; x_wconf 78' lang='grc' dir='ltr'>εὐθείας,</span> <span class='ocrx_word' id='word_1_384' title='bbox 1453 537 1498 566; x_wconf 76' lang='grc' dir='ltr'>καὶ</span> <span class='ocrx_word' id='word_1_385' title='bbox 1519 537 1656 578; x_wconf 83' lang='grc' dir='ltr'>χαίροντες</span> <span class='ocrx_word' id='word_1_386' title='bbox 1673 538 1718 569; x_wconf 78' lang='grc' dir='ltr'>ἐπὶ</span> <span class='ocrx_word' id='word_1_387' title='bbox 1731 539 1790 569; x_wconf 79' lang='grc' dir='ltr'>δια·</span> 
     </span>
     <span class='ocr_line' id='line_1_65' title="bbox 1017 583 1792 626; baseline 0.009 -17"><span class='ocrx_word' id='word_1_388' title='bbox 1017 583 1116 620; x_wconf 82' lang='grc' dir='ltr'>στροφῇ</span> <span class='ocrx_word' id='word_1_389' title='bbox 1140 583 1220 622; x_wconf 85' lang='grc' dir='ltr'>κακῇ.</span> <span class='ocrx_word' id='word_1_390' title='bbox 1240 583 1309 622; x_wconf 85' lang='grc' dir='ltr'>Περὶ</span> <span class='ocrx_word' id='word_1_391' title='bbox 1331 586 1394 619; x_wconf 83' lang='grc' dir='ltr'>τοῦ,</span> <span class='ocrx_word' id='word_1_392' title='bbox 1418 583 1465 620; x_wconf 86' lang='grc' dir='ltr'>Μή</span> <span class='ocrx_word' id='word_1_393' title='bbox 1489 596 1519 616; x_wconf 81' lang='grc' dir='ltr'>σε</span> <span class='ocrx_word' id='word_1_394' title='bbox 1541 585 1680 624; x_wconf 78' lang='grc' dir='ltr'>καταλάὸῃ</span> <span class='ocrx_word' id='word_1_395' title='bbox 1708 586 1792 626; x_wconf 76' lang='grc' dir='ltr'>βουλὴ</span> 
     </span>
     <span class='ocr_line' id='line_1_66' title="bbox 1016 626 1789 672; baseline 0.009 -17"><span class='ocrx_word' id='word_1_396' title='bbox 1016 626 1103 663; x_wconf 85' lang='grc' dir='ltr'>κακὴ,</span> <span class='ocrx_word' id='word_1_397' title='bbox 1114 626 1158 656; x_wconf 77' lang='grc' dir='ltr'>ἵνα</span> <span class='ocrx_word' id='word_1_398' title='bbox 1177 627 1254 668; x_wconf 76' lang='grc' dir='ltr'>εὕρῃς</span> <span class='ocrx_word' id='word_1_399' title='bbox 1267 627 1372 668; x_wconf 65' lang='grc' dir='ltr'>τρίδους</span> <span class='ocrx_word' id='word_1_400' title='bbox 1387 629 1554 666; x_wconf 84' lang='grc' dir='ltr'>δικαιοσύνης</span> <span class='ocrx_word' id='word_1_401' title='bbox 1566 631 1648 666; x_wconf 81' lang='grc' dir='ltr'>λείας.</span> <span class='ocrx_word' id='word_1_402' title='bbox 1662 631 1731 672; x_wconf 76' lang='grc' dir='ltr'>Περὶ</span> <span class='ocrx_word' id='word_1_403' title='bbox 1742 636 1789 662; x_wconf 79' lang='grc' dir='ltr'>τοῦ</span> 
     </span>
     <span class='ocr_line' id='line_1_67' title="bbox 1018 671 1792 718; baseline 0.01 -18"><span class='ocrx_word' id='word_1_404' title='bbox 1018 671 1054 710; x_wconf 86' lang='grc' dir='ltr'>μὴ</span> <span class='ocrx_word' id='word_1_405' title='bbox 1062 673 1280 703; x_wconf 82' lang='grc' dir='ltr'>ἐπιλανθάνεσθαί</span> <span class='ocrx_word' id='word_1_406' title='bbox 1288 686 1317 704; x_wconf 87' lang='grc' dir='ltr'>σε</span> <span class='ocrx_word' id='word_1_407' title='bbox 1328 674 1440 715; x_wconf 77' lang='grc' dir='ltr'>τήρησιν</span> <span class='ocrx_word' id='word_1_408' title='bbox 1448 675 1539 715; x_wconf 83' lang='grc' dir='ltr'>νόμου,</span> <span class='ocrx_word' id='word_1_409' title='bbox 1547 676 1591 706; x_wconf 82' lang='grc' dir='ltr'>ἵνα</span> <span class='ocrx_word' id='word_1_410' title='bbox 1603 677 1792 718; x_wconf 76' lang='grc' dir='ltr'>μακροὸιώσῃς</span> 
     </span>
     <span class='ocr_line' id='line_1_68' title="bbox 1016 715 1792 764; baseline 0.01 -18"><span class='ocrx_word' id='word_1_411' title='bbox 1016 719 1044 746; x_wconf 83' lang='grc' dir='ltr'>ἐν</span> <span class='ocrx_word' id='word_1_412' title='bbox 1057 718 1159 759; x_wconf 86' lang='grc' dir='ltr'>εἰρήνῃ.</span> <span class='ocrx_word' id='word_1_413' title='bbox 1173 719 1242 759; x_wconf 82' lang='grc' dir='ltr'>Περὶ</span> <span class='ocrx_word' id='word_1_414' title='bbox 1255 722 1301 749; x_wconf 78' lang='grc' dir='ltr'>τοῦ</span> <span class='ocrx_word' id='word_1_415' title='bbox 1316 715 1383 751; x_wconf 80' lang='grc' dir='ltr'>εἷναί</span> <span class='ocrx_word' id='word_1_416' title='bbox 1393 732 1424 750; x_wconf 84' lang='grc' dir='ltr'>σε</span> <span class='ocrx_word' id='word_1_417' title='bbox 1437 722 1581 752; x_wconf 75' lang='grc' dir='ltr'>πεποιθότα</span> <span class='ocrx_word' id='word_1_418' title='bbox 1592 723 1619 752; x_wconf 75' lang='grc' dir='ltr'>ἐν</span> <span class='ocrx_word' id='word_1_419' title='bbox 1626 723 1680 763; x_wconf 77' lang='grc' dir='ltr'>ὅλῃ</span> <span class='ocrx_word' id='word_1_420' title='bbox 1694 723 1792 764; x_wconf 70' lang='grc' dir='ltr'>καρδίᾳ</span> 
     </span>
     <span class='ocr_line' id='line_1_69' title="bbox 1016 761 1791 810; baseline 0.009 -18"><span class='ocrx_word' id='word_1_421' title='bbox 1016 763 1060 792; x_wconf 79' lang='grc' dir='ltr'>ἐπὶ</span> <span class='ocrx_word' id='word_1_422' title='bbox 1074 765 1152 804; x_wconf 81' lang='grc' dir='ltr'>Θεῷ,</span> <span class='ocrx_word' id='word_1_423' title='bbox 1174 767 1219 794; x_wconf 86' lang='grc' dir='ltr'>καὶ</span> <span class='ocrx_word' id='word_1_424' title='bbox 1241 765 1278 805; x_wconf 80' lang='grc' dir='ltr'>μὴ</span> <span class='ocrx_word' id='word_1_425' title='bbox 1297 761 1364 796; x_wconf 77' lang='grc' dir='ltr'>εἶναι</span> <span class='ocrx_word' id='word_1_426' title='bbox 1381 766 1506 807; x_wconf 85' lang='grc' dir='ltr'>φρόνιμον</span> <span class='ocrx_word' id='word_1_427' title='bbox 1519 770 1583 808; x_wconf 86' lang='grc' dir='ltr'>παρ’</span> <span class='ocrx_word' id='word_1_428' title='bbox 1605 770 1708 810; x_wconf 57' lang='lat' dir='ltr'><strong>fiairi-qi,</strong></span> <span class='ocrx_word' id='word_1_429' title='bbox 1721 769 1791 799; x_wconf 78' lang='grc' dir='ltr'>ἀλλὰ</span> 
     </span>
     <span class='ocr_line' id='line_1_70' title="bbox 1016 810 1790 855; baseline 0.009 -17"><span class='ocrx_word' id='word_1_430' title='bbox 1016 814 1096 850; x_wconf 76' lang='grc' dir='ltr'>τιμᾷν</span> <span class='ocrx_word' id='word_1_431' title='bbox 1111 811 1155 840; x_wconf 85' lang='grc' dir='ltr'>τὸν</span> <span class='ocrx_word' id='word_1_432' title='bbox 1176 810 1275 851; x_wconf 85' lang='grc' dir='ltr'>Κύριον</span> <span class='ocrx_word' id='word_1_433' title='bbox 1289 812 1342 842; x_wconf 86' lang='grc' dir='ltr'>ἀπὸ</span> <span class='ocrx_word' id='word_1_434' title='bbox 1354 815 1407 842; x_wconf 84' lang='grc' dir='ltr'>τῶν</span> <span class='ocrx_word' id='word_1_435' title='bbox 1424 813 1532 843; x_wconf 87' lang='grc' dir='ltr'>δικαίων</span> <span class='ocrx_word' id='word_1_436' title='bbox 1545 814 1641 844; x_wconf 83' lang='grc' dir='ltr'>πόνων.</span> <span class='ocrx_word' id='word_1_437' title='bbox 1661 815 1730 855; x_wconf 74' lang='grc' dir='ltr'>Περὶ</span> <span class='ocrx_word' id='word_1_438' title='bbox 1744 818 1790 845; x_wconf 77' lang='grc' dir='ltr'>τοῦ</span> 
     </span>
     <span class='ocr_line' id='line_1_71' title="bbox 1017 855 1791 901; baseline 0.006 -15"><span class='ocrx_word' id='word_1_439' title='bbox 1017 855 1055 894; x_wconf 88' lang='grc' dir='ltr'>μὴ</span> <span class='ocrx_word' id='word_1_440' title='bbox 1069 858 1204 897; x_wconf 83' lang='grc' dir='ltr'>ὀλιγωρεῖν</span> <span class='ocrx_word' id='word_1_441' title='bbox 1227 857 1347 891; x_wconf 85' lang='grc' dir='ltr'>παιδείας</span> <span class='ocrx_word' id='word_1_442' title='bbox 1361 858 1469 899; x_wconf 88' lang='grc' dir='ltr'>Κυρίου·</span> <span class='ocrx_word' id='word_1_443' title='bbox 1496 859 1549 890; x_wconf 63' lang='grc' dir='ltr'>’Ὃν</span> <span class='ocrx_word' id='word_1_444' title='bbox 1560 859 1612 901; x_wconf 72' lang='grc' dir='ltr'>γὰρ</span> <span class='ocrx_word' id='word_1_445' title='bbox 1630 861 1722 901; x_wconf 71' lang='grc' dir='ltr'>ἀγαπᾷ</span> <span class='ocrx_word' id='word_1_446' title='bbox 1733 861 1791 891; x_wconf 86' lang='grc' dir='ltr'>Κύ-</span> 
     </span>
     <span class='ocr_line' id='line_1_72' title="bbox 1019 902 1791 948; baseline 0.01 -18"><span class='ocrx_word' id='word_1_447' title='bbox 1019 912 1087 941; x_wconf 87' lang='grc' dir='ltr'>ριος,</span> <span class='ocrx_word' id='word_1_448' title='bbox 1098 902 1228 933; x_wconf 85' lang='grc' dir='ltr'>παιδεύει,</span> <span class='ocrx_word' id='word_1_449' title='bbox 1244 903 1299 933; x_wconf 82' lang='grc' dir='ltr'>Καὶ</span> <span class='ocrx_word' id='word_1_450' title='bbox 1315 904 1454 944; x_wconf 78' lang='grc' dir='ltr'>Μακάριος</span> <span class='ocrx_word' id='word_1_451' title='bbox 1471 905 1606 946; x_wconf 78' lang='grc' dir='ltr'>ἄνθρωπος</span> <span class='ocrx_word' id='word_1_452' title='bbox 1624 906 1652 940; x_wconf 86' lang='grc' dir='ltr'>δς</span> <span class='ocrx_word' id='word_1_453' title='bbox 1670 907 1733 948; x_wconf 76' lang='grc' dir='ltr'>εὕρῃ</span> <span class='ocrx_word' id='word_1_454' title='bbox 1748 919 1791 938; x_wconf 86' lang='grc' dir='ltr'>σο-</span> 
     </span>
     <span class='ocr_line' id='line_1_73' title="bbox 1018 947 1791 994; baseline 0.01 -18"><span class='ocrx_word' id='word_1_455' title='bbox 1018 947 1088 987; x_wconf 84' lang='grc' dir='ltr'>φίαν.</span> <span class='ocrx_word' id='word_1_456' title='bbox 1113 948 1181 988; x_wconf 76' lang='grc' dir='ltr'>Περὶ</span> <span class='ocrx_word' id='word_1_457' title='bbox 1195 952 1241 978; x_wconf 81' lang='grc' dir='ltr'>τοῦ</span> <span class='ocrx_word' id='word_1_458' title='bbox 1262 949 1300 989; x_wconf 83' lang='grc' dir='ltr'>μὴ</span> <span class='ocrx_word' id='word_1_459' title='bbox 1323 950 1522 991; x_wconf 82' lang='grc' dir='ltr'>παραῤῥύεσθαί</span> <span class='ocrx_word' id='word_1_460' title='bbox 1543 964 1590 988; x_wconf 82' lang='grc' dir='ltr'>σε,</span> <span class='ocrx_word' id='word_1_461' title='bbox 1613 953 1682 983; x_wconf 80' lang='grc' dir='ltr'>ἀλλὰ</span> <span class='ocrx_word' id='word_1_462' title='bbox 1700 958 1791 994; x_wconf 77' lang='grc' dir='ltr'>τηρεῖν</span> 
     </span>
     <span class='ocr_line' id='line_1_74' title="bbox 1019 994 1788 1040; baseline 0.01 -18"><span class='ocrx_word' id='word_1_463' title='bbox 1019 994 1116 1032; x_wconf 82' lang='grc' dir='ltr'>βουλὴν</span> <span class='ocrx_word' id='word_1_464' title='bbox 1136 994 1181 1024; x_wconf 79' lang='grc' dir='ltr'>καὶ</span> <span class='ocrx_word' id='word_1_465' title='bbox 1202 995 1321 1032; x_wconf 76' lang='grc' dir='ltr'>ἔννοιαν,</span> <span class='ocrx_word' id='word_1_466' title='bbox 1342 996 1387 1026; x_wconf 77' lang='grc' dir='ltr'>ἵνα</span> <span class='ocrx_word' id='word_1_467' title='bbox 1408 997 1484 1027; x_wconf 86' lang='grc' dir='ltr'>ἔσται</span> <span class='ocrx_word' id='word_1_468' title='bbox 1503 997 1572 1032; x_wconf 80' lang='grc' dir='ltr'>ἴασις</span> <span class='ocrx_word' id='word_1_469' title='bbox 1584 1001 1618 1039; x_wconf 85' lang='grc' dir='ltr'>τῇ</span> <span class='ocrx_word' id='word_1_470' title='bbox 1637 999 1716 1040; x_wconf 80' lang='grc' dir='ltr'>σαρκί</span> <span class='ocrx_word' id='word_1_471' title='bbox 1729 1011 1788 1030; x_wconf 87' lang='grc' dir='ltr'>σου.</span> 
     </span>
     <span class='ocr_line' id='line_1_75' title="bbox 1017 1038 1788 1087; baseline 0.009 -18"><span class='ocrx_word' id='word_1_472' title='bbox 1017 1040 1085 1080; x_wconf 81' lang='grc' dir='ltr'>Περὶ</span> <span class='ocrx_word' id='word_1_473' title='bbox 1095 1043 1141 1070; x_wconf 74' lang='grc' dir='ltr'>τοῦ</span> <span class='ocrx_word' id='word_1_474' title='bbox 1152 1040 1189 1079; x_wconf 87' lang='grc' dir='ltr'>μὴ</span> <span class='ocrx_word' id='word_1_475' title='bbox 1199 1041 1364 1082; x_wconf 79' lang='grc' dir='ltr'>ἀποσχέσθαι</span> <span class='ocrx_word' id='word_1_476' title='bbox 1375 1038 1405 1073; x_wconf 68' lang='grc' dir='ltr'>εὖ</span> <span class='ocrx_word' id='word_1_477' title='bbox 1414 1048 1499 1073; x_wconf 82' lang='grc' dir='ltr'>ποιεῖν</span> <span class='ocrx_word' id='word_1_478' title='bbox 1514 1045 1599 1080; x_wconf 74' lang='grc' dir='ltr'>ἐνδεῆ,</span> <span class='ocrx_word' id='word_1_479' title='bbox 1610 1045 1690 1081; x_wconf 72' lang='grc' dir='ltr'>ἡνίκα</span> <span class='ocrx_word' id='word_1_480' title='bbox 1699 1045 1730 1075; x_wconf 77' lang='grc' dir='ltr'>ἂν</span> <span class='ocrx_word' id='word_1_481' title='bbox 1739 1043 1788 1087; x_wconf 71' lang='grc' dir='ltr'>ἔχῃ</span> 
     </span>
     <span class='ocr_line' id='line_1_76' title="bbox 1015 1085 1789 1134; baseline 0.01 -20"><span class='ocrx_word' id='word_1_482' title='bbox 1015 1088 1032 1122; x_wconf 84' lang='grc' dir='ltr'>ἡ</span> <span class='ocrx_word' id='word_1_483' title='bbox 1053 1085 1113 1127; x_wconf 82' lang='grc' dir='ltr'>χείρ</span> <span class='ocrx_word' id='word_1_484' title='bbox 1133 1098 1180 1116; x_wconf 91' lang='grc' dir='ltr'>σου</span> <span class='ocrx_word' id='word_1_485' title='bbox 1204 1089 1318 1126; x_wconf 87' lang='grc' dir='ltr'>βοηθεῖν.</span> <span class='ocrx_word' id='word_1_486' title='bbox 1338 1088 1393 1119; x_wconf 80' lang='grc' dir='ltr'>Καὶ</span> <span class='ocrx_word' id='word_1_487' title='bbox 1406 1089 1454 1126; x_wconf 80' lang='grc' dir='ltr'>Μὴ</span> <span class='ocrx_word' id='word_1_488' title='bbox 1474 1090 1594 1120; x_wconf 79' lang='grc' dir='ltr'>τέκταινε</span> <span class='ocrx_word' id='word_1_489' title='bbox 1608 1090 1653 1121; x_wconf 75' lang='grc' dir='ltr'>ἐπὶ</span> <span class='ocrx_word' id='word_1_490' title='bbox 1670 1092 1789 1134; x_wconf 74' lang='grc' dir='ltr'>σῷφίλῳ</span> 
     </span>
     <span class='ocr_line' id='line_1_77' title="bbox 1015 1132 1789 1178; baseline 0.009 -17"><span class='ocrx_word' id='word_1_491' title='bbox 1015 1133 1096 1169; x_wconf 86' lang='grc' dir='ltr'>κακὰ,</span> <span class='ocrx_word' id='word_1_492' title='bbox 1114 1132 1154 1162; x_wconf 80' lang='grc' dir='ltr'>ὅτι</span> <span class='ocrx_word' id='word_1_493' title='bbox 1168 1133 1315 1174; x_wconf 85' lang='grc' dir='ltr'>ἀκάθαρτος</span> <span class='ocrx_word' id='word_1_494' title='bbox 1328 1134 1439 1166; x_wconf 80' lang='grc' dir='ltr'>ἐνώπιον</span> <span class='ocrx_word' id='word_1_495' title='bbox 1453 1136 1552 1176; x_wconf 82' lang='grc' dir='ltr'>Κυρίου</span> <span class='ocrx_word' id='word_1_496' title='bbox 1563 1141 1616 1171; x_wconf 75' lang='grc' dir='ltr'>πᾶς</span> <span class='ocrx_word' id='word_1_497' title='bbox 1628 1138 1789 1178; x_wconf 77' lang='grc' dir='ltr'>παράνομος.</span> 
     </span>
     <span class='ocr_line' id='line_1_78' title="bbox 1015 1178 1789 1221; baseline 0.009 -14"><span class='ocrx_word' id='word_1_498' title='bbox 1015 1178 1079 1208; x_wconf 89' lang='grc' dir='ltr'>Ὅτι</span> <span class='ocrx_word' id='word_1_499' title='bbox 1094 1178 1191 1219; x_wconf 87' lang='grc' dir='ltr'>Κύριος</span> <span class='ocrx_word' id='word_1_500' title='bbox 1205 1180 1381 1221; x_wconf 77' lang='grc' dir='ltr'>ὑπερηφάνοις</span> <span class='ocrx_word' id='word_1_501' title='bbox 1401 1182 1603 1218; x_wconf 78' lang='grc' dir='ltr'>ἀντιτάσσεται,</span> <span class='ocrx_word' id='word_1_502' title='bbox 1617 1188 1749 1218; x_wconf 73' lang='grc' dir='ltr'>ταπεινοῖς</span> <span class='ocrx_word' id='word_1_503' title='bbox 1761 1185 1789 1215; x_wconf 87' lang='grc' dir='ltr'>δὲ</span> 
     </span>
     <span class='ocr_line' id='line_1_79' title="bbox 1014 1224 1789 1268; baseline 0.009 -15"><span class='ocrx_word' id='word_1_504' title='bbox 1014 1224 1174 1263; x_wconf 84' lang='grc' dir='ltr'>μεταδίδωσι</span> <span class='ocrx_word' id='word_1_505' title='bbox 1195 1225 1285 1266; x_wconf 78' lang='grc' dir='ltr'>χάριν.</span> <span class='ocrx_word' id='word_1_506' title='bbox 1309 1227 1363 1256; x_wconf 81' lang='grc' dir='ltr'>Καὶ</span> <span class='ocrx_word' id='word_1_507' title='bbox 1385 1227 1446 1268; x_wconf 80' lang='grc' dir='ltr'>περὶ</span> <span class='ocrx_word' id='word_1_508' title='bbox 1469 1230 1515 1258; x_wconf 78' lang='grc' dir='ltr'>τοῦ</span> <span class='ocrx_word' id='word_1_509' title='bbox 1540 1229 1645 1258; x_wconf 81' lang='grc' dir='ltr'>ἀκούειν</span> <span class='ocrx_word' id='word_1_510' title='bbox 1666 1229 1789 1263; x_wconf 74' lang='grc' dir='ltr'>παιδείας</span> 
     </span>
     <span class='ocr_line' id='line_1_80' title="bbox 1014 1270 1789 1316; baseline 0.01 -18"><span class='ocrx_word' id='word_1_511' title='bbox 1014 1270 1124 1310; x_wconf 86' lang='grc' dir='ltr'>πατρός.</span> <span class='ocrx_word' id='word_1_512' title='bbox 1141 1270 1209 1310; x_wconf 76' lang='grc' dir='ltr'>Περὶ</span> <span class='ocrx_word' id='word_1_513' title='bbox 1222 1274 1278 1307; x_wconf 81' lang='grc' dir='ltr'>τοῦ,</span> <span class='ocrx_word' id='word_1_514' title='bbox 1293 1272 1351 1308; x_wconf 78' lang='grc' dir='ltr'>Υἱὲ,</span> <span class='ocrx_word' id='word_1_515' title='bbox 1367 1273 1420 1312; x_wconf 77' lang='grc' dir='ltr'>ἐμῇ</span> <span class='ocrx_word' id='word_1_516' title='bbox 1435 1273 1511 1313; x_wconf 79' lang='grc' dir='ltr'>ῥήσει</span> <span class='ocrx_word' id='word_1_517' title='bbox 1524 1274 1649 1315; x_wconf 83' lang='grc' dir='ltr'>πρόσεχε,</span> <span class='ocrx_word' id='word_1_518' title='bbox 1659 1275 1705 1305; x_wconf 79' lang='grc' dir='ltr'>καὶ</span> <span class='ocrx_word' id='word_1_519' title='bbox 1714 1276 1789 1316; x_wconf 81' lang='grc' dir='ltr'>πάσῃ</span> 
     </span>
     <span class='ocr_line' id='line_1_81' title="bbox 1013 1316 1789 1362; baseline 0.013 -19"><span class='ocrx_word' id='word_1_520' title='bbox 1013 1317 1118 1355; x_wconf 84' lang='grc' dir='ltr'>φυλακῇ</span> <span class='ocrx_word' id='word_1_521' title='bbox 1132 1316 1208 1356; x_wconf 88' lang='grc' dir='ltr'>τήρει</span> <span class='ocrx_word' id='word_1_522' title='bbox 1222 1317 1272 1353; x_wconf 79' lang='grc' dir='ltr'>σὴν</span> <span class='ocrx_word' id='word_1_523' title='bbox 1286 1318 1406 1358; x_wconf 85' lang='grc' dir='ltr'>καρδίαν,</span> <span class='ocrx_word' id='word_1_524' title='bbox 1421 1320 1466 1349; x_wconf 78' lang='grc' dir='ltr'>καὶ</span> <span class='ocrx_word' id='word_1_525' title='bbox 1481 1321 1577 1361; x_wconf 85' lang='grc' dir='ltr'>Κύριος</span> <span class='ocrx_word' id='word_1_526' title='bbox 1591 1321 1669 1362; x_wconf 82' lang='grc' dir='ltr'>ὀρθὰς</span> <span class='ocrx_word' id='word_1_527' title='bbox 1681 1322 1789 1359; x_wconf 85' lang='grc' dir='ltr'>ποιήσει</span> 
     </span>
     <span class='ocr_line' id='line_1_82' title="bbox 1013 1362 1787 1410; baseline 0.012 -19"><span class='ocrx_word' id='word_1_528' title='bbox 1013 1362 1060 1396; x_wconf 86' lang='grc' dir='ltr'>τὰς</span> <span class='ocrx_word' id='word_1_529' title='bbox 1074 1363 1181 1402; x_wconf 85' lang='grc' dir='ltr'>τροχιάς</span> <span class='ocrx_word' id='word_1_530' title='bbox 1200 1374 1257 1392; x_wconf 90' lang='grc' dir='ltr'>σου.</span> <span class='ocrx_word' id='word_1_531' title='bbox 1277 1364 1345 1404; x_wconf 81' lang='grc' dir='ltr'>Περὶ</span> <span class='ocrx_word' id='word_1_532' title='bbox 1367 1368 1413 1395; x_wconf 79' lang='grc' dir='ltr'>τοῦ</span> <span class='ocrx_word' id='word_1_533' title='bbox 1430 1366 1467 1405; x_wconf 82' lang='grc' dir='ltr'>μὴ</span> <span class='ocrx_word' id='word_1_534' title='bbox 1482 1367 1624 1408; x_wconf 79' lang='grc' dir='ltr'>προσέχειν</span> <span class='ocrx_word' id='word_1_535' title='bbox 1638 1368 1727 1409; x_wconf 83' lang='grc' dir='ltr'>φαύλῃ</span> <span class='ocrx_word' id='word_1_536' title='bbox 1741 1381 1787 1410; x_wconf 85' lang='grc' dir='ltr'>γυ-</span> 
     </span>
     <span class='ocr_line' id='line_1_83' title="bbox 1012 1408 1789 1455; baseline 0.01 -19"><span class='ocrx_word' id='word_1_537' title='bbox 1012 1408 1084 1437; x_wconf 87' lang='grc' dir='ltr'>ναικί</span> <span class='ocrx_word' id='word_1_538' title='bbox 1092 1420 1098 1426; x_wconf 92' lang='grc'><strong><em>·</em></strong></span> <span class='ocrx_word' id='word_1_539' title='bbox 1113 1408 1208 1442; x_wconf 78' lang='grc' dir='ltr'>Ὁδοὺς</span> <span class='ocrx_word' id='word_1_540' title='bbox 1221 1408 1272 1449; x_wconf 76' lang='grc' dir='ltr'>γὰρ</span> <span class='ocrx_word' id='word_1_541' title='bbox 1286 1411 1355 1445; x_wconf 80' lang='grc' dir='ltr'>ζωῆς</span> <span class='ocrx_word' id='word_1_542' title='bbox 1366 1413 1396 1441; x_wconf 74' lang='grc' dir='ltr'>οὗ</span> <span class='ocrx_word' id='word_1_543' title='bbox 1411 1412 1578 1452; x_wconf 79' lang='grc' dir='ltr'>μετέρχεται,</span> <span class='ocrx_word' id='word_1_544' title='bbox 1593 1414 1699 1455; x_wconf 81' lang='grc' dir='ltr'>μακρὰν</span> <span class='ocrx_word' id='word_1_545' title='bbox 1712 1415 1789 1452; x_wconf 89' lang='grc' dir='ltr'>ποίη-</span> 
     </span>
     <span class='ocr_line' id='line_1_84' title="bbox 1015 1455 1786 1497; baseline 0.012 -14"><span class='ocrx_word' id='word_1_546' title='bbox 1015 1466 1060 1484; x_wconf 91' lang='grc' dir='ltr'>σον</span> <span class='ocrx_word' id='word_1_547' title='bbox 1074 1455 1122 1484; x_wconf 84' lang='grc' dir='ltr'>ἀπ’</span> <span class='ocrx_word' id='word_1_548' title='bbox 1132 1456 1214 1491; x_wconf 77' lang='grc' dir='ltr'>αὐτῆς</span> <span class='ocrx_word' id='word_1_549' title='bbox 1225 1455 1341 1486; x_wconf 81' lang='grc' dir='ltr'>σύνοδον·</span> <span class='ocrx_word' id='word_1_550' title='bbox 1352 1457 1482 1497; x_wconf 75' lang='grc' dir='ltr'>Περὶτοῦ,</span> <span class='ocrx_word' id='word_1_551' title='bbox 1493 1460 1559 1489; x_wconf 87' lang='grc' dir='ltr'>Πῖνε</span> <span class='ocrx_word' id='word_1_552' title='bbox 1571 1459 1656 1490; x_wconf 75' lang='grc' dir='ltr'>ὕδατα</span> <span class='ocrx_word' id='word_1_553' title='bbox 1668 1462 1722 1491; x_wconf 83' lang='grc' dir='ltr'>ἀπὸ</span> <span class='ocrx_word' id='word_1_554' title='bbox 1733 1464 1786 1492; x_wconf 84' lang='grc' dir='ltr'>σῶν</span> 
     </span>
    </p>
   </div>
   <div class='ocr_carea' id='block_1_23' title="bbox 990 1501 1788 1542">
    <p class='ocr_par' dir='ltr' id='par_1_23' title="bbox 990 1501 1788 1542">
     <span class='ocr_line' id='line_1_85' title="bbox 990 1501 1788 1542; baseline 0.009 -11"><span class='ocrx_word' id='word_1_555' title='bbox 990 1524 996 1531; x_wconf 84' lang='grc'>.</span> <span class='ocrx_word' id='word_1_556' title='bbox 1014 1501 1143 1540; x_wconf 87' lang='grc' dir='ltr'>ἀγγείων·</span> <span class='ocrx_word' id='word_1_557' title='bbox 1165 1501 1210 1531; x_wconf 78' lang='grc' dir='ltr'>καὶ</span> <span class='ocrx_word' id='word_1_558' title='bbox 1232 1501 1267 1531; x_wconf 85' lang='grc' dir='ltr'><strong>Ἥ</strong></span> <span class='ocrx_word' id='word_1_559' title='bbox 1294 1503 1368 1542; x_wconf 81' lang='grc' dir='ltr'>πηγὴ</span> <span class='ocrx_word' id='word_1_560' title='bbox 1392 1507 1439 1534; x_wconf 81' lang='grc' dir='ltr'>τοῦ</span> <span class='ocrx_word' id='word_1_561' title='bbox 1464 1504 1558 1539; x_wconf 72' lang='grc' dir='ltr'>ὕδατός</span> <span class='ocrx_word' id='word_1_562' title='bbox 1581 1518 1628 1536; x_wconf 87' lang='grc' dir='ltr'>σου</span> <span class='ocrx_word' id='word_1_563' title='bbox 1651 1507 1719 1537; x_wconf 84' lang='grc' dir='ltr'>ἔστω</span> <span class='ocrx_word' id='word_1_564' title='bbox 1745 1520 1788 1538; x_wconf 85' lang='grc' dir='ltr'>σοι</span> 
     </span>
    </p>
   </div>
   <div class='ocr_carea' id='block_1_24' title="bbox 1013 1547 1787 1962">
    <p class='ocr_par' dir='ltr' id='par_1_24' title="bbox 1013 1547 1787 1962">
     <span class='ocr_line' id='line_1_86' title="bbox 1015 1547 1787 1610; baseline 0.012 -35"><span class='ocrx_word' id='word_1_565' title='bbox 1015 1548 1100 1582; x_wconf 85' lang='grc' dir='ltr'>ἡδεῖα.</span> <span class='ocrx_word' id='word_1_566' title='bbox 1119 1548 1166 1578; x_wconf 87' lang='grc' dir='ltr'>Ἐν</span> <span class='ocrx_word' id='word_1_567' title='bbox 1180 1547 1231 1587; x_wconf 81' lang='grc' dir='ltr'>γὰρ</span> <span class='ocrx_word' id='word_1_568' title='bbox 1252 1550 1286 1588; x_wconf 66' lang='grc' dir='ltr'>τῇ</span> <span class='ocrx_word' id='word_1_569' title='bbox 1299 1548 1397 1585; x_wconf 83' lang='grc' dir='ltr'>ταύτης</span> <span class='ocrx_word' id='word_1_570' title='bbox 1419 1551 1498 1591; x_wconf 82' lang='grc' dir='ltr'>σοφίᾳ</span> <span class='ocrx_word' id='word_1_571' title='bbox 1512 1553 1787 1610; x_wconf 53' lang='grc' dir='ltr'>συμπεριφερόμενος,</span> 
     </span>
     <span class='ocr_line' id='line_1_87' title="bbox 1015 1593 1787 1640; baseline 0.013 -19"><span class='ocrx_word' id='word_1_572' title='bbox 1015 1593 1161 1626; x_wconf 82' lang='grc' dir='ltr'>πολλοστὸς</span> <span class='ocrx_word' id='word_1_573' title='bbox 1176 1593 1234 1633; x_wconf 87' lang='grc' dir='ltr'>ἔσῃ.</span> <span class='ocrx_word' id='word_1_574' title='bbox 1250 1593 1301 1623; x_wconf 86' lang='grc' dir='ltr'>Ἴθι</span> <span class='ocrx_word' id='word_1_575' title='bbox 1326 1595 1391 1635; x_wconf 87' lang='grc' dir='ltr'>πρὸς</span> <span class='ocrx_word' id='word_1_576' title='bbox 1410 1596 1454 1626; x_wconf 81' lang='grc' dir='ltr'>τὸν</span> <span class='ocrx_word' id='word_1_577' title='bbox 1479 1597 1624 1637; x_wconf 79' lang='grc' dir='ltr'>μύρμηκα,</span> <span class='ocrx_word' id='word_1_578' title='bbox 1647 1611 1670 1629; x_wconf 88' lang='grc' dir='ltr'>ω</span> <span class='ocrx_word' id='word_1_579' title='bbox 1693 1601 1787 1640; x_wconf 84' lang='grc' dir='ltr'>ὀκνηρὲ</span> 
     </span>
     <span class='ocr_line' id='line_1_88' title="bbox 1015 1638 1787 1687; baseline 0.012 -21"><span class='ocrx_word' id='word_1_580' title='bbox 1015 1638 1113 1674; x_wconf 87' lang='grc' dir='ltr'>νεανία,</span> <span class='ocrx_word' id='word_1_581' title='bbox 1123 1638 1168 1668; x_wconf 78' lang='grc' dir='ltr'>καὶ</span> <span class='ocrx_word' id='word_1_582' title='bbox 1178 1639 1250 1678; x_wconf 89' lang='grc' dir='ltr'>γίνου</span> <span class='ocrx_word' id='word_1_583' title='bbox 1264 1639 1411 1680; x_wconf 80' lang='grc' dir='ltr'>σοφώτερος</span> <span class='ocrx_word' id='word_1_584' title='bbox 1419 1653 1426 1660; x_wconf 88' lang='grc'><em>·</em></span> <span class='ocrx_word' id='word_1_585' title='bbox 1438 1642 1478 1671; x_wconf 82' lang='grc' dir='ltr'>ὅτι</span> <span class='ocrx_word' id='word_1_586' title='bbox 1489 1643 1590 1680; x_wconf 77' lang='grc' dir='ltr'>πολλὴν</span> <span class='ocrx_word' id='word_1_587' title='bbox 1603 1645 1630 1673; x_wconf 82' lang='grc' dir='ltr'>ἐν</span> <span class='ocrx_word' id='word_1_588' title='bbox 1642 1646 1680 1685; x_wconf 81' lang='grc' dir='ltr'>τῷ</span> <span class='ocrx_word' id='word_1_589' title='bbox 1690 1646 1787 1687; x_wconf 82' lang='grc' dir='ltr'>ἀμητῷ</span> 
     </span>
     <span class='ocr_line' id='line_1_89' title="bbox 1014 1684 1786 1733; baseline 0.013 -21"><span class='ocrx_word' id='word_1_590' title='bbox 1014 1689 1129 1714; x_wconf 83' lang='grc' dir='ltr'>ποιεῖται</span> <span class='ocrx_word' id='word_1_591' title='bbox 1142 1684 1191 1720; x_wconf 67' lang='grc' dir='ltr'>τὴν</span> <span class='ocrx_word' id='word_1_592' title='bbox 1207 1685 1388 1725; x_wconf 77' lang='grc' dir='ltr'>’παράχυσιν.</span> <span class='ocrx_word' id='word_1_593' title='bbox 1407 1688 1475 1728; x_wconf 84' lang='grc' dir='ltr'>Περὶ</span> <span class='ocrx_word' id='word_1_594' title='bbox 1494 1692 1540 1718; x_wconf 77' lang='grc' dir='ltr'>τοῦ</span> <span class='ocrx_word' id='word_1_595' title='bbox 1554 1690 1710 1730; x_wconf 86' lang='grc' dir='ltr'>πορεύοντος</span> <span class='ocrx_word' id='word_1_596' title='bbox 1722 1693 1786 1733; x_wconf 89' lang='grc' dir='ltr'>πρὸς</span> 
     </span>
     <span class='ocr_line' id='line_1_90' title="bbox 1013 1730 1785 1778; baseline 0.013 -20"><span class='ocrx_word' id='word_1_597' title='bbox 1013 1730 1062 1765; x_wconf 79' lang='grc' dir='ltr'>τὴν</span> <span class='ocrx_word' id='word_1_598' title='bbox 1082 1730 1224 1769; x_wconf 84' lang='grc' dir='ltr'>μέλισσαν,</span> <span class='ocrx_word' id='word_1_599' title='bbox 1238 1731 1292 1760; x_wconf 84' lang='grc' dir='ltr'>Καὶ</span> <span class='ocrx_word' id='word_1_600' title='bbox 1309 1731 1376 1770; x_wconf 81' lang='grc' dir='ltr'>μάθε</span> <span class='ocrx_word' id='word_1_601' title='bbox 1389 1735 1425 1767; x_wconf 87' lang='grc' dir='ltr'>ὡς</span> <span class='ocrx_word' id='word_1_602' title='bbox 1439 1734 1544 1774; x_wconf 71' lang='grc' dir='ltr'>ἐργάτις</span> <span class='ocrx_word' id='word_1_603' title='bbox 1558 1736 1624 1766; x_wconf 80' lang='grc' dir='ltr'>ἐστί.</span> <span class='ocrx_word' id='word_1_604' title='bbox 1643 1737 1711 1778; x_wconf 83' lang='grc' dir='ltr'>Περὶ</span> <span class='ocrx_word' id='word_1_605' title='bbox 1724 1741 1785 1774; x_wconf 85' lang='grc' dir='ltr'>τοῦ,</span> 
     </span>
     <span class='ocr_line' id='line_1_91' title="bbox 1013 1775 1786 1822; baseline 0.013 -18"><span class='ocrx_word' id='word_1_606' title='bbox 1013 1775 1086 1809; x_wconf 79' lang='grc' dir='ltr'>ἽΞως</span> <span class='ocrx_word' id='word_1_607' title='bbox 1106 1776 1185 1812; x_wconf 76' lang='grc' dir='ltr'>πότε,</span> <span class='ocrx_word' id='word_1_608' title='bbox 1199 1777 1294 1817; x_wconf 82' lang='grc' dir='ltr'>ὄκνηρὲ</span> <span class='ocrx_word' id='word_1_609' title='bbox 1304 1801 1312 1815; x_wconf 88' lang='grc'>,</span> <span class='ocrx_word' id='word_1_610' title='bbox 1325 1778 1495 1818; x_wconf 76' lang='grc' dir='ltr'>κατάκεισαι;</span> <span class='ocrx_word' id='word_1_611' title='bbox 1507 1782 1614 1822; x_wconf 88' lang='grc' dir='ltr'>Ὀλίγον</span> <span class='ocrx_word' id='word_1_612' title='bbox 1628 1783 1676 1822; x_wconf 70' lang='grc' dir='ltr'>μὲν</span> <span class='ocrx_word' id='word_1_613' title='bbox 1687 1786 1786 1821; x_wconf 78' lang='grc' dir='ltr'>ὓπνοῖς,</span> 
     </span>
     <span class='ocr_line' id='line_1_92' title="bbox 1013 1822 1785 1870; baseline 0.012 -19"><span class='ocrx_word' id='word_1_614' title='bbox 1013 1822 1099 1861; x_wconf 82' lang='grc' dir='ltr'>ὀλίγον</span> <span class='ocrx_word' id='word_1_615' title='bbox 1121 1822 1149 1852; x_wconf 86' lang='grc' dir='ltr'>δὲ</span> <span class='ocrx_word' id='word_1_616' title='bbox 1173 1822 1298 1859; x_wconf 81' lang='grc' dir='ltr'>κάθησαι.</span> <span class='ocrx_word' id='word_1_617' title='bbox 1323 1824 1374 1854; x_wconf 80' lang='grc' dir='ltr'>Διὰ</span> <span class='ocrx_word' id='word_1_618' title='bbox 1399 1828 1477 1855; x_wconf 79' lang='grc' dir='ltr'>τοῦτο</span> <span class='ocrx_word' id='word_1_619' title='bbox 1499 1826 1622 1865; x_wconf 79' lang='grc' dir='ltr'>ἐξαπίνης</span> <span class='ocrx_word' id='word_1_620' title='bbox 1641 1829 1750 1870; x_wconf 78' lang='grc' dir='ltr'>ἔρχεται</span> <span class='ocrx_word' id='word_1_621' title='bbox 1767 1833 1785 1866; x_wconf 86' lang='grc' dir='ltr'>ἡ</span> 
     </span>
     <span class='ocr_line' id='line_1_93' title="bbox 1014 1868 1786 1915; baseline 0.012 -18"><span class='ocrx_word' id='word_1_622' title='bbox 1014 1868 1134 1899; x_wconf 71' lang='grc' dir='ltr'>ἀπώλεια</span> <span class='ocrx_word' id='word_1_623' title='bbox 1156 1881 1214 1899; x_wconf 90' lang='grc' dir='ltr'>σου.</span> <span class='ocrx_word' id='word_1_624' title='bbox 1239 1870 1307 1910; x_wconf 81' lang='grc' dir='ltr'>Περὶ</span> <span class='ocrx_word' id='word_1_625' title='bbox 1330 1873 1449 1911; x_wconf 82' lang='grc' dir='ltr'>φυλακῆς</span> <span class='ocrx_word' id='word_1_626' title='bbox 1468 1873 1555 1912; x_wconf 86' lang='grc' dir='ltr'>νόμων</span> <span class='ocrx_word' id='word_1_627' title='bbox 1578 1875 1692 1915; x_wconf 83' lang='grc' dir='ltr'>πατρός·</span> <span class='ocrx_word' id='word_1_628' title='bbox 1719 1875 1786 1906; x_wconf 86' lang='grc' dir='ltr'>Ὅτι</span> 
     </span>
     <span class='ocr_line' id='line_1_94' title="bbox 1013 1915 1786 1962; baseline 0.012 -19"><span class='ocrx_word' id='word_1_629' title='bbox 1013 1915 1108 1955; x_wconf 88' lang='grc' dir='ltr'>λύχνος</span> <span class='ocrx_word' id='word_1_630' title='bbox 1130 1917 1241 1945; x_wconf 80' lang='grc' dir='ltr'>ἐντολῶν</span> <span class='ocrx_word' id='word_1_631' title='bbox 1265 1916 1310 1946; x_wconf 80' lang='grc' dir='ltr'>καὶ</span> <span class='ocrx_word' id='word_1_632' title='bbox 1333 1919 1387 1957; x_wconf 81' lang='grc' dir='ltr'>φῶς</span> <span class='ocrx_word' id='word_1_633' title='bbox 1407 1919 1464 1956; x_wconf 79' lang='grc' dir='ltr'>ἐστι</span> <span class='ocrx_word' id='word_1_634' title='bbox 1485 1919 1530 1948; x_wconf 84' lang='grc' dir='ltr'>καὶ</span> <span class='ocrx_word' id='word_1_635' title='bbox 1556 1921 1624 1956; x_wconf 77' lang='grc' dir='ltr'>ζωῆς</span> <span class='ocrx_word' id='word_1_636' title='bbox 1637 1922 1702 1955; x_wconf 86' lang='grc' dir='ltr'>ὁδός.</span> <span class='ocrx_word' id='word_1_637' title='bbox 1717 1923 1786 1962; x_wconf 83' lang='grc' dir='ltr'>Περὶ</span> 
     </span>
    </p>
   </div>
   <div class='ocr_carea' id='block_1_25' title="bbox 1042 1963 1058 1970">
    <p class='ocr_par' dir='ltr' id='par_1_25' title="bbox 1042 1963 1058 1970">
     <span class='ocr_line' id='line_1_95' title="bbox 1042 1963 1058 1970; baseline 0 0"><span class='ocrx_word' id='word_1_638' title='bbox 1042 1963 1058 1970; x_wconf 68' lang='grc' dir='ltr'>ι..</span> 
     </span>
    </p>
   </div>
   <div class='ocr_carea' id='block_1_26' title="bbox 1012 1960 1784 2006">
    <p class='ocr_par' dir='ltr' id='par_1_26' title="bbox 1012 1960 1784 2006">
     <span class='ocr_line' id='line_1_96' title="bbox 1012 1960 1784 2006; baseline 0.012 -17"><span class='ocrx_word' id='word_1_639' title='bbox 1012 1973 1076 1997; x_wconf 84' lang='grc' dir='ltr'>του,</span> <span class='ocrx_word' id='word_1_640' title='bbox 1096 1960 1253 1991; x_wconf 75' lang='grc' dir='ltr'>ιιἈποθέσει</span> <span class='ocrx_word' id='word_1_641' title='bbox 1273 1974 1312 1995; x_wconf 84' lang='grc' dir='ltr'>τις</span> <span class='ocrx_word' id='word_1_642' title='bbox 1337 1966 1389 2003; x_wconf 87' lang='grc' dir='ltr'>π’ὕρ</span> <span class='ocrx_word' id='word_1_643' title='bbox 1411 1965 1437 1993; x_wconf 81' lang='grc' dir='ltr'>ἐν</span> <span class='ocrx_word' id='word_1_644' title='bbox 1458 1964 1567 2005; x_wconf 86' lang='grc' dir='ltr'>κόλπῳ,</span> <span class='ocrx_word' id='word_1_645' title='bbox 1588 1966 1622 1996; x_wconf 82' lang='grc' dir='ltr'>τὰ</span> <span class='ocrx_word' id='word_1_646' title='bbox 1638 1967 1665 1996; x_wconf 83' lang='grc' dir='ltr'>δὲ</span> <span class='ocrx_word' id='word_1_647' title='bbox 1690 1967 1784 2006; x_wconf 73' lang='grc' dir='ltr'>ἱμάτια</span> 
     </span>
    </p>
   </div>
   <div class='ocr_carea' id='block_1_27' title="bbox 63 2008 1784 2148">
    <p class='ocr_par' dir='ltr' id='par_1_27' title="bbox 63 2008 1784 2148">
     <span class='ocr_line' id='line_1_97' title="bbox 63 2008 1784 2061; baseline 0.005 -21"><span class='ocrx_word' id='word_1_648' title='bbox 63 2020 150 2042; x_wconf 55' lang='lat' dir='ltr'><strong>Ibida.</strong></span> <span class='ocrx_word' id='word_1_649' title='bbox 165 2021 203 2044; x_wconf 84' lang='lat'>23.</span> <span class='ocrx_word' id='word_1_650' title='bbox 216 2013 261 2043; x_wconf 87' lang='lat' dir='ltr'>dia</span> <span class='ocrx_word' id='word_1_651' title='bbox 269 2014 358 2054; x_wconf 84' lang='lat' dir='ltr'><strong>legum</strong></span> <span class='ocrx_word' id='word_1_652' title='bbox 364 2014 458 2053; x_wconf 81' lang='lat' dir='ltr'><strong>patris.-</strong></span> <span class='ocrx_word' id='word_1_653' title='bbox 466 2013 680 2052; x_wconf 81' lang='lat' dir='ltr'><strong>Quodlucerna</strong></span> <span class='ocrx_word' id='word_1_654' title='bbox 687 2016 891 2047; x_wconf 82' lang='lat' dir='ltr'><strong>mandatorum</strong></span> <span class='ocrx_word' id='word_1_655' title='bbox 898 2021 958 2048; x_wconf 86' lang='lat' dir='ltr'><strong>sint</strong></span> <span class='ocrx_word' id='word_1_656' title='bbox 1008 2008 1092 2061; x_wconf 52' lang='grc' dir='ltr'>αὗτῗῢ</span> <span class='ocrx_word' id='word_1_657' title='bbox 1113 2009 1142 2037; x_wconf 73' lang='grc' dir='ltr'>Οὐ</span> <span class='ocrx_word' id='word_1_658' title='bbox 1163 2009 1342 2044; x_wconf 67' lang='grc' dir='ltr'>χατακαύσεῑὶ</span> <span class='ocrx_word' id='word_1_659' title='bbox 1357 2008 1374 2044; x_wconf 79' lang='grc' dir='ltr'>ἢ</span> <span class='ocrx_word' id='word_1_660' title='bbox 1394 2011 1571 2049; x_wconf 55' lang='grc' dir='ltr'>περιπατήσει</span> <span class='ocrx_word' id='word_1_661' title='bbox 1588 2013 1630 2041; x_wconf 68' lang='grc' dir='ltr'>ἐπ’</span> <span class='ocrx_word' id='word_1_662' title='bbox 1647 2014 1784 2054; x_wconf 70' lang='grc' dir='ltr'>ἀνθράκων</span> 
     </span>
     <span class='ocr_line' id='line_1_98' title="bbox 64 2052 1782 2108; baseline 0.002 -19"><span class='ocrx_word' id='word_1_663' title='bbox 64 2068 122 2090; x_wconf 69' lang='lat' dir='ltr'><strong>ibid.</strong></span> <span class='ocrx_word' id='word_1_664' title='bbox 133 2077 152 2091; x_wconf 89' lang='lat' dir='ltr'>v.</span> <span class='ocrx_word' id='word_1_665' title='bbox 164 2077 201 2100; x_wconf 80' lang='lat'>27.</span> <span class='ocrx_word' id='word_1_666' title='bbox 213 2067 242 2090; x_wconf 84' lang='lat' dir='ltr'>et</span> <span class='ocrx_word' id='word_1_667' title='bbox 262 2062 314 2090; x_wconf 70' lang='lat' dir='ltr'><strong>ltu</strong></span> <span class='ocrx_word' id='word_1_668' title='bbox 327 2068 356 2090; x_wconf 88' lang='lat' dir='ltr'>et</span> <span class='ocrx_word' id='word_1_669' title='bbox 369 2063 422 2090; x_wconf 85' lang='lat' dir='ltr'>via</span> <span class='ocrx_word' id='word_1_670' title='bbox 432 2063 512 2090; x_wconf 79' lang='lat' dir='ltr'><strong>vitoe.</strong></span> <span class='ocrx_word' id='word_1_671' title='bbox 533 2059 607 2089; x_wconf 83' lang='lat' dir='ltr'><strong>Illud</strong></span> <span class='ocrx_word' id='word_1_672' title='bbox 619 2061 699 2090; x_wconf 83' lang='lat' dir='ltr'><strong>etiam</strong></span> <span class='ocrx_word' id='word_1_673' title='bbox 714 2074 721 2089; x_wconf 90' lang='lat'>.·</span> <span class='ocrx_word' id='word_1_674' title='bbox 737 2064 871 2104; x_wconf 82' lang='lat' dir='ltr'><strong>Deponet</strong></span> <span class='ocrx_word' id='word_1_675' title='bbox 891 2069 956 2106; x_wconf 83' lang='lat' dir='ltr'><strong>quis</strong></span> <span class='ocrx_word' id='word_1_676' title='bbox 968 2064 1101 2108; x_wconf 46' lang='lat' dir='ltr'><strong>ssoffffpoffi</strong></span> <span class='ocrx_word' id='word_1_677' title='bbox 1114 2052 1172 2086; x_wconf 68' lang='grc' dir='ltr'>τοὺς</span> <span class='ocrx_word' id='word_1_678' title='bbox 1184 2053 1211 2082; x_wconf 69' lang='grc' dir='ltr'>δὲ</span> <span class='ocrx_word' id='word_1_679' title='bbox 1225 2053 1306 2087; x_wconf 64' lang='grc' dir='ltr'>πόδας</span> <span class='ocrx_word' id='word_1_680' title='bbox 1319 2055 1349 2082; x_wconf 71' lang='grc' dir='ltr'>Οὔ</span> <span class='ocrx_word' id='word_1_681' title='bbox 1368 2056 1530 2085; x_wconf 64' lang='grc' dir='ltr'>κατακαύσει</span> <span class='ocrx_word' id='word_1_682' title='bbox 1544 2053 1633 2094; x_wconf 66' lang='grc' dir='ltr'><strong>Οῧτῡςὶ</strong></span> <span class='ocrx_word' id='word_1_683' title='bbox 1648 2058 1682 2089; x_wconf 87' lang='grc' dir='ltr'><strong>Ὁ</strong></span> <span class='ocrx_word' id='word_1_684' title='bbox 1695 2062 1782 2090; x_wconf 74' lang='grc' dir='ltr'>εἷσελ·</span> 
     </span>
     <span class='ocr_line' id='line_1_99' title="bbox 212 2100 1783 2148; baseline 0.006 -21"><span class='ocrx_word' id='word_1_685' title='bbox 212 2110 307 2148; x_wconf 62' lang='lat' dir='ltr'><strong>igngm</strong></span> <span class='ocrx_word' id='word_1_686' title='bbox 317 2110 349 2137; x_wconf 66' lang='lat' dir='ltr'><strong>in</strong></span> <span class='ocrx_word' id='word_1_687' title='bbox 362 2109 439 2143; x_wconf 61' lang='lat' dir='ltr'><strong>sinu,</strong></span> <span class='ocrx_word' id='word_1_688' title='bbox 450 2108 624 2136; x_wconf 61' lang='lat' dir='ltr'>vestimenta</span> <span class='ocrx_word' id='word_1_689' title='bbox 634 2114 731 2138; x_wconf 59' lang='lat' dir='ltr'><em>autem</em></span> <span class='ocrx_word' id='word_1_690' title='bbox 739 2120 793 2140; x_wconf 65' lang='lat' dir='ltr'>sua</span> <span class='ocrx_word' id='word_1_691' title='bbox 804 2123 864 2141; x_wconf 69' lang='lat' dir='ltr'>non</span> <span class='ocrx_word' id='word_1_692' title='bbox 876 2124 955 2144; x_wconf 55' lang='lat' dir='ltr'><em>com-</em></span> <span class='ocrx_word' id='word_1_693' title='bbox 976 2103 995 2125; x_wconf 85' lang='grc' dir='ltr'>Λ</span> <span class='ocrx_word' id='word_1_694' title='bbox 1011 2100 1062 2126; x_wconf 81' lang='grc' dir='ltr'>Θων</span> <span class='ocrx_word' id='word_1_695' title='bbox 1085 2100 1122 2131; x_wconf 84' lang='grc' dir='ltr'>εἷς</span> <span class='ocrx_word' id='word_1_696' title='bbox 1144 2103 1256 2137; x_wconf 87' lang='grc' dir='ltr'>γυναῖκα</span> <span class='ocrx_word' id='word_1_697' title='bbox 1278 2100 1408 2140; x_wconf 75' lang='grc' dir='ltr'>ὕπανδρον</span> <span class='ocrx_word' id='word_1_698' title='bbox 1431 2102 1478 2131; x_wconf 81' lang='grc' dir='ltr'>οὐκ</span> <span class='ocrx_word' id='word_1_699' title='bbox 1499 2103 1698 2140; x_wconf 83' lang='grc' dir='ltr'>ἀθωωθήσεται.</span> <span class='ocrx_word' id='word_1_700' title='bbox 1714 2107 1783 2146; x_wconf 83' lang='grc' dir='ltr'>Περὶ</span> 
     </span>
    </p>
   </div>
   <div class='ocr_carea' id='block_1_28' title="bbox 63 2099 99 2122">
    <p class='ocr_par' dir='ltr' id='par_1_28' title="bbox 63 2099 99 2122">
     <span class='ocr_line' id='line_1_100' title="bbox 63 2099 99 2122; baseline 0.056 -2"><span class='ocrx_word' id='word_1_701' title='bbox 63 2099 99 2122; x_wconf 74' lang='lat'>28.</span> 
     </span>
    </p>
   </div>
   <div class='ocr_carea' id='block_1_29' title="bbox 61 2207 200 2239">
    <p class='ocr_par' dir='ltr' id='par_1_29' title="bbox 61 2207 200 2239">
     <span class='ocr_line' id='line_1_101' title="bbox 61 2207 200 2239; baseline 0.022 -12"><span class='ocrx_word' id='word_1_702' title='bbox 61 2207 120 2229; x_wconf 74' lang='lat' dir='ltr'><strong>lm&#39;a.</strong></span> <span class='ocrx_word' id='word_1_703' title='bbox 131 2216 151 2229; x_wconf 93' lang='lat' dir='ltr'>v.</span> <span class='ocrx_word' id='word_1_704' title='bbox 163 2215 200 2239; x_wconf 82' lang='lat'>²9·</span> 
     </span>
    </p>
   </div>
   <div class='ocr_carea' id='block_1_30' title="bbox 57 2301 198 2354">
    <p class='ocr_par' dir='ltr' id='par_1_30' title="bbox 57 2301 198 2354">
     <span class='ocr_line' id='line_1_102' title="bbox 58 2301 198 2327; baseline 0.043 -6"><span class='ocrx_word' id='word_1_705' title='bbox 58 2301 115 2323; x_wconf 74' lang='lat' dir='ltr'><strong>[hid.</strong></span> <span class='ocrx_word' id='word_1_706' title='bbox 128 2312 148 2325; x_wconf 83' lang='lat' dir='ltr'>v.</span> <span class='ocrx_word' id='word_1_707' title='bbox 160 2303 198 2327; x_wconf 80' lang='lat'>30.</span> 
     </span>
     <span class='ocr_line' id='line_1_103' title="bbox 57 2332 93 2354; baseline 0.028 -1"><span class='ocrx_word' id='word_1_708' title='bbox 57 2332 93 2354; x_wconf 69' lang='lat'>³2.</span> 
     </span>
    </p>
   </div>
   <div class='ocr_carea' id='block_1_31' title="bbox 206 2154 956 2420">
    <p class='ocr_par' dir='ltr' id='par_1_31' title="bbox 206 2154 956 2420">
     <span class='ocr_line' id='line_1_104' title="bbox 213 2154 956 2200; baseline 0.008 -17"><span class='ocrx_word' id='word_1_709' title='bbox 213 2156 296 2183; x_wconf 82' lang='lat' dir='ltr'><strong>buret</strong></span> <span class='ocrx_word' id='word_1_710' title='bbox 321 2157 333 2182; x_wconf 73' lang='grc' dir='ltr'>ἓ)</span> <span class='ocrx_word' id='word_1_711' title='bbox 355 2160 408 2183; x_wconf 85' lang='lat' dir='ltr'>aut</span> <span class='ocrx_word' id='word_1_712' title='bbox 425 2154 589 2183; x_wconf 80' lang='lat' dir='ltr'><strong>ambulabit</strong></span> <span class='ocrx_word' id='word_1_713' title='bbox 610 2164 695 2194; x_wconf 82' lang='lat' dir='ltr'><strong>super</strong></span> <span class='ocrx_word' id='word_1_714' title='bbox 708 2162 849 2188; x_wconf 67' lang='lat' dir='ltr'><strong>carbones</strong></span> <span class='ocrx_word' id='word_1_715' title='bbox 871 2161 956 2200; x_wconf 82' lang='lat' dir='ltr'><strong>ignis,</strong></span> 
     </span>
     <span class='ocr_line' id='line_1_105' title="bbox 209 2201 955 2247; baseline 0.003 -18"><span class='ocrx_word' id='word_1_716' title='bbox 209 2201 297 2240; x_wconf 83' lang='lat' dir='ltr'><strong>pedes</strong></span> <span class='ocrx_word' id='word_1_717' title='bbox 318 2206 416 2229; x_wconf 85' lang='lat' dir='ltr'><strong>autem</strong></span> <span class='ocrx_word' id='word_1_718' title='bbox 437 2209 504 2228; x_wconf 85' lang='lat' dir='ltr'><strong>suos</strong></span> <span class='ocrx_word' id='word_1_719' title='bbox 525 2210 584 2229; x_wconf 85' lang='lat' dir='ltr'>non</span> <span class='ocrx_word' id='word_1_720' title='bbox 608 2201 744 2231; x_wconf 81' lang='lat' dir='ltr'><strong>incendet</strong></span> <span class='ocrx_word' id='word_1_721' title='bbox 761 2205 773 2231; x_wconf 71' lang='lat' dir='ltr'><strong><em>P</em></strong></span> <span class='ocrx_word' id='word_1_722' title='bbox 791 2205 847 2241; x_wconf 89' lang='lat' dir='ltr'>Qui</span> <span class='ocrx_word' id='word_1_723' title='bbox 867 2206 955 2247; x_wconf 76' lang='lat' dir='ltr'><strong>ingre-</strong></span> 
     </span>
     <span class='ocr_line' id='line_1_106' title="bbox 210 2245 951 2286; baseline 0.009 -10"><span class='ocrx_word' id='word_1_724' title='bbox 210 2246 285 2276; x_wconf 85' lang='lat' dir='ltr'><strong>ditur</strong></span> <span class='ocrx_word' id='word_1_725' title='bbox 298 2245 334 2275; x_wconf 88' lang='lat' dir='ltr'><strong>ad</strong></span> <span class='ocrx_word' id='word_1_726' title='bbox 344 2246 484 2275; x_wconf 84' lang='lat' dir='ltr'><strong>mulierem</strong></span> <span class='ocrx_word' id='word_1_727' title='bbox 496 2245 674 2286; x_wconf 77' lang='lat' dir='ltr'><strong>conjugatam.</strong></span> <span class='ocrx_word' id='word_1_728' title='bbox 686 2257 738 2277; x_wconf 90' lang='lat' dir='ltr'>non</span> <span class='ocrx_word' id='word_1_729' title='bbox 753 2249 878 2281; x_wconf 85' lang='lat' dir='ltr'><strong>innocens</strong></span> <span class='ocrx_word' id='word_1_730' title='bbox 892 2253 951 2283; x_wconf 87' lang='lat' dir='ltr'><strong>erit.</strong></span> 
     </span>
     <span class='ocr_line' id='line_1_107' title="bbox 210 2293 954 2336; baseline 0.008 -13"><span class='ocrx_word' id='word_1_731' title='bbox 210 2295 288 2331; x_wconf 86' lang='lat' dir='ltr'><strong>Item,</strong></span> <span class='ocrx_word' id='word_1_732' title='bbox 313 2294 383 2323; x_wconf 87' lang='lat' dir='ltr'>Non</span> <span class='ocrx_word' id='word_1_733' title='bbox 401 2295 505 2322; x_wconf 83' lang='lat' dir='ltr'><strong>mirum</strong></span> <span class='ocrx_word' id='word_1_734' title='bbox 520 2294 546 2322; x_wconf 85' lang='lat' dir='ltr'>si</span> <span class='ocrx_word' id='word_1_735' title='bbox 563 2295 628 2332; x_wconf 85' lang='lat' dir='ltr'><strong>quis</strong></span> <span class='ocrx_word' id='word_1_736' title='bbox 631 2293 750 2333; x_wconf 79' lang='lat' dir='ltr'><strong>furtum</strong></span> <span class='ocrx_word' id='word_1_737' title='bbox 770 2296 892 2336; x_wconf 83' lang='lat' dir='ltr'><strong>faciens</strong></span> <span class='ocrx_word' id='word_1_738' title='bbox 905 2300 954 2329; x_wconf 83' lang='lat' dir='ltr'><strong>de-</strong></span> 
     </span>
     <span class='ocr_line' id='line_1_108' title="bbox 206 2339 953 2381; baseline 0.008 -13"><span class='ocrx_word' id='word_1_739' title='bbox 206 2340 420 2378; x_wconf 78' lang='lat' dir='ltr'><strong>prehendatur;</strong></span> <span class='ocrx_word' id='word_1_740' title='bbox 438 2339 566 2378; x_wconf 83' lang='lat' dir='ltr'><strong>furatur</strong></span> <span class='ocrx_word' id='word_1_741' title='bbox 585 2343 662 2369; x_wconf 90' lang='lat' dir='ltr'><strong>enim</strong></span> <span class='ocrx_word' id='word_1_742' title='bbox 687 2347 719 2370; x_wconf 85' lang='lat' dir='ltr'>ut</span> <span class='ocrx_word' id='word_1_743' title='bbox 744 2343 864 2381; x_wconf 86' lang='lat' dir='ltr'><strong>impleat</strong></span> <span class='ocrx_word' id='word_1_744' title='bbox 887 2348 953 2375; x_wconf 84' lang='lat' dir='ltr'><strong>ani-</strong></span> 
     </span>
     <span class='ocr_line' id='line_1_109' title="bbox 207 2386 954 2420; baseline 0.008 -6"><span class='ocrx_word' id='word_1_745' title='bbox 207 2396 285 2415; x_wconf 88' lang='lat' dir='ltr'>mam</span> <span class='ocrx_word' id='word_1_746' title='bbox 298 2396 381 2415; x_wconf 83' lang='lat' dir='ltr'><strong>suam</strong></span> <span class='ocrx_word' id='word_1_747' title='bbox 390 2386 578 2414; x_wconf 80' lang='lat' dir='ltr'><strong>esurientem.-</strong></span> <span class='ocrx_word' id='word_1_748' title='bbox 591 2387 717 2416; x_wconf 78' lang='lat' dir='ltr'><strong>moechus</strong></span> <span class='ocrx_word' id='word_1_749' title='bbox 731 2395 830 2418; x_wconf 86' lang='lat' dir='ltr'><strong>autem</strong></span> <span class='ocrx_word' id='word_1_750' title='bbox 842 2392 877 2419; x_wconf 85' lang='lat' dir='ltr'><strong>oh</strong></span> <span class='ocrx_word' id='word_1_751' title='bbox 892 2393 954 2420; x_wconf 75' lang='lat' dir='ltr'><strong>ino-</strong></span> 
     </span>
    </p>
   </div>
   <div class='ocr_carea' id='block_1_32' title="bbox 51 2432 953 2494">
    <p class='ocr_par' dir='ltr' id='par_1_32' title="bbox 51 2432 953 2494">
     <span class='ocr_line' id='line_1_110' title="bbox 55 2432 953 2474; baseline 0.002 -13"><span class='ocrx_word' id='word_1_752' title='bbox 55 2442 110 2468; x_wconf 54' lang='grc' dir='ltr'>(ηιμ,</span> <span class='ocrx_word' id='word_1_753' title='bbox 125 2452 147 2473; x_wconf 75' lang='lat'>7·</span> <span class='ocrx_word' id='word_1_754' title='bbox 160 2451 180 2467; x_wconf 71' lang='lat'>2,</span> <span class='ocrx_word' id='word_1_755' title='bbox 202 2436 282 2472; x_wconf 82' lang='lat' dir='ltr'><strong>piam</strong></span> <span class='ocrx_word' id='word_1_756' title='bbox 295 2434 398 2462; x_wconf 83' lang='lat' dir='ltr'><strong>mentis</strong></span> <span class='ocrx_word' id='word_1_757' title='bbox 405 2432 505 2471; x_wconf 84' lang='lat' dir='ltr'><strong>perdet</strong></span> <span class='ocrx_word' id='word_1_758' title='bbox 520 2434 650 2462; x_wconf 80' lang='lat' dir='ltr'><strong>animam</strong></span> <span class='ocrx_word' id='word_1_759' title='bbox 666 2444 760 2464; x_wconf 85' lang='lat' dir='ltr'><strong>suam.</strong></span> <span class='ocrx_word' id='word_1_760' title='bbox 782 2437 860 2474; x_wconf 79' lang='lat' dir='ltr'><strong>Item,</strong></span> <span class='ocrx_word' id='word_1_761' title='bbox 885 2438 953 2468; x_wconf 70' lang='lat' dir='ltr'>Colg</span> 
     </span>
     <span class='ocr_line' id='line_1_111' title="bbox 51 2473 110 2494; baseline 0 0"><span class='ocrx_word' id='word_1_762' title='bbox 51 2474 63 2494; x_wconf 74' lang='grc' dir='ltr'>ει</span> <span class='ocrx_word' id='word_1_763' title='bbox 88 2473 110 2494; x_wconf 82' lang='lat'>5.</span> 
     </span>
    </p>
   </div>
   <div class='ocr_carea' id='block_1_33' title="bbox 205 2535 961 2611">
    <p class='ocr_par' dir='ltr' id='par_1_33' title="bbox 205 2535 961 2611">
     <span class='ocr_line' id='line_1_112' title="bbox 233 2535 961 2576; baseline 0.008 -14"><span class='ocrx_word' id='word_1_764' title='bbox 233 2545 243 2554; x_wconf 58' lang='lat'>2</span> <span class='ocrx_word' id='word_1_765' title='bbox 263 2535 343 2567; x_wconf 75' lang='lat' dir='ltr'><strong>[Bibl.</strong></span> <span class='ocrx_word' id='word_1_766' title='bbox 358 2540 489 2571; x_wconf 62' lang='grc' dir='ltr'>παράθεσιν,</span> <span class='ocrx_word' id='word_1_767' title='bbox 502 2535 562 2560; x_wconf 75' lang='lat' dir='ltr'>Mox</span> <span class='ocrx_word' id='word_1_768' title='bbox 576 2535 707 2570; x_wconf 83' lang='lat' dir='ltr'><strong>legendum</strong></span> <span class='ocrx_word' id='word_1_769' title='bbox 726 2537 825 2565; x_wconf 71' lang='lat' dir='ltr'><strong>videtur</strong></span> <span class='ocrx_word' id='word_1_770' title='bbox 842 2545 894 2576; x_wconf 68' lang='grc' dir='ltr'>περὶ</span> <span class='ocrx_word' id='word_1_771' title='bbox 914 2547 961 2571; x_wconf 75' lang='grc' dir='ltr'>τοῦ,</span> 
     </span>
     <span class='ocr_line' id='line_1_113' title="bbox 205 2574 497 2611; baseline -0.01 -9"><span class='ocrx_word' id='word_1_772' title='bbox 205 2578 339 2611; x_wconf 63' lang='grc' dir='ltr'>Πορεύθητι,</span> <span class='ocrx_word' id='word_1_773' title='bbox 351 2584 408 2600; x_wconf 84' lang='lat' dir='ltr'>cum</span> <span class='ocrx_word' id='word_1_774' title='bbox 420 2574 497 2607; x_wconf 63' lang='lat' dir='ltr'><strong>Bibl.)</strong></span> 
     </span>
    </p>
   </div>
   <div class='ocr_carea' id='block_1_34' title="bbox 1008 2145 1783 2485">
    <p class='ocr_par' dir='ltr' id='par_1_34' title="bbox 1008 2145 1783 2485">
     <span class='ocr_line' id='line_1_114' title="bbox 1011 2145 1783 2188; baseline 0.012 -15"><span class='ocrx_word' id='word_1_775' title='bbox 1011 2147 1074 2179; x_wconf 84' lang='grc' dir='ltr'>τοῦ,</span> <span class='ocrx_word' id='word_1_776' title='bbox 1090 2145 1131 2174; x_wconf 82' lang='grc' dir='ltr'>Οὐ</span> <span class='ocrx_word' id='word_1_777' title='bbox 1151 2146 1301 2184; x_wconf 79' lang='grc' dir='ltr'>θαυμαστὸν</span> <span class='ocrx_word' id='word_1_778' title='bbox 1321 2146 1367 2176; x_wconf 83' lang='grc' dir='ltr'>ἐὰν</span> <span class='ocrx_word' id='word_1_779' title='bbox 1386 2147 1507 2177; x_wconf 81' lang='grc' dir='ltr'>κλέπτων</span> <span class='ocrx_word' id='word_1_780' title='bbox 1522 2149 1578 2188; x_wconf 79' lang='grc' dir='ltr'>ἁλῷ</span> <span class='ocrx_word' id='word_1_781' title='bbox 1598 2162 1652 2185; x_wconf 82' lang='grc' dir='ltr'>τις·</span> <span class='ocrx_word' id='word_1_782' title='bbox 1674 2151 1783 2182; x_wconf 82' lang='grc' dir='ltr'>κλέπτει</span> 
     </span>
     <span class='ocr_line' id='line_1_115' title="bbox 1008 2191 1782 2234; baseline 0.012 -15"><span class='ocrx_word' id='word_1_783' title='bbox 1008 2191 1058 2230; x_wconf 75' lang='grc' dir='ltr'>γὰρ</span> <span class='ocrx_word' id='word_1_784' title='bbox 1072 2191 1114 2220; x_wconf 76' lang='grc' dir='ltr'>ἵνα</span> <span class='ocrx_word' id='word_1_785' title='bbox 1136 2191 1260 2232; x_wconf 82' lang='grc' dir='ltr'>ἐμπλήσῃ</span> <span class='ocrx_word' id='word_1_786' title='bbox 1285 2191 1334 2228; x_wconf 71' lang='grc' dir='ltr'>τὴν</span> <span class='ocrx_word' id='word_1_787' title='bbox 1354 2192 1443 2234; x_wconf 82' lang='grc' dir='ltr'>ψυχὴν</span> <span class='ocrx_word' id='word_1_788' title='bbox 1466 2195 1546 2223; x_wconf 80' lang='grc' dir='ltr'>αὐτοῦ</span> <span class='ocrx_word' id='word_1_789' title='bbox 1565 2197 1712 2226; x_wconf 76' lang='grc' dir='ltr'>πεινῶσαν·</span> <span class='ocrx_word' id='word_1_790' title='bbox 1726 2199 1740 2227; x_wconf 81' lang='grc' dir='ltr'><strong>ὁ</strong></span> <span class='ocrx_word' id='word_1_791' title='bbox 1754 2198 1782 2228; x_wconf 78' lang='grc' dir='ltr'>δὲ</span> 
     </span>
     <span class='ocr_line' id='line_1_116' title="bbox 1010 2240 1780 2286; baseline 0.01 -18"><span class='ocrx_word' id='word_1_792' title='bbox 1010 2240 1101 2279; x_wconf 84' lang='grc' dir='ltr'>μοιχὸς</span> <span class='ocrx_word' id='word_1_793' title='bbox 1116 2241 1147 2269; x_wconf 88' lang='grc' dir='ltr'>δι’</span> <span class='ocrx_word' id='word_1_794' title='bbox 1171 2240 1271 2270; x_wconf 83' lang='grc' dir='ltr'>ἔνδειαν</span> <span class='ocrx_word' id='word_1_795' title='bbox 1286 2243 1385 2281; x_wconf 83' lang='grc' dir='ltr'>φρενῶν</span> <span class='ocrx_word' id='word_1_796' title='bbox 1408 2243 1502 2272; x_wconf 86' lang='grc' dir='ltr'>ἀπολεῖ</span> <span class='ocrx_word' id='word_1_797' title='bbox 1523 2243 1572 2279; x_wconf 84' lang='grc' dir='ltr'>τὴν</span> <span class='ocrx_word' id='word_1_798' title='bbox 1586 2243 1674 2286; x_wconf 82' lang='grc' dir='ltr'>ψυχὴν</span> <span class='ocrx_word' id='word_1_799' title='bbox 1689 2247 1780 2276; x_wconf 76' lang='grc' dir='ltr'>αὐτοῦ.</span> 
     </span>
     <span class='ocr_line' id='line_1_117' title="bbox 1009 2288 1780 2334; baseline 0.01 -17"><span class='ocrx_word' id='word_1_800' title='bbox 1009 2288 1076 2329; x_wconf 83' lang='grc' dir='ltr'>Περὶ</span> <span class='ocrx_word' id='word_1_801' title='bbox 1091 2292 1146 2326; x_wconf 80' lang='grc' dir='ltr'>τοῦ,</span> <span class='ocrx_word' id='word_1_802' title='bbox 1158 2288 1234 2328; x_wconf 85' lang='grc' dir='ltr'>Τίμα</span> <span class='ocrx_word' id='word_1_803' title='bbox 1245 2289 1290 2319; x_wconf 83' lang='grc' dir='ltr'>τὸν</span> <span class='ocrx_word' id='word_1_804' title='bbox 1303 2290 1384 2328; x_wconf 83' lang='grc' dir='ltr'>Θεὸν,</span> <span class='ocrx_word' id='word_1_805' title='bbox 1397 2291 1442 2321; x_wconf 81' lang='grc' dir='ltr'>καὶ</span> <span class='ocrx_word' id='word_1_806' title='bbox 1457 2291 1588 2332; x_wconf 81' lang='grc' dir='ltr'>ἰσχύσεις,</span> <span class='ocrx_word' id='word_1_807' title='bbox 1603 2293 1648 2323; x_wconf 84' lang='grc' dir='ltr'>καὶ</span> <span class='ocrx_word' id='word_1_808' title='bbox 1662 2293 1780 2334; x_wconf 83' lang='grc' dir='ltr'>φύλασσε</span> 
     </span>
     <span class='ocr_line' id='line_1_118' title="bbox 1008 2339 1780 2382; baseline 0.009 -14"><span class='ocrx_word' id='word_1_809' title='bbox 1008 2339 1074 2378; x_wconf 79' lang='grc' dir='ltr'>ἐμὰς</span> <span class='ocrx_word' id='word_1_810' title='bbox 1083 2339 1198 2376; x_wconf 76' lang='grc' dir='ltr'>ἐντολὰς,</span> <span class='ocrx_word' id='word_1_811' title='bbox 1212 2340 1258 2370; x_wconf 77' lang='grc' dir='ltr'>καὶ</span> <span class='ocrx_word' id='word_1_812' title='bbox 1271 2341 1416 2382; x_wconf 79' lang='grc' dir='ltr'>ἐπίγραψον</span> <span class='ocrx_word' id='word_1_813' title='bbox 1431 2342 1512 2377; x_wconf 75' lang='grc' dir='ltr'>αὐτὰς</span> <span class='ocrx_word' id='word_1_814' title='bbox 1521 2343 1566 2372; x_wconf 78' lang='grc' dir='ltr'>ἐπὶ</span> <span class='ocrx_word' id='word_1_815' title='bbox 1579 2343 1610 2373; x_wconf 84' lang='grc' dir='ltr'>τὸ</span> <span class='ocrx_word' id='word_1_816' title='bbox 1623 2344 1722 2379; x_wconf 78' lang='grc' dir='ltr'>πλάτος</span> <span class='ocrx_word' id='word_1_817' title='bbox 1733 2347 1780 2381; x_wconf 80' lang='grc' dir='ltr'>τ’ἡς</span> 
     </span>
     <span class='ocr_line' id='line_1_119' title="bbox 1008 2390 1780 2436; baseline 0.009 -17"><span class='ocrx_word' id='word_1_818' title='bbox 1008 2390 1116 2430; x_wconf 81' lang='grc' dir='ltr'>καρδίας</span> <span class='ocrx_word' id='word_1_819' title='bbox 1128 2402 1185 2428; x_wconf 84' lang='grc' dir='ltr'>σου,</span> <span class='ocrx_word' id='word_1_820' title='bbox 1197 2390 1242 2420; x_wconf 80' lang='grc' dir='ltr'>ἵνα</span> <span class='ocrx_word' id='word_1_821' title='bbox 1250 2392 1389 2431; x_wconf 84' lang='grc' dir='ltr'>τηρήσωσί</span> <span class='ocrx_word' id='word_1_822' title='bbox 1400 2404 1429 2423; x_wconf 75' lang='grc' dir='ltr'>σε</span> <span class='ocrx_word' id='word_1_823' title='bbox 1445 2393 1498 2423; x_wconf 83' lang='grc' dir='ltr'>ἀπὸ</span> <span class='ocrx_word' id='word_1_824' title='bbox 1508 2394 1630 2433; x_wconf 80' lang='grc' dir='ltr'>γυναικὸς</span> <span class='ocrx_word' id='word_1_825' title='bbox 1640 2396 1780 2436; x_wconf 72' lang='grc' dir='ltr'>ἀλλοτρίας</span> 
     </span>
     <span class='ocr_line' id='line_1_120' title="bbox 1008 2441 1777 2485; baseline 0.008 -15"><span class='ocrx_word' id='word_1_826' title='bbox 1008 2441 1052 2470; x_wconf 84' lang='grc' dir='ltr'>καὶ</span> <span class='ocrx_word' id='word_1_827' title='bbox 1075 2443 1184 2481; x_wconf 77' lang='grc' dir='ltr'>πορνῆς.</span> <span class='ocrx_word' id='word_1_828' title='bbox 1209 2443 1278 2482; x_wconf 84' lang='grc' dir='ltr'>Περὶ</span> <span class='ocrx_word' id='word_1_829' title='bbox 1301 2446 1346 2472; x_wconf 83' lang='grc' dir='ltr'>τοῦ</span> <span class='ocrx_word' id='word_1_830' title='bbox 1371 2444 1484 2484; x_wconf 76' lang='grc' dir='ltr'>κηρῦξαί</span> <span class='ocrx_word' id='word_1_831' title='bbox 1502 2455 1532 2474; x_wconf 88' lang='grc' dir='ltr'>σε</span> <span class='ocrx_word' id='word_1_832' title='bbox 1553 2445 1659 2485; x_wconf 86' lang='grc' dir='ltr'>σοφίαν,</span> <span class='ocrx_word' id='word_1_833' title='bbox 1679 2446 1720 2476; x_wconf 77' lang='grc' dir='ltr'>ὅτι</span> <span class='ocrx_word' id='word_1_834' title='bbox 1734 2449 1777 2476; x_wconf 79' lang='grc' dir='ltr'>ἐπ’</span> 
     </span>
    </p>
   </div>
   <div class='ocr_carea' id='block_1_35' title="bbox 1014 2538 1774 2623">
    <p class='ocr_par' dir='ltr' id='par_1_35' title="bbox 1014 2538 1774 2623">
     <span class='ocr_line' id='line_1_121' title="bbox 1049 2538 1774 2584; baseline 0.011 -16"><span class='ocrx_word' id='word_1_835' title='bbox 1049 2544 1060 2562; x_wconf 80' lang='lat'>1·</span> <span class='ocrx_word' id='word_1_836' title='bbox 1080 2543 1087 2576; x_wconf 83' lang='lat'>[</span> <span class='ocrx_word' id='word_1_837' title='bbox 1102 2543 1185 2569; x_wconf 80' lang='lat' dir='ltr'><strong>Scrih.</strong></span> <span class='ocrx_word' id='word_1_838' title='bbox 1197 2550 1313 2575; x_wconf 67' lang='grc' dir='ltr'>ἀποθὴςει.</span> <span class='ocrx_word' id='word_1_839' title='bbox 1328 2546 1392 2571; x_wconf 87' lang='lat' dir='ltr'><strong>Bibl.</strong></span> <span class='ocrx_word' id='word_1_840' title='bbox 1408 2549 1512 2577; x_wconf 72' lang='grc' dir='ltr'>άποδήσει</span> <span class='ocrx_word' id='word_1_841' title='bbox 1524 2554 1549 2572; x_wconf 79' lang='lat' dir='ltr'>et</span> <span class='ocrx_word' id='word_1_842' title='bbox 1561 2538 1671 2576; x_wconf 54' lang='grc' dir='ltr'>ὰποιῑέσει.</span> <span class='ocrx_word' id='word_1_843' title='bbox 1694 2550 1774 2584; x_wconf 75' lang='lat' dir='ltr'><strong>Supra</strong></span> 
     </span>
     <span class='ocr_line' id='line_1_122' title="bbox 1014 2584 1660 2623; baseline 0.008 -16"><span class='ocrx_word' id='word_1_844' title='bbox 1014 2590 1097 2607; x_wconf 71' lang='lat' dir='ltr'><strong>xer-sus</strong></span> <span class='ocrx_word' id='word_1_845' title='bbox 1110 2584 1140 2608; x_wconf 88' lang='grc'>28</span> <span class='ocrx_word' id='word_1_846' title='bbox 1154 2585 1242 2617; x_wconf 79' lang='lat' dir='ltr'><strong>capitis</strong></span> <span class='ocrx_word' id='word_1_847' title='bbox 1254 2586 1317 2610; x_wconf 78' lang='lat' dir='ltr'><strong>sexti</strong></span> <span class='ocrx_word' id='word_1_848' title='bbox 1330 2585 1402 2611; x_wconf 82' lang='lat' dir='ltr'><strong>aliter</strong></span> <span class='ocrx_word' id='word_1_849' title='bbox 1414 2584 1502 2619; x_wconf 80' lang='lat' dir='ltr'><strong>legitur</strong></span> <span class='ocrx_word' id='word_1_850' title='bbox 1513 2587 1539 2612; x_wconf 88' lang='lat' dir='ltr'>in</span> <span class='ocrx_word' id='word_1_851' title='bbox 1552 2586 1660 2623; x_wconf 56' lang='lat' dir='ltr'><strong>maliis]</strong></span> 
     </span>
    </p>
   </div>
  </div>
 </body>
</html>
