1904 2840
0 1116 42 1131 ire.
54 1114 90 1131 10.

2 1144 38 1162 ,et
48 1140 104 1162 luc.

0 1185 7 1194 .
15 1177 55 1194 22.

626 203 661 226 IN

687 202 892 226 MATTHAEUM·

1581 183 1650 238 867

921 202 1045 225 noun..
1073 202 1172 226 XXX!-

111 270 185 307 dent,
196 276 223 299 et
234 267 376 298 carnaliter
389 265 566 296 delectantur.
581 264 678 294 Sciunt
689 264 762 293 enim
775 270 853 292 natu·
872 266 892 289 Α
908 269 1020 292 catores
1041 270 1070 292 et
1084 265 1270 293 abundantes
1292 265 1325 292 in
1340 264 1446 294 soeculo
1464 251 1651 294 obtinuerunt

111 309 215 346 taliter,
227 308 291 347 qnia
309 307 412 336 bonum
427 311 467 335 est
479 314 602 344 regnum,
614 304 658 334 vel
672 303 775 332 lumen.
790 302 855 332 Ideo

108 359 174 379 eum
187 347 321 377 audierint
331 347 421 376 lumen
434 351 598 379 sanctorum,
615 343 692 383 quasi
705 342 740 372 de
753 342 856 371 lumine

112 387 240 428 gandent.
252 386 348 417 Sciunt
358 385 439 415 etiam
453 384 620 420 naturaliter,
631 383 695 422 qnia
703 383 806 412 bonum
816 388 858 411 est

112 438 227 467 regnum
238 426 351 460 caeleste,
368 424 445 464 quasi
462 423 497 453 de
513 423 606 454 audito
619 433 699 462 regno
713 422 854 451 laetantnr:

113 474 140 497 et
153 477 205 496 non
214 466 273 496 ideo
283 464 472 503 credunt,quia
483 463 521 492 sic
527 470 567 492 est
574 462 710 502 quomodo
721 462 854 497 laetantur,

113 507 202 536 anima
215 513 303 535 autem
320 515 414 534 eorum
435 513 488 533 non
502 502 598 532 credit.
614 501 670 532 Sed
682 501 761 537 dicis,
777 502 857 537 Quo-

113 546 196 576 modo
214 545 330 585 gaudere
343 550 475 584 poterant,
490 543 542 572 nisi
555 541 715 572 crederent?
726 542 784 571 Hoc
797 540 856 580 ipso

115 586 188 615 enim
209 584 283 624 quod
306 583 432 624 gaudent,
447 582 572 616 credunt;
586 582 647 611 ideo
659 580 782 612 credunt.
796 581 856 610 Non

113 633 154 656 est
166 625 202 654 ita
215 637 223 654 ι
236 624 323 654 omnis
338 623 422 659 enim,
440 622 488 661 qui
501 621 597 657 credit,
613 631 707 652 verum
720 626 770 655 est,
781 618 856 658 qnod

113 658 232 704 {auden
247 674 301 693 non
323 670 412 692 tamen
433 662 532 698 omnis,
554 661 603 701 qui
625 660 733 700 gaudet,
758 658 855 703 credit.

114 706 185 735 Nam
198 703 272 743 quod
289 702 386 742 gaudet
398 702 426 731 in
449 702 537 737 nobis,
552 711 644 731 sensus
657 707 697 730 est
709 698 856 729 ratiouah1-

115 745 150 774 lis
164 756 172 773 ε
187 743 261 783 quod
272 749 362 772 autem
379 741 475 778 credit,
490 741 602 781 spiritus
621 740 728 776 animae,
742 738 790 778 qui
804 748 857 767 non

115 784 144 813 in
182 782 274 819 audio,
289 782 336 811 sed
355 781 384 810 in
406 781 588 810 sollicitudine
610 786 637 809 et
654 778 858 819 compunctione

115 834 148 852 co
182 822 205 852 is
218 821 396 862 cognoscitur.
409 820 544 858 Quoniam
556 830 609 849 non
622 819 720 854 omnis,
733 818 782 857 qui
795 828 858 857 gau-

115 862 171 898 det,
185 869 212 891 et
225 860 320 898 credit,
342 867 390 890 tuo
409 866 435 889 te
447 859 550 890 docebo
561 859 697 899 exemplo.
712 858 782 887 Ecce
795 868 857 886 cum
875 865 891 888 Β

115 902 164 932 tibi
175 911 322 941 exposuero
331 900 366 929 de
374 899 461 939 gloria
471 906 636 934 sanctorum,
647 898 681 927 de
688 897 858 938 jucunditate

115 941 244 981 paradisi,
259 939 359 980 gaudes
376 946 404 969 et
423 939 553 974 exsultas,
567 939 591 968 si
605 946 692 968 tamen
710 947 761 966 non
775 937 857 966 habes

115 982 196 1010 etiam
205 980 339 1010 carnalem
350 978 514 1008 intellectum
522 979 579 1018 jam
586 985 694 1018 captum
705 984 731 1006 et
745 976 857 1005 indura-

115 1027 174 1050 tum
194 1020 222 1050 in
242 1019 332 1054 malis,
346 1025 372 1048 et
390 1018 467 1057 quasi
485 1025 555 1047 terra
575 1028 651 1046 secus
671 1016 754 1046 viam.
769 1015 859 1046 Sedsi

115 1059 211 1090 dixero
225 1059 276 1088 tibi
290 1070 297 1088 :
312 1058 385 1089 Vide
405 1058 494 1096 qualis
515 1064 555 1087 est
574 1056 730 1097 jucnnditas
753 1062 855 1085 sancto-

115 1110 177 1129 rnm
191 1111 199 1128 ε
214 1109 277 1138 ergo
296 1097 383 1128 vende
404 1097 494 1126 omnia
519 1104 565 1126 tua
590 1106 650 1135 qnae
672 1095 763 1131 habes,
777 1102 803 1124 et
823 1094 858 1124 da

116 1139 291 1179 pauperibus,
307 1144 333 1167 et
354 1138 410 1166 haee
433 1136 522 1166 omnia
542 1135 701 1176 possidebis.
716 1135 786 1164 Ecce
806 1144 858 1163 non

114 1178 192 1214 sacis,
209 1179 257 1212 sed
278 1177 363 1207 tristis
384 1175 497 1211 recedis,
518 1175 586 1205 sicut
608 1175 762 1204 adolescens
782 1174 830 1203 ille
843 1184 858 1203 a

115 1218 222 1248 Christo
238 1229 245 1246 :
259 1227 313 1246 non
331 1227 395 1255 ergo
412 1214 550 1244 credidisti
568 1215 683 1244 firmiter
704 1214 738 1243 de
758 1214 858 1252 quibus

116 1256 262 1296 gaudebas.
280 1257 349 1286 Ecce
371 1255 461 1285 cuncti
478 1254 599 1284 homines
622 1260 720 1293 quanta
740 1252 858 1293 pondera

115 1297 175 1326 auri
186 1295 298 1331 dant,nt
308 1299 461 1334 comparent
470 1293 639 1334 dignitatern,
647 1300 744 1323 etcum
759 1292 859 1332 gaudio

115 1346 212 1375 magno
226 1335 302 1369 dant,
316 1341 342 1364 et
358 1334 415 1364 sine
426 1333 594 1363 dubitatione
613 1333 689 1369 dant,
704 1340 734 1362 ut
748 1342 858 1372 compa-

116 1382 184 1410 rent,
199 1382 225 1404 ct
243 1374 359 1404 multum
372 1373 426 1403 tibi
439 1380 572 1412 quaestum
593 1379 699 1413 putant,
715 1373 738 1401 si
752 1372 860 1401 invene-

116 1414 171 1444 rint
180 1414 225 1443 cni
236 1413 312 1451 dant,
323 1420 349 1443 et
361 1420 456 1453 putant
468 1423 496 1442 se
506 1412 563 1453 jam
578 1412 711 1442 invenisse
722 1411 766 1444 cni
777 1410 859 1440 dede-

907 304 963 331 sibi
975 303 1094 331 divitias
1108 314 1116 330 τ
1132 308 1161 332 et
1174 304 1237 332 dixi
1249 314 1255 332 :
1271 305 1350 344 Ergo
1365 306 1428 333 sine
1441 313 1530 333 causa
1539 305 1650 344 justifi-

907 343 974 371 cavi
986 352 1037 370 cor
1047 352 1152 378 meum,
1162 349 1191 371 et
1206 343 1266 372 lavi
1277 345 1354 372 inter
1364 345 1530 373 innocentes
1544 353 1650 373 manus

907 392 997 418 meas,
1009 382 1136 420 quoniam
1143 393 1205 411 cum
1216 382 1325 411 meliora
1338 383 1472 423 suscipere
1480 382 1575 420 debui,
1587 390 1652 413 tunc

906 421 1077 460 contigerunt
1089 421 1194 461 pejora.
1210 421 1262 451 Ille
1275 428 1301 451 et
1314 422 1361 451 ille
1374 422 1402 451 in
1416 423 1541 452 omnibus
1554 423 1652 461 iniqui·

908 460 1011 490 tatibus
1033 461 1164 498 volvitur,
1179 468 1204 490 et
1217 461 1295 491 floret
1317 461 1344 490 in
1362 461 1438 498 filiis,
1451 469 1477 491 et
1492 462 1611 492 abundat
1623 463 1652 492 in

907 501 999 538 rebus,
1015 507 1041 530 et
1053 500 1156 530 laetatur
1171 501 1198 529 in
1212 501 1334 530 sanitate.
1351 501 1386 530 Et
1397 502 1484 539 qualis
1498 510 1537 531 est
1547 503 1652 542 justitia

908 540 980 570 Dei?
1002 541 1038 570 Et
1060 551 1113 569 non
1136 540 1304 578 consideras,
1326 540 1400 579 quod
1421 541 1468 580 qui
1489 542 1524 571 ad
1547 543 1651 572 bellum

908 580 1110 615 transmittitur,
1124 579 1287 618 ad'gloriam
1306 587 1416 620 paratur
1429 592 1435 608 :
1448 588 1473 610 et
1486 582 1529 610 cui
1543 582 1652 612 tentatio

908 619 1067 659 imponitur,
1089 621 1217 650 correctio
1233 619 1382 649 ostenditur
1394 620 1430 648 ei.
1445 621 1475 650 Si
1492 621 1592 651 videris
1606 630 1652 652 aut

908 659 1096 689 mortalitatem
1121 659 1273 698 frequenter
1293 658 1352 688 fieri
1377 670 1457 699 super
1478 667 1586 696 terram,
1607 669 1653 692 aut

907 698 1016 734 famem,
1036 705 1083 728 aut
1101 698 1234 738 gladium,
1250 699 1338 728 statim
1354 699 1552 736 scandalizaris,
1571 708 1597 729 et
1610 701 1653 730 di-

908 738 947 767 cis
961 749 968 766 :
984 740 1074 768 Patres
1096 738 1179 768 nostri
1202 737 1275 767 idola
1293 739 1443 774 coluerunt,
1459 746 1485 768 et
1506 750 1613 780 semper
1625 741 1652 769 in

906 777 986 807 bonis
995 778 1113 814 fuerunt,
1128 785 1153 807 ct
1166 788 1214 807 nos
1228 789 1262 808 ex
1284 789 1338 817 quo
1353 779 1491 808 Christum
1503 780 1589 810 colere
1602 791 1654 810 coe—

908 817 1017 857 pimus,
1038 828 1187 856 numquam
1207 828 1255 847 nos
1275 818 1346 848 bona
1369 825 1528 857 sequuntur.
1545 820 1579 850 Et
1600 830 1653 850 non

908 857 1072 893 consideras,
1087 857 1151 896 quia
1165 857 1276 887 illorum
1294 859 1456 898 prosperitas
1472 868 1525 888 non
1540 860 1591 889 fuit
1609 871 1653 889 re-

909 898 1058 926 muneratio
1072 897 1134 932 Dei,
1149 896 1196 926 sed
1210 898 1374 927 contemtio?
1380 900 1415 927 At
1428 904 1516 927 nostra
1530 899 1654 929 adversi-

908 942 948 965 tas
962 947 1014 966 non
1030 944 1071 966 est
1088 936 1127 965 ira
1149 937 1209 971 Dei,
1222 937 1268 966 sed
1282 937 1439 967 admonitio.
1460 939 1501 967 De
1514 938 1570 968 illis
1583 939 1654 968 enim

908 975 1012 1005 dictum
1035 983 1074 1005 est
1097 988 1103 1004 ε
1131 977 1184 1005 Vir
1206 978 1344 1016 insipiens
1370 987 1426 1005 non
1448 981 1604 1018 cognoscit,
1627 985 1655 1008 et
1666 981 1685 1003 P

1686 982 1806 1012 sal91.7.

909 1016 1016 1044 stultus
1033 1027 1092 1045 non
1107 1017 1258 1055 intelligit,
1272 1027 1337 1046 cum
1351 1023 1511 1046 exurentur
1522 1025 1655 1057 peccato·
1665 1011 1688 1035 8·

910 1065 955 1084 res
965 1055 1172 1095 sicutsoenum.
1187 1056 1223 1085 Et
1235 1056 1303 1095 quid
1315 1055 1443 1085 addidit?
1458 1057 1498 1086 Ut
1510 1059 1656 1087 intereant

909 1095 941 1122 in
954 1096 1093 1124 soeculum
1115 1096 1226 1125 saeculi.
1243 1097 1283 1125 De
1301 1097 1356 1124 suis
1370 1103 1459 1125 autem
1479 1097 1547 1136 quid
1567 1098 1654 1127 dicit?

910 1134 1042 1163 Visitabo
1052 1136 1084 1163 in
1097 1137 1184 1175 virga
1198 1137 1367 1175 iniquitates
1378 1145 1487 1172 eorum,
1498 1138 1656 1166 misericor·-
1668 1141 1737 1164 Psal.
1748 1140 1787 1164 88.

909 1175 990 1202 diam
1002 1184 1075 1203 ver-o
1089 1185 1183 1204 meam
1206 1185 1264 1204 non
1282 1175 1444 1214 dispergam
1460 1178 1496 1205 ab
1509 1177 1559 1206 eis.
1571 1178 1600 1207 Si
1615 1177 1657 1207 vi-
1667 1173 1706 1197 ³³·
1719 1174 1759 1202 34.

910 1212 983 1242 deris
1006 1214 1125 1253 aliquem
1147 1215 1296 1243 tumultum
1321 1215 1446 1244 Ecclesiae
1469 1223 1541 1252 tuae,
1567 1217 1657 1246 statim

910 1253 1104 1282 scandalizatus
1126 1253 1195 1283 dicis
1211 1266 1217 1282 ε
1237 1255 1278 1284 Ne
1298 1254 1366 1283 sorte
1387 1264 1440 1284 non
1459 1255 1494 1284 sit
1514 1255 1571 1285 haec
1593 1267 1658 1286 vera

911 1293 1032 1322 Ecclesia
1045 1293 1119 1333 apud
1138 1293 1287 1330 haereticos,
1299 1293 1348 1323 sed
1361 1293 1418 1323 illic
1436 1294 1471 1324 sit
1484 1295 1594 1333 veritas,
1610 1296 1657 1325 ubi

910 1332 990 1361 floret
1003 1339 1128 1372 potestas.
1139 1334 1174 1362 Et
1184 1343 1238 1362 non
1252 1333 1393 1373 intelligis,
1407 1334 1482 1372 quod
1496 1345 1512 1363 a
1525 1337 1582 1365 Deo
1595 1335 1660 1365 dili-

910 1371 993 1411 gitur,
1010 1373 1061 1401 hoc
1074 1383 1090 1401 a
1102 1372 1212 1401 diabolo
1231 1380 1401 1412 expugnatur
1417 1385 1424 1402 ε
1440 1374 1512 1413 quod
1532 1382 1621 1405 autem
1643 1387 1657 1405 a

910 1412 968 1440 Deo
986 1413 1177 1447 contemnitur,
1193 1413 1245 1441 hoc
1257 1423 1273 1441 a
1288 1411 1397 1442 diabolo
1419 1414 1494 1452 quasi
1515 1416 1657 1455 proprium

115 1460 190 1483 runt.
202 1454 238 1483 Et
250 1453 367 1493 amplius
379 1452 452 1488 dico,
469 1463 492 1482 si
505 1463 580 1482 suam
595 1452 734 1491 pecuniam
747 1462 800 1480 non
814 1451 859 1480 ha-
875 1459 894 1483 c
912 1451 938 1480 in
951 1462 1015 1490 pace
1027 1452 1188 1481 custoditur.
1204 1453 1221 1482 J
1224 1451 1298 1480 udaea
1312 1452 1442 1490 quamdin
1456 1454 1508 1483 fuit
1522 1456 1571 1484 Dei
1586 1456 1658 1485 here-

115 1493 235 1528 baetim,
247 1492 357 1522 aliunde
375 1499 500 1521 mutuum
518 1492 629 1528 tollunt,
643 1499 746 1521 etcum
760 1490 859 1530 gaudio

42 1542 108 1560 cxxx
116 1532 190 1562 dant.
207 1532 320 1569 Quare?
334 1531 405 1569 Quia
418 1531 530 1560 credunt
551 1531 659 1560 omnino
673 1530 818 1570 dupliciter
831 1540 860 1559 se

2 2601 35 2624 al.
55 2607 93 2629 72.

2 2648 7 2654 .
24 2632 59 2654 13.

117 1573 273 1601 inventuros
287 1581 344 1600 esse
357 1570 430 1609 quod
441 1570 584 1599 dederunt.
599 1570 633 1599 Et
647 1570 670 1599 si
688 1580 753 1599 vere
772 1568 860 1598 credis

116 1612 207 1640 futura
226 1620 286 1649 quae
302 1609 392 1646 audis,
407 1619 491 1647 quare
511 1619 564 1638 non
583 1608 667 1638 dabas
688 1608 817 1648 simplum
831 1608 859 1636 in

118 1657 198 1686 terra,
215 1657 245 1679 ut
256 1649 412 1689 centuplum
426 1649 559 1678 invenires
578 1648 605 1677 in
627 1648 712 1677 caelo?
724 1646 859 1686 quomodo

117 1700 170 1719 non
182 1689 267 1719 dabas
277 1688 445 1727 temporalia,
461 1695 491 1717 ut
505 1688 638 1717 invenires
650 1694 746 1716 aeterna
754 1687 768 1715 ?
777 1687 805 1716 Si
819 1686 861 1715 di-

117 1740 183 1759 xero
197 1729 258 1764 tibi,
273 1728 382 1757 Abstine
402 1734 428 1756 te
439 1738 454 1756 a
465 1727 580 1763 deliciis,
594 1734 621 1756 et
634 1727 724 1766 'ejnna
737 1739 743 1755 z
757 1736 811 1755 non
823 1726 861 1755 fa-

117 1769 168 1805 cis,
181 1769 244 1809 quia
258 1778 310 1797 non
323 1766 420 1797 eredis.
434 1767 463 1797 Si
475 1766 603 1802 taedianti,
618 1766 626 1794 i
658 1773 707 1803 est,
720 1766 859 1804 aegrotanti

116 1809 166 1838 tihi
176 1808 297 1837 medicus
304 1806 415 1842 dixerit,
429 1806 538 1836 Abstine
548 1813 574 1835 te
587 1806 623 1835 ab
635 1806 698 1842 boc,
711 1804 856 1835 subaudis:

117 1848 180 1887 quia
201 1846 289 1877 credis
308 1854 333 1876 te
357 1845 519 1882 sanandum,
540 1846 562 1875 si
582 1845 750 1875 servaveris:
766 1851 792 1874 et
807 1845 859 1874 fre-

116 1894 228 1926 quenter
238 1885 310 1915 illud
322 1885 439 1925 amplius
452 1896 536 1921 amas,
556 1884 630 1924 quod
642 1895 773 1920 amarum,
784 1894 859 1913 man-

116 1927 270 1965 dueansque
282 1926 375 1961 uteris,
390 1932 416 1954 et
427 1925 513 1955 vincis
531 1924 697 1954 desiderium
710 1924 810 1953 ventris
823 1924 859 1953 ob

116 1965 280 1996 desiderium
298 1964 417 1994 sanitatis
429 1976 438 2002 ;
454 1964 539 1994 multo
553 1975 594 1994 ma
616 1964 637 1993 is
648 1963 771 2003 je'unare
784 1970 859 2004 potc-

116 2006 169 2043 ris,
181 2006 203 2035 si
217 2004 363 2035 credideris
371 2004 567 2045 jucunditatem
582 1974 657 2033 iliam
671 1974 801 2033 intutam.
814 2003 858 2032 Tu

115 2056 190 2085 ergo,
206 2045 254 2084 qni
269 2051 377 2084 propter
394 2045 483 2073 Deum
496 2043 748 2082 quomodocumque
767 2043 859 2073 vivere
875 2053 894 2076 ι)

115 2091 255 2114 oententns
269 2094 320 2113 non
334 2094 373 2119 es,
386 2083 411 2112 si
426 2083 544 2113 evenerit
558 2094 610 2120 res,
625 2082 659 2112 de
672 2093 725 2122 qua
736 2081 857 2122 jucunde

115 2124 209 2154 vivere
226 2134 278 2153 non
292 2123 392 2163 po'teris
407 2135 414 2152 ε
435 2122 570 2161 quomodo
584 2129 693 2162 propter
707 2123 793 2151 Deum
807 2132 857 2161 po-

115 2163 180 2192 teris
189 2163 339 2202 corporales
347 2162 478 2192 sustinere
486 2162 593 2191 dolores
602 2162 616 2191 Ρ
627 2162 674 2201 qui
688 2172 736 2191 nee
747 2162 859 2190 eleemo-

116 2212 195 2242 synas
213 2202 248 2231 de
271 2202 350 2230 rebus
362 2202 417 2230 tuis
434 2201 499 2230 dare
520 2208 658 2231 contentus
671 2212 710 2237 es,
723 2200 858 2239 quomodo

116 2241 285 2270 amissionem
298 2240 451 2269 substantiae
464 2247 517 2269 tuae
538 2247 647 2281 propter
660 2240 742 2269 fidem
760 2240 858 2279 poteris

115 2280 267 2310 sustinere?
282 2279 346 2308 Ideo
364 2279 433 2308 lacta
454 2279 626 2309 tribulatione
645 2286 692 2308 aut
712 2289 859 2318 persequu-

116 2320 188 2349 tione
233 2325 322 2359 ropter
345 2317 459 2348 verbum
484 2319 542 2354 Dei,
563 2318 761 2348 scandalizaris.
787 2319 856 2347 Nam

116 2370 170 2389 non
181 2369 213 2388 so
227 2369 271 2387 nm
283 2358 310 2386 in
325 2357 538 2397 persequutionis
556 2357 732 2386 tribulatione
746 2367 857 2398 prorsus

117 2405 147 2428 tu
159 2397 353 2428 scandalizatus
364 2407 391 2426 es
405 2397 431 2425 in
444 2396 561 2431 Christo,
574 2396 620 2426 sed
634 2396 712 2425 etiam
727 2396 754 2426 in
766 2397 857 2426 tribu-

117 2437 216 2467 latione
239 2437 360 2466 omnium
383 2435 586 2466 adversitatum.
611 2436 714 2475 Utputa
724 2458 731 2472 ‚
756 2436 779 2464 si
807 2436 858 2465 tibi

117 2477 225 2506 amissio
239 2486 374 2512 carorum,
389 2482 435 2505 ant
449 2475 576 2504 damnum
591 2485 689 2508 rernm,
701 2482 748 2504 aut
760 2485 858 2516 corpo-

117 2515 182 2545 ralis
202 2516 343 2545 infirmitas
364 2515 485 2554 contigit,
505 2514 594 2543 statim
614 2513 810 2550 scandalizaris,
832 2522 858 2545 et

117 2554 197 2591 dicis,
207 2553 280 2593 quod
292 2554 421 2594 propheta
429 2554 464 2583 ad
476 2561 548 2582 tuam
556 2553 763 2583 consolationem
773 2553 856 2592 dixit,

120 2600 150 2623 ut
160 2600 186 2623 et
198 2604 247 2624 nec
256 2599 285 2623 tu
294 2593 487 2623 scandalizatus
497 2592 535 2622 sic
543 2592 630 2623 dicas:
639 2594 717 2623 Ecce
729 2595 782 2633 ipsi
791 2605 857 2634 pec-

910 1490 995 1525 ditas,
1009 1501 1056 1520 nec
1069 1490 1195 1520 diabolus
1214 1491 1333 1520 cessabat
1351 1502 1409 1521 eam
1422 1503 1579 1532 expugnare
1597 1505 1659 1524 sua-

910 1529 998 1559 dendo
1013 1530 1046 1558 ad
1062 1530 1146 1563 idola.
1160 1540 1208 1559 nec
1223 1532 1295 1559 Deus
1308 1531 1427 1560 cessabat
1436 1543 1495 1561 eam
1505 1533 1658 1572 castigando

910 1575 936 1597 et
948 1569 1099 1598 revocando
1117 1569 1151 1598 ab
1169 1569 1249 1598 idolis
1262 1570 1396 1598 custodire
1410 1583 1416 1599 ι
1432 1578 1571 1611 postquam
1591 1584 1658 1603 con-

910 1614 990 1637 temta
1004 1615 1060 1643 est,
1074 1609 1150 1647 quasi
1173 1619 1235 1648 pars
1261 1608 1364 1637 diaboli
1385 1610 1451 1639 sacta
1471 1619 1558 1641 manet
1572 1612 1599 1641 in
1613 1624 1657 1642 re-

910 1647 986 1685 quie.
996 1647 1130 1685 Quoniam
1139 1658 1202 1687 ergo
1216 1648 1295 1676 multi
1310 1658 1361 1677 non
1377 1649 1465 1679 solum
1474 1658 1584 1691 propter
1594 1663 1654 1692 per-

915 1688 1097 1725 sequutiones,
1109 1687 1155 1716 sed
1167 1687 1248 1716 etiam
1260 1694 1335 1717 extra
1350 1692 1569 1728 persequutiones
1583 1702 1658 1721 scan-

910 1725 1061 1756 dalizantur
1081 1726 1116 1756 de
1141 1727 1224 1757 verbo
1249 1740 1255 1755 z
1280 1726 1340 1756 ideo
1350 1730 1365 1744 *
1379 1739 1460 1769 supra
1491 1740 1543 1759 non
1570 1724 1657 1761 solum

910 1765 992 1802 dixit,
1016 1768 1109 1795 Facta
1129 1773 1227 1796 autem
1268 1770 1471 1806 ersequutione
1483 1782 1492 1798 .·
1505 1770 1552 1799 sed
1565 1770 1656 1808 etiam,

910 1807 948 1834 In
962 1806 1159 1835 tribulatione.
1173 1807 1203 1836 7.
1251 1807 1294 1836 lia
1310 1808 1476 1838 ceciderunt
1494 1811 1525 1838 in
1542 1812 1655 1849 spinas.

910 1845 1032 1874 Primum
1041 1845 1146 1880 dicam,
1155 1845 1291 1885 quomodo
1304 1847 1415 1883 colitur,
1427 1856 1458 1878 ut
1471 1849 1537 1878 bene
1551 1850 1654 1880 intelli-

909 1891 1004 1924 gatur,
1020 1885 1156 1923 quomodo
1179 1896 1194 1914 a
1216 1886 1312 1915 vicinis
1330 1888 1476 1917 suffocatur
1495 1889 1655 1920 seminatum

910 1925 938 1952 in
951 1931 977 1953 te
987 1925 1111 1953 verbum.
1125 1925 1209 1961 Colis,
1223 1925 1329 1955 assidue
1342 1926 1477 1957 audiendo
1488 1929 1652 1969 Scripturas,

910 1970 936 1992 et
950 1964 1107 1993 traditiones
1119 1963 1273 1994 doctorum.
1291 1967 1341 1995 Per
1356 1966 1407 1996 boc
1419 1968 1491 1997 enim
1512 1969 1654 1999 confirma-

911 2009 956 2032 tur
970 2003 997 2032 in
1012 2010 1038 2032 te
1051 2004 1165 2033 verbum
1181 2005 1241 2042 Dei,
1256 2012 1281 2035 et
1296 2007 1399 2041 crescit,
1416 2014 1443 2036 et
1454 2008 1581 2038 satisfacit
1596 2009 1654 2046 tibi,

910 2043 1018 2081 quiaita
1032 2050 1070 2072 est
1082 2054 1129 2083 per
1139 2044 1239 2080 omnia,
1251 2045 1479 2083 quemadmodum
1488 2048 1657 2078 credisfru·

1668 1737 1676 1745 ¹
1685 1737 1740 1763 [imo
1749 1739 1811 1767 infra

1669 1776 1689 1790 v.
1703 1770 1751 1795 ΖΒ]

911 2089 970 2112 ctus
983 2089 1071 2111 autem
1086 2083 1162 2112 verbi
1182 2084 1232 2113 Dei
1246 2091 1285 2114 cst
1298 2085 1400 2125 duplex
1409 2109 1416 2123 ‚
1432 2086 1458 2115 in
1472 2088 1597 2156 ‘’ffiibffl
1610 2089 1655 2118 bc-
1681 2089 1749 2110 Verbi
1763 2088 1804 2109 Dei

913 2122 999 2158 nis,et
1011 2123 1037 2151 in
1048 2123 1211 2152 confessione
1229 2123 1303 2153 fidei.
1314 2125 1367 2155 Sed
1379 2126 1483 2155 fructus
1528 2128 1556 2156 ni
1568 2139 1656 2168 operis

911 2162 1052 2200 gratiosior
1064 2169 1103 2191 est
1116 2163 1189 2202 apud
1201 2164 1289 2193 Deum
1302 2165 1329 2194 in
1362 2176 1418 2200 ace,
1431 2176 1512 2204 quam
1525 2168 1552 2196 in
1566 2178 1655 2207 perse·-
1666 2156 1687 2173 σι

910 2201 1039 2245 quntione
1051 2213 1061 2246 ι.
1072 2202 1174 2249 ἴψαο-ε,
1186 2209 1274 2232 autem
1286 2175 1458 2234 conkEssionis
1468 2205 1495 2234 in
1507 2217 1655 2246 persequu-

910 2246 1135 2285 tione-gratiosior
1144 2249 1195 2279 est,
1206 2253 1288 2311 guam
1303 2244 1330 2273 in
1345 2255 1408 2284 pace
1424 2257 1430 2273 ε
1448 2245 1510 2283 quia
1524 2246 1551 2274 in
1566 2256 1654 2285 perse-

911 2286 1039 2318 quutione
1062 2291 1139 2311 nemo
1161 2288 1187 2311 te
1228 2282 1326 2319 iscutit,
1349 2284 1483 2322 quomodo
1505 2285 1586 2318 vivis,
1607 2284 1654 2313 sed

910 2318 1045 2357 quomodo
1057 2320 1156 2350 credis.
1172 2321 1241 2351 Item
1256 2322 1283 2351 in
1306 2333 1370 2362 pace
1383 2333 1435 2351 non
1446 2330 1485 2352 est
1498 2324 1575 2352 labor
1586 2324 1657 2352 bene

910 2358 1028 2396 credere,
1044 2359 1091 2389 sed
1113 2361 1180 2390 bene
1204 2361 1314 2390 vivere:
1332 2362 1395 2400 quia
1413 2372 1466 2401 pax
1481 2362 1537 2401 ipsa
1559 2372 1658 2391 corru-

910 2398 982 2437 ptrix
995 2405 1033 2428 est
1042 2399 1158 2439 pietatis.
1172 2400 1244 2431 Vide
1252 2400 1318 2439 jam,
1331 2401 1403 2438 quod
1415 2400 1567 2429 sollicitudo
1581 2401 1653 2430 divi-

909 2437 1006 2467 tiarum
1022 2438 1187 2477 frequentare
1201 2446 1227 2468 te
1239 2439 1375 2468 ecclesiam
1399 2449 1451 2468 non
1470 2440 1609 2478 permittit,
1623 2447 1654 2469 ut

909 2476 1003 2507 audias
1030 2478 1183 2518 Scripturas
1209 2485 1235 2507 et
1260 2478 1413 2506 traditiones
1439 2477 1578 2508 doctorum
1589 2501 1597 2516 ,
1624 2486 1654 2508 nt

910 2517 1045 2546 nutriatur
1066 2518 1179 2548 verbum
1204 2516 1277 2555 quod
1303 2517 1435 2556 accepisti.
1452 2518 1509 2546 Etsi
1533 2518 1608 2548 venis
1626 2519 1654 2548 in

909 2566 1032 2596 corpore,
1049 2567 1101 2585 non
1116 2557 1189 2585 venis
1207 2556 1232 2583 in
1249 2562 1345 2584 mente.
1359 2556 1418 2585 Etsi
1429 2556 1508 2585 audis
1528 2557 1652 2595 auribus,

909 2605 961 2625 non
975 2595 1053 2625 audis
1074 2595 1102 2624 in
1120 2595 1210 2625 corde.
1227 2595 1312 2624 Totus
1331 2601 1419 2624 autem
1433 2595 1537 2626 animus
1550 2604 1612 2627 tuus
1627 2597 1652 2627 in

1635 2129 1640 2134 ·
1665 2120 1747 2148 duplex
1759 2119 1806 2140 sru-

1688 2158 1722 2172 us.
