1890 2826
68 1723 101 1735 (ΙΙ.
118 1722 136 1737 Ι.

192 209 262 245 632

193 284 249 312 lore
258 287 391 310 carentem
402 277 520 314 deducit,
535 284 562 308 et
571 277 676 308 infinita
685 278 760 310 bona,
767 277 932 319 suppeditat.

195 324 232 350 Ac
246 321 269 350 si
282 321 325 350 vis
336 327 364 349 ut
379 330 413 348 ex
424 318 517 348 multis
530 328 616 358 pauca
634 317 804 357 colligamus,
818 317 880 356 quis
890 318 934 358 je-
950 324 970 350 r.

189 361 299 400 junium
313 360 457 390 observans
477 357 650 387 saecularibus
665 367 795 397 umquam
806 357 878 388 curis
891 357 936 387 ad-

193 400 282 429 dictus
295 399 366 428 suit?
381 399 442 438 quis
455 397 545 438 ipsum
559 397 716 437 complexus
728 406 782 427 non
795 403 866 427 reete
878 396 937 428 vias

190 439 303 469 Domini
317 437 440 479 peregit?
454 437 516 476 quis
528 436 620 477 ipsum
633 435 786 469 custodiens
799 446 853 467 non
866 443 937 466 recte

188 479 390 519 *navigationem
413 484 546 506 terrenam
567 486 689 506 emensus
708 476 768 506 est?
785 476 847 522 quis
866 475 938 505 illud

187 518 282 548 -eolcns
305 518 443 558 pupillum
461 523 509 545 aut
528 515 641 547 viduam
659 515 747 546 lzesit?
765 526 828 556 quis
847 515 856 544 i
877 526 938 545 sum

192 558 290 587 docens
301 558 466 597 voluptatem
473 555 542 586 aeris
551 566 604 585 non
610 555 755 595 tranquille
764 555 861 588 subiit.
876 556 939 594 quis

194 598 283 637 ipsum
295 597 436 642 amplexus
448 606 500 626 non
510 595 662 627 visionibus
674 602 700 625 et
710 594 939 641 contemplationi-

875 243 878 244 7
916 215 1044 240 spuma.

989 277 1103 314 λέτησαν
1111 277 1174 307 κενά
1181 289 1189 314 ;
1196 276 1241 306 καὶ
1248 276 1283 306 τὰ
1293 276 1363 313 ἑξῆς.
1371 275 1631 317 Ὁρᾶτε,πιστοὶ,τῆς
1637 275 1759 312 νηστείας

988 317 1036 353 τὴν
1047 317 1140 368 χάριη
1153 316 1264 356 βλέπετε
1279 317 1359 352 αὗτῆς
1372 316 1405 346 τὰ
1418 316 1530 356 βραδεῖα
1543 316 1561 346 ἃ
1573 316 1691 356 προξενεῖ
1705 321 1760 349 τοῖς

990 359 1114 397 ἀτρεπτῳ
1127 356 1222 396 γνώμῃ
1237 356 1320 392 αὐτὴν
1333 356 1520 395 κεκτημένοις;
1533 361 1685 386 κατανοεῑτε
1699 355 1759 389 τοὺς

991 399 1210 437 περιφρονοῦντας
1228 397 1310 431 αὐτῆς
1328 395 1376 432 τὴν
1403 395 1567 435 νομοθεσίαν,
1589 392 1632 426 οἶα
1656 395 1760 435 σκληρὰ

988 437 1034 466 καὶ
1053 440 1164 487 Ιτροιχεῖοι
1186 434 1330 472 δείκνυταις
1349 435 1485 475 Ῥομφαία
1498 435 1555 465 ἐστὶ
1580 434 1710 486 λυομένη,
1732 437 1759 464 ἐν

989 476 1377 554 {exufflasset
1385 474 1762 554 {autumemus}

991 555 1072 591 αὐτὴν
1085 554 1291 595 εἷσδεχομένους·
1304 555 1385 584 πάλιν
1399 554 1427 584 δὲ
1440 557 1510 584 νῶτα
1519 554 1610 584 δίδωσι
1621 556 1760 594 προσηνῶς

990 600 1056 624 πᾶσι
1070 599 1125 628 τοῖς
1144 594 1212 634 μετὰ
1227 596 1343 634 καθαροῦ
1358 594 1504 628 συνειδότος
1519 593 1600 630 αὐτὴν
1617 595 1758 633 προσλαμ-

194 637 245 666 bus
258 636 368 666 Domini
385 636 511 676 dignatus
528 633 589 665 est?
600 634 662 675 quis
678 635 738 680 ejus
757 634 832 664 dulci
845 634 935 664 fructu
942 652 980 674 su
990 634 1114 669 ὅάνουσι,
1123 637 1134 650 ⁰
1144 634 1189 664 καὶ
1201 633 1266 674 πρὸς
1279 634 1393 670 ἄληκτον
1406 634 1473 674 βίον,
1482 633 1528 663 καὶ
1538 632 1624 674 χαρὰν
1635 633 1762 674 ἄμοχθον,

195 676 313 716 gaudens
323 675 368 705 die
381 686 414 705 ac
427 682 504 705 noete
516 674 603 714 legem
617 674 727 704 Domini
740 674 866 704 meditari
877 685 935 704 ces·
951 681 973 704 A
989 674 1034 704 καὶ
1060 673 1161 714 τρυφὴν
1187 673 1316 703 ἀνώδυνον
1341 676 1542 714 χειραγανγοῦσα
1553 695 1562 710 ,
1587 673 1634 703 καὶ
1661 672 1762 713 μυρίων

194 715 286 746 savit?
299 715 442 747 Videtisne
453 715 512 755 ejus
528 713 657 744 fiduciam
665 713 680 743 Ρ
693 713 792 744 videtis
807 714 937 743 honorem

215 766 248 785 uo
260 754 464 785 circumdatur?
478 753 613 793 quomodo
626 764 642 783 a
654 753 749 783 mundi
760 753 873 783 exordio
882 753 937 799 piis

195 767 370 824 dominetur?
385 793 520 834 quomodo
535 803 689 824 mensuram
705 793 764 823 e‘us
777 804 792 822 a
805 798 939 823 constitu·—

195 835 266 864 tione
286 834 383 864 mundi
399 833 586 864 semverint?
602 843 685 872 quom
722 843 739 862 o
757 833 801 862 sui
816 833 937 863 cultores

195 875 292 914 gloria,
300 880 474 903 contemtores
479 883 546 908 vero
551 871 700 912 ignominia
710 871 828 902 afficiat?
839 873 937 909 Quem·

195 914 341 943 admodum
365 923 445 953 supra
461 912 567 942 dictum
580 918 634 950 est,
644 912 769 951 primum
788 911 937 949 homiuem,

195 953 269 992 quod
285 953 422 993 jejunium
442 961 496 981 non
517 958 658 987 servasset,
675 951 704 980 in
726 951 855 981 aerumnis
867 958 893 980 et
910 951 939 980 in

196 1000 314 1022 extrema
328 991 508 1029 mendicitate,
523 998 550 1021 et
563 991 658 1030 procul
674 1001 689 1020 a
703 990 827 1031 paradiso
840 990 939 1021 consti-

197 1039 285 1062 tutum
298 1032 333 1062 ob
345 1031 404 1071 ejus
414 1037 577 1062 contemtum
589 1030 673 1062 fuisse
683 1030 818 1063 novimus.

237 1516 267 1543 Ξ.
291 1511 440 1542 Audiamus
450 1510 534 1550 igitur
542 1520 557 1539 a
568 1506 653 1549 prinei
655 1509 702 1549 pio
709 1508 850 1539 historiam
861 1508 938 1538 illam

197 1564 279 1593 quam
301 1554 352 1582 Dei
381 1544 515 1590 ins'peetor
533 1551 642 1594 Moyses
663 1548 762 1578 suturis
786 1548 938 1588 generatio-

196 1593 277 1622 nibus
297 1590 447 1627 enarravit,
462 1591 516 1619 imo
528 1595 620 1635 potius
634 1587 738 1633 Moysis
754 1588 896 1626 Dominus,
908 1595 939 1618 ut

196 1633 328 1672 benignus
353 1637 428 1671 pater
437 1652 444 1666 ,
470 1629 549 1659 nobis
572 1628 713 1658 revelavit.
740 1629 776 1657 At
800 1627 936 1666 animum,

196 1683 297 1711 quaeso,
309 1671 389 1700 dictis
400 1669 525 1698 adhibete
539 1680 545 1697 :
559 1678 622 1697 nam
633 1667 727 1707 paucis
736 1667 799 1697 volo
809 1678 865 1697 rem
877 1678 939 1708 per-

196 1712 310 1743 solvere.
323 1713 362 1739 ln
373 1710 516 1749 principio
522 1708 599 1749 fecit
614 1708 694 1736 Deus
708 1706 811 1737 coelum
834 1713 862 1736 et
881 1713 937 1736 ter-

197 1763 262 1781 ram
275 1763 286 1780 .-
303 1749 382 1780 εστι-ἀ
396 1756 494 1778 autem
505 1754 569 1777 erat
580 1746 737 1776 invisibilis
749 1752 779 1777 et
790 1749 939 1786 incompo-

197 1793 269 1828 sita,
284 1797 312 1820 et
334 1790 459 1820 tenebrae
483 1797 572 1827 supra
591 1787 732 1823 abyssum
744 1798 756 1814 .-
771 1793 799 1815 ει
821 1789 938 1823 spiritus

198 1833 256 1860 Dei
267 1831 417 1869 ferebatur
437 1837 523 1866 super
585 1835 663 1855 uam.
680 1826 722 1854 Et
739 1826 816 1855 dixit
829 1826 911 1855 Deus
927 1839 935 1855 .-

197 1873 268 1900 Fiat
282 1870 348 1904 lux,-
362 1867 487 1908 etfacta
507 1872 550 1895 est
577 1876 618 1894 uz·
632 1876 643 1893 .-
658 1870 686 1893 et
700 1865 779 1894 vidit
794 1866 875 1895 Deus
890 1866 935 1895 lu·
951 1869 970 1893 C

197 1920 270 1946 cem,
289 1909 368 1949 quod
388 1913 460 1936 esset
484 1907 572 1934 bona.
589 1904 705 1938 Vidisti,
727 1904 834 1942 dilecte,
855 1916 937 1944 quam

197 1950 297 1979 claram
320 1947 399 1977 nobis
419 1945 625 1986 explicationem
646 1944 785 1983 Scriptura
798 1945 936 1984 proebeat?

196 1990 237 2018 Et
262 1989 341 2018 vidit
365 1988 458 2021 Deus,
480 1986 560 2024 quod
582 1991 655 2013 essee
679 1985 763 2012 hona.
787 1986 936 2023 Antequam

195 2028 267 2057 enim
281 2028 331 2056 lux
343 2025 446 2057 veniret
458 2025 487 2053 in
501 2023 645 2060 mundum,
659 2030 781 2052 naturam
804 2024 862 2063 ejus
883 2025 936 2054 bo·-

195 2078 258 2097 nam
267 2077 323 2096 esse
332 2071 442 2095 noverat
447 2076 456 2102 5
467 2063 514 2093 sed
524 2064 575 2093 hoc
583 2063 648 2092 dicit
658 2069 687 2092 ut
696 2069 811 2092 mentem
819 2070 936 2093 nostram

165 2106 168 2108 ’
195 2106 309 2136 concitet
321 2105 356 2134 ad
369 2103 513 2144 potentiam
526 2102 678 2133 Conditoris
691 2103 933 2148 contemplandam.

195 2146 256 2176 Nisi
268 2145 340 2174 enim
353 2145 423 2173 hona
436 2149 512 2179 esset,
528 2153 580 2172 non
600 2142 676 2172 illam
698 2142 872 2180 condidisset,
887 2154 934 2173 ne-

195 2196 248 2225 que
256 2185 377 2214 tenebras
386 2183 420 2212 ab
429 2183 476 2212 illa
487 2189 631 2222 separasset
642 2194 650 2211 ι
661 2181 713 2211 nisi
723 2182 846 2212 amabilis
855 2190 933 2221 esset,

194 2235 248 2255 non
261 2224 337 2253 illam
360 2224 449 2252 lucem
471 2228 599 2258 vocasset,
614 2232 662 2251 nec
683 2221 805 2252 tenebras
818 2229 933 2260 noctem,

195 2265 265 2294 utin
288 2263 392 2293 lumine
414 2263 472 2301 ejus
491 2272 595 2300 semper
612 2261 792 2299 ambulemus,
806 2269 832 2291 et
844 2261 934 2301 studia

194 2314 327 2344 operaque
339 2304 397 2343 ejus
410 2301 580 2331 meditemur.
593 2302 697 2331 Poterat
710 2301 783 2330 enim
792 2302 865 2331 Deus
879 2312 932 2331 uno

194 2344 289 2380 verbo,
303 2341 421 2382 simplici
441 2348 518 2376 nutu¹
533 2347 559 2370 et
578 2340 605 2369 in
622 2340 681 2370 'ictu
701 2340 785 2376 oculi,
796 2341 871 2379 quod
885 2352 933 2371 sex

194 2383 290 2412 diebus
303 2382 365 2412 fecit
386 2380 541 2420 producere.
560 2381 595 2409 At
608 2379 698 2409 locum
712 2390 764 2409 non
786 2379 862 2411 dedit
874 2388 934 2420 post

193 2422 293 2452 futuris
313 2421 479 2456 hominibus,
494 2420 595 2450 Graecis
608 2429 703 2459 nempe
715 2426 742 2449 et
758 2419 792 2448 iis
805 2419 933 2460 sapienti-

192 2462 255 2498 bus,
268 2461 315 2500 qui
330 2461 358 2490 in
378 2460 507 2500 sapientia
520 2470 568 2489 sua
584 2459 660 2488 stulti
674 2459 737 2489 sacti
751 2466 814 2488 sunt
828 2471 834 2488 :
848 2459 934 2499 legem
949 2466 969 2489 D

193 2511 310 2541 namque
334 2501 391 2540 ejus
414 2510 466 2529 non
484 2499 678 2537 observarunt,
699 2499 873 2537 quamobrem
894 2509 934 2528 sa—

224 2601 235 2612 t
251 2593 299 2617 Hic
311 2591 412 2624 paulum
424 2591 505 2616 variat
517 2588 596 2615 Savil.
610 2590 677 2623 [πρὸς
690 2592 776 2616 ἄλυπον
787 2593 844 2622 βίον,
854 2593 890 2615 καὶ
901 2601 946 2622 χα-

191 2637 234 2667 μὰν
251 2635 347 2661 ἄληκτον
365 2635 400 2657 καὶ
418 2634 527 2663 ἅμοχθον,
549 2641 569 2655 κ.
592 2640 630 2663 τρ.
649 2633 684 2655 ἀν.
698 2640 734 2661 χ.,
752 2633 838 2663 μυρίων
856 2633 945 2662 ἀγαθῶν

988 715 1093 754 ἀγαθῶν
1106 714 1236 743 ἀντίδοσιν
1255 717 1417 754 χορηγοῦσα.
1436 714 1489 743 Καὶ
1502 715 1527 742 εἷ
1542 712 1624 747 θέλεις
1635 734 1644 749 ,
1661 714 1692 742 ἐκ
1709 714 1762 742 τῶν

988 754 1095 783 πολλῶν
1119 753 1196 793 ὀλίγα
1221 753 1392 787 συλλέξαντες
1413 752 1546 792 εἴπωμεν,
1574 752 1614 786 τίς
1639 751 1762 789 νηστείαν

989 793 1169 832 κτησάμενος,
1186 794 1318 844 μεριμνῶν
1334 795 1465 832 βιωτικῶν
1481 792 1612 833 ἐσχόλασέ
1623 804 1707 829 ποτε;
1721 792 1763 826 τίς

990 833 1073 870 αὐτὴν
1094 835 1304 873 ἀγκαλισαμενος
1323 834 1372 862 οὔκ
1395 834 1478 873 ὀρθῶς
1499 832 1547 866 τὰς
1566 831 1640 866 ὁδοὺς
1661 832 1761 871 Κυρίου

991 872 1130 910 διιίιδευσε;
1150 872 1190 907 τίς
1205 872 1304 909 ταύτην
1317 871 1448 923 φυλάξας,
1464 873 1493 901 οὗ
1507 872 1599 912 πράως
1613 871 1658 902 τὸν
1679 873 1762 902 πλοῦν

991 912 1035 942 τὸν
1049 913 1137 952 γήϊνον
1151 912 1283 953 ἐπέρασε;
1300 924 1340 946 τις
1360 911 1442 948 αὐτὴν
1457 912 1595 952 ἐσχηκὼς,
1613 911 1725 952 ὀρφανὸν
1743 911 1761 947 ἢ

992 951 1080 992 χήραν
1093 952 1218 989 ἠδίκησε;
1238 951 1278 986 τίς
1297 951 1380 988 αὐτὴν
1394 952 1577 991 μαθητεύσας,
1600 951 1648 985 τὰς
1667 950 1762 988 ἡδονὰς

992 994 1038 1021 τοῦ
1050 991 1126 1032 ἀέρος
1138 993 1189 1032 οὐχ
1202 993 1302 1028 ὑπῆλθε
1316 992 1453 1031 γαληνῶς;
1467 991 1507 1025 τίς
1524 991 1624 1028 ταύτην
1638 991 1761 1021 ἀσπασά-

972 1067 976 1071 ι
993 1042 1071 1070 μενος
1084 1033 1132 1062 οὔκ
1146 1033 1280 1062 ὀπτασιῶν
1293 1031 1338 1061 καὶ
1352 1033 1467 1071 θεωριῶν
1481 1031 1580 1071 Κυρίου
1594 1030 1761 1067 κατηξιώθης

993 1070 1033 1104 τίς
1047 1074 1114 1112 αὐτῇ
1127 1070 1280 1111 γλυκανθεὶς
1297 1070 1396 1100 διέλιπε
1411 1071 1527 1110 μελετῶν
1539 1070 1641 1111 ἡμέρας
1659 1070 1707 1107 καὶ
1716 1082 1763 1100 νυ-

993 1110 1054 1144 κτὸς
1067 1112 1095 1140 ἐν
1111 1113 1150 1151 τῷ
1163 1110 1236 1151 νόμῳ
1250 1110 1366 1150 Κυρίου;
1386 1109 1486 1150 Ὁρᾶτε
1500 1111 1580 1146 αὐτῆς
1594 1108 1643 1147 τὴν
1656 1111 1761 1151 παρῤη-

994 1150 1067 1188 σίαν;
1079 1153 1158 1191 ὁρᾶτε
1175 1150 1221 1180 καὶ
1234 1150 1282 1187 τὴν
1299 1150 1380 1190 τιμὴν
1392 1149 1424 1186 ἣν
1438 1161 1472 1179 πε
1492 1149 1648 1186 :Sem-»2¹:213
1665 1151 1723 1183 πῶς
1736 1150 1763 1184 ἐξ

992 1191 1077 1230 ἀρχῆς
1093 1190 1193 1230 κόσμου
1208 1189 1329 1224 δεσπόζει
1339 1192 1393 1219 τῶν
1408 1191 1468 1219 εὖσε
1486 1191 1540 1226 &u
1553 1191 1611 1223 πῶς
1629 1189 1664 1219 τὰ
1678 1189 1763 1238 μέτρα

992 1231 1073 1266 αὐτῆς
1085 1230 1139 1260 ἀπὸ
1156 1230 1314 1265 καταδολῆς
1325 1233 1371 1259 τοῦ
1392 1229 1492 1269 κόσμου
1506 1229 1682 1270 τετήρηνταις
1705 1241 1763 1265 πως

992 1269 1093 1303 δοξάζει
1102 1269 1162 1303 τοὺς
1174 1271 1307 1308 τιμῶντας
1320 1269 1412 1306 αὐτὴν,
1426 1269 1472 1299 καὶ
1485 1269 1545 1303 τοὺς
1562 1268 1599 1308 μὴ
1613 1268 1763 1310 φυλάττω·

990 1320 1038 1342 τας
1055 1308 1199 1344 ἐξουθενεῖ;
1218 1308 1313 1342 Καθὼς
1334 1308 1457 1349 ἀνωτέρω
1475 1312 1522 1339 τοῦ
1542 1308 1621 1348 λόγου
1643 1308 1669 1338 εἴ
1702 1320 1761 1344 ται,

990 1348 1035 1377 τὸν
1048 1350 1153 1387 πρῶτον
1164 1348 1299 1387 ἄνθρωπον
1311 1347 1349 1386 μὴ
1365 1348 1515 1388 φυλάξαντα
1527 1348 1576 1384 τὴν
1587 1359 1667 1384 νηστε
1679 1359 1719 1384 αν,
1733 1349 1760 1383 ἐν

989 1387 1133 1426 ἐπιτιμίοις
1161 1387 1206 1417 καὶ
1239 1387 1340 1427 ἐσχάτῃ
1368 1387 1490 1427 πτωχείᾳ
1516 1389 1687 1424 καθεστῶτα,
1715 1387 1761 1417 καὶ

989 1426 1080 1467 πόῤῥω
1091 1430 1137 1457 τοῦ
1148 1426 1308 1467 παραδείσου
1320 1427 1444 1467 γεγονότα
1458 1426 1502 1456 διὰ
1510 1426 1559 1463 τὴν
1570 1426 1668 1462 ταύτης
1678 1438 1761 1456 κατα-

988 1466 1113 1506 φρόνησιν
1129 1467 1254 1506 ἔγνωμεν.

1030 1506 1195 1545 Άκούσωμεν
1216 1502 1260 1536 οῧν
1274 1505 1301 1540 ἐξ
1315 1508 1348 1546 ἀρ
1367 1507 1400 1542 ἧς
1411 1509 1460 1543 τῆς
1477 1506 1593 1547 ἱστορίας
1614 1506 1647 1543 ἣν
1668 1508 1683 1542 ὁ
1699 1506 1758 1536 θεό-

988 1558 1057 1582 πτ-ης
1078 1547 1197 1582 Μωϋσῆς
1223 1550 1281 1579 ταῖς
1305 1558 1355 1585 μετ
1369 1558 1448 1576 πειτα
1471 1551 1572 1586 γενεαῖς
1597 1546 1759 1586 ἐξηγήσατο,

992 1587 1092 1626 μᾶλλον
1107 1585 1134 1615 δὲ
1149 1588 1162 1615 ὁ
1176 1585 1314 1621 Δεσπότης
1327 1588 1373 1614 τοῦ
1387 1586 1538 1623 Μωϋσέως,
1561 1588 1597 1620 ὡς
1610 1586 1700 1626 πατὴρ
1714 1597 1759 1626 φι-

988 1626 1142 1665 λόστοργος,
1161 1628 1225 1665 ἡμῖν
1246 1625 1424 1665 ἀπεκάλυψεν.
1438 1626 1519 1655 Ἀλλὰ
1532 1626 1692 1666 προσέχετε,
1705 1637 1759 1655 πα-

990 1667 1097 1706 ρακαλῶ
1109 1688 1116 1700 ,
1131 1670 1186 1698 τοῖς
1196 1665 1346 1705 λεγομένοις
1354 1677 1360 1683 ·
1371 1665 1417 1694 καὶ
1429 1665 1463 1705 γὰ
1493 1665 1542 1702 τὴν
1556 1665 1679 1705 διήγησιν
1692 1664 1760 1701 ταύ-

989 1717 1037 1741 την
1061 1707 1088 1734 ἐν
1115 1703 1234 1745 ἐπιτόιιῳ
1264 1704 1395 1744 βούλομαι
1424 1678 1571 1739 διεξελθεῖν.
1606 1706 1652 1735 Ἐν
1687 1706 1759 1745 ἀρχῇ

989 1745 1110 1780 ἐποίησεν
1127 1747 1141 1774 ὁ
1154 1733 1222 1778 Θεδς
1235 1744 1279 1774 τὸν
1294 1745 1402 1784 οὐρανὸν
1421 1745 1466 1774 καὶ
1487 1745 1536 1781 τὴν
1550 1748 1600 1785 γῆν
1611 1757 1618 1764 ·
1636 1747 1653 1781 ἡ
1672 1744 1701 1774 δὲ
1722 1746 1758 1784 γῆ

989 1781 1021 1821 ἦν
1040 1785 1071 1814 ἀό
1089 1797 1149 1818 ατος
1170 1784 1215 1814 καὶ
1236 1783 1484 1819 ἀκατασκεύαστος,
1500 1785 1546 1814 καὶ
1565 1784 1657 1819 σκότος
1669 1784 1760 1814 ἐπάνω

989 1827 1036 1860 τῆς
1047 1797 1178 1861 ‘iguis-coo,
1189 1824 1236 1854 καὶ
1248 1827 1353 1862 πνεῦμα
1367 1825 1438 1854 Θεοῦ
1453 1824 1594 1865 ἐπεφέρετο
1606 1824 1696 1854 ἐπάνω
1711 1826 1758 1854 τοῦ

989 1864 1090 1898 ὕδατος.
1103 1865 1156 1894 Καὶ
1168 1859 1239 1894 εἶπεν
1253 1866 1267 1894 ὃ
1277 1862 1359 1897 Θεός·
1370 1864 1507 1903 γενηθήτω
1516 1866 1586 1905 φῶς,
1599 1864 1646 1894 καὶ
1656 1863 1759 1903 ἐγένετο

988 1905 1058 1944 φῶς·
1081 1903 1126 1933 καὶ
1144 1899 1210 1933 εἶδεν
1231 1906 1245 1933 ὁ
1265 1902 1333 1936 Θεὸς
1349 1903 1470 1951 τὸκφῶς,
1492 1903 1532 1933 ὅτι
1553 1904 1643 1934 καλόν.
1662 1898 1758 1939 Εἶδες,

988 1942 1418 2024 ῗῖἶῖἶηῇἶξιζῇἶηξῗέὴῗῑδζὶωέ
1426 1943 1688 2019 ὄῖὸῖἶσὲέτῖῗαῗΞὛ
1699 1942 1758 2012 ιῖὴέ

988 2023 1039 2063 γὰρ
1053 2026 1098 2052 τοῦ
1118 2024 1201 2053 ἐλθεῖν
1215 2023 1246 2053 τὸ
1259 2023 1313 2062 φῶς
1327 2024 1364 2055 εἷς
1376 2022 1419 2052 τὸν
1439 2024 1548 2062 κόσμον,
1563 2022 1688 2062 ἐγίνωσκε
1708 1994 1757 2058 *fxv

988 2063 1078 2092 οὐσίαν
1093 2065 1172 2092 αὐτοῦ
1190 2062 1230 2092 ὅτι
1252 2062 1331 2092 καλὸν
1346 2058 1393 2098 ἧν·
1408 2062 1477 2092 ἀλλὰ
1488 2062 1534 2096 τὰς
1548 2062 1679 2102 ἡμετέρας
1698 2062 1757 2091 δια-

989 2102 1059 2136 νοίας
1076 2103 1088 2131 ἐ
1107 2102 1183 2142 είρων
1198 2102 1263 2142 πρὸς
1276 2101 1323 2137 τὴν
1338 2104 1383 2131 τοῦ
1399 2101 1660 2141 κατασκευαζομένου
1679 2100 1757 2131 δύνα-

990 2154 1034 2180 μιν
1057 2114 1105 2171 καῖ
1125 2142 1335 2171 δυναστείαν.”Εἰ
1349 2141 1387 2180 μὴ
1410 2141 1461 2181 γὰρ
1484 2137 1517 2178 ἦν
1538 2142 1629 2178 καλὸν,
1653 2142 1702 2171 οὐκ
1725 2141 1756 2170 ἂν

988 2181 1053 2211 αὐτὸ
1063 2181 1170 2217 ἐποίησε
1182 2204 1190 2218 ,
1207 2181 1252 2211 καὶ
1269 2182 1301 2211 τὸ
1321 2181 1413 2214 σκότος
1432 2183 1478 2211 ἀπ’
1494 2183 1573 2211 αὐτοῦ
1588 2180 1756 2221 διεχώρισεν·

988 2223 1011 2251 εἰ
1024 2221 1060 2259 μὴ
1073 2221 1190 2250 ποθεινὸν
1205 2217 1247 2258 ἦν,
1262 2223 1310 2251 οὐκ
1324 2220 1354 2250 ἂν
1368 2221 1492 2250 ἐκάλεσεν
1506 2221 1570 2258 αὐτὸ
1580 2222 1651 2261 φῶς,
1666 2220 1712 2257 καὶ
1726 2221 1757 2251 τὸ

988 2261 1079 2294 σκότος
1102 2260 1201 2298 νύκτα,
1222 2260 1266 2290 ἵνα
1285 2262 1313 2290 ἐν
1334 2263 1372 2301 τῷ
1393 2261 1460 2301 φωτὶ
1480 2262 1560 2291 αἰτοῦ
1583 2261 1757 2301 πορευώμεθα

988 2300 1142 2335 διαπαντὸς,
1163 2301 1208 2330 καὶ
1222 2302 1248 2330 ἓν
1262 2305 1316 2334 τοῖς
1330 2300 1535 2340 ἐπιτηδεύμασιν
1559 2301 1639 2330 αὐτοῦ
1664 2301 1756 2330 ἀδολε-

1023 2343 1103 2380 ῶμεν.
1118 2340 1248 2370 Ἠδῦνατο
1259 2340 1311 2380 γὰρ
1324 2343 1338 2370 ὁ
1352 2341 1420 2374 Θεὸς
1433 2341 1471 2370 ἑνὶ
1481 2340 1552 2380 λόγῳ
1563 2340 1609 2369 καὶ
1621 2344 1671 2379 μιᾷ
1685 2341 1754 2379 ῥοπῇ

986 2393 1074 2410 παντα
1094 2380 1111 2409 ἃ
1131 2379 1254 2416 ἐποίησεν
1277 2382 1303 2409 ἐν
1326 2384 1384 2414 ταῖς
1404 2381 1430 2415 ἓξ
1453 2380 1566 2419 ἡμέραις
1585 2381 1621 2412 ὡς
1641 2381 1668 2408 ἐν
1690 2381 1754 2419 ῥιπῇ

986 2421 1122 2460 ὀφθαλμοῦ
1139 2422 1321 2460 παραστῆσαι.
1338 2421 1407 2450 Ἀλλ’
1428 2421 1476 2449 οὔκ
1489 2419 1569 2449 ἔδωκε
1587 2418 1677 2459 χώραν
1699 2424 1754 2452 τοῖς

989 2459 1131 2498 μετέπειτα
1144 2459 1289 2499 γινομένοις
1298 2472 1304 2478 ·
1319 2459 1434 2493 Ἕλλησι
1444 2458 1513 2498 λέγω
1526 2458 1571 2488 καὶ
1582 2462 1636 2491 τοῖς
1649 2462 1737 2498 σοφοῖς
1745 2481 1752 2495 ,

988 2499 1013 2528 οἳ
1026 2499 1216 2539 ἐμωράνθησαν
1229 2501 1256 2529 ἐν
1270 2502 1302 2540 τῇ
1324 2499 1401 2539 σοφίᾳ
1416 2500 1500 2528 αὐτῶν
1511 2511 1518 2517 ·
1541 2498 1585 2528 τὸν
1605 2498 1656 2538 γὰρ
1674 2498 1753 2537 νόμον

996 2594 1171 2624 ἀντιχορηγσῦσα
1176 2591 1194 2622 .]
