1904 2840
78 607 126 624 XLV

0 1080 124 1104 'me.62.2.

633 224 668 247 IN
693 222 887 248 MATTRAEUM
894 240 901 247 .

930 224 1047 248 HOMIL.
1077 225 1111 249 V.
1603 228 1668 264 777

138 286 196 316 lum
205 286 278 315 intus
286 285 313 314 in
325 294 405 314 carne
414 290 465 321 est,
478 284 540 324 quia
552 284 698 314 secundum
711 285 877 321 voluntatem
892 289 912 312 Α
927 293 982 315 tur.
998 287 1074 316 Scire
1080 293 1170 316 autem
1180 286 1318 324 debemus,
1329 287 1403 327 quod
1415 287 1467 317 filii
1476 287 1527 317 Dei
1540 297 1592 317 non
1605 299 1670 328 pos-

138 324 224 355 caruis
234 331 275 354 est
289 335 297 352 z
312 331 339 353 et
352 323 424 353 intus
432 324 460 353 in
474 323 576 353 mundo
588 332 639 360 est,
653 325 717 364 quia
729 324 877 354 secundum

138 364 303 394 voluntatem
315 362 408 392 mundi
422 370 472 392 at.
487 364 575 393 Omne
592 371 680 394 autem
692 364 795 394 bonum
811 364 877 394 foris

137 410 177 432 εει
196 410 271 433 extra
284 413 400 439 earnem,
414 402 477 441 quia
491 413 544 432 non
558 410 596 432 est
617 403 762 433 secundum
776 404 874 433 volun-

135 449 216 472 tatem
236 443 324 472 carnis
339 452 348 470 ι
363 449 390 472 ει
412 448 451 471 εει
471 442 536 478 foris
558 449 634 472 extra
653 442 796 480 mundum,
812 443 875 482 quia

135 491 189 511 non
202 489 241 511 est
253 481 401 512 secundum
415 481 580 511 voluntatem
593 482 697 511 mundi.
712 482 799 513 vides
811 493 875 522 ergo

135 521 200 560 quia
212 523 298 551 omnis
311 532 353 551 res
363 520 512 561 spiritualis
520 528 595 551 extra
605 522 672 551 fines
681 521 768 551 carnis
781 528 819 552 est
830 522 874 551 so—

135 560 183 596 ris,
198 568 224 591 et
245 561 323 600 quasi
337 561 364 590 in
382 561 488 590 deserto
509 568 560 597 est,
574 568 600 590 et
620 568 695 590 extra
708 561 778 590 fines
792 571 873 590 mun-

135 599 164 630 di
190 607 231 630 εει
246 600 313 630 foris
325 601 340 629 ?
361 599 442 630 Unde
462 600 510 639 qui
529 601 628 630 vivunt
649 599 797 630 secundum
822 600 874 630 Dei

134 640 302 676 mandatum,
314 640 401 669 exisse
413 639 448 668 de
460 639 562 668 mundo
576 639 703 669 dicuntur
719 651 727 668 ε
745 650 799 669 non
812 650 873 670 cor-

133 689 210 719 pore,
224 679 273 708 sed
284 678 482 714 conversatione
500 679 586 708 exisse
598 678 725 709 dicuntur
738 678 773 708 de
783 689 871 716 carne,

133 725 160 747 et
171 719 200 748 in
214 719 311 758 spiritu
324 728 391 748 esse.
405 720 510 748 Domus
520 725 608 748 autem
620 718 672 748 Dei
685 718 796 758 spiritus
815 725 872 754 est,

155 758 197 787 uia
210 758 403 787 omnebonum
414 758 486 787 intus
497 758 525 787 in
534 759 631 798 spiritu
645 764 694 794 est,
707 759 771 796 quia
780 768 875 787 secun-

133 768 201 826 dum
214 797 379 827 voluntatem
391 797 502 837 spiritns
514 804 562 826 est.
578 798 665 827 Omne
674 803 762 826 autem
771 797 874 826 malum

133 837 200 866 foris
211 843 286 866 extra
305 836 429 876 spiritum
443 843 497 873 est,
516 837 580 875 quia
594 846 647 866 non
665 843 705 866 est
727 836 874 866 secundum

135 876 300 905 voluntatem
319 875 442 916 spiritus.
464 875 551 907 Vides
570 886 633 916 ergo
652 876 716 915 quia
731 877 817 905 omnis
832 887 874 905 res
889 884 907 908 Β

133 915 248 945 carnalis
264 915 346 952 foris,
364 922 440 944 extra
458 915 523 945 fines
538 926 551 944 s
573 915 650 945 iritus
668 922 718 951 est,
737 922 763 944 et
779 915 808 944 in
826 915 875 944 de-

132 961 203 984 serto
215 955 276 984 est?
293 955 366 995 Ergo
383 962 513 993 quantum
523 965 539 983 a
572 956 670 991 Deum,
683 955 818 984 desertum
834 962 874 984 est

132 1000 227 1023 natura
236 994 362 1030 carnalis,
371 994 417 1023 ubi
427 1004 479 1023 non
489 1001 527 1023 est
535 994 579 1023 via
586 994 709 1034 justitiae,
719 995 746 1022 in
758 1005 811 1032 qua
819 1004 874 1023 non

132 1033 269 1063 invenitur
280 1044 295 1062 a
315 1044 348 1062 ua
361 1033 479 1073 Spiritus
489 1033 585 1070 sancti,
601 1041 627 1063 et
644 1040 682 1062 est
695 1033 874 1072 vituperabile

134 1072 278 1109 desertum,
292 1044 327 1102 de
340 1084 393 1112 quo
409 1080 434 1103 et
446 1072 576 1112 propheta
589 1072 696 1102 dicebat
710 1085 716 1101 τ
732 1073 826 1102 Sitivit
842 1075 874 1102 in

89 1127 93 1129 ·
136 1119 164 1142 te
174 1114 276 1141 anima
287 1123 353 1141 mea
364 1115 395 1141 in
407 1119 484 1142 terra
497 1113 621 1147 deserta,
634 1118 663 1140 et
673 1113 755 1140 invia
767 1118 795 1140 et
805 1114 874 1141 ina-

0 1237 62 1259 hod.
74 1236 122 1259 5.r.

135 1162 237 1191 quosa.
253 1153 391 1188 Quantum
404 1158 494 1180 autem
515 1150 551 1179 ad
569 1151 719 1187 diabolum,
739 1151 874 1180 desertum

135 1198 174 1220 est
182 1191 269 1221 omnis
280 1190 488 1232 resspiritualis,
497 1197 568 1219 etest
579 1190 715 1220 laudabile
725 1190 872 1220 desertum.

135 1231 176 1259 De
190 1230 236 1259 tali
247 1229 352 1260 deserto
361 1229 467 1259 dicebat
479 1230 552 1267 Deus
565 1229 600 1259 ad
614 1230 778 1260 Pharaonem
799 1242 805 1259 :
821 1231 874 1259 Di-

136 1271 218 1298 mitte
226 1270 365 1309 populum
374 1279 480 1305 meum,
491 1275 523 1298 ut
536 1271 643 1298 serviat
656 1271 727 1298 mihi
738 1270 769 1298 in
781 1270 875 1299 deser-

137 1315 176 1338 ιο.
196 1309 230 1338 In
241 1309 288 1338 tali
299 1309 370 1338 enim
381 1308 486 1338 deserto
495 1308 555 1338 vult
564 1310 638 1338 Deus
646 1319 737 1339 omnes
748 1319 811 1338 suos
821 1309 873 1338 sibi

134 1348 246 1378 servire.
270 1350 305 1378 At
323 1348 379 1387 tale*
395 1348 530 1378 desei-'mm
549 1358 640 1378 omnes
661 1348 713 1378 filii
737 1349 806 1385 Dei,
826 1349 874 1388 qui

133 1387 233 1417 habent
249 1388 382 1428 Spiritum
399 1394 538 1424 sanctum,
558 1395 656 1417 exeunt
676 1395 706 1417 ut
727 1394 872 1417 tententur.

134 1427 238 1472 Utputa
257 1427 421 1468 proposuisti
433 1437 487 1456 non
500 1426 599 1456 ducere
617 1438 740 1460 uxorem,
759 1427 839 1457 duxit
849 1435 875 1457 te

134 1466 252 1506 Spiritus
265 1474 370 1496 sanctus
379 1467 408 1496 in
421 1466 555 1496 desertum
571 1478 578 1495 :
592 1466 622 1496 id
634 1474 684 1502 est,
698 1467 774 1506 ejecit
788 1473 812 1496 te
825 1478 874 1497 ex-
889 1475 907 1498 c

134 1512 177 1535 tra
191 1506 257 1535 lines
269 1506 357 1536 carnis
370 1513 396 1542 ει
416 1506 524 1543 mundi,
545 1513 574 1535 ut
587 1506 694 1536 tenteris
713 1517 729 1535 a
747 1507 874 1546 concupi-

135 1545 233 1575 scentia
248 1546 335 1575 carnis
360 1559 366 1575 ι
389 1546 452 1584 quia
472 1556 524 1574 nou
539 1545 620 1574 habet
632 1545 738 1574 castitas
760 1545 787 1573 in
804 1556 832 1574 se
847 1553 876 1574 ut

134 1583 274 1614 delecteris
284 1585 311 1613 in
325 1595 355 1614 ea
366 1584 513 1614 secundum
527 1594 643 1613 carnem.
658 1585 688 1614 Si
702 1590 790 1613 autem
804 1584 875 1613 intus

134 1634 194 1652 eras
206 1623 232 1652 in
245 1634 324 1652 carne
335 1630 361 1653 et
372 1624 399 1652 in
412 1623 524 1659 mundo,
539 1623 567 1652 id
580 1629 628 1658 est,
640 1622 788 1652 secundnm
798 1630 877 1652 natu-

135 1673 194 1691 ram
207 1663 296 1691 carnis
309 1669 334 1691 et
345 1662 440 1691 mundi
454 1663 570 1692 habebas
584 1672 707 1698 uxorem,
720 1671 774 1690 non
789 1669 875 1692 tenta—

134 1701 218 1730 baris.
234 1701 376 1738 Quomodo
398 1701 470 1730 enim
482 1708 598 1731 tentetur
612 1701 736 1734 libidine,
750 1701 796 1739 qui
809 1712 877 1740 quo-

134 1740 201 1770 tidie
214 1747 253 1770 est
273 1751 335 1770 cum
357 1741 459 1770 uxore?
473 1742 524 1770 Pm
561 1740 637 1769 suisti
653 1741 784 1780 jejunare,
800 1747 875 1770 extra

135 1780 202 1809 fines
213 1780 300 1809 camis
313 1781 403 1815 existi,
418 1787 443 1810 et
457 1791 520 1809 mun
544 1781 563 1814 i,
578 1787 610 1809 ut
620 1781 728 1809 tenteris
741 1780 769 1809 in
782 1780 873 1809 samea

136 1819 232 1859 spiritu
243 1820 324 1859 gulae.
340 1820 369 1850 Si
383 1826 471 1849 autem
485 1820 511 1849 in
527 1819 628 1849 finibus
641 1819 728 1848 carnis
741 1826 767 1848 et
780 1819 875 1849 mundi

136 1858 238 1898 positus
244 1859 423 1888 manducabas
430 1866 456 1888 et
461 1859 582 1895 bibebas,
592 1869 644 1888 non
653 1859 796 1888 tentabaris
803 1859 876 1899 aspi-

135 1898 191 1927 ritu
203 1898 272 1937 gulae
282 1899 310 1927 in
322 1899 400 1928 fame.
411 1898 554 1935 Quomodo
561 1899 632 1927 enim
641 1905 756 1927 tentetur
765 1898 793 1927 in
807 1899 875 1928 fame

135 1948 150 1966 a
163 1937 260 1977 spiritu
272 1938 351 1978 gulae,
371 1937 419 1977 qui
432 1948 577 1977 numquam
591 1937 706 1977 esuriit?
720 1938 765 1967 Sic
778 1944 804 1966 et
820 1939 875 1967 Do-

135 1977 225 2006 minus
232 1988 378 2016 numquam
393 1977 639 2007 tentatusfuissetin
652 1978 731 2012 same,
740 1977 792 2006 nisi
807 1988 874 2016 qua-

134 2015 258 2056 draginta
273 2016 369 2046 diebus
378 2017 522 2057 jejunasset
540 2024 566 2046 et
578 2023 642 2046 tunc
660 2016 793 2046 esurisset.
807 2018 874 2046 Item

926 332 989 354 sunt
1005 326 1102 355 tentari
1116 337 1132 355 a
1146 325 1264 362 diabolo,
1286 327 1338 357 nisi
1352 327 1380 356 in
1392 327 1528 357 desertum
1542 327 1668 364 exierint,

926 365 1074 394 secundum
1085 375 1114 394 ea
1125 377 1184 404 quae
1195 366 1315 396 diximus
1325 379 1331 395 ε
1341 367 1393 396 hoc
1405 373 1454 402 est,
1462 366 1514 396 nisi
1520 366 1669 412 proposue-

926 403 982 433 rint
1005 404 1075 433 circa
1096 405 1200 444 aliquas
1219 406 1326 435 studere
1348 406 1472 437 virtutes.
1496 406 1562 435 Filii
1581 413 1670 436 autem

926 443 1040 478 diaboli,
1055 450 1081 472 et
1094 444 1165 474 intus
1179 445 1207 473 in
1221 456 1310 482 carne,
1325 445 1388 474 etin
1403 445 1505 474 mundo
1520 446 1667 480 constituti,

925 483 1132 522 confringuntur
1138 490 1165 512 et
1171 492 1295 524 pereunt.
1303 484 1465 521 Quomodo?
1472 486 1576 524 Utputa
1582 485 1670 514 bonus

925 521 1017 558 homo,
1036 522 1059 551 si
1083 533 1196 552 uxorem
1218 524 1351 558 habuerit,
1375 524 1427 552 hoc
1448 531 1487 553 est
1507 524 1590 560 enim,
1613 535 1670 554 esse

924 561 996 590 intus
1008 561 1035 590 in
1057 572 1148 598 carne,
1170 572 1223 592 non
1236 569 1353 591 tentatur
1372 563 1400 592 in
1414 562 1528 592 libidine
1544 575 1551 590 :
1568 563 1596 592 id
1617 571 1668 599 est,

925 610 977 629 non
998 600 1160 637 fornicatur,·
1178 602 1224 631 sed
1244 602 1344 631 sufficit
1363 602 1385 631 ei
1414 612 1484 631 uxor
1497 613 1556 631 sua.
1578 603 1669 632 Malus

923 646 1012 669 autem
1021 647 1047 669 et
1060 640 1133 669 intus
1147 641 1174 669 in
1187 651 1267 670 carne
1281 641 1452 677 constitutus,
1465 641 1494 670 id
1504 648 1554 678 est,
1567 641 1669 671 habens

924 690 1047 715 uxorem,
1057 680 1214 715 fornicatur,
1225 687 1251 709 et
1261 690 1314 710 non
1327 687 1366 709 est
1378 687 1517 710 contentus
1528 682 1669 711 una.ltem

924 718 998 748 fitius
1011 719 1072 756 Dei,
1086 719 1115 748 id
1136 726 1185 756 est,
1207 720 1294 749 bonus
1313 719 1405 757 homo,
1420 720 1443 749 si
1462 719 1534 749 intus
1548 721 1576 748 in
1589 731 1670 750 carne

923 757 1004 787 fuerit
1016 758 1180 788 manducans
1193 766 1219 788 et
1229 759 1335 795 bibens,
1350 769 1403 788 non
1416 766 1533 788 tentatur
1546 758 1572 788 in
1585 769 1643 788 esca
1660 773 1666 788 :

925 797 954 826 id
967 804 1016 832 εει,
1028 808 1080 827 non
1092 798 1251 834 inebriatur,
1266 809 1318 828 non
1330 798 1484 834 deliciatur,
1498 797 1545 828 sed
1556 802 1668 828 mensu-

924 843 980 866 rate
994 837 1138 867 manducat
1157 844 1183 867 et
1203 838 1283 867 bibit.
1301 838 1389 867 Filius
1403 844 1492 867 autem
1513 837 1627 874 diaboli,
1643 846 1669 867 et

926 876 998 905 intus
1011 876 1176 906 manducans
1188 884 1214 906 et
1226 877 1332 914 bibens,
1344 887 1395 906 non
1409 884 1449 906 est
1462 883 1599 906 contentus
1611 888 1667 906 me-

924 915 1064 944 diocribus
1077 916 1145 945 cibis
1158 923 1183 945 et
1200 917 1309 956 potibus
1326 928 1333 944 :
1349 916 1396 945 sed
1417 916 1573 951 inebriatur,
1594 923 1619 945 et
1633 917 1668 946 ad

923 954 1078 984 lasciviores
1092 955 1166 984 cibos
1179 955 1341 985 extenditur.
1358 957 1425 985 Item
1438 966 1533 985 servus
1542 955 1604 991 Dei,
1619 957 1668 984 etsi

924 994 996 1023 intus
1015 994 1050 1024 sit
1063 994 1091 1023 in
1110 1005 1199 1031 carne,
1214 994 1313 1024 nemini
1329 994 1432 1033 aliquid
1444 994 1521 1030 dans,
1546 1005 1598 1023 non
1612 1001 1669 1023 ten—

925 1040 1009 1069 tatur,
1029 1033 1092 1071 quia
1111 1034 1188 1062 alteri
1209 1044 1263 1062 non
1279 1034 1352 1063 tollit
1366 1047 1372 1062 :
1391 1034 1479 1062 malus
1492 1041 1580 1063 autem
1594 1034 1667 1063 intus

926 1072 1024 1101 nemini
1047 1072 1104 1108 dat,
1130 1079 1156 1102 et
1179 1080 1266 1102 tamen
1283 1074 1401 1102 alienum
1423 1073 1495 1102 tollit
1514 1085 1522 1102 ι
1539 1080 1565 1102 ει
1583 1073 1622 1102 sic
1638 1074 1667 1103 in

926 1111 1051 1140 omnibus
1063 1112 1143 1141 rebus
1153 1119 1267 1141 tractans
1281 1112 1410 1141 invenies.
1430 1111 1514 1142 Vides
1525 1123 1589 1152 ergo
1603 1113 1666 1150 quia

925 1158 964 1180 est
979 1157 1004 1179 et
1014 1151 1062 1180 ista
1073 1150 1222 1181 differentia
1236 1152 1305 1181 inter
1316 1151 1387 1180 filios
1399 1152 1461 1188 Dei,
1474 1158 1500 1180 et
1517 1151 1587 1181 inter
1595 1151 1666 1182 filios

924 1190 1026 1219 diaboli
1037 1190 1050 1219 ἶ)
1061 1190 1132 1227 Quia
1142 1191 1193 1219 filii
1204 1191 1306 1220 diaboli
1317 1201 1369 1220 non
1381 1198 1478 1220 exeunt
1486 1191 1520 1220 ad
1526 1191 1668 1220 diabolum

926 1236 955 1259 ut
963 1236 1106 1267 tententur,
1118 1230 1164 1259 sed
1172 1230 1296 1260 diabolus
1307 1230 1380 1260 venit
1388 1230 1422 1259 ad
1432 1240 1476 1259 eos
1486 1237 1515 1259 ιιι
1525 1237 1607 1260 ιειιιει
1621 1241 1627 1258 :
1637 1230 1667 1260 id

924 1276 974 1305 est,
997 1279 1049 1298 non
1067 1276 1166 1298 exeunt
1179 1276 1253 1299 extra
1266 1280 1370 1299 carnem
1384 1269 1419 1298 ad
1433 1269 1523 1307 illum,
1536 1270 1582 1299 sed
1596 1270 1667 1299 intus

924 1308 952 1337 in
963 1319 1041 1338 carne
1054 1308 1226 1338 dominantur
1236 1309 1271 1338 ab
1283 1309 1342 1338 illo.
1358 1308 1434 1345 Quid
1447 1308 1519 1338 enim
1533 1319 1600 1348 opus
1619 1309 1667 1338 ha-

923 1348 968 1377 bet
978 1348 1048 1377 foras
1059 1348 1094 1377 ad
1105 1355 1235 1377 certamen
1246 1348 1330 1385 exire,
1341 1349 1387 1387 qui
1401 1358 1453 1377 non
1463 1347 1595 1378 desiderat
1608 1348 1667 1377 vin—

924 1388 1004 1417 cere?
1017 1387 1071 1417 Sed
1091 1387 1217 1416 diabolus
1227 1388 1300 1417 venit
1316 1387 1350 1416 ad
1365 1387 1437 1423 illos,
1451 1388 1526 1426 quasi
1540 1387 1574 1416 atl
1586 1388 1665 1416 fami-

924 1426 989 1456 liam
1000 1437 1086 1456 suam.
1103 1427 1169 1456 Filii
1187 1434 1276 1456 autem
1289 1426 1339 1456 Dei
1359 1427 1430 1456 foras
1443 1433 1551 1464 exeunt,
1565 1434 1595 1456 ιιι
1608 1434 1666 1456 ten-

924 1473 1013 1495 tentur
1023 1466 1058 1495 ab
1071 1465 1130 1502 illo,
1153 1466 1181 1494 id
1200 1473 1254 1500 est,
1269 1473 1344 1495 extra
1356 1466 1422 1495 fines
1432 1466 1520 1495 carnis
1536 1477 1544 1493 ι
1560 1466 1623 1504 quia
1643 1467 1666 1495 si

925 1505 997 1535 intus
1018 1505 1116 1534 suerint
1130 1505 1156 1534 in
1171 1505 1271 1534 finibus
1284 1505 1381 1541 carnis,
1395 1515 1447 1534 non
1463 1512 1548 1545 potest
1557 1506 1591 1534 ad
1604 1505 1666 1534 illos

925 1544 1017 1576 venire
1029 1544 1165 1579 diabolus,
1187 1545 1251 1582 quia
1264 1544 1314 1572 filii
1334 1544 1384 1573 Dei
1405 1551 1468 1572 sunt
1486 1557 1492 1572 :
1513 1554 1560 1573 nec
1580 1551 1666 1583 potest

926 1583 988 1612 illos
997 1589 1109 1618 tentare,
1124 1583 1194 1612 sicut
1207 1593 1288 1622 supra
1299 1582 1430 1611 diximus.
1444 1583 1517 1621 Ergo
1530 1583 1594 1621 quia
1605 1583 1666 1612 dia-

925 1622 1005 1651 bolus
1018 1632 1069 1650 non
1080 1628 1163 1660 potest
1175 1623 1273 1651 intrare
1282 1621 1316 1650 ad
1327 1621 1399 1657 illos,
1410 1621 1470 1651 ideo
1479 1622 1527 1660 qui
1540 1629 1604 1651 sunt
1612 1622 1667 1661 glo-

925 1660 1114 1690 riosiores'lilii
1125 1660 1184 1696 Dei,
1198 1667 1272 1690 extra
1287 1661 1352 1690 fines
1365 1661 1452 1690 carnis
1465 1668 1563 1690 exeunt
1575 1668 1667 1690 eontra

926 1700 1015 1736 illum,
1035 1700 1098 1739 quia
1114 1700 1231 1729 victoriae
1245 1700 1357 1739 gloriam
1371 1700 1564 1739 concupiscunt
1577 1713 1583 1728 :
1599 1710 1664 1740 pro-

925 1746 1014 1779 pterea
1029 1740 1056 1768 in
1068 1739 1119 1768 hoc
1131 1739 1189 1768 loco
1198 1750 1250 1768 non
1261 1739 1385 1768 diabolus
1395 1739 1468 1768 venit
1480 1739 1514 1768 ad
1527 1739 1666 1769 Christum

926 1785 955 1807 ut
968 1785 1080 1808 tentaret
1092 1789 1164 1813 eum,
1179 1778 1226 1808 sed
1245 1779 1368 1808 Christus
1390 1779 1456 1807 exiit
1469 1778 1504 1807 ad
1515 1778 1665 1813 diabolum,

925 1824 956 1847 ιιι
968 1824 1113 1847 tentaretur
1126 1818 1161 1847 ab
1174 1828 1216 1854 eo,
1232 1817 1298 1847 dans
1311 1817 1417 1847 dilectis
1430 1818 1486 1846 suis
1498 1819 1664 1858 exemplum.

925 1858 988 1887 Haec
997 1858 1086 1886 omnia
1098 1857 1218 1887 diximus
1230 1864 1338 1897 propter
1347 1857 1418 1886 illud
1429 1856 1502 1896 quod
1514 1857 1568 1886 ait:
1585 1858 1666 1887 Tunc

926 1897 1011 1926 Jesus
1020 1898 1124 1926 ductus
1138 1904 1181 1926 est
1194 1907 1214 1926 a
1227 1897 1336 1936 Spiritu
1349 1899 1381 1925 in
1390 1897 1544 1932 desertum,
1555 1904 1586 1926 ut
1604 1903 1665 1926 ten-

919 1942 1038 1965 taretur·
1052 1946 1071 1964 a
1094 1937 1223 1965 diabolo.
1239 1938 1268 1965 9.
1284 1937 1325 1965 Et
1347 1947 1413 1965 cum
1422 1937 1584 1975 jejunasset
1598 1947 1666 1976 qua-

926 1976 1063 2015 dragima
1074 1976 1175 2005 diebus
1184 1981 1214 2004 et
1222 1976 1419 2015 quadraginta
1437 1977 1580 2013 noctibus,
1590 1983 1665 2021 post—

918 2023 960 2043 ⁴ea
975 2016 1084 2044 esuriit.
1099 2015 1158 2044 Non
1172 2015 1260 2044 solum
1274 2014 1334 2044 ideo
1357 2015 1507 2044 tentabatur
1518 2037 1526 2051 ,
1549 2016 1666 2054 quiaje-

135 2055 317 2101 eleemosynas
335 2057 420 2085 facere
440 2056 583 2096 proponis,
608 2056 678 2085 foras
690 2056 768 2085 existi
788 2069 794 2084 :
811 2057 874 2094 quia
889 2061 909 2084 D
922 2055 1046 2099 jun-abal,
1062 2054 1108 2083 sed
1122 2053 1182 2083 ideo
1194 2058 1206 2071 ¹
1216 2054 1365 2094 jejunabat,
1382 2061 1412 2083 ut
1424 2060 1578 2084 tentaretur.
1592 2056 1669 2099 Jeju-

135 2102 230 2124 natura
243 2106 332 2125 carnis
345 2102 371 2124 et
391 2095 486 2124 mundi
506 2106 558 2125 non
572 2095 719 2124 delectatur
738 2094 813 2131 dare,
828 2095 876 2124 sed

137 2144 240 2178 semper
255 2135 385 2180 accipere.
403 2135 433 2165 Si
445 2142 534 2164 autem
548 2145 600 2163 non
617 2134 711 2170 dabas,
724 2144 776 2163 non
790 2142 874 2164 tenta-

136 2173 209 2202 bam
222 2184 237 2202 a
251 2174 347 2213 spiritu
368 2174 496 2203 avaritiae.
512 2175 578 2204 Item
596 2174 725 2214 proponis
737 2174 876 2203 humilita-

138 2219 191 2241 tem
204 2223 321 2248 servare,
335 2212 413 2241 existi
427 2214 453 2242 in
465 2212 611 2250 desertum,
630 2220 659 2242 nt
674 2213 780 2242 tenteris
791 2223 806 2241 a
817 2213 874 2252 spi·
886 2240 892 2243 Α

139 2253 193 2281 ritu
207 2262 238 2280 su
259 2251 339 2280 erbiae
353 2264 359 2280 :
373 2251 436 2288 quia
445 2262 506 2281 caro
518 2259 543 2281 et
554 2252 672 2281 mundus
683 2252 710 2280 in
723 2252 877 2281 humilitate

139 2302 190 2320 non
206 2291 239 2320 de
251 2297 362 2319 ectatur.
379 2291 514 2329 Exsurget
527 2291 627 2329 aliquis
638 2291 740 2320 diaboli
755 2291 876 2329 angelus,

138 2331 184 2369 qui
197 2337 222 2360 te
244 2329 391 2364 conculcet,
406 2336 432 2358 et
445 2329 531 2358 irritet
548 2329 727 2359 humilitatem
745 2340 876 2366 servasse,

138 2370 205 2399 dum
226 2368 301 2399 vides
322 2367 395 2407 qnod
408 2368 434 2396 in
454 2368 505 2398 hoc
521 2369 618 2397 saeeulo
630 2369 769 2398 humilitas
788 2376 876 2398 conte-

138 2410 252 2444 mnitur,
263 2415 288 2437 et
303 2407 426 2448 superbia
437 2407 594 2437 honoratur.
606 2408 712 2436 Etcum
725 2408 774 2436 hos
786 2417 876 2437 omnes

139 2449 250 2487 spiritus
265 2448 372 2483 viceris,
395 2447 537 2476 novissime
550 2446 656 2476 tenteris
666 2457 682 2475 a
694 2446 791 2490 spiritu
803 2458 876 2476 vauae

139 2487 242 2525 gloriae.
254 2487 357 2526 Incipis
375 2486 445 2515 enim
461 2486 580 2525 gloriari,
600 2486 662 2524 quia
685 2485 772 2515 vicisti
789 2497 796 2513 ε
812 2487 876 2525 quia

140 2526 250 2566 spiritus
264 2536 338 2555 vanae
351 2525 443 2565 gloriae
464 2525 595 2565 praecipuc
607 2535 629 2554 ‘a
640 2526 775 2555 sanctitate
790 2526 875 2555 nutri-

927 2105 1002 2123 nium
1024 2100 1113 2122 autem
1140 2103 1192 2122 non
1216 2100 1255 2123 est
1271 2100 1373 2122 tantum
1395 2093 1508 2123 irritatio
1525 2094 1668 2134 passionis,

927 2133 973 2162 sed
987 2133 1156 2173 repugnatio.
1168 2133 1198 2163 Si
1211 2143 1275 2172 ergo
1288 2132 1463 2173 jejunaveris,
1478 2140 1508 2162 ut
1521 2143 1573 2162 non
1587 2133 1668 2163 intres

928 2173 954 2201 in
968 2174 1149 2209 tentationem,
1168 2172 1302 2212 'placuerit
1314 2179 1401 2202 autem
1416 2174 1473 2202 Deo
1485 2172 1611 2202 inducere
1622 2179 1666 2201 te:

927 2222 979 2240 non
994 2211 1078 2247 dicas,
1093 2212 1157 2250 quia
1201 2211 1274 2240 rdidi
1284 2212 1400 2241 fructum
1410 2211 1508 2251 jejunii
1522 2212 1584 2240 mei.
1599 2212 1668 2240 Nam

928 2251 977 2280 etsi
989 2261 1040 2279 nou
1053 2251 1102 2280 tibi
1116 2222 1222 2290 pmfiecit
1230 2251 1369 2291 jejunium
1378 2258 1465 2286 tuum,
1479 2257 1571 2279 utnon
1586 2256 1668 2279 tente-

928 2291 966 2319 ris
979 2303 985 2319 ε
1000 2296 1088 2319 tamen
1098 2290 1133 2319 ad
1146 2290 1216 2319 illud
1229 2291 1284 2319 sine
1298 2290 1383 2319 dubio
1396 2290 1445 2319 tibi
1480 2289 1593 2324 roficict,
1611 2295 1639 2316 ιιι
1653 2299 1669 2316 a

928 2330 1117 2359 tentationibus
1138 2340 1191 2359 non
1205 2329 1332 2365 vincaris,
1348 2329 1417 2358 sicut
1435 2330 1456 2357 C
1466 2328 1541 2356 iristo
1554 2327 1666 2366 profuit.

929 2369 1026 2398 Multis
1034 2369 1121 2398 modis
1133 2369 1258 2398 diabolus
1269 2368 1400 2403 audierat,
1414 2367 1477 2404 quia
1488 2366 1669 2408 Christusne-

929 2414 972 2437 tus
991 2415 1029 2438 est
1042 2409 1068 2437 in
1083 2409 1135 2438 hoc
1147 2408 1260 2442 mundo,
1281 2414 1327 2436 aut
1347 2406 1447 2443 angelis
1462 2404 1669 2447 praedicantibus

930 2447 963 2476 ad
973 2455 1098 2487 pastores,
1107 2448 1149 2477 vel
1159 2447 1309 2487 pastoribus
1318 2443 1490 2474 referentibus
1498 2443 1532 2471 ad
1541 2444 1667 2479 Mariam,

929 2487 971 2516 vel
983 2487 1067 2527 magis
1080 2486 1259 2525 quaerentibus
1269 2485 1296 2513 in
1305 2483 1452 2514 Jerusalem
1465 2492 1525 2511 eum
1539 2480 1650 2510 adorare
1661 2503 1667 2516 ‚

930 2528 1007 2567 cujus
1026 2526 1148 2557 viderant
1168 2525 1286 2561 stellam,
1313 2522 1356 2553 vel
1370 2523 1472 2552 Joannc
1489 2519 1641 2550 ostendente
1660 2533 1666 2549 ε

174 2626 183 2635 a
203 2617 231 2641 V.
246 2615 275 2642 D.
290 2623 315 2643 ct
332 2617 399 2643 Editi
417 2619 442 2643 in
460 2619 569 2651 margine
583 2618 720 2652 jejunabat
737 2620 797 2652 qula
817 2619 965 2643 tentabatur.
