1890 2826
78 804 134 825 lsae'.
147 804 169 827 6.
183 809 205 825 2.

106 1313 222 1343 Seraphim

79 1347 174 1373 dignitas

79 1384 184 1398 maxima.

87 2188 172 2210 Maah.
190 2186 226 2211 18,

87 2224 123 2241 10.

233 169 296 204 ι60

222 252 285 271 nam
302 241 336 270 sit
348 235 438 271 Deum
457 240 550 270 sedere
565 251 572 268 ε
586 251 672 280 neque
687 241 759 271 enim
776 242 850 280 Deus
869 241 942 280 sedet
957 253 963 271 z
985 239 1002 252 ”

222 287 340 318 cumhie
350 287 385 317 sit
397 297 540 328 corporum
555 288 632 325 situs,
640 289 714 318 Deus
724 294 814 318 autem
820 288 862 318 sit
876 288 965 318 incor-

223 344 329 374 poreus.
975 362 1014 382 ¹39

263 382 292 410 2.
317 380 426 411 Vellem
440 380 529 410 dicere
545 379 613 420 quid
627 380 662 410 sit
682 379 781 410 solium
794 381 844 411 Dei
859 392 866 409 :
880 391 966 420 neque
987 391 1006 413 Α

223 427 295 457 enim
308 427 402 466 utique
411 426 480 456 solio
490 428 564 456 Deus
576 427 824 467 comprehenditur,
837 438 898 457 cum
912 427 965 457 cir-

223 473 369 503 cumscribi
381 473 493 503 minime
511 473 596 514 possit
609 475 715 504 Numen
729 474 796 504 :sed
814 485 920 512 vereor,
935 484 968 504 ne

224 519 247 548 si
260 519 388 549 docendis
399 519 456 549 istis
469 519 608 558 immorer,
624 520 779 560 protraham
791 520 875 550 debiti
886 520 967 550 solu-

222 565 331 595 tionem.
340 567 441 596 Omnes
450 566 522 596 cnim
531 566 612 597 video
623 566 770 597 narrationi
779 566 813 597 de
824 567 966 607 Seraphim

224 611 338 649 inhiare,
349 622 403 642 non
418 612 507 642 solum
525 612 617 649 hodie,
633 612 681 643 sed
696 613 754 654 jam
774 613 838 643 inde
848 624 863 643 a
876 613 966 654 primo

224 658 269 688 die
286 670 294 687 ε
309 665 472 698 quapropter
485 659 688 689 multitudinem
701 659 891 690 sententiarum
902 666 967 689 tam-

224 715 304 744 quam
321 704 462 733 hominum
473 711 572 734 coetum
579 715 676 744 magno
691 716 753 736 cum
765 705 866 745 impetu
876 715 968 735 occur·

225 757 325 780 rentem
338 761 515 790 perrumpens
527 750 562 779 ad
576 751 771 791 expositionem
785 752 860 781 illam
877 759 966 782 nostra

223 797 329 828 festinat
343 797 439 827 oratio.
449 797 491 826 Et
498 797 650 837 Seraphim
659 799 779 828 stabant
795 800 827 827 in
844 801 968 829 circuitu

224 844 297 883 ejus,
305 843 403 882 inquit.
416 844 487 873 Ecce
500 844 653 884 Seraphim,
661 855 722 883 quae
735 844 828 874 videre
840 845 908 875 olim
919 857 968 875 cu-

225 889 339 928 piebatis
352 899 454 919 omnes.
468 890 694 931 Contemplamini
707 901 783 931 ergo,
796 899 822 922 et
832 892 970 932 cupidita-

225 942 276 964 tem
291 935 397 975 explete
410 947 418 964 =
432 935 479 965 sed
491 945 543 965 non
557 946 619 965 cum
634 937 764 974 tumultu,
778 947 864 976 neque
876 949 970 979 prope-

226 982 296 1011 rami
304 979 475 1022 cogitatione,
490 981 560 1011 sicut
568 982 600 1012 fit
612 983 639 1012 in
654 984 850 1023 Imperatorum
865 986 971 1025 ingres-

227 1038 259 1058 su
272 1040 279 1057 t
292 1025 355 1057 'nam
369 1028 427 1057 illic
443 1028 553 1067 quidem
566 1028 640 1058 istud
653 1029 743 1069 ipsum
756 1031 852 1060 merito
863 1031 971 1061 accidit.

228 1075 321 1113 Neque
331 1074 403 1104 enim
415 1080 534 1114 spectant
544 1074 682 1112 satellites,
691 1082 721 1106 ut
734 1082 893 1116 spectatores
907 1087 973 1107 ocu-

227 1121 261 1150 lis
274 1127 368 1150 cuncta
382 1120 495 1150 lustrent
503 1132 512 1159 ς
527 1120 585 1158 sed,
601 1128 741 1161 antequam
754 1129 824 1152 recte
841 1122 971 1161 viderint,

228 1167 363 1207 praeterire
376 1167 438 1196 illos
451 1173 551 1206 cogunt
564 1178 572 1195 z
584 1167 629 1196 hic
641 1178 706 1197 vero
719 1170 773 1197 non
787 1168 823 1198 ita
833 1181 839 1198 z
849 1168 896 1198 sed
906 1180 972 1199 con-

228 1213 430 1252 templationem
455 1219 574 1242 nostram
608 1213 678 1242 sistit
703 1214 789 1243 oratio
800 1237 808 1251 ‚
833 1225 974 1254 quousque

229 1259 319 1288 omnia
332 1259 531 1299 percurreritis‚
539 1269 599 1298 quae
606 1260 726 1299 percurri
738 1271 752 1289 a
761 1261 840 1290 vobis
852 1269 973 1301 possunt.

230 1303 271 1335 Et
279 1306 431 1346 Seraphim
443 1307 563 1335 stabant
575 1307 607 1334 in
620 1308 741 1336 circuitu
755 1309 827 1347 ejus.
842 1310 910 1338 Ante
924 1319 974 1338 na-

229 1359 297 1382 turae
316 1352 473 1392 dignitatem
487 1362 536 1382 nos
554 1352 648 1381 docuit
661 1352 739 1382 istam
757 1364 792 1383 ex
803 1353 855 1383 loci
873 1355 972 1385 vicinia

229 1399 397 1438 dignitatem.
407 1400 468 1429 Non
482 1399 555 1428 enim
567 1398 638 1428 dixit
649 1399 782 1439 primum,
793 1410 916 1439 quaenam
929 1402 974 1432 Se-

228 1445 334 1485 raphim
354 1452 450 1482 essent,
465 1444 512 1474 sed
532 1445 580 1474 ubi
597 1452 697 1475 starent
716 1445 798 1475 dixit.
815 1447 878 1476 Haec
900 1448 972 1478 enim

227 1491 344 1531 dignitas
363 1492 448 1531 major
460 1498 499 1520 est
512 1491 641 1529 illa.Quo
654 1491 763 1522 tandam
781 1494 881 1533 pacto?
892 1494 973 1532 Quod

229 1537 356 1567 nimirum
378 1537 452 1567 haud
470 1537 504 1566 ita
524 1537 690 1567 demonstret
700 1549 812 1577 magnas
830 1539 892 1570 illas
917 1551 974 1570 esse

229 1584 350 1620 virtutes,
361 1583 434 1625 quod
455 1583 509 1613 sint
526 1584 680 1624 Seraphim,
695 1595 776 1623 quam
800 1586 875 1624 quod
890 1597 974 1627 prope

230 1629 329 1659 solium
343 1636 411 1659 stent
427 1630 540 1669 regium.
555 1631 624 1659 Nam
637 1637 663 1660 et
683 1641 731 1660 nos
751 1631 814 1661 illos
827 1632 974 1663 nobiliores

230 1686 287 1705 esse
305 1675 431 1705 satellites
453 1675 626 1710 arbitramur,
638 1677 685 1716 qui
697 1678 776 1717 juxta
787 1679 884 1718 jugum
906 1679 975 1719 regii

230 1732 327 1751 currus
336 1722 472 1751 incedunt.
485 1723 525 1751 Ita
541 1733 648 1761 quoque
662 1722 795 1752 virtutum
804 1724 916 1754 illarum
930 1725 975 1754 in·-

231 1778 420 1807 corporearum
436 1768 596 1799 illustriores
610 1775 673 1798 sunt
686 1768 752 1806 illae,
767 1781 826 1809 quze
845 1771 914 1800 solio
925 1771 976 1801 Dei

231 1821 294 1842 sunt
308 1814 449 1854 proximae.
465 1814 569 1844 Idcirco
582 1814 663 1844 etiam
674 1816 804 1856 propheta
814 1815 848 1846 de
859 1817 976 1847 naturali

230 1871 324 1889 eorum
345 1860 475 1901 dignitate
497 1861 627 1891 disserere
647 1863 783 1900 omittens,
798 1863 875 1903 prius
898 1865 976 1895 nobis

230 1906 265 1935 dc
277 1906 329 1936 loci
343 1907 520 1946 praerogativa
534 1907 650 1944 disserit,
665 1908 742 1949 quod
755 1909 828 1938 hunc
847 1912 975 1951 majorem

231 1963 288 1980 csse
294 1952 360 1981 sciat
373 1959 507 1989 ornatum,
522 1960 548 1982 et
562 1953 595 1982 ah
605 1953 657 1982 hoc
668 1961 768 1983 naturae
783 1954 894 1985 illorum
910 1958 975 1996 pul-

232 1997 413 2026 chritudinem
428 1997 576 2027 dimanare.
595 2000 652 2028 Hoc
671 2000 743 2029 enim
764 2000 860 2040 gloria,
876 2002 974 2041 honor,

231 2050 258 2072 et
269 2044 396 2073 securitas
409 2044 507 2080 omnis,
521 2045 588 2073 utin
602 2044 716 2074 circuitu
731 2046 793 2075 solii
807 2047 883 2077 illius
895 2060 977 2089 appa-

232 2097 315 2119 reant.
326 2091 383 2119 Hoc
394 2091 458 2120 etin
470 2091 571 2130 angelis
582 2102 688 2121 cernere
701 2092 764 2122 licet
780 2105 787 2121 :
803 2104 864 2124 nam
878 2103 902 2124 ct
914 2096 976 2126 illos

232 2147 288 2165 esse
309 2147 420 2176 magnos
441 2137 534 2166 volens
550 2137 674 2167 Christus
695 2140 845 2177 ostendere,
860 2151 913 2170 non
931 2153 976 2172 eos

233 2182 341 2222 angelos
354 2193 409 2212 csse
421 2182 504 2219 dixit,
519 2190 545 2213 et
558 2184 722 2221 tacuittsed‚
735 2186 812 2224 Quia
822 2188 921 2226 angeli
929 2199 977 2217 eo—

235 2239 299 2258 rum
313 2239 425 2268 semper
439 2230 665 2270 vident'facietn
683 2232 784 2260 Patris
802 2235 859 2260 mei
875 2235 927 2272 qui
946 2236 977 2262 in

234 2276 314 2305 caelis
328 2283 381 2305 est.
397 2277 466 2305 Nam
480 2283 509 2306 ut
530 2277 588 2306 illic
606 2278 726 2317 angelica
737 2278 867 2318 dignitate
889 2280 977 2319 majus

234 2329 273 2351 est
286 2322 380 2352 faciem
392 2322 478 2352 Patris
487 2322 580 2352 videre
591 2334 597 2350 :
609 2324 647 2353 sic
659 2331 684 2353 et
693 2323 823 2364 dignitate
833 2326 975 2366 Seraphim

993 1971 1014 1996 1>

266 2421 276 2432 ³
294 2413 396 2446 Aliquot
407 2414 465 2438 Mss.
482 2416 514 2440 διὸ
531 2418 634 2449 καθάπερ
645 2418 730 2445 πλῆθος
741 2420 871 2451 ἀνθρώπων.
885 2417 917 2441 In
927 2416 995 2442 hunc

234 2452 316 2476 locum
335 2458 408 2477 notat
423 2452 530 2478 Savilius
544 2462 549 2476 ε
564 2454 639 2478 «Hoc
651 2454 677 2478 in
688 2454 805 2480 omnibus
818 2455 995 2488 Manuscriptis

234 2498 359 2524 repertum
370 2492 432 2525 quid
446 2493 478 2517 sit
490 2492 571 2518 fateor
589 2501 629 2517 me
643 2495 764 2520 nescire.»
777 2495 859 2527 Certe,
871 2496 899 2520 ni
910 2494 992 2526 fallor,

232 2531 302 2557 locus
314 2530 408 2564 optime
420 2531 505 2564 habet,
513 2538 628 2565 recteque
640 2541 654 2557 a
666 2534 794 2559 Frontone
806 2535 898 2560 Dueaeo
910 2534 994 2560 reddi-

233 2568 282 2595 tur.
296 2571 348 2596 Ncc
365 2570 472 2596 insolens
485 2571 646 2597 construendi
659 2571 750 2598 modus
766 2573 892 2600 videbitur
907 2575 936 2607 ci,
950 2575 992 2608 qui

561 180 591 203 S.
619 181 756 204 JOANMS
781 180 965 204 CHRYSOST.
995 180 1149 204 AucufflP.
1178 182 1446 206 CONSTANTlNOP.

1023 242 1126 281 βοηθόν.
1139 243 1306 282 Ἐὅουλόμην
1318 244 1366 283 μὲν
1380 240 1424 273 οῧν
1435 245 1517 274 εἰπεῖν
1525 244 1551 273 τί
1563 243 1627 274 ποτέ
1638 245 1694 273 ἐστι
1704 243 1734 273 τὸ
1744 255 1791 273 κα-

1024 289 1118 323 θῆσθαι
1131 288 1176 318 τὸν
1188 289 1257 319 Θεόν
1269 302 1276 308 ·
1291 291 1320 319 οὖ
1334 290 1386 330 γὰρ
1399 290 1431 327 δὴ
1446 290 1560 327 κάθηται
1573 293 1588 320 6
1601 290 1669 324 Θεός
1679 303 1685 308 ·
1701 290 1791 329 σωμά-

1024 345 1076 363 των
1086 334 1138 374 γὰρ
1152 337 1166 365 ὁ
1179 337 1364 376 σχηματισμός
1373 349 1380 355 ·
1394 336 1426 366 τὸ
1436 339 1516 367 Θεῖον
1530 337 1558 367 δὲ
1571 337 1720 376 ἀσώματον.

1063 380 1231 420 Ἐὅουλόμην
1252 384 1334 412 εἰπεῖν
1349 383 1375 412 τί
1391 383 1457 413 ποτέ
1474 385 1531 413 ἐστι
1545 383 1633 423 θρόνος
1651 385 1737 413 Θεοῦ·
1762 384 1790 412 οὐ

1024 427 1074 466 γὰρ
1086 426 1117 463 δὴ
1131 427 1213 469 θρόνῳ
1227 430 1241 458 6
1261 429 1331 463 Θεὸς
1343 429 1564 469 ἐμπεριείληπται
1575 441 1582 448 ·
1596 429 1792 469 ἀπερίγραπτον

1023 471 1075 512 γὰρ
1088 472 1118 502 τὸ
1134 475 1214 503 Θεῖον
1225 486 1232 493 ·
1244 474 1313 504 ἀλλὰ
1328 475 1445 512 δέδοικα,
1458 475 1495 514 μὴ
1510 477 1544 515 τῇ
1556 475 1616 516 περὶ
1633 475 1732 504 τούτων
1747 477 1790 504 ἐν-

1024 519 1164 560 διατρίὸων
1178 520 1350 561 διδασκαλίᾳ,
1374 521 1533 562 παρελκύσω
1553 521 1583 551 τὸ
1601 522 1716 562 ὄφλημα.
1739 521 1792 551 Καὶ

1021 564 1073 605 γὰρ
1086 565 1186 600 πάντας
1198 567 1251 606 ὁρῶ
1264 566 1330 607 πρὸς
1352 566 1386 596 τὰ
1404 567 1539 607 Σεραφεὶμ
1555 566 1716 608 κεχηνότας,
1731 567 1791 607 οὐχὶ

1021 611 1135 651 τήμερον
1150 611 1237 650 μόνον,
1251 611 1320 642 ἀλλὰ
1331 613 1376 642 καὶ
1387 614 1417 643 ἐκ
1426 613 1534 653 πρώτης
1545 613 1660 654 ἡμέρας·
1672 616 1682 629 ¹
1690 612 1790 652 διόπερ,

1021 657 1139 697 καθάπερ
1163 659 1263 694 πλῆθος
1287 659 1429 699 ἀνθρώπων
1439 681 1447 695 ,
1469 660 1556 700 πολλῇ
1579 661 1612 699 τῇ
1637 659 1707 700 ῥύμῃ
1730 660 1791 688 δια-

1021 703 1126 733 κόπτων
1138 707 1152 734 ὁ
1165 704 1241 744 λόγος
1254 704 1266 721 '³
1277 706 1329 735 τῶν
1344 705 1520 735 ἀπαντώντων
1531 706 1669 745 νοημάτων
1683 705 1714 734 τὸ
1724 707 1793 739 πλῆ·

1023 753 1081 786 Οος,
1095 750 1161 790 πρὸς
1182 750 1284 787 ἐκείνην
1308 751 1443 791 ἐπείγεται
1465 751 1515 787 τὴν
1535 751 1668 792 ἐξήγησιν.
1690 751 1743 781 Καὶ
1757 751 1792 780 τὰ

1021 796 1158 837 Σεραφεὶμ
1173 797 1339 833 εἱστήκεισαν
1353 798 1442 838 κύκλῳ
1459 800 1550 835 αὐτοῦ,
1567 798 1656 838 φησίν.
1676 797 1744 827 Ἰδοὺ
1758 797 1792 827 τὰ

1022 843 1160 883 Σεραφεὶμ
1169 865 1177 879 ,
1190 843 1207 872 ἃ
1220 844 1304 873 πάλαι
1318 845 1472 884 ἐπεθυμεῖτε
1485 844 1581 878 πάντες
1596 846 1668 874 ἰδεῖν.
1682 844 1792 874 Θεάσα-

1023 890 1068 918 σθε
1081 888 1178 925 τοίνυν,
1196 889 1242 918 καὶ
1260 889 1309 926 τὴν
1329 890 1469 929 ἐπιθυμίαν
1484 891 1638 930 ἔμπλήσατε
1648 913 1656 927 ,
1671 890 1739 921 ἀλλὰ
1755 889 1792 929 μὴ

1024 934 1092 973 μετὰ
1111 934 1240 975 θορύὸου,
1264 935 1330 974 μηδὲ
1355 935 1494 966 σπεύδοντι
1513 938 1551 977 τῷ
1571 938 1706 976 λογισμῷ,
1729 937 1794 976 ὅπερ

1024 981 1132 1010 ἐπὶτῶν
1147 982 1291 1020 βασιλικῶν
1305 982 1414 1011 εἰσόδων
1427 982 1527 1022 γίνεται
1539 994 1545 1001 ·
1565 984 1618 1012 ἐκεῖ
1633 982 1680 1021 μὲν
1692 982 1743 1022 γὰρ
1758 984 1794 1011 εἶ-

1024 1027 1108 1060 κότως
1120 1029 1198 1056 τοῦτο
1211 1027 1275 1056 αὐτὸ
1289 1028 1436 1067 συμὸαίνει.
1454 1031 1495 1058 Οὐ
1509 1028 1560 1069 γὰρ
1580 1028 1752 1068 ἀναμένουσιν
1769 1029 1794 1058 οἱ
1845 1043 1849 1046 -

1026 1072 1163 1113 δορυφόροι
1175 1075 1229 1102 τῶν
1239 1073 1359 1113 ὁρώντων
1369 1074 1415 1110 τὰς
1426 1075 1497 1115 ὄψεις
1505 1096 1514 1110 ,
1526 1074 1595 1104 ἀλλὰ
1606 1075 1667 1115 πρὶν
1678 1074 1696 1110 ἢ
1708 1075 1795 1103 πάντα

1027 1121 1115 1152 αὐτοῖς
1135 1121 1246 1160 ὀφθῆναι
1268 1121 1375 1156 καλῶς,
1398 1120 1572 1160 ἀναγκάζωσι
1598 1120 1794 1160 παρατρέχειν·

1027 1166 1138 1195 ἐνταῦθα
1150 1164 1177 1195 δὲ
1190 1167 1239 1207 οὐχ
1253 1166 1334 1200 οὕτως
1343 1179 1350 1186 ·
1364 1168 1423 1196 ἀλλ’
1438 1166 1543 1203 ἵστησιν
1556 1169 1620 1206 ἡμῖν
1634 1169 1648 1196 6
1661 1166 1738 1206 λόγος
1748 1166 1796 1202 τὴν

1028 1211 1148 1251 Θεωρίαν,
1166 1211 1215 1245 ἕως
1228 1208 1258 1241 οὗ
1271 1212 1358 1242 πάντα
1377 1212 1518 1250 ἐπέλθητε,
1533 1213 1581 1243 ὅσα
1596 1213 1704 1243 δυνατὸν
1718 1214 1797 1243 ἐπελ-

1028 1259 1091 1286 θεῖν.
1113 1257 1167 1286 Kal
1190 1257 1224 1287 τὰ
1246 1258 1383 1298 Σεραφεὶμ
1405 1259 1571 1296 εἱστήκεισαν
1592 1259 1682 1299 κύκλῳ
1704 1260 1792 1289 αὐτοῦ.

1028 1302 1087 1342 Πρὸ
1099 1305 1146 1332 τοῦ
1160 1305 1208 1340 τῆς
1219 1303 1321 1344 φύσεως
1333 1304 1481 1344 ἀξιώματος
1492 1305 1607 1339 ἐδίδαξεν
1618 1308 1690 1344 ἡμᾶς
1703 1306 1733 1335 τὸ
1745 1305 1798 1335 ἀπὸ

1028 1351 1075 1385 τῆς
1085 1349 1226 1389 ἐγγύτητος
1235 1352 1283 1386 τῆς
1293 1350 1361 1380 κατὰ
1372 1351 1417 1380 τὸν
1424 1351 1504 1381 τόπον
1514 1351 1625 1391 ἀξίωμα.
1636 1353 1677 1381 Οὔ
1683 1351 1734 1392 γὰρ
1740 1347 1797 1381 εἷπε

1027 1396 1132 1435 πρῶτον
1144 1395 1204 1425 τίνα
1219 1391 1252 1432 ἧν
1264 1395 1299 1425 τὰ
1312 1396 1464 1437 Σεραφεὶμ,
1479 1399 1538 1427 ἀλλ’
1551 1393 1623 1427 εἶπεν
1641 1398 1701 1428 ἔνθα
1717 1398 1799 1434 ἑστή-

1029 1452 1101 1471 κασι.
1124 1442 1211 1471 Τοῦτο
1230 1441 1282 1485 γὰρ
1305 1443 1403 1473 ἐκείνου
1426 1444 1456 1473 τὸ
1477 1443 1580 1484 ἀξίωμα
1601 1445 1697 1484 μεῖζον.
1717 1446 1797 1481 lli-343

1028 1487 1094 1517 ’Ότι
1106 1490 1156 1527 οὐχ
1169 1489 1238 1518 οὕτω
1251 1488 1366 1519 δείκνυσι
1378 1489 1425 1524 τὰς
1437 1492 1559 1531 δυνάμεις
1571 1491 1671 1524 ἐκείνας
1682 1486 1799 1530 μεγάλας

1030 1534 1125 1572 οὔσας,
1136 1536 1167 1565 τὸ
1181 1536 1317 1576 Σεραφεὶμ
1329 1532 1396 1567 εἷναι
1406 1559 1414 1572 ,
1429 1539 1465 1572 ὡς
1485 1538 1515 1567 τὸ
1537 1538 1612 1578 ἐγγὺς
1627 1538 1734 1567 ἑστάναι
1751 1542 1798 1568 τοῦ

1031 1581 1121 1620 θρόνου
1142 1583 1290 1622 βασιλικοῦ.
1311 1583 1365 1612 Καὶ
1375 1583 1426 1624 γὰρ
1440 1583 1486 1614 καὶ
1495 1586 1572 1623 ἡμεῖς
1585 1586 1638 1614 τῶν
1650 1584 1799 1624 δορυφόρων

1029 1627 1143 1661 ἐκείνους
1157 1628 1364 1668 ἓπισημοτέρους
1376 1624 1444 1659 εἶναι
1457 1629 1605 1670 νομίζομεν,
1625 1630 1668 1664 οὓς
1687 1630 1718 1659 ἂν
1732 1630 1798 1660 ἴδω-

1031 1685 1091 1712 μεν>
1102 1674 1179 1713 ἐγγὺς
1204 1677 1250 1704 τοῦ
1274 1675 1380 1715 ζεύγους
1409 1676 1565 1710 ἐλαύνοντας
1589 1679 1635 1706 τοῦ
1661 1678 1798 1717 βασιλικοῦ

1029 1719 1189 1759 ῑόχήματος.
1206 1720 1286 1750 Οὕτω
1304 1721 1349 1751 καὶ
1367 1724 1419 1751 τῶν
1433 1722 1568 1762 δυνάμεων
1582 1725 1635 1752 τῶν
1649 1723 1798 1762 ἀσωμάτων

1029 1769 1127 1798 ἐκεῖναί
1140 1770 1191 1798 εἰσι
1204 1766 1406 1811 λαμπρότεραι,
1419 1770 1530 1812 ὅσαιπερ
1545 1771 1576 1800 ἂν
1589 1767 1653 1801 ὦσιν
1669 1771 1682 1788 ‘¹
1691 1772 1799 1811 ἔγγιστα

1029 1822 1075 1848 τοῦ
1090 1819 1190 1859 Θρόνου.
1205 1820 1257 1849 Διὰ
1271 1824 1348 1850 τοῦτο
1368 1821 1413 1850 καὶ
1429 1824 1444 1850 6
1459 1822 1596 1862 προφήτης
1615 1822 1691 1862 ἀφεὶς
1710 1823 1798 1852 διαλεψ

1029 1871 1126 1909 χθῆναι
1139 1870 1200 1910 περὶ
1211 1874 1256 1900 τοῦ
1270 1873 1316 1906 τῆς
1328 1871 1430 1911 φύσεως
1440 1873 1526 1901 αὐτῶν
1537 1872 1695 1911 ἀξιώματος,
1708 1873 1799 1913 πρότε-

986 1950 988 1952 ,
1032 1931 1075 1960 ρον
1089 1922 1153 1959 ἡμῖν
1174 1921 1323 1960 διαλέγεται
1343 1921 1404 1961 περὶ
1419 1923 1467 1957 τῆς
1479 1925 1524 1951 τοῦ
1545 1922 1626 1952 τόπου
1639 1924 1778 1964 προεδρίας
1790 1947 1798 1960 ,

1030 1970 1105 2004 εἰδὼς
1119 1971 1159 2000 ὅτι
1174 1968 1247 2005 οὗτος
1261 1972 1355 2011 μείζων
1373 1974 1387 2001 6
1401 1972 1498 2011 κόσμος
1512 1973 1582 2010 ἐστὶ,
1602 1974 1647 2003 καὶ
1666 1974 1706 2003 ὅτι
1721 1977 1799 2004 τοῦτο

1030 2023 1086 2051 τῶν
1095 2022 1198 2062 φύσεων
1210 2022 1316 2052 ἐκείνων
1329 2023 1359 2053 τὸ
1372 2023 1478 2058 κάλλος.
1494 2024 1547 2054 Καὶ
1558 2024 1610 2065 γὰρ
1621 2027 1699 2056 τοῦτο
1709 2028 1726 2061 ἡ
1738 2025 1799 2060 δόξα

1030 2073 1075 2103 καὶ
1088 2075 1104 2109 ἡ
1118 2073 1183 2112 τιμὴ
1197 2074 1242 2103 καὶ
1255 2076 1272 2109 ἡ
1286 2080 1360 2103 πᾶσα
1375 2074 1506 2115 ἀσφάλεια
1515 2096 1523 2110 ,
1534 2075 1564 2104 τὸ
1575 2074 1665 2116 κύκλῳ
1676 2078 1722 2104 τοῦ
1738 2076 1797 2115 θρό-

1031 2137 1075 2155 νου
1099 2125 1196 2155 ἐκείνου
1211 2124 1358 2165 φαίνεσθαι.
1382 2127 1470 2155 Τοῦτο
1484 2126 1529 2155 καὶ
1543 2126 1586 2155 ἐπὶ
1607 2128 1659 2155 τῶν
1681 2126 1799 2166 ἀγγέλων

1031 2175 1102 2206 ἐστὶν
1117 2176 1179 2205 ἰδεῖν
1191 2187 1197 2194 ·
1211 2175 1256 2205 καὶ
1267 2175 1318 2216 γὰρ
1331 2176 1444 2210 ἐκείνους
1458 2177 1613 2216 βουλόμενος
1628 2177 1710 2211 δεῖξαι
1720 2177 1799 2216 μεγά-

1030 2219 1091 2264 λους
1110 2228 1125 2255 6
1147 2227 1260 2266 Χριστὸς
1269 2249 1278 2263 ,
1300 2228 1348 2256 οὔκ
1369 2222 1450 2264 εἶπεν,
1473 2227 1513 2257 ὅτι
1535 2228 1642 2267 ἄγγελοί
1664 2230 1733 2264 εἶσι,
1754 2228 1799 2257 καὶ

1031 2278 1152 2317 ἐσίγησεν
1165 2289 1172 2296 ·
1192 2279 1262 2313 ἀλλ’,
1277 2277 1341 2307 ’Ότι
1361 2280 1385 2307 οἱ
1410 2278 1516 2317 ἄγγελοι
1539 2280 1625 2308 αὐτῶν
1644 2279 1688 2309 διὰ
1702 2280 1800 2313 παντὸς

1033 2328 1160 2366 βλέπουσι
1173 2328 1203 2358 τὸ
1216 2328 1356 2368 πρόσωπον
1373 2331 1419 2358 τοῦ
1433 2328 1538 2369 Πατρός
1553 2341 1603 2368 μου
1619 2332 1664 2359 τοῦ
1677 2331 1704 2358 ἐν
1718 2331 1799 2370 οὖρα-

1043 2419 1217 2451 perpenderit‚
1227 2427 1303 2452 quam
1314 2419 1430 2453 frequens
1441 2419 1531 2453 ubique
1543 2421 1575 2445 sit
1590 2421 1616 2444 in
1630 2419 1799 2446 similitudini-

1044 2458 1090 2483 bus
1101 2458 1305 2492 Chrysostomus.

1076 2498 1090 2516 b
1107 2499 1177 2522 Unus
1189 2497 1265 2523 hahet
1275 2502 1379 2525 ἁπάντων
1391 2505 1435 2525 τῶν
1444 2504 1570 2532 νοημάτων.

1075 2544 1085 2556 ⁰
1102 2535 1232 2570 ὀχημάτων
1243 2538 1313 2563 deest
1324 2539 1349 2563 in
1361 2538 1512 2571 quibusdam
1523 2539 1708 2571 Manuscriptis.

1075 2575 1084 2590 ²¹
1102 2575 1150 2601 Alii
1162 2579 1223 2609 ἐγγὺς
1235 2580 1274 2603 τοῦ
1287 2582 1373 2612 θρόνου.
