1890 2826
83 469 159 490 ,ΤΗ-[η’.
175 468 199 495 14

81 499 104 519 ὑ.

82 654 135 674 dmi.
155 654 187 674 tii.
198 660 211 681 ς)

90 1073 222 1094 ,ΙιιιΙᾸίὶιΖίι

86 1254 108 1269 2.
131 1248 177 1278 (lq¹
204 1249 216 1270 3

89 1286 125 1307 17.

86 1663 180 1685 Λιμι34
192 1670 197 1684 ι
208 1670 224 1684 ι.

94 2028 151 2048 thid.
175 2036 193 2047 v.
207 2036 229 2058 9.

93 2311 145 2332 Act.
158 2312 179 2339 [0.
193 2310 214 2333 8.

91 2347 111 2362 e!
127 2348 152 2370 19

230 207 301 241 (316

231 289 275 310 tur
287 290 362 309 unus
376 280 467 315 mille,
484 286 511 310 et
525 280 582 309 ‹luo
585 281 739 322 fugabunt
754 280 852 309 decem
865 280 970 323 millia,

231 328 285 356 nisi
299 329 369 366 quia
386 327 530 356 Dominus
545 328 667 356 tradidit
682 336 741 363 eos,
757 333 784 356 et
799 328 878 357 Deus
896 336 972 356 ven-

927 218 1107 242 SEVERIANI

1030 279 1150 314 διώξεται
1160 276 1195 313 εἷς
1206 280 1321 319 χιλίους,
1334 280 1377 308 καὶ
1391 279 1436 309 δύο
1448 280 1652 318 μετακινῆσουσι
1666 281 1803 321 μυριάδας,

1031 326 1054 354 εἷ
1067 324 1104 364 μὴ
1119 325 1159 354 ὅτι
1174 324 1271 365 Κύριος
1285 325 1438 365 παρέδωκεν
1452 326 1546 360 αὐτοὺς
1554 349 1562 364 ,
1577 327 1623 356 καὶ
1633 330 1647 357 ὁ
1656 327 1724 361 Θεὸς
1736 327 1805 357 ἀπέ-

231 374 303 402 diclit
317 374 405 402 illos?
420 375 490 411 Lege
503 373 655 413 Scripturas
667 379 693 402 ct
708 373 734 402 in
746 373 860 412 singulis
877 372 975 402 facino·
992 376 1011 400 E
1031 372 1091 400 δοτο
1103 370 1213 407 otis-:0643
1228 371 1369 410 Ἀνάγνωθι
1386 372 1433 405 τὰς
1447 372 1563 412 Γραφὰς,
1576 372 1622 402 καὶ
1636 372 1754 413 εὑρήσεις
1765 374 1805 413 ἐφ’

231 419 306 448 ribus
328 419 446 459 Spiritus
467 419 551 448 sancti
565 419 694 449 virtutem
718 418 892 459 antepositam
915 419 975 448 ani-

232 465 389 495 madvertes.
418 467 559 496 Venerunt
598 465 770 505 Alienigenae,
796 472 822 495 et
859 465 976 505 Spiritus

232 512 339 541 Domini
360 512 467 542 advenit
482 512 508 540 in
522 513 687 541 Samsonem.
704 511 806 541 Insiliit
819 512 899 541 leoet
916 510 976 540 dis-

231 558 328 597 cerpsit
343 558 445 587 leonem
460 565 488 587 ut
508 557 629 587 hoedum.
643 557 760 588 Vinctus
773 564 812 587 est
824 557 917 587 ferreis
929 568 974 587 oa-

232 603 309 640 tonis,
323 610 349 632 et
360 614 429 632 uxor
442 603 503 643 ejus
514 603 548 632 ad
561 614 635 640 eum,
651 603 683 631 A
685 603 838 642 lt‘enigenoe
848 605 879 632 ἱιι
893 603 975 632 Sam-

236 660 341 678 sonem.
371 649 425 679 Sed
456 649 718 688 iterum-Scriptura
747 661 755 677 .-
783 650 823 678 Et
852 649 974 687 Spiritus

236 697 354 724 Domini
379 697 461 725 venit
489 698 520 724 in
545 695 723 731 Samsonem,
738 700 766 723 et
791 695 889 724 soluta
908 700 975 723 sunt

1031 417 1143 446 ἑκάστου
1155 417 1376 456 στρατηγήματος
1388 418 1603 458 προτεταγμένην
1619 422 1665 448 τοῦ
1679 419 1804 458 Πνεύμα-

1031 474 1074 496 τος
1087 462 1135 497 τὴν
1151 462 1296 492 αὖθεντίαν.
1307 458 1408 493 ’Ἦλθον
1422 465 1447 493 οἱ
1462 465 1626 505 Ἀλλόφυλοι,
1637 465 1682 495 καὶ
1693 466 1805 504 Πνεῦμα

1031 509 1129 548 Κυρίου
1141 510 1272 544 κατῆλθεν
1285 509 1330 539 ἐπὶ
1341 510 1471 550 Σαμψών.
1486 510 1594 546 Ἐπήδα
1604 511 1682 547 λέων,
1696 510 1741 541 καὶ
1753 512 1804 541 διε-

1029 554 1146 594 σπάραξε
1160 555 1205 584 τὸν
1224 555 1318 584 λέοντα
1330 557 1366 588 ὡς
1380 556 1477 596 ἔριφον.
1490 556 1587 592 Ἐδέθη
1605 558 1725 597 σιδηραῖς
1740 557 1803 587 ἁλύ-

1029 612 1103 636 σεσι,
1119 600 1164 630 καὶ
1178 603 1195 636 ἡ
1210 601 1275 640 γυνὴ
1300 602 1366 642 πρὸς
1386 603 1479 632 «fix-dv·
1495 604 1649 644 Ἀλλόφυλοι
1666 603 1710 633 ἐπὶ
1722 605 1799 643 Σαμ-

1028 645 1095 684 ψών.
1116 646 1197 675 Ἀλλὰ
1219 646 1299 676 πάλιν
1325 650 1342 683 ἡ
1368 648 1475 688 Γραφή·
1500 649 1553 678 Καὶ
1571 650 1683 687 Πνεῦμα
1703 648 1802 689 Κυρίου

1029 687 1107 727 ἦλθεν
1121 692 1164 721 ε’πὶ
1185 692 1307 732 Σαμψὼν
1317 716 1324 729 ,
1344 693 1389 723 καὶ
1403 693 1509 730 διελύθη
1531 694 1565 724 τὰ
1579 695 1677 734 δεσμὰ,
1691 697 1727 729 ὡς
1739 695 1802 725 ὅταν

233 743 364 778 vincula,
380 750 409 772 ut
433 743 458 771 si
477 747 581 781 stuppa
599 743 707 771 sentiat
728 742 836 780 ignem.
859 741 974 771 Nullum
984 757 1021 776 ως
1029 737 1158 766 στυππίον
1175 738 1308 778 ὀσφρανθῇ
1320 739 1409 779 πυρός.
1421 740 1548 779 Οὐδαμοῦ
1562 740 1686 779 οὐδεμίαν
1697 742 1802 780 εἰσῆγεν

231 791 289 828 ojus
316 789 473 828 praeclarum
495 788 599 817 facinus
622 787 737 824 inducit,
758 797 811 817 non
837 787 976 827 praemissa
992 784 1012 808 A
1029 783 1173 822 ἀριστείαν,
1184 783 1221 822 μὴ
1232 783 1364 823 προτάξας
1373 787 1419 814 τοῦ
1430 785 1587 824 Πνεύματος
1597 786 1645 823 τὴν
1660 786 1800 826 ἐνέργειαν-

233 836 351 875 Spiritus
363 836 490 865 efficacia.
502 834 605 864 Deinde
615 845 677 863 cum
692 834 765 864 omni
775 834 875 865 virtute
887 833 974 863 nuda-

234 889 276 910 tus
298 888 375 918 esset,
393 881 499 910 attende
518 882 616 916 animo,
638 880 706 919 quid
729 880 801 910 dicat
823 880 974 920 Scriptura,

234 938 291 966 (μω
305 928 404 966 ubique
417 926 535 962 dixerat,
548 937 610 956 cum
620 925 730 964 aliquod
740 926 843 955 facinus
850 925 977 965 aggrede-

235 980 318 1009 retur,
328 980 354 1002 et
364 973 494 1008 vinceret,
503 973 626 1012 Spiritus
636 978 758 1002 sanctus
765 972 888 1002 venitin
895 971 978 1001 Sam-

236 1029 344 1047 sonem.
362 1020 504 1057 Postquam
526 1025 608 1059 caput
625 1018 683 1058 ejus
696 1017 837 1047 detonsum
847 1024 898 1054 est,
913 1028 976 1058 pro-

236 1065 292 1094 dito
303 1065 393 1104 gratiae
407 1065 531 1105 pignore,
541 1064 629 1094 statim
644 1064 762 1104 scripsit,
777 1065 818 1094 Et
832 1065 978 1094 Dominus

238 1112 367 1139 discessit
382 1121 401 1139 a
414 1111 563 1140 Samsone.
581 1112 650 1140 Cum
666 1110 826 1150 Alienigenae
836 1117 978 1148 venerunt,

237 1157 357 1195 Spiritus
380 1157 502 1185 Domini
512 1157 662 1186 descendit
676 1159 707 1185 in
725 1158 817 1195 ipsum
831 1169 840 1185 .-
851 1167 914 1186 cum
927 1168 976 1186 au-

238 1210 289 1231 tern
304 1202 418 1237 recessit,
431 1203 478 1238 ait,
495 1203 530 1231 Et
551 1203 694 1231 Dominus
714 1203 843 1232 discessit
857 1205 894 1232 ab
914 1204 977 1233 illo.

166 1257 173 1269 ’
206 1249 274 1278 >⁴Et
290 1250 351 1288 jure
372 1247 481 1286 quidem
503 1261 509 1276 ι
530 1258 591 1277 nam
613 1249 758 1277 Dominus
778 1248 901 1288 Spiritus
923 1257 977 1279 est.

239 1296 293 1323 Nec
306 1294 394 1323 solum
408 1293 435 1321 in
448 1293 541 1324 Veteri
554 1294 722 1322 Testamento
732 1293 760 1322 id
769 1294 976 1332 animadvertes,

237 1340 283 1370 sed
297 1340 376 1369 ctiam
391 1339 417 1368 in
428 1339 566 1379 apostoli&
579 1339 693 1376 Quando
704 1349 826 1378 magnam
835 1340 980 1378 quamdam

237 1394 261 1415 rt
274 1385 468 1426 praecellcntcm
479 1385 604 1415 virtutem
617 1385 717 1415 divinae
729 1385 813 1414 literae
821 1386 977 1426 praedieant‚

240 1433 338 1471 ubique
359 1432 476 1471 Spiritus
499 1431 684 1461 auctoritatem
702 1432 852 1471 praemittit.
872 1432 980 1462 Indueit

240 1477 460 1508 rursusPaulum
473 1477 500 1507 in
514 1478 606 1517 Cypro
615 1477 808 1506 exsecrandum
821 1477 901 1507 illum
915 1479 980 1518 Ely-

238 1535 308 1553 mam
320 1534 428 1563 magum
439 1523 522 1553 verbo
535 1522 699 1562 punientem,
713 1522 786 1561 quod
801 1530 891 1553 contra
905 1525 980 1555 veri—

238 1576 317 1598 tatem
336 1575 467 1608 pugnaret
482 1579 492 1606 ;
515 1575 540 1597 et
558 1568 621 1606 qnia
637 1578 691 1597 rem
713 1568 872 1608 stupendam
886 1579 979 1599 narra-

239 1622 314 1644 turus
335 1622 401 1652 ernt,
423 1615 515 1644 oculos
529 1623 625 1653 nempe
637 1614 720 1643 verbo
740 1614 895 1651 exstinctos,
917 1615 955 1645 ait
971 1629 978 1645 :

239 1664 316 1692 Ecce
329 1672 434 1691 manus
448 1662 570 1691 Domini
583 1663 614 1690 in
630 1667 668 1696 te,
683 1666 711 1690 et
732 1663 789 1690 eris
804 1670 907 1699 caecus,
922 1672 981 1692 non

238 1709 344 1738 videns
367 1708 470 1737 solem.
487 1706 562 1736 Illud
582 1713 670 1735 autem
683 1713 709 1736 et
726 1706 803 1735 Pauli
816 1713 842 1736 et
859 1708 981 1737 omnium

239 1756 393 1784 mortalium
411 1746 531 1784 naiuram
545 1753 699 1793 superabat,
715 1764 811 1793 nempe
825 1755 917 1784 oeulos
929 1755 980 1784 ho-

239 1802 357 1832 minibus
369 1802 451 1832 verbo
465 1801 644 1839 exstinguere.
662 1800 787 1830 Verbum
805 1800 875 1829 enim
890 1801 974 1831 homi-

236 1848 280 1876 rnis
300 1858 352 1877 non
367 1853 453 1876 mutat
470 1853 603 1880 naturam,
619 1855 667 1874 nec
685 1845 778 1873 oculos
801 1854 923 1876 excaecat.
941 1849 982 1877 Ne

240 1894 300 1932 quis
315 1903 377 1932 ergo
396 1893 513 1921 humana
530 1891 612 1920 verba
629 1890 783 1929 respiciens,
799 1891 833 1921 de
846 1903 875 1921 re
888 1894 980 1923 obstu-

1029 823 1097 859 Εῗτα
1112 829 1170 858 ἐπεὶ
1184 829 1275 858 λοιπὸν
1296 830 1435 869 ἐγυμνώθη
1455 833 1502 867 τῆς
1516 831 1666 870 δυνάμεως,
1687 833 1801 874 πρόσεχε

1027 874 1143 914 ἀκριὸῶς
1155 895 1163 909 ,
1177 874 1203 904 τί
1222 876 1408 915 παραδέδωκεν
1426 879 1443 912 ἡ
1465 877 1521 906 θεία
1541 878 1650 918 Γραφὴ,
1663 881 1802 919 πανταχοῦ

1027 919 1156 958 λέγουσα,
1178 920 1222 950 ὅτε
1244 922 1401 962 ἐστρατήγει
1412 946 1420 960 ,
1443 923 1488 953 καὶ
1511 924 1600 960 ἐνίκα,
1625 925 1666 955 ὅτι
1690 927 1801 964 Πνεῦμα

1028 966 1126 1005 Κυρίου
1139 962 1215 1002 ἦλθεν
1226 968 1271 997 ἐπὶ
1282 968 1413 1009 Σαμψών.
1421 969 1488 999 “Ore
1499 969 1609 1011 ἐξυρᾶτο
1617 971 1665 1008 τὴν
1673 972 1800 1012 κεφαλὴν,

1029 1012 1166 1051 προδιδοὺς
1186 1015 1235 1048 τῆς
1253 1013 1362 1054 χάριτος
1374 1015 1404 1045 τὸ
1418 1016 1556 1057 ἐνέχυρον,
1568 1018 1666 1052 εὐθέως
1682 1019 1779 1059 ἔγραφε
1791 1042 1799 1054 ,

1030 1057 1084 1086 Καὶ
1098 1057 1195 1098 Κύριος
1210 1059 1313 1096 ἀπέστη
1333 1060 1385 1090 ἀπὸ
1398 1061 1528 1102 Σαμψών.
1539 1061 1608 1093 “On
1630 1066 1656 1094 οἱ
1675 1064 1800 1105 Ἀλλόφυ-

1028 1105 1086 1140 λοι,
1102 1104 1154 1133 Καὶ
1179 1105 1290 1144 Πνεῦμα
1305 1106 1404 1146 Κυρίου
1423 1109 1553 1143 κατῆλθεν
1576 1110 1618 1139 ἐπ’
1641 1110 1719 1141 αὐτόν
1728 1123 1735 1130 ·
1757 1111 1803 1141 ὅτε

1030 1149 1174 1190 ἀνεχώρει,
1187 1150 1275 1190 λέγει,
1290 1151 1343 1181 Καὶ
1358 1152 1455 1193 Κύριος
1467 1154 1569 1191 ἀπέστη
1583 1155 1630 1185 ἀπ’
1642 1157 1732 1186 αὐτοῦ.
1748 1157 1802 1186 Καὶ

1031 1196 1150 1229 εἰκότως·
1162 1198 1177 1226 ὁ
1187 1196 1239 1236 γὰρ
1254 1197 1350 1237 Κύριος
1363 1198 1394 1228 τὸ
1408 1199 1519 1239 Πνεῧμά
1532 1201 1613 1231 ἐστιν.
1628 1203 1669 1232 Οὐ
1682 1202 1760 1241 μόνον
1774 1202 1802 1232 δὲ

1032 1243 1058 1271 ἐν
1082 1244 1115 1281 τῇ
1139 1243 1248 1282 Παλαιᾷ
1270 1243 1370 1279 ταύτην
1384 1245 1504 1285 εὑρήσεις
1523 1246 1572 1283 τὴν
1592 1247 1719 1288 θεωρίαν,
1734 1249 1803 1279 ἀλλὰ

1032 1289 1075 1317 καὶ
1089 1290 1116 1318 ἐν
1127 1293 1181 1322 τοῖς
1194 1290 1357 1324 ἀποστόλοις.
1369 1290 1456 1321 εὈτοιν
1468 1292 1527 1322 τινὰ
1538 1294 1657 1333 μεγάλην
1670 1297 1716 1332 καὶ
1724 1297 1804 1336 ὕπερ·

997 1347 1015 1370 13
1033 1333 1183 1363 ὅάλλουσαν
1200 1334 1309 1374 δύναμιν
1326 1336 1443 1376 κηρύττῃ
1458 1338 1491 1367 τὰ
1505 1341 1562 1369 θεῖα
1570 1339 1655 1379 λόγια,
1666 1343 1803 1381 πανταχοῦ

1032 1381 1078 1408 τοῦ
1089 1379 1245 1419 Πνεύματος
1256 1381 1303 1417 τὴν
1318 1382 1454 1411 αὖθεντίαν
1465 1384 1619 1422 προτάττει.
1635 1385 1745 1425 Εἶσάγει
1757 1386 1802 1415 τὸν

1032 1426 1139 1455 Παῦλον
1151 1427 1178 1455 ἐν
1189 1428 1222 1466 τῇ
1237 1427 1339 1468 Κύπρῳ
1351 1428 1422 1468 λόγῳ
1432 1429 1628 1469 τιμωρούμενον
1641 1430 1686 1460 τὸν
1700 1432 1802 1472 ἐπάρα-

1031 1482 1076 1500 τον
1087 1473 1184 1501 ἐκεῖνον
1193 1472 1314 1511 Ἐλύμαν
1323 1473 1368 1503 τὸν
1382 1474 1476 1513 μάγον,
1487 1475 1532 1505 τὸν
1543 1476 1612 1506 κατὰ
1623 1479 1671 1513 τῆς
1680 1478 1802 1514 ἀληθείας

1033 1518 1248 1556 στρατευόμενον,
1262 1519 1307 1548 καὶ
1320 1520 1411 1556 ἐπειδὴ
1424 1520 1518 1559 ἔμελλε
1531 1527 1644 1562 πρᾶγμα
1657 1524 1803 1563 διηγεῖσθαι

1034 1561 1115 1598 ξένον,
1127 1564 1139 1576 *
1149 1563 1198 1603 ὅρα
1211 1564 1361 1604 ὀφθαλμοὺς
1371 1565 1442 1606 λόγῳ
1456 1567 1653 1607 σὸεννυμένους·
1663 1568 1731 1599 Ἰδοὺ
1740 1570 1803 1610 γὰρ,

1033 1608 1108 1647 φησὶ,
1121 1609 1180 1648 χεὶρ
1193 1610 1291 1649 Κυρίου
1302 1610 1345 1639 ἐπὶ
1357 1610 1401 1649 σὲ,
1412 1612 1457 1642 καὶ
1470 1612 1517 1652 ἔσῃ
1532 1614 1636 1654 τυφλὸς,
1647 1614 1686 1653 μὴ
1699 1615 1803 1653 βλέπων

1033 1654 1077 1684 τὸν
1089 1655 1173 1691 ἥλιον.
1192 1657 1280 1686 Τοῦτο
1293 1657 1321 1686 δὲ
1334 1657 1489 1698 ὗπερέὸαινε
1501 1658 1550 1695 τὴν
1561 1660 1670 1690 Παύλου
1679 1661 1724 1690 καὶ
1735 1662 1804 1692 πάν-

1033 1712 1086 1730 των
1095 1701 1240 1741 ἀνθρώπων
1254 1702 1344 1743 φύσιν,
1353 1703 1424 1743 λέγω
1436 1704 1468 1741 δὴ
1480 1705 1510 1733 τὸ
1519 1705 1646 1746 ἀφανίσαι
1655 1708 1804 1747 ὀφθαλμοὺς

1033 1746 1104 1787 λόγῳ
1118 1748 1265 1787 ἀνθρώπου.
1279 1749 1365 1788 Λόγος
1381 1745 1426 1779 οὖν
1440 1750 1578 1791 ἀνθρώπου
1598 1754 1628 1782 οὗ
1642 1754 1804 1792 μεταὸάλλει

1033 1793 1120 1832 φύσιν,
1134 1793 1194 1822 οὔτε
1207 1795 1300 1834 τυφλοῖ
1311 1795 1359 1830 τὴν
1372 1795 1442 1835 ὄψιν.
1458 1796 1518 1826 Ἵνα
1531 1793 1575 1827 οἶν
1587 1798 1626 1836 μή
1637 1811 1676 1832 τις
1687 1800 1804 1830 ἀποὸλέ-

1033 1839 1084 1877 ψας
1099 1840 1136 1871 εἷς
1149 1838 1182 1868 τὰ
1197 1839 1347 1879 ἀνθρώπινα
1361 1841 1482 1880 ῥήματα,
1497 1842 1599 1883 ξενισθῇ
1613 1845 1673 1884 περὶ
1688 1845 1721 1874 τὰ
1735 1846 1803 1886 πρά·

1034 1894 1138 1922 γματα,
1158 1884 1203 1914 καὶ
1224 1885 1334 1924 νομίσας
1354 1887 1556 1926 πεπλανημένον
1579 1885 1646 1918 εἶναι
1668 1890 1698 1919 τὸ
1713 1893 1802 1930 ῥῆμα,

236 1945 405 1978 pesceret‚et
419 1936 628 1966 commentitium
643 1935 772 1973 quiddam
795 1936 849 1965 dici
863 1945 980 1976 putaret,
999 1942 1018 1965 C
1034 1929 1176 1967 προτάττει
1189 1930 1270 1959 πάλιν
1283 1932 1300 1965 ἡ
1315 1931 1408 1971 Γραφὴ
1425 1935 1469 1962 τοῦ
1481 1933 1635 1972 “stay-“²¹⁰6
1649 1935 1697 1971 Τὴν
1711 1938 1803 1966 αὐθεν-

241 1983 378 2023 praemittit
392 1983 489 2011 iterum
502 1981 640 2020 Scriptura
660 1981 778 2020 Spiritus
795 1983 879 2012 sancti
891 1992 982 2014 aucto-

236 2030 358 2059 ritatem.
387 2030 479 2063 Tunc,
498 2027 596 2065 inquit,
615 2027 730 2056 Paulus
749 2028 857 2067 Spiritu
880 2038 982 2060 sancto

243 2075 367 2114 repletus
381 2081 422 2102 azt
441 2074 498 2102 illi.
523 2073 611 2102 Habes
626 2079 652 2101 ct
672 2073 752 2102 aliam
766 2074 836 2103 eirca
850 2075 983 2114 Spiritum

243 2127 362 2149 sanctum
374 2118 626 2148 demonstrationem
647 2130 653 2145 ι
675 2118 696 2146 si
719 2119 780 2156 quis
802 2119 882 2149 homo
906 2122 983 2151 rudis

242 2165 350 2202 melius,
373 2175 453 2203 quam
476 2163 587 2193 facultas
609 2163 685 2198 serat,
709 2163 835 2202 loquatur
855 2177 862 2194 :
887 2177 981 2197 verum

242 2212 310 2241 hanc
329 2221 423 2240 rursus
444 2209 625 2249 operationem
645 2208 784 2248 Scriptura
797 2211 911 2250 Spiritui
933 2213 981 2242 ad-

242 2257 343 2287 scribit.
361 2255 489 2295 Exempli
502 2255 597 2295 gratia‚
611 2256 704 2284 Petrus
720 2262 746 2284 et
759 2257 875 2286 Joanues
888 2258 915 2286 in
930 2260 982 2289 Ju—

242 2304 360 2333 daeorum
383 2301 529 2341 frequentia
550 2300 740 2330 concionantur
757 2314 766 2330 .·
779 2303 821 2331 Et
835 2309 913 2338 tunc,
932 2305 980 2342 ait,

243 2351 349 2380 Petrus
365 2349 470 2389 plenus
479 2348 592 2386 *Spiritu
613 2353 714 2376 sancto
735 2348 811 2376 dixit
830 2350 872 2378 ad
888 2361 978 2389 popu-

243 2398 302 2426 lum
323 2409 330 2425 :
350 2397 403 2425 An
412 2396 527 2434 justum
544 2400 588 2423 est
608 2394 640 2422 in
662 2401 816 2433 conspeetu
839 2396 907 2434 Dei,
926 2408 980 2427 vos

238 2445 334 2480 potius
347 2442 461 2476 audire,
475 2450 565 2479 quam
583 2439 690 2476 Deum,
705 2450 759 2469 vos
766 2441 909 2479 judicate.
923 2444 979 2472 Cur

1033 1974 1103 2002 τίαν.
1126 1974 1195 2022 Τότε
1218 1975 1266 2011 δὴ,
1287 1977 1381 2015 φησὶν,
1400 1979 1414 2006 ὁ
1435 1979 1541 2012 Παῦλος
1559 1980 1713 2019 Πνεύματος
1727 1983 1801 2021 ἁγίου

1034 2019 1160 2054 πλησθεὶς
1170 2023 1227 2048 εἰπε
1241 2020 1307 2060 πρὸς
1318 2022 1404 2052 αὐτόν.
1415 2022 1507 2063 Ἔχεις
1516 2025 1561 2053 καὶ
1570 2025 1662 2065 ἑτέραν
1672 2027 1803 2063 ἀπόδειξιν

1034 2064 1202 2103 Πνεύματος·
1217 2065 1262 2094 ἐὰν
1277 2067 1343 2106 ὑπὲρ
1357 2068 1465 2107 δύναμιν
1481 2070 1586 2107 ἰδιώτης
1598 2072 1702 2113 λαλήσῃ
1712 2085 1718 2092 ·
1733 2075 1801 2104 ἀλλὰ

1034 2111 1114 2140 πάλιν
1124 2113 1147 2160 ζὴ
1162 2112 1255 2151 Γραφὴ
1270 2114 1309 2152 τῷ
1326 2114 1464 2153 Πνεύματι
1483 2116 1531 2153 τὴν
1545 2117 1676 2158 ἐνέργειαν
1690 2121 1801 2162 ἐπιγρά-

1034 2169 1086 2197 φει.
1101 2159 1175 2194 Οἱον,
1190 2159 1335 2199 δημηγορεῖ
1346 2161 1449 2201 Πέτρος
1461 2163 1506 2192 καὶ
1517 2164 1641 2202 Ἰωάννης
1651 2167 1677 2195 ἐν
1686 2168 1724 2206 τῷ
1734 2168 1802 2204 πλή-

1035 2206 1074 2232 θει
1083 2206 1135 2233 τῶν
1146 2205 1278 2234 Ἰουδαίων
1286 2218 1292 2224 ·
1305 2206 1358 2235 Καὶ
1366 2207 1434 2244 τότε,
1445 2209 1534 2248 φησὶν,
1543 2212 1557 2239 ὁ
1568 2210 1670 2251 Πέτρος
1678 2214 1804 2249 πλησθεὶς

1035 2249 1189 2287 Πνεύματος
1200 2250 1275 2290 ἁγίου
1287 2247 1344 2282 εἶπε
1357 2253 1422 2293 πρὸς
1434 2255 1478 2284 τὸν
1493 2255 1556 2285 λαόν
1565 2268 1571 2275 ·
1584 2258 1608 2286 εἷ
1619 2257 1719 2288 δίκαιόν
1732 2261 1803 2289 ἐστιν

1034 2295 1144 2326 ἐνώπιον
1159 2301 1204 2327 τοῦ
1215 2299 1296 2335 Θεοῦ,
1308 2300 1381 2338 ὑμῶν
1396 2302 1499 2331 ἀκούειν
1513 2304 1626 2342 μᾶλλον,
1638 2304 1656 2341 ἣ
1665 2308 1711 2335 τοῦ
1722 2308 1803 2343 Θεοῦ,

1034 2341 1150 2381 κρίνατε.
1171 2343 1223 2372 Διὰ
1245 2344 1272 2373 τί
1295 2341 1354 2381 οὖν,
1374 2348 1508 2383 Πλησθεὶς
1532 2350 1688 2390 Πνεύματος
1710 2352 1802 2391 ἆγίου,

1034 2387 1144 2424 Ἐπειδὴ
1159 2388 1266 2425 ἰδιώτην
1280 2391 1449 2431 ὓπερέὸαινεν
1462 2396 1479 2430 ἡ
1491 2396 1641 2435 παῤῥησία,
1654 2397 1696 2426 ἵνα
1710 2398 1749 2436 μή
1763 2411 1803 2432 τις

1033 2434 1069 2466 εἷς
1083 2433 1125 2463 τὸν
1139 2435 1215 2464 ἁλιέα
1230 2437 1392 2478 ἀποὲλέψας,
1409 2441 1544 2480 ἀπιστήσῃ
1558 2444 1593 2482 τῇ
1607 2443 1744 2484 παῤῥησίᾳ
1754 2448 1800 2474 τοῦ

240 2500 302 2528 ergo
315 2488 427 2522 dieitur,
441 2487 553 2516 Plenus
564 2485 673 2524 Spiritu
684 2489 806 2515 sancto?
817 2488 888 2524 Quia
906 2489 978 2519 indo·
998 2491 1016 2514 D
1032 2481 1109 2521 λόγου
1123 2486 1169 2512 τοῦ
1184 2484 1258 2523 ἁγίου
1268 2506 1276 2520 ⁹
1293 2486 1420 2526 προέταξε
1433 2490 1480 2517 τοῦ
1495 2489 1570 2529 ἁγίου
1583 2491 1740 2530 Πνεύματος
1752 2493 1800 2529 τὴν

240 2543 312 2564 ctum
334 2533 478 2563 excedebat
500 2532 557 2560 haec
578 2531 705 2570 loquendi
730 2531 841 2570 fiducia,
865 2544 897 2563 ne
917 2536 977 2574 quis

271 2615 282 2626 '⁴‘
302 2612 394 2647 [Savil.
409 2615 452 2646 ὅρα
465 2611 560 2635 uncinis
572 2609 695 2642 inclusit-l

1032 2538 1134 2577 σοφίαν,
1145 2538 1186 2568 ἵνα
1198 2539 1235 2578 μὴ
1248 2541 1385 2580 θαυμάσῃς
1396 2542 1444 2578 τὴν
1455 2543 1593 2583 χορηγίαν.
1607 2546 1800 2585 Σκοπ-ἡσωμεν,
