1890 2826
92 532 148 554 Cen.
171 531 194 554 3.
210 537 231 554 1.

78 2556 203 2583 Nngacissi—

62 2588 91 2607 zui
109 2587 203 2609 Groeculi

63 2618 200 2642 declamatio.

240 183 312 219 636

237 257 369 294 mortalis,
381 266 444 285 cum
461 255 574 296 gratiam
589 254 731 301 accepisset
749 261 778 285 ut
790 265 872 285 manu
884 255 979 286 Omni—

238 297 362 337 potcntis,
373 297 543 332 formaretur,
557 302 583 325 et
599 294 693 326 divina
710 293 867 364 dignatione
882 294 981 324 huma-

238 346 305 365 num
318 346 412 366 nomen
425 334 534 364 sortitus
548 342 627 372 esset,
641 335 740 364 ubi'au

239 386 310 411 nem,
332 386 385 414 qua
403 375 503 414 dignus
519 376 574 404 non⁴
595 381 662 411 erat,
678 374 736 414 ejus
753 384 832 414 opere
848 381 978 412 assumto,
996 348 1182 415 Αεπωνυμῗας
1191 377 1234 406 διὰ
1244 378 1401 414 δεσποτικῆς

238 415 274 444 ad
283 415 433 446 divinitatis
445 414 603 453 dignitatem
614 421 702 443 mente
714 413 862 451 advolavit,
877 417 979 444 et'con-

239 461 279 484 tra
293 455 424 495 Opificem
438 454 592 484 calcaneum
604 454 686 483 miser
698 453 808 483 sustulit
823 466 830 482 ι
844 452 980 493 quomodo

241 502 330 524 autem
351 494 426 523 audi.
441 493 576 523 Accedens
595 493 711 524 callidus
731 503 839 533 serpens
856 493 924 532 q'uid
943 493 982 523 eit

242 534 368 564 mulieri?
383 535 444 564 Cur
454 535 590 573 proecepit
601 535 687 563 vobis
698 534 779 563 Deus
793 542 830 561 ne
843 533 981 563 comede-

241 577 310 604 retis
323 574 472 616 defructu
481 574 610 603 scientioe
621 573 726 602 boniet
737 573 828 602 mali?
838 573 981 612 Quacum-

241 625 298 654 que
314 614 361 643 die
381 614 562 643 comederitis
585 623 627 648 ex,
639 622 694 649 eo,
716 614 883 652 aperientur
902 612 980 641 oculi

240 654 343 690 vestri,
363 660 391 683 et
405 654 502 689 ‘ericio
515 654 590 682 sicut
604 652 658 688 dii,
678 653 800 682 scientes
827 653 935 681 bonum
951 658 980 682 et

240 695 360 723 malum.
377 692 475 728 Vides,
490 692 611 728 auditor,
632 691 736 722 inimici
755 691 890 721 mentem?
903 690 980 722 vides

240 732 387 763 seductoris
413 732 598 762 offendicula?
618 731 696 762 vides
721 741 804 772 quam
819 730 980 771 versipellis

239 772 284 809 sit,
297 772 397 812 quibus
416 772 506 803 verbis
526 772 614 801 Evam
630 770 775 802 inescarit?
791 772 981 811 Quacumque

239 813 288 841 die
301 812 483 842 comederitis
493 812 530 840 de
538 811 618 851 ligno
625 812 719 849 vetito,
728 812 894 852 aperientur
901 811 980 840 oculi

239 855 342 888 vestri,
348 859 374 881 et
386 854 467 881 eritis
481 853 556 880 sicut
567 852 618 888 dii,
624 853 745 881 scientes
758 853 865 887 bonum
880 856 909 878 et
917 859 981 879 ma-

240 892 311 922 lum.
336 894 361 922 Ο
386 891 489 921 malum
514 890 663 921 seductoris
686 889 846 921 consilium!
869 890 886 919 o
909 889 979 918 infa-

238 934 330 970 miam,
346 931 546 971 quam-dolosis
564 931 656 962 verbis
677 930 786 960 mulieri
805 929 978 959 conciliavit!

238 983 254 1002 ο
275 972 397 1008 insidias,
415 970 516 1009 quibus
534 970 563 1000 in
583 970 751 1011 profundum
768 969 866 1000 inferni
888 969 982 1010 dejicit

237 1023 310 1049 eum,
320 1012 367 1070 qui
379 1021 428 1051 per
437 1010 488 1040 Dei
499 1010 668 1040 clementiam
679 1010 707 1039 in
719 1010 836 1040 sublime
847 1008 980 1042 deductus

237 1053 338 1081 suerat.
353 1053 414 1081 Non
432 1049 523 1080 nudus
541 1049 598 1079 adit
618 1050 706 1080 Evam
729 1049 839 1080 dolosus
859 1050 917 1087 ille',
932 1051 980 1082 sed
995 1061 1013 1085 Β

236 1091 366 1132 serpentis
387 1090 483 1119 habitu
503 1090 645 1119 mulierem
658 1089 817 1128 alloquitur,
830 1097 861 1119 ut
881 1091 979 1122 inescet

236 1141 304 1168 eam,
319 1137 346 1160 et
358 1129 438 1159 dictis
451 1131 506 1159 suis
516 1130 705 1168 obsequentem
718 1137 792 1170 paret
799 1141 809 1169 ς
822 1140 884 1160 nam
895 1131 919 1161 si
930 1142 979 1161 sua

235 1170 386 1199 accessisset
401 1169 497 1206 forma,
510 1170 569 1199 Eva
588 1169 677 1198 statim
688 1169 836 1206 resiliisset,
849 1177 876 1200 et
888 1171 923 1200 ad
935 1171 977 1202 vi-

236 1221 297 1238 rum
319 1220 399 1238 suum
419 1209 575 1248 aufugisset.
589 1210 695 1238 Verum
717 1208 827 1239 indutus
849 1211 979 1250 serpentis

234 1249 318 1277 forma
333 1248 483 1287 versipellis
498 1248 555 1285 ille,
569 1247 726 1286 hujusmodi
738 1248 830 1278 ’verbis
847 1249 924 1279 illam
935 1251 975 1280 af-

234 1289 303 1317 fatus
330 1294 369 1317 est
384 1300 390 1316 :
409 1286 543 1316 Accedens
566 1286 602 1315 ad
626 1286 834 1325 contingendum
859 1289 975 1329 lignum,

233 1327 308 1366 quod
326 1327 404 1358 vobis
420 1326 558 1355 comedere
571 1325 657 1356 vetuit
668 1327 751 1363 Deus,
766 1326 838 1356 illud
857 1328 975 1368 inspice;

233 1367 383 1407 speciosum
402 1365 489 1395 oculis
513 1365 567 1395 tuis
587 1365 708 1400 offertur,
734 1373 760 1395 et
779 1365 815 1395 ad
833 1367 976 1397 comeden—

233 1407 300 1435 dum
313 1406 355 1435 ori
367 1412 414 1434 tuo
428 1412 534 1444 gratum
547 1405 607 1434 erit.
624 1405 686 1434 Jam
699 1404 880 1436 formidabilis
893 1417 921 1436 es
937 1407 976 1437 fe-

233 1446 271 1475 ris
283 1453 309 1475 et
323 1445 491 1482 volatilibus,
510 1443 709 1474 formidabilior
727 1445 794 1484 ipsis
812 1453 873 1486 post
891 1447 976 1487 degu-

232 1492 330 1515 statum
343 1485 460 1514 fruetnin
475 1484 611 1515 videberis
625 1495 632 1512 ε
646 1483 775 1514 hactenus
788 1491 813 1514 te
825 1485 909 1515 forma
923 1487 976 1516 hu-

231 1535 310 1554 mana
334 1523 529 1554 circumdatum
555 1522 735 1562 conspiciunt,
747 1524 805 1564 jam
831 1535 895 1555 vero
914 1533 976 1566 post

230 1564 400 1604 degustatum
422 1564 542 1592 fructum
563 1562 658 1593 divina
688 1563 774 1591 forma
797 1563 930 1602 indueris,
950 1574 976 1597 et

229 1614 371 1643 cognosces
389 1603 491 1632 honum
504 1610 530 1632 et
549 1603 661 1632 malum.
677 1602 754 1631 Nihil
766 1603 818 1632 erit
830 1604 916 1634 oculis
930 1615 976 1635 oce

230 1644 334 1673 cultum
348 1643 455 1678 vestris,
465 1642 536 1671 nihil
547 1641 653 1671 auditui
665 1648 754 1671 vestro
766 1642 954 1674 absconditum
961 1657 972 1685 ,-

230 1683 277 1712 sed
291 1683 380 1712 omnia
398 1682 518 1712 visibilia
531 1689 557 1712 et
570 1680 719 1713 invisibilia
733 1681 809 1711 vobis
823 1690 902 1713 erunt
915 1695 972 1715 ma-

229 1723 323 1752 nifesta
341 1729 368 1753 et
386 1721 540 1761 conspicua.
555 1722 722 1761 Illaqueatur
742 1731 805 1761 ergo
823 1722 971 1755 seductoris
987 1735 1006 1759 c

228 1762 318 1792 verbis
342 1762 460 1791 mulier:
475 1762 616 1802 primoque
635 1761 766 1800 serpentis
790 1762 921 1800 promissa
943 1764 971 1794 in

228 1809 334 1840 pectore
345 1800 482 1837 describit,
496 1807 521 1830 et
535 1807 627 1830 contra
636 1799 810 1830 Conditorem
824 1812 904 1832 suum
915 1804 970 1833 cal-

226 1851 338 1870 caneum
358 1840 471 1870 extollit.
486 1840 590 1869 Deinde
609 1840 700 1870 virum
712 1839 780 1876 adit,
793 1851 908 1882 eumque
928 1843 971 1874 his

226 1881 316 1910 verbis
336 1881 399 1909 felle
420 1879 601 1909 amarioribus
626 1878 794 1917 alloquitur:
809 1881 866 1910 Cur
890 1883 970 1913 nobis

224 1920 352 1960 praecepit
374 1921 447 1949 Deus
469 1917 502 1948 ne
525 1919 723 1948 comederemus
749 1918 784 1948 de
802 1919 854 1949 hoc
874 1920 970 1967 ligno?

225 1960 403 1998 Quacumque
416 1959 461 1988 die
474 1957 654 1994 comedemus,
668 1957 821 1997 aperientur
837 1961 910 1990 ocuh
923 1972 969 1991 no-

224 1998 284 2034 stri,
298 2005 323 2028 et
343 2008 531 2036 cognoscemus
551 1997 653 2026 bonum
670 2003 696 2025 et
715 1998 827 2028 malum.
845 1999 869 2029 O
883 2001 970 2040 pessiss

224 2047 299 2066 mum
314 2036 473 2067 consilium!
486 2047 502 2065 o
515 2037 598 2067 verba
611 2037 673 2066 felle
687 2037 835 2067 amariora!
849 2040 911 2075 Non
922 2040 966 2070 vi-

224 2075 265 2105 dit
277 2077 364 2106 oculis
377 2077 432 2106 suis
446 2077 537 2105 lumen
555 2076 687 2111 veritatis,
702 2085 754 2104 non
771 2078 876 2117 excepit
895 2080 967 2109 auri-

223 2115 275 2145 bus
290 2116 377 2156 ipsius
395 2116 458 2144 vitaz
471 2125 630 2151 sermonem,
644 2125 696 2144 non
710 2117 827 2155 gustavit
839 2128 886 2147 ore
902 2118 968 2148 du1-·

223 2155 344 2184 cedinem
365 2155 501 2184 clementis
517 2155 638 2191 Domini,
649 2165 700 2184 non
713 2156 823 2195 contigit
840 2157 964 2189 manibus

221 2195 278 2224 suis
291 2195 360 2224 lucis
371 2196 491 2235 januam.
504 2195 572 2224 Ante
582 2194 707 2239 copulam
716 2194 807 2224 virum
816 2206 895 2226 suum
905 2198 963 2228 Deo

221 2234 340 2264 alienum
359 2235 421 2264 fecit
432 2246 441 2268 ;·
454 2241 514 2263 ante
532 2233 755 2263 cohabitationem
776 2245 863 2274 regem
877 2237 964 2268 effecit

219 2285 382 2315 pauperem3
397 2281 456 2303 ante
476 2276 625 2313 susceptam
644 2273 747 2313 prolem
768 2273 833 2303 filiis
847 2276 961 2306 maledi-

218 2314 334 2343 ctionem
346 2313 503 2355 procuravit
518 2320 679 2351 3antequam
692 2313 762 2341 filios
776 2312 899 2352 filiasque
908 2326 960 2355 pa·
975 2329 995 2351 1)

218 2361 303 2390 reret,
329 2353 456 2383 exsilium
489 2348 631 2393 neptfflbus'
662 2351 777 2394 adduxit
788 2363 796 2386 ;
818 2360 960 2393 antequam

216 2404 278 2422 cnm
288 2393 350 2423 viro
361 2393 504 2429 habitaret,
518 2403 552 2422 ex
565 2391 690 2432 paradiso
701 2392 781 2421 illum
793 2391 958 2424 deturbavit.

215 2433 240 2461 O
262 2430 425 2472 nequitiam!
440 2443 456 2462 o
469 2431 671 2472 insipientiam!
685 2441 701 2460 ο
719 2431 870 2461 fallaciam!
885 2434 958 2463 Ver-

214 2472 256 2501 his
274 2473 329 2501 suis
349 2472 378 2501 id
396 2472 456 2502 viro
480 2471 584 2508 suadet,
601 2471 644 2500 illi
664 2470 819 2511 decerptum
838 2472 958 2502 {ructum

214 2512 300 2548 offert,
314 2522 428 2550 eumque
449 2511 476 2540 in
497 2510 665 2551 profundum
681 2510 778 2540 inferni
790 2510 893 2552 dejicit,
909 2513 957 2551 qui

213 2552 275 2580 seris
302 2559 328 2580 et
351 2551 508 2582 volatilibus
534 2550 659 2580 sublimis
684 2550 828 2581 videbatur
850 2564 857 2580 ι
884 2551 956 2591 deji-

213 2595 248 2625 cit
266 2602 380 2626 mentem
394 2594 514 2624 omninm
529 2605 588 2635 qnae
603 2594 654 2625 sub
671 2594 736 2625 caelo
757 2602 819 2625 sunt
835 2595 955 2627 sinceris-

762 334 813 364 ivit
824 334 979 382 appellatio-
987 356 1023 377 1⁵4⁵
1031 335 1086 376 φὼς
1100 349 1144 377 χει
1160 336 1171 366 l
1185 338 1237 366 ’τοῦ
1250 338 1424 378 Παντοκράτο

971 193 1107 231 spuma.

1030 257 1076 286 καὶ
1087 256 1138 294 τὴν
1151 257 1293 298 φρένα-τῆς
1305 258 1387 292 Εὔας.
1401 258 1436 289 Ὁ
1448 258 1500 299 γὰρ
1515 259 1547 289 ἐκ
1559 260 1608 299 γῆς
1621 258 1712 300 χοῖκὸς
1725 259 1802 300 γενό-

1031 308 1108 335 μενος
1118 297 1259 334 ἀθάνατος,
1271 297 1318 327 ’καὶ
1333 298 1381 335 τὴν
1394 298 1468 334 ἀξίαν
1482 300 1531 335 τῆς
1551 300 1715 334 διαπλάσεως
1726 301 1802 352 εἷ’λη-

1411 350 1484 412 aiii}
1493 338 1802 418 {zlisssstt‘vssffilssi

1031 415 1076 445 καὶ
1089 411 1121 451 ἧς
1134 417 1182 445 οὔκ
1192 412 1225 452 ἦν
1240 416 1310 450 ἄξιος
1322 417 1500 458 προσηγορίας
1513 418 1637 454 ἀκούσας,
1646 418 1745 455 ταύτης
1755 419 1803 449 καὶ

1034 455 1083 491 τὴν
1097 455 1192 495 πρᾶξιν
1205 455 1334 496 εἰληφὼς,
1348 459 1386 491 εἰς
1397 456 1518 492 θεότητος
1526 457 1602 492 ἀξίαν
1612 458 1656 488 τὸν
1666 461 1726 487 νοῦν
1740 460 1802 488 ἑαυ-

1033 498 1080 524 τοῦ
1095 494 1273 536 ἄνεπτέρωσε,
1287 496 1414 526 καὶκατὰ
1424 499 1472 526 τοῦ
1485 496 1604 527 πλάστου
1621 499 1702 527 αὐτοῦ
1718 498 1803 538 πτέρ-

1034 545 1080 563 ναν
1094 536 1108 563 ὁ
1121 535 1208 569 ἄθλιος
1222 537 1303 576 ἐπῆρε
1312 548 1319 555 ·
1334 536 1379 565 καὶ
1393 536 1465 570 ὅπως
1485 536 1572 566 ἄκουε.
1593 537 1630 567 ‘O
1647 537 1699 578 γὰρ
1721 537 1801 567 κακό-

1033 573 1126 607 ἃουλος
1146 574 1204 614 ὄφις
1223 575 1390 615 προσελθὼν,
1403 575 1430 606 τί
1443 587 1508 617 φησι
1526 578 1561 616 τῇ
1574 577 1679 617 γυναικί
1685 589 1694 614 3
1709 577 1746 607 Τί
1760 577 1803 607 ὅτι

1033 613 1179 643 ἐνετείλατο
1190 617 1252 654 ὑμῖν
1264 617 1278 644 ὁ
1291 615 1359 649 Θεὸς
1377 617 1407 645 ἐκ
1425 618 1471 645 τοῦ
1485 628 1520 646 κα
1570 619 1587 627 ’““
1607 619 1653 647 τοῦ
1663 616 1802 657 γινώσκειν

1032 654 1113 683 καλὸν
1124 653 1169 683 καὶ
1177 654 1292 695 πονηρὸν
1302 655 1339 695 μὴ
1352 659 1443 695 φαγεῖν
1451 668 1459 693 3
1468 650 1507 699 ῗῌ
1519 628 1588 685 ἔπέί
1600 656 1689 698 ἡμέρᾳ
1699 657 1802 698 φάγητε

1033 693 1081 721 ἀπ’
1101 694 1197 729 αὐτοῦ,
1218 695 1445 735 διανοιχθήσονται
1465 697 1539 734 ὑμῶν
1552 697 1577 724 οἱ
1595 698 1742 737 ὀφθαλμοὶ,
1756 695 1802 727 καὶ

1033 733 1121 762 ἔσεσθε
1129 735 1165 766 ὡς
1172 733 1406 773 θεοὶ,γινώσκοντες
1412 734 1493 765 καλὸν
1499 735 1544 765 καὶ
1550 747 1617 772 πονη
1621 737 1672 778 ρόν.
1679 737 1804 771 Βλέπεις,

1034 772 1161 812 ἀκροατὰ,
1174 776 1220 802 τοῦ
1234 775 1328 814 ἐχθροῦ
1343 774 1392 811 τὴν
1405 774 1537 812 ἐπίνοιαν;
1551 776 1657 816 βλέπεις
1669 780 1716 807 τοῦ
1729 778 1802 807 πλά-

1033 823 1077 841 νου
1091 812 1124 841 τὰ
1136 812 1284 852 σκᾴνδαλα;
1297 816 1360 854 δρᾷς
1370 811 1422 849 οἷος
1434 814 1600 850 πολύπλοκος
1609 816 1655 854 ὢν,
1664 817 1708 847 διὰ
1718 817 1803 848 ποίων

1035 852 1162 891 ῥημάτων
1175 852 1296 883 ἐδελέασε
1310 853 1358 890 τὴν
1372 854 1459 890 Eam
1469 850 1507 896 ᾟ
1522 856 1545 885 δ’
1558 855 1588 885 ἂν
1602 856 1691 898 ἡμέρᾳ
1698 857 1801 898 φάγητε

1033 891 1143 921 ἀπὸτοῦ
1157 893 1371 932 ἀπηγορευμένου
1387 894 1473 930 ξύλου,
1489 896 1715 935 διανοιχθήσονται
1725 899 1803 936 ὑμῶν

1033 932 1058 959 οἱ
1071 932 1216 971 ὀφθαλμοὶ,
1229 933 1275 962 καὶ
1288 932 1378 963 ἔσεσθε
1397 935 1434 967 ὡς
1451 935 1518 970 θεοὶ,
1535 935 1707 974 γινώσκοντες
1719 937 1802 967 καλὸν

1032 971 1078 999 καὶ
1090 982 1158 1007 πονη
1177 972 1215 1001 όν.
1231 971 1269 1002 Ὦ
1283 971 1333 1008 τῆς
1342 974 1515 1008 κακοδουλίας
1525 978 1571 1004 τοῦ
1586 975 1686 1006 πλάνου
1695 987 1702 994 ·
1717 976 1739 1006 ὢ
1752 978 1802 1012 τῆς

1033 1010 1140 1049 ἀτιμίας
1184 1023 1196 1045 ς
1215 1012 1369 1052 προσήγαγε
1390 1013 1433 1042 διὰ
1452 1014 1544 1044 δολίων
1565 1015 1691 1054 ῥημάτων
1702 1018 1736 1052 τῆ
1749 1028 1800 1056 γυ-

1033 1049 1105 1079 ναικί
1112 1062 1119 1069 ·
1132 1050 1155 1080 ὣ
1165 1053 1214 1087 τῆς
1226 1051 1340 1092 ἐνέδρας,
1354 1052 1388 1082 δι’
1397 1048 1430 1089 ἧς
1441 1054 1603 1084 καταὸἀλλει
1614 1057 1650 1088 εἷς
1670 1049 1732 1085 &Boo
1750 1067 1801 1085 πυ-

1033 1089 1115 1129 θμένα
1127 1090 1171 1120 τὸν
1185 1093 1222 1125 εἷς
1232 1090 1296 1131 ὕψος
1307 1092 1454 1132 ἀναχθέντα
1462 1095 1496 1134 τῇ
1508 1096 1554 1124 τοῦ
1567 1095 1638 1124 Θεοῦ
1650 1085 1799 1136 φιλανθρω-

1033 1130 1090 1170 πίᾳ.
1105 1130 1158 1160 Καὶ
1172 1132 1201 1160 οὗ
1249 1131 1312 1170 μνὸς
1325 1132 1423 1173 προσέρ
1444 1145 1502 1163 εται
1513 1136 1548 1174 τῇ
1561 1133 1620 1163 Εὔα
1630 1136 1645 1163 ὁ
1659 1134 1752 1172 δόλιος,
1763 1137 1801 1169 ὡς

1032 1165 1065 1206 ἦν
1080 1172 1159 1200 αὐτοῦ
1171 1173 1189 1207 ἡ
1202 1172 1222 1207 ἀ,
1236 1171 1278 1207 ία,
1291 1171 1350 1200 ἀλλ’
1362 1173 1390 1201 ἐν
1400 1145 1525 1212 {kothem
1538 1176 1586 1203 τοῦ
1602 1165 1684 1214 ὅφιως
1697 1186 1799 1216 προωῇ

1031 1211 1104 1248 μιλεῖ
1119 1213 1152 1251 τῇ
1163 1211 1267 1250 γυναικὶ
1282 1210 1348 1251 πρὸς
1360 1211 1391 1241 τὸ
1405 1213 1527 1243 δελεάσαι
1544 1213 1625 1250 αὖτὴν
1633 1236 1641 1250 ,
1658 1214 1704 1243 καὶ
1717 1216 1799 1244 ἀκου-

1031 1252 1152 1285 τισθῆναι
1165 1251 1258 1281 τούτου
1269 1255 1324 1284 τοῖς
1338 1251 1454 1292 ῥήμασιν
1464 1254 1598 1287 εὐπειθῶς.
1610 1254 1644 1283 Εἰ
1655 1253 1707 1294 γὰρ
1720 1249 1803 1291 ἦλθεν

1029 1290 1065 1323 ὡς
1079 1287 1111 1327 ἦν
1160 1290 1345 1331 μορφωμένος,
1365 1291 1459 1326 εὐθέως
1480 1295 1497 1329 ἡ
1519 1293 1577 1323 Εὔα
1591 1293 1716 1330 ἀπεπήδα
1724 1315 1732 1329 ,
1753 1294 1801 1324 καὶ

1030 1329 1095 1369 πρὸς
1107 1342 1123 1359 τ
1138 1342 1152 1360 ν
1165 1330 1230 1359 ἴδιον
1241 1331 1322 1370 ἄνδρα
1333 1331 1488 1371 ἀπέτρεχεν.
1502 1332 1582 1362 Ἀλλὰ
1597 1332 1645 1368 τὴν
1659 1336 1706 1362 τοῦ
1716 1333 1732 1362 ὅ
1750 1345 1800 1367 εως

1030 1369 1545 1445 ΞοῖφῖἱῖὴνῗῗάξῖῗξοῩππῖζὲῗὲἕὲ
1565 1371 1697 1451 ἒξῖἕῗῗὲἓ
1711 1373 1799 1445 ium*

1029 1420 1067 1477 off
1079 1421 1142 1487 ἑμῖν
1161 1421 1309 1478 ε’νετξᾶατο
1327 1451 1341 1478 ὁ
1357 1422 1426 1484 Θεὸς
1446 1449 1483 1489 μὴ
1496 1423 1600 1491 υφάιγεῑν
1611 1462 1618 1469 ·
1636 1424 1805 1492 πρόσχζςῖίὲ

1031 1488 1103 1522 αὐτὸ,
1116 1490 1212 1528 ὡραῖον
1226 1490 1264 1522 εἰς
1273 1488 1363 1529 ὅρασιν
1374 1494 1429 1523 τοῖς
1440 1491 1583 1531 ὀφθαλμοῖς
1593 1502 1640 1520 σου
1653 1490 1801 1531 πρόκειται,

1029 1527 1075 1556 καὶ
1095 1529 1175 1558 καλὸν
1198 1529 1235 1562 εἰς
1259 1530 1357 1568 βρῶσιν
1378 1531 1417 1558 τῶ
1441 1529 1554 1568 στόματί
1580 1541 1627 1560 σου
1646 1530 1798 1569 γενήσεται.

1029 1567 1096 1596 Ἰδοὺ
1107 1570 1153 1596 νῦν
1166 1567 1265 1608 φοὸερὰ
1277 1572 1332 1601 τοῖς
1343 1558 1442 1608 θηρίοις
1453 1569 1498 1598 καὶ
1509 1574 1563 1604 τοῖς
1579 1574 1707 1604 πετεινοῖς
1720 1571 1799 1601 καθέ-

1027 1618 1135 1643 στηκας,
1150 1607 1318 1648 φοόερωτέρα
1332 1608 1400 1646 μετὰ
1413 1608 1462 1644 τὴν
1472 1611 1561 1648 γεῦσιν
1578 1610 1666 1643 αὐτοῖς
1679 1610 1782 1651 ὀφθήσῃ
1791 1622 1799 1629 ·

1025 1646 1123 1716 iiiiii
1132 1647 1609 1725 “3332b³”⁰{‘33‘{3·2”03‘22”f'“5⁹⁷¹”
1620 1661 1651 1718 ΞΕ
1661 1651 1798 1719 θὲῗῗνῶέ

1043 1698 1170 1766 &ak-5⁶2,
1183 1727 1228 1756 καὶ
1239 1698 1405 1767 γίῖὧσκουσα
1414 1700 1796 1770 γενῆσζῗαλῖίικὲῗπονηρόν.

1024 1738 1109 1795 ὅύδὲν
1122 1765 1175 1795 ἀπὸ
1189 1768 1241 1796 τῶν
1255 1767 1397 1807 ὀφθαλμῶν
1409 1769 1483 1806 ὑμῶν
1498 1767 1722 1809 ἀποκρυὸήσεται,
1735 1769 1795 1799 οὐδὲ

1023 1807 1053 1834 ἐκ
1071 1809 1117 1842 τῆς
1131 1807 1213 1841 ἀκοῆς
1223 1808 1297 1845 ὑμῖν
1308 1818 1334 1835 τι
1347 1806 1415 1845 λήθῃ
1428 1807 1606 1848 παραδράμῄ,
1625 1807 1694 1837 ἀλλὰ
1706 1808 1795 1839 πάντα

1022 1845 1055 1874 τὰ
1073 1845 1155 1885 ὁρατὰ
1169 1846 1215 1875 καὶ
1236 1845 1270 1875 τὰ
1284 1847 1384 1886 ἀόρατα
1406 1847 1434 1876 ἐν
1454 1849 1515 1886 ὑμῖν
1534 1848 1674 1886 γενήσεται
1695 1847 1794 1885 εὔδηλα

1022 1885 1068 1915 καὶ
1080 1884 1189 1925 φανεροί.
1204 1886 1363 1920 Δελεοὶζεται
1375 1885 1461 1915 τοίνυν
1473 1890 1519 1916 τοῦ
1530 1887 1630 1916 πλάνου
1641 1890 1696 1920 τοῖς
1706 1887 1793 1927 λόγοις

1021 1927 1038 1960 ἡ
1052 1925 1118 1963 γυνή
1128 1937 1134 1943 ·
1155 1925 1267 1964 ἄρχεται
1287 1925 1336 1960 τὴν
1350 1926 1509 1965 ἐπαγγελίαν
1530 1929 1576 1955 τοῦ
1596 1926 1679 1967 ὄφεως
1697 1928 1724 1956 ἐν
1738 1931 1793 1961 τοῖς

1019 1964 1137 2033 ἶῖῗῖἳῖ
1150 1966 1189 2033 sk
1202 1964 1369 2034 ÷{⁹‡‘⁹⁶}}‘22i
1385 1965 1522 2034 ῗέτὲνέἶῧ
1531 1966 1792 2036 τῖὶῖἶῗέπῗαίῖῗι

1018 2015 1101 2072 >mucia
1114 2043 1149 2073 τὰ
1161 2016 1305 2084 πικρότεῖα
1318 2045 1401 2083 χολῆς
1410 2018 1537 2084 Ιῤἰἶμκιρτα,
1555 2045 1602 2074 καί
1615 2056 1679 2084 φησι
1689 2057 1696 2064 ·
1709 2057 1726 2074 τ
1749 2045 1790 2075 ὅτι

1018 2084 1082 2121 ἡμῖν
1094 2082 1241 2112 ἐνετείλατο
1255 2086 1269 2113 ὃ
1282 2083 1352 2116 Θεὸς
1361 2086 1407 2112 τοῦ
1421 2083 1458 2122 μὴ
1490 2088 1562 2123 αγεῖν
1575 2087 1620 2113 τοῦ
1635 2084 1710 2119 ξύλου
1725 2086 1790 2115 τού-

1018 2133 1076 2159 τους
1085 2117 1123 2165 ᾞ
1135 2124 1157 2151 δ’
1171 2122 1202 2152 ἂν
1211 2123 1300 2163 ἡμέρᾳ
1308 2122 1462 2164 φαγώμεθα,
1470 2095 1702 2163 ἒιανοιχθήσονται
1711 2127 1790 2164 ἡμῶν

1017 2163 1041 2191 οἱ
1052 2162 1191 2211 ὀφθαλμοὶ,
1206 2162 1251 2192 καὶ
1265 2162 1378 2201 ἐσόμεθα
1393 2162 1567 2230 γινώσκοντες
1581 2163 1661 2193 καλὸν
1679 2164 1724 2193 καὶ
1737 2176 1787 2194 πο-

1016 2213 1104 2240 νηρον.
1117 2201 1155 2231 Ὠ
1167 2202 1328 2241 συμὸουλίας
1339 2213 1391 2231 κακ
1403 2214 1467 2238 στης
1476 2214 1482 2221 ·
1494 2202 1516 2232 ὦ
1527 2202 1612 2242 λόγων
1624 2204 1789 2245 πικροτέρων

1015 2241 1106 2280 χολῆς.
1119 2242 1181 2282 Οὐχ
1192 2241 1292 2281 ἑώρακε
1304 2246 1358 2275 τοῖς
1373 2243 1517 2281 ὀφθαλμοῖς
1534 2245 1615 2279 αὐτῆς
1629 2243 1659 2272 τὸ
1670 2245 1725 2284 φῶς
1738 2246 1788 2280 τῆς

1015 2281 1148 2317 ἀληθείας,
1161 2283 1212 2322 οὐχ
1224 2281 1358 2317 ὑπήκουσε
1369 2286 1423 2314 τοῖς
1432 2282 1496 2311 ὠσὶν
1510 2284 1590 2318 αὐτῆς
1600 2285 1648 2318 τῆς
1659 2284 1726 2319 ζωῆς
1736 2283 1787 2319 τὴν

1015 2320 1150 2360 ἀκρόασιν,
1159 2322 1206 2350 οὐκ
1213 2320 1339 2360 ἐγεύσατο
1349 2323 1388 2350 τῶ
1398 2321 1512 2360 στόματι
1520 2322 1568 2358 τὴν
1578 2322 1732 2361 γλυκύτητα
1740 2326 1787 2352 τοῦ

1014 2359 1197 2400 φιλανθρώπου
1206 2383 1214 2396 ,
1228 2362 1276 2390 οὐκ
1293 2361 1448 2401 ἕψηλαφησε
1461 2366 1520 2395 ταῖς
1533 2361 1625 2402 χερσὶν
1642 2363 1786 2398 αῦτῆςτοῦ

1013 2400 1097 2439 φωτὸς
1109 2399 1156 2436 τὴν
1170 2400 1268 2436 πύλην.
1281 2401 1339 2441 Πρὸ
1350 2402 1397 2436 τῆς
1408 2401 1548 2441 συναφείας
1564 2400 1634 2434 ξένον
1646 2400 1691 2430 τὸν
1703 2401 1785 2452 ἄνδρα
1810 2414 1814 2419 ’

1013 2442 1058 2468 τοῦ
1071 2441 1141 2469 Θεοῦ
1156 2439 1264 2475 ἐποίησε
1275 2452 1282 2458 ·
1304 2440 1356 2480 πρὸ
1371 2441 1419 2475 τῆς
1439 2440 1594 2476 ἐνοικήσεως
1614 2440 1715 2476 πένητα
1739 2454 1783 2471 τον

1014 2478 1125 2517 βασιλέα
1138 2479 1294 2515 καθίστησι·
1309 2480 1362 2520 πρὸ
1374 2481 1422 2515 τῆς
1436 2479 1602 2519 τεκνογονίας
1616 2480 1784 2514 τοῖςτέκνοις

1012 2521 1060 2553 τὴν
1081 2518 1199 2558 κατάραν
1220 2519 1379 2555 ἐτεκτήνατο
1390 2531 1397 2538 ·
1417 2519 1470 2558 πρὸ
1482 2522 1528 2548 τοῦ
1548 2523 1633 2549 τεκεῖν
1653 2520 1725 2554 υἱοὺς
1738 2520 1783 2550 καὶ

1012 2557 1155 2596 θυγατέρας
1170 2558 1270 2598 ἐξορίαν
1284 2564 1338 2592 τοῖς
1350 2560 1363 2588 ε’
1414 2569 1466 2592 νοις
1482 2559 1642 2598 ἐπεισήγαγε
1652 2571 1658 2577 ·
1670 2560 1722 2600 πρὸ
1734 2563 1783 2596 τῆς

1012 2597 1183 2637 συμὸιώσεως
1197 2601 1242 2627 τοῦ
1261 2598 1367 2638 ἀνδρὸς,
1397 2598 1453 2628 ἕνον
1466 2599 1543 2628 αὐτὸν
1561 2602 1606 2628 τοῦ
1621 2599 1782 2639 παραδείσω
