1890 2826
86 485 190 516 Cap.36.
201 491 224 507 2.

86 580 144 609 Cap.
161 579 200 608 37.

88 609 123 641 ¹4·

84 650 105 663 Ὺ.
118 648 156 663 20.
171 648 209 663 22.

86 814 144 843 Cap.
157 812 193 835 38.
203 819 226 835 2.

86 908 195 931 v.8.i1.

87 1060 110 1072 v.
126 1049 159 1080 ιιξ.

89 1104 109 1117 v.
125 1102 159 1125 ¹7.

89 1191 104 1206 V
129 1190 166 1206 22.

89 1243 110 1255 v.
126 1236 165 1264 πῄ.
178 1232 216 1256 25.

89 1331 110 1344 v.
125 1321 162 1344 28.

89 1384 111 1396 v.
123 1382 161 1406 29.

90 1421 111 1434 v.
124 1414 163 1442 32.

94 1697 152 1727 Cap.
165 1698 203 1728 39.

92 1794 113 1807 v.
131 1792 166 1815 ¹7·
182 1785 217 1808 18.

93 1846 113 1861 v.
129 1837 166 1860 ²6.
180 1844 218 1865 27.

95 1936 152 1964 Cap.
164 1936 200 1963 [00.
212 1941 234 1956 2.

95 2066 150 2094 v..'0.

95 2216 116 2229 V-
131 2214 154 2236 7-

99 2298 238 2330 ν.14.-ι8.

100 2491 170 2505 v.21.

101 2532 240 2561 Cap-[41.1.

101 2584 111 2597 ι’
141 2572 178 2606 2²7.
194 2575 230 2598 28.

232 182 304 228 43ss

231 256 354 284 stimasti
373 256 404 283 ιίι
418 254 555 294 judicio?
572 255 614 284 Tu
639 256 704 295 quis
727 264 768 291 es,
782 257 853 295 quia
863 254 976 289 dixisti,

231 302 336 330 Justus
361 310 426 329 sum
447 301 479 329 in
503 306 656 340 conspectu
676 300 796 329 Domini
808 302 822 328 Ρ
842 299 977 336 Quintum

563 193 592 216 S.
619 192 760 216 JOANNIS

232 346 325 387 adjicit
343 347 425 378 Eliuz
445 346 559 377 orationi
579 357 645 384 suae,
665 354 691 376 et
712 357 798 386 noque
817 346 872 377 Job
891 355 977 383 neque

232 399 286 422 tres
303 392 382 422 amici
405 399 532 422 accusant
552 382 657 422 eum‘ut
669 393 788 423 atheum.
803 391 978 422 Manifestum

233 449 297 479 ergo
314 439 379 468 hinc
395 446 444 475 est,
467 445 521 469 tres
539 440 603 469 illos
621 439 775 480 resipuisse.
797 438 923 477 Dicitque
942 436 977 466 ad

234 486 288 516 Job
305 485 441 515 :Sustine
461 496 507 514 me
521 486 678 524 paululum
696 487 851 522 adbucfut
873 490 901 513 te
923 484 976 512 do·

236 542 331 567 ce11m;
341 532 439 561 adhuc
450 533 528 561 enim
541 539 584 562 est
596 534 627 561 in
639 542 685 562 me
704 534 750 562 vis
769 531 920 572 loquendi.
933 529 979 559 Ait

237 578 316 607 Eliuz
332 590 339 607 ι
355 577 489 607 Auribus
509 579 570 607 haec
587 581 711 618 percipe,
726 579 796 608 Job.
818 578 881 614 Sta,
899 578 978 606 disce

236 625 374 652 virtutem
391 624 520 653 Domini.
547 625 700 664 Numquid
715 625 790 654 liber
813 631 865 653 aut
882 624 979 653 scriba

235 670 350 699 adstitit
373 671 425 699 tibi
436 683 448 706 ‚·
467 677 519 699 aut
542 672 579 700 ab
601 671 740 711 aquilone
762 672 851 700 nubes
873 670 979 699 coloris

236 717 342 744 aurei?

277 763 351 791 Deus
366 772 422 791 sese
436 762 567 792 exhibens
575 763 675 793 Jobum
681 762 922 804 justumssdeclarat,
935 761 982 791 do-

236 818 350 846 censque
367 808 524 849 mysterium
538 809 651 846 Christi,
667 810 704 839 ait
717 809 752 839 ad
765 810 866 840 Jobum
883 821 890 838 ι
909 809 982 847 Quis

788 190 972 214 cnRYSOST.
1002 191 1158 214 AucmEP,
1185 190 1457 215 CONSTANTINOP-

1029 252 1084 282 Καὶ
1096 253 1168 293 λέγει
1187 253 1251 293 πρὸς
1265 253 1329 283 ’1ώὸ
1338 265 1344 271 ·
1359 253 1456 283 Μεῖνόν
1472 264 1505 291 με
1520 251 1612 292 μικρὸν
1627 252 1687 289 ἔτι,
1703 252 1747 282 ἵνα
1759 252 1799 282 δι-

1030 298 1099 333 δάξω
1113 310 1156 328 σε·
1170 299 1210 329 ἔτι
1221 298 1272 339 γὰρ
1287 301 1314 328 ἐν
1326 299 1386 338 ἐμοί
1399 300 1456 329 ἐστι
1468 298 1567 338 λέγειν.
1582 294 1666 329 Εἶπεν
1679 298 1799 332 Ἐλιούζ·

1030 344 1171 379 Ἐνωτίζου
1183 348 1268 375 ταῦτα
1277 368 1285 381 ,
1297 345 1370 375 Ἰώὸ.
1379 346 1477 382 Στῆθι,
1488 347 1608 375 νουθετῶ
1621 345 1730 384 δύναμιν
1745 345 1801 375 Κυ-

1031 391 1095 430 ρίου.
1110 390 1157 427 Μὴ
1176 390 1266 431 βίὸλος
1279 391 1297 427 ἢ
1312 390 1583 431 γραμματεύσαςσοι
1601 390 1754 431 παρέστηκε
1759 403 1768 428 ;
1782 390 1800 426 ἢ

1030 437 1083 466 ἀπὸ
1097 438 1180 477 βορῥᾶ
1193 436 1258 477 νέφη
1272 437 1490 478 χρυσαυγίζοντα.

1074 758 1265 799 Ἐμφανισθεὶς
1277 761 1291 789 ὁ
1305 760 1374 793 Θεὸς
1388 760 1485 790 δικαιοῖ
1507 760 1552 790 τὸν
1567 759 1630 791 ’1ὼὸ
1639 783 1647 798 ,
1669 759 1715 789 καὶ
1729 759 1803 788 διδά-

1034 816 1104 834 σκων
1119 804 1149 833 τὸ
1163 805 1307 845 μυστήριον
1332 809 1378 835 τοῦ
1401 807 1531 847 Χριστοῦ,
1555 802 1612 836 εἶπε
1638 806 1703 847 πρὸς
1724 805 1803 835 Ἰώὸ·

237 860 279 883 est
302 854 360 890 hic,
382 857 435 893 qui
452 855 529 884 celat
548 866 593 885 me
612 856 777 892 consilium,
798 855 983 894 continetque
1000 855 1020 878 Ι)
1035 850 1085 883 Τίς
1096 846 1170 884 οὗτος
1181 853 1195 880 ὁ
1208 850 1332 890 κρύπτων
1340 863 1390 890 μου
1406 852 1515 892 βουλὴν,
1527 852 1645 893 συνέχων
1655 851 1683 882 δὲ
1698 850 1805 891 ῥήματα

238 910 381 930 sermones
401 901 433 929 in
452 902 559 930 corde?
581 901 712 941 Dialogus
737 901 848 932 Domini
864 913 872 930 ε
887 901 984 940 Sepivi

238 959 319 977 mare
324 951 427 988 portis.
444 949 515 978 Dixi
526 956 624 979 autem
637 950 693 987 illi,
702 951 862 990 Hucusque
872 951 983 985 venies,

238 1001 265 1024 et
277 1006 337 1024 non
348 998 510 1035 praeteribis
520 1005 531 1026 .·
549 998 601 1025 sed
611 998 643 1025 in
654 998 744 1036 teipso
753 998 986 1026 comminuentur

228 1041 344 1083 fluctus
359 1044 412 1071 tui.
427 1043 523 1072 Sermo
544 1042 652 1072 Domini
668 1055 676 1071 :
692 1042 745 1071 An
761 1049 792 1071 m
805 1051 921 1071 sumens
939 1041 984 1070 ln-

241 1095 301 1117 tum
315 1089 460 1129 formasti
482 1089 596 1118 animal
602 1092 614 1117 P
626 1089 811 1129 Aperiantur
833 1089 890 1117 tihi-
906 1095 984 1117 metu

237 1141 327 1173 μοι-[ιε
341 1136 459 1164 mortis?
471 1141 523 1164 aut
544 1137 658 1164 ostiarii
675 1135 787 1177 inferni
807 1135 943 1164 videntes
958 1140 986 1163 le

241 1181 419 1210 timuerunt?
440 1182 520 1211 Num
540 1184 648 1211 venisti
667 1183 707 1211 ad
727 1183 877 1211 thesauros
895 1183 983 1218 nivis,

240 1232 291 1254 aut
306 1228 456 1256 thesauros
470 1229 624 1267 grandinis
641 1229 767 1257 vidisti?
783 1229 868 1257 Unde
886 1234 984 1256 autem

238 1273 368 1311 procedit
376 1275 484 1312 pruina
495 1276 509 1301 P
526 1274 598 1312 Quis
606 1277 783 1314 praeparavit
784 1274 906 1314 fluxum
918 1275 984 1312 plu-

243 1321 296 1348 vioe
314 1320 503 1349 vehementi?
525 1322 708 1361 Insuperque,
731 1323 803 1358 Quis
824 1326 866 1350 est
876 1321 985 1360 pluviae

239 1374 324 1406 pater
333 1369 346 1394 ?
362 1368 413 1396 Ex
426 1369 508 1407 cujus
522 1375 601 1396 utero
611 1367 741 1407 procedit
754 1368 884 1407 glacies?
898 1368 984 1396 Prui-

242 1423 311 1441 nam
326 1414 359 1442 in
376 1413 448 1442 eaelo
460 1420 488 1442 et
501 1414 603 1453 glebas
617 1415 690 1443 roris
703 1416 769 1454 quis
786 1416 918 1453 peperit?
930 1414 961 1442 V
957 1424 988 1442 o-

241 1460 320 1488 cabis
332 1465 429 1488 autem
444 1461 549 1488 nubem
563 1469 645 1494 voce,
657 1466 684 1489 et
700 1466 823 1488 tremore
833 1470 919 1499 aqnoe
933 1470 988 1488 va-

241 1504 310 1533 lidae
330 1505 443 1533 obediet
461 1506 514 1534 tibi
523 1507 536 1533 Ρ
561 1506 661 1535 Mittes
679 1506 810 1545 fulmina
831 1512 858 1534 et
879 1507 987 1534 ibunt?

247 1550 318 1589 Quis
343 1550 425 1580 dedit
453 1551 623 1580 mulieribus
648 1558 770 1580 texturoe
794 1552 988 1590 sapientiam?

247 1597 319 1634 Quis
328 1598 503 1636 proeparavit
514 1606 601 1626 corvo
613 1607 707 1626 escam
717 1600 730 1625 P
740 1598 824 1626 Pulli
835 1599 912 1626 enim
926 1598 990 1637 ejus

242 1642 445 1671 clamaverunt
467 1643 507 1671 ad
523 1643 684 1672 Dominum
708 1650 852 1680 errantes,
875 1644 990 1672 cibaria

243 1696 413 1728 quoerentes.
430 1691 536 1719 Penna
547 1690 655 1720 volans
663 1691 809 1730 procedet,
820 1692 846 1720 si
859 1701 991 1731 concepe-

243 1736 281 1764 rit
291 1736 377 1764 asida
389 1742 417 1765 et
431 1747 526 1766 nessa.
539 1737 698 1777 Relinquet
711 1739 742 1766 in
757 1743 836 1766 terra
853 1747 910 1766 ova
924 1747 990 1766 sua.

246 1781 318 1811 Cum
334 1789 429 1811 tacere
429 1783 508 1823 fecit
524 1785 552 1811 ei
563 1784 644 1812 Deus
658 1785 843 1822 sapientiam,
859 1784 993 1813 irridebit

244 1838 361 1868 equum.
373 1829 423 1857 Ex
433 1831 557 1858 scientia
570 1835 622 1858 tua
633 1830 714 1858 stetit
725 1831 875 1869 accipiter,
887 1830 995 1859 vultur

244 1881 342 1904 autem
353 1885 439 1914 super
449 1876 551 1904 nidum
563 1886 645 1904 suum
658 1876 760 1905 sedens
771 1883 910 1907 moratur.

288 1922 384 1951 Adhuc
398 1922 528 1961 loquutus
541 1929 580 1952 est
592 1923 725 1952 Dominus
743 1924 814 1953 Jobo
830 1937 836 1953 ι
851 1926 933 1954 Num
947 1927 992 1965 ju-

246 1970 354 1997 dicium
365 1978 431 1997 cum
444 1969 648 2008 Omnipotente
654 1970 803 2008 judicabis
812 1974 825 1998 Ρ
841 1977 870 1999 et
881 1973 933 2011 qui
944 1982 992 2000 nr-

246 2016 307 2054 guit
319 2014 488 2049 Dominum,
505 2015 686 2053 respondebit
704 2017 760 2055 ipsi
773 2017 786 2043 P
797 2017 941 2055 Loquutus
954 2024 993 2047 est

246 2061 300 2091 Job
313 2060 430 2090 Domino
446 2073 453 2090 ι
470 2062 534 2101 Ego
550 2061 668 2100 judicor
684 2065 884 2098 commonitus,
899 2070 928 2093 et
943 2074 992 2093 ar·-

1035 898 1063 926 ἐν
1076 896 1188 936 καρδίᾳ;
1203 897 1331 936 Διάλογος
1351 898 1449 938 Κυρίου
1458 921 1466 935 ,
1481 898 1522 928 ὅτι
1534 897 1658 939 Ἔφραξα
1670 897 1804 928 Θάλασσαν

1035 942 1139 977 πύλαις.
1154 938 1227 973 Isi-tta
1239 942 1267 972 δὲ
1282 945 1363 984 αὐτῇ,
1378 944 1458 985 μέχρι
1471 944 1563 974 τούτου
1577 944 1671 985 ἐλεύσῃ
1680 967 1688 980 ,
1698 943 1743 974 καὶ
1756 944 1807 983 οὐχ

1037 989 1192 1029 ὓπερὸήσῃ,
1219 991 1277 1019 ἀλλ’
1301 991 1328 1019 ἐν
1348 993 1446 1031 σεαυτῇ
1468 990 1682 1031 διατριὸήσονταί
1702 1002 1749 1020 σου
1772 989 1807 1019 τὰ

1036 1033 1153 1073 κύματα.
1169 1033 1254 1075 Λόγος
1268 1036 1382 1075 Κυρίου,
1396 1035 1437 1065 ὅτι
1449 1036 1488 1067 Σὺ
1502 1036 1593 1066 λαὸὼν
1612 1035 1707 1073 πηλὸν,
1727 1035 1807 1065 ἔπλα-

1037 1091 1084 1113 σας
1097 1081 1178 1117 ζῶον;
1201 1081 1360 1120 Ἀνοίγονταί
1374 1093 1416 1111 σοι
1429 1081 1503 1123 φόὸῳ
1517 1082 1600 1112 πύλαι
1613 1082 1742 1118 θανάτου,
1754 1093 1808 1110 πυ-

1036 1125 1118 1166 λωροὶ
1132 1126 1160 1156 δὲ
1174 1126 1236 1167 ᾅδου
1259 1126 1356 1160 ἰδόντες
1371 1138 1401 1157 σε
1419 1127 1549 1165 ἔπτηξαη
1560 1127 1639 1164 Ἔτι,
1651 1123 1750 1160 ’Ἦλθες
1764 1126 1808 1156 ἐπὶ

1037 1171 1183 1211 θησαυροὺς
1199 1172 1299 1212 χιόνος,
1318 1173 1464 1213 θησαυροὺς
1483 1173 1511 1203 δὲ
1530 1174 1649 1214 χαλάζης
1671 1173 1807 1214 ἑώρακας;

1036 1217 1121 1247 Πόθεν
1143 1218 1170 1247 δὲ
1193 1218 1364 1258 ἐκπορεύεται
1376 1219 1484 1260 πάχνη
1499 1219 1538 1253 τίς
1551 1220 1580 1250 δὲ
1596 1219 1726 1259 ἡτοίμασε
1741 1220 1809 1258 ὗετῷ

1036 1263 1128 1304 λάὸρῳ
1143 1263 1230 1304 §dem
1241 1263 1318 1301 Ἔτι,
1333 1265 1383 1299 Τίς
1396 1267 1467 1295 ἐστιν
1481 1267 1557 1295 ὑετοῦ
1570 1265 1677 1306 πατήρ;
1690 1267 1740 1296 Ἐκ
1759 1277 1811 1305 γα-

1038 1310 1114 1350 στρὸς
1128 1309 1155 1339 δὲ
1176 1309 1245 1344 τίνος
1259 1310 1448 1351 ἐκπορεύσεται
1461 1311 1638 1352 κρύσταλλος,
1650 1311 1762 1352 Πάχνην
1782 1310 1810 1340 δὲ

1017 1375 1023 1383 .
1038 1357 1066 1385 ἐν
1079 1357 1181 1396 οὐρανῷ
1192 1356 1237 1398 καὶ
1253 1356 1352 1395 βώλους
1366 1357 1460 1396 δρόσου
1473 1357 1513 1391 τίς
1524 1357 1630 1395 τέτοκε;
1642 1357 1771 1390 Καλέσεις
1783 1356 1811 1386 δὲ

1039 1401 1114 1441 νέφος
1137 1403 1228 1442 φωνῇ,
1244 1402 1289 1431 καὶ
1316 1402 1407 1443 τρόμῳ
1429 1402 1522 1436 ὕδατος
1548 1403 1646 1444 λάὸρου
1667 1403 1812 1433 ἐπακούσε-

1039 1447 1086 1477 ταί
1099 1459 1160 1484 σου;
1174 1450 1339 1481 Άποστελεῑς
1356 1448 1496 1489 κεραυνοὺς
1507 1449 1553 1479 καὶ
1565 1449 1752 1489 πορεύσονται;
1763 1449 1812 1481 Τίς

1040 1492 1137 1522 δέδωκε
1156 1493 1273 1533 γυναιξὶν
1288 1494 1443 1534 ὑφάσματος
1463 1494 1574 1535 σοφίαν;
1587 1494 1667 1532 Ἔτι,
1680 1495 1730 1528 Τίς
1740 1495 1814 1530 ἡτοί-

1041 1550 1109 1578 μασε
1120 1539 1213 1579 κόρακι
1229 1539 1325 1580 βοράν;
1339 1541 1452 1570 Νεοσσοὶ
1466 1540 1517 1581 γὰρ
1534 1543 1613 1571 αὐτοῦ
1635 1541 1701 1581 πρὸς
1715 1541 1813 1581 Κύριον

1040 1584 1186 1624 κεκράγασι
1213 1585 1397 1624 πλανώμενοι,
1425 1586 1460 1616 τὰ
1486 1591 1546 1616 σῖτα
1578 1588 1725 1623 ζητοῦντες.
1747 1586 1814 1621 Ὅτι

1041 1629 1145 1669 Πτέρυξ
1159 1629 1291 1669 πετομένη
1316 1630 1405 1661 ἐλάσει
1417 1653 1426 1666 ‚
1452 1630 1498 1660 ἐὰν
1521 1631 1641 1671 συλλάὸῃ
1666 1632 1747 1661 ἀσίδα
1767 1632 1813 1661 καὶ

1041 1677 1135 1711 νῆσσα.
1149 1676 1256 1716 Ἀφήσει
1269 1678 1307 1711 εἷς
1325 1679 1374 1717 γῆν
1389 1677 1423 1706 τὰ
1437 1671 1478 1707 332
1494 1679 1586 1714 αὐτῆς.
1599 1677 1669 1708 Ὅτε
1682 1677 1813 1708 κατεσιώ-

1042 1734 1113 1758 πησε
1127 1724 1193 1763 αὐτῇ
1208 1725 1222 1752 ὃ
1233 1723 1302 1757 Θεὸς
1316 1723 1420 1763 σοφίαν,
1432 1724 1477 1753 καὶ
1497 1723 1710 1764 καταγελάσεται
1721 1723 1814 1754 ἵππου.

1044 1767 1097 1797 Καὶ
1106 1791 1114 1804 ,
1129 1769 1179 1799 Ἐκ
1196 1771 1244 1805 τῆς
1255 1769 1405 1808 ἐπιστήμης
1419 1769 1529 1806 ἕστηκεν
1551 1769 1640 1810 ἱέραξ,
1653 1769 1707 1811 γὺψ
1730 1770 1758 1800 δὲ
1771 1770 1816 1800 ἐπὶ

1044 1819 1150 1848 νοσσιᾶς
1161 1816 1240 1845 αὐτοῦ
1254 1815 1389 1850 καθεσθεὶς
1401 1816 1545 1850 αὐλίζεται.

1083 1919 1147 1950 Ἔτι
1160 1920 1275 1956 ἐλάλησε
1296 1919 1395 1960 Κύριος
1407 1923 1445 1961 τῷ
1465 1921 1528 1950 Ἰώὸ
1539 1933 1545 1940 ·
1570 1921 1617 1958 Μὴ
1640 1922 1726 1962 κρίσιν
1749 1922 1817 1961 μετὰ

1045 1968 1134 1997 ἱκανοῦ
1144 1966 1248 2006 κρίνῃς
1261 1965 1377 2007 ἐλέγχων
1391 1967 1420 1997 δὲ
1430 1966 1500 1997 Θεὸν
1515 1968 1724 2008 ἀποκριθήσεται
1739 1970 1817 2008 αὐτῇς

1045 2013 1178 2049 Ἐλάλησε
1196 2012 1260 2043 Ἰὼὸ
1274 2015 1312 2053 τῷ
1327 2012 1433 2053 Κυρίῳ,
1444 2012 1485 2043 ὅτι
1495 2013 1570 2053 Ἐγὼ
1593 2013 1715 2054 κρίνομαι
1728 2017 1819 2044 νουθε-

1045 2059 1186 2098 τούμενος,
1211 2059 1256 2089 καὶ
1276 2058 1392 2099 ἐλέγχων
1416 2058 1525 2099 Κύριον,
1549 2060 1660 2090 ἀκούων.
1685 2060 1820 2098 Ἔλοίλησε

246 2117 337 2146 guens
357 2107 527 2142 Dominum,
545 2117 610 2136 cum
632 2109 722 2137 audio
738 2109 823 2138 talia.
851 2111 993 2149 Loquutus
1004 2105 1144 2148 ³73det0c
1157 2105 1222 2146 πρὸς
1233 2105 1298 2135 Ἰὼὸ
1311 2106 1342 2134 ἐκ
1354 2107 1400 2134 τοῦ
1416 2105 1507 2146 νέφους
1521 2105 1640 2146 δεύτερον
1653 2107 1821 2146 ἐμφανισθεὶς

246 2159 286 2182 est
307 2152 443 2182 Dominus
457 2152 491 2182 ad
507 2153 559 2183 Job
573 2153 607 2182 de
633 2154 704 2183 nube
724 2155 842 2184 secundo
862 2167 994 2196 apparens
1013 2158 1032 2181 Α
1048 2152 1135 2192 αὖτῷ·
1149 2152 1240 2181 Ζῶσαι
1251 2150 1342 2191 ὥσπερ
1354 2150 1420 2191 ἀνὴρ
1434 2151 1483 2188 τὴν
1496 2151 1578 2192 ὀσφύν
1591 2163 1648 2182 ⁶⁰¹³·
1673 2152 1820 2192 Ἐρωτήσω

248 2198 274 2228 ei
290 2210 296 2227 :
312 2198 443 2239 Accinge
454 2202 530 2229 sicut
538 2200 587 2229 vir
604 2200 735 2229 lumbum
755 2208 846 2230 tuum.
868 2205 996 2232 Interro-

248 2247 324 2285 gabo
338 2252 435 2275 autem
449 2252 487 2282 te,
514 2252 544 2275 tlt
563 2256 635 2274 vero
651 2247 723 2275 mihi
736 2249 886 2286 responde.
901 2249 996 2279 Sermo

249 2292 359 2321 Domini
385 2305 393 2321 :
417 2292 582 2333 Confitebor
603 2294 683 2332 quod
699 2294 790 2332 possit
808 2296 929 2324 dextera
946 2303 997 2326 tua

249 2338 376 2367 salvare.
393 2339 500 2367 Verum
522 2340 622 2378 utique
635 2340 731 2368 bestioe
744 2341 822 2378 apud
842 2342 997 2381 tesoenum

249 2386 324 2414 sicut
336 2386 422 2414 boves
433 2385 596 2414 comedunt.
615 2387 639 2411 V
641 2386 712 2414 irtus
726 2392 824 2414 autem
838 2388 899 2426 ejus
911 2398 997 2426 super

251 2432 388 2460 umbilico
399 2435 521 2461 ventris.
533 2432 639 2461 Erexit
654 2432 779 2460 caudam
795 2435 870 2462 sicut
881 2443 994 2473 cupres-

251 2488 325 2507 sum·
351 2478 444 2508 Costae
465 2479 538 2518 ejus,
557 2485 643 2508 costoe
669 2489 756 2508 aeneoe
771 2491 779 2507 .·
794 2481 878 2519 spina
899 2488 995 2511 autem

252 2523 312 2561 ejus
324 2523 444 2562 serrum
451 2523 560 2563 fusile.
574 2524 631 2552 Sub
650 2525 729 2552 omni
744 2534 848 2562 genere
860 2526 996 2554 arborum

253 2566 369 2594 dormit.
385 2567 482 2596 Duces
496 2573 603 2604 autem,
619 2566 717 2606 inquit,
731 2567 844 2596 leonem
855 2569 955 2604 hamo,
969 2576 997 2598 et

253 2611 451 2650 circumpones
478 2613 635 2650 capistrum
668 2613 747 2641 circa
782 2622 886 2642 nasum
919 2614 992 2652 ejus.

1049 2197 1078 2227 δέ
1093 2209 1122 2228 σε
1132 2219 1140 2233 ,
1153 2197 1185 2227 σὺ
1208 2196 1236 2226 δέ
1256 2209 1300 2236 μοι
1313 2197 1463 2237 ἀπόκριναι.
1479 2197 1563 2237 Λόγος
1576 2198 1675 2239 Κυρίου
1686 2210 1693 2217 ·
1707 2198 1822 2238 Ὁμολο·

1048 2243 1124 2283 γήσω
1136 2243 1188 2283 ἄρα
1204 2242 1246 2272 ὅτι
1257 2241 1365 2272 δύναται
1378 2245 1395 2278 ἡ
1419 2242 1491 2277 δεξιά
1513 2256 1560 2274 σου
1581 2244 1716 2284 [σῶσαι]
1741 2245 1821 2274 Ἀλλὰ

1049 2289 1081 2325 δὴ
1096 2288 1150 2319 ἰδοὺ
1164 2289 1243 2328 θηρία
1256 2288 1330 2329 παρὰ
1347 2288 1388 2318 σοὶ
1400 2289 1497 2329 χόρτον
1512 2289 1556 2319 ἴσα
1576 2290 1666 2330 βουσὶν
1681 2290 1820 2320 ἐσθίουσιν.

1049 2336 1085 2366 Ἡ
1096 2335 1124 2366 δὲ
1145 2335 1254 2374 δύναμις
1277 2336 1349 2376 αὐτῷ
1362 2335 1407 2365 ἐπὶ
1419 2337 1538 2377 ὀμφαλοῦ
1550 2336 1671 2377 γαστρός.
1687 2336 1821 2372 Ἔστησεν

1049 2381 1128 2422 οὐρὰν
1150 2383 1185 2415 ὥς
1209 2381 1380 2422 κυπάρισσον.
1395 2382 1431 2411 Αἱ
1455 2381 1569 2422 πλευραὶ
1595 2383 1693 2417 αὐτοῦ,
1709 2383 1822 2423 πλευραὶ

1048 2428 1186 2469 χάλκειαι·
1200 2430 1218 2464 ἡ
1235 2428 1264 2457 δὲ
1279 2428 1356 2468 ῥάχις
1381 2429 1461 2458 αὐτοῦ
1481 2428 1587 2468 σίδηρος
1604 2428 1692 2469 χυτός.
1706 2429 1775 2459 Ὑπὸ
1795 2429 1822 2459 δὲ

1048 2475 1136 2504 πάντα
1147 2475 1180 2504 τὰ
1195 2475 1288 2515 δένδρα
1306 2480 1440 2514 κοιμᾶται.
1455 2474 1538 2509 Ἄξεις
1561 2475 1602 2512 δὲ,
1626 2475 1707 2516 φησὶ,
1728 2475 1824 2505 λέοντα

1049 2522 1077 2550 ἐν
1092 2521 1226 2562 ἀγκίστρῳ
1238 2534 1244 2540 ·
1259 2522 1410 2562 περιθήσεις
1423 2521 1451 2551 δὲ
1471 2521 1599 2561 φορὸαίαν
1615 2522 1676 2562 περὶ
1696 2522 1746 2558 τὴν
1765 2524 1824 2562 ῥῖνα

1049 2569 1138 2596 αὐτοῦ.
1162 2569 1221 2597 Πᾶν
1245 2569 1272 2597 δὲ
1295 2568 1400 2598 πλωτὸν
1426 2568 1547 2597 συνελθὸν
1574 2569 1603 2597 οὖ
1632 2568 1670 2608 μὴ
1699 2567 1824 2607 ἐνέγκωσι

1051 2613 1149 2653 βύρσαν
1179 2614 1241 2653 μίαν
1268 2616 1346 2654 οὒρᾶς
1377 2615 1464 2644 αὗτοῦ.
1492 2614 1614 2654 Ἡγεῖται
1641 2615 1690 2654 μὲν
1717 2614 1824 2654 σίδηρον
