<?xml version="1.0" encoding="UTF-8"?>
<!DOCTYPE html PUBLIC "-//W3C//DTD XHTML 1.0 Transitional//EN"
    "http://www.w3.org/TR/xhtml1/DTD/xhtml1-transitional.dtd">
<html xmlns="http://www.w3.org/1999/xhtml" xml:lang="en" lang="en">
 <head>
  <title>
</title>
<meta http-equiv="Content-Type" content="text/html;charset=utf-8" />
  <meta name='ocr-system' content='tesseract 3.04.00' />
  <meta name='ocr-capabilities' content='ocr_page ocr_carea ocr_par ocr_line ocrx_word'/>
</head>
<body>
  <div class='ocr_page' id='page_1' title='image "./operaomniaquaeex06johnuoft_0050.png"; bbox 0 0 1890 2826; ppageno 0'>
   <div class='ocr_carea' id='block_1_1' title="bbox 98 298 241 358">
    <p class='ocr_par' dir='ltr' id='par_1_1' title="bbox 98 298 241 358">
     <span class='ocr_line' id='line_1_1' title="bbox 110 298 241 320; baseline 0 -2"><span class='ocrx_word' id='word_1_1' title='bbox 110 298 241 320; x_wconf 77' lang='lat' dir='ltr'><strong>Abominari</strong></span> 
     </span>
     <span class='ocr_line' id='line_1_2' title="bbox 98 331 198 358; baseline 0.01 -6"><span class='ocrx_word' id='word_1_2' title='bbox 98 331 151 358; x_wconf 81' lang='lat' dir='ltr'><strong>quid</strong></span> <span class='ocrx_word' id='word_1_3' title='bbox 162 331 198 353; x_wconf 80' lang='lat' dir='ltr'><strong>sit.</strong></span> 
     </span>
    </p>
   </div>
   <div class='ocr_carea' id='block_1_2' title="bbox 253 157 300 201">
    <p class='ocr_par' dir='ltr' id='par_1_2' title="bbox 253 157 300 201">
     <span class='ocr_line' id='line_1_3' title="bbox 253 157 300 201; baseline 0 0"><span class='ocrx_word' id='word_1_4' title='bbox 253 157 300 201; x_wconf 73' lang='lat'><strong>34</strong></span> 
     </span>
    </p>
   </div>
   <div class='ocr_carea' id='block_1_3' title="bbox 246 229 996 1060">
    <p class='ocr_par' dir='ltr' id='par_1_3' title="bbox 246 229 996 1060">
     <span class='ocr_line' id='line_1_4' title="bbox 251 229 996 272; baseline 0.008 -14"><span class='ocrx_word' id='word_1_5' title='bbox 251 229 368 267; x_wconf 85' lang='lat' dir='ltr'><strong>vocavit,</strong></span> <span class='ocrx_word' id='word_1_6' title='bbox 389 230 485 270; x_wconf 87' lang='lat' dir='ltr'><strong>procul</strong></span> <span class='ocrx_word' id='word_1_7' title='bbox 506 230 569 260; x_wconf 89' lang='lat' dir='ltr'><strong>illos</strong></span> <span class='ocrx_word' id='word_1_8' title='bbox 592 241 707 260; x_wconf 84' lang='lat' dir='ltr'><strong>avocans</strong></span> <span class='ocrx_word' id='word_1_9' title='bbox 722 231 757 261; x_wconf 85' lang='lat' dir='ltr'><strong>ab</strong></span> <span class='ocrx_word' id='word_1_10' title='bbox 768 231 910 272; x_wconf 71' lang='lat' dir='ltr'>impietate.</span> <span class='ocrx_word' id='word_1_11' title='bbox 925 235 996 264; x_wconf 88' lang='lat' dir='ltr'><strong>Nam</strong></span> 
     </span>
     <span class='ocr_line' id='line_1_5' title="bbox 251 275 995 320; baseline 0.008 -16"><span class='ocrx_word' id='word_1_12' title='bbox 251 275 401 305; x_wconf 87' lang='lat' dir='ltr'><strong>abominari</strong></span> <span class='ocrx_word' id='word_1_13' title='bbox 417 287 500 317; x_wconf 85' lang='lat' dir='ltr'><strong>supra</strong></span> <span class='ocrx_word' id='word_1_14' title='bbox 518 277 629 307; x_wconf 89' lang='lat' dir='ltr'><strong>modum</strong></span> <span class='ocrx_word' id='word_1_15' title='bbox 643 277 732 307; x_wconf 84' lang='lat' dir='ltr'><strong>odisse</strong></span> <span class='ocrx_word' id='word_1_16' title='bbox 748 284 803 315; x_wconf 85' lang='lat' dir='ltr'><strong>est,</strong></span> <span class='ocrx_word' id='word_1_17' title='bbox 815 279 892 316; x_wconf 84' lang='lat' dir='ltr'><strong>quasi</strong></span> <span class='ocrx_word' id='word_1_18' title='bbox 906 279 995 320; x_wconf 86' lang='lat' dir='ltr'>impu-</span> 
     </span>
     <span class='ocr_line' id='line_1_6' title="bbox 251 322 991 365; baseline 0.007 -15"><span class='ocrx_word' id='word_1_19' title='bbox 251 331 313 350; x_wconf 90' lang='lat' dir='ltr'><strong>rum</strong></span> <span class='ocrx_word' id='word_1_20' title='bbox 322 344 330 359; x_wconf 91' lang='lat'><strong>,</strong></span> <span class='ocrx_word' id='word_1_21' title='bbox 352 322 431 359; x_wconf 82' lang='lat' dir='ltr'><strong>quasi</strong></span> <span class='ocrx_word' id='word_1_22' title='bbox 452 322 656 364; x_wconf 84' lang='lat' dir='ltr'><strong>exsecrandum.</strong></span> <span class='ocrx_word' id='word_1_23' title='bbox 679 323 867 354; x_wconf 86' lang='lat' dir='ltr'><strong>Abominabile</strong></span> <span class='ocrx_word' id='word_1_24' title='bbox 890 324 974 365; x_wconf 85' lang='lat' dir='ltr'><strong>igitur</strong></span> <span class='ocrx_word' id='word_1_25' title='bbox 983 349 991 364; x_wconf 93' lang='lat'>‚</span> 
     </span>
     <span class='ocr_line' id='line_1_7' title="bbox 249 366 991 410; baseline 0.005 -12"><span class='ocrx_word' id='word_1_26' title='bbox 249 379 377 408; x_wconf 85' lang='lat' dir='ltr'><strong>perosum</strong></span> <span class='ocrx_word' id='word_1_27' title='bbox 384 376 410 398; x_wconf 86' lang='lat' dir='ltr'><strong>et</strong></span> <span class='ocrx_word' id='word_1_28' title='bbox 418 370 556 400; x_wconf 80' lang='lat' dir='ltr'>aversione</span> <span class='ocrx_word' id='word_1_29' title='bbox 567 366 680 409; x_wconf 85' lang='lat' dir='ltr'><strong>dignum</strong></span> <span class='ocrx_word' id='word_1_30' title='bbox 692 369 720 399; x_wconf 93' lang='lat' dir='ltr'><strong>in</strong></span> <span class='ocrx_word' id='word_1_31' title='bbox 729 369 866 410; x_wconf 76' lang='lat' dir='ltr'>Scriptura</span> <span class='ocrx_word' id='word_1_32' title='bbox 879 370 991 402; x_wconf 87' lang='lat' dir='ltr'><strong>dicitur.</strong></span> 
     </span>
     <span class='ocr_line' id='line_1_8' title="bbox 249 413 991 456; baseline 0.005 -13"><span class='ocrx_word' id='word_1_33' title='bbox 249 413 358 444; x_wconf 87' lang='lat' dir='ltr'><strong>Idolum</strong></span> <span class='ocrx_word' id='word_1_34' title='bbox 371 422 462 445; x_wconf 85' lang='lat' dir='ltr'><strong>autem</strong></span> <span class='ocrx_word' id='word_1_35' title='bbox 469 415 587 455; x_wconf 85' lang='lat' dir='ltr'>quodvis</span> <span class='ocrx_word' id='word_1_36' title='bbox 597 415 755 456; x_wconf 86' lang='lat' dir='ltr'><strong>hujusmodi</strong></span> <span class='ocrx_word' id='word_1_37' title='bbox 764 423 813 446; x_wconf 85' lang='lat' dir='ltr'><strong>est.</strong></span> <span class='ocrx_word' id='word_1_38' title='bbox 827 418 871 446; x_wconf 86' lang='lat' dir='ltr'><strong>Et</strong></span> <span class='ocrx_word' id='word_1_39' title='bbox 883 418 991 447; x_wconf 81' lang='lat' dir='ltr'><strong>adora—</strong></span> 
     </span>
     <span class='ocr_line' id='line_1_9' title="bbox 250 462 994 502; baseline 0.007 -13"><span class='ocrx_word' id='word_1_40' title='bbox 250 468 352 490; x_wconf 75' lang='lat' dir='ltr'><strong>ver-unt</strong></span> <span class='ocrx_word' id='word_1_41' title='bbox 361 472 427 501; x_wconf 82' lang='lat' dir='ltr'><strong>quoe</strong></span> <span class='ocrx_word' id='word_1_42' title='bbox 435 462 576 502; x_wconf 83' lang='lat' dir='ltr'><strong>fecerunt</strong></span> <span class='ocrx_word' id='word_1_43' title='bbox 593 463 679 502; x_wconf 78' lang='lat' dir='ltr'><em>digiti</em></span> <span class='ocrx_word' id='word_1_44' title='bbox 691 464 840 493; x_wconf 81' lang='lat' dir='ltr'><strong>eorum.9.</strong></span> <span class='ocrx_word' id='word_1_45' title='bbox 851 464 994 494; x_wconf 76' lang='lat' dir='ltr'><strong>Etincur-</strong></span> 
     </span>
     <span class='ocr_line' id='line_1_10' title="bbox 248 509 992 548; baseline 0.005 -12"><span class='ocrx_word' id='word_1_46' title='bbox 248 511 328 537; x_wconf 81' lang='grc' dir='ltr'>νανίι</span> <span class='ocrx_word' id='word_1_47' title='bbox 338 519 370 538; x_wconf 83' lang='lat' dir='ltr'><strong>se</strong></span> <span class='ocrx_word' id='word_1_48' title='bbox 383 510 479 545; x_wconf 80' lang='lat' dir='ltr'><strong>homo,</strong></span> <span class='ocrx_word' id='word_1_49' title='bbox 493 516 521 538; x_wconf 86' lang='lat' dir='ltr'><strong>et</strong></span> <span class='ocrx_word' id='word_1_50' title='bbox 537 509 709 539; x_wconf 76' lang='lat' dir='ltr'><strong>humiliatus</strong></span> <span class='ocrx_word' id='word_1_51' title='bbox 723 516 766 539; x_wconf 82' lang='lat' dir='ltr'><strong>est</strong></span> <span class='ocrx_word' id='word_1_52' title='bbox 779 511 838 540; x_wconf 79' lang='lat' dir='ltr'><strong>vir.</strong></span> <span class='ocrx_word' id='word_1_53' title='bbox 853 511 992 548; x_wconf 72' lang='lat' dir='ltr'><strong>Quemad-</strong></span> 
     </span>
     <span class='ocr_line' id='line_1_11' title="bbox 246 554 992 587; baseline 0.007 -5"><span class='ocrx_word' id='word_1_54' title='bbox 246 554 358 583; x_wconf 90' lang='lat' dir='ltr'><strong>modum</strong></span> <span class='ocrx_word' id='word_1_55' title='bbox 383 555 454 584; x_wconf 87' lang='lat' dir='ltr'><strong>enim</strong></span> <span class='ocrx_word' id='word_1_56' title='bbox 481 554 601 585; x_wconf 83' lang='lat' dir='ltr'><strong>adoratio</strong></span> <span class='ocrx_word' id='word_1_57' title='bbox 628 556 680 585; x_wconf 89' lang='lat' dir='ltr'><strong>Dei</strong></span> <span class='ocrx_word' id='word_1_58' title='bbox 706 555 842 586; x_wconf 87' lang='lat' dir='ltr'><strong>hominem</strong></span> <span class='ocrx_word' id='word_1_59' title='bbox 858 557 886 586; x_wconf 93' lang='lat' dir='ltr'><strong>in</strong></span> <span class='ocrx_word' id='word_1_60' title='bbox 906 557 992 587; x_wconf 81' lang='lat' dir='ltr'><strong>altum</strong></span> 
     </span>
     <span class='ocr_line' id='line_1_12' title="bbox 247 601 989 643; baseline 0.005 -14"><span class='ocrx_word' id='word_1_61' title='bbox 247 601 353 636; x_wconf 84' lang='lat' dir='ltr'><strong>evehit,</strong></span> <span class='ocrx_word' id='word_1_62' title='bbox 374 602 413 631; x_wconf 87' lang='lat' dir='ltr'><strong>sic</strong></span> <span class='ocrx_word' id='word_1_63' title='bbox 432 601 552 631; x_wconf 85' lang='lat' dir='ltr'><strong>adoratio</strong></span> <span class='ocrx_word' id='word_1_64' title='bbox 573 612 668 632; x_wconf 89' lang='lat' dir='ltr'><strong>eorum</strong></span> <span class='ocrx_word' id='word_1_65' title='bbox 687 601 815 642; x_wconf 83' lang='lat' dir='ltr'>deprimit</span> <span class='ocrx_word' id='word_1_66' title='bbox 834 602 989 643; x_wconf 82' lang='lat' dir='ltr'><strong>dejicitque.</strong></span> 
     </span>
     <span class='ocr_line' id='line_1_13' title="bbox 247 647 989 689; baseline 0.003 -12"><span class='ocrx_word' id='word_1_67' title='bbox 247 647 322 684; x_wconf 88' lang='lat' dir='ltr'><strong>Quid</strong></span> <span class='ocrx_word' id='word_1_68' title='bbox 335 648 407 678; x_wconf 87' lang='lat' dir='ltr'><strong>enim</strong></span> <span class='ocrx_word' id='word_1_69' title='bbox 419 649 550 689; x_wconf 88' lang='lat' dir='ltr'><strong>abjectius</strong></span> <span class='ocrx_word' id='word_1_70' title='bbox 560 648 679 686; x_wconf 88' lang='lat' dir='ltr'><strong>homine,</strong></span> <span class='ocrx_word' id='word_1_71' title='bbox 694 648 741 688; x_wconf 85' lang='lat' dir='ltr'><strong>qui</strong></span> <span class='ocrx_word' id='word_1_72' title='bbox 751 659 766 678; x_wconf 90' lang='lat' dir='ltr'><strong>a</strong></span> <span class='ocrx_word' id='word_1_73' title='bbox 780 648 866 679; x_wconf 81' lang='lat' dir='ltr'><strong>salute</strong></span> <span class='ocrx_word' id='word_1_74' title='bbox 878 648 989 688; x_wconf 80' lang='lat' dir='ltr'><strong>decidit,</strong></span> 
     </span>
     <span class='ocr_line' id='line_1_14' title="bbox 248 694 991 735; baseline 0.003 -12"><span class='ocrx_word' id='word_1_75' title='bbox 248 694 490 735; x_wconf 87' lang='lat' dir='ltr'><strong>universorumque</strong></span> <span class='ocrx_word' id='word_1_76' title='bbox 499 696 587 725; x_wconf 88' lang='lat' dir='ltr'><strong>Deum</strong></span> <span class='ocrx_word' id='word_1_77' title='bbox 595 694 739 725; x_wconf 89' lang='lat' dir='ltr'><strong>inimicum</strong></span> <span class='ocrx_word' id='word_1_78' title='bbox 745 694 799 724; x_wconf 80' lang='lat' dir='ltr'><strong>sibi</strong></span> <span class='ocrx_word' id='word_1_79' title='bbox 806 694 935 733; x_wconf 74' lang='lat' dir='ltr'><strong>reddidit,</strong></span> <span class='ocrx_word' id='word_1_80' title='bbox 943 695 991 735; x_wconf 88' lang='lat' dir='ltr'><strong>qui</strong></span> 
     </span>
     <span class='ocr_line' id='line_1_15' title="bbox 248 741 992 782; baseline 0.003 -12"><span class='ocrx_word' id='word_1_81' title='bbox 248 741 402 771; x_wconf 82' lang='lat' dir='ltr'><strong>inanimatis</strong></span> <span class='ocrx_word' id='word_1_82' title='bbox 419 752 448 771; x_wconf 90' lang='lat' dir='ltr'><strong>se</strong></span> <span class='ocrx_word' id='word_1_83' title='bbox 468 742 618 779; x_wconf 83' lang='lat' dir='ltr'><strong>submittit,</strong></span> <span class='ocrx_word' id='word_1_84' title='bbox 643 749 670 772; x_wconf 89' lang='lat' dir='ltr'><strong>et</strong></span> <span class='ocrx_word' id='word_1_85' title='bbox 687 741 792 782; x_wconf 75' lang='lat' dir='ltr'><strong>lapides</strong></span> <span class='ocrx_word' id='word_1_86' title='bbox 816 741 899 772; x_wconf 75' lang='lat' dir='ltr'><strong>colit?</strong></span> <span class='ocrx_word' id='word_1_87' title='bbox 917 743 992 772; x_wconf 86' lang='lat' dir='ltr'><strong>Deus</strong></span> 
     </span>
     <span class='ocr_line' id='line_1_16' title="bbox 247 787 992 827; baseline 0.003 -12"><span class='ocrx_word' id='word_1_88' title='bbox 247 787 349 827; x_wconf 87' lang='lat' dir='ltr'><strong>quippe</strong></span> <span class='ocrx_word' id='word_1_89' title='bbox 366 788 395 817; x_wconf 92' lang='lat' dir='ltr'><strong>in</strong></span> <span class='ocrx_word' id='word_1_90' title='bbox 414 794 519 818; x_wconf 87' lang='lat' dir='ltr'><strong>tantum</strong></span> <span class='ocrx_word' id='word_1_91' title='bbox 537 799 585 818; x_wconf 88' lang='lat' dir='ltr'><strong>nos</strong></span> <span class='ocrx_word' id='word_1_92' title='bbox 604 788 734 818; x_wconf 76' lang='lat' dir='ltr'><strong>honorem</strong></span> <span class='ocrx_word' id='word_1_93' title='bbox 751 787 859 826; x_wconf 79' lang='lat' dir='ltr'><strong>evexit,</strong></span> <span class='ocrx_word' id='word_1_94' title='bbox 875 795 906 818; x_wconf 89' lang='lat' dir='ltr'><strong>ut</strong></span> <span class='ocrx_word' id='word_1_95' title='bbox 919 788 992 818; x_wconf 70' lang='lat' dir='ltr'><strong>czlis</strong></span> 
     </span>
     <span class='ocr_line' id='line_1_17' title="bbox 247 833 992 874; baseline 0.003 -12"><span class='ocrx_word' id='word_1_96' title='bbox 247 833 328 862; x_wconf 87' lang='lat' dir='ltr'><strong>etiam</strong></span> <span class='ocrx_word' id='word_1_97' title='bbox 348 843 397 863; x_wconf 88' lang='lat' dir='ltr'><strong>nos</strong></span> <span class='ocrx_word' id='word_1_98' title='bbox 410 835 580 866; x_wconf 83' lang='lat' dir='ltr'><strong>sublimiores</strong></span> <span class='ocrx_word' id='word_1_99' title='bbox 600 835 724 865; x_wconf 74' lang='lat' dir='ltr'><strong>redderet</strong></span> <span class='ocrx_word' id='word_1_100' title='bbox 732 846 739 867; x_wconf 90' lang='lat'>;</span> <span class='ocrx_word' id='word_1_101' title='bbox 754 833 879 864; x_wconf 81' lang='lat' dir='ltr'><strong>diabolus</strong></span> <span class='ocrx_word' id='word_1_102' title='bbox 889 844 934 864; x_wconf 87' lang='lat' dir='ltr'><strong>eos</strong></span> <span class='ocrx_word' id='word_1_103' title='bbox 944 835 992 874; x_wconf 88' lang='lat' dir='ltr'><strong>qui</strong></span> 
     </span>
     <span class='ocr_line' id='line_1_18' title="bbox 248 879 993 919; baseline 0.003 -11"><span class='ocrx_word' id='word_1_104' title='bbox 248 880 300 908; x_wconf 91' lang='lat' dir='ltr'><strong>sibi</strong></span> <span class='ocrx_word' id='word_1_105' title='bbox 314 879 529 919; x_wconf 80' lang='lat' dir='ltr'><strong>obsequebantur</strong></span> <span class='ocrx_word' id='word_1_106' title='bbox 542 881 570 911; x_wconf 93' lang='lat' dir='ltr'><strong>in</strong></span> <span class='ocrx_word' id='word_1_107' title='bbox 584 888 685 911; x_wconf 84' lang='lat' dir='ltr'><strong>tantam</strong></span> <span class='ocrx_word' id='word_1_108' title='bbox 693 880 824 911; x_wconf 84' lang='lat' dir='ltr'><strong>vilitatem</strong></span> <span class='ocrx_word' id='word_1_109' title='bbox 831 879 955 918; x_wconf 83' lang='lat' dir='ltr'><strong>deduxit,</strong></span> <span class='ocrx_word' id='word_1_110' title='bbox 962 887 993 910; x_wconf 93' lang='lat' dir='ltr'><strong>ut</strong></span> 
     </span>
     <span class='ocr_line' id='line_1_19' title="bbox 249 921 989 966; baseline -0.001 -10"><span class='ocrx_word' id='word_1_111' title='bbox 249 928 420 957; x_wconf 84' lang='lat' dir='ltr'><strong>insensilibus</strong></span> <span class='ocrx_word' id='word_1_112' title='bbox 427 927 608 957; x_wconf 84' lang='lat' dir='ltr'><strong>insensiliores</strong></span> <span class='ocrx_word' id='word_1_113' title='bbox 613 928 718 957; x_wconf 84' lang='lat' dir='ltr'><strong>faceret.</strong></span> <span class='ocrx_word' id='word_1_114' title='bbox 725 926 791 956; x_wconf 87' lang='lat' dir='ltr'><strong>Ideo</strong></span> <span class='ocrx_word' id='word_1_115' title='bbox 800 921 837 957; x_wconf 79' lang='lat' dir='ltr'><strong>ait</strong></span> <span class='ocrx_word' id='word_1_116' title='bbox 845 927 975 966; x_wconf 85' lang='lat' dir='ltr'><strong>propheta</strong></span> <span class='ocrx_word' id='word_1_117' title='bbox 983 939 989 955; x_wconf 91' lang='lat'>:</span> 
     </span>
     <span class='ocr_line' id='line_1_20' title="bbox 248 973 994 1004; baseline -0.001 -1"><span class='ocrx_word' id='word_1_118' title='bbox 248 974 432 1003; x_wconf 77' lang='lat' dir='ltr'><strong>Humiliatus</strong></span> <span class='ocrx_word' id='word_1_119' title='bbox 439 980 481 1003; x_wconf 83' lang='lat' dir='ltr'><strong>est</strong></span> <span class='ocrx_word' id='word_1_120' title='bbox 487 974 547 1003; x_wconf 81' lang='lat' dir='ltr'><strong>vir.</strong></span> <span class='ocrx_word' id='word_1_121' title='bbox 555 973 713 1004; x_wconf 81' lang='lat' dir='ltr'><strong>sufficiehat</strong></span> <span class='ocrx_word' id='word_1_122' title='bbox 717 979 788 1002; x_wconf 85' lang='lat' dir='ltr'><strong>certe</strong></span> <span class='ocrx_word' id='word_1_123' title='bbox 794 973 852 1002; x_wconf 84' lang='lat' dir='ltr'><strong>haec</strong></span> <span class='ocrx_word' id='word_1_124' title='bbox 861 974 994 1002; x_wconf 83' lang='lat' dir='ltr'><strong>accusatio</strong></span> 
     </span>
     <span class='ocr_line' id='line_1_21' title="bbox 248 1018 992 1060; baseline 0 -12"><span class='ocrx_word' id='word_1_125' title='bbox 248 1027 277 1049; x_wconf 89' lang='lat' dir='ltr'><strong>ut</strong></span> <span class='ocrx_word' id='word_1_126' title='bbox 297 1028 386 1050; x_wconf 89' lang='lat' dir='ltr'><strong>mente</strong></span> <span class='ocrx_word' id='word_1_127' title='bbox 416 1020 560 1060; x_wconf 68' lang='lat' dir='ltr'><strong>praeditum</strong></span> <span class='ocrx_word' id='word_1_128' title='bbox 585 1020 620 1049; x_wconf 93' lang='lat' dir='ltr'><strong>ab</strong></span> <span class='ocrx_word' id='word_1_129' title='bbox 645 1019 698 1049; x_wconf 83' lang='lat' dir='ltr'><strong>hoc</strong></span> <span class='ocrx_word' id='word_1_130' title='bbox 721 1019 816 1048; x_wconf 89' lang='lat' dir='ltr'><strong>morbo</strong></span> <span class='ocrx_word' id='word_1_131' title='bbox 837 1018 992 1048; x_wconf 86' lang='lat' dir='ltr'><strong>abduceret.</strong></span> 
     </span>
    </p>
   </div>
   <div class='ocr_carea' id='block_1_4' title="bbox 247 1065 994 1107">
    <p class='ocr_par' dir='ltr' id='par_1_4' title="bbox 247 1065 994 1107">
     <span class='ocr_line' id='line_1_22' title="bbox 247 1065 994 1107; baseline -0.001 -11"><span class='ocrx_word' id='word_1_132' title='bbox 247 1068 353 1097; x_wconf 85' lang='lat' dir='ltr'><strong>Verum</strong></span> <span class='ocrx_word' id='word_1_133' title='bbox 374 1067 438 1106; x_wconf 87' lang='lat' dir='ltr'><strong>quia</strong></span> <span class='ocrx_word' id='word_1_134' title='bbox 460 1067 584 1107; x_wconf 81' lang='lat' dir='ltr'><strong>plerique</strong></span> <span class='ocrx_word' id='word_1_135' title='bbox 607 1065 728 1095; x_wconf 64' lang='lat' dir='ltr'><strong>hominos</strong></span> <span class='ocrx_word' id='word_1_136' title='bbox 745 1074 799 1094; x_wconf 91' lang='lat' dir='ltr'><strong>non</strong></span> <span class='ocrx_word' id='word_1_137' title='bbox 813 1071 867 1094; x_wconf 86' lang='lat' dir='ltr'><strong>tam</strong></span> <span class='ocrx_word' id='word_1_138' title='bbox 887 1071 994 1104; x_wconf 78' lang='lat' dir='ltr'><strong>peccata</strong></span> 
     </span>
    </p>
   </div>
   <div class='ocr_carea' id='block_1_5' title="bbox 216 1106 993 1154">
    <p class='ocr_par' dir='ltr' id='par_1_5' title="bbox 216 1106 993 1154">
     <span class='ocr_line' id='line_1_23' title="bbox 216 1106 993 1154; baseline 0 -13"><span class='ocrx_word' id='word_1_139' title='bbox 216 1106 218 1108; x_wconf 21' lang='lat' dir='ltr'>V</span> <span class='ocrx_word' id='word_1_140' title='bbox 247 1124 329 1152; x_wconf 85' lang='lat' dir='ltr'><strong>quam</strong></span> <span class='ocrx_word' id='word_1_141' title='bbox 343 1114 477 1154; x_wconf 83' lang='lat' dir='ltr'><strong>supplicia</strong></span> <span class='ocrx_word' id='word_1_142' title='bbox 486 1112 642 1150; x_wconf 81' lang='lat' dir='ltr'><strong>formidant,</strong></span> <span class='ocrx_word' id='word_1_143' title='bbox 657 1111 705 1141; x_wconf 89' lang='lat' dir='ltr'><strong>ille</strong></span> <span class='ocrx_word' id='word_1_144' title='bbox 716 1110 882 1152; x_wconf 88' lang='lat' dir='ltr'><strong>supplicium</strong></span> <span class='ocrx_word' id='word_1_145' title='bbox 896 1110 993 1151; x_wconf 86' lang='lat' dir='ltr'><strong>adjun-</strong></span> 
     </span>
    </p>
   </div>
   <div class='ocr_carea' id='block_1_6' title="bbox 242 1156 992 1618">
    <p class='ocr_par' dir='ltr' id='par_1_6' title="bbox 242 1156 992 1618">
     <span class='ocr_line' id='line_1_24' title="bbox 247 1156 991 1197; baseline -0.004 -7"><span class='ocrx_word' id='word_1_146' title='bbox 247 1161 298 1197; x_wconf 81' lang='lat' dir='ltr'><strong>xit,</strong></span> <span class='ocrx_word' id='word_1_147' title='bbox 311 1160 420 1190; x_wconf 86' lang='lat' dir='ltr'><strong>dicens:</strong></span> <span class='ocrx_word' id='word_1_148' title='bbox 437 1161 504 1189; x_wconf 87' lang='lat' dir='ltr'><strong>Non</strong></span> <span class='ocrx_word' id='word_1_149' title='bbox 518 1160 664 1189; x_wconf 80' lang='lat' dir='ltr'><strong>dimittam</strong></span> <span class='ocrx_word' id='word_1_150' title='bbox 675 1167 734 1188; x_wconf 83' lang='lat' dir='ltr'><strong>eos.</strong></span> <span class='ocrx_word' id='word_1_151' title='bbox 750 1158 812 1187; x_wconf 87' lang='lat' dir='ltr'><strong>Non</strong></span> <span class='ocrx_word' id='word_1_152' title='bbox 823 1156 991 1194; x_wconf 83' lang='lat' dir='ltr'><strong>condonabo,</strong></span> 
     </span>
     <span class='ocr_line' id='line_1_25' title="bbox 247 1202 992 1245; baseline -0.004 -9"><span class='ocrx_word' id='word_1_153' title='bbox 247 1207 344 1245; x_wconf 89' lang='lat' dir='ltr'><strong>inquit,</strong></span> <span class='ocrx_word' id='word_1_154' title='bbox 362 1216 415 1235; x_wconf 89' lang='lat' dir='ltr'><strong>non</strong></span> <span class='ocrx_word' id='word_1_155' title='bbox 429 1205 574 1242; x_wconf 77' lang='lat' dir='ltr'><strong>dimittam,</strong></span> <span class='ocrx_word' id='word_1_156' title='bbox 591 1214 644 1234; x_wconf 86' lang='lat' dir='ltr'><strong>non</strong></span> <span class='ocrx_word' id='word_1_157' title='bbox 658 1203 805 1243; x_wconf 79' lang='lat' dir='ltr'><strong>negligam,</strong></span> <span class='ocrx_word' id='word_1_158' title='bbox 815 1202 863 1232; x_wconf 87' lang='lat' dir='ltr'><strong>sed</strong></span> <span class='ocrx_word' id='word_1_159' title='bbox 877 1202 992 1233; x_wconf 81' lang='lat' dir='ltr'><strong>rationes</strong></span> 
     </span>
     <span class='ocr_line' id='line_1_26' title="bbox 245 1251 992 1293; baseline -0.004 -11"><span class='ocrx_word' id='word_1_160' title='bbox 245 1262 389 1293; x_wconf 88' lang='lat' dir='ltr'><strong>poenasque</strong></span> <span class='ocrx_word' id='word_1_161' title='bbox 400 1259 518 1293; x_wconf 77' lang='lat' dir='ltr'><strong>repetam</strong></span> <span class='ocrx_word' id='word_1_162' title='bbox 528 1252 668 1281; x_wconf 84' lang='lat' dir='ltr'><strong>scelerum.</strong></span> <span class='ocrx_word' id='word_1_163' title='bbox 681 1252 728 1279; x_wconf 76' lang='lat'><strong>10.</strong></span> <span class='ocrx_word' id='word_1_164' title='bbox 735 1251 777 1279; x_wconf 86' lang='lat' dir='ltr'><strong>Et</strong></span> <span class='ocrx_word' id='word_1_165' title='bbox 788 1259 866 1279; x_wconf 81' lang='lat' dir='ltr'><strong>nunc</strong></span> <span class='ocrx_word' id='word_1_166' title='bbox 875 1251 992 1279; x_wconf 77' lang='lat' dir='ltr'><strong>introite</strong></span> 
     </span>
     <span class='ocr_line' id='line_1_27' title="bbox 245 1298 990 1339; baseline 0 -12"><span class='ocrx_word' id='word_1_167' title='bbox 245 1301 278 1327; x_wconf 87' lang='lat' dir='ltr'><strong>in</strong></span> <span class='ocrx_word' id='word_1_168' title='bbox 295 1306 406 1339; x_wconf 77' lang='lat' dir='ltr'><strong>petras,</strong></span> <span class='ocrx_word' id='word_1_169' title='bbox 422 1305 460 1328; x_wconf 75' lang='lat' dir='ltr'><strong>et</strong></span> <span class='ocrx_word' id='word_1_170' title='bbox 480 1298 696 1328; x_wconf 84' lang='lat' dir='ltr'><strong>abscondimini</strong></span> <span class='ocrx_word' id='word_1_171' title='bbox 719 1299 751 1326; x_wconf 83' lang='lat' dir='ltr'><strong>in</strong></span> <span class='ocrx_word' id='word_1_172' title='bbox 776 1302 854 1326; x_wconf 82' lang='lat' dir='ltr'><strong>terra</strong></span> <span class='ocrx_word' id='word_1_173' title='bbox 872 1307 892 1325; x_wconf 85' lang='lat' dir='ltr'><strong>a</strong></span> <span class='ocrx_word' id='word_1_174' title='bbox 902 1298 990 1339; x_wconf 81' lang='lat' dir='ltr'><strong>facie</strong></span> 
     </span>
     <span class='ocr_line' id='line_1_28' title="bbox 246 1342 990 1384; baseline -0.003 -9"><span class='ocrx_word' id='word_1_175' title='bbox 246 1348 358 1376; x_wconf 85' lang='lat' dir='ltr'><strong>timoris</strong></span> <span class='ocrx_word' id='word_1_176' title='bbox 370 1347 501 1376; x_wconf 79' lang='lat' dir='ltr'><strong>Domini.</strong></span> <span class='ocrx_word' id='word_1_177' title='bbox 515 1347 660 1384; x_wconf 86' lang='lat' dir='ltr'><strong>Postquam</strong></span> <span class='ocrx_word' id='word_1_178' title='bbox 671 1344 782 1373; x_wconf 91' lang='lat' dir='ltr'><strong>illorum</strong></span> <span class='ocrx_word' id='word_1_179' title='bbox 800 1342 990 1383; x_wconf 84' lang='lat' dir='ltr'><strong>insipientiam,</strong></span> 
     </span>
     <span class='ocr_line' id='line_1_29' title="bbox 244 1389 991 1433; baseline -0.005 -10"><span class='ocrx_word' id='word_1_180' title='bbox 244 1394 290 1433; x_wconf 91' lang='lat' dir='ltr'><strong>qui</strong></span> <span class='ocrx_word' id='word_1_181' title='bbox 304 1394 377 1424; x_wconf 88' lang='lat' dir='ltr'><strong>idola</strong></span> <span class='ocrx_word' id='word_1_182' title='bbox 391 1393 513 1430; x_wconf 91' lang='lat' dir='ltr'><strong>adorant,</strong></span> <span class='ocrx_word' id='word_1_183' title='bbox 527 1392 590 1422; x_wconf 85' lang='lat' dir='ltr'><strong>satis</strong></span> <span class='ocrx_word' id='word_1_184' title='bbox 604 1390 736 1428; x_wconf 82' lang='lat' dir='ltr'><strong>traduxit,</strong></span> <span class='ocrx_word' id='word_1_185' title='bbox 749 1396 774 1419; x_wconf 86' lang='lat' dir='ltr'><strong>et</strong></span> <span class='ocrx_word' id='word_1_186' title='bbox 788 1400 804 1419; x_wconf 90' lang='lat' dir='ltr'><strong>a</strong></span> <span class='ocrx_word' id='word_1_187' title='bbox 816 1389 898 1419; x_wconf 88' lang='lat' dir='ltr'><strong>modo</strong></span> <span class='ocrx_word' id='word_1_188' title='bbox 907 1390 991 1420; x_wconf 87' lang='lat' dir='ltr'><strong>fabri-</strong></span> 
     </span>
     <span class='ocr_line' id='line_1_30' title="bbox 243 1436 990 1474; baseline -0.007 -4"><span class='ocrx_word' id='word_1_189' title='bbox 243 1440 322 1470; x_wconf 89' lang='lat' dir='ltr'><strong>candi</strong></span> <span class='ocrx_word' id='word_1_190' title='bbox 336 1450 430 1470; x_wconf 83' lang='lat' dir='ltr'><strong>eorum</strong></span> <span class='ocrx_word' id='word_1_191' title='bbox 442 1439 585 1469; x_wconf 84' lang='lat' dir='ltr'><strong>amentiam</strong></span> <span class='ocrx_word' id='word_1_192' title='bbox 597 1436 723 1474; x_wconf 87' lang='lat' dir='ltr'><strong>ostendit,</strong></span> <span class='ocrx_word' id='word_1_193' title='bbox 738 1446 840 1466; x_wconf 88' lang='lat' dir='ltr'><strong>necnon</strong></span> <span class='ocrx_word' id='word_1_194' title='bbox 854 1436 990 1466; x_wconf 89' lang='lat' dir='ltr'><strong>idolorum</strong></span> 
     </span>
     <span class='ocr_line' id='line_1_31' title="bbox 244 1482 990 1523; baseline -0.007 -7"><span class='ocrx_word' id='word_1_195' title='bbox 244 1486 467 1523; x_wconf 87' lang='lat' dir='ltr'><strong>imbecillitatem;</strong></span> <span class='ocrx_word' id='word_1_196' title='bbox 475 1495 570 1515; x_wconf 89' lang='lat' dir='ltr'><strong>rursus</strong></span> <span class='ocrx_word' id='word_1_197' title='bbox 576 1484 669 1514; x_wconf 87' lang='lat' dir='ltr'><strong>verbis</strong></span> <span class='ocrx_word' id='word_1_198' title='bbox 675 1489 816 1518; x_wconf 83' lang='lat' dir='ltr'><strong>concertat,</strong></span> <span class='ocrx_word' id='word_1_199' title='bbox 824 1489 850 1512; x_wconf 90' lang='lat' dir='ltr'><strong>et</strong></span> <span class='ocrx_word' id='word_1_200' title='bbox 854 1482 990 1512; x_wconf 82' lang='lat' dir='ltr'><strong>dictorum</strong></span> 
     </span>
     <span class='ocr_line' id='line_1_32' title="bbox 242 1528 988 1572; baseline -0.007 -10"><span class='ocrx_word' id='word_1_201' title='bbox 242 1533 442 1572; x_wconf 87' lang='lat' dir='ltr'><strong>inquisitionem</strong></span> <span class='ocrx_word' id='word_1_202' title='bbox 451 1542 542 1561; x_wconf 88' lang='lat' dir='ltr'><strong>rerum</strong></span> <span class='ocrx_word' id='word_1_203' title='bbox 552 1530 722 1570; x_wconf 81' lang='lat' dir='ltr'><strong>experientiae</strong></span> <span class='ocrx_word' id='word_1_204' title='bbox 730 1528 871 1569; x_wconf 86' lang='lat' dir='ltr'><strong>permittit,</strong></span> <span class='ocrx_word' id='word_1_205' title='bbox 882 1529 988 1567; x_wconf 84' lang='lat' dir='ltr'><strong>aitque:</strong></span> 
     </span>
     <span class='ocr_line' id='line_1_33' title="bbox 242 1575 990 1618; baseline -0.005 -9"><span class='ocrx_word' id='word_1_206' title='bbox 242 1580 398 1610; x_wconf 85' lang='lat' dir='ltr'><strong>Sufficiebat</strong></span> <span class='ocrx_word' id='word_1_207' title='bbox 418 1578 485 1607; x_wconf 85' lang='lat' dir='ltr'><strong>mihi</strong></span> <span class='ocrx_word' id='word_1_208' title='bbox 513 1588 560 1618; x_wconf 82' lang='lat' dir='ltr'><strong>per</strong></span> <span class='ocrx_word' id='word_1_209' title='bbox 580 1577 632 1606; x_wconf 89' lang='lat' dir='ltr'><strong>hoc</strong></span> <span class='ocrx_word' id='word_1_210' title='bbox 650 1576 740 1616; x_wconf 87' lang='lat' dir='ltr'><strong>ipsum</strong></span> <span class='ocrx_word' id='word_1_211' title='bbox 757 1575 830 1614; x_wconf 85' lang='lat' dir='ltr'><strong>quod</strong></span> <span class='ocrx_word' id='word_1_212' title='bbox 847 1575 905 1604; x_wconf 79' lang='lat' dir='ltr'><strong>haec</strong></span> <span class='ocrx_word' id='word_1_213' title='bbox 922 1575 990 1605; x_wconf 74' lang='lat' dir='ltr'><strong>sacta</strong></span> 
     </span>
    </p>
   </div>
   <div class='ocr_carea' id='block_1_7' title="bbox 593 169 1489 201">
    <p class='ocr_par' dir='ltr' id='par_1_7' title="bbox 593 169 1489 201">
     <span class='ocr_line' id='line_1_34' title="bbox 593 169 1489 201; baseline 0.01 -10"><span class='ocrx_word' id='word_1_214' title='bbox 593 169 622 192; x_wconf 87' lang='lat' dir='ltr'><strong>S.</strong></span> <span class='ocrx_word' id='word_1_215' title='bbox 651 169 791 194; x_wconf 70' lang='lat' dir='ltr'><strong>JOANNIS</strong></span> <span class='ocrx_word' id='word_1_216' title='bbox 818 172 1001 197; x_wconf 77' lang='lat' dir='ltr'><strong>cnanosT.</strong></span> <span class='ocrx_word' id='word_1_217' title='bbox 1031 175 1186 198; x_wconf 78' lang='lat' dir='ltr'><strong>ARcmEP.</strong></span> <span class='ocrx_word' id='word_1_218' title='bbox 1216 177 1489 201; x_wconf 74' lang='lat' dir='ltr'><strong>CONSTANTINOP.</strong></span> 
     </span>
    </p>
   </div>
   <div class='ocr_carea' id='block_1_8' title="bbox 1046 235 1821 514">
    <p class='ocr_par' dir='ltr' id='par_1_8' title="bbox 1046 235 1821 514">
     <span class='ocr_line' id='line_1_35' title="bbox 1050 235 1821 282; baseline 0.012 -18"><span class='ocrx_word' id='word_1_219' title='bbox 1050 235 1143 269; x_wconf 73' lang='grc' dir='ltr'>αὐτοὺς</span> <span class='ocrx_word' id='word_1_220' title='bbox 1160 237 1327 268; x_wconf 81' lang='grc' dir='ltr'>ἀναστέλλων</span> <span class='ocrx_word' id='word_1_221' title='bbox 1339 241 1387 274; x_wconf 79' lang='grc' dir='ltr'><strong>τῆς</strong></span> <span class='ocrx_word' id='word_1_222' title='bbox 1400 238 1523 273; x_wconf 64' lang='lat' dir='ltr'><strong>detecta&lt;</strong></span> <span class='ocrx_word' id='word_1_223' title='bbox 1533 251 1539 258; x_wconf 89' lang='grc'><em>·</em></span> <span class='ocrx_word' id='word_1_224' title='bbox 1562 240 1592 270; x_wconf 78' lang='grc' dir='ltr'><strong>τὸ</strong></span> <span class='ocrx_word' id='word_1_225' title='bbox 1604 241 1655 282; x_wconf 87' lang='grc' dir='ltr'><strong>γὰρ</strong></span> <span class='ocrx_word' id='word_1_226' title='bbox 1679 243 1804 282; x_wconf 81' lang='grc' dir='ltr'>βδελύττε</span> <span class='ocrx_word' id='word_1_227' title='bbox 1814 261 1821 264; x_wconf 54' lang='grc'>&lt;</span> 
     </span>
     <span class='ocr_line' id='line_1_36' title="bbox 1050 282 1821 330; baseline 0.01 -19"><span class='ocrx_word' id='word_1_228' title='bbox 1050 285 1110 311; x_wconf 86' lang='grc' dir='ltr'>σθαι</span> <span class='ocrx_word' id='word_1_229' title='bbox 1123 282 1153 312; x_wconf 86' lang='grc' dir='ltr'><strong>τὸ</strong></span> <span class='ocrx_word' id='word_1_230' title='bbox 1173 284 1231 322; x_wconf 82' lang='grc' dir='ltr'>μεθ’</span> <span class='ocrx_word' id='word_1_231' title='bbox 1251 283 1399 323; x_wconf 72' lang='grc' dir='ltr'>ὑπερὸολῆς</span> <span class='ocrx_word' id='word_1_232' title='bbox 1412 285 1470 314; x_wconf 83' lang='grc' dir='ltr'>ἐστι</span> <span class='ocrx_word' id='word_1_233' title='bbox 1490 290 1587 324; x_wconf 76' lang='grc' dir='ltr'>μισεῖν,</span> <span class='ocrx_word' id='word_1_234' title='bbox 1608 289 1644 320; x_wconf 86' lang='grc' dir='ltr'><strong>ὡς</strong></span> <span class='ocrx_word' id='word_1_235' title='bbox 1664 288 1821 330; x_wconf 73' lang='grc' dir='ltr'>ἀκάθαρτον,</span> 
     </span>
     <span class='ocr_line' id='line_1_37' title="bbox 1048 328 1820 371; baseline 0.01 -14"><span class='ocrx_word' id='word_1_236' title='bbox 1048 329 1084 361; x_wconf 79' lang='grc' dir='ltr'><strong>ὡς</strong></span> <span class='ocrx_word' id='word_1_237' title='bbox 1095 328 1195 368; x_wconf 77' lang='grc' dir='ltr'>ἐναγές.</span> <span class='ocrx_word' id='word_1_238' title='bbox 1212 330 1251 359; x_wconf 77' lang='grc' dir='ltr'><strong>Τὸ</strong></span> <span class='ocrx_word' id='word_1_239' title='bbox 1267 329 1352 358; x_wconf 83' lang='grc' dir='ltr'>τοίνυν</span> <span class='ocrx_word' id='word_1_240' title='bbox 1367 329 1505 370; x_wconf 83' lang='grc' dir='ltr'>βδέλυγμα</span> <span class='ocrx_word' id='word_1_241' title='bbox 1520 331 1551 361; x_wconf 80' lang='grc' dir='ltr'><strong>τὸ</strong></span> <span class='ocrx_word' id='word_1_242' title='bbox 1567 332 1679 371; x_wconf 80' lang='grc' dir='ltr'>μισητὸν</span> <span class='ocrx_word' id='word_1_243' title='bbox 1693 334 1738 364; x_wconf 83' lang='grc' dir='ltr'><strong>καὶ</strong></span> <span class='ocrx_word' id='word_1_244' title='bbox 1752 337 1820 365; x_wconf 80' lang='grc' dir='ltr'>ἀπο-</span> 
     </span>
     <span class='ocr_line' id='line_1_38' title="bbox 1048 375 1820 417; baseline 0.01 -14"><span class='ocrx_word' id='word_1_245' title='bbox 1048 378 1162 415; x_wconf 80' lang='grc' dir='ltr'>στροφῆς</span> <span class='ocrx_word' id='word_1_246' title='bbox 1175 375 1245 409; x_wconf 81' lang='grc' dir='ltr'>ἄξιον</span> <span class='ocrx_word' id='word_1_247' title='bbox 1260 377 1287 405; x_wconf 86' lang='grc' dir='ltr'><strong>ἐν</strong></span> <span class='ocrx_word' id='word_1_248' title='bbox 1301 379 1334 416; x_wconf 83' lang='grc' dir='ltr'><strong>τῇ</strong></span> <span class='ocrx_word' id='word_1_249' title='bbox 1350 378 1443 417; x_wconf 83' lang='grc' dir='ltr'>Γραφῇ</span> <span class='ocrx_word' id='word_1_250' title='bbox 1457 376 1574 417; x_wconf 82' lang='grc' dir='ltr'>λέγεται.</span> <span class='ocrx_word' id='word_1_251' title='bbox 1589 380 1648 409; x_wconf 79' lang='grc' dir='ltr'><strong>Πᾶν</strong></span> <span class='ocrx_word' id='word_1_252' title='bbox 1665 380 1692 410; x_wconf 84' lang='grc' dir='ltr'><strong>δὲ</strong></span> <span class='ocrx_word' id='word_1_253' title='bbox 1711 380 1820 412; x_wconf 86' lang='grc' dir='ltr'>εἴδωλον</span> 
     </span>
     <span class='ocr_line' id='line_1_39' title="bbox 1046 419 1819 462; baseline 0.012 -14"><span class='ocrx_word' id='word_1_254' title='bbox 1046 423 1173 451; x_wconf 81' lang='grc' dir='ltr'>τοιοῦτον.</span> <span class='ocrx_word' id='word_1_255' title='bbox 1191 422 1244 451; x_wconf 83' lang='grc' dir='ltr'><strong>Καὶ</strong></span> <span class='ocrx_word' id='word_1_256' title='bbox 1256 422 1454 462; x_wconf 79' lang='grc' dir='ltr'>προσεκύνησαν</span> <span class='ocrx_word' id='word_1_257' title='bbox 1468 419 1506 457; x_wconf 74' lang='grc' dir='ltr'><strong>οἷς</strong></span> <span class='ocrx_word' id='word_1_258' title='bbox 1519 424 1646 461; x_wconf 85' lang='grc' dir='ltr'>ἐποίησαν</span> <span class='ocrx_word' id='word_1_259' title='bbox 1656 428 1680 456; x_wconf 80' lang='grc' dir='ltr'><strong>οἱ</strong></span> <span class='ocrx_word' id='word_1_260' title='bbox 1694 426 1819 458; x_wconf 80' lang='grc' dir='ltr'>δάκτυλοι</span> 
     </span>
     <span class='ocr_line' id='line_1_40' title="bbox 1046 466 1817 514; baseline 0.012 -20"><span class='ocrx_word' id='word_1_261' title='bbox 1046 466 1141 496; x_wconf 81' lang='grc' dir='ltr'>αὐτῶν.</span> <span class='ocrx_word' id='word_1_262' title='bbox 1154 467 1208 496; x_wconf 81' lang='grc' dir='ltr'><strong>Καὶ</strong></span> <span class='ocrx_word' id='word_1_263' title='bbox 1221 468 1315 507; x_wconf 80' lang='grc' dir='ltr'>ἔκυψεν</span> <span class='ocrx_word' id='word_1_264' title='bbox 1329 468 1464 509; x_wconf 86' lang='grc' dir='ltr'>ἄνθρωπος</span> <span class='ocrx_word' id='word_1_265' title='bbox 1474 493 1481 506; x_wconf 92' lang='grc'>,</span> <span class='ocrx_word' id='word_1_266' title='bbox 1498 470 1544 499; x_wconf 84' lang='grc' dir='ltr'><strong>καὶ</strong></span> <span class='ocrx_word' id='word_1_267' title='bbox 1558 471 1722 509; x_wconf 77' lang='grc' dir='ltr'>ἐταπεινώθη</span> <span class='ocrx_word' id='word_1_268' title='bbox 1741 474 1817 514; x_wconf 83' lang='grc' dir='ltr'>ἀνήρ.</span> 
     </span>
    </p>
   </div>
   <div class='ocr_carea' id='block_1_9' title="bbox 1010 509 1818 605">
    <p class='ocr_par' dir='ltr' id='par_1_9' title="bbox 1010 509 1818 605">
     <span class='ocr_line' id='line_1_41' title="bbox 1020 509 1818 559; baseline 0.011 -20"><span class='ocrx_word' id='word_1_269' title='bbox 1020 536 1032 555; x_wconf 75' lang='lat'><strong>⁹</strong></span> <span class='ocrx_word' id='word_1_270' title='bbox 1045 509 1151 552; x_wconf 66' lang='grc' dir='ltr'><strong>αὨσπερ</strong></span> <span class='ocrx_word' id='word_1_271' title='bbox 1165 512 1216 552; x_wconf 85' lang='grc' dir='ltr'><strong>γὰρ</strong></span> <span class='ocrx_word' id='word_1_272' title='bbox 1229 515 1246 548; x_wconf 86' lang='grc' dir='ltr'>ἡ</span> <span class='ocrx_word' id='word_1_273' title='bbox 1260 515 1304 542; x_wconf 76' lang='grc' dir='ltr'><strong>τοῦ</strong></span> <span class='ocrx_word' id='word_1_274' title='bbox 1315 515 1385 544; x_wconf 78' lang='grc' dir='ltr'>Θεοῦ</span> <span class='ocrx_word' id='word_1_275' title='bbox 1396 515 1573 555; x_wconf 86' lang='grc' dir='ltr'>προσκύνησις</span> <span class='ocrx_word' id='word_1_276' title='bbox 1587 519 1624 551; x_wconf 84' lang='grc' dir='ltr'><strong>εἷς</strong></span> <span class='ocrx_word' id='word_1_277' title='bbox 1633 517 1697 558; x_wconf 76' lang='grc' dir='ltr'>ὕψος</span> <span class='ocrx_word' id='word_1_278' title='bbox 1712 519 1818 559; x_wconf 74' lang='grc' dir='ltr'>ἀνάγει,</span> 
     </span>
     <span class='ocr_line' id='line_1_42' title="bbox 1010 556 1818 605; baseline 0.01 -18"><span class='ocrx_word' id='word_1_279' title='bbox 1010 564 1030 587; x_wconf 80' lang='lat' dir='ltr'>A</span> <span class='ocrx_word' id='word_1_280' title='bbox 1045 556 1127 591; x_wconf 77' lang='grc' dir='ltr'>οὕτως</span> <span class='ocrx_word' id='word_1_281' title='bbox 1139 561 1156 594; x_wconf 88' lang='grc' dir='ltr'>ἡ</span> <span class='ocrx_word' id='word_1_282' title='bbox 1179 559 1284 588; x_wconf 77' lang='grc' dir='ltr'>ἐκείνων</span> <span class='ocrx_word' id='word_1_283' title='bbox 1305 566 1424 590; x_wconf 81' lang='grc' dir='ltr'>ταπεινοῖ</span> <span class='ocrx_word' id='word_1_284' title='bbox 1444 562 1489 591; x_wconf 80' lang='grc' dir='ltr'><strong>καὶ</strong></span> <span class='ocrx_word' id='word_1_285' title='bbox 1503 562 1623 603; x_wconf 83' lang='grc' dir='ltr'>κατάγει.</span> <span class='ocrx_word' id='word_1_286' title='bbox 1638 563 1674 593; x_wconf 88' lang='grc' dir='ltr'><strong>Τί</strong></span> <span class='ocrx_word' id='word_1_287' title='bbox 1694 564 1746 605; x_wconf 77' lang='grc' dir='ltr'><strong>γὰρ</strong></span> <span class='ocrx_word' id='word_1_288' title='bbox 1770 577 1818 595; x_wconf 86' lang='grc' dir='ltr'><strong>τα-</strong></span> 
     </span>
    </p>
   </div>
   <div class='ocr_carea' id='block_1_10' title="bbox 1043 603 1818 1109">
    <p class='ocr_par' dir='ltr' id='par_1_10' title="bbox 1043 603 1818 1109">
     <span class='ocr_line' id='line_1_43' title="bbox 1044 603 1818 648; baseline 0.012 -16"><span class='ocrx_word' id='word_1_289' title='bbox 1044 603 1192 644; x_wconf 85' lang='grc' dir='ltr'>πεινότερον</span> <span class='ocrx_word' id='word_1_290' title='bbox 1216 605 1353 645; x_wconf 85' lang='grc' dir='ltr'>ἀνθρώπου</span> <span class='ocrx_word' id='word_1_291' title='bbox 1379 607 1511 647; x_wconf 77' lang='grc' dir='ltr'>σωτηρίας</span> <span class='ocrx_word' id='word_1_292' title='bbox 1531 609 1731 644; x_wconf 80' lang='grc' dir='ltr'>ἐκπεπτωκότος</span> <span class='ocrx_word' id='word_1_293' title='bbox 1740 634 1748 648; x_wconf 82' lang='grc'>,</span> <span class='ocrx_word' id='word_1_294' title='bbox 1772 611 1818 641; x_wconf 81' lang='grc' dir='ltr'><strong>καὶ</strong></span> 
     </span>
     <span class='ocr_line' id='line_1_44' title="bbox 1043 648 1818 697; baseline 0.012 -19"><span class='ocrx_word' id='word_1_295' title='bbox 1043 648 1087 678; x_wconf 83' lang='grc' dir='ltr'><strong>τὸν</strong></span> <span class='ocrx_word' id='word_1_296' title='bbox 1101 651 1154 679; x_wconf 84' lang='grc' dir='ltr'><strong>τῶν</strong></span> <span class='ocrx_word' id='word_1_297' title='bbox 1169 649 1236 680; x_wconf 75' lang='grc' dir='ltr'>ὅλων</span> <span class='ocrx_word' id='word_1_298' title='bbox 1251 651 1321 681; x_wconf 89' lang='grc' dir='ltr'>Θεὸν</span> <span class='ocrx_word' id='word_1_299' title='bbox 1344 653 1486 692; x_wconf 85' lang='grc' dir='ltr'>ἐσχηκότος</span> <span class='ocrx_word' id='word_1_300' title='bbox 1501 654 1605 695; x_wconf 81' lang='grc' dir='ltr'>ἐχθρὸν,</span> <span class='ocrx_word' id='word_1_301' title='bbox 1626 660 1682 690; x_wconf 78' lang='grc' dir='ltr'>τοῖς</span> <span class='ocrx_word' id='word_1_302' title='bbox 1706 657 1818 697; x_wconf 80' lang='grc' dir='ltr'>ἀψύχοις</span> 
     </span>
     <span class='ocr_line' id='line_1_45' title="bbox 1043 695 1817 743; baseline 0.012 -19"><span class='ocrx_word' id='word_1_303' title='bbox 1043 695 1252 733; x_wconf 83' lang='grc' dir='ltr'>ὖποκύπτοντος,</span> <span class='ocrx_word' id='word_1_304' title='bbox 1266 696 1311 726; x_wconf 72' lang='grc' dir='ltr'><strong>καὶ</strong></span> <span class='ocrx_word' id='word_1_305' title='bbox 1324 698 1411 732; x_wconf 84' lang='grc' dir='ltr'>λίθους</span> <span class='ocrx_word' id='word_1_306' title='bbox 1434 700 1637 739; x_wconf 66' lang='grc' dir='ltr'>θεραπεύοντος-ς</span> <span class='ocrx_word' id='word_1_307' title='bbox 1650 701 1685 732; x_wconf 88' lang='grc' dir='ltr'>Ὁ</span> <span class='ocrx_word' id='word_1_308' title='bbox 1699 701 1747 741; x_wconf 82' lang='grc' dir='ltr'><strong>μὲν</strong></span> <span class='ocrx_word' id='word_1_309' title='bbox 1765 703 1817 743; x_wconf 75' lang='grc' dir='ltr'><strong>γὰρ</strong></span> 
     </span>
     <span class='ocr_line' id='line_1_46' title="bbox 1043 741 1816 786; baseline 0.012 -16"><span class='ocrx_word' id='word_1_310' title='bbox 1043 741 1111 775; x_wconf 84' lang='grc' dir='ltr'>Θεὸς</span> <span class='ocrx_word' id='word_1_311' title='bbox 1122 744 1159 776; x_wconf 84' lang='grc' dir='ltr'><strong>εἷς</strong></span> <span class='ocrx_word' id='word_1_312' title='bbox 1172 743 1302 779; x_wconf 77' lang='grc' dir='ltr'>τοσαύτην</span> <span class='ocrx_word' id='word_1_313' title='bbox 1314 746 1385 783; x_wconf 86' lang='grc' dir='ltr'>ἡμᾶς</span> <span class='ocrx_word' id='word_1_314' title='bbox 1402 746 1519 785; x_wconf 75' lang='grc' dir='ltr'>ἀνήγαγε</span> <span class='ocrx_word' id='word_1_315' title='bbox 1532 747 1625 786; x_wconf 84' lang='grc' dir='ltr'>τιμὴν,</span> <span class='ocrx_word' id='word_1_316' title='bbox 1640 750 1676 781; x_wconf 74' lang='grc' dir='ltr'><strong>ὣς</strong></span> <span class='ocrx_word' id='word_1_317' title='bbox 1698 748 1744 777; x_wconf 75' lang='grc' dir='ltr'><strong>καὶ</strong></span> <span class='ocrx_word' id='word_1_318' title='bbox 1762 751 1816 779; x_wconf 80' lang='grc' dir='ltr'><strong>τῶν</strong></span> 
     </span>
     <span class='ocr_line' id='line_1_47' title="bbox 1043 788 1816 830; baseline 0.013 -15"><span class='ocrx_word' id='word_1_319' title='bbox 1043 788 1159 827; x_wconf 78' lang='grc' dir='ltr'>οὐρανῶν</span> <span class='ocrx_word' id='word_1_320' title='bbox 1172 789 1348 830; x_wconf 80' lang='grc' dir='ltr'>ὑψηλοτέρους</span> <span class='ocrx_word' id='word_1_321' title='bbox 1365 793 1477 827; x_wconf 78' lang='grc' dir='ltr'>ποιῆσαι</span> <span class='ocrx_word' id='word_1_322' title='bbox 1487 804 1494 810; x_wconf 91' lang='grc'><em>·</em></span> <span class='ocrx_word' id='word_1_323' title='bbox 1508 794 1522 821; x_wconf 83' lang='grc' dir='ltr'>ὁ</span> <span class='ocrx_word' id='word_1_324' title='bbox 1544 793 1572 822; x_wconf 81' lang='grc' dir='ltr'><strong>δὲ</strong></span> <span class='ocrx_word' id='word_1_325' title='bbox 1587 793 1708 828; x_wconf 73' lang='grc' dir='ltr'>διάὅολος</span> <span class='ocrx_word' id='word_1_326' title='bbox 1722 796 1759 828; x_wconf 89' lang='grc' dir='ltr'><strong>εἰς</strong></span> <span class='ocrx_word' id='word_1_327' title='bbox 1771 807 1816 825; x_wconf 82' lang='grc' dir='ltr'><strong>το-</strong></span> 
     </span>
     <span class='ocr_line' id='line_1_48' title="bbox 1044 833 1816 881; baseline 0.012 -19"><span class='ocrx_word' id='word_1_328' title='bbox 1044 833 1143 870; x_wconf 83' lang='grc' dir='ltr'>σαύτην</span> <span class='ocrx_word' id='word_1_329' title='bbox 1157 834 1304 865; x_wconf 70' lang='grc' dir='ltr'>ἐσπούδασε</span> <span class='ocrx_word' id='word_1_330' title='bbox 1312 843 1471 877; x_wconf 84' lang='grc' dir='ltr'>καταγαγεῖν</span> <span class='ocrx_word' id='word_1_331' title='bbox 1484 838 1617 868; x_wconf 80' lang='grc' dir='ltr'>εὐτέλειαν</span> <span class='ocrx_word' id='word_1_332' title='bbox 1625 839 1686 874; x_wconf 77' lang='grc' dir='ltr'>τοὺς</span> <span class='ocrx_word' id='word_1_333' title='bbox 1693 840 1816 881; x_wconf 70' lang='grc' dir='ltr'>πειθομέ-</span> 
     </span>
     <span class='ocr_line' id='line_1_49' title="bbox 1044 880 1814 927; baseline 0.012 -19"><span class='ocrx_word' id='word_1_334' title='bbox 1044 890 1116 917; x_wconf 86' lang='grc' dir='ltr'>νους,</span> <span class='ocrx_word' id='word_1_335' title='bbox 1127 881 1164 914; x_wconf 84' lang='grc' dir='ltr'><strong>ὡς</strong></span> <span class='ocrx_word' id='word_1_336' title='bbox 1177 880 1222 910; x_wconf 82' lang='grc' dir='ltr'><strong>καὶ</strong></span> <span class='ocrx_word' id='word_1_337' title='bbox 1234 883 1286 910; x_wconf 82' lang='grc' dir='ltr'><strong>τῶν</strong></span> <span class='ocrx_word' id='word_1_338' title='bbox 1307 883 1473 919; x_wconf 85' lang='grc' dir='ltr'>ἀναισθήτων</span> <span class='ocrx_word' id='word_1_339' title='bbox 1489 885 1721 927; x_wconf 74' lang='grc' dir='ltr'>ἀναισθητατέρους</span> <span class='ocrx_word' id='word_1_340' title='bbox 1735 887 1814 927; x_wconf 79' lang='grc' dir='ltr'>ἐργά-</span> 
     </span>
     <span class='ocr_line' id='line_1_50' title="bbox 1044 926 1814 972; baseline 0.01 -18"><span class='ocrx_word' id='word_1_341' title='bbox 1044 927 1147 955; x_wconf 86' lang='grc' dir='ltr'>σασθαι.</span> <span class='ocrx_word' id='word_1_342' title='bbox 1158 926 1207 956; x_wconf 83' lang='grc' dir='ltr'><strong>Διὸ</strong></span> <span class='ocrx_word' id='word_1_343' title='bbox 1220 926 1253 962; x_wconf 80' lang='grc' dir='ltr'><strong>δή</strong></span> <span class='ocrx_word' id='word_1_344' title='bbox 1264 939 1343 967; x_wconf 83' lang='grc' dir='ltr'>φησιν</span> <span class='ocrx_word' id='word_1_345' title='bbox 1358 931 1372 958; x_wconf 82' lang='grc' dir='ltr'>ὁ</span> <span class='ocrx_word' id='word_1_346' title='bbox 1383 930 1528 969; x_wconf 72' lang='grc' dir='ltr'>προφήτης·</span> <span class='ocrx_word' id='word_1_347' title='bbox 1541 930 1724 968; x_wconf 78' lang='grc' dir='ltr'>Ἐταπεινώθη</span> <span class='ocrx_word' id='word_1_348' title='bbox 1739 932 1814 972; x_wconf 82' lang='grc' dir='ltr'>ἀνήρ.</span> 
     </span>
     <span class='ocr_line' id='line_1_51' title="bbox 1043 968 1815 1018; baseline 0.01 -19"><span class='ocrx_word' id='word_1_349' title='bbox 1043 968 1139 1010; x_wconf 79' lang='grc' dir='ltr'>Ἤρκει</span> <span class='ocrx_word' id='word_1_350' title='bbox 1152 971 1200 1011; x_wconf 73' lang='grc' dir='ltr'><strong>μὲν</strong></span> <span class='ocrx_word' id='word_1_351' title='bbox 1224 973 1270 1002; x_wconf 86' lang='grc' dir='ltr'><strong>καὶ</strong></span> <span class='ocrx_word' id='word_1_352' title='bbox 1293 973 1361 1010; x_wconf 77' lang='grc' dir='ltr'>αὐτὴ</span> <span class='ocrx_word' id='word_1_353' title='bbox 1375 977 1392 1010; x_wconf 85' lang='grc' dir='ltr'>ἡ</span> <span class='ocrx_word' id='word_1_354' title='bbox 1407 975 1554 1015; x_wconf 81' lang='grc' dir='ltr'>κατηγορία</span> <span class='ocrx_word' id='word_1_355' title='bbox 1574 976 1618 1005; x_wconf 86' lang='grc' dir='ltr'><strong>τὸν</strong></span> <span class='ocrx_word' id='word_1_356' title='bbox 1642 980 1701 1007; x_wconf 78' lang='grc' dir='ltr'>νοῦν</span> <span class='ocrx_word' id='word_1_357' title='bbox 1719 977 1815 1018; x_wconf 78' lang='grc' dir='ltr'>ἔχοντα</span> 
     </span>
     <span class='ocr_line' id='line_1_52' title="bbox 1044 1016 1815 1058; baseline 0.01 -13"><span class='ocrx_word' id='word_1_358' title='bbox 1044 1016 1189 1057; x_wconf 77' lang='grc' dir='ltr'>ἀπαγαγεῖν</span> <span class='ocrx_word' id='word_1_359' title='bbox 1202 1021 1248 1047; x_wconf 82' lang='grc' dir='ltr'><strong>τοῦ</strong></span> <span class='ocrx_word' id='word_1_360' title='bbox 1263 1019 1422 1058; x_wconf 82' lang='grc' dir='ltr'>νοσήματος.</span> <span class='ocrx_word' id='word_1_361' title='bbox 1432 1020 1546 1057; x_wconf 78' lang='grc' dir='ltr'>Ἐπειδὴ</span> <span class='ocrx_word' id='word_1_362' title='bbox 1560 1021 1587 1051; x_wconf 83' lang='grc' dir='ltr'><strong>δὲ</strong></span> <span class='ocrx_word' id='word_1_363' title='bbox 1599 1023 1693 1052; x_wconf 83' lang='grc' dir='ltr'>πολλοὶ</span> <span class='ocrx_word' id='word_1_364' title='bbox 1707 1025 1759 1052; x_wconf 81' lang='grc' dir='ltr'><strong>τῶν</strong></span> <span class='ocrx_word' id='word_1_365' title='bbox 1772 1025 1815 1053; x_wconf 70' lang='grc' dir='ltr'>α’ν·</span> 
     </span>
     <span class='ocr_line' id='line_1_53' title="bbox 1044 1061 1814 1109; baseline 0.01 -18"><span class='ocrx_word' id='word_1_366' title='bbox 1044 1061 1152 1102; x_wconf 79' lang='grc' dir='ltr'>θρῶπων</span> <span class='ocrx_word' id='word_1_367' title='bbox 1166 1065 1217 1104; x_wconf 78' lang='grc' dir='ltr'><strong>οὐχ</strong></span> <span class='ocrx_word' id='word_1_368' title='bbox 1230 1064 1299 1094; x_wconf 82' lang='grc' dir='ltr'>οὕτω</span> <span class='ocrx_word' id='word_1_369' title='bbox 1312 1066 1359 1099; x_wconf 86' lang='grc' dir='ltr'><strong>τὰς</strong></span> <span class='ocrx_word' id='word_1_370' title='bbox 1374 1066 1505 1106; x_wconf 88' lang='grc' dir='ltr'>ἁμαρτίας</span> <span class='ocrx_word' id='word_1_371' title='bbox 1521 1069 1557 1101; x_wconf 83' lang='grc' dir='ltr'><strong>ὡς</strong></span> <span class='ocrx_word' id='word_1_372' title='bbox 1569 1068 1616 1102; x_wconf 81' lang='grc' dir='ltr'><strong>τὰς</strong></span> <span class='ocrx_word' id='word_1_373' title='bbox 1630 1070 1758 1109; x_wconf 81' lang='grc' dir='ltr'>τιμωρίας</span> <span class='ocrx_word' id='word_1_374' title='bbox 1770 1070 1814 1099; x_wconf 89' lang='grc' dir='ltr'><strong>δε-</strong></span> 
     </span>
    </p>
   </div>
   <div class='ocr_carea' id='block_1_11' title="bbox 1009 1108 1813 1155">
    <p class='ocr_par' dir='ltr' id='par_1_11' title="bbox 1009 1108 1813 1155">
     <span class='ocr_line' id='line_1_54' title="bbox 1009 1108 1813 1155; baseline 0.009 -17"><span class='ocrx_word' id='word_1_375' title='bbox 1009 1110 1028 1133; x_wconf 85' lang='grc' dir='ltr'><strong><em>Β</em></strong></span> <span class='ocrx_word' id='word_1_376' title='bbox 1044 1108 1170 1147; x_wconf 84' lang='grc' dir='ltr'>δοίκασιν,</span> <span class='ocrx_word' id='word_1_377' title='bbox 1183 1110 1301 1150; x_wconf 74' lang='grc' dir='ltr'>ἐπήγαγε</span> <span class='ocrx_word' id='word_1_378' title='bbox 1322 1113 1367 1141; x_wconf 83' lang='grc' dir='ltr'><strong>καὶ</strong></span> <span class='ocrx_word' id='word_1_379' title='bbox 1391 1111 1441 1148; x_wconf 83' lang='grc' dir='ltr'><strong>τὴν</strong></span> <span class='ocrx_word' id='word_1_380' title='bbox 1465 1113 1584 1150; x_wconf 86' lang='grc' dir='ltr'>κόλασιν,</span> <span class='ocrx_word' id='word_1_381' title='bbox 1597 1114 1697 1154; x_wconf 86' lang='grc' dir='ltr'>λέγων·</span> <span class='ocrx_word' id='word_1_382' title='bbox 1719 1116 1759 1145; x_wconf 87' lang='grc' dir='ltr'><strong>Οὐ</strong></span> <span class='ocrx_word' id='word_1_383' title='bbox 1775 1115 1813 1155; x_wconf 83' lang='grc' dir='ltr'>μὴ</span> 
     </span>
    </p>
   </div>
   <div class='ocr_carea' id='block_1_12' title="bbox 1040 1153 1813 1612">
    <p class='ocr_par' dir='ltr' id='par_1_12' title="bbox 1040 1153 1813 1612">
     <span class='ocr_line' id='line_1_55' title="bbox 1043 1153 1813 1201; baseline 0.009 -17"><span class='ocrx_word' id='word_1_384' title='bbox 1043 1153 1133 1190; x_wconf 74' lang='grc' dir='ltr'>ἀνήσω</span> <span class='ocrx_word' id='word_1_385' title='bbox 1153 1156 1249 1190; x_wconf 72' lang='grc' dir='ltr'>αὖτοῖς.</span> <span class='ocrx_word' id='word_1_386' title='bbox 1262 1158 1303 1187; x_wconf 84' lang='grc' dir='ltr'><strong>Οὔ</strong></span> <span class='ocrx_word' id='word_1_387' title='bbox 1328 1158 1514 1198; x_wconf 82' lang='grc' dir='ltr'>συγχωρήσω,</span> <span class='ocrx_word' id='word_1_388' title='bbox 1532 1159 1622 1199; x_wconf 80' lang='grc' dir='ltr'>φησὶν,</span> <span class='ocrx_word' id='word_1_389' title='bbox 1634 1162 1682 1190; x_wconf 83' lang='grc' dir='ltr'><strong>οὐκ</strong></span> <span class='ocrx_word' id='word_1_390' title='bbox 1704 1161 1813 1201; x_wconf 82' lang='grc' dir='ltr'>ἀφήσω,</span> 
     </span>
     <span class='ocr_line' id='line_1_56' title="bbox 1041 1200 1813 1242; baseline 0.009 -12"><span class='ocrx_word' id='word_1_391' title='bbox 1041 1201 1070 1230; x_wconf 88' lang='grc' dir='ltr'><strong>οὗ</strong></span> <span class='ocrx_word' id='word_1_392' title='bbox 1092 1200 1258 1242; x_wconf 76' lang='grc' dir='ltr'>παρόψομαι,</span> <span class='ocrx_word' id='word_1_393' title='bbox 1283 1203 1352 1233; x_wconf 82' lang='grc' dir='ltr'>ἀλλὰ</span> <span class='ocrx_word' id='word_1_394' title='bbox 1374 1204 1516 1240; x_wconf 81' lang='grc' dir='ltr'>ἀπαιτήσω</span> <span class='ocrx_word' id='word_1_395' title='bbox 1540 1204 1614 1239; x_wconf 88' lang='grc' dir='ltr'>δίκας</span> <span class='ocrx_word' id='word_1_396' title='bbox 1635 1206 1681 1236; x_wconf 82' lang='grc' dir='ltr'><strong>καὶ</strong></span> <span class='ocrx_word' id='word_1_397' title='bbox 1706 1207 1813 1241; x_wconf 81' lang='grc' dir='ltr'>εὐθύνας</span> 
     </span>
     <span class='ocr_line' id='line_1_57' title="bbox 1040 1248 1812 1289; baseline 0.009 -13"><span class='ocrx_word' id='word_1_398' title='bbox 1040 1248 1093 1276; x_wconf 71' lang='grc' dir='ltr'><strong>τῶν</strong></span> <span class='ocrx_word' id='word_1_399' title='bbox 1103 1249 1379 1289; x_wconf 79' lang='grc' dir='ltr'>πεπλημμελημένων.</span> <span class='ocrx_word' id='word_1_400' title='bbox 1396 1250 1448 1279; x_wconf 81' lang='grc' dir='ltr'><strong>Καὶ</strong></span> <span class='ocrx_word' id='word_1_401' title='bbox 1459 1254 1504 1280; x_wconf 80' lang='grc' dir='ltr'><strong>νῦν</strong></span> <span class='ocrx_word' id='word_1_402' title='bbox 1518 1251 1648 1282; x_wconf 86' lang='grc' dir='ltr'>εἷσέλθετε</span> <span class='ocrx_word' id='word_1_403' title='bbox 1658 1254 1696 1286; x_wconf 81' lang='grc' dir='ltr'><strong>εἷς</strong></span> <span class='ocrx_word' id='word_1_404' title='bbox 1704 1253 1752 1286; x_wconf 81' lang='grc' dir='ltr'><strong>τὰς</strong></span> <span class='ocrx_word' id='word_1_405' title='bbox 1765 1254 1812 1283; x_wconf 87' lang='grc' dir='ltr'>πέ-</span> 
     </span>
     <span class='ocr_line' id='line_1_58' title="bbox 1040 1293 1812 1337; baseline 0.008 -15"><span class='ocrx_word' id='word_1_406' title='bbox 1040 1303 1118 1332; x_wconf 79' lang='grc' dir='ltr'>τρας,</span> <span class='ocrx_word' id='word_1_407' title='bbox 1133 1293 1178 1323; x_wconf 79' lang='grc' dir='ltr'><strong>καὶ</strong></span> <span class='ocrx_word' id='word_1_408' title='bbox 1196 1293 1341 1334; x_wconf 74' lang='grc' dir='ltr'>κρύπτεσθε</span> <span class='ocrx_word' id='word_1_409' title='bbox 1361 1297 1397 1328; x_wconf 85' lang='grc' dir='ltr'><strong>εἷς</strong></span> <span class='ocrx_word' id='word_1_410' title='bbox 1411 1295 1459 1331; x_wconf 80' lang='grc' dir='ltr'><strong>τὴν</strong></span> <span class='ocrx_word' id='word_1_411' title='bbox 1476 1298 1526 1336; x_wconf 77' lang='grc' dir='ltr'><strong>γῆν</strong></span> <span class='ocrx_word' id='word_1_412' title='bbox 1541 1297 1594 1326; x_wconf 84' lang='grc' dir='ltr'>ἀπὸ</span> <span class='ocrx_word' id='word_1_413' title='bbox 1608 1297 1751 1337; x_wconf 74' lang='grc' dir='ltr'>προσώπου</span> <span class='ocrx_word' id='word_1_414' title='bbox 1764 1301 1812 1328; x_wconf 80' lang='grc' dir='ltr'><strong>τοῦ</strong></span> 
     </span>
     <span class='ocr_line' id='line_1_59' title="bbox 1040 1337 1812 1381; baseline 0.006 -13"><span class='ocrx_word' id='word_1_415' title='bbox 1040 1337 1120 1378; x_wconf 75' lang='grc' dir='ltr'>φόὸου</span> <span class='ocrx_word' id='word_1_416' title='bbox 1134 1339 1241 1380; x_wconf 86' lang='grc' dir='ltr'>Κυρίου.</span> <span class='ocrx_word' id='word_1_417' title='bbox 1249 1340 1424 1381; x_wconf 80' lang='grc' dir='ltr'>Κωμῳδήσας</span> <span class='ocrx_word' id='word_1_418' title='bbox 1435 1343 1532 1376; x_wconf 82' lang='grc' dir='ltr'>ἱκανῶς</span> <span class='ocrx_word' id='word_1_419' title='bbox 1545 1342 1593 1379; x_wconf 84' lang='grc' dir='ltr'><strong>τὴν</strong></span> <span class='ocrx_word' id='word_1_420' title='bbox 1608 1343 1697 1372; x_wconf 86' lang='grc' dir='ltr'>ἄνοιαν</span> <span class='ocrx_word' id='word_1_421' title='bbox 1711 1345 1764 1373; x_wconf 80' lang='grc' dir='ltr'><strong>τῶν</strong></span> <span class='ocrx_word' id='word_1_422' title='bbox 1777 1344 1812 1373; x_wconf 75' lang='grc' dir='ltr'><strong>τὰ</strong></span> 
     </span>
     <span class='ocr_line' id='line_1_60' title="bbox 1041 1383 1812 1428; baseline 0.006 -14"><span class='ocrx_word' id='word_1_423' title='bbox 1041 1383 1135 1414; x_wconf 78' lang='grc' dir='ltr'>εἴδωλα</span> <span class='ocrx_word' id='word_1_424' title='bbox 1148 1385 1372 1425; x_wconf 83' lang='grc' dir='ltr'>προσκυνούντων,</span> <span class='ocrx_word' id='word_1_425' title='bbox 1387 1386 1432 1415; x_wconf 84' lang='grc' dir='ltr'><strong>καὶ</strong></span> <span class='ocrx_word' id='word_1_426' title='bbox 1446 1387 1499 1417; x_wconf 83' lang='grc' dir='ltr'>ἀπὸ</span> <span class='ocrx_word' id='word_1_427' title='bbox 1519 1391 1564 1417; x_wconf 84' lang='grc' dir='ltr'><strong>τοῦ</strong></span> <span class='ocrx_word' id='word_1_428' title='bbox 1585 1389 1682 1428; x_wconf 80' lang='grc' dir='ltr'>τρόπου</span> <span class='ocrx_word' id='word_1_429' title='bbox 1700 1391 1749 1425; x_wconf 68' lang='grc' dir='ltr'><strong>τῖς</strong></span> <span class='ocrx_word' id='word_1_430' title='bbox 1762 1390 1812 1426; x_wconf 85' lang='grc' dir='ltr'><strong>δη-</strong></span> 
     </span>
     <span class='ocr_line' id='line_1_61' title="bbox 1042 1430 1808 1473; baseline 0.005 -13"><span class='ocrx_word' id='word_1_431' title='bbox 1042 1430 1176 1470; x_wconf 82' lang='grc' dir='ltr'>μιουργίας</span> <span class='ocrx_word' id='word_1_432' title='bbox 1190 1430 1274 1466; x_wconf 82' lang='grc' dir='ltr'>δείξας</span> <span class='ocrx_word' id='word_1_433' title='bbox 1286 1432 1413 1461; x_wconf 87' lang='grc' dir='ltr'>κάκείνων</span> <span class='ocrx_word' id='word_1_434' title='bbox 1425 1432 1474 1468; x_wconf 78' lang='grc' dir='ltr'><strong>τὴν</strong></span> <span class='ocrx_word' id='word_1_435' title='bbox 1487 1433 1684 1473; x_wconf 82' lang='grc' dir='ltr'>παραπληξίαν,</span> <span class='ocrx_word' id='word_1_436' title='bbox 1697 1435 1742 1464; x_wconf 86' lang='grc' dir='ltr'><strong>καὶ</strong></span> <span class='ocrx_word' id='word_1_437' title='bbox 1755 1438 1808 1465; x_wconf 83' lang='grc' dir='ltr'><strong>τῶν</strong></span> 
     </span>
     <span class='ocr_line' id='line_1_62' title="bbox 1042 1476 1810 1521; baseline 0.007 -15"><span class='ocrx_word' id='word_1_438' title='bbox 1042 1476 1155 1507; x_wconf 77' lang='grc' dir='ltr'>εἰδώλων</span> <span class='ocrx_word' id='word_1_439' title='bbox 1165 1477 1214 1514; x_wconf 76' lang='grc' dir='ltr'><strong>τὴν</strong></span> <span class='ocrx_word' id='word_1_440' title='bbox 1234 1477 1379 1516; x_wconf 83' lang='grc' dir='ltr'>ἀσθένειαν,</span> <span class='ocrx_word' id='word_1_441' title='bbox 1394 1479 1583 1518; x_wconf 82' lang='grc' dir='ltr'>ἐπαγωνίζεται</span> <span class='ocrx_word' id='word_1_442' title='bbox 1605 1483 1643 1521; x_wconf 81' lang='grc' dir='ltr'><strong>τῷ</strong></span> <span class='ocrx_word' id='word_1_443' title='bbox 1661 1481 1732 1521; x_wconf 83' lang='grc' dir='ltr'>λόγῳ</span> <span class='ocrx_word' id='word_1_444' title='bbox 1754 1481 1810 1510; x_wconf 80' lang='grc' dir='ltr'>πά-</span> 
     </span>
     <span class='ocr_line' id='line_1_63' title="bbox 1042 1523 1811 1568; baseline 0.007 -16"><span class='ocrx_word' id='word_1_445' title='bbox 1042 1524 1094 1559; x_wconf 89' lang='grc' dir='ltr'>λιν,</span> <span class='ocrx_word' id='word_1_446' title='bbox 1110 1525 1143 1563; x_wconf 78' lang='grc' dir='ltr'><strong>τῇ</strong></span> <span class='ocrx_word' id='word_1_447' title='bbox 1165 1523 1243 1564; x_wconf 74' lang='grc' dir='ltr'>πείρᾳ</span> <span class='ocrx_word' id='word_1_448' title='bbox 1255 1526 1308 1553; x_wconf 84' lang='grc' dir='ltr'><strong>τῶν</strong></span> <span class='ocrx_word' id='word_1_449' title='bbox 1321 1525 1486 1564; x_wconf 86' lang='grc' dir='ltr'>πραγμάτων</span> <span class='ocrx_word' id='word_1_450' title='bbox 1500 1526 1647 1566; x_wconf 84' lang='grc' dir='ltr'>ἐπιτρέπων</span> <span class='ocrx_word' id='word_1_451' title='bbox 1667 1530 1719 1556; x_wconf 79' lang='grc' dir='ltr'><strong>τῶν</strong></span> <span class='ocrx_word' id='word_1_452' title='bbox 1735 1529 1811 1568; x_wconf 85' lang='grc' dir='ltr'>εἰρη-</span> 
     </span>
     <span class='ocr_line' id='line_1_64' title="bbox 1043 1569 1811 1612; baseline 0.007 -14"><span class='ocrx_word' id='word_1_453' title='bbox 1043 1569 1126 1608; x_wconf 76' lang='grc' dir='ltr'>μένων</span> <span class='ocrx_word' id='word_1_454' title='bbox 1146 1569 1196 1606; x_wconf 77' lang='grc' dir='ltr'><strong>τὴν</strong></span> <span class='ocrx_word' id='word_1_455' title='bbox 1208 1569 1334 1607; x_wconf 76' lang='grc' dir='ltr'>ἐξέτασιν,</span> <span class='ocrx_word' id='word_1_456' title='bbox 1349 1571 1394 1600; x_wconf 90' lang='grc' dir='ltr'><strong>καί</strong></span> <span class='ocrx_word' id='word_1_457' title='bbox 1409 1583 1488 1611; x_wconf 79' lang='grc' dir='ltr'>φησιν</span> <span class='ocrx_word' id='word_1_458' title='bbox 1498 1584 1504 1590; x_wconf 92' lang='grc'><em>·</em></span> <span class='ocrx_word' id='word_1_459' title='bbox 1518 1573 1595 1612; x_wconf 84' lang='grc' dir='ltr'>ἤρκει</span> <span class='ocrx_word' id='word_1_460' title='bbox 1610 1585 1656 1611; x_wconf 90' lang='grc' dir='ltr'><strong>μοι</strong></span> <span class='ocrx_word' id='word_1_461' title='bbox 1679 1573 1725 1602; x_wconf 85' lang='grc' dir='ltr'><strong>καὶ</strong></span> <span class='ocrx_word' id='word_1_462' title='bbox 1746 1574 1811 1603; x_wconf 82' lang='grc' dir='ltr'>αὐτὸ</span> 
     </span>
    </p>
   </div>
   <div class='ocr_carea' id='block_1_13' title="bbox 242 1614 1809 1662">
    <p class='ocr_par' dir='ltr' id='par_1_13' title="bbox 242 1614 1809 1662">
     <span class='ocr_line' id='line_1_65' title="bbox 242 1614 1809 1662; baseline 0 -7"><span class='ocrx_word' id='word_1_463' title='bbox 242 1633 306 1655; x_wconf 88' lang='lat' dir='ltr'><strong>sunt</strong></span> <span class='ocrx_word' id='word_1_464' title='bbox 315 1627 349 1655; x_wconf 89' lang='lat' dir='ltr'><strong>ab</strong></span> <span class='ocrx_word' id='word_1_465' title='bbox 360 1625 527 1661; x_wconf 87' lang='lat' dir='ltr'><strong>hominibus,</strong></span> <span class='ocrx_word' id='word_1_466' title='bbox 542 1634 636 1653; x_wconf 88' lang='lat' dir='ltr'><strong>eorum</strong></span> <span class='ocrx_word' id='word_1_467' title='bbox 656 1622 704 1662; x_wconf 92' lang='lat' dir='ltr'><strong>qui</strong></span> <span class='ocrx_word' id='word_1_468' title='bbox 723 1622 829 1662; x_wconf 87' lang='lat' dir='ltr'><strong>decepti</strong></span> <span class='ocrx_word' id='word_1_469' title='bbox 846 1628 910 1651; x_wconf 86' lang='lat' dir='ltr'><strong>sunt</strong></span> <span class='ocrx_word' id='word_1_470' title='bbox 921 1622 990 1652; x_wconf 87' lang='lat' dir='ltr'><strong>insi—</strong></span> <span class='ocrx_word' id='word_1_471' title='bbox 1007 1618 1026 1644; x_wconf 79' lang='lat'><strong>0</strong></span> <span class='ocrx_word' id='word_1_472' title='bbox 1042 1618 1118 1645; x_wconf 64' lang='grc' dir='ltr'>τοῦτ’)</span> <span class='ocrx_word' id='word_1_473' title='bbox 1142 1614 1215 1656; x_wconf 63' lang='grc' dir='ltr'>παρὰ</span> <span class='ocrx_word' id='word_1_474' title='bbox 1242 1616 1386 1656; x_wconf 60' lang='grc' dir='ltr'>ἀνθρώπων</span> <span class='ocrx_word' id='word_1_475' title='bbox 1414 1617 1481 1646; x_wconf 75' lang='grc' dir='ltr'>αὐτὰ</span> <span class='ocrx_word' id='word_1_476' title='bbox 1504 1618 1641 1657; x_wconf 60' lang='grc' dir='ltr'>γενέσθαι,</span> <span class='ocrx_word' id='word_1_477' title='bbox 1652 1618 1735 1653; x_wconf 71' lang='grc' dir='ltr'>δεῖξαι</span> <span class='ocrx_word' id='word_1_478' title='bbox 1761 1619 1809 1656; x_wconf 69' lang='grc' dir='ltr'><strong>τὴν</strong></span> 
     </span>
    </p>
   </div>
   <div class='ocr_carea' id='block_1_14' title="bbox 241 1668 990 1893">
    <p class='ocr_par' dir='ltr' id='par_1_14' title="bbox 241 1668 990 1893">
     <span class='ocr_line' id='line_1_66' title="bbox 242 1668 990 1712; baseline -0.005 -11"><span class='ocrx_word' id='word_1_479' title='bbox 242 1672 372 1712; x_wconf 84' lang='lat' dir='ltr'><strong>pientiam</strong></span> <span class='ocrx_word' id='word_1_480' title='bbox 384 1671 529 1701; x_wconf 85' lang='lat' dir='ltr'><strong>ostendisse</strong></span> <span class='ocrx_word' id='word_1_481' title='bbox 538 1683 544 1700; x_wconf 74' lang='grc' dir='ltr'>ε</span> <span class='ocrx_word' id='word_1_482' title='bbox 553 1671 617 1709; x_wconf 89' lang='lat' dir='ltr'><strong>quia</strong></span> <span class='ocrx_word' id='word_1_483' title='bbox 624 1679 688 1699; x_wconf 89' lang='lat' dir='ltr'><strong>vero</strong></span> <span class='ocrx_word' id='word_1_484' title='bbox 699 1668 834 1708; x_wconf 86' lang='lat' dir='ltr'><strong>impietate</strong></span> <span class='ocrx_word' id='word_1_485' title='bbox 845 1679 893 1698; x_wconf 87' lang='lat' dir='ltr'><strong>ceu</strong></span> <span class='ocrx_word' id='word_1_486' title='bbox 904 1668 990 1698; x_wconf 87' lang='lat' dir='ltr'><strong>ebrie-</strong></span> 
     </span>
     <span class='ocr_line' id='line_1_67' title="bbox 242 1714 988 1756; baseline -0.005 -9"><span class='ocrx_word' id='word_1_487' title='bbox 242 1725 294 1748; x_wconf 86' lang='lat' dir='ltr'><strong>tate</strong></span> <span class='ocrx_word' id='word_1_488' title='bbox 307 1717 423 1756; x_wconf 86' lang='lat' dir='ltr'><strong>quadam</strong></span> <span class='ocrx_word' id='word_1_489' title='bbox 437 1716 586 1756; x_wconf 83' lang='lat' dir='ltr'><strong>aggravati,</strong></span> <span class='ocrx_word' id='word_1_490' title='bbox 599 1715 670 1745; x_wconf 85' lang='lat' dir='ltr'><strong>circa</strong></span> <span class='ocrx_word' id='word_1_491' title='bbox 685 1725 726 1744; x_wconf 89' lang='lat' dir='ltr'><strong>res</strong></span> <span class='ocrx_word' id='word_1_492' title='bbox 739 1714 825 1744; x_wconf 83' lang='lat' dir='ltr'><strong>claras</strong></span> <span class='ocrx_word' id='word_1_493' title='bbox 833 1721 859 1743; x_wconf 89' lang='lat' dir='ltr'><strong>et</strong></span> <span class='ocrx_word' id='word_1_494' title='bbox 872 1715 988 1744; x_wconf 79' lang='lat' dir='ltr'><strong>manife-</strong></span> 
     </span>
     <span class='ocr_line' id='line_1_68' title="bbox 241 1759 988 1800; baseline -0.004 -7"><span class='ocrx_word' id='word_1_495' title='bbox 241 1771 294 1793; x_wconf 90' lang='lat' dir='ltr'><strong>stas</strong></span> <span class='ocrx_word' id='word_1_496' title='bbox 305 1763 459 1799; x_wconf 76' lang='lat' dir='ltr'><strong>caecutiunt,</strong></span> <span class='ocrx_word' id='word_1_497' title='bbox 473 1762 538 1792; x_wconf 86' lang='lat' dir='ltr'><strong>tales</strong></span> <span class='ocrx_word' id='word_1_498' title='bbox 555 1761 652 1791; x_wconf 84' lang='lat' dir='ltr'><strong>urbem</strong></span> <span class='ocrx_word' id='word_1_499' title='bbox 668 1760 802 1800; x_wconf 80' lang='lat' dir='ltr'><strong>excipient</strong></span> <span class='ocrx_word' id='word_1_500' title='bbox 816 1759 988 1795; x_wconf 81' lang='lat' dir='ltr'><strong>calamitates,</strong></span> 
     </span>
     <span class='ocr_line' id='line_1_69' title="bbox 242 1805 986 1848; baseline -0.004 -11"><span class='ocrx_word' id='word_1_501' title='bbox 242 1816 272 1838; x_wconf 89' lang='lat' dir='ltr'><strong>ut</strong></span> <span class='ocrx_word' id='word_1_502' title='bbox 284 1810 328 1839; x_wconf 87' lang='lat' dir='ltr'><strong>vel</strong></span> <span class='ocrx_word' id='word_1_503' title='bbox 348 1820 393 1839; x_wconf 90' lang='lat' dir='ltr'><strong>eos</strong></span> <span class='ocrx_word' id='word_1_504' title='bbox 416 1808 463 1848; x_wconf 88' lang='lat' dir='ltr'><strong>qui</strong></span> <span class='ocrx_word' id='word_1_505' title='bbox 485 1807 633 1837; x_wconf 87' lang='lat' dir='ltr'><strong>admodum</strong></span> <span class='ocrx_word' id='word_1_506' title='bbox 656 1805 759 1846; x_wconf 87' lang='lat' dir='ltr'><strong>stupidi</strong></span> <span class='ocrx_word' id='word_1_507' title='bbox 778 1812 840 1835; x_wconf 88' lang='lat' dir='ltr'><strong>sunt</strong></span> <span class='ocrx_word' id='word_1_508' title='bbox 857 1805 986 1843; x_wconf 85' lang='lat' dir='ltr'><strong>doceant,</strong></span> 
     </span>
     <span class='ocr_line' id='line_1_70' title="bbox 241 1851 987 1893; baseline -0.005 -9"><span class='ocrx_word' id='word_1_509' title='bbox 241 1862 341 1893; x_wconf 85' lang='lat' dir='ltr'><strong>quanta</strong></span> <span class='ocrx_word' id='word_1_510' title='bbox 362 1854 397 1884; x_wconf 91' lang='lat' dir='ltr'><strong>sit</strong></span> <span class='ocrx_word' id='word_1_511' title='bbox 417 1854 530 1883; x_wconf 89' lang='lat' dir='ltr'><strong>illorum</strong></span> <span class='ocrx_word' id='word_1_512' title='bbox 557 1851 750 1888; x_wconf 74' lang='lat' dir='ltr'><strong>imbecillitas,</strong></span> <span class='ocrx_word' id='word_1_513' title='bbox 771 1858 798 1880; x_wconf 89' lang='lat' dir='ltr'><strong>et</strong></span> <span class='ocrx_word' id='word_1_514' title='bbox 817 1858 917 1890; x_wconf 86' lang='lat' dir='ltr'><strong>quanta</strong></span> <span class='ocrx_word' id='word_1_515' title='bbox 935 1852 987 1881; x_wconf 83' lang='lat' dir='ltr'><strong>Dei</strong></span> 
     </span>
    </p>
   </div>
   <div class='ocr_carea' id='block_1_15' title="bbox 203 1894 370 1940">
    <p class='ocr_par' dir='ltr' id='par_1_15' title="bbox 203 1894 370 1940">
     <span class='ocr_line' id='line_1_71' title="bbox 203 1894 370 1940; baseline 0 -10"><span class='ocrx_word' id='word_1_516' title='bbox 203 1894 205 1896; x_wconf 35' lang='lat'><strong><em>¹</em></strong></span> <span class='ocrx_word' id='word_1_517' title='bbox 242 1901 370 1940; x_wconf 86' lang='lat' dir='ltr'><strong>potentia.</strong></span> 
     </span>
    </p>
   </div>
   <div class='ocr_carea' id='block_1_16' title="bbox 235 1945 988 2631">
    <p class='ocr_par' dir='ltr' id='par_1_16' title="bbox 235 1945 988 2631">
     <span class='ocr_line' id='line_1_72' title="bbox 279 1945 988 1985; baseline -0.001 -8"><span class='ocrx_word' id='word_1_518' title='bbox 279 1948 310 1978; x_wconf 87' lang='lat'><strong>8.</strong></span> <span class='ocrx_word' id='word_1_519' title='bbox 322 1947 427 1977; x_wconf 86' lang='lat' dir='ltr'><strong>Idcirco</strong></span> <span class='ocrx_word' id='word_1_520' title='bbox 440 1953 582 1985; x_wconf 85' lang='lat' dir='ltr'><strong>antequam</strong></span> <span class='ocrx_word' id='word_1_521' title='bbox 592 1945 627 1974; x_wconf 88' lang='lat' dir='ltr'><strong>de</strong></span> <span class='ocrx_word' id='word_1_522' title='bbox 638 1945 712 1974; x_wconf 89' lang='lat' dir='ltr'><strong>bello</strong></span> <span class='ocrx_word' id='word_1_523' title='bbox 723 1945 867 1984; x_wconf 81' lang='lat' dir='ltr'><strong>loquatur,</strong></span> <span class='ocrx_word' id='word_1_524' title='bbox 881 1956 940 1985; x_wconf 84' lang='lat' dir='ltr'><strong>quae</strong></span> <span class='ocrx_word' id='word_1_525' title='bbox 954 1957 988 1976; x_wconf 80' lang='lat' dir='ltr'><strong>ex</strong></span> 
     </span>
     <span class='ocr_line' id='line_1_73' title="bbox 240 1991 987 2032; baseline -0.001 -9"><span class='ocrx_word' id='word_1_526' title='bbox 240 1994 289 2023; x_wconf 94' lang='lat' dir='ltr'><strong>illo</strong></span> <span class='ocrx_word' id='word_1_527' title='bbox 309 2000 506 2032; x_wconf 87' lang='lat' dir='ltr'><strong>consequutura</strong></span> <span class='ocrx_word' id='word_1_528' title='bbox 531 1992 585 2021; x_wconf 85' lang='lat' dir='ltr'><strong>sint</strong></span> <span class='ocrx_word' id='word_1_529' title='bbox 610 1993 705 2031; x_wconf 85' lang='lat' dir='ltr'><strong>aperit,</strong></span> <span class='ocrx_word' id='word_1_530' title='bbox 727 1991 886 2032; x_wconf 79' lang='lat' dir='ltr'><strong>praecipiens</strong></span> <span class='ocrx_word' id='word_1_531' title='bbox 908 1999 938 2022; x_wconf 89' lang='lat' dir='ltr'><strong>ut</strong></span> <span class='ocrx_word' id='word_1_532' title='bbox 959 1993 987 2022; x_wconf 89' lang='lat' dir='ltr'><strong>in</strong></span> 
     </span>
     <span class='ocr_line' id='line_1_74' title="bbox 239 2038 985 2080; baseline -0.001 -10"><span class='ocrx_word' id='word_1_533' title='bbox 239 2048 327 2080; x_wconf 84' lang='lat' dir='ltr'><strong>petras</strong></span> <span class='ocrx_word' id='word_1_534' title='bbox 345 2039 541 2080; x_wconf 84' lang='lat' dir='ltr'><strong>ingrediantur,</strong></span> <span class='ocrx_word' id='word_1_535' title='bbox 554 2045 581 2067; x_wconf 90' lang='lat' dir='ltr'><strong>et</strong></span> <span class='ocrx_word' id='word_1_536' title='bbox 593 2038 644 2067; x_wconf 88' lang='lat' dir='ltr'><strong>sub</strong></span> <span class='ocrx_word' id='word_1_537' title='bbox 658 2039 716 2078; x_wconf 87' lang='lat' dir='ltr'><strong>ipsa</strong></span> <span class='ocrx_word' id='word_1_538' title='bbox 734 2045 805 2068; x_wconf 87' lang='lat' dir='ltr'><strong>terra</strong></span> <span class='ocrx_word' id='word_1_539' title='bbox 819 2039 985 2077; x_wconf 83' lang='lat' dir='ltr'><strong>delitescant,</strong></span> 
     </span>
     <span class='ocr_line' id='line_1_75' title="bbox 240 2084 984 2124; baseline -0.001 -9"><span class='ocrx_word' id='word_1_540' title='bbox 240 2097 293 2116; x_wconf 89' lang='lat' dir='ltr'><strong>non</strong></span> <span class='ocrx_word' id='word_1_541' title='bbox 307 2093 337 2115; x_wconf 85' lang='lat' dir='ltr'><strong>ut</strong></span> <span class='ocrx_word' id='word_1_542' title='bbox 351 2085 381 2114; x_wconf 90' lang='lat' dir='ltr'><strong>id</strong></span> <span class='ocrx_word' id='word_1_543' title='bbox 393 2092 483 2124; x_wconf 86' lang='lat' dir='ltr'><strong>agant,</strong></span> <span class='ocrx_word' id='word_1_544' title='bbox 498 2084 546 2114; x_wconf 85' lang='lat' dir='ltr'><strong>scd</strong></span> <span class='ocrx_word' id='word_1_545' title='bbox 559 2091 589 2113; x_wconf 86' lang='lat' dir='ltr'><strong>ut</strong></span> <span class='ocrx_word' id='word_1_546' title='bbox 602 2084 665 2113; x_wconf 89' lang='lat' dir='ltr'><strong>hinc</strong></span> <span class='ocrx_word' id='word_1_547' title='bbox 679 2084 806 2121; x_wconf 86' lang='lat' dir='ltr'><strong>ediscant,</strong></span> <span class='ocrx_word' id='word_1_548' title='bbox 821 2095 903 2123; x_wconf 88' lang='lat' dir='ltr'><strong>quam</strong></span> <span class='ocrx_word' id='word_1_549' title='bbox 915 2085 984 2115; x_wconf 86' lang='lat' dir='ltr'><strong>into-</strong></span> 
     </span>
     <span class='ocr_line' id='line_1_76' title="bbox 240 2131 983 2162; baseline -0.001 0"><span class='ocrx_word' id='word_1_550' title='bbox 240 2133 349 2162; x_wconf 84' lang='lat' dir='ltr'><strong>leranda</strong></span> <span class='ocrx_word' id='word_1_551' title='bbox 363 2133 398 2161; x_wconf 85' lang='lat' dir='ltr'><strong>sit</strong></span> <span class='ocrx_word' id='word_1_552' title='bbox 408 2132 449 2162; x_wconf 88' lang='lat' dir='ltr'><strong>ira</strong></span> <span class='ocrx_word' id='word_1_553' title='bbox 465 2131 513 2161; x_wconf 86' lang='lat' dir='ltr'><strong>Dei</strong></span> <span class='ocrx_word' id='word_1_554' title='bbox 526 2138 590 2160; x_wconf 87' lang='lat' dir='ltr'><strong>tunc</strong></span> <span class='ocrx_word' id='word_1_555' title='bbox 605 2132 667 2160; x_wconf 92' lang='lat' dir='ltr'><strong>illos</strong></span> <span class='ocrx_word' id='word_1_556' title='bbox 682 2131 816 2162; x_wconf 82' lang='lat' dir='ltr'><strong>invasura.</strong></span> <span class='ocrx_word' id='word_1_557' title='bbox 838 2133 908 2162; x_wconf 89' lang='lat' dir='ltr'><strong>Nam</strong></span> <span class='ocrx_word' id='word_1_558' title='bbox 925 2132 962 2162; x_wconf 90' lang='lat' dir='ltr'><strong>ait</strong></span> <span class='ocrx_word' id='word_1_559' title='bbox 976 2145 983 2161; x_wconf 70' lang='grc' dir='ltr'><strong>ε</strong></span> 
     </span>
     <span class='ocr_line' id='line_1_77' title="bbox 240 2179 982 2217; baseline -0.003 -8"><span class='ocrx_word' id='word_1_560' title='bbox 240 2179 466 2209; x_wconf 76' lang='lat' dir='ltr'><strong>Abscondimini</strong></span> <span class='ocrx_word' id='word_1_561' title='bbox 477 2180 509 2206; x_wconf 89' lang='lat' dir='ltr'><strong>in</strong></span> <span class='ocrx_word' id='word_1_562' title='bbox 519 2185 597 2207; x_wconf 84' lang='lat' dir='ltr'><strong>terra</strong></span> <span class='ocrx_word' id='word_1_563' title='bbox 605 2189 625 2207; x_wconf 83' lang='lat' dir='ltr'><em>a</em></span> <span class='ocrx_word' id='word_1_564' title='bbox 634 2179 714 2217; x_wconf 76' lang='lat' dir='ltr'><strong>facie</strong></span> <span class='ocrx_word' id='word_1_565' title='bbox 729 2180 840 2207; x_wconf 79' lang='lat' dir='ltr'><strong>timoris</strong></span> <span class='ocrx_word' id='word_1_566' title='bbox 851 2179 982 2215; x_wconf 83' lang='lat' dir='ltr'><strong>Domini,</strong></span> 
     </span>
     <span class='ocr_line' id='line_1_78' title="bbox 238 2225 985 2265; baseline -0.001 -10"><span class='ocrx_word' id='word_1_567' title='bbox 238 2233 266 2255; x_wconf 85' lang='lat' dir='ltr'><strong>et</strong></span> <span class='ocrx_word' id='word_1_568' title='bbox 281 2236 300 2254; x_wconf 79' lang='lat' dir='ltr'><strong>a</strong></span> <span class='ocrx_word' id='word_1_569' title='bbox 319 2226 414 2265; x_wconf 81' lang='lat' dir='ltr'><strong>gloria</strong></span> <span class='ocrx_word' id='word_1_570' title='bbox 427 2225 618 2265; x_wconf 83' lang='lat' dir='ltr'><strong>fortitudinis</strong></span> <span class='ocrx_word' id='word_1_571' title='bbox 642 2226 721 2264; x_wconf 80' lang='lat' dir='ltr'><strong>ejus,</strong></span> <span class='ocrx_word' id='word_1_572' title='bbox 742 2235 808 2254; x_wconf 85' lang='lat' dir='ltr'><strong>cum</strong></span> <span class='ocrx_word' id='word_1_573' title='bbox 828 2226 985 2254; x_wconf 74' lang='lat' dir='ltr'><strong>surrexerit</strong></span> 
     </span>
     <span class='ocr_line' id='line_1_79' title="bbox 235 2272 984 2314; baseline -0.003 -10"><span class='ocrx_word' id='word_1_574' title='bbox 235 2280 384 2314; x_wconf 83' lang='lat' dir='ltr'><strong>percutere</strong></span> <span class='ocrx_word' id='word_1_575' title='bbox 405 2279 523 2302; x_wconf 83' lang='lat' dir='ltr'><strong>terram.</strong></span> <span class='ocrx_word' id='word_1_576' title='bbox 540 2274 599 2302; x_wconf 89' lang='lat' dir='ltr'><strong>Non</strong></span> <span class='ocrx_word' id='word_1_577' title='bbox 611 2273 648 2301; x_wconf 92' lang='lat' dir='ltr'><strong>ait</strong></span> <span class='ocrx_word' id='word_1_578' title='bbox 660 2279 775 2309; x_wconf 88' lang='lat' dir='ltr'><strong>tantum,</strong></span> <span class='ocrx_word' id='word_1_579' title='bbox 791 2274 814 2302; x_wconf 83' lang='grc' dir='ltr'><strong>Α</strong></span> <span class='ocrx_word' id='word_1_580' title='bbox 827 2272 984 2302; x_wconf 82' lang='lat' dir='ltr'><strong>fortitudine</strong></span> 
     </span>
     <span class='ocr_line' id='line_1_80' title="bbox 236 2321 983 2362; baseline -0.003 -10"><span class='ocrx_word' id='word_1_581' title='bbox 236 2323 305 2362; x_wconf 88' lang='lat' dir='ltr'><strong>ejus,</strong></span> <span class='ocrx_word' id='word_1_582' title='bbox 319 2322 377 2359; x_wconf 86' lang='lat' dir='ltr'><strong>sed,</strong></span> <span class='ocrx_word' id='word_1_583' title='bbox 392 2322 425 2351; x_wconf 85' lang='lat' dir='ltr'><em>A</em></span> <span class='ocrx_word' id='word_1_584' title='bbox 442 2322 538 2362; x_wconf 82' lang='lat' dir='ltr'><strong>gloria</strong></span> <span class='ocrx_word' id='word_1_585' title='bbox 557 2321 753 2359; x_wconf 81' lang='lat' dir='ltr'><strong>fortitudinis.</strong></span> <span class='ocrx_word' id='word_1_586' title='bbox 772 2321 850 2350; x_wconf 88' lang='lat' dir='ltr'><strong>Talia</strong></span> <span class='ocrx_word' id='word_1_587' title='bbox 868 2331 983 2360; x_wconf 84' lang='lat' dir='ltr'><strong>namque</strong></span> 
     </span>
     <span class='ocr_line' id='line_1_81' title="bbox 236 2367 982 2410; baseline -0.003 -12"><span class='ocrx_word' id='word_1_588' title='bbox 236 2376 298 2398; x_wconf 87' lang='lat' dir='ltr'><strong>sunt</strong></span> <span class='ocrx_word' id='word_1_589' title='bbox 317 2370 375 2410; x_wconf 84' lang='lat' dir='ltr'><strong>ejus</strong></span> <span class='ocrx_word' id='word_1_590' title='bbox 392 2368 519 2409; x_wconf 61' lang='lat' dir='ltr'><strong>praeclara</strong></span> <span class='ocrx_word' id='word_1_591' title='bbox 538 2374 625 2407; x_wconf 87' lang='lat' dir='ltr'><strong>gesta,</strong></span> <span class='ocrx_word' id='word_1_592' title='bbox 651 2367 715 2396; x_wconf 85' lang='lat' dir='ltr'><strong>talia</strong></span> <span class='ocrx_word' id='word_1_593' title='bbox 733 2374 849 2407; x_wconf 63' lang='lat' dir='ltr'><strong>tropaea,</strong></span> <span class='ocrx_word' id='word_1_594' title='bbox 865 2367 982 2397; x_wconf 84' lang='lat' dir='ltr'><strong>multum</strong></span> 
     </span>
     <span class='ocr_line' id='line_1_82' title="bbox 237 2413 980 2455; baseline -0.003 -11"><span class='ocrx_word' id='word_1_595' title='bbox 237 2415 407 2455; x_wconf 88' lang='lat' dir='ltr'><strong>splendorem</strong></span> <span class='ocrx_word' id='word_1_596' title='bbox 417 2437 425 2452; x_wconf 92' lang='lat'>‚</span> <span class='ocrx_word' id='word_1_597' title='bbox 438 2413 551 2443; x_wconf 83' lang='lat' dir='ltr'><strong>multam</strong></span> <span class='ocrx_word' id='word_1_598' title='bbox 572 2413 731 2452; x_wconf 84' lang='lat' dir='ltr'><strong>dignitatem</strong></span> <span class='ocrx_word' id='word_1_599' title='bbox 750 2423 805 2453; x_wconf 77' lang='lat' dir='ltr'><strong>prae</strong></span> <span class='ocrx_word' id='word_1_600' title='bbox 816 2424 844 2443; x_wconf 91' lang='lat' dir='ltr'><strong>se</strong></span> <span class='ocrx_word' id='word_1_601' title='bbox 857 2413 980 2443; x_wconf 80' lang='lat' dir='ltr'><strong>ferentia.</strong></span> 
     </span>
     <span class='ocr_line' id='line_1_83' title="bbox 239 2457 982 2497; baseline -0.003 -9"><span class='ocrx_word' id='word_1_602' title='bbox 239 2459 289 2488; x_wconf 83' lang='lat' dir='ltr'><strong>Hic</strong></span> <span class='ocrx_word' id='word_1_603' title='bbox 305 2459 373 2488; x_wconf 85' lang='lat' dir='ltr'><strong>mihi</strong></span> <span class='ocrx_word' id='word_1_604' title='bbox 387 2457 495 2489; x_wconf 84' lang='lat' dir='ltr'><strong>videtur</strong></span> <span class='ocrx_word' id='word_1_605' title='bbox 507 2457 648 2487; x_wconf 86' lang='lat' dir='ltr'><strong>victoriam</strong></span> <span class='ocrx_word' id='word_1_606' title='bbox 663 2457 738 2486; x_wconf 90' lang='lat' dir='ltr'><strong>illam</strong></span> <span class='ocrx_word' id='word_1_607' title='bbox 756 2457 907 2497; x_wconf 82' lang='lat' dir='ltr'><strong>significare</strong></span> <span class='ocrx_word' id='word_1_608' title='bbox 922 2467 982 2496; x_wconf 86' lang='lat' dir='ltr'><strong>quae</strong></span> 
     </span>
     <span class='ocr_line' id='line_1_84' title="bbox 239 2501 980 2542; baseline -0.003 -10"><span class='ocrx_word' id='word_1_609' title='bbox 239 2504 290 2533; x_wconf 87' lang='lat' dir='ltr'><strong>suh</strong></span> <span class='ocrx_word' id='word_1_610' title='bbox 302 2503 415 2533; x_wconf 85' lang='lat' dir='ltr'><strong>Ezechia</strong></span> <span class='ocrx_word' id='word_1_611' title='bbox 426 2502 548 2542; x_wconf 83' lang='lat' dir='ltr'><strong>contigit,</strong></span> <span class='ocrx_word' id='word_1_612' title='bbox 562 2509 661 2531; x_wconf 82' lang='lat' dir='ltr'><strong>terram</strong></span> <span class='ocrx_word' id='word_1_613' title='bbox 670 2512 768 2531; x_wconf 83' lang='lat' dir='ltr'><strong>vocans</strong></span> <span class='ocrx_word' id='word_1_614' title='bbox 779 2501 980 2531; x_wconf 85' lang='lat' dir='ltr'><strong>multitudinem</strong></span> 
     </span>
     <span class='ocr_line' id='line_1_85' title="bbox 235 2546 978 2588; baseline 0 -13"><span class='ocrx_word' id='word_1_615' title='bbox 235 2547 386 2585; x_wconf 87' lang='lat' dir='ltr'><strong>hominum,</strong></span> <span class='ocrx_word' id='word_1_616' title='bbox 404 2554 430 2577; x_wconf 92' lang='lat' dir='ltr'><strong>et</strong></span> <span class='ocrx_word' id='word_1_617' title='bbox 454 2547 651 2588; x_wconf 85' lang='lat' dir='ltr'><strong>percussionem</strong></span> <span class='ocrx_word' id='word_1_618' title='bbox 667 2546 777 2575; x_wconf 87' lang='lat' dir='ltr'><strong>illorum</strong></span> <span class='ocrx_word' id='word_1_619' title='bbox 798 2547 904 2575; x_wconf 80' lang='lat' dir='ltr'><strong>ruinam</strong></span> <span class='ocrx_word' id='word_1_620' title='bbox 915 2569 922 2583; x_wconf 90' lang='lat'><strong>,</strong></span> <span class='ocrx_word' id='word_1_621' title='bbox 938 2557 978 2575; x_wconf 85' lang='lat' dir='ltr'><strong>re-</strong></span> 
     </span>
     <span class='ocr_line' id='line_1_86' title="bbox 235 2590 977 2631; baseline 0 -11"><span class='ocrx_word' id='word_1_622' title='bbox 235 2592 425 2621; x_wconf 85' lang='lat' dir='ltr'><strong>surrectionem</strong></span> <span class='ocrx_word' id='word_1_623' title='bbox 441 2602 503 2622; x_wconf 86' lang='lat' dir='ltr'><strong>vero</strong></span> <span class='ocrx_word' id='word_1_624' title='bbox 515 2592 573 2631; x_wconf 74' lang='lat' dir='ltr'><strong>ejus</strong></span> <span class='ocrx_word' id='word_1_625' title='bbox 585 2601 719 2630; x_wconf 80' lang='lat' dir='ltr'><strong>egressum</strong></span> <span class='ocrx_word' id='word_1_626' title='bbox 730 2590 764 2620; x_wconf 90' lang='lat' dir='ltr'><strong>ad</strong></span> <span class='ocrx_word' id='word_1_627' title='bbox 778 2591 977 2620; x_wconf 75' lang='lat' dir='ltr'><strong>auxiliandum.</strong></span> 
     </span>
    </p>
   </div>
   <div class='ocr_carea' id='block_1_17' title="bbox 1037 1661 1809 2173">
    <p class='ocr_par' dir='ltr' id='par_1_17' title="bbox 1039 1661 1809 1930">
     <span class='ocr_line' id='line_1_87' title="bbox 1042 1661 1809 1706; baseline 0.005 -15"><span class='ocrx_word' id='word_1_628' title='bbox 1042 1661 1130 1692; x_wconf 76' lang='grc' dir='ltr'>ἄνοιαν</span> <span class='ocrx_word' id='word_1_629' title='bbox 1148 1664 1200 1691; x_wconf 79' lang='grc' dir='ltr'><strong>τῶν</strong></span> <span class='ocrx_word' id='word_1_630' title='bbox 1220 1662 1401 1701; x_wconf 83' lang='grc' dir='ltr'>ἀπατωμένων</span> <span class='ocrx_word' id='word_1_631' title='bbox 1412 1675 1418 1681; x_wconf 92' lang='grc'>·</span> <span class='ocrx_word' id='word_1_632' title='bbox 1433 1664 1524 1700; x_wconf 81' lang='grc' dir='ltr'>ἐπειδὴ</span> <span class='ocrx_word' id='word_1_633' title='bbox 1539 1665 1567 1694; x_wconf 79' lang='grc' dir='ltr'><strong>δὲ</strong></span> <span class='ocrx_word' id='word_1_634' title='bbox 1580 1664 1671 1705; x_wconf 81' lang='grc' dir='ltr'>ὥσπερ</span> <span class='ocrx_word' id='word_1_635' title='bbox 1693 1667 1726 1705; x_wconf 85' lang='grc' dir='ltr'><strong>τῇ</strong></span> <span class='ocrx_word' id='word_1_636' title='bbox 1741 1665 1809 1706; x_wconf 84' lang='grc' dir='ltr'>μέθῃ</span> 
     </span>
     <span class='ocr_line' id='line_1_88' title="bbox 1042 1707 1809 1752; baseline 0.005 -15"><span class='ocrx_word' id='word_1_637' title='bbox 1042 1707 1149 1748; x_wconf 68' lang='grc' dir='ltr'>ἀπδείᾳ</span> <span class='ocrx_word' id='word_1_638' title='bbox 1158 1708 1352 1748; x_wconf 73' lang='grc' dir='ltr'>κεκαρωμένοι,</span> <span class='ocrx_word' id='word_1_639' title='bbox 1368 1709 1432 1749; x_wconf 80' lang='grc' dir='ltr'>πρὸς</span> <span class='ocrx_word' id='word_1_640' title='bbox 1446 1710 1479 1739; x_wconf 83' lang='grc' dir='ltr'><strong>τὰ</strong></span> <span class='ocrx_word' id='word_1_641' title='bbox 1494 1711 1592 1750; x_wconf 77' lang='grc' dir='ltr'>φανερὰ</span> <span class='ocrx_word' id='word_1_642' title='bbox 1607 1711 1652 1740; x_wconf 78' lang='grc' dir='ltr'><strong>καὶ</strong></span> <span class='ocrx_word' id='word_1_643' title='bbox 1670 1713 1741 1752; x_wconf 76' lang='grc' dir='ltr'>σαφῆ</span> <span class='ocrx_word' id='word_1_644' title='bbox 1755 1714 1809 1742; x_wconf 83' lang='grc' dir='ltr'><strong>τῶν</strong></span> 
     </span>
     <span class='ocr_line' id='line_1_89' title="bbox 1040 1754 1808 1797; baseline 0.003 -12"><span class='ocrx_word' id='word_1_645' title='bbox 1040 1754 1204 1794; x_wconf 82' lang='grc' dir='ltr'>πραγμάτων</span> <span class='ocrx_word' id='word_1_646' title='bbox 1220 1754 1407 1794; x_wconf 75' lang='grc' dir='ltr'>πεπήρωνται,</span> <span class='ocrx_word' id='word_1_647' title='bbox 1421 1758 1531 1785; x_wconf 78' lang='grc' dir='ltr'>τοιαῦτα</span> <span class='ocrx_word' id='word_1_648' title='bbox 1543 1756 1743 1797; x_wconf 83' lang='grc' dir='ltr'>καταλήψονται</span> <span class='ocrx_word' id='word_1_649' title='bbox 1758 1758 1808 1794; x_wconf 68' lang='grc' dir='ltr'><strong>τὴν</strong></span> 
     </span>
     <span class='ocr_line' id='line_1_90' title="bbox 1039 1799 1807 1842; baseline 0.007 -14"><span class='ocrx_word' id='word_1_650' title='bbox 1039 1799 1211 1837; x_wconf 74' lang='grc' dir='ltr'>πόλιν-κακὰ,</span> <span class='ocrx_word' id='word_1_651' title='bbox 1222 1801 1258 1833; x_wconf 79' lang='grc' dir='ltr'><strong>ὥς</strong></span> <span class='ocrx_word' id='word_1_652' title='bbox 1267 1800 1313 1829; x_wconf 78' lang='grc' dir='ltr'><strong>καὶ</strong></span> <span class='ocrx_word' id='word_1_653' title='bbox 1326 1800 1386 1834; x_wconf 78' lang='grc' dir='ltr'>τοὺς</span> <span class='ocrx_word' id='word_1_654' title='bbox 1399 1801 1499 1841; x_wconf 85' lang='grc' dir='ltr'>σφόδρα</span> <span class='ocrx_word' id='word_1_655' title='bbox 1510 1802 1682 1838; x_wconf 79' lang='grc' dir='ltr'>ἀναισθήτους</span> <span class='ocrx_word' id='word_1_656' title='bbox 1691 1803 1807 1842; x_wconf 76' lang='grc' dir='ltr'>διδάξαι,</span> 
     </span>
     <span class='ocr_line' id='line_1_91' title="bbox 1039 1845 1804 1885; baseline 0.007 -10"><span class='ocrx_word' id='word_1_657' title='bbox 1039 1845 1110 1882; x_wconf 84' lang='grc' dir='ltr'>πόση</span> <span class='ocrx_word' id='word_1_658' title='bbox 1123 1848 1141 1882; x_wconf 80' lang='grc' dir='ltr'>ἡ</span> <span class='ocrx_word' id='word_1_659' title='bbox 1154 1845 1258 1876; x_wconf 73' lang='grc' dir='ltr'>ἐκείνων</span> <span class='ocrx_word' id='word_1_660' title='bbox 1272 1846 1408 1884; x_wconf 83' lang='grc' dir='ltr'>ἀσθένεια,</span> <span class='ocrx_word' id='word_1_661' title='bbox 1424 1848 1468 1877; x_wconf 88' lang='grc' dir='ltr'><strong>καὶ</strong></span> <span class='ocrx_word' id='word_1_662' title='bbox 1488 1848 1557 1885; x_wconf 81' lang='grc' dir='ltr'>πόση</span> <span class='ocrx_word' id='word_1_663' title='bbox 1573 1851 1589 1884; x_wconf 83' lang='grc' dir='ltr'>ἡ</span> <span class='ocrx_word' id='word_1_664' title='bbox 1609 1852 1655 1878; x_wconf 79' lang='grc' dir='ltr'><strong>τοῦ</strong></span> <span class='ocrx_word' id='word_1_665' title='bbox 1674 1851 1745 1880; x_wconf 78' lang='grc' dir='ltr'>Θεοῦ</span> <span class='ocrx_word' id='word_1_666' title='bbox 1760 1850 1804 1880; x_wconf 88' lang='grc' dir='ltr'>δύ-</span> 
     </span>
     <span class='ocr_line' id='line_1_92' title="bbox 1040 1903 1334 1930; baseline 0 -9"><span class='ocrx_word' id='word_1_667' title='bbox 1040 1903 1127 1930; x_wconf 84' lang='grc' dir='ltr'>ναμις.</span> <span class='ocrx_word' id='word_1_668' title='bbox 1145 1921 1152 1926; x_wconf 68' lang='grc'>,</span> <span class='ocrx_word' id='word_1_669' title='bbox 1331 1906 1334 1908; x_wconf 95' lang='grc'><em>·</em></span> 
     </span>
    </p>

    <p class='ocr_par' dir='ltr' id='par_1_18' title="bbox 1037 1945 1806 2173">
     <span class='ocr_line' id='line_1_93' title="bbox 1079 1945 1806 1987; baseline 0.004 -10"><span class='ocrx_word' id='word_1_670' title='bbox 1079 1947 1131 1977; x_wconf 78' lang='grc' dir='ltr'><strong>Διὰ</strong></span> <span class='ocrx_word' id='word_1_671' title='bbox 1144 1946 1176 1983; x_wconf 81' lang='grc' dir='ltr'><strong>δὴ</strong></span> <span class='ocrx_word' id='word_1_672' title='bbox 1189 1949 1266 1976; x_wconf 80' lang='grc' dir='ltr'>τοῦτο</span> <span class='ocrx_word' id='word_1_673' title='bbox 1277 1946 1338 1987; x_wconf 83' lang='grc' dir='ltr'>πρὶν</span> <span class='ocrx_word' id='word_1_674' title='bbox 1352 1945 1370 1982; x_wconf 84' lang='grc' dir='ltr'>ἢ</span> <span class='ocrx_word' id='word_1_675' title='bbox 1389 1946 1433 1976; x_wconf 84' lang='grc' dir='ltr'><strong>τὸν</strong></span> <span class='ocrx_word' id='word_1_676' title='bbox 1454 1947 1569 1987; x_wconf 85' lang='grc' dir='ltr'>πόλεμον</span> <span class='ocrx_word' id='word_1_677' title='bbox 1590 1951 1672 1978; x_wconf 85' lang='grc' dir='ltr'>εἰπεῖν</span> <span class='ocrx_word' id='word_1_678' title='bbox 1681 1972 1691 1986; x_wconf 89' lang='lat'><strong>,</strong></span> <span class='ocrx_word' id='word_1_679' title='bbox 1717 1950 1752 1980; x_wconf 77' lang='grc' dir='ltr'><strong>τὰ</strong></span> <span class='ocrx_word' id='word_1_680' title='bbox 1777 1950 1806 1984; x_wconf 79' lang='grc' dir='ltr'><strong>ἐξ</strong></span> 
     </span>
     <span class='ocr_line' id='line_1_94' title="bbox 1039 1991 1806 2035; baseline 0.008 -16"><span class='ocrx_word' id='word_1_681' title='bbox 1039 1996 1117 2024; x_wconf 70' lang='grc' dir='ltr'>αὐτοῦ</span> <span class='ocrx_word' id='word_1_682' title='bbox 1129 1992 1318 2032; x_wconf 72' lang='grc' dir='ltr'>συμὸηαόμενα</span> <span class='ocrx_word' id='word_1_683' title='bbox 1330 1991 1403 2031; x_wconf 83' lang='grc' dir='ltr'>λέγει</span> <span class='ocrx_word' id='word_1_684' title='bbox 1412 2014 1419 2028; x_wconf 92' lang='grc'>,</span> <span class='ocrx_word' id='word_1_685' title='bbox 1434 1994 1547 2023; x_wconf 86' lang='grc' dir='ltr'>κελεύων</span> <span class='ocrx_word' id='word_1_686' title='bbox 1560 1996 1596 2028; x_wconf 81' lang='grc' dir='ltr'><strong>εἷς</strong></span> <span class='ocrx_word' id='word_1_687' title='bbox 1610 1995 1708 2035; x_wconf 81' lang='grc' dir='ltr'>πέτρας</span> <span class='ocrx_word' id='word_1_688' title='bbox 1722 1996 1806 2025; x_wconf 83' lang='grc' dir='ltr'>εἰσιέ-</span> 
     </span>
     <span class='ocr_line' id='line_1_95' title="bbox 1037 2037 1805 2081; baseline 0.004 -13"><span class='ocrx_word' id='word_1_689' title='bbox 1037 2050 1098 2076; x_wconf 82' lang='grc' dir='ltr'>ναι,</span> <span class='ocrx_word' id='word_1_690' title='bbox 1109 2038 1154 2068; x_wconf 76' lang='grc' dir='ltr'><strong>καὶ</strong></span> <span class='ocrx_word' id='word_1_691' title='bbox 1165 2039 1210 2067; x_wconf 75' lang='grc' dir='ltr'><strong>ὑπ’</strong></span> <span class='ocrx_word' id='word_1_692' title='bbox 1224 2037 1306 2074; x_wconf 72' lang='grc' dir='ltr'>αὐτὴν</span> <span class='ocrx_word' id='word_1_693' title='bbox 1319 2039 1465 2068; x_wconf 80' lang='grc' dir='ltr'>καταδῦναι</span> <span class='ocrx_word' id='word_1_694' title='bbox 1478 2039 1526 2075; x_wconf 81' lang='grc' dir='ltr'><strong>τὴν</strong></span> <span class='ocrx_word' id='word_1_695' title='bbox 1540 2042 1600 2079; x_wconf 76' lang='grc' dir='ltr'>γῆν,</span> <span class='ocrx_word' id='word_1_696' title='bbox 1612 2042 1664 2081; x_wconf 79' lang='grc' dir='ltr'><strong>οὐχ</strong></span> <span class='ocrx_word' id='word_1_697' title='bbox 1674 2041 1717 2071; x_wconf 79' lang='grc' dir='ltr'><strong>ἵνα</strong></span> <span class='ocrx_word' id='word_1_698' title='bbox 1727 2044 1805 2071; x_wconf 79' lang='grc' dir='ltr'>τοῦτο</span> 
     </span>
     <span class='ocr_line' id='line_1_96' title="bbox 1037 2083 1806 2127; baseline 0.003 -12"><span class='ocrx_word' id='word_1_699' title='bbox 1037 2084 1192 2121; x_wconf 79' lang='grc' dir='ltr'>ποιήσωσιν,</span> <span class='ocrx_word' id='word_1_700' title='bbox 1203 2085 1262 2113; x_wconf 87' lang='grc' dir='ltr'>ἀλλ’</span> <span class='ocrx_word' id='word_1_701' title='bbox 1276 2083 1319 2113; x_wconf 76' lang='grc' dir='ltr'><strong>ἵνα</strong></span> <span class='ocrx_word' id='word_1_702' title='bbox 1330 2085 1361 2112; x_wconf 81' lang='grc' dir='ltr'>ἐκ</span> <span class='ocrx_word' id='word_1_703' title='bbox 1375 2084 1473 2113; x_wconf 86' lang='grc' dir='ltr'>τούτων</span> <span class='ocrx_word' id='word_1_704' title='bbox 1486 2085 1615 2124; x_wconf 83' lang='grc' dir='ltr'>μάθωσιν,</span> <span class='ocrx_word' id='word_1_705' title='bbox 1625 2089 1661 2120; x_wconf 82' lang='grc' dir='ltr'><strong>ὡς</strong></span> <span class='ocrx_word' id='word_1_706' title='bbox 1674 2087 1806 2127; x_wconf 82' lang='grc' dir='ltr'>ἀφόρητός</span> 
     </span>
     <span class='ocr_line' id='line_1_97' title="bbox 1038 2129 1806 2173; baseline 0.005 -14"><span class='ocrx_word' id='word_1_707' title='bbox 1038 2133 1108 2161; x_wconf 85' lang='grc' dir='ltr'>ἐστιν</span> <span class='ocrx_word' id='word_1_708' title='bbox 1129 2133 1147 2166; x_wconf 85' lang='grc' dir='ltr'>ἡ</span> <span class='ocrx_word' id='word_1_709' title='bbox 1160 2129 1233 2170; x_wconf 76' lang='grc' dir='ltr'>παρὰ</span> <span class='ocrx_word' id='word_1_710' title='bbox 1255 2132 1300 2159; x_wconf 75' lang='grc' dir='ltr'><strong>τοῦ</strong></span> <span class='ocrx_word' id='word_1_711' title='bbox 1320 2131 1390 2160; x_wconf 70' lang='grc' dir='ltr'>Θεοῦ</span> <span class='ocrx_word' id='word_1_712' title='bbox 1413 2130 1471 2160; x_wconf 80' lang='grc' dir='ltr'>τότε</span> <span class='ocrx_word' id='word_1_713' title='bbox 1496 2133 1627 2171; x_wconf 86' lang='grc' dir='ltr'>φερομένη</span> <span class='ocrx_word' id='word_1_714' title='bbox 1642 2133 1719 2172; x_wconf 86' lang='grc' dir='ltr'>ὀργή.</span> <span class='ocrx_word' id='word_1_715' title='bbox 1735 2133 1806 2173; x_wconf 87' lang='grc' dir='ltr'>Κρύ-</span> 
     </span>
    </p>
   </div>
   <div class='ocr_carea' id='block_1_18' title="bbox 1003 2175 1804 2218">
    <p class='ocr_par' dir='ltr' id='par_1_19' title="bbox 1003 2175 1804 2218">
     <span class='ocr_line' id='line_1_98' title="bbox 1003 2175 1804 2218; baseline 0.001 -11"><span class='ocrx_word' id='word_1_716' title='bbox 1003 2184 1023 2207; x_wconf 85' lang='lat' dir='ltr'>D</span> <span class='ocrx_word' id='word_1_717' title='bbox 1037 2179 1133 2207; x_wconf 79' lang='grc' dir='ltr'>πτεσθε</span> <span class='ocrx_word' id='word_1_718' title='bbox 1144 2175 1205 2216; x_wconf 77' lang='grc' dir='ltr'>γὰρ,</span> <span class='ocrx_word' id='word_1_719' title='bbox 1216 2175 1303 2216; x_wconf 82' lang='grc' dir='ltr'>φησὶν,</span> <span class='ocrx_word' id='word_1_720' title='bbox 1315 2177 1352 2208; x_wconf 89' lang='grc' dir='ltr'><strong>εἷς</strong></span> <span class='ocrx_word' id='word_1_721' title='bbox 1372 2175 1421 2212; x_wconf 83' lang='grc' dir='ltr'><strong>τὴν</strong></span> <span class='ocrx_word' id='word_1_722' title='bbox 1442 2179 1490 2216; x_wconf 76' lang='grc' dir='ltr'><strong>γῆν</strong></span> <span class='ocrx_word' id='word_1_723' title='bbox 1518 2179 1571 2208; x_wconf 84' lang='grc' dir='ltr'>ἀπὸ</span> <span class='ocrx_word' id='word_1_724' title='bbox 1599 2178 1742 2218; x_wconf 87' lang='grc' dir='ltr'>προσώπου</span> <span class='ocrx_word' id='word_1_725' title='bbox 1758 2182 1804 2208; x_wconf 81' lang='grc' dir='ltr'><strong>τοῦ</strong></span> 
     </span>
    </p>
   </div>
   <div class='ocr_carea' id='block_1_19' title="bbox 1034 2221 1805 2631">
    <p class='ocr_par' dir='ltr' id='par_1_20' title="bbox 1034 2221 1805 2631">
     <span class='ocr_line' id='line_1_99' title="bbox 1037 2221 1805 2264; baseline 0.003 -12"><span class='ocrx_word' id='word_1_726' title='bbox 1037 2223 1118 2264; x_wconf 79' lang='grc' dir='ltr'>φόὸου</span> <span class='ocrx_word' id='word_1_727' title='bbox 1139 2221 1255 2263; x_wconf 80' lang='grc' dir='ltr'>Κυρίου,</span> <span class='ocrx_word' id='word_1_728' title='bbox 1269 2221 1315 2251; x_wconf 75' lang='grc' dir='ltr'><strong>καὶ</strong></span> <span class='ocrx_word' id='word_1_729' title='bbox 1328 2221 1381 2251; x_wconf 84' lang='grc' dir='ltr'>ἀπὸ</span> <span class='ocrx_word' id='word_1_730' title='bbox 1400 2224 1447 2258; x_wconf 79' lang='grc' dir='ltr'><strong>τῆς</strong></span> <span class='ocrx_word' id='word_1_731' title='bbox 1461 2223 1536 2260; x_wconf 83' lang='grc' dir='ltr'>δόξης</span> <span class='ocrx_word' id='word_1_732' title='bbox 1546 2226 1593 2260; x_wconf 81' lang='grc' dir='ltr'><strong>τῆς</strong></span> <span class='ocrx_word' id='word_1_733' title='bbox 1608 2224 1698 2264; x_wconf 77' lang='grc' dir='ltr'>ἰσχύος</span> <span class='ocrx_word' id='word_1_734' title='bbox 1714 2226 1805 2262; x_wconf 80' lang='grc' dir='ltr'>αὐτοῦ,</span> 
     </span>
     <span class='ocr_line' id='line_1_100' title="bbox 1035 2265 1803 2308; baseline 0.003 -9"><span class='ocrx_word' id='word_1_735' title='bbox 1035 2269 1098 2299; x_wconf 75' lang='grc' dir='ltr'>ὅταν</span> <span class='ocrx_word' id='word_1_736' title='bbox 1109 2269 1209 2308; x_wconf 65' lang='grc' dir='ltr'>ἀναστῇ</span> <span class='ocrx_word' id='word_1_737' title='bbox 1223 2269 1334 2308; x_wconf 82' lang='grc' dir='ltr'>θραῦσαι</span> <span class='ocrx_word' id='word_1_738' title='bbox 1346 2267 1395 2303; x_wconf 86' lang='grc' dir='ltr'><strong>τὴν</strong></span> <span class='ocrx_word' id='word_1_739' title='bbox 1402 2271 1462 2307; x_wconf 82' lang='grc' dir='ltr'>γῆν.</span> <span class='ocrx_word' id='word_1_740' title='bbox 1470 2271 1529 2299; x_wconf 86' lang='grc' dir='ltr'>Οὐκ</span> <span class='ocrx_word' id='word_1_741' title='bbox 1546 2265 1619 2300; x_wconf 74' lang='grc' dir='ltr'>εἶπεν</span> <span class='ocrx_word' id='word_1_742' title='bbox 1628 2271 1734 2308; x_wconf 78' lang='grc' dir='ltr'>ἁπλῶς,</span> <span class='ocrx_word' id='word_1_743' title='bbox 1749 2271 1803 2301; x_wconf 82' lang='grc' dir='ltr'>ἀπὸ</span> 
     </span>
     <span class='ocr_line' id='line_1_101' title="bbox 1035 2314 1802 2357; baseline 0.003 -12"><span class='ocrx_word' id='word_1_744' title='bbox 1035 2318 1083 2352; x_wconf 81' lang='grc' dir='ltr'><strong>τῆς</strong></span> <span class='ocrx_word' id='word_1_745' title='bbox 1097 2314 1185 2356; x_wconf 80' lang='grc' dir='ltr'>ἰσχύος</span> <span class='ocrx_word' id='word_1_746' title='bbox 1195 2315 1291 2350; x_wconf 76' lang='grc' dir='ltr'>αὐτοῦ,</span> <span class='ocrx_word' id='word_1_747' title='bbox 1305 2314 1374 2343; x_wconf 78' lang='grc' dir='ltr'>ἀλλὰ</span> <span class='ocrx_word' id='word_1_748' title='bbox 1385 2337 1392 2351; x_wconf 90' lang='grc'>,</span> <span class='ocrx_word' id='word_1_749' title='bbox 1409 2315 1472 2344; x_wconf 82' lang='grc' dir='ltr'>Ἀπὸ</span> <span class='ocrx_word' id='word_1_750' title='bbox 1491 2318 1538 2352; x_wconf 79' lang='grc' dir='ltr'><strong>τῆς</strong></span> <span class='ocrx_word' id='word_1_751' title='bbox 1552 2316 1627 2352; x_wconf 83' lang='grc' dir='ltr'>δόξης</span> <span class='ocrx_word' id='word_1_752' title='bbox 1642 2319 1689 2352; x_wconf 78' lang='grc' dir='ltr'><strong>τῆς</strong></span> <span class='ocrx_word' id='word_1_753' title='bbox 1703 2317 1802 2357; x_wconf 80' lang='grc' dir='ltr'>ἰσχύος.</span> 
     </span>
     <span class='ocr_line' id='line_1_102' title="bbox 1036 2359 1803 2400; baseline 0.001 -9"><span class='ocrx_word' id='word_1_754' title='bbox 1036 2362 1154 2391; x_wconf 75' lang='grc' dir='ltr'>Τοιαῦτα</span> <span class='ocrx_word' id='word_1_755' title='bbox 1163 2359 1215 2400; x_wconf 71' lang='grc' dir='ltr'><strong>γὰρ</strong></span> <span class='ocrx_word' id='word_1_756' title='bbox 1234 2361 1316 2400; x_wconf 56' lang='grc' dir='ltr'><strong>θαὐτοῦ</strong></span> <span class='ocrx_word' id='word_1_757' title='bbox 1346 2360 1380 2389; x_wconf 81' lang='grc' dir='ltr'><strong>τὰ</strong></span> <span class='ocrx_word' id='word_1_758' title='bbox 1405 2361 1615 2400; x_wconf 83' lang='grc' dir='ltr'>κατορθώματα,</span> <span class='ocrx_word' id='word_1_759' title='bbox 1638 2365 1748 2392; x_wconf 76' lang='grc' dir='ltr'>τοιαῦτα</span> <span class='ocrx_word' id='word_1_760' title='bbox 1769 2362 1803 2392; x_wconf 82' lang='grc' dir='ltr'><strong>τὰ</strong></span> 
     </span>
     <span class='ocr_line' id='line_1_103' title="bbox 1035 2405 1802 2448; baseline 0 -12"><span class='ocrx_word' id='word_1_761' title='bbox 1035 2407 1162 2447; x_wconf 85' lang='grc' dir='ltr'>τρόπαια,</span> <span class='ocrx_word' id='word_1_762' title='bbox 1177 2405 1277 2442; x_wconf 79' lang='grc' dir='ltr'>πολλὴν</span> <span class='ocrx_word' id='word_1_763' title='bbox 1295 2405 1391 2446; x_wconf 75' lang='grc' dir='ltr'>ἔχοντα</span> <span class='ocrx_word' id='word_1_764' title='bbox 1414 2406 1461 2443; x_wconf 69' lang='grc' dir='ltr'><strong>τὴν</strong></span> <span class='ocrx_word' id='word_1_765' title='bbox 1486 2408 1657 2448; x_wconf 74' lang='grc' dir='ltr'>περιφάνειαν</span> <span class='ocrx_word' id='word_1_766' title='bbox 1682 2408 1727 2438; x_wconf 78' lang='grc' dir='ltr'><strong>καὶ</strong></span> <span class='ocrx_word' id='word_1_767' title='bbox 1754 2408 1802 2444; x_wconf 78' lang='grc' dir='ltr'><strong>τὴν</strong></span> 
     </span>
     <span class='ocr_line' id='line_1_104' title="bbox 1034 2452 1802 2494; baseline 0.001 -11"><span class='ocrx_word' id='word_1_768' title='bbox 1034 2453 1220 2494; x_wconf 85' lang='grc' dir='ltr'>λαμπρότητα.</span> <span class='ocrx_word' id='word_1_769' title='bbox 1239 2452 1371 2482; x_wconf 70' lang='grc' dir='ltr'>Ἐνταῦθα</span> <span class='ocrx_word' id='word_1_770' title='bbox 1396 2464 1440 2492; x_wconf 86' lang='grc' dir='ltr'><strong>μοι</strong></span> <span class='ocrx_word' id='word_1_771' title='bbox 1463 2454 1532 2483; x_wconf 85' lang='grc' dir='ltr'>δοκεῖ</span> <span class='ocrx_word' id='word_1_772' title='bbox 1547 2454 1594 2491; x_wconf 68' lang='grc' dir='ltr'><strong>τὴν</strong></span> <span class='ocrx_word' id='word_1_773' title='bbox 1606 2455 1681 2490; x_wconf 87' lang='grc' dir='ltr'>νίκην</span> <span class='ocrx_word' id='word_1_774' title='bbox 1696 2455 1744 2491; x_wconf 82' lang='grc' dir='ltr'><strong>τὴν</strong></span> <span class='ocrx_word' id='word_1_775' title='bbox 1758 2455 1802 2484; x_wconf 85' lang='grc' dir='ltr'>ἐπὶ</span> 
     </span>
     <span class='ocr_line' id='line_1_105' title="bbox 1035 2498 1801 2541; baseline 0.004 -13"><span class='ocrx_word' id='word_1_776' title='bbox 1035 2503 1081 2530; x_wconf 84' lang='grc' dir='ltr'><strong>τοῦ</strong></span> <span class='ocrx_word' id='word_1_777' title='bbox 1095 2499 1213 2540; x_wconf 77' lang='grc' dir='ltr'>Ἐζεχίου</span> <span class='ocrx_word' id='word_1_778' title='bbox 1229 2498 1375 2539; x_wconf 83' lang='grc' dir='ltr'>σημαίνειν,</span> <span class='ocrx_word' id='word_1_779' title='bbox 1387 2501 1435 2538; x_wconf 76' lang='grc' dir='ltr'><strong>γῆν</strong></span> <span class='ocrx_word' id='word_1_780' title='bbox 1455 2500 1485 2529; x_wconf 86' lang='grc' dir='ltr'><strong>τὸ</strong></span> <span class='ocrx_word' id='word_1_781' title='bbox 1510 2502 1608 2536; x_wconf 74' lang='grc' dir='ltr'>πλῆθος</span> <span class='ocrx_word' id='word_1_782' title='bbox 1624 2504 1677 2531; x_wconf 79' lang='grc' dir='ltr'><strong>τῶν</strong></span> <span class='ocrx_word' id='word_1_783' title='bbox 1704 2502 1801 2541; x_wconf 80' lang='grc' dir='ltr'>ἀνθρώ-</span> 
     </span>
     <span class='ocr_line' id='line_1_106' title="bbox 1036 2545 1801 2586; baseline 0 -10"><span class='ocrx_word' id='word_1_784' title='bbox 1036 2559 1092 2576; x_wconf 88' lang='grc' dir='ltr'><strong>πων</strong></span> <span class='ocrx_word' id='word_1_785' title='bbox 1103 2547 1199 2582; x_wconf 81' lang='grc' dir='ltr'>καλῶν,</span> <span class='ocrx_word' id='word_1_786' title='bbox 1215 2545 1259 2575; x_wconf 82' lang='grc' dir='ltr'><strong>καὶ</strong></span> <span class='ocrx_word' id='word_1_787' title='bbox 1276 2548 1382 2586; x_wconf 79' lang='grc' dir='ltr'>θραῦσιν</span> <span class='ocrx_word' id='word_1_788' title='bbox 1404 2545 1452 2581; x_wconf 82' lang='grc' dir='ltr'><strong>τὴν</strong></span> <span class='ocrx_word' id='word_1_789' title='bbox 1466 2547 1645 2583; x_wconf 84' lang='grc' dir='ltr'>κατάπτωσιν,</span> <span class='ocrx_word' id='word_1_790' title='bbox 1659 2549 1801 2578; x_wconf 81' lang='grc' dir='ltr'>ἀνάστασιν</span> 
     </span>
     <span class='ocr_line' id='line_1_107' title="bbox 1037 2592 1800 2631; baseline 0 -8"><span class='ocrx_word' id='word_1_791' title='bbox 1037 2593 1063 2623; x_wconf 82' lang='grc' dir='ltr'><strong>δὲ</strong></span> <span class='ocrx_word' id='word_1_792' title='bbox 1079 2595 1157 2623; x_wconf 76' lang='grc' dir='ltr'>αὐτοῦ</span> <span class='ocrx_word' id='word_1_793' title='bbox 1171 2592 1219 2628; x_wconf 85' lang='grc' dir='ltr'><strong>τὴν</strong></span> <span class='ocrx_word' id='word_1_794' title='bbox 1232 2592 1275 2622; x_wconf 76' lang='grc' dir='ltr'>ἐπὶ</span> <span class='ocrx_word' id='word_1_795' title='bbox 1299 2592 1346 2628; x_wconf 84' lang='grc' dir='ltr'><strong>τὴν</strong></span> <span class='ocrx_word' id='word_1_796' title='bbox 1363 2592 1501 2631; x_wconf 81' lang='grc' dir='ltr'>ἀντίληψιν</span> <span class='ocrx_word' id='word_1_797' title='bbox 1514 2593 1609 2627; x_wconf 82' lang='grc' dir='ltr'>ἔξοδον.</span> <span class='ocrx_word' id='word_1_798' title='bbox 1620 2594 1697 2624; x_wconf 73' lang='grc' dir='ltr'>Ἐπεὶ</span> <span class='ocrx_word' id='word_1_799' title='bbox 1720 2594 1763 2624; x_wconf 77' lang='grc' dir='ltr'><strong>καὶ</strong></span> <span class='ocrx_word' id='word_1_800' title='bbox 1787 2597 1800 2623; x_wconf 78' lang='grc' dir='ltr'>ὁ</span> 
     </span>
    </p>
   </div>
  </div>
 </body>
</html>
