1890 2826
528 225 560 247 IN
586 223 697 255 tumn,
725 222 798 246 VlDl
826 220 995 253 Domuum,
1025 221 1144 245 uomit„
1173 221 1209 246 V·

95 291 220 329 οὐρανοῖς.
238 288 274 318 Τί
288 286 385 323 ταυτης
399 286 455 316 ἴσον
467 285 561 326 γίνοιτ’
579 284 610 314 ἂν
625 286 674 320 τῆς
685 280 780 324 τιμῆς;
795 283 859 313 Ἀπὸ

93 337 141 370 τῆς
149 336 199 374 γῆς
215 333 282 369 ‘vive
295 332 380 373 ἀρχὴν
391 334 438 368 τῆς
437 331 561 387 ..κρίσεως
573 330 704 370 λαμὸάνει
714 332 728 359 ὁ
741 329 857 368 οὐρανός.

94 379 204 415 Ἐπειδὴ
225 381 240 409 ὀ
259 378 351 419 κριτὴς
374 379 402 407 ἐν
421 380 454 417 τῇ
483 380 517 417 γῇ
539 377 666 412 κάθηται,
686 378 701 405 ὁ
721 372 859 410 Δεσπότης

92 425 183 455 ἕπεται
196 427 235 466 τῷ
256 425 355 464 δούλῳ·
375 423 421 454 καὶ
445 423 512 463 ἅπερ
527 423 558 452 ἂν
580 418 654 456 οὗτος
675 422 749 452 κάτω
766 421 857 461 κρίνῃ,
874 426 893 449 F

91 473 175 500 ταῦτα
181 473 284 505 ἐκεῖνος
294 471 349 500 ἄνω
360 474 443 510 κυροῖ.
454 469 506 500 Καὶ
521 468 600 508 μέσος
612 471 659 498 τοῦ
671 469 742 498 Θεοῦ
753 467 798 496 καὶ
811 468 858 502 τῆς

91 519 144 546 τῶν
157 516 302 556 ἀνθρώπων
313 516 414 556 φύσεως
434 516 543 551 ἕστηκεν
557 517 577 543 ὁι
588 514 670 555 ἱερεὺς
679 537 686 551 ,
700 514 748 547 τὰς
761 515 857 543 ἐκεῖθεν

63 571 68 572 ’
92 562 171 601 τιμὰς
181 562 303 602 κατάγων
316 562 380 602 πρὸς
398 564 483 601 ἡμᾶς,
497 561 543 591 καὶ
561 561 608 594 τὰς
628 561 692 600 παρ’
706 561 783 599 ἡμων
802 561 856 588 ἱκε-

92 609 183 649 τηρίας
193 609 296 648 ἀνάγων
311 610 381 646 ἐκεῖ,
396 608 561 648 ὀργιζόμενον
575 607 652 637 αὗτὸν
665 609 698 647 τῇ
712 608 786 645 κοινῇ
805 617 857 634 κα-

93 655 245 685 ταλλάττων
264 655 357 695 φύσει,
366 652 612 695 προσκεκρουκότας
621 656 694 693 ἡμᾶς
705 652 857 693 ἐξαρπάζων

93 713 146 730 των
155 700 255 730 ἐκείνου
267 703 376 741 χειρῶν.
389 700 441 729 Διὰ
451 712 529 730 τουτο
539 700 585 729 καὶ
599 699 681 735 αὐτὴν
691 699 741 735 τὴν
755 699 856 738 βασιλι-

91 746 140 782 κὴν
154 746 271 786 κεφαλὴν
283 747 334 776 ὑπὸ
344 746 391 780 τὰς
406 749 452 776 τοῦ
474 745 564 786 ἱερέως
577 750 668 786 χεῖρας
680 745 765 785 φέρων
779 744 855 779 τίθη-

1591 208 1655 244 153

917 278 1109 323 Quoecuinque
1132 285 1203 313 enim
1231 285 1391 325 ligaveritis
1417 295 1502 324 super
1533 291 1655 321 terram,
1667 289 1751 310 Matth-
1771 288 1805 310 16-

913 333 999 357 erunt
1014 329 1104 368 ligata
1117 336 1145 358 et
1158 332 1191 358 in
1202 331 1281 360 coelis
1297 342 1307 358 :
1320 337 1349 360 et
1365 341 1552 370 quoecumque
1562 331 1657 360 solve-
1669 326 1703 349 '9'

913 375 975 403 ritis
983 381 1193 414 superterram,
1203 382 1288 406 erunt
1295 377 1394 406 soluta
1404 383 1431 405 et
1442 378 1473 405 in
1482 377 1570 406 coelis.
1582 376 1655 414 Quid

912 430 973 449 cum
988 420 1038 450 hoc
1051 421 1152 451 honore
1160 423 1273 452 conferri
1286 423 1392 464 possit?
1403 425 1426 452 A
1439 429 1508 452 terra
1513 422 1655 463 judicandi

912 466 1089 506 principalem
1105 470 1290 499 auctoritatem
1304 470 1387 500 sumit
1400 469 1505 500 eaelum.
1522 471 1590 500 Nam
1609 473 1655 511 ju-

911 512 964 542 dex
991 514 1063 543 sedet
1087 515 1114 544 in
1138 522 1218 553 terra,
1234 517 1369 546 Dominus
1391 517 1512 555 sequitur
1537 527 1653 552 servum,

912 566 937 589 et
953 560 1088 599 quidquid
1102 562 1146 591 hic
1166 564 1194 591 in
1209 563 1380 593 inferioribus
1391 563 1528 604 judicarit,
1544 563 1594 593 h'oc
1607 564 1654 593 ille

911 605 939 634 in
962 607 1086 647 supernis
1107 609 1272 648 comprobat.
1294 611 1387 648 Itaque
1409 609 1513 638 medius
1538 615 1589 638 stat
1611 621 1654 639 sa-

912 651 1006 682 cerdos
1032 654 1101 683 inter
1124 656 1210 684 Deum
1225 662 1251 684 et
1264 663 1386 686 naturam
1409 655 1563 691 humanam,
1577 655 1653 685 illinc

910 700 1042 729 venientia
1053 701 1181 731 beneficia
1194 701 1229 731 ad
1243 712 1290 732 nos
1300 702 1466 739 deferens,et
1486 709 1588 732 nostras
1600 714 1653 743 pc-

911 746 1016 775 titiones
1028 746 1094 776 illuc
1104 749 1247 787 perferens,
1261 749 1410 778 Dominum
1422 749 1519 778 iratum
1531 750 1652 779 reconci—

92 804 134 822 σιν
146 794 161 821 ὁ
171 791 255 827 Θεὸς,
265 792 396 822 παιδεύων
412 794 496 831 ἡμᾶς,
511 791 551 821 ὅτι
560 787 635 824 οὗτος
648 791 747 821 ἐκείνου
761 790 900 829 μείζων..38
911 791 979 821 lians
1001 793 1137 822 communi
1162 801 1272 831 naturm,
1284 805 1332 823 nos
1343 794 1391 833 qui
1415 794 1581 824 offendimus
1600 796 1654 824 eri-

91 839 106 866 ὁ
119 837 224 877 ἄρχων·
239 837 270 867 τὸ
283 837 334 878 γὰρ
346 837 454 868 ἔλαττον
467 838 519 868 ὑπὸ
532 840 577 867 τοῦ
587 837 732 877 κρείττονος
741 837 857 874 εὖλογεὶ-
873 839 891 860 Α
912 837 987 877 piens
995 849 1029 867 ex
1041 839 1116 868 illius
1125 840 1258 869 manibus.
1266 840 1371 870 Idcirco
1382 841 1455 869 Deus
1466 840 1553 880 ipsum
1565 842 1653 880 regale

77 897 83 899 -
92 896 145 913 ται.
159 883 240 914 Ἀλλὰ
250 885 329 924 Ιπερὶ
345 885 393 924 μὲν
411 884 569 925 ἱερωσύνης,
583 884 629 914 καὶ
642 883 702 914 ὅσον
714 885 762 919 τῆς
784 882 857 917 ἀξίας

92 930 122 959 τὸ
135 929 242 968 μέγεθος
250 952 258 967 ,
273 931 301 959 ἐν
311 930 393 970 ἑτέρῳ
411 932 496 970 καιρῷ
504 930 658 969 δηλώσομεν
667 942 674 949 ·
682 929 748 963 τέως
761 929 788 958 δὲ
799 929 858 958 ἴδω-

93 987 140 1014 μεν
153 978 202 1011 τῆς
213 976 316 1010 ἀδικίας
328 976 361 1006 τὸ
373 976 480 1016 μέγεθος
492 979 538 1009 τοῦ
557 975 701 1015 βασιλέως,
715 977 815 1015 μᾶλλον
830 975 857 1004 δὲ

91 1024 137 1051 τοῦ
150 1022 288 1062 τυράννου.
305 1024 435 1058 Εἰσῆλθεν
448 1025 484 1056 εἷς
496 1023 540 1052 τὸν
554 1023 615 1052 ναὸν
629 1022 744 1062 Κυρίου,
755 1023 858 1057 εἰσῆλθε

91 1068 137 1097 καὶ
149 1067 268 1108 Ἀζαρίας
286 1070 301 1098 ὁ
318 1068 402 1108 ἱερεὺς
414 1068 500 1098 ὀπίσω
523 1069 612 1097 αὐτοῦ.
628 1063 695 1110 ’Ἆρα
709 1068 747 1106 μὴ
772 1067 858 1106 μάτην

63 1125 65 1130 ’
91 1114 190 1154 ἔλεγον,
199 1113 242 1143 ὅτι
253 1113 348 1152 μείζων
364 1116 410 1143 τοῦ
425 1113 553 1152 βασιλέως
565 1116 579 1142 ὁ
592 1113 690 1153 ἱερεύς;
701 1114 741 1142 Οὗ
754 1112 805 1152 γὰρ
823 1114 858 1145 ὡς

94 1160 204 1199 βασιλέα
230 1159 334 1198 μέλλων
359 1156 515 1193 ἐξελαύνειν,
531 1160 589 1188 ἀλλ’
611 1161 647 1191 ὥς
662 1158 795 1198 δραπέτην
814 1159 859 1188 καὶ

92 1205 197 1241 οἰκέτην
211 1204 366 1244 ἀγνώμονα,
379 1205 462 1238 οὕτως
475 1206 614 1240 ἐπεισῆλθε
629 1205 697 1243 μετὰ
711 1204 859 1244 σφοδρότη-

93 1262 150 1291 τος,
164 1250 255 1290 ὥσπερ
268 1263 308 1284 τις
318 1249 437 1284 Ι’σκύλαξ
450 1255 565 1289 γενναῖος
576 1249 729 1290 ἐπιδραμὼν
740 1252 778 1289 τῷ
791 1251 859 1279 ἀκα-

93 1296 181 1336 θάρτῳ
195 1296 294 1336 θηρίῳ,
311 1295 381 1325 ὥστε
404 1295 468 1325 αὐτὸ
486 1298 536 1332 τῆς
558 1296 714 1331 δεσποτικῆς
724 1295 859 1335 ἐξαγαγεῖν
876 1294 893 1317 1³

93 1342 186 1376 οἰκίας.

135 1528 210 1566 Εἶδες
227 1533 314 1574 ψυχὴν
329 1534 418 1574 ἱερέως
429 1534 576 1574 παρρησίας
595 1534 728 1574 γέμουσαν
742 1535 841 1570 πολλῆς
850 1557 858 1569 ,

95 1579 140 1608 καὶ
162 1580 328 1619 φρονήματος
351 1581 468 1620 ὓψηλοῧ;
496 1582 555 1610 Οὐκ
582 1576 649 1610 εἶδεν
676 1583 713 1614 εἰς
737 1581 782 1610 τὸν
815 1583 862 1616 τῆς

97 1626 182 1664 ἀρχῆς
201 1626 294 1664 ὄγκον,
306 1627 353 1655 οὐκ
368 1627 513 1662 ἐνενόησεν,
528 1627 589 1655 ὅσον
611 1627 668 1656 ἐστὶ
689 1627 777 1666 ψυχὴν
802 1628 862 1656 ἐπι-

96 1670 177 1710 Ουμίᾳ
204 1671 348 1710 μεθύουσαν
370 1677 528 1712 κατασχεῖν,
555 1674 602 1701 οὐκ
623 1673 720 1708 ἤκουσε
740 1676 786 1702 τοῦ
809 1674 862 1702 Σο-

96 1717 229 1755 λομῶντος
249 1716 382 1756 λέγοντος·
396 1718 504 1753 Ἀπειλὴ
533 1717 662 1757 βασιλέως
688 1719 766 1756 ὁμοία
788 1720 863 1758 θυμῷ

96 1761 212 1795 λέοντος·
225 1762 293 1792 ἀλλὰ
306 1763 371 1802 πρὸς
384 1763 428 1792 τὸν
448 1765 533 1799 ἀληθῆ
558 1763 669 1803 βασιλέα
682 1765 735 1793 τῶν
746 1764 863 1804 οὐρανῶν

97 1807 169 1844 ἰδὼν,
183 1807 269 1838 καὶτὸ
284 1810 359 1848 βῆμα
375 1809 500 1844 ἐννοήσας
513 1811 596 1839 ἐκεῖνο
610 1810 655 1839 καὶ
676 1809 724 1844 τὰς
742 1810 863 1846 εὐθύνας,

97 1853 142 1882 καὶ
160 1853 262 1888 τούτοις
275 1855 368 1884 ἑαυτὸν
385 1859 439 1888 τοῖς
461 1856 596 1894 λογισμοῖς
615 1856 767 1896 ὀχυρώσας,
782 1855 863 1889 οὕτως

97 1899 248 1935 ἐπεπήδησε
261 1902 300 1940 τῷ
314 1900 441 1941 τυράννῳ.
453 1901 530 1943 'twa
543 1901 608 1941 γὰρ,
626 1901 683 1941 ᾔδει
703 1903 806 1942 σαφῶς,
823 1901 863 1931 ὅτι

97 1946 194 1982 ἀπειλὴ
210 1945 338 1985 βασιλέως
356 1946 434 1985 ὁμοία
448 1949 523 1987 θυμῶ
543 1947 646 1980 λεοντος
665 1951 719 1980 τοῖς
738 1947 803 1987 πρὸς
815 1948 863 1984 τὴν
879 1957 898 1980 c

96 1991 147 2029 γῆν
169 1990 324 2030 βλέπωσιν·
337 1991 469 2032 ἀνθρώπῳ
487 1991 514 2021 δὲ
534 1992 578 2022 τὸν
599 1993 707 2038 οὐρανὸν
733 1995 864 2033 φανταζο-

98 2031 183 2076 ιᾶνῳ,
197 2037 243 2067 καὶ
255 2038 496 2078 παρεσκευασμένῳ
512 2038 560 2074 τὴν
575 2038 663 2078 ψυχὴν
685 2039 756 2068 ἔνδον
771 2041 798 2068 ἐν
811 2043 865 2073 τοῖς

98 2082 202 2117 ἀδύτοις
215 2085 336 2124 ἀφεῖναι,
352 2084 369 2119 ἢ
384 2083 444 2117 τοὺς
468 2083 552 2124 ἱεροὺς
566 2084 660 2123 νόμους
680 2085 864 2125 ὑὸριζομένονς

97 2130 250 2168 ’περιιδεῖὴ
265 2129 341 2164 κυνὸς
370 2130 467 2163 παντὸς
495 2130 675 2171 εὐτελέστερος
701 2127 733 2167 ἦν
758 2133 863 2165 ἐκεῖνος.
888 2169 892 2177 x

99 2175 184 2204 Οὐδὲν
195 2175 247 2216 γὰρ
260 2176 444 2216 ἀσθενέστερον
459 2179 504 2206 τοῦ
514 2176 574 2210 τους
591 2177 674 2211 θείους
685 2177 863 2218 παραὸαίνον-

95 2220 266 2259 τοφνόμους·
280 2221 370 2262 ὥσπερ
390 2217 435 2252 ουν
455 2221 528 2252 οὐδὲν
553 2224 721 2263 ἰσχυρότερον
744 2235 790 2253 του
805 2223 863 2257 τοὺς

96 2263 184 2298 θείους.
191 2265 352 2300 ἐκδικοῦντος
363 2267 468 2306 νόμους.
483 2268 518 2298 Ὁ
541 2268 589 2307 μὲν
603 2269 654 2309 γὰρ
667 2269 715 2306 τὴν
730 2270 862 2310 ἁμαρτίαν

97 2312 188 2347 ποιῶν,
202 2311 300 2345 δοῦλός
312 2313 370 2342 ἔστι
390 2315 438 2349 τῆς
460 2314 606 2354 ἁμαρτίας,
628 2315 678 2344 κᾶν
700 2315 806 2355 μυρίους
818 2316 861 2345 ἐπὶ

96 2358 143 2392 τῆς
151 2358 266 2397 κεφαλῆς
278 2358 328 2397 ἔχῃ
341 2359 496 2399 στεφάνως·
509 2363 523 2390 ὁ
533 2360 560 2390 δὲ
574 2360 622 2396 τὴν
638 2362 805 2398 δικαιοσύνην
819 2364 862 2402 ε’ρ-

96 2402 250 2442 γαζόμενος,
268 2403 313 2433 καὶ
335 2405 414 2434 αὗτοῦ
434 2408 479 2435 τοῦ
505 2406 634 2445 βασιλέως
659 2407 863 2448 βασιλικώτερός

129 2513 140 2525 2
157 2505 204 2532 Alii
216 2507 281 2532 male
292 2513 333 2539 τὴν
343 2514 417 2545 ἀρχὴν
428 2515 468 2540 τῆς
477 2514 576 2540 ariciae.

133 2553 144 2564 ·
161 2545 241 2572 Iidem
253 2551 305 2583 πιρὶ
316 2551 359 2581 μὶν
377 2551 502 2583 ἱερωσύνης.
514 2549 591 2575 Savil.
606 2555 632 2575 et.
643 2549 730 2576 Morel.
743 2555 785 2583 μέν
800 2559 850 2576 uon

99 2585 199 2618 hahent,
211 2595 287 2619 quam
301 2592 384 2614 tamen
396 2587 544 2621 particulam
557 2587 598 2615 hic
610 2588 747 2616 desiderari
760 2593 785 2617 ὃ(
793 2592 852 2617 sub-

99 2634 201 2659 sequens
214 2625 319 2653 indicat.

911 892 994 924 caput
1013 886 1156 915 sacerdotis
1179 887 1304 916 manibus
1324 888 1454 928 subjecit,
1474 898 1521 917 nos
1542 888 1650 923 docens,

912 931 984 960 bunc
997 932 1146 972 principem
1167 943 1225 962 esse
1242 933 1291 961 illo
1309 934 1437 973 majorem
1454 946 1460 962 :
1478 934 1609 972 siquidem
1624 933 1653 963 id

912 976 986 1015 quod
996 978 1086 1007 minus
1096 985 1146 1013 est,
1156 977 1366 1008 benedictionem
1380 980 1478 1019 accipit
1489 980 1523 1008 ab
1535 989 1566 1009 eo
1580 980 1654 1019 quod

912 1023 1080 1062 praestantius
1093 1030 1141 1053 est.
1170 1025 1274 1053 Verum
1288 1023 1322 1052 de
1336 1024 1483 1054 sacerdotio
1503 1033 1654 1064 quantaque

913 1068 947 1097 sit
957 1068 1033 1098 illius
1045 1069 1174 1108 dignitas,
1190 1069 1243 1098 alio
1255 1076 1374 1110 tempore
1387 1071 1583 1101 declarabimus
1595 1084 1601 1100 ε
1614 1073 1655 1101 in-

913 1115 991 1144 terim
1004 1109 1202 1156 consideremns
1222 1123 1320 1155 quanta
1345 1117 1380 1146 sit
1394 1117 1465 1155 regis
1477 1118 1521 1147 vel
1546 1119 1652 1158 tyranni

913 1161 1003 1199 potius
1012 1161 1148 1200 iniquitas.
1158 1163 1298 1202 Ingressus
1306 1169 1345 1191 est
1355 1162 1384 1191 in
1395 1162 1526 1203 templum
1535 1164 1654 1201 Domini,

914 1206 1048 1246 ingressus
1060 1214 1100 1237 est
1110 1215 1136 1238 et
1150 1208 1257 1237 Amrias
1270 1207 1394 1238 sacerdos
1405 1216 1465 1248 post
1476 1219 1548 1239 eum.
1563 1211 1603 1239 An
1617 1217 1656 1239 te-

913 1263 985 1282 mere
1006 1253 1127 1283 dicebam
1151 1253 1315 1283 sacerdotem
1343 1264 1405 1293 rege
1428 1255 1555 1294 majorem
1579 1257 1656 1286 esse?

913 1300 1007 1338 Neque
1019 1300 1090 1329 enim
1101 1307 1131 1329 nt
1144 1311 1232 1340 regem
1244 1302 1391 1341 ejecturus,
1406 1301 1459 1330 sed·
1468 1309 1496 1332 ut
1511 1303 1656 1343 profugum

913 1353 939 1375 et
952 1346 1087 1385 ingratum
1101 1347 1233 1376 famulum
1248 1347 1426 1387 expulsurus,
1440 1359 1502 1377 cum
1515 1348 1656 1378 vehemen-

916 1392 951 1422 tia
967 1392 1102 1432 ingressus
1115 1400 1164 1430 est,
1179 1403 1233 1423 non
1246 1393 1323 1422 aliter
1337 1404 1417 1432 quam
1430 1404 1571 1432 generosus
1585 1395 1657 1424 canis

915 1439 1028 1469 incurrit
1046 1439 1081 1468 ad
1095 1439 1229 1480 impuram
1242 1439 1365 1477 bestiam,
1382 1447 1412 1469 ut
1432 1440 1508 1470 illam
1523 1440 1612 1480 exigat
1624 1442 1657 1471 ab

915 1485 1019 1515 aedibus
1034 1485 1178 1515 herilibus.

954 1534 984 1561 2.
1001 1532 1106 1564 Vidisti
1131 1532 1275 1563 sacerdotis
1301 1533 1421 1563 animum
1448 1534 1532 1563 multa
1559 1534 1657 1564 fiducia

914 1578 1035 1618 plenum,
1046 1578 1197 1617 excelsique
1208 1579 1340 1619 spiritus?
1352 1580 1411 1609 Non
1426 1580 1572 1620 aspiciebat
1584 1581 1658 1620 prin-

914 1625 1018 1664 cipatus
1031 1625 1128 1653 fastum
1139 1648 1146 1661 ‚
1161 1635 1213 1654 non
1235 1625 1404 1665 expendebat
1426 1633 1523 1664 quanta
1538 1637 1579 1656 res
1592 1634 1659 1657 esset

914 1671 1034 1699 animum
1046 1670 1192 1710 cupiditate
1203 1670 1378 1700 temulentum
1392 1671 1517 1701 cohibere
1527 1684 1534 1706 ;
1546 1683 1599 1701 non
1611 1683 1659 1702 au-

915 1715 1006 1744 diebat
1027 1714 1098 1743 illud
1117 1715 1290 1744 Salomonis:
1310 1717 1404 1744 Minoe
1425 1717 1500 1756 regis
1520 1718 1596 1745 sicut
1613 1719 1659 1746 ira
1671 1725 1739 1746 Pron.
1756 1731 1789 1754 ¹9·

917 1761 1023 1795 leonis;
1036 1759 1084 1788 sed
1099 1759 1213 1788 sublatis
1227 1760 1314 1789 oculis
1325 1759 1360 1789 ad
1382 1771 1478 1790 verum
1491 1762 1591 1800 Regem
1605 1772 1659 1791 cae-
1673 1761 1707 1776 ¹²·

917 1805 1021 1843 lorum,
1034 1812 1114 1844 atque
1128 1803 1198 1834 illud
1212 1805 1345 1842 tribunal,
1360 1803 1458 1845 easque
1471 1817 1561 1846 paenas
1574 1809 1660 1837 consi-

917 1851 1012 1880 derans
1022 1874 1030 1888 ,
1046 1850 1125 1881 ethis
1134 1851 1340 1890 cogitationibus
1353 1862 1410 1881 sese
1421 1853 1556 1890 muniens,
1571 1853 1659 1894 impe-

917 1905 974 1928 tum
1000 1898 1062 1928 feeit
1076 1898 1103 1927 in
1124 1905 1285 1938 tyrannum:
1295 1899 1413 1928 Noverat
1437 1899 1507 1928 enim
1515 1922 1523 1937 ‚
1538 1907 1658 1936 noverat,

918 1945 1039 1984 inquam,
1054 1951 1126 1974 certe
1147 1944 1234 1973 minas
1247 1943 1318 1984 regis
1331 1943 1432 1974 similes
1446 1955 1504 1974 esse
1516 1945 1562 1974 irae
1575 1945 1659 1975 leonis

916 1991 1056 2021 dumtaxat
1067 1990 1101 2020 iis
1111 1990 1158 2029 qni
1169 1997 1267 2020 terram
1279 1997 1448 2030 spectarent:
1464 2001 1558 2020 verum
1571 1991 1659 2021 homi-

917 2038 943 2067 ni
957 2037 1004 2076 qui
1018 2036 1114 2066 melum
1128 2036 1243 2065 habebat
1260 2046 1315 2076 prae
1330 2035 1427 2071 oeulis,
1440 2037 1540 2075 quique
1553 2036 1591 2066 sic
1615 2038 1656 2066 in-

917 2083 1032 2113 duxerat
1049 2081 1168 2112 animum
1178 2104 1186 2118 ,
1202 2088 1233 2110 ut
1246 2081 1330 2111 vitam
1342 2081 1421 2112 citius
1442 2082 1468 2111 in
1490 2083 1557 2122 ipsis
1570 2083 1659 2123 adytis

916 2122 1070 2169 deponeret,
1083 2139 1163 2167 quam
1179 2137 1266 2156 sacras
1279 2128 1350 2166 leges
1363 2128 1461 2157 sin'eret
1473 2128 1584 2166 violari,
1592 2140 1659 2168 quo-

916 2176 960 2207 vis
969 2185 1033 2205 cane
1044 2175 1126 2205 vilior
1135 2181 1191 2204 erat
1203 2174 1260 2203 ille.
1271 2174 1348 2204 Nihil
1356 2174 1427 2204 enim
1439 2186 1470 2204 eo
1483 2175 1656 2213 imbecillius,
1667 2184 1754 2206 Timida
1768 2186 1809 2206 nmw

916 2224 963 2261 qui
975 2221 1082 2252 divinas
1093 2221 1230 2250 conculcat
1241 2220 1322 2260 leges,
1333 2227 1363 2250 nt
1376 2227 1466 2250 contra
1480 2221 1550 2250 nibil
1563 2229 1656 2261 poten·
1667 2217 1744 2245 piem·

916 2268 968 2297 tius
981 2277 1013 2296 eo
1024 2267 1071 2306 qui
1089 2266 1160 2306 leges
1173 2266 1279 2297 divinas
1292 2265 1421 2295 defendit.
1436 2267 1505 2296 Nam
1522 2267 1580 2306 Qui
1589 2279 1655 2307 pec·
1665 2273 1731 2294 Juan.
1740 2270 1806 2300 832.

915 2320 1012 2343 catum
1037 2313 1204 2347 comrriittit‚
1219 2313 1318 2341 'servus
1342 2318 1386 2341 est
1407 2315 1537 2351 peccati,
1551 2314 1654 2343 etiamsi

915 2359 1006 2389 decem
1020 2359 1105 2388 millia
1119 2368 1276 2388 coronarum
1291 2358 1387 2387 habeat
1401 2358 1428 2387 in
1442 2359 1528 2397 capite
1542 2371 1548 2387 :
1564 2366 1655 2388 contra

915 2409 937 2439 si
950 2409 1011 2448 quis
1022 2409 1154 2449 justitiam
1167 2415 1307 2448 operatur,
1322 2408 1380 2448 ipso
1403 2419 1463 2447 rege
1477 2408 1591 2446 regalior
1603 2416 1652 2446 est,

935 2514 947 2533 Ι)
965 2513 1011 2538 Alii
1024 2516 1104 2543 σκύλαξ
1114 2516 1215 2545 γενναίως
1224 2515 1360 2547 ἐπιδραμών.

934 2560 944 2572 c
962 2553 1033 2577 Unus
1047 2554 1204 2586 ὑθριζομίνους
1215 2554 1273 2577 ἰδεῖν.
1288 2549 1357 2574 Infra
1375 2548 1441 2573 idem
1463 2553 1502 2575 τοῦ
1521 2551 1569 2579 τοὺς
1586 2553 1654 2580 θείω,-

903 2598 1025 2621 πκτοῠντος
1036 2597 1125 2624 νόμους,
1134 2596 1209 2623 atque
1221 2590 1255 2614 ita
1265 2587 1323 2621 legit
1335 2588 1461 2614 Erasmus.
