1890 2826
574 195 611 220 m
636 194 748 228 ιιιυι),
777 193 848 219 vum
873 193 1043 226 nominum,
1072 193 1198 216 nomn„
1227 192 1277 216 ιιι.

148 259 285 301 πανταχοῦ
297 260 342 290 τὸν
357 259 483 299 πολέμιον
500 260 589 298 ὁρῶσα
602 257 648 288 καὶ
661 257 787 296 ἑπόμενον
801 256 912 296 ἔχουσα.

150 307 220 337 Ἀλλ’
233 306 298 346 ὅπερ
316 305 411 344 ιέλεγονι
422 304 447 342 (¹
451 305 481 334 οὗ
502 303 554 344 γὰρ
577 304 615 333 δεῖ
639 302 742 343 μακρὰς
766 305 914 342 συγχωρεῖν

148 355 195 382 τοῦ
205 351 283 391 λόγου
296 354 427 381 ποιεῖσθαι
440 350 486 384 τὰς
499 348 660 390 ἐκτροπὰς),
674 349 715 378 ὅτι
727 350 744 384 ἡ
758 348 852 388 Γραφὴ
868 347 913 377 καὶ

147 398 181 427 τὰ
197 397 377 439 ἁμαρτήματα
390 397 435 426 καὶ
448 396 496 431 τὰς
508 396 594 429 αἰτίας
615 396 700 424 αὐτῶν
714 395 800 434 λέγειν
814 393 912 430 εἴωθεν,

148 444 227 474 ἄκουε
240 446 303 483 γοῦν
316 442 362 473 καὶ
381 444 492 472 ἑντιῶθα
505 442 532 471 τί
546 453 610 482 φησι
627 441 689 480 περὶ
709 442 754 470 τοῦ
768 439 856 474 Ὀζία.
871 441 912 469 Οὐ

146 490 198 530 γὰρ
218 490 259 520 ὅτι
281 489 372 529 ὑψώθη
384 491 402 525 ἡ
421 487 517 528 καρδία
536 489 632 524 αὖτοῦ,
646 490 724 517 τοῦτο
750 486 827 525 μόνον
842 488 913 524 ἡμᾶς

148 535 270 572 ἐδίδαξεν,
284 536 353 566 ἀλλὰ
371 535 416 564 καὶ
429 534 507 564 πόθεν
533 533 625 574 ὑψώθη
647 532 804 572 προσέθηκε.
827 531 913 560 Πόθεν

147 577 192 612 οὖν
211 581 318 622 bipalio-113
331 581 428 611 Ἢνίκα
440 580 550 620 ἴσχυσε,
565 579 654 620 φησὶν,
672 579 764 619 ὑψώθη
780 581 797 614 ἡ
817 578 913 617 καρδία
927 582 946 605 Ε

147 629 238 658 anteo.
253 629 312 658 Οὔκ
334 626 428 666 ἤνεγκε
441 638 489 662 της
502 625 656 659 δυναστείας
668 625 699 654 τὸ
714 624 836 664 μέγεθος,
852 625 911 653 ἀλλ’

146 673 236 714 ὥσπερ
249 672 277 707 ἐξ
297 671 444 713 ἀδηφαγίας
457 671 504 711 μὲν
524 671 624 711 γίνεται
636 670 784 711 φλεγμονὴ,
797 670 828 699 ἐκ
847 671 913 709 φλε-

144 722 245 760 γμονῆς
264 719 292 749 δὲ
317 719 436 749 τίκτεται
460 717 588 758 πυρετὸς,
607 712 665 746 εἶτα
686 718 784 745 ἐκεῖθεν
804 715 913 749 θάνατος

145 765 286 799 πολλάκις·
307 765 375 794 οὕτω
388 764 434 794 καὶ
453 765 565 793 ἐνταῦθα
585 762 639 792 ἀπὸ
661 764 710 798 τῆς
721 763 842 796 επολλ’-ἧς·
859 762 912 790 τῶν

145 812 310 852 πραγμάτων
328 811 471 851 περιὸολῆς
491 808 601 838 ἀπόνοια
620 808 734 848 γέγονεν.
749 807 837 847 εὈπερ
860 806 911 847 γὰρ

146 858 190 887 ἐπὶ
209 860 262 887 τῶν
287 857 417 897 σωμάτων
429 854 562 896 φλεγμονὴ
571 878 580 891 ,
593 857 670 884 τοῦτο
683 854 728 883 ἐπὶ
742 855 795 883 τῶν
819 855 911 893 ψυχῶν

145 904 264 933 ἀπόνοια.
276 899 345 933 Εἶτα
368 903 394 937 ἐξ
415 901 539 934 ἀπονοίας
552 900 679 940 ἐπιθυμία
694 902 746 930 τῶν
763 901 793 929 οὐ
806 911 911 939 προση-

145 949 243 980 κόντων
253 952 324 989 αὐτῷ
334 948 512 989 πραγμάτων.

183 1139 278 1168 Ταῦτα
289 1139 340 1178 οὔχ
350 1138 440 1172 ἅπλῶς
454 1138 614 1178 μηκύνομεν,
636 1138 695 1167 ἀλλ’
717 1136 761 1165 ἵνα
776 1134 910 1175 μηδέποτε
918 1124 955 1176 ἈΒ

146 1183 277 1221 ζηλωτοὺς
290 1179 355 1213 εἶναι
368 1184 507 1223 νομίζητε,
526 1183 597 1225 μηδὲ
622 1181 785 1222 μακαρίζητε
803 1181 863 1215 τοὺς
884 1182 911 1210 ἐν

146 1230 309 1263 δυναστείαις
324 1230 414 1268 ὄντας,
433 1229 528 1263 εἰδότες
546 1230 606 1259 ὅσον
631 1232 678 1258 τοῦ
702 1228 858 1268 πράγματος
882 1227 912 1256 τὸ

145 1274 300 1315 ἐπισφαλές·
317 1274 360 1304 ἵνα
373 1275 506 1314 μηδέποτε
529 1274 588 1308 τοὺς
601 1275 628 1303 ἐν
644 1273 737 1313 ’πενίᾳ
752 1273 797 1302 καὶ
818 1274 913 1302 ταλαι-

144 1320 232 1360 πωρίᾳ
245 1320 349 1353 ἀθλίως
360 1322 476 1359 ἡγῆσθε,
491 1319 586 1352 εἰδότες
598 1319 639 1348 ὅτι
651 1319 750 1348 πλείων
762 1320 879 1348 ἐντεῦθεν
893 1321 909 1354 ἡ

145 1365 284 1406 ἀσφάλεια.
296 1367 338 1394 Δι’
353 1365 367 1395 ὃ
379 1364 424 1394 καὶ
434 1367 448 1394 ὁ
463 1364 601 1405 προφήτης
614 1364 678 1394 ἒὸόα
690 1363 774 1404 λέγων
782 1376 789 1382 ·
804 1363 911 1402 Ἀγαθόν

145 1423 191 1450 μοι
200 1434 208 1449 ‚
230 1411 327 1451 Κύριε,
338 1410 378 1440 ὅτι
398 1411 575 1444 ἐταπείνωσάς
590 1422 634 1449 με.
648 1410 722 1450 τὈρα
734 1412 796 1450 γοῦν
810 1408 870 1438 ὅσον
881 1410 910 1439 ἐκ

144 1460 189 1486 τοῦ
202 1456 281 1497 ὕψους
291 1456 381 1496 γέγονε
393 1456 424 1485 τὸ
440 1456 534 1485 κακόν.
545 1456 656 1496 ζΥψώθη
677 1458 694 1491 ἡ
714 1455 810 1495 καρδία
830 1457 909 1485 αὐτοῦ

144 1502 193 1535 ἕως
208 1505 250 1531 τοῦ
259 1503 421 1542 διαφθεῖραι,
430 1501 504 1542 φησί.
518 1501 554 1531 Τί
566 1502 646 1536 ἐστιν,
656 1501 727 1534 “Eme
738 1504 783 1530 τοῦ
797 1502 910 1541 διαφθεῖ-

145 1559 201 1587 ραι;
215 1549 277 1577 Τῶν
295 1549 416 1587 πονηρῶν
429 1548 563 1586 λογισμων
577 1548 601 1576 οῖ
615 1546 663 1586 μὲν
677 1547 736 1576 οὐδὲ
755 1547 820 1580 ὅλως
833 1549 910 1585 ἡμων

1592 217 1594 222 ,
1642 194 1653 216 1
1664 182 1706 230 ‘¹37

965 255 1009 286 tiae
1025 254 1118 295 jaculo
1139 264 1154 283 e
1173 253 1274 283 lascivo
1295 252 1453 291 curiosoque
1471 259 1590 293 aspectu,
1606 253 1711 284 etiamsi

964 300 1077 330 dimisso
1096 300 1185 340 jaculo
1198 299 1368 340 permittatur
1387 298 1471 336 abire,
1488 306 1575 329 tamen
1590 300 1648 340 ipsa
1661 311 1710 340 per

964 357 993 376 se
1007 347 1190 386 corrumpitur
1208 357 1239 376 ac
1262 346 1342 386 perit,
1360 345 1462 385 ubique
1478 345 1572 376 videns
1593 347 1708 382 hostem,

964 399 993 422 vet
1006 394 1188 431 insequentem
1197 393 1308 422 hahens.
1324 391 1379 422 Sed
1391 391 1465 431 quod
1477 391 1566 434 dicere
1577 403 1710 432 coeperam

967 442 1074 479 (neque
1088 439 1159 468 enim
1183 438 1404 468 committendum
1425 445 1464 467 est
1484 444 1515 467 ut
1533 437 1561 466 in
1582 439 1634 468 hoc
1653 446 1709 468 tam

965 484 1059 524 longas
1066 485 1195 514 sermonis
1205 484 1381 524 digressiones
1389 484 1518 514 faciamus
1526 483 1537 523 )
1549 507 1556 521 ,
1570 485 1710 525 Scriptura

965 541 1028 559 cum
1051 531 1165 571 peccatis
1183 530 1266 561 simul
1285 538 1311 561 et
1332 537 1500 571 peccatorum
1523 542 1616 560 causas
1643 532 1710 561 solet

966 586 1172 606 commemorare
1195 589 1202 606 :
1223 577 1288 606 audi
1308 584 1334 606 et
1354 577 1400 607 hic
1412 577 1479 616 quid
1499 577 1571 607 dicat
1584 577 1617 607 de
1631 578 1707 608 Ozia.

964 624 1058 662 Neque
1070 623 1142 652 enim
1155 623 1206 653 hoc
1216 630 1321 653 tantum
1334 633 1384 653 nos
1396 623 1498 661 docuit,
1516 624 1616 653 elatum
1629 625 1710 654 fuisse

964 678 1011 698 cor
1028 669 1097 708 ejus,
1115 680 1211 699 verum
1225 669 1331 698 addidit
1350 669 1423 699 unde
1434 669 1487 699 fuit
1504 670 1618 711 elatum.>
1629 670 1710 699 Unde

964 725 1027 755 ergo
1040 716 1140 745 clatum
1153 716 1223 745 suit?
1237 717 1309 746 Cum
1318 722 1422 756 potens
1436 722 1520 754 esset,
1537 716 1636 755 inquit,
1653 717 1710 745 ela-

965 768 1027 791 tum
1036 768 1079 793 est
1093 773 1143 792 cor·
1156 765 1229 802 ejus.
1246 764 1304 792 Non
1315 762 1378 792 tulit
1391 762 1559 803 principatus
1573 764 1710 803 magnitu-

964 808 1066 847 dinem,
1081 809 1129 839 sed
1148 809 1217 839 sicut
1235 820 1269 838 ex
1280 808 1409 839 edacitate
1428 809 1546 839 nascitur
1567 810 1644 849 ignea
1665 810 1709 839 in-

964 854 1050 892 flatio,
1065 866 1098 884 ex
1112 855 1249 885 inflatione
1263 854 1383 895 gignitur
1403 856 1496 891 febris,
1506 856 1604 885 deinde
1617 867 1651 886 ex
1668 857 1707 886 fe-

962 899 1006 929 bri
1029 901 1188 941 plerumque
1205 911 1277 930 mors
1297 912 1304 929 :
1329 901 1423 930 itidem
1446 909 1471 931 et
1493 902 1538 931 hic
1558 913 1593 931 ex
1618 913 1707 932 rerum

963 946 1128 976 abundantia
1152 954 1212 976 nata
1233 954 1272 976 est
1284 947 1421 986 superbia.
1438 948 1507 976 Nam
1521 948 1616 986 quod
1608 959 1635 977 ln
1649 959 1712 978 cor-
1750 959 1843 994 Quot·
1837 960 1860 980 ‘n

965 993 1077 1033 poribus
1099 1001 1138 1023 est
1151 994 1265 1030 inflatio,
1280 993 1331 1022 hoc
1355 993 1382 1022 in
1402 993 1499 1023 animis
1512 1001 1551 1023 est
1569 995 1706 1035 superbia.
1718 999 1768 1042 cn:
1771 998 1811 1046 ξ’,οέ
1812 990 1864 1042 'rot

965 1040 1033 1068 Mox
1046 1049 1080 1068 ex
1098 1039 1224 1079 superbia
1243 1045 1304 1067 nata
1325 1045 1365 1068 est
1385 1039 1536 1080 appetentia
1554 1041 1723 1082 rerumipsi·
1718 1030 1768 1074 2³¹1:
1781 1060 1815 1073 an.
1811 1053 1862 1073 nm,

965 1093 1018 1114 non
1037 1084 1251 1137 congruentium.
1719 1084 1831 1113 ”wethm-

1008 1132 1037 1161 5.
1053 1133 1117 1161 Haec
1130 1142 1182 1161 non
1201 1132 1265 1162 sine’
1277 1143 1357 1162 causa
1376 1133 1426 1162 diu
1448 1140 1601 1171 tractamus,
1614 1134 1707 1164 sedne

967 1189 1096 1217 umquam
1125 1176 1282 1208 existimetis
1311 1189 1367 1208 esse
1393 1180 1576 1219 suspiciendos
1590 1204 1598 1218 ‚
1623 1191 1710 1220 neque

965 1223 1055 1253 felices
1075 1223 1170 1253 dicatis
1193 1233 1237 1253 eos
1258 1224 1306 1263 qui
1330 1224 1512 1264 principatum
1528 1234 1634 1265 gerunt,
1647 1238 1711 1257 cum

966 1270 1065 1307 sciatis,
1085 1280 1167 1308 quam
1198 1270 1305 1299 lubrico
1333 1270 1360 1299 in
1383 1277 1454 1300 statu
1478 1280 1634 1311 versentur;
1661 1283 1710 1303 nec

965 1325 1094 1354 umquam
1107 1315 1169 1345 illos
1176 1315 1305 1356 judicetis
1318 1316 1439 1353 miseros,
1454 1317 1503 1356 qui
1520 1317 1548 1346 in
1562 1325 1675 1358 egestate
1684 1326 1710 1348 ct

965 1361 1156 1391 afflictionibus
1175 1362 1284 1398 vivunt,
1310 1362 1420 1392 scientes
1450 1364 1520 1393 hanc
1543 1365 1627 1394 vitam
1652 1376 1710 1395 esse

964 1408 1051 1437 multo
1062 1408 1196 1437 tutiorem.
1208 1407 1289 1438 Unde
1298 1415 1324 1437 et
1335 1409 1465 1449 propheta
1481 1410 1579 1439 clamat
1592 1410 1684 1440 dicens
1699 1424 1706 1440 :

965 1455 1082 1483 Bonum
1096 1460 1139 1483 est
1151 1455 1233 1491 mihi,
1244 1455 1382 1491 Domine,
1393 1457 1463 1495 qnia
1475 1456 1707 1487 humiliastime.
1719 1467 1787 1489 Psal.
1807 1467 1858 1490 ιιΒ.

966 1499 1058 1531 Vide
1050 1499 1134 1539 igitur
1146 1507 1277 1539 quantum
1291 1510 1325 1529 ex
1337 1501 1479 1531 eminentia
1499 1509 1592 1532 natum
1605 1502 1640 1532 sit
1653 1514 1709 1533 ma-
1719 1506 1757 1529 7¹·

964 1546 1030 1577 lum.
1039 1547 1223 1583 Elatnmest,
1232 1546 1329 1585 inquit,
1340 1549 1558 1588 corejususque
1566 1550 1607 1577 ad
1615 1559 1709 1579 corru-
1720 1564 1742 1579 2
1757 1557 1808 1608 Pl}
1808 1555 1841 1576 al.

143 1592 368 1632 Ι’ἐπιὸαίνουιτιτῇ
383 1594 472 1633 ψυχῇ,
487 1593 518 1622 ἂν
539 1594 625 1632 πολλῇ
638 1591 838 1632 περιφράξωμεν
854 1594 911 1622 ἑαυ-
926 1609 944 1632 Β
962 1593 1103 1632 pannem.
1120 1591 1194 1629 Quid
1217 1599 1266 1629 est,
1291 1593 1390 1632 Usque
1413 1594 1454 1622 ad
1472 1596 1701 1633 corruptiionem
1698 1598 1708 1616 Ρ
1720 1587 1757 1610 ²⁶·

145 1638 204 1672 τοὺς
217 1638 363 1679 ἀσφαλείᾳ·
370 1640 401 1668 οἱ
422 1639 450 1668 δὲ
467 1639 599 1668 τίκτονται
619 1639 667 1677 μὲν
690 1639 776 1674 ἔνδον,
791 1641 911 1679 ῥαθυμη-

146 1684 246 1714 σάντων
261 1684 289 1714 δὲ
307 1686 394 1724 ἡμῶν,
410 1684 460 1714 καί
468 1684 675 1723 βλαστάνουσιν·
690 1683 721 1713 ἂν
743 1684 770 1713 δὲ
787 1686 909 1724 θπρολη-

143 1732 252 1770 φθῶσιν,
275 1730 466 1769 ἀποπνίγονται
485 1730 588 1770 ταχέως
614 1730 660 1759 καὶ
682 1729 907 1769 καταχώννυνται.

142 1775 231 1805 Ἄλλοι
245 1775 290 1804 καὶ
303 1775 437 1805 τίκτονται
447 1797 455 1811 ,
467 1775 512 1804 καὶ
533 1774 687 1809 αὐξάνονται
696 1798 704 1812 ,
718 1775 763 1804 καὶ
777 1775 842 1815 πρὸς
864 1776 911 1810 τὰς

141 1821 257 1861 πονηρὰς
277 1821 427 1851 ἐκὸαίνουσι
446 1820 565 1861 πράξεις,
586 1821 631 1850 καὶ
651 1825 738 1851 πᾶσαν
766 1823 842 1860 ἡμῶν
863 1823 911 1857 τῆς

141 1869 228 1907 ψυχῆς
241 1867 289 1903 τὴν
304 1867 404 1906 ὑγίειαν
420 1866 621 1906 διαφθείρουσιν,
637 1866 698 1896 ὅταν
713 1868 739 1896 ἐν
763 1868 849 1907 πολλῇ
862 1879 910 1907 γε-

141 1912 247 1952 νώμεθα
268 1912 394 1953 ῥᾳθυμίᾳ.
411 1913 499 1941 Τοῦτο
523 1907 566 1941 οὖν
587 1924 676 1952 φησιν,
698 1913 739 1942 ὅτι
758 1912 869 1952 Ὑψώθη
892 1916 909 1949 ἡ

142 1958 239 1998 καρδία
251 1961 330 1987 αὐτοῦ
341 1970 348 1976 ·
361 1958 406 1988 καὶ
417 1958 466 1987 οὐκ
478 1957 579 1997 ἔμεινεν
593 1958 665 1988 ἔνδον
676 1961 693 1995 ἡ
710 1958 820 1988 ἀπόνοια
829 1981 836 1995 ,
852 1961 911 1990 οὐδὲ

142 2004 315 2040 κατεσὸέσθη,
329 2005 387 2033 ἀλλ’
403 2003 559 2040 ἐξεπήδησε,
574 2004 619 2034 καὶ
631 2004 696 2045 πρὸς
713 2004 787 2045 ἔργον
801 2006 912 2036 ἐλθοῦσα

141 2050 264 2090 πονηρὸν,
278 2055 366 2080 πᾶσαν
380 2052 463 2080 αὐτου
480 2050 607 2090 διέφθειρε
621 2050 669 2087 τὴν
686 2051 791 2091 ἀρετήν.
802 2052 842 2081 Τὸ
863 2052 910 2091 μὲν

142 2091 186 2126 ουν
200 2095 342 2136 μακάριον,
356 2095 424 2136 μήτε
434 2095 500 2129 ὅλως
514 2096 542 2125 δε
535 2095 636 2130 ’ξασθαι
649 2098 694 2127 τὸν
708 2097 823 2137 πονηρὸν
835 2099 911 2138 λογι-

143 2141 226 2181 σμόν·
240 2137 348 2182 ὅπερτ
318 2154 362 2171 ουν
385 2141 430 2172 καὶ
453 2144 467 2171 ὃ
483 2141 622 2182 προφήτης
639 2142 690 2172 ἔλε·
670 2155 727 2182 γ,ε
745 2143 840 2183 Κυριε,
862 2146 912 2184 οὐχ
927 2150 946 2174 C

143 2187 236 2227 ὑψώθη
251 2190 267 2223 ἡ
281 2187 375 2227 καρδία
387 2199 447 2226 μου.
463 2189 523 2218 Οὐκ
544 2183 626 2223 εἶπεν,
648 2188 739 2229 ὑψώθη
756 2189 815 2228 μὲν,
828 2190 909 2219 κατέ-

144 2233 236 2262 στειλα
247 2232 276 2262 δὲ
288 2233 379 2269 αὐτὴν,
390 2234 460 2270 ἀλλ’,
473 2233 531 2263 οὐδὲ
540 2233 588 2270 τὴν
601 2234 686 2274 ἀρχὴν
698 2234 789 2275 ὑψώθη
800 2258 807 2271 ,
821 2235 912 2265 τουτέ-

146 2289 212 2314 στιν,
225 2277 322 2308 ἄὸατον
342 2278 388 2307 διὰ
398 2279 494 2313 παντὸς
509 2279 630 2319 ἐτήρησα
641 2283 674 2320 τῇ
693 2281 774 2321 κακία
788 2281 837 2317 τὴν
858 2283 912 2321 ψυ-

145 2324 206 2364 χήν.
222 2323 262 2353 Τὸ
277 2323 324 2362 μὲν
335 2319 378 2354 ουν
390 2324 527 2365 μακάρων,
541 2328 632 2355 τοῦτο·
644 2326 701 2355 τὸ
687 2326 713 2355 οὲ
730 2329 787 2365 μετ’
808 2329 892 2357 ἐκεῖνο
900 2350 909 2364 ,

145 2369 341 2403 ἐπεισελθόντας
365 2369 424 2403 τους
447 2370 588 2410 λογισμοὺς
614 2372 717 2411 ταχέως
739 2372 907 2410 ἀπώσασθαι,

964 1639 1058 1677 Usque
1080 1637 1116 1667 ad
1134 1648 1230 1678 pravas
1253 1638 1438 1677 cogitationes,
1451 1649 1510 1691 quoe
1530 1650 1641 1679 proisus
1656 1652 1709 1671 non

963 1683 1131 1713 ascenduut'
1122 1694 1150 1712 ιιι
1162 1684 1281 1712 animum
1296 1691 1427 1720 nostrum,
1441 1685 1463 1714 si
1477 1696 1526 1715 nos
1538 1686 1610 1726 ipsos
1624 1687 1710 1716 multa

964 1730 1085 1759 cautione
1099 1730 1354 1769 circumsepiamus:
1369 1730 1416 1759 sed
1425 1731 1448 1760 si
1465 1732 1630 1771 negligenter
1646 1745 1709 1774 ege·-

963 1777 1060 1812 rimus,
1081 1782 1227 1805 nascuntur
1245 1776 1273 1804 in
1300 1776 1389 1812 nobis,
1411 1777 1613 1817 germinantque
1634 1791 1642 1807 .·
1667 1780 1709 1809 sin

964 1827 1167 1861 praevertantur‚
1180 1821 1304 1861 protinus
1315 1822 1493 1861 praesocantur
1505 1830 1530 1852 et
1542 1824 1707 1854 obruuntur.

965 1866 1033 1896 Aliae
1039 1866 1197 1906 gignuntur,
1205 1874 1230 1896 et
1237 1874 1379 1907 augentur,
1388 1875 1467 1907 atque
1475 1868 1507 1898 ad
1519 1871 1616 1909 pravas
1625 1871 1709 1900 actio-

966 1923 1011 1942 nes
1028 1911 1186 1952 procedunt,
1200 1922 1359 1952 omnemque
1380 1914 1475 1944 mentis
1489 1922 1585 1944 nostrae
1605 1917 1708 1947 sanita-

964 1966 1018 1989 tem
1035 1965 1222 2002 corrumpunt,
1238 1960 1261 1988 si
1275 1969 1371 1999 magna
1383 1960 1414 1989 in
1422 1961 1544 1991 socordia
1556 1973 1704 1993 versemur.

964 2006 1024 2035 Hoc
1036 2005 1126 2044 itaque
1143 2005 1221 2043 dicit,
1235 2006 1361 2036 Elatum
1375 2013 1417 2036 est
1436 2018 1486 2037 cor
1496 2009 1569 2047 σίας,
1583 2019 1668 2048 neque
1681 2020 1709 2039 se

964 2051 1037 2080 intus
1058 2051 1190 2081 continuit
1209 2052 1372 2091 arrogantia,
1394 2063 1481 2092 neque
1501 2054 1629 2084 exstincta
1657 2064 1708 2092 est,

965 2096 1012 2127 sed
1024 2103 1054 2126 ut
1066 2098 1202 2137 prorupit,
1214 2097 1249 2127 ad
1263 2108 1331 2137 opus
1340 2109 1424 2138 usque
1436 2110 1550 2139 pravum
1558 2111 1708 2140 progressa,

964 2151 1045 2174 totam
1052 2144 1259 2174 illiusvirtutem
1272 2154 1349 2173 corru
1352 2145 1402 2185 pit.
1410 2145 1550 2175 Beatitudo
1564 2154 1603 2176 est
1610 2148 1705 2187 igitur,

966 2190 1150 2230 cogitationem
1176 2190 1326 2230 improbam
1350 2202 1461 2231 prorsus
1481 2202 1532 2222 non
1555 2193 1705 2232 admittere,

964 2235 1038 2275 quod
1055 2242 1108 2265 eva
1120 2235 1252 2275 propheta
1263 2235 1367 2265 dictum
1379 2244 1428 2273 est,
1442 2238 1579 2276 Domine,
1592 2250 1652 2268 non
1666 2247 1708 2269 est
1719 2252 1786 2274 psat.
1808 2251 1861 2273 13o-.

965 2282 1076 2311 elalum
1096 2292 1147 2311 cor·
1168 2292 1273 2311 meum.
1290 2283 1351 2312 Non
1372 2282 1454 2320 dixit,
1470 2284 1579 2314 Elatum
1598 2286 1708 2324 quidem
1725 2288 1744 2304 ¹-

965 2335 1015 2364 est,
1037 2327 1084 2357 sed
1103 2326 1174 2356 illud
1188 2327 1298 2356 cohibui
1314 2340 1321 2356 :
1338 2339 1444 2366 verum,
1459 2331 1520 2359 Non
1539 2338 1578 2360 est
1600 2332 1708 2361 omnino

965 2374 1065 2403 elatum
1082 2386 1089 2403 z
1104 2373 1156 2403 hoc
1170 2380 1220 2412 est,
1233 2374 1340 2413 Jugiter
1359 2376 1465 2406 servavi
1485 2376 1602 2406 animam
1623 2388 1711 2407 meam

178 2474 190 2494 Ι·
205 2473 268 2498 Tres
279 2474 336 2499 Mss-
352 2475 376 2500 03
393 2478 437 2508 γὰρ
449 2476 494 2507 δεῖ,
505 2480 531 2500 et
551 2475 586 2500 sic
598 2474 730 2508 legendum
742 2481 814 2509 puto.
832 2476 902 2502 Editi
951 2478 1077 2503 Erasmus.
1089 2476 1158 2502 Editi
1170 2485 1229 2503 vero
1242 2482 1264 2503 ἐν
1276 2482 1339 2511 πενίᾳ
1349 2483 1385 2505 καὶ
1401 2482 1449 2506 ε’τε
1451 2482 1474 2505 λ.
1467 2483 1499 2513 ίᾳ
1513 2483 1610 2509 ἀθλίους.

145 2507 171 2539 ὀὐ
183 2517 227 2548 γὰρ
239 2515 290 2540 ἴδει.

180 2559 191 2577 s
208 2555 298 2582 Πολλῆς
310 2552 379 2577 deest
389 2552 413 2576 in
429 2551 507 2577 tribus
518 2553 577 2578 Mss.

183 2599 194 2611 ὃ
211 2592 273 2617 Tres
285 2592 341 2617 uss,
355 2596 419 2625 πενίᾳ
431 2595 468 2618 καὶ
481 2595 625 2627 ταλαιπωρίᾳ
639 2596 742 2626 ἀθλίους,
757 2599 782 2618 et
798 2594 832 2618 sic
846 2593 903 2627 legit

989 2518 1002 2537 b
1020 2516 1088 2542 Alius
1100 2520 1233 2544 trucul-muoz
1243 2524 1282 2547 τῆς
1294 2522 1371 2552 ψυχῆς.

987 2563 996 2575 e
1016 2555 1062 2581 Alii
1072 2559 1251 2590 καταληῖθῶσιν.
