1904 2840
0 462 46 484 hal.
59 468 82 491 7.
94 459 116 489 4.

631 183 894 220 m‘ua'rTth-:uu
924 198 1042 222 nonni„
1070 200 1166 223 xxvi.

1598 193 1669 241 849

127 269 197 289 cam.
212 260 243 290 Si
256 258 367 296 dixerit,
379 259 451 290 Nolo
462 259 548 299 fingas
559 265 586 289 te
595 258 632 289 de
643 259 782 290 immolato
794 269 868 289 man-
886 261 906 284 Α
923 259 1035 289 habens
1055 270 1142 299 super
1163 271 1276 291 omnem
1299 262 1432 302 gladium
1454 265 1666 303 acutissimum,

127 299 241 334 duoere,
255 298 303 328 sed
315 305 419 329 tantmu
435 305 514 338 tange
523 297 629 333 idolum
642 308 724 328 mauu
742 305 806 343 tua,
820 305 869 328 aut

127 345 186 368 tene
198 337 372 367 thuribulum
380 350 391 368 1:
404 338 427 368 si
440 339 486 368 tui
504 338 558 368 eris
567 360 576 374 ,
589 345 636 367 eut
648 345 766 368 tenueris
775 360 783 374 ,
796 344 868 368 tactu

126 385 175 407 tuo
191 377 333 407 Christum
351 378 463 418 negasti.
505 377 513 406 i
533 384 623 407 autem
643 378 780 414 nolueris,
796 383 869 407 tactu

127 425 177 447 tuo
193 417 333 447 Christum
354 418 489 447 comeus
507 424 553 454 es,
572 417 646 447 sieut
667 417 799 457 sen'ptum
810 423 869 463 est:

127 457 159 487 Si
169 464 212 487 est
224 458 366 497 iniquitas
385 459 419 487 in
437 457 572 486 manibus
589 458 671 487 meis.
685 457 870 503 Omniaienmt

128 497 248 527 membra
261 498 360 527 anirnoe
368 496 414 527 vel
521 497 527 502 '
556 496 596 526 tui
608 507 662 526 non
673 497 763 527 solnm
775 496 827 526 ubi
835 494 871 526 ad

127 547 209 567 nsum
220 538 294 567 Deus
305 537 417 574 cecavit,
430 506 478 566 m
487 536 542 566 sibi
553 535 590 566 ad
601 536 727 576 gloriam.

281 640 422 672 Bon-ilia
430 642 517 681 xxvj.
527 651 565 671 ea·
574 642 670 681 capite
677 651 710 672 r.

168 734 217 773 34.
231 735 269 763 ln
287 733 342 763 illo
361 739 488 773 tempore
510 733 587 763 dixit
606 733 695 764 lesus
718 734 870 774 discipulis

128 775 188 803 suis
201 786 213 802 .·
226 774 326 803 Nolite
347 773 500 808 arbitrari,
515 771 596 812 quod
614 774 747 803 vena-im
766 785 870 814 pacem

129 814 242 843 mittere
260 815 293 842 in
305 819 430 844 terr-am-
444 813 520 842 Non
527 813 598 841 verti
617 814 729 842 mittere
749 824 868 853 pacem,

128 853 182 882 sed
191 853 334 893 gladium,
347 859 373 882 et
384 852 496 891 reliq-n.
508 852 578 882 cum
594 851 708 882 dixisset
717 853 865 893 Dominus,

76 897 84 901 ’
131 893 189 932 Qm'
197 890 502 938 poeeynfessussueiit
510 900 609 920 earam
619 892 795 931 hominibus,
802 901 853 924 ete.
858 917 867 932 ,

30 2590 104 2619 ,4.η,

19 1571 62 1593 uli.
77 1579 115 1595 ια,

128 942 205 971 quasi
215 932 394 972 cogitantibus
400 931 540 972 apostolis,
548 937 575 960 et
583 930 737 961 dicentibus
746 934 820 973 apud
831 944 868 970 se,

128 973 224 1011 Usque
234 981 307 1001 nunc
317 971 369 1001 sub
378 971 501 1011 tyrannis
510 978 536 1000 et
548 971 678 1001 Gentium
686 971 868 1003 dominatione

127 1010 286 1051 deguimus,
300 1018 328 1041 et
338 1020 412 1040 nune
428 1021 442 1039 s
490 1010 596 1049 avimus
607 1020 701 1055 paoem
716 1011 794 1041 nobis
811 1023 868 1042 esse

126 1058 266 1081 venturam
277 1062 286 1079 z
297 1058 324 1080 et
336 1060 390 1089 quo
455 1060 475 1079 o
488 1049 534 1078 bic
551 1050 629 1089 nolus
746 1051 867 1082 uutiones

125 1096 153 1119 et
162 1090 266 1130 judicia
277 1091 367 1120 finum
378 1089 533 1130 promitit?
545 1091 624 1129 respo
663 1089 684 1118 it
696 1090 733 1120 ita
744 1101 752 1118 ε
766 1091 868 1123 Nolite

125 1131 274 1167 ar-bitrari,
287 1130 367 1170 quod
378 1130 510 1158 venerim
527 1138 631 1167 pacem
643 1130 754 1159 mitum
767 1132 799 1159 in
817 1137 869 1160 ter-

125 1178 200 1199 ram.
216 1170 253 1199 Et
263 1176 303 1198 est
315 1179 369 1209 pax
379 1168 461 1205 bom,
475 1175 552 1198 etesi
565 1178 619 1208 pax
629 1168 711 1198 nala.
728 1170 785 1199 Pax
796 1170 867 1200 bona

125 1216 165 1238 est
178 1209 246 1238 inter
256 1209 342 1238 bonos
353 1207 447 1237 fideles
459 1214 486 1237 et
501 1207 590 1247 justos
599 1230 607 1244 ‚
623 1214 653 1237 ut
673 1208 701 1237 in
715 1209 814 1248 quibus
828 1217 868 1239 est

127 1248 207 1277 unius
220 1248 283 1278 fidei
297 1257 414 1283 munus,
429 1257 483 1276 uua
499 1246 536 1276 sit
549 1247 613 1277 vitae
625 1247 780 1279 concordia.
796 1250 867 1279 Nan

126 1286 193 1317 fides
203 1298 252 1328 per
263 1287 379 1317 verbum
387 1286 499 1326 quidem
511 1287 560 1316 Dei
575 1287 702 1323 nascitur,
715 1298 762 1327 per
774 1298 866 1329 pacem

125 1334 215 1356 autem
235 1334 358 1357 servatur
367 1346 385 1364 γ
394 1333 420 1356 et
434 1336 483 1366 per
502 1326 640 1356 caritatem
662 1327 796 1363 nutritur,
818 1328 865 1358 di-

93 1390 100 1397 .
125 1373 201 1396 cente
219 1366 341 1406 apostolo
354 1378 361 1395 ι
375 1367 466 1395 Fides
476 1371 528 1401 ‚est
538 1387 547 1403 ,
563 1376 633 1406 quie
644 1375 701 1414 per
711 1368 866 1397 caen'tatem

125 1413 270 1445 operatur.
294 1405 384 1435 Fides
399 1411 508 1442 autem,
532 1415 594 1444 quae
614 1405 773 1440 nonshabet
794 1407 864 1436 eari-

124 1451 221 1481 tatem,
234 1445 342 1475 nullum
362 1444 448 1485 potest
466 1444 531 1474 boni
555 1445 644 1491 operis
663 1442 784 1476 fluctum
805 1457 866 1487 per—

125 1484 214 1515 licere.
237 1485 267 1515 si
287 1495 351 1525 ergo
368 1484 458 1523 aliqua
472 1483 639 1514 dissensione
657 1484 751 1514 fideles
767 1485 867 1515 luerint

124 1524 250 1564 separati,
265 1524 316 1554 hoc
326 1530 365 1553 est
377 1523 447 1552 mala
460 1523 596 1553 discordia
605 1546 613 1556 .
628 1523 697 1553 sicu-t
716 1524 754 1553 ait
776 1525 866 1554 Domi-

124 1572 176 1593 nus
196 1576 203 1593 =
230 1565 332 1592 Omnis
357 1563 460 1592 domus
481 1564 514 1591 in
537 1572 568 1591 se
595 1562 691 1592 divisa
721 1573 783 1592 non
804 1570 866 1593 sta-

126 1603 177 1632 ln‘t.
191 1603 221 1633 Si
235 1609 262 1631 et
284 1608 403 1642 separata
415 1602 575 1638 fraternitas,
588 1612 605 1631 a
617 1601 759 1641 semetipsa
770 1612 867 1632 consu·

53 1654 115 1670 cun
126 1642 226 1678 mitur,
239 1642 309 1671 sieut
326 1641 364 1671 ait
381 1640 519 1680 apostolus
535 1651 542 1669 z
563 1641 596 1670 Si
619 1647 718 1670 autem
741 1642 866 1671 invicem

7 1690 63 1714 21.5.
78 1691 114 1714 15.

126 1682 263 1711 mordetis
276 1688 304 1710 et
313 1681 521 1716 criminamini,
534 1681 634 1709 videte
642 1689 682 1709 ne
691 1680 728 1709 ab
741 1681 867 1710 invicem

124 1722 348 1751 consumamini.
359 1721 417 1749 Pax
433 1726 523 1748 autem
538 1719 607 1749 mala
629 1726 668 1749 est
687 1719 755 1748 inter
767 1719 864 1750 infide-

123 1759 162 1790 loe
175 1768 202 1790 et
215 1761 332 1799 iniquos,
345 1766 375 1788 ut
387 1759 488 1798 quibus
498 1765 538 1788 est
550 1767 603 1788 una
621 1759 733 1794 malitia,
747 1759 783 1788 sit
795 1770 865 1789 unus

122 1799 157 1829 ad
171 1799 392 1829 malefaciendum
415 1808 569 1828 consensus.
586 1799 656 1828 Nam
672 1798 816 1828 infidelitas
839 1805 865 1828 et

122 1836 253 1878 iniquitas*
261 1849 297 1868 ex
310 1838 478 1878 suggestione
488 1837 604 1877 quadam
617 1838 720 1867 diaboli
734 1839 864 1874 nascitur,

121 1889 171 1918 per
189 1889 282 1919 pacem
302 1884 392 1907 autem
412 1884 544 1907 servatur.
556 1877 586 1907 Si
606 1888 669 1918 ergo
685 1877 775 1916 aliqua
787 1888 864 1907 occa-

120 1918 195 1947 sione
206 1918 326 1948 infideles
336 1924 362 1946 et
372 1917 457 1955 iniqui
470 1917 505 1946 ab
517 1917 632 1946 invicem
646 1917 745 1946 sinerint
757 1927 863 1957 separa-

121 1957 154 1992 ti,
178 1957 229 1987 hoc
248 1964 288 1986 est
307 1957 378 1986 bona
397 1956 553 1985 discordia:
569 1956 634 1996 quia
656 1957 726 1986 sicut
749 1956 776 1985 in
798 1967 863 1997 pace

120 1997 252 2026 bonorum
267 1996 334 2026 fides
350 2003 376 2025 et
385 1995 491 2036 justitia
503 2002 583 2033 stant,
606 1995 751 2025 infidelitas
774 2003 862 2026 autem

120 2042 147 2065 et
165 2036 296 2076 injustitia
314 2035 414 2079 jacent;
429 2045 492 2064 eum
513 2046 578 2064 vero
597 2035 733 2065 discordia
747 2035 862 2073 venerit,

122 2075 188 2105 tides
200 2082 226 2105 et
235 2075 341 2115 justitia
358 2074 467 2110 cadunt,
481 2074 626 2104 infidelitas
644 2082 734 2104 autem
746 2081 772 2104 et
789 2075 863 2115 inju—

122 2114 193 2144 stitia
207 2125 267 2144 resu
321 2121 368 2144 nt:
382 2114 422 2144 sic
434 2114 460 2143 in
492 2124 538 2144 aee
551 2114 706 2154 iniquorum
719 2121 744 2144 et
759 2114 864 2155 injusti-

122 2154 282 2183 tiaetiufide
293 2155 343 2183 itas
353 2160 434 2190 stant,
445 2155 463 2183 fi
522 2161 612 2183 autem
619 2160 645 2183 et
652 2154 756 2194 justitia
761 2154 862 2193 jacent.

123 2194 193 2223 Cum
203 2203 268 2222 vero
278 2192 421 2222 concordia
433 2193 547 2229 venerit,
561 2193 706 2223 infidelitas
718 2200 744 2223 et
757 2194 864 2233 injusti-

124 2232 160 2261 tia
178 2231 285 2267 cadunt,
298 2232 365 2261 fides
384 2238 472 2261 autem
495 2237 522 2261 ἃ
534 2232 641 2272 justitia
660 2239 783 2272 surgunt.
800 2232 864 2262 Ideo

123 2281 186 2310 ergo
201 2271 332 2300 Dominus
351 2270 449 2299 bonam
471 2271 543 2300 misit
559 2272 752 2311 separationem
767 2272 794 2300 in
808 2278 863 2301 ter-

122 2321 190 2347 ram,
207 2317 236 2339 ut
249 2316 385 2350 rumperet
405 2310 503 2339 malam
524 2309 748 2340 con‘unctionem.
763 2312 864 2340 Omnes

120 2350 190 2379 enim
214 2356 268 2378 tam
281 2349 344 2378 boni
365 2359 446 2388 quam
459 2349 536 2386 mali,
550 2349 559 2378 i
598 2356 648 2386 est,
661 2350 709 2389 qni
722 2349 865 2390 diligentes

120 2389 232 2426 malum,
255 2395 330 2418 erant
351 2388 378 2417 in
398 2388 480 2425 malo,
501 2395 528 2417 et
550 2388 598 2426 qui
619 2399 667 2428 per
689 2389 864 2428 ignorantiam

118 2428 181 2457 honi
207 2428 311 2457 stabant
329 2428 356 2457 in
377 2427 466 2457 malo:
481 2437 572 2456 omnes
590 2427 709 2465 insimul,
725 2428 799 2467 quasi
814 2429 864 2458 sub

119 2477 171 2496 una
195 2467 276 2497 domo
300 2467 464 2497 infidelitatis
489 2467 646 2496 tenebantur
669 2467 777 2505 inclusi,
802 2468 862 2498 idco

118 2506 192 2535 misit
215 2506 348 2536 Dominus
369 2506 543 2546 separationis
562 2506 684 2545 gladium
697 2506 766 2536 inter
785 2507 860 2545 illos,

119 2544 147 2573 id
161 2551 200 2574 est
221 2545 334 2575 verbum
357 2546 488 2581 veritatis,
509 2545 543 2575 de
567 2555 621 2584 quo
642 2546 680 2576 ait
700 2547 838 2587 apostolus
851 2559 860 2577 ε

119 2585 227 2614 Vivum
236 2591 279 2615 est
297 2586 419 2614 verbum
434 2585 501 2623 Dei,
517 2591 545 2614 et
565 2585 683 2624 efficax,
699 2592 727 2616 et
737 2596 863 2617 acumen

920 304 1078 338 penetrans
1087 310 1179 340 usque
1189 302 1230 329 ad
1239 303 1378 331 interiora
1385 304 1491 332 animoe
1502 309 1530 333 et
1537 306 1667 344 spiritus,

922 344 1097 378 artuumque
1108 346 1137 368 et
1150 341 1357 377 medullarum,
1371 348 1505 372 scrutans
1524 345 1624 381 eorda,
1639 351 1668 374 et

922 379 1121 418 cogitationes.
1133 380 1186 408 Iste
1198 386 1238 409 est
1255 390 1319 420 ergo
1332 381 1438 420 gladius
1451 382 1493 411 bis
1508 390 1613 420 acutus,
1626 394 1667 414 ex

924 427 976 446 una
987 417 1098 456 quidem
1112 426 1186 458 parte
1201 419 1285 449 honos
1305 421 1339 449 ab
1352 431 1442 450 errore
1462 422 1619 462 praecidens,
1633 433 1668 453 ex

922 456 1006 486 altera
1025 464 1114 486 autem
1135 465 1210 497 parte
1224 459 1310 488 malos
1330 460 1365 489 ab
1379 461 1560 499 excusatione,
1576 469 1606 492 ut
1618 472 1668 492 nec

923 495 1008 525 bonos
1026 496 1175 536 ignorantia
1196 498 1301 538 perdat,
1317 509 1366 528 nee
1390 500 1475 529 malos
1493 507 1622 531 excuset:
1637 509 1668 532 ut

922 542 949 564 et
965 535 1040 571 boni,
1056 536 1160 575 cognita
1173 537 1295 574 veritate,
1306 549 1368 567 cum
1387 540 1492 578 sequuti
1513 541 1668 572 fuerintve-

922 574 1044 611 ritatem,
1071 585 1134 605 cum
1151 576 1256 622 judicio
1282 584 1308 606 et
1330 577 1435 617 justitia
1461 579 1599 610 salventur
1608 603 1616 618 ,
1642 588 1669 611 et

923 614 988 643 mali
997 636 1007 650 ,
1021 625 1084 644 eum
1105 622 1219 645 veritate
1242 617 1347 656 cognita
1361 640 1368 654 ‚
1384 619 1538 648 secesserint
1556 630 1570 649 a
1591 620 1667 650 veri·

921 659 976 683 tate
986 675 995 690 ,
1019 663 1082 683 cum
1099 654 1206 694 judicio
1233 662 1259 685 et
1286 656 1391 696 justitia
1417 658 1574 697 puniantur.
1609 661 1668 690 Hoc

921 702 986 733 ergo
1010 692 1101 733 gladio
1126 695 1258 724 Dominus
1284 696 1417 735 separavit
1439 697 1541 727 bonum
1566 708 1581 727 a
1610 709 1667 729 ma-

922 731 962 768 lo,
986 739 1017 761 ut
1038 739 1065 761 et
1088 732 1191 763 bonum
1212 742 1364 775 separatum
1387 746 1402 765 a
1424 737 1496 766 malo
1518 748 1549 766 su
1583 745 1620 775 at,
1641 746 1668 768 et

923 771 1026 800 malum
1050 780 1202 813 separatum
1223 784 1239 802 a
1263 775 1332 804 bono
1359 774 1447 805 cadat.
1472 777 1541 806 Nam
1551 748 1666 808 rigionum

922 810 1053 849 quamdiu
1066 812 1146 841 suerit
1159 813 1287 851 mixtum,
1300 824 1362 843 etim
1376 815 1447 845 malo
1456 816 1538 856 jacet,
1552 823 1578 846 et
1591 827 1666 847 mor-

888 861 906 884 3
922 857 1000 879 tuum
1011 857 1062 886 est,
1070 851 1134 890 quia
1148 862 1200 881 non
1214 860 1299 892 potest
1310 854 1411 883 bonum
1424 865 1481 884 esse
1493 856 1667 896 conjunctum

921 899 984 919 mim
996 890 1068 919 malo
1084 902 1091 919 τ
1109 902 1170 920 cum
1183 899 1272 921 autem
1286 904 1302 922 a
1314 894 1386 923 malo
1407 894 1488 924 fuerit
1501 903 1665 935 separatum,

921 935 986 958 tunc
999 929 1084 969 surgit
1093 937 1119 960 et
1129 931 1210 968 vivit,
1225 931 1289 971 quia
1301 932 1396 973 incipit
1406 944 1463 963 esse
1474 934 1577 964 bouum
1590 946 1667 981 sepa-

921 975 1009 998 ratum
1021 979 1037 998 a
1050 970 1133 999 malo.
1144 970 1191 1000 Sic
1204 978 1230 1000 et
1242 972 1344 1001 malum
1357 973 1487 1011 quamdiu
1500 974 1581 1004 {uerit
1594 986 1666 1005 mix-

920 1014 1052 1048 tuchum
1063 1009 1145 1045 bono,
1159 1016 1211 1040 stat
1222 1017 1248 1039 et
1261 1011 1340 1048 vivit,
1352 1012 1416 1050 quia
1430 1013 1482 1042 sub
1494 1024 1523 1042 se
1536 1014 1666 1054 opprimit

919 1046 1022 1076 bonum
1036 1059 1044 1076 t
1059 1058 1123 1078 eum
1133 1059 1196 1079 vero
1210 1050 1291 1080 fuerit
1308 1058 1462 1119 separatum
1473 1063 1488 1082 a
1507 1053 1589 1091 bono,
1601 1061 1666 1083 tunc

919 1085 992 1116 milit
1004 1093 1031 1116 et
1043 1088 1169 1125 moritur,
1183 1089 1246 1128 quia
1260 1090 1333 1119 mani
1344 1097 1458 1120 estatum
1475 1092 1533 1132 jam
1547 1103 1599 1122 non
1611 1103 1664 1134 po-

920 1131 970 1155 test
979 1126 1032 1155 sub
1042 1137 1070 1156 se
1082 1138 1098 1156 0
1137 1128 1233 1158 rimere
1243 1129 1355 1159 bonum.
1364 1130 1409 1160 Sic
1419 1137 1445 1160 et
1456 1132 1560 1168 fideles,
1570 1143 1664 1172 quam-

918 1164 966 1195 diu
981 1176 1047 1195 eum
1058 1138 1214 1197 infidelibus
1223 1169 1323 1198 fuerint
1329 1170 1429 1209 juncti,
1446 1170 1540 1208 'accut‚
1556 1178 1582 1201 et
1594 1183 1665 1202 mor-

919 1205 960 1234 tui
973 1212 1046 1242 sunt,
1059 1206 1122 1245 quia
1134 1217 1187 1236 non
1199 1215 1311 1248 possunt
1323 1219 1379 1238 esse
1389 1180 1481 1240 fideles
1491 1222 1555 1241 cum
1565 1211 1664 1242 infide-

918 1244 992 1274 libus
1012 1246 1103 1275 mixti.
1123 1247 1194 1285 Cum
1216 1254 1306 1277 autem
1330 1249 1432 1278 fuerint
1453 1250 1489 1280 ab
1507 1250 1663 1281 infidelibus

918 1284 1044 1324 separati,
1056 1291 1121 1314 tunc
1131 1293 1274 1326 resurgunt
1286 1294 1311 1316 et
1322 1288 1429 1326 vivum,
1441 1289 1505 1327 quia
1519 1296 1583 1320 tunc
1596 1291 1664 1320 inci—

918 1324 997 1363 piunt
1010 1334 1067 1353 esse
1079 1324 1172 1354 fideles
1185 1336 1248 1354 eum
1262 1326 1389 1356 fidelibus
1410 1329 1500 1358 mixti.
1515 1330 1583 1359 Item
1596 1330 1662 1360 infi-

918 1362 1001 1399 deles,
1011 1363 1142 1402 quamdiu
1153 1364 1253 1394 suerint
1263 1376 1326 1395 cum
1339 1366 1467 1402 fidelibus
1478 1369 1568 1405 mixti,
1579 1376 1661 1406 stant,

918 1408 945 1431 et
955 1402 1066 1440 vivunt,
1080 1403 1143 1442 quia
1156 1404 1207 1433 sub
1221 1415 1269 1434 sua
1283 1405 1440 1436 infidelitate
1455 1414 1544 1438 tenent
1557 1408 1661 1439 fideles.

883 1454 902 1478 c
918 1441 949 1472 Si
970 1452 1035 1472 vero
1055 1453 1071 1472 a
1094 1442 1223 1473 fidelibus
1244 1445 1344 1474 fuerint
1363 1456 1391 1474 se
1427 1447 1489 1483 rati,
1509 1447 1619 1486 cadunt,
1637 1455 1664 1478 et

919 1482 1018 1510 mortui
1029 1489 1101 1517 sunt,
1114 1483 1176 1520 quia
1189 1484 1320 1513 manifesti
1334 1485 1382 1513 infi
1402 1485 1455 1515 eles
1465 1486 1523 1525 jam
1534 1497 1587 1516 non
1600 1499 1662 1527 pos-

919 1527 981 1549 sunt
1002 1521 1113 1559 perdere
1137 1522 1428 1554 fideles.0mnisenim
1448 1536 1490 1554 res
1514 1526 1585 1555 mala
1598 1534 1663 1556 tam-

918 1559 967 1588 diu
984 1566 1054 1588 stare
1066 1560 1173 1589 videtur
1194 1567 1220 1590 et
1245 1562 1338 1592 vivere
1349 1585 1357 1599 ,
1372 1564 1502 1602 quamdiu
1526 1565 1603 1594 bonae
1623 1566 1663 1595 rei

919 1604 1008 1638 potest
1038 1609 1132 1628 necere
1155 1611 1161 1628 :
1183 1610 1245 1629 cnm
1269 1611 1334 1631 vero
1368 1603 1533 1632 manifestata
1562 1605 1661 1641 fuerit,

915 1639 973 1677 jam
998 1647 1050 1666 non
1074 1644 1159 1677 potest
1183 1649 1292 1677 nocere,
1316 1641 1406 1680 jacet,
1429 1649 1455 1671 et
1477 1650 1582 1673 mortua
1608 1651 1660 1674 est.

918 1677 1015 1706 Omnis
1026 1684 1114 1706 autem
1127 1688 1169 1707 res
1182 1686 1303 1717 mortua,
1313 1681 1362 1710 etsi
1376 1687 1414 1710 est
1426 1682 1507 1718 mala,
1522 1689 1609 1712 tamen
1623 1683 1662 1713 si-

919 1716 993 1745 milis
1012 1723 1051 1745 est
1068 1717 1118 1754 rei,
1133 1727 1194 1756 quae
1216 1727 1268 1747 non
1281 1726 1330 1749 est.
1347 1720 1422 1757 Quid
1436 1731 1499 1761 ergo
1512 1722 1634 1752 infideles
1645 1734 1661 1752 a

918 1755 1045 1785 fidelibus
1066 1757 1179 1796 separati
1202 1758 1269 1787 alios
1290 1759 1400 1798 quidem
1416 1760 1512 1789 timore
1525 1762 1660 1802 frangunt,

918 1795 985 1824 alios
1009 1802 1100 1824 autem
1125 1797 1300 1836 promissione
1323 1800 1597 1839 corrumpunt?1-laec
1618 1812 1661 1831 res

917 1843 971 1864 non
996 1834 1062 1864 dicit
1086 1835 1197 1875 perdere
1223 1837 1318 1876 bonos,
1340 1838 1387 1867 sed
1408 1840 1493 1878 magis
1512 1840 1661 1879 glorificare

918 1880 1100 1914 permanentes
1122 1875 1150 1904 in
1164 1875 1246 1913 bono,
1269 1888 1330 1907 cum
1349 1878 1406 1915 ille,
1428 1879 1476 1917 qui
1497 1886 1544 1908 aut
1566 1880 1661 1910 timore

916 1914 1058 1953 frangitur,
1067 1921 1114 1943 aut
1122 1915 1299 1955 promissione
1308 1918 1501 1957 corrumpitur,
1514 1929 1660 1958 numquam

916 1954 998 1983 fuerit
1011 1963 1074 1983 vere
1084 1953 1180 1984 bonus.
1190 1955 1268 1985 Tunc
1279 1966 1310 1986 en
1315 1958 1350 1986 im
1360 1968 1422 1987 vere
1432 1958 1554 1987 infideles
1564 1959 1661 1988 dicun-

917 1991 962 2022 tur
976 1992 1087 2034 perdere
1106 1992 1208 2030 fideles,
1222 1996 1330 2031 quando
1353 1997 1446 2026 fideles
1467 2008 1514 2037 per
1536 1998 1661 2038 ignoran-

882 2041 901 2064 Ι)
917 2033 980 2062 tiam
996 2032 1114 2062 veritatis
1124 2043 1187 2062 cum
1200 2034 1356 2065 infidelibus
1367 2043 1440 2066 sunt.
1451 2037 1660 2067 Seductionibus

916 2079 963 2102 aut
978 2072 1228 2111 persequutionibus
1248 2075 1315 2104 fides
1334 2086 1385 2104 non
1401 2077 1596 2117 corrumpitur,
1613 2077 1660 2107 sed

916 2118 1058 2152 purgatur.
1070 2112 1094 2141 Ο
1106 2112 1174 2141 mira
1186 2113 1273 2143 virtus
1283 2115 1367 2154 gladii
1377 2117 1534 2156 separantis,
1549 2117 1594 2146 cui
1607 2127 1660 2146 non

917 2151 1005 2180 solum
1020 2151 1172 2190 conjunctio
1192 2160 1378 2184 extraneorum
1402 2157 1522 2185 resistere
1543 2166 1596 2185 non
1610 2166 1661 2196 po-

917 2197 976 2226 test,
988 2200 1054 2228 quos
1067 2191 1183 2220 amicitia
1199 2193 1351 2223 voluntaria
1363 2194 1464 2234 jungit,
1479 2195 1527 2224 sed
1540 2205 1588 2224 nec
1601 2195 1659 2234 ipsa

917 2229 1027 2259 dilectio
1036 2229 1153 2260 violenta
1167 2237 1268 2262 naturae
1281 2234 1396 2263 carnalis
1409 2233 1415 2262 !
1429 2234 1464 2263 Et
1479 2234 1539 2263 ideo
1549 2244 1602 2263 non
1615 2244 1659 2263 so-

917 2270 976 2306 lum
995 2269 1057 2298 illos
1076 2277 1189 2310 separat,
1207 2272 1254 2310 qui
1273 2272 1415 2302 dilectione
1436 2274 1569 2312 conjuncti
1583 2279 1656 2309 sunt,

917 2315 943 2339 et
950 2314 1043 2338 natura
1051 2307 1188 2349 disjuncti,
1199 2311 1245 2340 sed
1252 2312 1331 2341 etiam
1340 2312 1412 2348 illos,
1422 2322 1488 2350 quos
1495 2311 1608 2340 carnalis
1615 2321 1659 2340 ne-

918 2347 1156 2379 cessitasdulcibus
1164 2351 1281 2380 vinculis
1290 2351 1487 2390 alligavit.1deo
1496 2352 1508 2363 ¹*
1519 2360 1571 2379 non
1579 2350 1656 2387 dicit,
1683 2358 1691 2366 ·
1701 2357 1729 2378 al.
1747 2358 1810 2379 dces«

918 2389 967 2419 55.
976 2389 1051 2417 Veni
1059 2391 1136 2418 enim
1142 2399 1276 2429 separare
1276 2391 1380 2435 filjum
1387 2390 1526 2418 adversus
1531 2396 1656 2428 patrem,
1668 2396 1720 2411 '¹⁰¹¹-

917 2435 966 2458 etc.
984 2426 1107 2458 Notanda
1120 2439 1161 2458 res
1173 2435 1223 2466 est,
1238 2439 1364 2467 quoniam
1379 2438 1445 2466 quos
1459 2435 1562 2467 separat
1576 2428 1658 2457 Chri-

918 2474 986 2502 stus,
1011 2466 1103 2497 fideles
1124 2474 1209 2497 sunt:
1225 2478 1240 2496 a
1265 2468 1364 2506 quibus
1385 2474 1500 2506 separat,
1522 2466 1656 2497 infideles.

917 2507 998 2538 Unde
1009 2506 1145 2537 ostendit?
1159 2507 1203 2536 Ex
1216 2517 1247 2535 eo
1258 2506 1329 2545 quod
1344 2506 1410 2535 dicit
1426 2518 1433 2534 :
1447 2507 1496 2535 57.
1516 2507 1573 2545 Qui
1587 2507 1656 2536 dili-

914 2549 958 2587 git
973 2553 1086 2587 patrem
1097 2546 1164 2585 plus
1175 2556 1264 2585 quam
1283 2556 1338 2580 me,
1355 2555 1412 2574 non
1426 2550 1469 2574 est
1479 2555 1523 2575 me
1539 2546 1653 2585 dignus.

915 2587 972 2624 Qui
990 2587 1062 2616 enim
1083 2586 1146 2624 plus
1159 2584 1250 2623 diligit
1271 2591 1373 2623 patrem
1396 2595 1478 2622 quam
1491 2585 1577 2614 Deum
1593 2595 1655 2625 per-
