1904 2840
569 153 571 155 ’
616 170 650 194 iu
676 166 888 194 murmann-

0 232 274 274 111.33.9.Dominus:
291 231 349 271 sed,
367 218 490 262 Gustata
503 238 531 261 et
546 233 654 261 videte.
668 231 785 268 Quando
797 242 860 271 ergo
881 235 899 258 Α
915 233 987 262 versi
1000 243 1015 262 e

122 271 227 311 aliquid
234 270 360 301 audimus
370 268 405 300 de
415 270 634 306 Christo‚nomen
645 271 746 304 Christi
759 281 858 311 cogno7

121 311 222 342 seimus
233 310 427 347 tantummodo,
442 317 472 340 ut
490 310 611 341 diximus
627 321 635 338 ε
646 310 757 350 quando
771 317 859 340 autem

117 351 251 390 justitiam
273 350 386 380 facimus
406 351 481 396 ejus,
497 350 586 396 ipsum
610 350 752 380 Christum
765 357 858 389 gusta-

120 400 192 420 mus.
205 390 335 425 Siniiliter
343 400 391 419 nec
405 397 517 420 incurrit
528 401 555 420 in
569 401 663 419 manus
676 390 789 426 diaboli,
804 390 858 419 nisi
875 418 877 421 .

119 429 167 467 qui
180 430 264 460 in'via·
277 429 398 459 ambulat
407 437 587 470 peccatorum.
598 430 650 460 Vis
657 440 709 459 non
720 430 856 459 incurrere

119 468 150 499 in
159 469 320 499 diabolum?
334 470 444 499 Declina
460 480 476 498 a
491 470 547 506 via,
559 481 619 509 quae
629 468 854 504 ducitadssillum,

92 532 94 534 v
117 516 144 539 et
156 509 260 538 nullm
269 508 351 545 habet
364 509 392 538 in
404 516 430 538 te
442 508 568 539 diabolus
577 516 731 549 potestatem
746 520 754 536 :
767 509 790 538 si
804 518 854 537 au-

119 555 173 578 tem
184 548 365 579 ambulaveris
376 548 404 578 in
422 549 477 585 via,
489 560 549 588 quae
561 549 637 578 di'icit
649 549 684 578 ad
700 548 790 584 illum,
798 549 855 587 jam

118 598 172 618 non
182 587 292 620 diabolo
303 588 420 628 imputes
431 588 608 628 perditionem
617 596 703 624 tuam,
717 588 794 627 quasi
807 587 856 617 ille

117 634 144 665 te
156 627 267 657 traxerit
278 627 313 657 ad
330 638 369 663 se,
379 627 428 657 sed
440 629 502 665 tibi,
516 629 580 668 quia
593 635 623 658 tu
635 628 709 658 ivisti
720 627 851 657 adinum.

116 667 258 706 Numquid
269 671 347 707 porta
357 667 433 697 ducit
442 667 478 697 ad
497 668 588 697 viam?
602 667 656 698 Sed
673 668 718 698 via
728 667 804 697 ducit
817 666 854 697 ad

116 713 222 747 portam
237 720 244 736 :
259 708 298 737 sie
310 717 363 736 non
377 706 454 747 prius
465 706 591 737 diabolus
601 707 722 738 homines
732 706 810 736 ducit
817 705 854 736 ad

115 753 235 786 peccata,
250 746 297 776 sed
311 750 415 787 peccata
431 746 468 776 ad
485 746 624 777 diabo'lum
638 746 754 777 ducunt.
766 745 853 777 Vides

115 794 191 831 ergo,
207 787 267 816 haec'
276 786 320 816 via
373 785 497 816 rditionis
508 797 590 826 quain
602 786 697 821 nociva
707 793 757 823 est,
771 796 853 825 quam

60 848 63 854 ⁴
114 833 230 865 spatiosa
247 825 306 856 est?
346 835 356 855 i
367 825 428 855 ideo
445 836 498 856 non
518 826 608 856 solum
619 826 750 862 volentes,
767 825 814 855 sed
826 832 853 854 et
870 836 888 859 Β

116 865 235 895 nolentes
251 865 392 898 incurrunt
411 863 439 894 isi
448 865 505 895 eam
521 877 532 894 ι
543 873 571 895 et
581 866 694 896 difficile
704 873 755 902 est,
770 873 799 895 ut
809 876 853 894 na·

117 911 161 934 tus
179 904 208 934 in
231 904 282 935 hoc
299 905 402 935 mundo
419 904 619 944 aliquantulum
638 916 691 935 non
710 905 811 935 incidat
822 905 850 934 in

114 954 182 973 eam.
199 944 285 981 Quasi
304 943 359 974 lata
377 944 449 974 enim
468 944 504 974 de
515 945 594 985 longe
603 945 714 976 videtur
743 951 770 974 et
789 944 851 974 ideo

114 983 194 1013 etiam
204 984 328 1021 infantes,
343 994 376 1014 an
422 995 484 1014 uam
503 986 577 1015 viam
590 986 652 1016 vitae
673 967 792 1020 videant,
804 984 850 1014 vel

112 1023 274 1063 intelligant,
281 1023 359 1054 istam
369 1024 397 1054 vi
419 1031 463 1053 ent
474 1036 481 1053 τ
491 1031 590 1055 etcum
602 1024 741 1057 intraverit
749 1024 810 1063 quis
821 1023 849 1052 in

113 1073 185 1100 eam,
198 1070 278 1103 prout
288 1063 360 1100 vult,
373 1074 401 1093 se
412 1063 479 1102 agit,
493 1074 542 1094 nec
553 1063 742 1104 coangustatur
753 1064 782 1093 in
794 1063 860 1101 ali-⁵

112 1105 166 1142 qua
179 1110 255 1143 parte
267 1103 305 1132 ita
323 1110 353 1132 ut
366 1103 477 1138 delectet
489 1114 551 1133 eum
568 1102 706 1134 ambulare
716 1114 764 1143 per
776 1112 847 1133 eam.

111 1142 260 1172 Ambulant
269 1142 341 1171 enim
356 1142 385 1178 in
397 1153 428 1172 ea
439 1143 594 1182 gaudentes,
608 1143 735 1178 ridentes,
749 1153 848 1172 nonso·

111 1181 170 1210 luni
178 1181 367 1212 manducantes
374 1188 400 1211 et
409 1182 541 1218 bibentem
547 1183 594 1214 sed
602 1185 681 1213 etiam
690 1182 849 1213 devorantes

111 1227 140 1251 et
151 1221 321 1251 inebriantes.
329 1222 474 1252 Ambulant
486 1223 514 1252 in
524 1234 555 1253 ea
566 1222 847 1259 divites,mentientes,

73 1286 77 1291 .
112 1261 290 1301 perjurantes,
297 1261 383 1293 aliena
392 1261 526 1299 tollentes,
533 1271 558 1293 et
567 1274 595 1293 se
603 1262 701 1293 divites
711 1262 846 1292 facientes.

112 1295 260 1330 Ambulant
273 1302 301 1330 in
321 1311 425 1331 cacum
445 1302 591 1341 uxoribus3
610 1313 663 1332 non
677 1302 765 1331 solum
785 1312 848 1331 cum

112 1339 254 1378 uxoribus,
269 1340 316 1370 sed
338 1341 418 1370 etiam
436 1341 595 1372 fornicantes
614 1349 640 1371 et
657 1341 845 1371 adulterantes.

111 1379 187 1417 Quid
195 1381 230 1410 sit
237 1380 388 1418 tribulatio,
397 1381 528 1411 nesciunt.
542 1381 577 1412 Et
587 1382 648 1421 quis
663 1391 716 1411 non
730 1380 848 1410 delecte-

917 171 1035 194 uomit„
1063 170 1136 195 xix.
1475 202 1477 204 ¹
1587 162 1658 207 827,

1033 233 1174 267 redinntui·
1183 232 1217 262 de
1225 243 1266 262 ea.
1278 231 1376 262 Adhuc
1386 239 1475 262 autem
1486 233 1602 273 spatiosa
1613 232 1656 263 di-

914 271 985 301 citur
998 243 1046 301 illa
1060 272 1104 302 via
1112 271 1197 301 ¹etiam
1207 271 1258 302 hac
1268 271 1302 301 de
1315 283 1405 308 rausa,
1414 272 1478 311 quia
1492 273 1582 302 omnia
1595 283 1655 312 quae

913 318 986 348 sunt,
998 322 1105 348 uxores,
1118 311 1179 348 filii,
1194 318 1326 351 pai-entes,
1336 311 1426 349 amici,
1441 323 1549 349 aurum,
1561 323 1656 352 argen-

913 357 980 387 tum,
993 351 1160 386 vestimenta,
1171 351 1280 387 domus,
1290 352 1479 390 possessiones,
1494 363 1586 382 omnes
1594 363 1653 397 spe-

912 390 966 419 cies
976 390 1109 426 bonorum
1121 391 1244 420 ciborum
1252 397 1277 419 et
1306 397 1410 427 otuum,
1427 391 1517 421 omnia
1527 391 1652 429 artificia,

911 440 1002 460 omncs
1025 430 1227 470 negotiationes,
1243 429 1280 459 mi
1293 429 1356 464 itiae,
1371 429 1484 461 honores
1496 453 1504 468 ,
1528 438 1554 460 et
1575 431 1653 470 quic-

910 469 978 507 quid
991 470 1019 499 in
1033 470 1084 499 hoc
1095 471 1193 499 saeculo
1213 476 1264 507 est,
1278 469 1351 508 quod
1364 476 1410 498 aut
1423 471 1514 500 visum
1526 470 1651 506 delectat,

908 516 956 538 aut
967 509 1102 543 auditum.
1114 517 1160 539 aut
1179 508 1330 545 odoratum,
1346 516 1392 538 aut
1412 517 1532 549 gustum,
1548 518 1597 540 aut
1609 517 1651 539 ta-

908 554 993 586 ctum,
1005 549 1056 579 viae
1074 545 1233 589 perditionis
1249 555 1330 578 sunt:
1343 553 1396 577 non
1410 549 1473 587 quia
1486 554 1589 586 omnes,
1603 551 1652 589 qui

908 588 1047 618 ambulant
1060 588 1089 617 in
1104 588 1160 619 illis
1176 588 1266 623 rebus,
1278 595 1398 628 peccant,
1411 589 1461 622 sed
1483 600 1546 628 quia
1559 600 1651 619 omnes
1663 623 1668 626 ,

909 627 965 657 istae
978 639 1021 658 res
1033 628 1070 657 ad
1081 635 1219 668 peccatum
1229 627 1405 668 compellunt.
1422 628 1476 658 Via
1487 635 1575 658 autem
1587 629 1650 659 vitae

907 675 1019 707 angusta
1029 675 1078 704 est,
1091 668 1157 706 quia
1168 678 1219 697 una
1233 674 1272 697 est
1286 667 1403 707 species:
1417 667 1446 696 id
1455 674 1504 704 est,
1520 668 1650 702 abstineu-

908 706 945 736 tia
957 708 1078 737 omnium
1087 718 1188 737 rei-um.
1203 707 1259 745 Qui
1278 708 1349 736 enim
1362 714 1467 752 separat
1477 718 1505 736 se
1515 708 1550 736 ab
1563 707 1650 737 omni-

907 746 959 776 bus
970 747 1125 783 rebusillis,
1134 747 1262 777 salvatur«.
1271 748 1332 776 Non
1342 746 1458 776 dicimus
1470 747 1533 786 quia
1545 758 1647 784 omnes,

907 786 953 824 qui
967 794 1030 816 sunt
1043 788 1071 818 in
1086 787 1152 824 illis,
1168 793 1281 827 pereunt
1294 799 1301 816 κ
1316 786 1364 815 sed
1376 786 1503 825 qu'oniam
1515 787 1562 825 qui
1573 797 1602 817 se
1611 797 1649 816 se-

907 833 1001 865 parant
1013 827 1049 856 ab
1070 826 1127 856 illis
1140 837 1230 856 omnes
1249 826 1397 864 salvantur.
1414 827 1544 866 Separant
1559 833 1648 856 autem

907 875 935 894 se
947 875 999 895 non
1020 877 1142 906 corpore,
1157 865 1205 895 sed
1224 866 1314 895 animo
1327 878 1334 894 z
1345 876 1397 895 non
1420 866 1489 902 loco,
1504 865 1552 895 sed
1573 873 1645 895 actu.
1676 885 1678 887 >

905 905 975 934 Nam
987 906 1111 945 quamvis
1124 906 1160 936 sit
1179 905 1207 934 in
1229 905 1342 941 mundo,
1354 916 1406 935 non
1415 919 1419 923 -
1429 905 1537 935 videtui·
1550 916 1606 934 esse
1620 905 1647 934 in

905 944 1017 983 mundo,
1031 945 1140 985 quinon
1155 945 1240 975 utitur
1250 945 1362 975 mundo.

1061 1051 1195 1080 Humilia
1207 1052 1270 1079 xix.
1285 1059 1323 1079 ex
1340 1059 1406 1089 cap.
1426 1051 1482 1090 vij.

943 1146 991 1175 15.
1013 1138 1169 1178 Attendite
1193 1154 1212 1173 a
1223 1122 1318 1183 salsis
1342 1143 1508 1182 prophetis,
1518 1145 1569 1181 qui
1592 1155 1646 1185 ve<

891 1186 988 1214 'nium
1001 1185 1042 1213 ad
1064 1183 1126 1213 ‘vos'
1139 1186 1171 1213 ϋι
1193 1183 1371 1212 vestimentis
1391 1184 1498 1218 ovium,
1511 1184 1646 1212 intrinse-

903 1235 953 1255 cus
966 1229 1063 1254 autem
1077 1229 1146 1253 sunt
1164 1222 1228 1263 lupi
1240 1232 1359 1261 rapaces
1373 1233 1381 1249 .·
1395 1223 1451 1250 16..“
1460 1232 1479 1250 a
1516 1223 1646 1252 ructibus

903 1274 1001 1293 eorum
1010 1264 1186 1303 cognoscetis
1197 1272 1256 1298 eos,
1263 1268 1314 1300 eet.
1326 1262 1415 1301 Supra
1427 1271 1487 1290 maii
1525 1262 1565 1291 vit
1575 1273 1644 1302 apo-

901 1303 978 1333 stolis
988 1303 1044 1333 suis
1055 1302 1196 1337 Dominus,
1207 1312 1240 1331 ne
1250 1301 1431 1341 eleemosynas
1443 1301 1541 1330 faciant
1554 1312 1645 1331 coram

902 1341 1067 1378 hominibus,
1079 1342 1113 1378 ut,
1121 1341 1264 1373 videantur
1276 1340 1311 1369 ab
1322 1340 1371 1378 eis,
1387 1340 1456 1369 sicut
1471 1340 1620 1380 hypocritae
1634 1353 1641 1369 z

901 1389 928 1412 et
941 1389 972 1412 ut
984 1393 1018 1419 ne
1030 1388 1117 1418 orent,
1132 1387 1162 1411 ut
1182 1381 1217 1410 ab
1230 1379 1386 1410 hominibus
1409 1379 1563 1416 videantur,
1575 1380 1644 1410 sicut

110 1425 156 1448 tur
167 1426 298 1458 quantum
307 1419 343 1449 ad
360 1432 467 1451 carnem
478 1418 618 1453 ambulare
631 1432 679 1461 per
689 1420 768 1450 eam?
785 1421 848 1450 Haec
865 1431 884 1455 c
900 1422 1047 1462 hypocritae
1063 1434 1070 1450 :
1086 1428 1112 1450 et
1124 1427 1155 1450 ut
1166 1431 1200 1449 ne
1209 1420 1331 1465 jejunent
1344 1428 1432 1448 coram
1440 1419 1603 1450 ‚hominibus
1616 1431 1644 1449 se

110 1465 199 1488 autem
209 1459 319 1499 justitiae
332 1462 377 1491 via
390 1468 501 1499 angusta
515 1461 635 1500 primum
653 1471 700 1490 nec
714 1460 790 1490 facile
803 1460 850 1490 vi-

109 1498 190 1529 detur
201 1510 207 1526 =
219 1507 244 1533 et
256 1499 317 1530 ideo
326 1499 376 1539 ⁴qui
388 1501 449 1530 vult
461 1501 559 1529 intrare
570 1500 597 1529 in
608 1511 678 1536 eain,
692 1510 798 1529 necesse
810 1506 850 1528 est

92 1555 97 1562 ·
110 1545 141 1568 ut
149 1539 346 1580 aliquantulum
363 1546 489 1578 evagetur
502 1539 529 1567 in
544 1539 588 1568 via
599 1539 646 1570 illa
657 1538 783 1583 spatiosa,
798 1538 848 1567 do·
867 1572 869 1574 q

110 1585 160 1607 nec
178 1584 239 1607 ante
256 1577 426 1607 considerans
450 1577 595 1616 aliquando
616 1579 738 1608 inveniat·
747 1578 824 1606 istam
838 1589 848 1605 .-

110 1625 137 1646 et
147 1628 208 1646 cum
221 1617 358 1650 intraverit
372 1617 398 1646 in
408 1627 477 1653 eam,
490 1627 542 1645 non
554 1624 636 1656 prout
647 1616 719 1653 vult,
732 1616 797 1656 agit,
807 1617 850 1646 Ex

110 1657 185 1686 omni
195 1657 267 1686 enim
277 1663 353 1696 parte
359 1663 558 1696 coangustatur,
567 1658 602 1685 ita
610 1663 640 1685 ut
652 1656 777 1696 poeniteat
787 1666 850 1685 eum

110 1695 223 1726 intrasse
235 1695 263 1725 in
276 1706 345 1725 eam.
361 1696 510 1726 Ambulant
521 1696 593 1725 enim
604 1696 704 1732 tristes,
717 1696 848 1734 lugentes,

107 1737 270 1776 jejunantes,
283 1736 332 1764 etsi
356 1735 545 1770 manducantes
568 1742 595 1765 et
616 1735 748 1771 hibentes,
761 1741 850 1765 tamen

112 1785 165 1804 non
186 1775 244 1804 sine
268 1775 326 1814 lege
342 1775 446 1804 timoris
462 1774 652 1805 manducantes
671 1781 698 1804 et
715 1774 848 1804 bibentes.

112 1814 260 1844 Ambulant
269 1825 410 1854 pauperes,
418 1815 467 1845 etsi
473 1814 582 1851 divites,
589 1824 642 1843 non
649 1814 712 1850 sibi,
719 1813 847 1843 sedaliis:

112 1854 199 1885 aliena
208 1864 261 1884 non
277 1860 421 1893 tangentes,
439 1865 486 1884 sua
499 1853 690 1894 dispergentes.
704 1850 856 1882 Ambulant.

111 1894 188 1931 casti,
197 1894 245 1926 etsi
261 1904 324 1923 cum
343 1893 486 1928 uxoribus,
499 1901 587 1926 tamen
601 1903 656 1922 non
667 1893 723 1922 sine
735 1892 804 1932 legis
816 1893 851 1922 ti-

111 1944 186 1963 more
204 1939 322 1962 amorem'
339 1943 419 1969 suum
441 1932 636 1978 dispergentes,
647 1951 650 1955 ·
661 1932 850 1972 blasphemati,

106 1973 238 2013 ⁴injuriam
252 1973 334 2013 passi,
348 1979 374 2002 et
382 1972 500 2012 spoliati.
511 1974 551 2018 Et·
559 1983 639 2012 quem
654 1982 705 2002 non
714 1972 850 2012 poeniteat,

111 2019 241 2057 quantum
251 2012 287 2041 ad
297 2020 412 2048 carnem,
424 2019 536 2042 intrasse
544 2023 571 2041 in
586 2012 663 2042 eam?
677 2012 713 2042 Et
723 2012 853 2041 ne·mire·-
870 2024 890 2047 1)
902 2014 990 2046 stiunt
1002 2011 1061 2052 lupi
1067 2021 1186 2051 rapaces.
1196 2010 1282 2040 Nulla
1291 2017 1378 2039 autem
1389 2021 1430 2039 res
1441 2009 1479 2038 sic
1488 2010 1646 2039 exterminat

114 2063 154 2081 ris
162 2052 226 2091 quia
238 2051 309 2087 dixi,
320 2062 400 2091 quem
408 2062 460 2082 non
471 2052 595 2092 poeniteat
603 2052 713 2081 intrasse
722 2062 770 2091 per
781 2062 850 2086 eain,

0 2095 106 2138 papa.
118 2091 182 2120 audi
197 2102 246 2131 pro
266 2092 353 2121 hetam
364 2091 495 2122 dicentem
507 2104 514 2120 z
525 2093 586 2121 Mei
596 2098 693 2121 autem
702 2102 775 2131 pene
784 2093 854 2120 moti

120 2137 189 2160 sum
198 2141 234 2170 pe
271 2141 295 2168 s,
307 2141 380 2170 pene
393 2131 485 2173 effusi
498 2138 565 2161 sunt
578 2141 690 2171 gressus
704 2132 769 2166 mei,
784 2133 855 2171 quia

121 2170 217 2200 zelam·
236 2172 268 2199 i'n
279 2172 487 2209 peccatoribus,
500 2181 602 2210 pacem
613 2175 796 2210 peccatorum
811 2172 854 2199 vi-

120 2210 203 2239 dens.
219 2208 285 2238 Ideo
303 2210 565 2239 videntes'homines
577 2210 646 2240 hanc
661 2209 817 2239 tribulatam
830 2217 857 2239 et

68 2278 73 2282 ,
119 2255 259 2288 angustam
272 2248 355 2284 viani,
367 2249 445 2278 multi
459 2249 586 2278 recedunt
607 2250 641 2278 ab
655 2260 696 2285 ea,
709 2257 735 2279 et
745 2248 856 2287 quidam

120 2288 155 2317 ab
175 2288 263 2322 initio,
278 2298 326 2317 nec
347 2287 527 2317 accedunt-ad
544 2298 614 2325 eam,
627 2299 675 2318 nec
690 2289 787 2318 volunt
798 2298 857 2317 eam

120 2327 223 2358 videre.
238 2326 357 2364 Quidam
371 2334 459 2356 antem
472 2328 686 2368 concupiscentes
694 2327 791 2357 volunt
799 2337 857 2356 eam

120 2365 223 2402 videre,
236 2374 262 2396 et
273 2366 402 2396 accedunt
414 2365 448 2395 ad
461 2377 520 2395 eam
534 2378 541 2400 ;
557 2366 604 2395 sed
613 2366 680 2396 dum
691 2366 859 2397 considerant

121 2406 256 2445 angustias
269 2413 294 2435 et
308 2406 411 2435 labores
422 2402 491 2445 ejus,
503 2405 630 2435 recedunt
638 2406 672 2434 ab
683 2416 724 2435 ea.
741 2402 797 2435 Alii
809 2417 857 2435 au-

122 2451 176 2474 tem
184 2445 349 2483 audaciores,
359 2445 490 2475 etintrant
500 2446 526 2474 in
535 2456 608 2482 eam;
621 2445 667 2474 scd
678 2452 781 2485 postea,
791 2445 858 2475 dum
877 2454 879 2456 '

123 2493 175 2513 non
188 2485 318 2514 sustinent
328 2485 431 2514 labores
442 2491 467 2514 et
480 2485 616 2524 angustias
626 2484 696 2524 ejus,
705 2485 806 2515 *iterum
817 2496 860 2515 re-

901 1461 1078 1496 ostendentes,
1091 1460 1160 1490 sicut
1184 1460 1286 1489 faciunt
1311 1458 1480 1498 hypocritae:
1505 1465 1531 1488 et
1550 1459 1644 1489 docuit

902 1500 975 1536 illos,
993 1507 1068 1530 utne
1079 1499 1176 1528 faciant
1186 1499 1236 1533 sic,
1250 1505 1277 1527 et
1289 1497 1417 1527 instruxit
1435 1508 1490 1533 eos,
1524 1498 1567 1526 uia
1581 1509 1643 1538 pos-

903 1539 984 1569 sibile
1006 1546 1045 1568 est
1063 1538 1090 1567 in
1103 1537 1242 1578 hypocrisi
1260 1544 1286 1566 et
1305 1536 1485 1575 eleemosynas
1513 1547 1599 1574 acere,
1616 1545 1643 1567 et

902 1589 990 1615 orare,
1006 1585 1033 1607 et
1049 1577 1172 1616 jejunare
1188 1588 1195 1604 ε
1240 1582 1330 1616 ropter
1342 1575 1415 1614 quod
1436 1575 1512 1614 quasi
1529 1577 1586 1615 jam
1606 1576 1642 1606 ad

903 1618 925 1656 ἦ·
934 1623 1131 1657 cognoscentes,
1146 1615 1209 1655 quia
1220 1587 1281 1644 liaec
1292 1615 1382 1644 omnia
1392 1614 1419 1643 in
1434 1614 1451 1643 h
1473 1615 1570 1654 poci-isi
1582 1615 1640 1645 fieri
1683 1630 1696 1655 †
1711 1633 1794 1655 mgnu-

903 1664 1029 1698 possunt,
1049 1655 1171 1694 loquitur
1194 1654 1287 1683 dicens
1308 1666 1315 1683 ε
1342 1654 1436 1683 Auen
1458 1655 1498 1683 ite
1515 1664 1535 1683 a
1546 1655 1641 1694 salsis
1651 1659 1766 1680 scendum.

900 1697 1057 1737 prophetis,
1072 1696 1124 1735 qui
1138 1696 1263 1724 veniunt
1280 1694 1322 1723 ad
1337 1704 1392 1722 vos
1409 1695 1441 1722 in
1461 1697 1643 1724 vestimentis

904 1731 1013 1772 ouium,
1028 1737 1065 1765 ab
1079 1737 1158 1770 ¹intus
1174 1740 1270 1771 autem
1284 1739 1351 1762 sunt
1361 1733 1424 1778 lupi
1431 1743 1559 1772 rapaces.
1575 1735 1643 1771 Quae

905 1782 966 1805 sunt
997 1774 1165 1807 vestimenta¹
1184 1772 1267 1802 ovilia
1282 1772 1296 1801 ἓ
1320 1773 1427 1812 Species
1457 1771 1583 1802 videlicet
1606 1773 1642 1802 si-

904 1815 1012 1845 mulatae
1034 1814 1081 1844 reli
1104 1813 1183 1843 'oni's.
1209 1812 1385 1852 Eleemosyna
1411 1811 1535 1841 simulata
1560 1813 1642 1843 vesti·

905 1861 1024 1884 mentum
1041 1824 1114 1884 ovile
1126 1855 1176 1889 est,
1192 1862 1245 1881 non
1260 1862 1328 1891 opus
1341 1851 1421 1881 ovile.
1442 1851 1536 1881 Oratio
1557 1852 1643 1881 simu-

905 1895 958 1924 lata
982 1893 1169 1924 vestimentum
1188 1891 1261 1921 ovile
1283 1898 1332 1928 est,
1346 1901 1398 1921 non
1420 1901 1488 1930 opus
1507 1891 1588 1921 ovile.
1603 1893 1644 1922 Je-

904 1933 1012 1974 junium
1023 1932 1179 1962 simulatum
1185 1931 1372 1960 vestimentum
1381 1931 1452 1960 ovile
1458 1937 1508 1965 est,
1515 1941 1567 1960 non
1576 1942 1644 1971 opus

907 1973 978 2003 ovile
1004 1983 1010 2000 =
1026 1979 1052 2002 et
1070 1978 1169 2001 caeterae
1183 1970 1284 2010 species
1308 1970 1425 2010 pietatis,
1440 1970 1539 2008 quibus
1553 1981 1581 2000 se
1602 1981 1646 2000 ve-

1685 2021 1747 2044 Nihil
1766 2021 1796 2041 sic

906 2053 1019 2086 bonum,
1035 2048 1262 2090 quemadmodum
1278 2049 1433 2079 simulatum
1449 2049 1559 2078 honum.
1577 2051 1646 2080 Nam
1654 2055 1737 2075 bonum
1748 2051 1796 2086 1¹⁰¹,-

908 2091 1078 2121 manisestum
1089 2089 1192 2119 malum
1203 2089 1280 2128 quasi
1292 2089 1394 2118 malum
1405 2089 1509 2128 sugitur
1521 2096 1547 2118 et
1565 2100 1646 2119 cave—
1655 2085 1682 2106 ¹³²
1714 2088 1739 2105 ¹¹²
1769 2089 1797 2103 ⁵¹·

909 2138 954 2160 tui·
967 2142 973 2159 ι
989 2130 1091 2159 malum
1101 2136 1190 2159 autem
1201 2129 1251 2159 sub
1261 2129 1348 2169 specie
1362 2129 1424 2167 boni
1438 2128 1566 2166 celatum,
1581 2128 1647 2157 dum
1655 2115 1770 2168 ζὀᾚὲζω

910 2180 963 2200 non
981 2169 1161 2208 cognoscitur,
1181 2178 1231 2198 nec
1249 2175 1368 2205 cavetur,
1380 2167 1429 2197 sed
1450 2168 1524 2206 quasi
1545 2168 1648 2197 bonum

910 2209 1073 2250 suscipitur,
1091 2215 1117 2238 et
1131 2207 1192 2238 ideo
1212 2209 1384 2248 conjunctum
1397 2207 1468 2236 bono
1491 2207 1651 2236 exterminat

910 2249 1024 2278 bonum.
1039 2248 1085 2279 Sic
1097 2248 1170 2285 servi
1188 2246 1291 2277 diaboli
1304 2254 1368 2276 tunc
1383 2246 1499 2289 pessime
1513 2246 1649 2274 Christia-

912 2289 1021 2318 nitatem
1030 2293 1216 2328 corrumpunt,
1224 2286 1332 2326 quando
1342 2297 1370 2315 se
1380 2285 1506 2314 simulant
1520 2285 1650 2314 Christia-

912 2338 961 2357 nos
973 2338 980 2355 ε
995 2327 1135 2367 dequibus
1146 2326 1270 2356 admonet
1282 2325 1348 2354 disci
1373 2325 1431 2353 ulos
1440 2334 1501 2352 suos
1515 2323 1649 2359 Christus,

908 2366 997 2407 magis
1007 2373 1095 2397 autem
1109 2377 1160 2396 nos
1172 2376 1263 2395 omnes
1275 2376 1323 2404 per
1341 2365 1350 2392 i
1364 2364 1402 2392 los
1413 2362 1504 2391 dicens
1519 2362 1652 2406 :stum-

907 2407 973 2436 dite
985 2417 1005 2436 a
1021 2406 1108 2445 falsis
1118 2405 1263 2445 prophetis
1278 2416 1288 2432 .·
1301 2403 1364 2441 quia
1385 2412 1479 2440 magna
1491 2404 1502 2416 ³
1515 2407 1601 2430 virtus
1614 2407 1654 2429 est

912 2446 1052 2476 hominum
1066 2454 1222 2485 cognoscere
1235 2443 1348 2477 malum,
1358 2448 1385 2470 et
1396 2441 1471 2469 firma
1486 2439 1568 2469 tutela
1581 2439 1654 2468 salu-

913 2485 948 2515 tis
960 2485 1001 2515 est
1012 2485 1080 2517 scire
1091 2494 1171 2524 quem
1182 2482 1278 2522 fugias.
1296 2480 1409 2511 Haeresis
1423 2478 1534 2518 quidem
1545 2479 1653 2518 pericu—
1664 2491 1723 2509 xciii

160 2583 169 2594 ι
189 2575 218 2599 V.
229 2576 259 2602 Π.
273 2582 297 2600 et
307 2575 375 2602 Editi
387 2576 411 2602 in
426 2585 504 2609 marg.
520 2577 599 2601 vinus
615 2582 651 2602 esc
662 2576 722 2601 boni
732 2585 875 2607 eoquoscere
883 2577 984 2602 malurn.
